4124 6428
395 435 508 496 151

1712 430 2150 497 MENOLOGll
2195 430 2393 492 PARS
2438 429 2486 489 Ι.

3691 431 3809 491 152

395 566 644 634 imitata,
676 583 985 639 nunquam
1003 567 1075 624 ab
1096 567 1365 623 ecclesiis
1387 567 1489 622 Dei
1512 565 1885 641 discedebat:
1920 566 2039 621 imo

2173 561 2289 629 ιινὶ,
2324 560 2555 633 ὀνόματι
2588 557 2834 634 Εὖγενίᾳ,
2861 559 2952 613 καὶ
2982 560 3081 628 τήν
3133 558 3303 629 αὐτῆς
3354 556 3651 630 ζηλώσασα
3698 578 3812 616 πο-

400 655 760 723 ardentiore,
790 673 969 727 quam
1002 656 1126 721 illa,
1156 672 1293 727 erga
1341 656 1529 710 Deum
1556 654 1751 709 studio
1782 655 2048 720 incensa,

397 763 531 801 cum
565 746 883 817 aliquando
906 762 1111 801 vocem
1134 746 1299 801 illam
1323 744 1504 800 divini
1536 745 1833 817 Evangelii
1860 744 2055 799 audis-

398 840 524 890 set:
557 836 664 900 Qui
691 835 812 890 vult
841 835 1039 890 venire
1062 841 1196 906 post
1223 852 1337 902 me,
1363 834 1618 907 abneget
1638 835 2048 905 semetipsum,

397 930 455 979 et
483 925 653 979 tollat
682 942 917 981 crucem
951 942 1142 990 suam,
1176 930 1234 980 et
1271 931 1556 996 sequatur
1583 941 1679 979 me
1706 941 1718 979 :
1750 924 1934 979 ﬁliam
1964 924 2052 979 fe-

395 1014 572 1070 minae
605 1014 841 1070 cuidam
865 1015 975 1087 ρίω
1004 1014 1377 1071 educandam
1408 1013 1688 1081 tradidit;
1721 1014 2050 1085 relictoque

394 1105 537 1171 viro,
564 1111 622 1159 et
644 1111 880 1177 sumpto
905 1106 1057 1160 virili
1080 1105 1308 1172 habitu,
1333 1123 1461 1161 sese
1483 1106 1545 1160 in
1571 1105 1761 1160 sancti
1784 1103 2049 1159 Bassiani

396 1196 824 1251 monasterium
857 1197 1100 1268 recepit,
1128 1198 1520 1252 monasticam
1546 1196 1722 1250 vitam
1753 1194 2045 1265 amplexa.

394 1286 609 1340 Verum
640 1285 741 1340 ubi
774 1287 1009 1359 cognita
1056 1291 1147 1341 est
1191 1286 1415 1342 femina
1445 1303 1594 1351 esse,
1629 1301 1664 1340 a
1693 1290 1896 1340 sancto
1927 1285 2048 1338 viro

394 1373 802 1445 Hierosolyma
858 1374 1152 1441 mittitur;
1213 1374 1371 1430 unde
1419 1379 1554 1446 post
1599 1373 1829 1444 aliquot
1858 1389 2049 1427 annos

390 1463 964 1537 Constantinopolim
993 1482 1250 1538 reversa,
1282 1465 1609 1522 solitariam
1635 1481 1814 1537 agens
1847 1464 2047 1535 vitam,

392 1552 667 1610 decessit.

955 1844 1199 1901 EODEM
1236 1844 1386 1900 ΜΕΝ
1392 1844 1493 1899 SE.

1068 1934 1172 1989 Die
1211 1949 1372 1990 nona

396 2022 550 2078 I76
581 2021 867 2078 Certamen
906 2025 1099 2080 sancti
1146 2026 1411 2093 martyris
1464 2022 1776 2079 Alexandri
1828 2021 2058 2078 Thessa-

1070 2095 1376 2150 lonicensis.

471 2182 808 2239 Alexander
838 2188 1084 2255 martyr,
1108 2183 1469 2238 Maximiano
1500 2183 1880 2254 imperatore,
1905 2198 2062 2237 com-

398 2271 754 2343 prehensus,
789 2271 1108 2345 cogebatur
1164 2272 1342 2327 idolis
1398 2288 1566 2327 sacra
1618 2271 1853 2327 facere:
1903 2269 2060 2341 quod

395 2360 628 2416 facinus
678 2367 1040 2432 exsecratus,
1090 2359 1407 2433 divinoque
1454 2361 1581 2416 zelo
1631 2360 2056 2427 inﬂammatus,

395 2448 549 2505 facto
582 2450 643 2505 in
672 2451 1104 2507 sacriﬁciorum
1145 2468 1415 2507 mensam
1465 2451 1711 2523 impetu,
1748 2466 1879 2506 eam
1910 2448 2060 2521 pede

397 2539 648 2610 pulsans
700 2541 927 2608 evertit,
961 2541 1349 2612 victimasque
1400 2541 1625 2596 effudit.
1665 2542 1855 2606 Quare
1886 2540 2062 2595 vehe—

404 2635 640 2686 menter
695 2635 1028 2686 commotus
1081 2631 1471 2686 Maximianus
1527 2629 1958 2702 pronuntiavit,
1997 2631 2063 2683 ut

402 2724 665 2775 extremo
698 2720 1038 2776 afﬁceretur
1068 2720 1382 2793 supplicio.
1407 2722 1553 2776 Cum
1583 2721 1764 2793 igitur
1790 2718 2060 2775 districto

402 2809 727 2880 spiculator
756 2809 951 2883 gladio
975 2809 1196 2866 collum
1221 2810 1409 2867 sancti
1432 2810 1537 2865 viri
1567 2814 1818 2882 peteret,
1843 2822 2059 2880 repen-

399 2898 525 2953 tino
559 2904 799 2970 stupore
829 2900 1138 2971 perculsus
1194 2906 1301 2955 est.
1356 2900 1461 2956 Cui
1510 2900 1875 2972 imperator:
1910 2896 2061 2964 Quid

402 2992 543 3056 stas,
575 2988 790 3059 inquit,
823 2993 881 3044 et
909 3005 1091 3061 quare
1139 2989 1487 3046 mandatum
1521 3006 1641 3045 non
1673 2988 2016 3060 exsequeris
2036 2988 2064 3044 ?

402 3077 507 3133 Ille
530 3094 664 3133 vero
690 3093 703 3132 :
726 3080 844 3151 Ego
873 3079 1161 3135 visionem
1183 3080 1409 3147 videns,
1434 3095 1649 3152 magno
1674 3095 1805 3135 sum
1826 3076 2061 3150 percul-

403 3184 504 3222 sus
532 3171 718 3225 metu.
772 3167 885 3224 Sed
936 3185 1071 3224 cum
1121 3173 1362 3225 sanctus
1410 3168 1485 3224 ad
1529 3167 1824 3224 orandum
1854 3167 2063 3222 horam

401 3257 672 3328 petiisset
711 3262 889 3329 atque
933 3258 1378 3330 impetransset,
1430 3262 1556 3313 tum
1605 3257 1870 3325 demum,
1901 3260 2062 3328 post-

401 3362 581 3417 quam
613 3347 818 3416 oravit,
852 3363 887 3404 a
915 3347 1274 3419 spiculatore
1323 3363 1641 3420 percussus
1688 3346 1839 3401 fuit:
1891 3346 2064 3418 cujus

401 3436 660 3492 animam
694 3454 728 3493 a
754 3442 1010 3509 quatuor
1037 3437 1265 3511 angelis
1295 3437 1552 3494 sublime
1580 3437 1722 3492 ferri
1754 3435 2058 3507 conspica-

401 3526 943 3595 tusMaximianus,
1003 3527 1299 3600 permisit,
1357 3533 1426 3583 ut
1484 3528 1613 3600 ejus
1666 3525 1937 3597 reliquiae
1994 3524 2058 3579 in
2103 3539 2105 3542 ‘

402 3617 549 3673 urbe
577 3617 1000 3674 Thessalonica
1029 3618 1303 3691 sepulcro
1336 3617 1723 3674 inferrentur.

1043 3812 1268 3870 Eodem
1325 3812 1423 3868 die

582 3905 624 3959 1
641 3905 681 3959 ’1
694 3905 735 3960 7
770 3904 1052 3960 Certamen
1079 3906 1261 3960 sancti
1283 3905 1546 3975 martyris
1586 3903 1878 3958 Antonini.

479 3992 818 4049 Antoninus
848 3998 1075 4066 martyr
1103 4009 1175 4049 ex
1213 3994 1455 4067 regione
1488 3993 1769 4065 Syrorum
1798 3991 1931 4058 fuit,
1962 3991 2057 4047 la-

406 4081 732 4152 picidinam
789 4087 979 4140 artem
1037 4100 1340 4140 exercens.
1399 4084 1544 4138 Cum
1601 4086 1797 4138 autem
1836 4080 2063 4137 videret

408 4172 640 4229 Graecos
667 4171 874 4228 fanum
921 4171 1216 4228 idolorum
1263 4173 1582 4245 ingressos,
1626 4171 1924 4242 idolisque
1963 4186 2060 4225 sa-

405 4263 765 4333 criﬁcantes,
795 4263 1145 4320 hortabatur
1174 4281 1295 4333 eos,
1328 4268 1394 4318 ut
1432 4263 1505 4319 ab
1538 4279 1608 4319 ea
1636 4260 2060 4334 superstitione

402 4352 772 4410 recederent.
793 4352 905 4409 Sed
926 4369 1061 4409 cum
1084 4352 1235 4408 nihil
1252 4351 1503 4408 dicendo
1521 4351 1808 4419 efﬁceret,
1828 4350 1886 4404 id
1909 4365 2061 4422 aegre

400 4443 621 4510 ferens,
664 4459 933 4499 eremum
991 4443 1199 4515 petiit;
1258 4447 1587 4512 nactusque
1640 4440 2061 4497 anachoretam

405 4532 727 4605 quemdam
750 4533 854 4588 Dei
877 4549 1132 4599 servum,
1152 4532 1523 4587 Theotimum
1548 4528 2062 4596 nomine,biennio

407 4622 563 4694 apud
583 4636 721 4677 eum
734 4621 972 4677 mansit.
989 4623 1128 4693 Ejus
1142 4627 1349 4692 postea
1365 4624 1609 4692 accepta
1623 4618 2059 4683 benedictione,

2079 1937 2127 2003 B

2168 651 2398 721 λιτείαν,
2458 650 2557 707 οὐκ
2607 649 2868 728 ἀφίστατο
2938 655 3046 704 τῶν
3134 650 3442 721 ἐκκλησιῶν
3508 654 3606 705 τοῦ
3661 656 3818 710 Θεοῦ.

2170 750 2419 818 ’Έχουσα
2449 741 2507 798 δὲ
2533 743 2625 798 τὸν
2653 743 2789 818 πρὸς
2841 742 2970 797 Θεὸν
3017 739 3195 818 ἔρωτα
3250 742 3418 813 αὐτῆς
3471 742 3822 819 θερμότερον,

2174 833 2267 888 καὶ
2323 834 2596 888 ἀκούσασα
2649 835 2748 888 τοῦ
2812 832 2957 887 θείου
3014 831 3380 908 Εὐαγγελίου.
3438 838 3623 896 Ὅστις
3678 834 3822 890 θέλει

2166 922 2340 977 ὀπίσω
2386 943 2491 995 μου
2551 920 2750 991 ἐλθεῖν,
2812 918 3093 997 λέγοντος,
3140 922 3544 999 ἀπαρνησάσθω
3602 924 3819 996 ἑαυτὸν,

2162 1013 2250 1067 καὶ
2285 1012 2467 1084 ἀράτω
2496 1011 2589 1066 τὸν
2625 1012 2854 1086 σταυρὸν
2885 1010 3074 1084 αὐτοῦ,
3133 1012 3222 1067 καὶ
3285 1011 3659 1077 ἀκολουθείτω
3717 1034 3827 1087 μα-

2162 1102 2261 1170 τὴν
2326 1101 2421 1173 μὶν
2470 1099 2735 1177 θυγατέρα
2797 1100 3079 1177 παρέδωκε
3144 1100 3362 1176 γυναικί
3438 1122 3545 1157 τινι
3604 1097 3829 1158 εὐλαϐεῖ

2163 1192 2294 1267 παρ’
2356 1189 2567 1261 ἐκείνης
2627 1189 3035 1269 ἀνατρέφεσθαι·
3095 1191 3187 1246 τὸν
3248 1187 3307 1245 δὲ
3364 1188 3529 1267 ἄνδρα
3595 1189 3828 1247 καταλιο

2164 1284 2361 1349 ποῦσα,
2421 1279 2512 1335 καὶ
2569 1277 2772 1348 στολὴν
2827 1277 3089 1354 ἀνδρικὴν
3151 1277 3511 1354 ἐνδυσαμένη,
3580 1278 3826 1349 ἀπῆλθεν

2166 1368 2240 1431 εἷς
2299 1370 2400 1437 τήν
2463 1369 2636 1442 μονὴν
2686 1372 2784 1425 τοῦ
2846 1368 2999 1424 ὁσίου
3087 1373 3411 1442 Βασσιανοῦ,
3469 1370 3558 1425 καὶ
3619 1368 3829 1445 ἐγένετο

2167 1458 2410 1533 μοναχή.
2467 1461 2600 1513 Εἶτα
2655 1459 2957 1534 γνωσθεῖσα
3002 1459 3139 1534 γυνή
3204 1460 3364 1533 εἶναι,
3420 1458 3692 1533 πέμπεται
3753 1457 3834 1524 εἷς

2161 1545 2521 1622 Ἱεροσόλυμα
2577 1546 2723 1623 παρὰ
2776 1551 2873 1602 τοῦ
2930 1547 3105 1604 ὁσίου.
3162 1548 3261 1603 Καὶ
3346 1547 3482 1621 μετὰ
3565 1548 3826 1624 χρόνους,

2163 1634 2398 1701 ἐλθοῦσα
2454 1633 2620 1691 πάλιν
2682 1635 2758 1699 εἰς
2842 1635 3432 1709 Κωνσταντινούπολιν,
3523 1639 3613 1693 καὶ
3668 1635 3832 1700 ῗδίως

2162 1726 2513 1804 ¹ἢσυχοὶσασα,
2543 1725 2862 1800 ἐτελειώθη.

2721 1838 2907 1895 MHNI
2946 1839 3039 1895 ΤΩ
3077 1840 3272 1897 ΛῙἿὮ.

2970 1927 3024 1983 Θ,

2166 2013 2439 2082 Ἀθλησις
2492 2019 2590 2071 τοῦ
2643 2013 2802 2092 ἁγίου
2865 2016 3138 2093 μάρτυρος
3194 2013 3561 2093 Ἀλεξάνδρου
3614 2020 3714 2073 τοῦ
3772 2016 3828 2072 ἐν

2801 2087 3071 2143 Θεσσαλον
3080 2087 3190 2162 ίκῃ.

2236 2172 2590 2250 Ἀλέξανδρος
2649 2175 2676 2231 6
2735 2173 2939 2252 μάρτυς
3000 2176 3247 2253 ὑπῆρχεν
3305 2176 3393 2233 ἐπὶ
3479 2179 3832 2251 Μαξιμιανοῦ

2165 2268 2260 2320 τοῦ
2292 2262 2584 2339 βασιλέως·
2615 2265 2705 2320 καὶ
2764 2264 3081 2342 κρατηθεὶς,
3130 2265 3443 2341 ἠναγκάσθη
3504 2268 3659 2323 θῦσαι
3705 2272 3833 2331 τοῖς

2167 2350 2444 2417 εἰδώλοις.
2477 2355 2538 2413 Ὀ
2571 2351 2629 2409 δὲ
2660 2357 2737 2428 μή
2770 2354 3030 2424 πεισθεὶς,
3065 2352 3214 2411 ἀλλὰ
3246 2353 3460 2429 μᾶλλον
3492 2355 3619 2428 θείῳ
3670 2356 3835 2428 ζήλῳ

2165 2444 2426 2515 κινηθεὶς,
2461 2445 2550 2499 καὶ
2579 2441 2709 2499 ἰδὼν
2742 2444 2841 2513 τὴν
2872 2445 3145 2519 τράπεζαν
3200 2448 3312 2500 τῶν
3361 2450 3559 2509 θυσιῶν
3605 2441 3835 2518 ἱσταμέ-

2165 2555 2289 2604 νην,
2322 2530 2573 2609 ὥρμησε,
2603 2534 2693 2589 καὶ
2724 2537 2803 2607 τῷ
2832 2531 2962 2589 ποδὶ
2993 2533 3253 2608 κρούσας,
3302 2533 3584 2610 ἀνέτρεψεν
3632 2535 3833 2607 αὐτήν,

2166 2621 2381 2686 καὶτὰς
2413 2622 2594 2687 θυσίας
2642 2622 2841 2698 ἐξέχεε.
2898 2623 2999 2679 Καὶ
3060 2622 3329 2700 ὀργισθεὶς
3390 2625 3417 2679 6
3468 2624 3834 2698 Μαξιμιανὸς,

2168 2707 2338 2768 ἔδωκε
2365 2714 2465 2781 τὴν
2496 2716 2615 2770 κατ’
2646 2715 2814 2770 αὐτοῦ
2845 2714 3115 2793 ἀπόφασιν
3172 2718 3268 2770 τοῦ
3313 2712 3404 2770 διὰ
3450 2712 3636 2794 ξίφους
3684 2714 3833 2770 ἀπο-

2171 2808 2369 2868 θανεῖν,
2406 2804 2509 2860 Καὶ
2569 2798 2754 2860 Λαϐὼν
2806 2804 2966 2861 αὐτὸν
3025 2805 3053 2859 ὁ
3115 2801 3530 2880 σπεκουλάτωρ,
3588 2806 3676 2860 καὶ
3738 2804 3835 2861 ὲκ-

2170 2887 2356 2946 ϐαλὼν
2386 2894 2449 2948 τὸ
2475 2893 2648 2970 ξίφος,
2681 2894 2819 2969 πρὸς
2844 2894 2908 2950 τὸ
2967 2892 3389 2971 ἀποκεφαλίσαι,
3436 2892 3624 2950 ἳστατο
3671 2893 3837 2951 ἐκπε-

2170 2980 2518 3057 πληγμένος.
2551 2983 2647 3039 Καὶ
2707 2984 2853 3039 εἶπεν
2915 2985 2943 3039 6
3007 2981 3262 3059 βασιλεὺς
3320 2983 3457 3057 πρὸς
3512 2983 3700 3039 αὐτόν·
3762 2985 3838 3042 Τί

2168 3067 2424 3142 ἕστηκας,
2454 3072 2544 3127 καὶ
2576 3073 2642 3127 οὗ
2701 3070 2943 3148 πληροῖς
3000 3074 3062 3128 τὸ
3117 3071 3460 3148 προσταχθέν
3504 3092 3627 3143 σοι;
3678 3073 3740 3130 Ὁ
3779 3071 3840 3129 δὲ

2171 3157 2295 3238 ἔφη·
2330 3160 2623 3219 Ὀπτασίαν
2647 3162 2861 3238 θεωρῶ,
2919 3160 3010 3217 καὶ
3068 3161 3180 3235 είμὶ
3242 3158 3532 3238 ἔντρομος.
3584 3161 3838 3233 Αἷτησά-

2176 3269 2336 3322 μενος
2391 3246 2448 3304 δὲ
2503 3252 2531 3305 6
2590 3250 2748 3326 ἅγιος
2835 3250 2979 3326 ὥραν
3057 3257 3400 3327 προσευχῆς,
3466 3249 3555 3306 καὶ
3619 3246 3839 3323 λαϐὼν,

2168 3333 2392 3411 ηὔξατοι
2424 3339 2515 3393 καὶ
2548 3337 2746 3416 εῷθέως
2801 3337 3017 3416 ἐπλήγη
3070 3340 3173 3395 ὑπὸ
3223 3343 3321 3394 τοῦ
3367 3338 3838 3415 σπεκουλάτορος.

2163 3424 2289 3484 Εἶδε
2321 3424 2378 3482 δὲ
2418 3428 2445 3482 6
2505 3413 2761 3503 βασιλεὺς
2818 3413 3081 3503 τέσσαρας
3140 3427 3408 3505 ἀγγέλους
3471 3413 3841 3502 ὀψικεῦοντας

2161 3517 2262 3586 τήν
2296 3517 2482 3592 ψυχὴν
2514 3520 2612 3571 τοῦ
2644 3515 2825 3593 ἁγίου.
2859 3517 2957 3572 Καὶ
2991 3515 3081 3573 διὰ
3108 3521 3272 3573 τοῦτο
3323 3515 3526 3573 δέδωκε
3574 3524 3695 3581 τοῖς
3745 3519 3837 3575 αἲ-

2161 3608 2515 3682 τησαμὲνοις,
2541 3609 2704 3684 θάψαι
2735 3609 2799 3665 τὸ
2849 3607 3108 3683 λείψανον
3160 3607 3324 3664 αὖτοῦ
3378 3606 3431 3664 ἐν
3488 3606 3650 3664 πόλει
3696 3615 3837 3665 Θεσ-

2164 3694 2482 3770 σαλονίκης.

2751 3809 2837 3881 Τῇ
2878 3804 3014 3882 αὐτῇ
3056 3806 3239 3881 ἡμέρᾳ

2353 3894 2617 3968 ’Λθλησις
2649 3901 2745 3952 τοῦ
2774 3896 2929 3970 ἁγίου
2964 3898 3236 3973 μάρτυρος
3267 3896 3628 3954 ’Δντωνίνου.

2240 3986 2564 4048 Ἀντωνῖνος
2606 3986 2633 4041 6
2676 3987 2880 4061 μάρτυς
2925 3986 3174 4063 ὑπῆρχεν
3219 3982 3282 4040 ἐκ
3322 3990 3424 4055 τῆς
3459 3989 3567 4041 τῶν
3629 3986 3837 4060 Σύρων

2174 4077 2385 4151 χώρας,
2420 4072 2717 4149 λιθοτόμος
2744 4077 2845 4145 τήν
2870 4073 3092 4152 τέχνην.
3127 4072 3283 4132 Ἰδὼν
3337 4072 3397 4129 δὲ
3436 4074 3564 4138 τοὺς
3619 4073 3841 4146 ’Έλλη-

2168 4184 2263 4225 νας
2311 4161 2725 4240 ἀπερχομένους
2777 4163 2855 4227 sic
2912 4165 3006 4219 τὸν
3065 4164 3192 4219 ναὸν
3241 4167 3351 4219 τῶν
3410 4160 3680 4233 εἰδώλων,
3739 4166 3837 4221 καὶ

2169 4252 2398 4317 θύοντας
2426 4258 2542 4315 τοῖς
2594 4250 2871 4322 εἰδώλοις,
2932 4252 3234 4329 παρῄνεσεν
3295 4252 3485 4314 αὐτοῖς
3532 4252 3841 4319 ἀποστῆναι

2166 4341 2369 4397 αὐτῶν.
2405 4343 2491 4404 Ὠς
2544 4339 2602 4397 δὲ
2657 4342 2757 4398 οὐκ
2816 4341 3170 4418 εἷσηκρύσθη,
3231 4339 3499 4411 λυπηθεὶς
3543 4340 3843 4417 ἀνεχώρη-

2169 4451 2252 4486 σεν
2288 4430 2363 4493 εἰς
2392 4427 2598 4506 ἔρημον
2632 4432 2823 4487 τόπον·
2879 4430 2971 4487 καί
3022 4430 3260 4506 εὑρίσκει
3311 4427 3509 4486 δοῦλον
3554 4433 3652 4486 τοῦ
3699 4436 3845 4487 Θεοῦ

2170 4521 2562 4595 ἀναχωρητὴν,
2595 4518 2827 4595 ὁδόματι
2874 4520 3163 4595 Θεότιμον,
3217 4519 3308 4575 καὶ
3360 4518 3451 4575 σὺν
3520 4518 3667 4591 αὐτῷ
3716 4517 3845 4577 δια-

2165 4609 2362 4685 τρίψας
2393 4606 2486 4681 ἔτη
2523 4608 2641 4681 δύο,
2697 4611 2787 4665 καὶ
2848 4605 3031 4667 λαϐὼν
3087 4611 3187 4672 τάς
3243 4609 3411 4685 εὐχὰς
3469 4608 3656 4677 αὐτοῦ,
3714 4630 3849 4665 κατ-

406 4711 469 4767 in
499 4712 753 4784 patriam
791 4711 864 4767 ad
908 4712 1193 4783 pOpulum
1240 4711 1556 4784 praestigiis
1600 4710 1941 4766 daemonum
1973 4727 2058 4765 se-

2173 4698 2309 4770 ἦλθε
2338 4700 2504 4756 πάλιν
2532 4703 2668 4777 πρὸς
2700 4703 2793 4758 τὸν
2821 4699 3237 4775 πεπλανημένον
3297 4699 3429 4757 λαὸν
3476 4705 3573 4756 τοῦ
3617 4702 3845 4777 χωρίου

409 4801 653 4857 ductum
699 4818 993 4870 reversus,
1040 4801 1289 4857 oﬁ‘endit
1339 4809 1441 4857 e05
1488 4801 1705 4857 festum
1750 4799 2062 4856 dtemoniis

411 4889 570 4945 diem
626 4905 842 4962 agere:
901 4890 1325 4963 ingressusque
1381 4890 1609 4954 fanum,
1672 4888 1831 4944 idola
1861 4889 2065 4944 omnia

409 4979 780 5034 comminuit.
805 4978 1199 5044 Quamobrem
1221 4978 1689 5051 comprehensus
1719 4977 2064 5049 gravissime

409 5068 676 5124 caeditur.
702 5069 926 5125 Deinde
957 5072 1280 5140 Apameam
1314 5067 1494 5140 Syriae
1525 5068 1846 5140 profectus,
1871 5083 2007 5123 cum
2030 5082 2065 5121 δ.

409 5160 784 5216 sanctissimo
834 5161 1110 5233 episcOpo
1161 5160 1560 5232 impetrasset,
1593 5163 1659 5213 ut
1688 5162 1905 5214 sanctae
1936 5157 2062 5213 Triv

406 5249 578 5306 nitati
637 5250 925 5321 templum
994 5248 1296 5317 conderet,
1342 5247 1626 5320 jactaque
1678 5248 1805 5319 jam
1864 5250 2067 5302 essent

403 5339 816 5410 fundamenta,
849 5339 1145 5411 indigenae
1202 5343 1383 5394 noctu
1440 5337 1747 5392 hominem
1779 5335 2061 5409 aggressi,

401 5429 783 5485 membratim
814 5428 1244 5485 conciderunt:
1279 5433 1337 5483 et
1386 5428 1544 5483 hunc
1574 5428 1637 5482 in
1668 5425 1912 5482 modum
1944 5424 2064 5497 spi-

406 5520 591 5575 ritum
622 5520 740 5576 Deo
770 5519 1052 5576 reddidit.

1050 5606 1273 5664 Eodem
1304 5608 1419 5663 die.

632 5702 665 5754 ε
685 5699 781 5755 78
815 5699 1101 5755 Certamen
1128 5700 1306 5755 sancti
1335 5699 1598 5768 martyris
1629 5698 1848 5754 Orestis.

487 5788 723 5847 Orestes
744 5794 960 5862 martyr
978 5788 1191 5862 Tyanis
1215 5789 1279 5845 in
1308 5788 1678 5862 Cappadocia
1696 5791 1893 5858 natus,
1918 5799 2062 5845 con-

2173 4790 2359 4848 αὐτοῦ.
2399 4790 2496 4844 Καὶ
2529 4791 2702 4867 εὑρὼν
2753 4791 2949 4854 αὐτοὺς
3017 4790 3210 4867 ἐορτήν
3272 4789 3655 4854 ἐπιτελοῦντας
3711 4798 3844 4855 τοῖς

2173 4877 2446 4952 δαίμοσιν,
2498 4879 2766 4937 εἰσελθὼν
2826 4879 2903 4944 εἷς
2954 4881 3046 4935 τὸν
3108 4882 3233 4935 ναὸν
3294 4879 3491 4947 αὐτῶν,
3552 4880 3848 4955 συνέτριψε

2172 4968 2347 5028 παντά
2402 4972 2472 5029 τὰ
2534 4966 2759 5029 εἲδωλα.
2842 4970 2975 5026 Εἶτα
3055 4968 3371 5045 κρατηθεὶς,
3444 4970 3536 5025 καὶ
3618 4969 3849 5047 τυφθεὶς

2175 5064 2441 5140 ἰσχυρῶς,
2486 5059 2732 5130 ἀπῆλθεν
2790 5059 2867 5122 εἷς
2927 5057 3228 5133 Ἀπάμειαν
3285 5062 3388 5124 τῆς
3452 5061 3672 5135 Συρίας.
3736 5061 3844 5116 Καὶ

2181 5150 2396 5224 δεηθεὶς
2450 5156 2548 5207 τοῦ
2605 5148 2906 5205 ὁσιωτάτου
2964 5146 3265 5203 ἐπισκόπου
3324 5143 3514 5204 λαϐεῖν
3596 5148 3849 5219 ἐξουσίαν

2182 5246 2278 5297 τοῦ
2329 5243 2508 5298 κτίσαι
2563 5240 2688 5295 ναὸν
2769 5237 2855 5293 ἐπ’
2914 5236 3146 5310 ὀνόματι
3206 5239 3306 5306 τῆς
3365 5236 3520 5312 ἁγίας
3577 5233 3841 5313 Τριάδος,

2179 5332 2379 5406 ἤρξατο
2409 5329 2634 5401 κτίζειν.
2677 5328 2780 5385 Καὶ
2839 5330 3000 5383 τοῦτο
3062 5327 3323 5400 μαθόντες
3382 5327 3434 5381 οἱ
3493 5331 3845 5402 συγχωρῖται

2175 5422 2363 5493 αὐτοῦ,
2424 5419 2615 5481 νυκτὸς
2681 5415 3035 5486 ἑπιτεθὲντες,
3128 5421 3247 5479 τοῖς
3329 5416 3505 5490 ξίφεσι
3592 5412 3844 5489 μεληδὸν

2173 5511 2498 5585 κατέκοψαν.
2529 5508 2631 5567 Καί
2690 5503 2834 5563 οὕτω
2882 5507 2945 5561 τὸ
2989 5509 3205 5580 πνεῦμα
3245 5509 3326 5578 τῷ
3376 5510 3493 5577 Θεῷ
3549 5505 3845 5582 παρέθετο.

2761 5599 2840 5670 Tit
2878 5594 3018 5669 αὐτῇ
3058 5597 3244 5672 ἡμέρᾳ

2399 5687 2668 5760 Ἂθλησις
2692 5690 2792 5744 τοῦ
2824 5683 2987 5761 ἀγίου
3025 5684 3298 5763 μάρτυρος
3330 5687 3611 5763 Ὀρέστου.

2248 5782 2309 5841 Ὀ
2371 5780 2575 5857 μάρτυς
2634 5776 2890 5853 Ὀρέστης
2948 5774 3016 5845 ἧν
3071 5774 3132 5832 ἐκ
3184 5783 3286 5848 τῆς
3331 5776 3552 5841 πόλεως
3598 5773 3847 5849 Τυάνων⁹
