4124 6526
292 493 422 557 153

328 635 535 710 [€0,314
569 640 1052 708 Καππαδοκίας
1100 649 1445 723 καταφρονῶν
1508 643 1565 699 δὲ
1620 647 1728 700 τῶν
1789 641 2054 710 είδώλων,

350 727 447 782 καὶ
524 729 626 784 τὸν
715 733 984 808 Χριστὸν
1073 734 1345 812 παρρησίᾳ
1417 735 1724 810 κηρύττων·
1787 733 2055 808 ἐκρατήθη

379 821 527 898 παρὰ
548 821 848 895 Μαξίμου,
910 825 1020 879 ὐπὸ
1079 825 1475 895 Διοκλητιανοῦ
1525 822 1719 878 νεωστὶ
1769 840 2057 896 προχειρι·

397 915 604 977 σθέντοξ
668 915 964 988 ἡγεμόνος
1019 923 1116 986 τῆς
1174 916 1379 990 χώρας.
1443 913 1540 969 Καὶ
1595 913 2057 986 καταναγκασῢεές

403 1010 767 1077 προσκυνῆσαι
797 1010 920 1066 τοῖς
976 1004 1250 1075 εῗδώλοις,
1284 1004 1375 1060 καὶ
1432 1005 1507 1078 μὴ
1569 1003 1832 1072 πεισθεὶς,
1860 1000 2056 1056 τύπτε-

400 1115 485 1148 ται
548 1094 685 1166 μετᾶ
746 1090 987 1169 ῥαϐδίων
1053 1095 1316 1170 ἴσχυρῶς,
1372 1091 1480 1155 ἕως
1538 1092 1706 1169 ἐφάνη
1737 1093 1805 1146 τὰ
1856 1088 2053 1154 ἔσωθεν

397 1187 502 1236 τῶν
539 1179 887 1257 σπλάγχνων
942 1182 1132 1242 αὐτοῦ,
1193 1182 1343 1240 Μετὰ
1398 1180 1457 1237 δὲ
1512 1183 1573 1236 τὸ
1628 1182 1920 1259 τυφθῆναι,
1952 1178 2057 1232 ἀπ-

390 1273 546 1346 ήχθη
577 1269 656 1331 εἷς
688 1273 783 1325 τὸν
815 1273 940 1326 ναὸν
963 1272 1076 1326 τῶν
1106 1269 1376 1340 εἰδώλων,
1406 1270 1496 1326 καὶ
1527 1269 1692 1325 πάλιν
1718 1267 2057 1343 κατηναγκά-

387 1365 513 1428 ζετο
547 1366 927 1433 προπονῆσαι
987 1360 1193 1422 αὐτοῖς.
1226 1360 1288 1416 Ὀ
1319 1357 1398 1428 δὲ,
1457 1359 1549 1414 τὸν
1608 1356 1838 1432 Χριστὸν
1869 1353 2054 1410 ἐπικα-

387 1447 725 1520 λεσάμενος,
760 1448 850 1503 καὶ
880 1447 1196 1526 ἐμφυθήσας
1226 1447 1301 1510 είς
1355 1449 1424 1503 τὰ
1452 1444 1679 1516 εἴδωλα,
1741 1447 2053 1519 συνετριψεν

379 1537 526 1592 αὖτὰ
561 1583 576 1605 ,
637 1543 731 1592 καί
789 1536 1121 1598 ἐλὲπτυνεν,
1182 1537 1310 1592 ὠσει
1366 1535 1695 1613 κονιορτόν.
1761 1535 1864 1592 Καὶ
1930 1534 2056 1588 τότε

383 1625 669 1700 παρεδόθη
702 1631 772 1701 τῇ
819 1625 1059 1704 φυλακῇ.
1091 1627 1188 1683 Καὶ
1222 1627 1354 1701 μετὰ
1384 1628 1520 1682 ἒπτὰ
1574 1627 1788 1702 ἡμέρας
1847 1619 2051 1692 ἐκϐλη-

395 1718 504 1779 θεὶς
534 1719 634 1784 τῆς
665 1715 940 1794 φυλακῆς,
991 1717 1230 1792 παρέστη
1288 1722 1368 1789 τῷ
1424 1715 1674 1790 Μαξίμῳ·
1733 1713 1824 1768 καὶ
1885 1713 2052 1768 πάλιν

402 1807 732 1880 ἠναγκάζετο
792 1807 962 1870 θύειν.
1010 1807 1117 1862 Καὶ
1169 1808 1244 1879 μή
1277 1805 1542 1876 πεισθεὶς,
1599 1803 1756 1874 ἣλοις
1822 1807 2052 1877 μακροῖς

402 1893 670 1969 ἐτρυπήθη
728 1895 858 1958 τοὺς
913 1895 1310 1971 ἀστραγάλους.
1361 1895 1465 1953 Καὶ
1523 1891 1844 1968 προσδεθεὶς
1873 1890 2051 1966 ἀγρίῳ

1872 511 2326 573 NOVEMBER.

3711 517 3829 576 154

2167 649 2363 716 empto
2387 644 2683 702 idolorum
2706 645 2868 700 cultu
2887 646 3186 701 Christum
3224 647 3410 701 libere
3431 647 3818 718 praedicabat.

2165 734 2645 806 Comprehensus
2691 736 2870 807 igitur
2893 753 2928 790 a
2961 736 3236 804 Maximo,
3271 737 3372 807 qui
3399 753 3608 792 recens
3639 754 3673 792 a
3700 737 3830 792 Dio-

2169 823 2425 878 cletiano
2457 825 2838 896 Cappadociae
2879 825 3193 896 praefectus
3237 826 3450 893 fuerat,
3482 826 3829 897 compulsus

2165 912 2326 968 idola
2347 913 2616 980 adorare,
2643 930 2778 968 cum
2801 919 3154 982 recusasset,
3179 915 3355 987 virgis
3379 916 3623 986 pessime
3640 932 3829 986 usque

2169 999 2318 1055 adeo
2346 1015 2663 1071 percussus
2714 1009 2823 1070 est,
2876 1009 2940 1056 ut
2985 1004 3210 1058 viscera
3258 1004 3386 1074 ejus
3434 1003 3826 1058 nudarentur.

2162 1091 2376 1146 Postea
2399 1092 2461 1146 in
2497 1092 2783 1163 templum
2809 1093 3105 1148 idolorum
3139 1092 3374 1161 ductus,
3400 1094 3736 1163 iterumque
3759 1109 3830 1148 ea

2163 1179 2358 1234 colere
2409 1189 2669 1247 coactus,
2705 1181 2927 1236 Christi
2978 1182 3220 1237 nomine
3264 1183 3553 1250 invocato,
3596 1199 3731 1237 cum
3763 1183 3826 1236 in

2163 1267 2324 1325 idola
2354 1270 2740 1336 insufﬂasset,
2767 1273 2827 1327 in
2862 1272 3282 1327 tenuissimum
3312 1289 3380 1326 ea
3404 1273 3708 1343 pulverem
3738 1288 3827 1326 re-

2161 1357 2339 1430 degit.
2373 1361 2518 1415 Tum
2547 1379 2682 1416 vero
2742 1362 2804 1416 in
2864 1377 3164 1417 carcerem
3225 1361 3599 1428 detruditur;
3645 1365 3824 1431 atque

2160 1447 2299 1502 inde
2331 1450 2584 1520 septimo
2614 1456 2747 1521 post
2779 1450 2874 1505 die
2907 1451 3177 1517 eductus,
3210 1450 3441 1504 sistitur
3471 1450 3726 1504 Maximo
3753 1467 3767 1506 :
3791 1467 3826 1504 a

2161 1553 2277 1607 quo
2299 1555 2506 1594 rursus
2524 1539 2598 1594 ad
2622 1540 3079 1595 sacriﬁcandum
3102 1539 3477 1604 sollicitatus,
3495 1556 3602 1594 nec
3623 1545 3821 1595 tamen

2161 1627 2236 1681 ad
2267 1626 2328 1682 id
2356 1627 2697 1684 faciendum
2746 1629 3046 1698 inductus,
3095 1629 3360 1700 trajectis
3413 1646 3520 1700 per
3549 1629 3699 1684 talos
3731 1629 3822 1683 in-

2160 1717 2434 1788 gentibus
2465 1718 2668 1784 clavis,
2704 1719 2995 1774 indomito
3052 1735 3203 1790 equo
3262 1719 3490 1774 catenis
3521 1719 3819 1791 alligatus,

2163 1811 2328 1861 extra
2356 1807 2564 1863 urbem
2594 1810 2928 1879 Tyanorum
2974 1825 3081 1880 per
3111 1808 3312 1881 viginti
3347 1814 3601 1879 quatuor
3630 1807 3823 1863 millia

2160 1910 2445 1966 passuum
2477 1903 2766 1969 raptatus,
2806 1899 3084 1970 spiritum
3132 1897 3393 1954 tradidit.

395 1983 550 2057 ἴππῳ
600 1985 738 2058 μετᾶ
823 1984 1068 2041 ἁλύσεων
1144 1987 1418 2063 τρέχοντι,
1499 1983 1677 2060 συρεὶς
1743 1981 1900 2058 μίλια
1975 1980 2378 2056 εἰκοσιτέσσαρα
2454 1983 2560 2040 ἀπὸ
2638 1993 2738 2056 τῆς
2822 1987 3039 2047 πόλεως
3113 1983 3360 2055 Τυάδων,
3421 1982 3703 2059 παρέδωκε
3758 1985 3822 2040 τὸ

381 2079 520 2128 ενεῦ
529 2095 625 2147 μα.

951 2203 1134 2258 nam
1165 2203 1257 2279 T9
1287 2203 1487 2281 ΑΥΤῼ.

1214 2293 1248 2347 Ι,

404 2379 666 2448 Δθλησις
740 2383 850 2434 τῶν
924 2376 1096 2448 ἁγίων
1174 2378 1497 2434 ἀποστόλων
1601 2376 1661 2434 ἐκ
1759 2381 1868 2433 τῶν
1976 2378 2045 2445 ο’,

459 2451 727 2527 ξολυμπᾶ
761 2494 775 2519 ,
852 2448 1154 2527 '_Pw8t'uivoc
1188 2495 1202 2521 ,
1301 2450 1662 2527 Σωσιπάτρου
1696 2494 1711 2520 ,
1795 2448 2046 2523 Τερτίου,

462 2522 757 2598 Ἐράστου,
790 2522 883 2577 καὶ
914 2524 1222 2598 Κονάρτου.

466 2653 594 2707 Τῶν
631 2650 727 2723 μὲν
789 2651 958 2725 ἁγίων
1010 2650 1216 2706 τούτων
1271 2650 1618 2723 ἀποστόλων,
1651 2650 1679 2705 ὁ
1714 2652 1808 2724 μὲν
1842 2649 2050 2722 Ὀλυμ-

393 2739 506 2798 πᾶς
566 2740 655 2794 καὶ
719 2739 746 2794 ὁ
804 2737 1071 2803 Ῥωδίων,
1103 2739 1528 2804 ἀκολουθοῦντες
1582 2742 1660 2812 τῷ
1718 2740 1854 2816 ἁγίῳ
1909 2740 2048 2794 ἀπο-

388 2827 583 2900 στόλῳ
615 2829 827 2903 Πέτρῳ,
888 2829 1187 2907 ἀμφότεροι
1241 2829 1296 2886 ἐν
1350 2831 1536 2906 Ῥώμῃ
1591 2835 1660 2904 τῇ
1715 2831 1875 2886 πόλει
1941 2830 2045 2885 ὑπὸ

392 2918 652 2993 Νέρωνος
713 2919 799 2973 τὰι
860 2917 1101 2996 κεφαλὰς
1163 2921 1578 2994 ἀπετμήθησαν.
1637 2921 1699 2976 Ὀ
1749 2918 1806 2974 δὲ
1868 2919 2044 2974 Σωσί-

385 3028 619 3082 πατρος,
685 3006 896 3070 οὔτινος
955 3008 1006 3063 ἐν
1065 3013 1134 3082 τῇ
1186 3011 1324 3085 πρὸς
1371 3009 1682 3084 Ῥωμαίους
1741 3009 2066 3083 Ἐπιστολῇ,

390 3100 421 3152 ὂ
467 3100 621 3171 ἅγιος
679 3095 992 3160 ἀπύστολος
1084 3099 1358 3173 μέμνηται
1415 3099 1637 3162 Παῦλος
1673 3145 1687 3170 ,
1749 3098 2044 3160 ἐπίσκοπος

389 3186 610 3242 Ἰκονίου
695 3186 1012 3261 γενόμενος,
1099 3185 1150 3241 ἒν
1234 3187 1424 3262 εἰρήνῃ
1507 3187 1823 3259 ἐτελειώθη
1901 3189 1929 3243 ὁ
1988 3185 2045 3243 δὲ

382 3277 634 3349 Τέρτιος,
668 3276 698 3329 ὁ
743 3276 834 3330 καὶ
862 3277 964 3344 τὴν
1010 3274 1147 3351 πρᾶς
1178 3277 1488 3350 Ῥωμαίους
1518 3279 1730 3354 γράψας
1787 3280 2041 3335 Ἐπιστο-

380 3365 516 3435 liv,
549 3366 656 3420 ὑπὸ
712 3368 812 3420 τοῦ
863 3365 1018 3441 ἁγίου
1049 3365 1270 3422 Παύλου
1323 3365 1656 3438 ἐκδοθεῖσαν,
1695 3369 1829 3441 μετὰ
1862 3373 2043 3422 Σωσι-

381 3477 587 3528 πατρον
667 3452 918 3530 δεύτερος
1003 3454 1298 3518 ἐπίσκοπος
1396 3455 1626 3513 Ἰκονίου
1725 3457 2044 3534 γενόμενος,

385 3547 523 3619 πρὸς
599 3545 803 3618 Κύριον
860 3543 1215 3619 ἐξεδήμησεν.
1263 3547 1325 3605 Ὀ
1379 3544 1436 3601 δὲ
1487 3553 1775 3622 Ἔραστος,
1835 3547 1898 3603 οὗ
1952 3547 2044 3603 καὶ

2081 2269 2130 2334 Β

2717 2201 2960 2257 EODEM
3005 2201 3257 2256 MENSE.

2804 2291 2907 2346 Die
2949 2290 3180 2345 decima

2159 2381 2253 2434 ’17
2263 2380 2312 2434 9
2363 2381 2646 2437 Certamen
2692 2387 3011 2436 sanctorum
3057 2378 3433 2449 apostolorum
3485 2394 3554 2431 ea:
3604 2382 3823 2447 septua-

2230 2455 2406 2521 ginta,
2437 2454 2702 2523 Olympos,
2735 2453 3054 2520 Rhodionis,
3102 2449 3398 2521 Sosipatri,
3443 2451 3630 2520 Tertii,
3676 2451 3820 2504 Era-

2229 2527 2318 2589 sti,
2352 2531 2403 2580 et
2433 2527 2651 2589 Quarti.

2231 2649 2309 2703 Ex
2340 2649 2434 2704 his
2491 2650 2712 2705 sanctis
2769 2649 3055 2721 apostolis
3113 2648 3392 2718 Olympas
3449 2645 3712 2717 quidem,
3759 2648 3818 2700 et

2159 2739 2430 2794 Rhodion
2464 2745 2734 2795 sanctum
2766 2739 3101 2812 apostolum
3132 2741 3370 2793 Petrum
3402 2737 3612 2802 secuti,
3642 2733 3816 2789 ambo

2157 2829 2356 2883 Romae
2379 2846 2413 2884 a
2435 2831 2662 2884 Nerone
2681 2830 2892 2901 capitis
2910 2829 3196 2890 damnati,
3220 2833 3471 2882 mortem
3491 2825 3813 2896 Oppetiere.

2156 2919 2455 2990 Sosipater
2483 2925 2703 2986 autem,
2765 2919 2937 2991 cujus
2989 2920 3051 2973 in
3099 2917 3356 2989 Epistola
3409 2916 3483 2970 ad
3514 2917 3814 2969 Romanos

2156 3013 2397 3063 sanctus
2420 3009 2724 3080 apostolus
2749 3009 2968 3064 Paulus
2991 3005 3478 3073 meminit,Iconii
3499 3005 3814 3075 episcopus

2153 3098 2365 3166 factus,
2398 3099 2459 3152 in
2491 3115 2635 3169 pace
2665 3098 2902 3169 quievit.
2939 3100 3120 3152 Porro
3151 3095 3402 3164 Tertius,
3436 3094 3608 3163 cujus
3635 3107 3816 3163 opera

2157 3192 2398 3243 sanctus
2430 3188 2647 3243 Paulus
2679 3189 2740 3242 in
2773 3187 3090 3243 scribenda
3118 3185 3192 3240 ad
3225 3187 3521 3240 Romanos
3555 3182 3815 3253 Epistola

2155 3295 2297 3333 usus
2326 3278 2458 3346 fuit,
2495 3277 2791 3334 secundus
2839 3283 2977 3350 post
3033 3276 3398 3347 Sosipatrum
3432 3272 3811 3328 renuntiatus

2153 3369 2339 3423 Iconii
2371 3370 2705 3441 episcopus,
2765 3369 2840 3424 ad
2897 3367 3214 3424 Dominum
3245 3365 3536 3438 migravit.
3571 3365 3812 3419 Erastus

2155 3475 2311 3528 vero,
2335 3459 2506 3532 cujus
2527 3460 2590 3514 in
2617 3459 2827 3515 eadem
2847 3457 3111 3529 Epistola
3137 3456 3295 3510 idem
3322 3454 3623 3526 apostolus
3650 3469 3813 3508 men-

2155 3551 2380 3605 tionem
2426 3551 2588 3620 facit,
2635 3550 2894 3621 primum
2946 3546 3499 3618 Hierosolymitanae
3542 3543 3817 3599 Ecclesia)

397 3638 561 3691 αύτοῦ
592 3635 641 3690 ὲν
671 3639 740 3710 τῇ
791 3635 930 3710 αὐτῇ
992 3635 1291 3710 Ἐπιστολῇ
1342 3638 1615 3712 μέμνηται
1650 3639 1678 3693 ὁ
1710 3638 1860 3712 ἅγιος
1894 3641 2043 3696 Παῦ-

2161 3657 2522 3708 mconomus,
2556 3639 2772 3695 deinde
2805 3638 3098 3694 Paneadis
3129 3636 3442 3707 episcopus
3473 3639 3728 3700 creatus,
3754 3634 3816 3689 in

401 3723 503 3786 λος
532 3724 812 3798 οῗκονόμος
869 3732 969 3795 τῆς
1017 3725 1070 3780 ἐν
1117 3725 1526 3802 Ἰεροσολύμοις
1590 3727 1919 3799 Ἐκκλησίας
1947 3749 2044 3805 γε·

402 3814 579 3889 γονὼς
604 3863 618 3886 ,
691 3817 776 3870 καὶ
871 3815 1009 3888 μετὰ
1064 3819 1231 3871 ταῦτα
1293 3815 1602 3880 ἐπίσκοπος
1641 3816 1928 3889 Πανεάδος,
1988 3818 2043 3874 ἐν

395 3901 580 3978 είρήνῃ
638 3902 959 3975 ἐτελειώθη.
1019 3909 1072 3959 Ὁ
1130 3903 1187 3960 δὲ
1243 3903 1538 3980 Κούαρτος,
1595 3905 1888 3971 ἐπίσκοπος
1945 3915 2045 3979 τῆς

384 3991 604 4055 πόλεως
639 3997 898 4069 Βηρυτοῦ
951 3993 1270 4070 γενόμενος,
1320 3995 1410 4050 καὶ
1468 3995 1656 4052 πολλὰ
1685 3997 1869 4053 παθὼν
1908 3999 2042 4076 ὑπὲρ

379 4087 481 4151 τῆς
527 4077 830 4152 εὐσεϐείας,
892 4081 1180 4146 πλείστους
1205 4104 1264 4138 τε
1293 4087 1400 4138 τῶν
1453 4083 1738 4155 Ἑλλήνων
1793 4084 2041 4162 ἐπιπρέο

377 4174 484 4244 ψας
516 4169 607 4226 ἐπὶ
628 4171 720 4226 τὸν
755 4169 979 4247 Κύριον,
1009 4170 1154 4227 τέλει
1190 4171 1314 4248 βίου
1343 4171 1643 4248 ἐχρήσατο.

943 4302 1129 4358 ΜΗΝΙ
1167 4307 1253 4357 TD
1286 4305 1486 4359 ΔΥΤΩ.

1172 4391 1269 4448 1Α¹

378 4495 668 4568 ”Δθλησις
732 4501 838 4574 τῶν
909 4495 1080 4574 ἁγίων
1144 4497 1434 4574 μαρτύρων
1491 4503 1680 4574 Μηνᾶ,
1744 4497 2043 4574 Βίκτωρος,

804 4569 1108 4642 Βικιντίου,
1146 4569 1248 4628 ’καὶ
1307 4569 1652 4649 Στεφανίδος.

451 4696 516 4751 Ὀ
553 4695 650 4766 μὲν
711 4695 864 4770 ἅγιος
921 4692 1345 4770 μεγαλομάρτυς
1407 4697 1601 4766 Μηνᾶς
1665 4697 1912 4773 ὑπῆρχεν
1954 4697 2041 4752 ἐπὶ

379 4785 732 4858 Μαξιμιανοῦ
769 4789 866 4840 τοῦ
927 4785 1215 4860 βασιλέως,
1275 4785 1336 4841 ἐκ
1393 4790 1493 4856 τῆς
1549 4786 1858 4863 Αἰγυπτίων
1919 4791 2038 4864 χώ-
2072 4821 2116 4885 D

377 4893 502 4948 ρας,
566 4871 902 4948 στρατιώτης
958 4869 1030 4927 ὤν
1089 4879 1189 4930 τοῦ
1248 4875 1576 4951 Νουμερίου,
1627 4875 1680 4931 ἐν
1735 4877 2036 4950 Κοτυαείῳ,

376 4963 544 5018 πόλει
599 4963 864 5037 Φρυγίας.
917 4964 1180 5028 Γνωσθεῖς
1211 4963 1268 5020 δὲ
1299 4967 1620 5039 Χριστιανὸς
1654 4969 1813 5038 εἶναι,
1842 4967 2038 5022 τύπτε-

374 5074 465 5107 ται
497 5047 771 5129 σφοδρῶς,
811 5052 898 5106 καὶ
962 5052 1150 5123 ξέεται.
1213 5055 1315 5110 Καὶ
1373 5054 1508 5127 μετᾶ
1564 5059 1732 5110 ταῦτα
1781 5055 1911 5132 πυρὶ
1943 5077 2043 5110 κα-

373 5140 732 5219 ταφλέγεταιο
811 5142 899 5196 καὶ
989 5141 1204 5219 σύρεται
1261 5143 1442 5199 ἐπάνω
1523 5139 1801 5222 τριϐόλων
1854 5146 2036 5218 ὀξέων.

378 5232 518 5287 Εἶτα
539 5230 638 5298 τήν
681 5227 772 5284 διὰ
827 5229 1014 5308 ξίφους
1062 5229 1290 5307 δέχεται·
1345 5231 1637 5304 τελευτὴν.
1701 5235 1764 5292 Ὁ
1796 5232 1854 5288 δὲ
1885 5235 2037 5311 ἅγιος

375 5321 591 5395 Βίκτωρ
651 5321 896 5397 ὑπῆρχεν
956 5320 1046 5376 ἐπὶ
1103 5321 1431 5380 ’Δντωνίνου
1495 5325 1790 5398 βασιλέως,
1822 5325 1913 5381 καὶ
1947 5331 2039 5380 Σε-

374 5406 670 5465 ϐαστιανοῦ
756 5407 952 5475 δουκὸς
1030 5411 1082 5466 ἐν
1171 5412 1395 5486 Ἰταλίᾳ.
1475 5414 1776 5491 Κρατηθεὶς
1831 5411 1888 5469 δὶ
1947 5414 2038 5470 καὶ

373 5499 733 5574 ἀναγκασθεὶς
789 5501 1123 5576 ἀρνήσασθαι
1177 5503 1272 5557 τὸν
1322 5503 1576 5574 Χριστὸν,
1631 5503 1719 5558 καὶ
1784 5504 1862 5577 μή
1920 5524 2037 5559 πει-

377 5591 544 5660 σθείς,
603 5589 957 5667 ἑξαρθροῢται
1013 5589 1141 5653 τοὺς
1211 5588 1558 5664 δακτύλους,
1619 5592 1709 5648 καὶ
1775 5591 2037 5667 βάλλεται

378 5681 455 5742 είς
513 5680 740 5754 κάμινον
774 5725 787 5738 .
879 5681 1014 5737 Εἶτα
1070 5681 1345 5751 ποτίζεται
1408 5679 1725 5758 δηλητήριιι
1782 5683 2040 5761 φάρμακα

377 5772 528 5845 παρὰ
559 5774 754 5848 μάγουσ
801 5771 892 5827 καὶ
958 5769 1130 5844 μηδὲν
1189 5769 1468 5844 ἀδικηθεὶς
1517 5777 1667 5828 ποιεῖ
1721 5774 1812 5830 τὸν
1867 5772 2036 5851 μάγον

378 5863 723 5948 Χριπιανᾴν.
777 5861 1072 5938 ὀρυχθεὶς
1133 5857 1192 5918 δὲ
1220 5859 1351 5925 τοὺς
1411 5860 1758 5937 ὀφθαλμοὺς,
1815 5865 1918 5936 τὴν
1947 5884 2037 5921 κεο

2156 3745 2298 3800 pace
2330 3729 2603 3785 decessit.
2660 3730 2913 3795 Quartus
2970 3725 3231 3796 denique
3274 3724 3467 3794 Beryti
3499 3722 3662 3778 urbis
3695 3723 3820 3794 epi-

2157 3836 2372 3891 SCOpus
2396 3819 2606 3887 factus,
2640 3825 2958 3891 postquam
3016 3816 3206 3872 multa
3245 3832 3351 3887 pro
3412 3814 3630 3885 pietate
3686 3828 3814 3884 per-

2154 3925 2366 3980 pessus
2384 3909 3030 3981 fuisset,plurimosque
3053 3908 3388 3962 Graecorum
3412 3903 3486 3958 ad
3511 3902 3825 3958 Dominum

2155 4001 2570 4072 convertisset,
2602 4001 2720 4056 vita
2751 3999 2995 4055 functus
3028 4003 3136 4053 est.

2715 4303 2960 4360 EODEM
3003 4302 3258 4358 MENSE.

2765 4394 2866 4448 Die
2893 4391 3215 4447 undecima

2157 4505 2312 4560 180
2379 4505 2664 4561 Certamen
2725 4508 3042 4556 sanctorum
3111 4503 3420 4566 martyrum
3483 4498 3677 4562 Menaa,
3721 4495 3817 4549 Vi-

2475 4578 2662 4643 ctoris,
2700 4574 2994 4637 Vincentii,
3029 4577 3080 4625 et
3116 4567 3492 4639 Stephanidis.

2231 4703 2478 4756 Sanctus
2509 4716 2760 4772 magnus
2809 4704 3035 4768 martyr
3067 4698 3286 4762 Menas,
3318 4692 3673 4748 Maximiano
3707 4690 3822 4744 im-

2153 4796 2449 4864 peratore,
2508 4807 2580 4846 ex
2632 4792 2875 4862 Egypto
2947 4787 3077 4842 fuit.
3140 4787 3408 4854 Cumque
3465 4783 3527 4837 in
3586 4783 3819 4852 Cotymo

2151 4881 2418 4953 Phrygia:
2453 4880 2598 4934 urbe
2661 4878 2768 4934 sub
2827 4877 3104 4933 Numerio
3165 4878 3443 4941 mereret,
3478 4871 3616 4926 fidei
3659 4869 3825 4925 Chri-

2154 4971 2362 5025 stianae
2410 4985 2589 5026 causa
2646 4967 2944 5023 dirissime
2997 4966 3364 5032 verberatur,
3421 4967 3479 5018 et
3509 4959 3825 5016 excarniﬁ-

2151 5066 2339 5116 catur.
2401 5059 2624 5115 Deinde
2685 5058 2805 5131 igni
2863 5058 3192 5123 ambustus,
3251 5071 3320 5110 ac
3376 5070 3555 5125 super
3611 5055 3816 5107 acutas

2150 5150 2398 5205 testulas
2457 5154 2810 5220 pertractus,
2871 5147 3066 5220 gladio
3126 5161 3447 5217 percussus
3514 5140 3814 5197 occubuit.

2151 5240 2400 5295 Sanctus
2430 5243 2630 5294 autem
2659 5238 2856 5293 Victor
2887 5237 3190 5292 Antonino
3222 5235 3584 5306 imperatore
3623 5246 3692 5284 ac
3723 5229 3820 5283 Se-

2147 5329 2419 5385 bastiano
2445 5328 2630 5383 Italiae
2665 5327 2814 5384 duce
2865 5327 3099 5382 elaruit.
3152 5323 3629 5396 Comprehensus
3654 5334 3814 5386 vero,

2149 5420 2570 5490 Christumque
2595 5419 2646 5491 ej
2657 5435 2829 5474 urare
2851 5417 3218 5490 compulsus,
3238 5431 3372 5470 cum
3396 5412 3563 5466 nulla
3581 5408 3814 5463 ratione

2151 5509 2222 5564 ad
2263 5509 2324 5564 id
2355 5509 2557 5564 induci
2588 5513 2810 5580 posset,
2835 5508 3052 5564 luxatis
3083 5505 3404 5578 digitorum
3435 5497 3720 5563 articulis,
3746 5497 3810 5552 in

2149 5599 2452 5655 fornacem
2509 5598 2860 5670 projicitur:
2922 5595 3135 5652 deinde
3203 5590 3408 5647 lethali
3468 5588 3810 5659 pharmaco,

2148 5688 2308 5760 quod
2335 5687 2448 5744 sibi
2470 5703 2505 5743 a
2525 5704 2696 5760 mago
2727 5691 3065 5759 porrectum
3094 5683 3307 5746 fuerat,
3341 5679 3648 5744 exhausto,
3679 5676 3816 5730 nul-

2147 5779 2326 5850 loque
2382 5795 2627 5849 prorsus
2685 5777 2904 5832 damno
2965 5775 3233 5839 allectus,
3278 5785 3518 5841 magum
3548 5767 3622 5824 ad
3653 5765 3814 5822 Chri-

2149 5873 2306 5926 stum
2338 5868 2664 5924 convertit:
2699 5867 2884 5922 erutis
2933 5864 3176 5920 demum
3225 5861 3436 5928 oculis,
3468 5859 3660 5933 capite
3691 5859 3814 5930 ple‘
