4124 6440
359 401 474 462 155

1679 401 2107 465 MENOLOGH
2156 404 2354 464 PARS
2401 405 2449 464 Ι.

3665 405 3779 464 156

357 534 555 588 ctitur.
591 537 669 589 Ea
699 550 794 589 res
825 534 1258 606 inspectantem
1291 540 1556 592 sanctam
1589 535 2009 608 Stephanidem

2127 533 2306 612 φαλήν
2368 535 2752 609 ἀποτέμνεται.
2809 537 2875 594 ἸΙ
2953 534 3010 592 δὲ
3068 536 3195 612 ἁγία
3250 537 3531 614 Στεφανὶς,
3592 537 3775 613 ὁρῶσα

357 623 558 690 movit,
588 628 654 677 ut
701 641 997 679 summam
1057 625 1244 680 sancti
1297 625 1644 681 felicitatem
1674 627 1911 682 efferret
1945 643 2012 681 ac

359 713 728 784 praedicaret.
790 715 1185 778 Quamobrem
1244 717 1694 786 comprehensa,
1729 722 1906 786 atque
1938 716 2011 771 ad

362 802 508 857 duas
530 803 779 874 palmas,
803 821 934 875 quae
965 805 1026 858 in
1058 822 1242 859 unum
1273 811 1558 860 contorta:
1590 805 1846 873 fuerant,
1882 805 2017 860 alli-

359 898 513 965 gata,
572 895 837 966 praecisis
895 901 1139 966 repente
1193 896 1468 964 vinculis,
1528 897 1588 951 in
1641 897 1787 952 duas
1820 902 2015 968 partes

360 982 669 1038 scinditur.
705 983 922 1038 Eodem
973 984 1067 1038 die
1126 991 1366 1040 sanctus
1404 985 1745 1040 Vincentius
1775 986 1838 1039 in
1869 985 2013 1040 urbe

356 1072 637 1142 Augusta,
699 1073 858 1143 quod
924 1073 1297 1129 Christianus
1361 1080 1536 1143 esset,
1595 1079 1884 1141 retentus,
1940 1073 2016 1129 ad

355 1161 624 1232 ejusdem
661 1163 828 1219 urbis
887 1163 1164 1235 praefecto
1223 1164 1414 1236 capite
1469 1165 1805 1232 damnatus,
1840 1182 1870 1220 e
1900 1164 2017 1220 vita

357 1252 628 1311 excessit.

1002 1413 1225 1470 Eodem
1256 1414 1370 1470 die.

358 1519 503 1575 181
545 1522 995 1578 Commemoratio
1051 1527 1231 1579 sancti
1287 1525 1472 1580 Patris
1513 1525 1689 1578 nostri
1723 1523 2013 1594 Theodori,

496 1596 747 1662 praefecti
778 1596 1115 1650 celeberrimi
1148 1599 1469 1652 monasterii
1499 1597 1864 1651 Studitarum.

424 1718 540 1772 Iste
563 1719 947 1775 Constantino
971 1721 1274 1776 Caballino
1298 1722 1655 1794 imperatore
1679 1722 2009 1777 Constanti-

357 1808 558 1879 nopoli
617 1816 810 1876 natus,
846 1812 1112 1867 scientiis
1157 1813 1433 1867 omnibus
1466 1813 1810 1879 instructus,
1845 1813 2012 1867 Irene

2121 629 2308 694 ταῦτα,
2369 623 2458 680 καὶ
2519 625 2860 700 μακαρίσασα
2913 627 3003 681 τὸν
3060 624 3232 702 ἅγιον,
3293 627 3601 698 ἐκρατήθη.
3663 627 3769 683 Καὶ

2124 709 2335 768 δεθεῖσα
2397 712 2492 769 δύο
2554 716 2782 792 φοίνιξιν
2835 714 3224 780 ἐπικλινθεῖσιν
3285 714 3602 787 αλλήλοις,
3661 715 3776 771 εἶτα

2123 801 2466 871 ἀπολυθεῖσι,
2500 800 2814 878 διεμερίσθη
2849 803 2924 866 εἷς
2963 801 3082 860 δύο.
3115 805 3175 862 Ὀ
3209 801 3265 859 δὲ
3296 803 3448 880 ἅγιος
3480 803 3780 876 Βικέντιος,

2121 897 2236 944 κατ’
2285 890 2449 961 αὐτὴν
2509 893 2608 962 τήν
2658 893 2869 969 ἡμέραν
2937 892 3246 969 κρατηθεὶς,
3307 893 3380 956 ὠς
3429 894 3779 968 Χριστιανὸς,

2122 980 2173 1035 ἐν
2210 981 2518 1056 Αὐγουστίᾳ
2544 988 2612 1058 τῇ
2643 984 2826 1056 πόλει,
2879 986 3026 1062 παρά
3055 990 3150 1040 τοῦ
3180 993 3279 1057 τῆς
3309 985 3526 1048 πόλεως
3578 984 3786 1062 ἄρχον-

2120 1093 2216 1135 τος
2248 1073 2346 1142 τὴν
2378 1073 2620 1152 κεφαλὴν
2651 1075 2964 1149 ἀπετμήθη.

2692 1421 2770 1492 Τῇ
2820 1419 2956 1494 αὐτῇ
2992 1419 3195 1493 ἡμέρα.

2123 1525 2330 1596 Μνήμη
2353 1528 2450 1579 τοῦ
2482 1524 2636 1601 ὀμσίου
2668 1527 2877 1601 Πατρὸς
2909 1528 3070 1598 ἡμῶν
3125 1523 3433 1601 Θεοδώρορ,
3464 1523 3780 1600 ἡγουμένου

2332 1603 2434 1666 τῆς
2467 1596 2834 1673 εὐαγεστάτης
2870 1596 3045 1672 μονῆς
3083 1602 3189 1653 τῶν
3225 1596 3556 1656 Στουδιτῶν.

2191 1721 2316 1778 Ἐπὶ
2351 1728 2452 1791 τῆς
2488 1721 2769 1797 βασιλείας
2794 1728 3206 1779 Κωνσταντινου
3261 1727 3360 1779 τοῦ
3418 1718 3778 1778 Καϐαλλίνου

2119 1810 2186 1879 ἦν
2243 1809 2400 1874 οὗτος
2457 1810 2510 1865 ἐν
2572 1812 3145 1869 Κωνσταντινουπόλει
3223 1813 3537 1888 γεννηθεὶς,
3591 1818 3770 1868 πᾶσαν

355 1899 686 1970 imperante
716 1901 777 1956 in
811 1902 1190 1958 Saccudionis
1220 1904 1648 1959 monasterium
1681 1903 1946 1968 secessit,
1981 1921 2009 1958 a

2124 1897 2181 1954 δὲ
2213 1906 2411 1974 γνῶσιν
2445 1906 2552 1956 τῶν
2592 1905 2930 1975 μαθημάτων
2987 1903 3262 1977 ἐκμαθὼν,
3321 1903 3408 1957 ἐπὶ
3453 1906 3555 1968 τῆς
3615 1903 3784 1979 βασι-

356 1988 553 2043 divino
586 1989 826 2045 Platone
858 1994 1187 2047 monachus
1232 1992 1442 2062 factus,
1478 1999 1536 2048 et
1578 2010 1611 2048 a
1649 1993 1884 2048 Tarasio
1919 2009 2015 2063 pa-

354 2078 610 2134 triarcha
649 2080 961 2153 presbyter
998 2083 1327 2137 ordinatus.
1361 2084 1506 2139 Cum
1557 2087 1755 2137 autem
1790 2083 2012 2137 tricesi-

354 2185 517 2223 mum
559 2170 749 2224 {etatis
796 2187 1020 2226 annum
1079 2177 1298 2244 ageret,
1334 2171 1604 2243 ejusdem
1663 2173 2012 2227 monasterii

355 2257 671 2329 praefectus
702 2266 936 2316 creatus
969 2266 1076 2318 est.
1100 2261 1212 2316 Sed
1234 2279 1370 2317 cum
1394 2263 1768 2333 imperatoris
1790 2261 2016 2317 adulte-

352 2347 510 2402 rium
524 2347 766 2421 indigne
779 2350 1470 2415 ferret,Thessalonicam
1485 2351 2015 2424 relegaturzpostea

357 2437 429 2492 ab
488 2441 658 2494 Irene
716 2440 1092 2512 imperatrice
1147 2448 1472 2510 revocatus,
1507 2442 1580 2498 ob
1612 2443 2014 2511 excursiones,

359 2545 508 2599 quas
531 2529 805 2585 Saraceni
826 2530 1143 2598 faciebant,
1169 2532 1228 2586 in
1247 2533 1468 2604 regiam
1489 2532 1698 2587 urbem
1721 2533 2012 2605 migravit,

357 2623 416 2673 et
472 2620 904 2675 monasterium
963 2620 1149 2675 Studii
1208 2621 1659 2693 gubernandum
1730 2622 2010 2692 suscepit.

363 2709 573 2763 Verum
626 2726 660 2764 a
717 2710 1047 2781 Nicephoro
1100 2710 1480 2781 imperatore,
1514 2711 1707 2781 quiin
1742 2711 2014 2783 Bulgaria

355 2797 556 2868 periit,
571 2799 779 2853 eadem
803 2799 874 2853 de
899 2815 1075 2854 causa
1097 2817 1301 2854 rursus
1322 2800 1514 2854 solum
1537 2804 1764 2855 vertere
1785 2799 2014 2872 cogitur

353 2888 616 2943 Tandem
647 2888 721 2942 ob
754 2905 952 2944 sacras
1002 2889 1291 2961 imagines
1323 2907 1357 2945 a
1386 2891 1579 2945 Leone
1618 2890 2010 2945 Iconomacho

352 2975 570 3032 iterum
622 2978 940 3051 relegatus,
973 2996 1109 3034 cum
1167 2980 1356 3034 multa
1393 2979 1626 3034 fortiter
1657 2997 1762 3051 pro
1795 2979 2011 3051 pietate

349 3065 1368 3140 subiissetcertamina,hymnosque
1382 3069 1444 3123 in
1457 3069 1640 3124 Deum
1655 3069 2010 3140 scripsisset,

348 3155 413 3210 in
445 3162 708 3214 extrema
739 3163 1044 3214 senectute
1075 3159 1348 3231 migravit
1384 3159 1458 3215 ad
1490 3159 1829 3214 Dominum.

901 3499 1146 3555 EODEM
1188 3501 1440 3556 MENSE.

917 3607 1022 3662 Die
1061 3608 1435 3664 duodecima.

349 3745 501 3802 182
551 3747 1008 3804 Commemoratio
1065 3752 1243 3804 sancti
1289 3752 1473 3805 Patris
1529 3749 1706 3805 nostri
1753 3751 2005 3816 Martini,

906 3822 1156 3875 Francia
1187 3824 1449 3892 episcopi.

419 3961 520 4015 Hic
549 3960 783 4015 Juliano
816 3962 1172 4032 imperatore
1213 3980 1282 4018 ex
1325 3965 1510 4018 Roma
1539 3963 1669 4031 fuit,
1705 3963 1821 4018 dux
1854 3963 2004 4018 mili-

349 4052 477 4103 tum
509 4051 788 4120 primum,
823 4050 1037 4105 deinde
1077 4058 1394 4124 conspecta
1425 4053 1716 4108 instructa
1745 4053 2007 4108 hostium

349 4139 756 4204 multitudine,
789 4141 1128 4196 vehementi
1164 4148 1323 4197 metu
1355 4142 1693 4214 corripitur.
1730 4142 1842 4197 Sed
1872 4160 2006 4198 cum

350 4227 579 4283 nudum
600 4245 922 4300 pauperem
943 4237 1108 4302 parte
1131 4231 1481 4304 chlamydis,
1507 4249 1686 4303 quam
1717 4233 2002 4305 gestabat,

347 4318 612 4387 texisset,
646 4318 853 4375 eadem
897 4327 1069 4376 nocte
1111 4321 1398 4377 Dominus
1427 4327 1586 4378 veste
1619 4323 1896 4394 pauperis
1923 4323 2009 4377 in-

349 4407 526 4463 dutus
567 4410 842 4481 apparuit
872 4411 945 4478 ei,
979 4411 1220 4467 dicens:
1255 4413 1334 4466 Ne
1367 4412 1576 4467 timeas
1604 4428 1616 4465 :
1651 4411 1805 4466 sicut
1845 4412 2005 4467 enim

348 4499 412 4551 tu
444 4497 674 4553 nudum
695 4516 790 4554 me
817 4515 1194 4572 nequaquam
1220 4500 1562 4572 despexisti,
1587 4501 1668 4556 ita
1689 4506 1747 4555 et
1778 4517 1882 4572 ego
1909 4519 2007 4556 ero

348 4590 568 4655 tecum,
601 4594 660 4643 et
699 4589 1008 4645 victoriam
1055 4606 1125 4644 ex
1175 4591 1291 4645 tuis
1350 4591 1620 4646 hostibus
1651 4591 2005 4662 reportabis.

2121 1988 2270 2052 λείας
2303 1990 2567 2065 Εἰρήνης,
2629 1993 2880 2047 ἀπελθὼν
2944 1991 2994 2047 ἐν
3028 1997 3095 2066 τῇ
3132 1989 3546 2053 Σακκουδίωνος
3607 1996 3780 2066 μονῇ,

2122 2079 2224 2134 ὑπὸ
2254 2084 2350 2134 τοῦ
2373 2079 2520 2144 θείου
2569 2080 2733 2136 αὐτοῦ
2787 2079 3079 2146 Πλάτωνος
3126 2081 3320 2158 γέγονε
3376 2083 3639 2157 μοναχὸς,
3681 2082 3778 2137 καὶ

2119 2168 2265 2244 παρά
2311 2169 2584 2244 Ταρασίου
2615 2170 2959 2246 πατριάρχου
3023 2176 3420 2248 χειροτονεῖται
3478 2166 3785 2248 πρεσϐύτε-

2120 2279 2231 2334 ρος.
2285 2260 2436 2330 Εἶτα,
2467 2256 2888 2334 τριακονταέτης
2947 2256 3045 2330 ὧν,
3077 2260 3284 2336 γίνεται
3340 2261 3430 2316 καὶ
3461 2260 3780 2335 ἡγούμενος

2116 2355 2216 2417 τῆς
2251 2348 2340 2403 ὑπ’
2377 2347 2536 2404 αὐτὸν
2602 2357 2797 2422 μονῆς·
2859 2349 3155 2425 Ἐξωρίσθη
3209 2347 3268 2405 δὲ
3324 2347 3400 2412 εἰς
3449 2347 3778 2405 Θεσσαλονί-

2116 2459 2244 2512 κην,
2279 2435 2368 2493 διὰ
2397 2440 2460 2494 τὸ
2519 2441 2595 2513 μή
2653 2440 2934 2504 συνθέσθαι
2962 2443 3030 2513 τῇ
3067 2439 3292 2514 μοιγείᾳ
3320 2443 3416 2494 τοῦ
3479 2439 3777 2514 βασιλέως,

2119 2526 2246 2582 ἀλλ’
2278 2527 2550 2600 ἀνεκλήθη
2604 2527 2768 2584 πάλιν
2825 2529 2970 2606 παρὰ
2997 2536 3097 2599 τῆς
3129 2528 3479 2604 ,βασιλίσσης
3512 2518 3797 2605 Εἰρήνης..

2125 2617 2224 2671 Καὶ
2256 2615 2344 2672 δια
2373 2619 2470 2687 τήν
2502 2623 2609 2672 τῶν
2643 2623 2976 2693 Σαρακηνῶν
3000 2615 3219 2696 ἔφοδον,
3250 2619 3350 2686 τήν
3377 2617 3774 2694 βασιλεύουσαν

2116 2703 2546 2780 καταλαμϐάνει,
2587 2708 2676 2763 καὶ
2709 2707 2872 2764 πάλιν
2917 2706 3208 2782 ἐξορίζεται
3258 2709 3404 2781 παρὰ
3452 2708 3777 2785 Νικηφόρου

2118 2792 2411 2870 λαμϐάνει,
2468 2798 2557 2852 καὶ
2615 2796 2782 2853 πάλιν
2866 2797 3158 2872 ὲξορίζεται
3247 2796 3393 2872 παρά
3455 2796 3776 2875 Νικηφόρου

2121 2883 2390 2960 βασιλέως
2417 2890 2517 2941 τοῦ
2549 2885 2834 2965 σφαγέντος
2879 2885 2932 2941 ἐν
2993 2885 3326 2964 Βουλγαρίᾳ,
3386 2885 3475 2941 ἐπὶ
3503 2889 3572 2960 τῇ
3606 2886 3779 2960 ὁμοίᾳ

2120 2972 2366 3028 ὑποθέσει
2401 3017 2414 3032 .
2501 2977 2631 3031 Εἶτα
2687 2975 2983 3051 ἐξορίζεται
3041 2974 3131 3030 διὰ
3192 2975 3288 3037 τὰς
3349 2975 3502 3050 ἀγίας
3561 2974 3776 3039 εἰκόνας

2119 3061 2204 3118 ἐπὶ
2242 3064 2470 3126 Λέοντος
2501 3067 2600 3119 τοῦ
2661 3064 3070 3140 Εἶκονομάχου.
3113 3063 3218 3120 Καὶ
3273 3062 3461 3120 πολλὰ
3513 3083 3776 3138 τιμωρη-

2117 3151 2229 3213 θεὶς
2287 3149 2418 3226 ὐπὶρ
2497 3158 2597 3222 τῆς
2683 3148 2978 3224 εὐσεϐείας,
3049 3152 3141 3208 καὶ
3199 3152 3630 3228 ἀγωνισάμενος,
3679 3153 3775 3208 καὶ

2118 3236 2322 3312 ὕμνους
2359 3239 2434 3302 εἷς
2484 3242 2614 3296 Θεὸν
2671 3243 3140 3318 συγγραψάμενος,
3203 3240 3254 3296 ἐν
3313 3240 3596 3316 βαθυτάτῳ
3625 3242 3776 3318 γήρᾳ

2037 3309 2079 3377 c
2119 3309 2256 3404 πρὸς
2290 3328 2486 3404 Κύριον
2522 3309 2877 3404 ἐξεδήμήσεν.

2684 3493 2862 3550 MHNI
2884 3496 2969 3567 m
2994 3493 3192 3548 ArTo.

2899 3600 2983 3654 IB'

2115 3744 2319 3816 Μνήμη
2353 3745 2453 3798 τοῦ
2483 3741 2633 3797 ὁσίου
2667 3741 2876 3814 [Ιατρὸς
2916 3743 3077 3868 mild»;
3122 3741 3423 3817 Μαρτίνου,
3467 3740 3773 3796 ἐπισκόπου

2788 3819 2979 3868 Φοαγγ
3010 3834 3091 3868 ας.

2842 3833 3091 3888 ραγγιας.

2185 3960 2358 4026 Οὗτος
2414 3961 2480 4030 ἧν
2555 3961 2639 4015 ἐπὶ
2705 3957 3006 4017 Ἰουλιανοῦ
3063 3963 3160 4014 τοῦ
3226 3957 3496 4033 βασιλέως
3551 3957 3609 4012 ἐκ
3663 3963 3767 4027 τῆς

2113 4052 2361 4126 Ῥώμης,
2415 4049 2794 4126 στρατηλάτης
2846 4051 3110 4124 πρότερον
3184 4049 3470 4126 ὑπάρχων.
3533 4049 3672 4103 Ποτὲ
3713 4045 3774 4102 δὲ

2114 4141 2165 4196 ἐν
2227 4140 2462 4214 πολέμῳ
2519 4137 2649 4195 ἰδὼν
2710 4137 2928 4209 πλῆθυς
2985 4137 3206 4214 ἄπειρον
3243 4183 3256 4209 ,
3316 4135 3613 4206 ἐδειλίασε,
3672 4135 3770 4190 καὶ

2115 4233 2445 4303 θεασάμενος
2503 4229 2726 4305 πτωχὸν
2785 4229 3033 4304 γυμνὸν,
3091 4227 3264 4302 κόψας
3321 4228 3384 4282 τὸ
3438 4226 3610 4299 ἥμισυ
3669 4231 3774 4296 τῆς

2111 4317 2402 4396 χλαμύδος
2461 4319 2650 4385 αὐτοῦ,
2707 4315 2936 4372 δέδωκεν
2989 4317 3157 4388 αὐτῷ.
3205 4315 3400 4390 Καὶτῇ
3432 4315 3568 4389 αὐτῇ
3616 4314 3773 4369 νυοιτὶ

2113 4411 2352 4483 παρέστη
2384 4405 2534 4480 αὐτῷ
2565 4409 2592 4462 ὁ
2625 4407 2825 4483 Κύριος
2855 4407 2908 4462 ἐν
2942 4404 3072 4462 εἷ’δει
3123 4410 3221 4462 τοῦ
3281 4410 3536 4480 πτωχοῦ,
3569 4403 3778 4479 λέγων’

2115 4501 2206 4567 Μὴ
2242 4497 2456 4570 ἀθύμει·
2496 4496 2678 4572 ὣσπερ
2737 4496 2800 4551 σὺ
2857 4497 3061 4571 γυμνὸν
3096 4495 3158 4551 οὗ
3188 4492 3440 4569 παρεῖδες
3486 4515 3570 4568 με,
3625 4492 3773 4548 οὕτω

2112 4587 2266 4664 κάγὼ
2298 4582 2490 4660 ἔσομαι
2545 4588 2678 4656 μετά
2737 4590 2853 4656 σοῦ,
2902 4586 2992 4641 καὶ
3051 4586 3293 4656 νικήσεις
3350 4583 3477 4648 τοὺς
3533 4583 3772 4658 ἐχθρούς

348 4675 493 4729 Cum
524 4676 722 4747 itaque
751 4677 1008 4744 vicisset,
1041 4683 1218 4749 atque
1249 4679 1320 4734 ab
1355 4680 1710 4752 imperatore
1751 4679 2006 4752 benigne

2120 4700 2230 4734 σου.
2264 4679 2508 4748 Νικήσας
2570 4677 2684 4746 οὗν,
2743 4677 2829 4730 καὶ
2892 4671 3220 4750 ἀποδεχθεὶς
3250 4676 3394 4750 παρᾶ
3450 4676 3546 4727 τοῦ
3609 4673 3769 4748 βασι-

350 4771 626 4836 acceptus
676 4766 904 4834 fuisset,
963 4769 1179 4841 gratias
1237 4769 1361 4825 Deo.
1411 4787 1614 4842 agens,
1675 4770 2002 4826 monachus

349 4855 625 4911 efﬁcitur.
661 4859 799 4913 Post
851 4864 1077 4930 septem
1129 4877 1317 4916 annos
1380 4878 1514 4916 cum
1548 4878 1787 4917 omnem
1821 4877 2002 4916 sacraa

348 4945 665 5017 Scriptura;
679 4947 990 5004 scientiam
1002 4949 1244 5006 assidua
1254 4951 1640 5006 meditatione
1653 4955 2008 5006 consecutus

349 5041 526 5103 esset,
560 5038 820 5092 Franciaa
870 5040 1183 5112 episcopus
1233 5041 1560 5096 ordinatur.
1604 5043 1785 5096 Porro
1816 5040 2006 5095 multa

349 5125 537 5180 edidit
565 5126 854 5183 miracula
879 5144 892 5183 :
926 5129 1086 5184 inter
1115 5134 1330 5185 caetera
1355 5147 1491 5185 cum
1523 5129 1872 5186 offendisset
1900 5130 2002 5184 ali-

347 5216 583 5287 quando
614 5217 1011 5275 feneratorem
1041 5221 1470 5292 impedientem
1500 5221 1819 5292 quominus
1850 5237 2003 5275 mor-

344 5312 482 5363 tuus
515 5308 758 5378 quidam
818 5309 1191 5379 humaretur,
1238 5310 1398 5381 quod
1457 5327 1592 5365 eum
1637 5315 1860 5366 certam
1891 5310 2004 5365 sibi

342 5400 614 5468 pecuniae
666 5417 962 5456 summam
1020 5401 1236 5457 debere
1294 5401 1548 5468 diceret;
1611 5408 1817 5457 contra
1868 5418 2004 5457 vero

346 5489 564 5544 mortui
595 5507 744 5546 uxor
802 5491 1211 5557 contenderet,
1261 5509 1500 5548 omnem
1542 5491 1632 5546 illi
1691 5492 2003 5562 pecuniam

349 5577 604 5633 solutam
663 5597 832 5648 esse;
890 5582 1166 5652 precibus
1225 5583 1299 5638 ad
1357 5584 1543 5638 Deum
1585 5581 1733 5636 fusis
1765 5586 2004 5637 sanctus

2115 4767 2277 4837 λέως,
2310 4766 2710 4842 εὐχαριστήσας
2740 4770 2821 4838 τῷ
2855 4770 2990 4837 Θεῷ,
3031 4766 3223 4840 γὲγονε
3267 4762 3532 4838 μοναχός.
3564 4758 3770 4818 Ἑϐδο-

2117 4879 2216 4930 μον
2253 4855 2308 4910 δὲ
2340 4853 2593 4918 διανύσας
2644 4856 2870 4931 χρόνον,
2902 4854 2993 4909 καὶ
3025 4860 3194 4909 πᾶσαν
3255 4854 3472 4930 Γραφὴν
3532 4850 3771 4924 μελετή-

2113 4969 2228 5018 σκς,
2261 4951 2661 5022 χειροτονεῖται
2721 4944 3017 5007 ἰπίσκοπος
3077 4940 3373 5020 ΦραγγῘας,
3432 4941 3529 4997 Καὶ
3590 4940 3766 4997 ἐποίει

2115 5037 2364 5111 θαύματα
2394 5034 2599 5093 πολλά.
2635 5037 2719 5092 Ἐν
2747 5040 2844 5108 μιᾷ
2873 5035 2977 5111 γὰρ
3013 5031 3123 5089 εἶδε
3154 5030 3436 5102 δανειστὴν
3469 5031 3776 5107 κρατοῦντα

2112 5129 2326 5203 νεκρὸν,
2356 5127 2446 5182 καὶ
2483 5128 2558 5200 μή
2595 5130 2990 5202 συγχωροῦντα
3017 5132 3253 5204 ταφῆναι
3288 5167 3305 5196 ,
3338 5123 3485 5180 ἀλλᾶ
3514 5120 3770 5199 λέγοντα,

2115 5218 2219 5287 ὅτι,
2260 5221 2534 5293 Χρεωστεῖ
2567 5237 2660 5287 μοι
2719 5217 2874 5278 οὗτος
2904 5215 3158 5291 χρυσίον,
3215 5213 3302 5269 καὶ
3357 5219 3460 5282 τῆς
3517 5213 3778 5287 γυναικὸς

2112 5311 2208 5363 τοῦ
2239 5306 2490 5368 θανόντος
2526 5305 2813 5382 λεγούσης,
2873 5304 2978 5375 ὅτι,
3012 5303 3371 5379 Ἐπληρώοη’
3404 5302 3780 5378 προσευξάμε-

2113 5418 2202 5459 νος
2246 5397 2272 5451 ὁ
2301 5396 2455 5471 ἅγιος
2504 5396 2761 5466 ἀνέστησε
2817 5396 2908 5450 τὸν
2965 5395 3176 5466 νεκρὸν,
3236 5397 3324 5449 καὶ
3357 5389 3522 5463 ἔδειξε
3551 5391 3643 5446 τὸν
3679 5412 3775 5446 συ-

2113 5501 2388 5565 κοφάντην
2420 5483 2776 5560 ψευδόμενον.
2811 5485 3052 5556 Ποιήσας
3084 5480 3142 5538 δὲ
3184 5483 3276 5538 καὶ
3328 5479 3489 5558 ἕτερα
3520 5480 3777 5554 θαύματα

2113 5574 2320 5645 πολλὰ,
2342 5573 2657 5646 ἐτελειώθη.

347 5671 646 5722 mortuum
677 5670 751 5725 ad
781 5671 960 5727 vitam
991 5673 1304 5742 revocavit,
1335 5677 1395 5728 et
1423 5671 1852 5744 sycophantam
1890 5669 2186 5728 mendacii
2226 5667 2438 5740 arguit.
2471 5666 2732 5723 Tandem
2755 5665 2889 5724 aliis
2920 5665 3196 5738 plurimis
3227 5665 3475 5738 patatris
3513 5663 3772 5721 miracu-

345 5753 442 5824 lis,
475 5771 506 5810 e
536 5757 654 5812 vita
682 5759 956 5816 decessit.
