4124 6440
343 416 460 476 159

1664 418 2087 484 MENOLOGII
2134 416 2338 476 PARS
2379 413 2427 474 Ι.

3640 419 3757 482 160

339 547 523 603 frater
551 549 897 605 vulneribus
930 552 1160 617 eadem,
1190 570 1307 624 qua
1362 555 1489 626 ipse
1539 573 1727 612 cassus
1785 555 1995 619 fuerat,

2123 549 2200 602 τὸν
2231 543 2575 623 βασιλίσκον,
2605 544 2692 598 καὶ
2723 542 2815 598 τὸν
2861 540 3092 621 ἀδελφὸν
3153 544 3338 614 αὐτοῦ,
3400 546 3506 615 ὅτι,
3562 545 3761 624 Αὔριον

343 639 490 694 hora
520 641 925 697 conciderent.
987 645 1176 707 Quare
1233 646 1643 703 vehementius
1693 646 1995 711 commoti,

346 725 671 798 discipulos
721 731 848 801 ejus
899 731 1125 786 tamdiu
1183 733 1438 789 fustibus
1479 737 1823 802 contudere,
1855 735 1995 789 dum

346 819 576 874 animas
611 821 857 875 Domino
902 822 1226 879 traderent.
1261 827 1553 881 Postridie
1584 832 1803 893 autem,
1829 826 2001 895 juxta

347 909 534 963 sancti
567 909 1033 980 praedictionem,
1056 912 1270 968 fratres
1299 915 1362 969 in
1393 915 1576 972 furias
1607 917 1744 983 acti,
1777 915 1999 970 mutuis

349 1014 477 1053 sese
508 998 852 1055 vulneribus
885 1002 1213 1058 coniecere.

980 1303 1200 1358 Eodem
1254 1305 1369 1359 die.

344 1409 498 1465 186
532 1411 813 1466 Certamen
864 1418 1177 1467 sanctorum
1223 1420 1532 1482 martyrum
1579 1415 1869 1480 Antonini,
1900 1414 2000 1468 Ni-

699 1483 944 1552 cephori,
973 1487 1250 1551 Germani,
1272 1492 1323 1539 et
1352 1489 1642 1541 sociorum.

420 1607 761 1663 Antoninus
784 1614 1010 1680 martyr
1025 1616 1334 1682 provectus
1348 1612 1475 1683 jam
1495 1616 1697 1681 mtate;
1721 1613 2004 1684 Nicepho-

349 1715 452 1754 rus
483 1704 770 1769 autem,et
795 1700 1121 1756 Germanus
1147 1701 2000 1774 adolescentes,comprehensi

351 1803 385 1842 a
414 1788 672 1860 regionis
705 1788 1004 1860 prtefecto,
1031 1807 1165 1845 cum
1189 1791 1364 1846 idolis
1391 1793 1726 1848 sacrificare
1750 1793 2000 1860 nollent,

350 1875 470 1930 imo
502 1877 799 1932 Christum
848 1879 1296 1947 conﬁterentur,
1330 1881 1392 1936 in
1436 1881 1583 1937 urbe
1614 1884 1879 1938 Caesarea
1905 1899 2004 1938 ca-

2108 637 2245 691 κατά
2298 631 2463 704 τήνδε
2519 634 2616 702 τήν
2675 631 2819 706 ὥραν
2881 633 2970 687 ὑπ’
3027 631 3293 704 ἀλλήλων
3345 639 3762 714 φονευθήσεσθε.

2109 729 2290 781 Ταῦτα
2349 723 2620 789 εἰπόντος,
2677 721 3017 796 ὀργισθέντες
3067 723 3096 776 ὀ
3152 744 3211 778 τε
3266 724 3583 798 βασιλίσκος
3611 727 3701 783 καὶ
3735 730 3762 784 ὁ

2111 813 2345 892 ἀδελφὸς
2375 813 2540 867 αὐτοῦ
2574 812 2706 885 μετὰ
2753 809 2930 884 ξύλων
2986 811 3278 876 τύπτοντες
3335 815 3587 886 ἀνηλεῶς
3633 816 3765 881 τοὺς

2116 903 2356 978 μαθητὰς
2399 906 2492 957 τοῦ
2540 902 2693 978 αγίου
2751 901 3063 979 ἐφόνευσαν.
3124 904 3222 958 Καὶ
3284 903 3457 968 οὕτως
3516 905 3766 980 παρέδω-

2110 1015 2205 1048 καν
2244 993 2339 1054 τὰς
2423 991 2604 1067 ψυχὰς
2686 991 2861 1046 αὐτῶν
2946 995 3026 1064 τῷ
3081 992 3287 1068 Κυρίῳ.
3349 995 3500 1050 Κατά
3557 994 3613 1051 δὶ
3665 998 3764 1067 τὴν

2111 1084 2422 1161 πρόρῥησιν
2450 1088 2553 1139 τοῦ
2614 1083 2772 1158 ἁγίου
2833 1085 3083 1157 μανέντες
3142 1085 3194 1140 οἱ
3246 1081 3342 1141 δύο
3392 1083 3620 1165 ἀδελφοὶ
3648 1089 3770 1144 κατ’

2112 1173 2403 1247 ἀλλήλων,
2435 1172 2723 1245 ἀλλήλους
2757 1171 3070 1251 ἐφόνευσαν.

2709 1304 2787 1376 Tii
2818 1301 2956 1375 αὐτῇ
2988 1301 3172 1378 ἡμέρᾳ

2112 1407 2380 1480 ,ιΑθλησις
2398 1412 2512 1502 Ξῶν
2547 1405 2712 1495 ἁγίων
2736 1408 3022 1502 μαρτύρων
3050 1408 3771 1502 ἈνΞΙωνίνουξΝικηφόρου,

2398 1478 2695 1556 Γερμανοῦ,
2736 1478 2826 1536 καὶ
2867 1478 2967 1548 τῆς
3001 1478 3250 1542 συνοδίας
3279 1481 3480 1540 αὐτῶν.

2186 1605 2505 1665 Ἀντωνῖνος
2539 1604 2566 1658 ὁ
2615 1601 2818 1678 μάρτυς
2869 1602 3088 1679 ὑπῆρχε
3140 1605 3239 1672 τήν
3285 1601 3506 1666 ἡλικίαν
3563 1599 3773 1679 προϐεο

2114 1690 2301 1765 δηκὼς
2339 1739 2352 1764 ,
2412 1694 2439 1748 ὁ
2527 1691 2585 1747 δὲ
2667 1693 2974 1770 Νικηφόρος
3047 1692 3139 1747 καὶ
3194 1694 3222 1748 ὁ
3279 1695 3555 1768 Γερμανὸς
3627 1696 3765 1752 νέοι.

2115 1786 2480 1857 Κρατηθέντες
2514 1781 2572 1838 δὲ
2605 1782 2708 1838 ὑπὸ
2753 1787 2850 1838 τοῦ
2903 1789 3004 1852 τῆς
3076 1783 3266 1857 χώρας
3325 1781 3616 1858 ἄρχοντος,
3673 1785 3773 1839 καὶ

2109 1872 2634 1948 καταναγκασθέντες
2683 1874 2834 1927 θῦσαι
2863 1877 2981 1934 τοῖς
3038 1869 3318 1942 εἰδώλοις,
3374 1873 3462 1928 καὶ
3512 1874 3588 1946 μὴ
3646 1895 3778 1928 πει-

344 1965 466 2036 pite
506 1966 865 2036 plectuntur.
925 1968 1095 2041 Virgo
1143 1975 1342 2025 autem
1400 1970 1695 2042 quaedam,
1729 1973 2000 2028 Manetho

2123 1963 2341 2032 πθέντες,
2402 1962 2528 2018 ἀλλ’
2569 1962 2974 2037 ὁμολογοῦντες
3018 1963 3109 2017 τὸν
3165 1961 3420 2036 Χριστὸν,
3449 1964 3546 2026 τὰς
3600 1984 3776 2041 κεφα-

347 2054 611 2122 nomine,
645 2055 1148 2128 Scythopolitana,
1176 2061 1609 2130 comprehensa
1629 2067 1688 2116 et
1718 2062 1867 2134 ipsa,
1899 2079 2008 2134 per

347 2149 531 2198 totam
564 2143 773 2200 urbem
804 2146 964 2201 nuda
1007 2147 1372 2204 traducitur:
1425 2149 1643 2206 deinde
1675 2151 1918 2208 diversis
1946 2152 2006 2207 in

345 2233 495 2288 locis
527 2235 889 2305 gravissimis
921 2237 1228 2308 suppliciis
1253 2240 1605 2307 excruciata,
1633 2246 1692 2296 et
1720 2241 1791 2296 ab
1815 2243 2007 2297 omni-

347 2321 458 2376 bus
490 2323 592 2376 Dei
620 2323 911 2379 beneficio
972 2332 1193 2397 erepta,
1256 2334 1313 2382 et
1369 2329 1689 2385 incolumis
1733 2332 2007 2402 evadens,

352 2426 486 2464 cum
522 2411 710 2465 multa
751 2412 1038 2468 miracula
1085 2421 1396 2484 patrasset,
1427 2417 1838 2488 plurimosque
1870 2419 2010 2473 inti-

350 2500 575 2554 delium
617 2500 794 2554 verbo
827 2502 929 2556 Dei
962 2502 1282 2559 instructos
1314 2507 1386 2560 ad
1419 2507 1734 2561 Dominum
1769 2525 2008 2562 conver-

349 2590 539 2657 tisset,
573 2589 815 2644 demum
873 2591 993 2662 igni
1053 2592 1354 2660 damnata,
1406 2596 1468 2649 in
1517 2595 2005 2652 ardentissimam

348 2678 671 2747 fornacem,
734 2695 910 2735 orans
983 2685 1042 2736 et
1107 2684 1325 2754 gratias
1374 2701 1574 2756 agens,
1636 2685 2004 2758 ingreditur:

353 2767 554 2839 ibique
588 2785 694 2839 per
722 2769 940 2824 multas
972 2769 1150 2825 horas
1181 2772 1243 2826 in
1291 2774 1558 2829 oratione
1602 2791 2010 2846 perseverans,

356 2875 595 2913 sacrum
628 2857 868 2914 tandem
927 2859 1201 2930 spiritum
1259 2862 1320 2916 in
1377 2879 1591 2919 manus
1633 2865 1735 2920 Dei
1765 2866 2012 2922 viventis

355 2947 620 3002 tradidit.

913 3255 1160 3311 EODEM
1200 3257 1451 3313 MENSE.

851 3363 954 3417 Die
1009 3362 1238 3419 decima
1279 3371 1508 3436 quarta.

351 3452 497 3507 187
536 3450 802 3507 Dormitio
858 3454 1039 3506 sancti
1091 3454 1275 3508 Patris
1336 3457 1512 3509 nostri
1569 3457 1805 3526 Hypatii
1849 3457 2008 3512 thau-

704 3525 973 3593 matu-rgi,
1007 3527 1250 3595 epiSCOpi
1280 3525 1649 3596 Gangrorum.

423 3648 528 3702 Hic
559 3663 714 3702 unus
744 3647 857 3701 fuit
885 3663 956 3701 ex
998 3648 1281 3703 trecentis
1329 3649 1536 3705 decem
1569 3657 1627 3706 et
1657 3658 1788 3707 octo
1819 3653 2011 3708 Patri-

351 3735 484 3800 bus,
517 3734 619 3804 qui
658 3733 732 3789 ad
779 3734 1079 3789 Nicaanam
1130 3735 1445 3807 synodum,
1478 3739 1864 3795 Constantino
1893 3741 2012 3795 Ma—

352 3841 466 3898 gno
489 3825 866 3895 imperatore,
885 3823 1168 3879 adversus
1189 3824 1546 3882 delirantem
1567 3828 1774 3884 Arium
1795 3845 2011 3884 conve-

353 3922 593 3974 nerunt.
618 3917 689 3970 Et
707 3915 882 3987 plura
908 3915 1150 3986 quidem
1168 3917 1458 3972 miracula
1480 3918 1701 3987 edidit;
1737 3920 1840 3975 sed
1862 3920 2012 3975 illud

353 4008 417 4062 in
464 4006 676 4078 primis
700 4005 1088 4060 memorabile
1129 4011 1239 4074 est,
1295 4008 1454 4077 quod
1486 4025 1617 4064 cum
1652 4015 2011 4081 portentosae

356 4094 781 4167 magnitudinis
803 4094 980 4149 draco
1007 4094 1070 4149 in
1097 4096 1373 4151 mrarium
1407 4097 1714 4168 imperiale
1745 4100 2014 4171 irrepsis-

357 4191 467 4252 set,
500 4201 827 4254 omnesque
857 4183 928 4238 ab
961 4185 1232 4256 ingressu
1262 4187 1657 4257 propulsaret,
1692 4189 2014 4246 accersitus

356 4273 430 4329 ab
478 4274 860 4344 imperatore,
910 4273 1057 4328 fusis
1107 4275 1404 4345 precibus,
1453 4276 1623 4332 illum
1674 4277 2012 4334 interfecit:

348 4364 532 4436 jussit
565 4364 724 4417 enim
754 4379 963 4435 rogum
1008 4362 1070 4416 in
1118 4363 1244 4418 foro
1297 4365 1564 4433 accendi,
1599 4372 1657 4421 et
1694 4367 2015 4423 draconem

358 4471 426 4508 ex
470 4453 677 4508 ierario
739 4452 1038 4518 eductum,
1099 4453 1394 4523 virgasque
1451 4457 1802 4524 summitati,
1835 4475 2014 4528 quam

358 4543 642 4614 Hypatius
693 4541 953 4609 tenebat,
1013 4540 1314 4596 mordicus
1373 4543 1787 4612 inhaerentem,
1839 4552 2016 4617 atque

359 4637 733 4703 sequentem,
765 4631 831 4683 in
862 4630 1057 4699 ignem
1091 4630 1317 4700 injecit.
1378 4632 1526 4686 Hinc
1574 4633 1898 4704 imperator
1948 4635 2009 4690 in

357 4720 547 4792 ipsius
577 4719 771 4773 aerarii
802 4717 967 4772 aditu
1017 4719 1339 4790 imaginem
1380 4722 1570 4777 sancti
1603 4730 1874 4779 accurate
1908 4725 2006 4779 de-

358 4811 522 4883 pingi
557 4809 875 4865 mandavit.
909 4809 1194 4880 Hypatius
1220 4827 1354 4865 vero
1379 4812 1458 4867 ad
1488 4812 1811 4869 Ecclesiam
1845 4833 2015 4872 suam

358 4919 652 4969 reversus,
686 4900 1142 4956 Novatianorum
1202 4901 1614 4958 haereticorum
1651 4904 1884 4961 insidiis
1917 4906 2014 4961 in-

361 4995 697 5049 terimitur:
741 5011 882 5049 nam
942 5010 976 5049 a
1031 4992 1282 5048 muliere
1336 4993 1592 5064 quadam
1627 5013 1763 5051 saxo
1797 4998 1858 5052 in
1890 4999 2019 5071 ejus

362 5091 539 5156 caput
567 5085 853 5156 projecto,
889 5084 1066 5156 hujus
1111 5083 1244 5138 vitae
1277 5084 1572 5155 ergastulo
1606 5085 1910 5155 liberatus,
1945 5089 2019 5144 ad

361 5176 599 5232 cceleste
630 5191 879 5249 regnum
910 5173 1176 5230 avolavit.

1004 5299 1226 5354 Eodem
1265 5298 1380 5354 die.

363 5394 515 5450 188
546 5393 993 5463 Commemoratio
1031 5391 1211 5463 sancti
1266 5391 1500 5463 apostoli
1547 5391 1820 5463 Philippi,
1854 5396 2020 5451 unius

829 5479 898 5518 ea:
948 5460 1235 5516 duodecim
1277 5461 1555 5530 apostolis.

439 5593 847 5663 Philippus,ex
863 5589 1179 5646 duodecim
1201 5587 1487 5659 apostolis
1511 5589 2024 5657 unus,Bethsaidae

372 5681 434 5735 in
465 5680 704 5737 Galilwa
728 5687 926 5746 natus,
951 5683 1087 5751 post
1111 5676 1348 5733 Domini
1380 5677 2026 5747 ascensionem,multis

370 5769 675 5827 miraculis
705 5770 903 5838 editis,
935 5769 1187 5840 Trajano
1246 5765 1628 5839 imperatore,
1664 5768 2025 5842 Hierapolim

2116 2052 2219 2115 λὰς
2273 2052 2326 2107 ἐν
2388 2051 2676 2126 Καισαρείᾳ
2732 2051 3147 2124 ἀπετμήθησαν.
3211 2053 3483 2127 ΙΙαρθένος
3551 2051 3609 2108 δέ
3664 2074 3777 2118 τις.

2115 2140 2338 2198 Μανεθὼ
2396 2140 2702 2217 λεγομένη,
2765 2140 3014 2216 ὑπῆρχεν
3073 2139 3132 2196 ἐκ
3191 2140 3606 2204 Σκυθοπόλεως.
3669 2142 3781 2199 Καὶ

2117 2236 2463 2307 κρατηθεῖσα,
2513 2229 2734 2285 καὶάνά
2781 2235 2954 2284 πᾶσαν
3007 2232 3104 2300 τὴν
3161 2229 3325 2286 πόλιν
3383 2225 3784 2306 θριαμϐεὗθεῖ-

2117 2342 2181 2376 σα
2235 2322 2452 2396 γυμνὴ,
2513 2322 2629 2375 εἶτα
2679 2321 3058 2393 τιμωρηθεῖσα
3109 2320 3160 2374 έν
3215 2317 3498 2398 διαφόροις
3557 2321 3783 2392 τόποις,

2116 2418 2335 2485 πικραῖς
2398 2409 2653 2485 βασάνοις
2691 2453 2704 2478 ,
2778 2409 2867 2464 καὶ
2953 2409 3012 2464 ἐκ
3094 2409 3309 2464 πάντων
3389 2415 3523 2465 Θεοῦ
3583 2412 3780 2486 χάριτι

2119 2499 2386 2575 ῥυσθεῖσα,
2447 2500 2535 2554 καὶ
2596 2493 2845 2566 ἀϐλαϐὴς
2909 2496 3250 2571 διαμείνασα,
3312 2501 3477 2574 μυρία
3522 2522 3580 2556 τε
3639 2504 3784 2556 θαυ-

2121 2591 2560 2664 ματουργήσασα,
2610 2588 2701 2643 καὶ
2753 2586 3000 2650 πολλοὺς
3057 2593 3164 2643 τῶν
3223 2587 3460 2644 ἀπίστων
3513 2592 3781 2665 κατηχή-

2119 2701 2250 2733 σασα
2279 2680 2370 2734 τὸν
2418 2677 2588 2753 λόγον
2640 2682 2738 2732 τοῦ
2797 2681 2952 2748 Θεοῦ,
3001 2678 3090 2733 καὶ
3143 2678 3503 2753 ἐπιστρέψασα
3563 2679 3649 2734 ἐπὶ
3681 2682 3783 2734 τὸν

2121 2768 2338 2842 Κύριον,
2423 2766 2736 2822 τελευταῖον
2813 2767 3103 2843 κατεκρίθη
3191 2768 3320 2842 πυρῖ
3387 2768 3781 2838 τελειωθῆναι·

2118 2858 2345 2927 καὶτῆς
2397 2857 2629 2930 καμίνου
2669 2858 3017 2934 ἀναφθείσης,
3071 2857 3358 2930 εὐξαμένη,
3414 2859 3502 2913 καὶ
3553 2858 3787 2933 εὐχαρι-

2121 2949 2383 3018 στήσασα,
2423 2946 2673 3016 εἰσῆλθεν
2733 2945 2786 3000 ἐν
2846 2945 3005 3020 αὐτῇ·
3064 2947 3156 3002 καὶ
3210 2947 3262 3001 ἐν
3310 2951 3378 3022 τῇ
3436 2949 3650 3022 καμίνῳ
3683 2948 3786 3004 ἐπὶ

2119 3037 2359 3099 πολλαῖς
2407 3043 2525 3099 ταῖς
2587 3038 2753 3112 ὥραις
2809 3039 3256 3113 προσευχομένη,
3313 3041 3376 3094 τὸ
3433 3039 3577 3116 ἱερὸν
3607 3040 3790 3105 αὐτῆς

2121 3127 2383 3202 παρέθετο
2413 3129 2628 3201 πνεῦμα
2659 3125 2734 3187 εἷς
2765 3131 2956 3203 χεῖρας
2987 3130 3121 3181 Θεοῦ
3155 3131 3376 3197 ζῶντος.

2688 3251 2868 3308 MHNI
2920 3257 3004 3306 ΤΩ
3036 3252 3216 3310 ΑΥΤΩ

2901 3365 2978 3413 ῙΔ¹

2112 3451 2174 3506 Ἡ
2206 3449 2466 3523 κοίμησις
2493 3452 2588 3504 τοῦ
2621 3447 2672 3502 ἐν
2706 3446 2896 3523 ἁγίοιςΔ
2920 3448 3131 3523 Πατρὸς
3178 3451 3339 3520 ἡμῶν
3394 3449 3646 3506 Ὑπατίου
3675 3455 3783 3506 τοῦ

2400 3519 2848 3596 Θαυματουργοῦ,
2881 3519 3180 3576 ἐπισκόπου
3203 3519 3484 3597 Γαγγρῶν.

2185 3650 2353 3712 Οὗτος
2403 3648 2649 3722 ὑπῆρχεν
2711 3647 2784 3708 εἶς
2844 3645 2903 3701 ἐκ
2952 3651 3060 3700 τῶν
3117 3647 3440 3722 τριακοσίων
3503 3644 3629 3704 δέκα
3675 3649 3778 3704 καὶ

2114 3740 2258 3794 ὀκτὼ
2317 3735 2566 3811 Πατέρων
2600 3783 2617 3810 ,
2676 3740 2782 3792 τῶν
2843 3734 2896 3791 ἐν
2954 3735 3148 3807 Νικαίᾳ
3206 3735 3574 3793 συνελθόντων
3631 3738 3782 3795 κατᾶ

2113 3827 2458 3904 Ἀρείουτοῦ
2512 3824 2931 3900 ματαιόφρονος,
2993 3825 3081 3879 ἐπὶ
3127 3827 3224 3894 τῆς
3280 3826 3561 3902 βασιλείας
3619 3830 3782 3884 Κων-

2115 3917 2396 3973 σταντίνου
2445 3913 2541 3970 τοῦ
2586 3913 2862 3988 Μεγάλου.
2915 3915 3179 3985 Ἐποίησε
3224 3912 3282 3969 δὲ
3337 3915 3586 3989 θαύματα
3632 3915 3784 3972 πολ-

2118 4005 2208 4076 λά,
2243 4005 2293 4078 ἐξ
2326 4007 2400 4060 ὧν
2433 3999 2486 4060 ἕν
2520 4005 2756 4078 ὑπάρχει
2809 4003 2898 4058 καὶ
2929 4008 3115 4058 τοῦτο·
3163 4005 3470 4078 Δράκοντος
3531 4005 3786 4083 μεγάλου

2119 4096 2170 4152 ἐν
2192 4099 2268 4167 τῷ
2296 4093 2507 4168 ταμείῳ
2548 4098 2656 4148 τῶν
2701 4091 3000 4167 βασιλικῶν
3053 4094 3360 4169 χρημάτων
3416 4095 3580 4159 ποθὲν
3614 4094 3794 4170 εἰσερ-

2120 4190 2434 4252 πύσαντος,
2522 4183 2613 4238 καὶ
2697 4180 2958 4237 εἰσελθεῖν
3020 4184 3095 4255 μή
3157 4186 3578 4259 συγχωροῦντός
3644 4206 3788 4258 τινι,

2120 4273 2473 4351 προσεκλήθη
2517 4275 2664 4348 παρὰ
2690 4277 2787 4327 τοῦ
2823 4272 3117 4346 βασιλέως·
3153 4273 3244 4327 καὶ
3299 4277 3536 4344 ποιήσας
3581 4274 3788 4349 εὐχὴν,

2123 4367 2445 4422 ἐθανάτωσεν
2503 4364 2660 4418 αὐτὸν
2714 4361 3016 4437 προστάξας
3068 4361 3120 4416 ἐν
3177 4367 3258 4434 τῷ
3326 4365 3481 4438 φόρῳ
3529 4363 3787 4439 γενέσθαι

2121 4456 2318 4529 πυρὰν,
2367 4454 2457 4508 καὶ
2491 4453 2596 4508 απὸ
2634 4450 2730 4507 τοῦ
2763 4453 2992 4524 ταμείου
3047 4451 3137 4506 τὸν
3209 4449 3478 4528 δράκοντα
3535 4453 3785 4530 ἀγαγὼν,

2124 4543 2350 4599 δακόντα
2387 4544 2448 4597 τὸ
2501 4541 2662 4618 ἄκρον
2717 4545 2812 4596 τοῦ
2873 4535 3097 4617 ῥαϐδίου
3146 4541 3331 4613 αὐτοῦ,
3391 4545 3480 4597 καὶ
3539 4543 3789 4600 ἀκολου-

2125 4637 2342 4703 θοῦντα,
2401 4631 2490 4687 καὶ
2544 4630 2728 4708 βαλὼν
2788 4629 2840 4684 έν
2900 4629 3059 4703 αὐτῇ,
3111 4631 3202 4686 καὶ
3255 4631 3614 4694 κατακαύσας·
3663 4633 3789 4698 ὅθεν

2129 4723 2180 4779 ἐν
2208 4728 2274 4797 τῇ
2309 4720 2503 4795 εἰσόδῳ
2548 4725 2645 4776 τοῦ
2674 4720 2898 4794 ταμείου
2931 4721 2958 4773 ὁ
2995 4719 3248 4794 βασιλεὺς
3298 4723 3397 4790 τήν
3457 4721 3637 4777 simng
3683 4732 3789 4781 τοῖ’,

2126 4815 2281 4892 ἁγίου
2340 4815 2718 4892 ἐζωγράφησεν
2753 4858 2768 4869 .
2826 4811 3260 4886 Ὑποστρέψαντα
3317 4811 3374 4868 δὲ
3435 4815 3510 4876 εἷς
3566 4817 3663 4884 τὴν
3700 4820 3786 4872 οἱ-

2124 4905 2269 4960 κείαν
2325 4901 2650 4974 Ἐκκλησίαν
2707 4902 2994 4980 ἐφόνευσαν
3053 4902 3104 4955 οἳ
3154 4902 3420 4974 αἱρετικοὶ
3477 4907 3786 4962 Νοουατια-

2125 4993 2232 5049 νοί.
2287 4995 2420 5069 γυνὴ
2488 4993 2588 5066 γὰρ
2646 4990 2847 5066 ῥίψασα
2897 4988 3051 5045 λίθον
3111 4991 3245 5046 κατᾶ
3287 4990 3531 5068 κεφαλῆς
3592 4993 3783 5069 αὐτοῦ,

2126 5087 2223 5152 τῆς
2247 5081 2433 5146 ἐνθάδε
2467 5082 2560 5154 μὲν
2627 5087 2771 5150 ζωῆς
2828 5077 3133 5154 ἀπήλλαξε,
3186 5083 3516 5157 προεξένησε
3547 5079 3602 5138 δὲ
3635 5084 3787 5158 αὐτῷ

2133 5170 2412 5249 βασιλείαν
2447 5170 2710 5248 οὐρανῶν.

2703 5299 2787 5370 Τῇ
2843 5294 2980 5369 αιδτῇ
3030 5295 3214 5370 ἡμέρᾳ

2131 5388 2338 5462 Μνήμη
2397 5389 2496 5442 τοῦ
2548 5381 3447 5462 ἁγίου-μάποστόλου..Φιλίπποψ
3507 5386 3624 5450 ἑνὸς
3677 5392 3788 5444 τῶν

2654 5453 2867 5512 δώδεκα
2913 5455 3261 5512 ἀποστόλων.

2206 5584 2488 5651 Φίλιππος
2517 5586 2545 5640 ὁ
2577 5586 2652 5648 εἷς
2678 5589 2785 5640 τῶν
2816 5581 3028 5639 δώδεκα
3084 5579 3429 5655 ἀποστόλων,
3459 5585 3526 5655 ἧν
3586 5585 3646 5642 ἐκ
3687 5593 3792 5656 τῆς

2134 5674 2438 5741 Γαλιλαίας
2475 5675 2582 5730 ἀπὸ
2612 5670 2907 5746 Βηθσαϊδᾶ.
2960 5671 3112 5730 Μετά
3167 5671 3223 5728 δὲ
3253 5675 3352 5745 τήν
3387 5675 3658 5751 ἀνάληψιν
3689 5683 3788 5734 τοῦ

2136 5765 2341 5844 Κυρίου
2396 5763 2584 5823 πολλὰ
2641 5765 2890 5839 θαύματα
2947 5765 3202 5836 ποιήσας,
3253 5763 3342 5820 ἐπὶ
3371 5770 3636 5842 Τραϊανοῦ
3687 5772 3786 5823 τοῦ
