4124 6426
313 337 420 397 161

1781 331 2218 393 NOVEMBER
2230 380 2244 394 .

3631 352 3754 412 162

322 465 590 544 βασιλέως
615 465 960 541 παρεγένετο
1012 463 1105 521 καὶ
1165 463 1238 528 εΐς
1295 463 1630 537 Ἱεράπολιν,
1694 462 1856 552 μετὰ⁸
1885 465 1991 516 τῶν

2106 465 2406 536 profectus
2465 473 2556 525 est
2608 489 2744 528 cum
2803 481 3032 547 septem
3093 478 3329 536 ﬁliabus
3376 483 3520 552 suis,
3554 488 3613 540 et
3639 486 3760 542 Ma-

323 559 456 614 ξπτὰ
482 557 801 634 θυγατέρων
836 555 1035 626 αὐτοῦ,
1076 555 1166 610 καὶ
1215 555 1544 628 Μαριάμνης
1595 559 1695 623 τῆς
1746 549 1993 625 ἀδελφῆς

330 648 634 715 αὐτοῦ,καὶ
681 645 1118 720 Βαρθολομαίου
1173 648 1269 699 τοῦ
1327 642 1664 710 ἀποστόλου,
1724 639 1992 696 διδάσκων

325 740 410 794 τὸν
446 737 619 812 λόγον
651 740 751 792 τοῦ
806 740 1077 810 Χριστοῦ,
1136 733 1223 789 καὶ
1285 733 1492 796 πείθων
1547 732 1675 794 τοὺς
1735 731 1994 792 ἀπίστους

335 829 631 896 ἀποστῆναι
664 824 774 880 ἆπὸ
806 832 910 894 τῆς
944 823 1164 894 πλάνης
1193 827 1301 878 τῶν
1339 819 1611 879 ειδώλων.
1674 820 1843 896 Εἶχον
1892 819 1993 895 γάρ

342 917 408 977 ὠς
436 918 560 970 Θεὸν
593 916 697 982 τήν
733 910 981 990 ἔχιδναν.
1017 915 1103 970 Ἐν
1139 914 1217 974 οἱς
1254 914 1318 980 ἦν
1367 911 1459 966 καὶ
1506 911 1804 983 Νικάνορα,
1855 909 1992 984 γυνή

337 1011 423 1061 τοῦ
458 1002 798 1071 ἀνθυπάτου,
828 1007 928 1058 τοῦ
980 1001 1070 1057 καὶ
1125 1002 1544 1075 τιμωρήσαντος
1595 998 1810 1060 αὐτούς.
1864 998 1997 1053 Εἶτα

332 1102 596 1170 φεμᾶται
641 1096 669 1150 ὁ
703 1092 1130 1169 Βαρθολομαῖος
1179 1091 1266 1146 καὶ
1315 1091 1342 1145 ὁ
1391 1089 1675 1151 Φίλιππος
1719 1089 1855 1142 κατὰ
1901 1107 1992 1140 κε-

327 1186 509 1262 φαλῆς
539 1185 775 1240 ἀπὸτοῦ
831 1183 1076 1258 τείχους.
1128 1181 1480 1258 Κρεμαμένου
1539 1177 1596 1234 δὲ
1642 1182 1738 1233 τοῦ
1790 1175 1995 1232 Φιλίπ-

323 1298 451 1346 που,
514 1275 608 1330 καὶ
667 1267 1146 1348 προσευχομένου,
1206 1269 1459 1348 ἐξαίφνης
1517 1268 1752 1344 ἠνοίχθη
1806 1269 1840 1336 ἡ
1895 1271 1993 1342 γῆ,

321 1368 406 1421 καὶ
472 1363 698 1419 κατέπιε
751 1360 880 1424 τοὺς
938 1361 1148 1430 ἀθέους,
1198 1359 1289 1414 καὶ
1345 1359 1438 1414 τὸν
1517 1357 1845 1427 ἀνθύπατον,
1901 1353 1992 1409 καὶ

322 1458 422 1523 τήν
457 1451 708 1528 ἔχιδναν,
741 1450 832 1506 καὶ
863 1471 990 1512 τους
1048 1450 1213 1524 ἱερεῖς
1269 1446 1456 1518 αὐτῆς.
1521 1448 1652 1503 Εἶτα
1709 1443 1799 1499 διὰ
1854 1449 1995 1519 Χρι-

329 1546 458 1596 στοῦ
487 1542 841 1615 ἀνήχθησαν,
872 1537 1020 1607 πλὴν
1052 1541 1148 1592 τοῦ
1205 1535 1507 1601 ἀνθυπάτου
1564 1534 1653 1589 καὶ
1711 1540 1811 1603 τῆς
1857 1532 1990 1636 ,ἐχί-

336 1627 485 1700 δνης.
520 1627 730 1696 Ἑλύθη
769 1623 827 1681 δὲ
856 1627 948 1681 καὶ
1005 1624 1448 1700 Βαρθολομαῖος,
1498 1621 1588 1677 καὶ
1620 1626 1654 1693 ἡ
1687 1621 1989 1697 Μαριάμνη

342 1721 444 1770 «an
476 1714 712 1790 δεσμῶν.
747 1716 811 1772 Ὀ
849 1712 908 1770 δὲ
939 1711 1220 1776 Φίλιππος
1254 1711 1568 1783 ἐτελειώθη.

885 1857 1072 1914 MHNI
1107 1860 1192 1937 Τῼ
1231 1861 1430 1934 ΑΥΤῼ.

1124 1967 1204 2020 IE'

331 2074 608 2152 'Aﬁlyczg
639 2079 748 2152 1‘6)?
795 2074 968 2150 ἁγίων
1028 2069 1396 2152 ὁμολογητῶν
1456 2066 1991 2152 Γιξυρίοιχ,σεεῖοιμωνιῖι3

403 2137 518 2202 καῖ’
583 2137 854 2216 Ἀϐίϐου,’
956 2137 1414 2219 μαρτυρησάντων
1504 2137 1577 2196 ἐν’
1637 2137 1828 2214 Ἐδέσῂ
1923 2140 1992 2212 τῇ

406 2221 601 2278 πόλει.

397 2349 571 2407 Οὗτοι
624 2347 879 2423 ὑπῆρχον
933 2342 1024 2401 ἐπὶ
1079 2339 1478 2413 Διοκλητιανοῦ
1537 2345 1634 2396 τοῦ
1697 2337 1990 2416 βασιλέως,

323 2437 778 2496 καὶἈντωνίνου
840 2432 1060 2496 δουκός.
1119 2433 1212 2488 Καὶ
1275 2426 1681 2502 διαϐληθέντες,
1742 2432 1816 2495 ὡς
1863 2431 1991 2494 τοὺς

329 2530 381 2584 ἐν
412 2533 485 2604 τῇ
549 2525 772 2602 φυλακῇ
832 2520 1195 2599 Χριστιανοὺς
1255 2520 1661 2597 θεραπεύοντες,
1720 2520 1992 2596 παρέστη-

327 2639 421 2672 σαν
479 2618 739 2691 Γουρίας,
774 2614 884 2691 ,καὶ
943 2617 1211 2686 Σαμωνᾶς
1265 2610 1325 2665 ἐκ
1379 2617 1481 2680 τῆς
1550 2610 1714 2680 αὐτῆς
1774 2609 1993 2673 πόλεως

329 2705 506 2778 ὄντες,
540 2707 635 2761 καὶ
667 2705 720 2760 ὲν
748 2705 893 2775 τάξει
946 2703 1134 2778 ἱερέων
1186 2703 1548 2777 ὑπάρχοντες.
1607 2701 1696 2770 Μὴ
1745 2703 1992 2765 πεισθέν-

326 2819 417 2859 τες
480 2799 575 2852 ουν
635 2800 790 2859 θῦσαι
848 2798 966 2855 τοῖς
1029 2789 1306 2858 εἰδώλοις,
1387 2795 1694 2864 κρεμῶνται
1772 2788 1992 2853 ἕκαστος

328 2887 437 2942 ἀπὸ
462 2889 567 2951 τῆς
605 2891 734 2958 μιᾶς
766 2884 956 2960 χειρὸς
999 2880 1084 2936 ἐπὶ
1136 2882 1292 2936 πέντε
1350 2880 1542 2958 ὥραις.
1594 2882 1727 2938 Εἶτα
1773 2902 1990 2936 κατενε-

329 2976 575 3052 χθέντες,
608 2975 700 3028 καὶ
760 2974 1110 3046 ἐπιμένοντες
1162 2975 1228 3045 τῇ
1289 2969 1588 3046 ὁμολογίᾳ,
1646 2970 1808 3027 πάλιν
1865 2991 1992 3048 κρε-

341 3040 543 3138 iiii-.11:
595 3065 704 3120 ἀπὸ
759 3067 866 3118 τῶν
920 3059 1128 3118 ποδῶν.
1189 3062 1318 3126 Εἶτα
1374 3061 1426 3116 ἐν
1488 3061 1674 3134 λάκκῳ
1731 3067 1991 3134 σκοτεινῷ

334 3157 639 3233 ἀμνρότεροι
675 3152 998 3228 βάλλονται,
1047 3151 1135 3206 καὶ
1199 3152 1332 3224 μετὰ
1385 3155 1546 3206 τοῦτο
1601 3151 1695 3214 τὰς
1747 3149 1988 3228 κεφαλάς

2016 1854 2065 1920 Β

2103 555 2336 612 riamna
2367 575 2568 614 sorore
2600 579 2726 628 sua,
2761 569 2938 635 atque
2989 569 3420 627 Bartholomaeo
3467 576 3759 646 apostolo,

2105 644 2324 702 docens
2354 649 2598 706 verbum
2630 653 2868 721 Christi,
2914 661 2972 711 et
3018 658 3294 716 inﬁdeles
3343 663 3416 718 ab
3465 644 3761 722 idolorum

2105 733 2454 791 seductione
2512 739 2862 798 abducens:
2917 745 3179 816 viperam
3264 752 3425 806 enim
3477 759 3764 825 tanquam

2105 823 2289 878 Deum
2321 827 2616 896 colebant,
2644 848 2672 885 e
2698 833 2912 903 quibus
2945 841 3003 890 et
3032 837 3320 896 Nicanora
3353 849 3475 897 erat
3507 861 3767 915 procon-

2107 913 2252 968 sulis
2284 933 2450 972 uxor.
2481 920 2670 984 Quare
2706 939 2838 977 cum
2871 929 3432 1000 proconsulisjussu
3465 934 3766 990 Bartholo-

2106 1019 2312 1074 maeus,
2347 1012 2404 1060 et
2443 1008 2752 1082 Philippus
2805 1016 3124 1070 excruciati
3174 1017 3445 1088 fuissent,
3481 1029 3540 1077 et
3570 1025 3759 1080 subli-

2104 1093 2300 1148 mibus
2324 1112 2353 1150 e
2378 1113 2546 1152 muro
2572 1101 2823 1170 pedibus
2845 1104 3195 1174 penderent,
3224 1117 3429 1164 orante
3460 1113 3760 1186 Philippo,

2104 1185 2416 1253 repentino
2453 1191 2620 1242 terrm
2653 1190 2818 1245 hiatu
2867 1210 3075 1249 omnes
3120 1197 3279 1250 athei
3311 1216 3430 1254 una
3458 1217 3593 1256 cum
3623 1221 3763 1274 pro-

2104 1274 2369 1343 consule,
2405 1277 2620 1348 vipera,
2656 1280 2904 1352 ejusque
2939 1285 3346 1342 sacerdotibus
3378 1290 3571 1346 hausti
3598 1300 3758 1349 sunt.

2104 1362 2327 1418 Deinde
2353 1365 2566 1420 Christi
2595 1368 2889 1425 beneﬁcio
2923 1389 3150 1442 omnes,
3183 1382 3401 1446 praeter
3428 1397 3761 1451 praeconsu-

2104 1451 2221 1505 lem
2254 1458 2312 1507 et
2350 1455 2630 1527 viperam,
2689 1459 2751 1514 in
2808 1467 3078 1532 apertum
3134 1482 3408 1524 evasere:
3448 1471 3759 1544 soluteque

2105 1541 2569 1601 Bartholomaero
2602 1553 2660 1602 et
2683 1549 3028 1623 Mariamna,
3054 1554 3363 1628 Philippus
3385 1558 3502 1613 vita
3521 1541 3761 1618 functus

2103 1635 2212 1687 est.

2665 1869 2907 1924 EODEM
2943 1873 3195 1930 MENSE.

2600 1975 2704 2030 Die
2751 1975 2984 2034 decima
3030 1981 3258 2052 quinta.

2101 2075 2256 2132 189
2289 2077 2948 2163 Certamepnsanctorufn
2998 2091 3368 2163 confessorum
3421 2093 3624 2163 (iuriae,
3651 2097 3758 2153 Sa-

2171 2165 2364 2275 τηιῖιεε,
2400 2158 2452 2206 et
2481 2153 2672 2222 Abibi,
2735 2159 2833 2226 qui
2889 2159 2948 2212 in
3002 2153 3135 2215 urbe
3193 2162 3391 2218 Edessa
3429 2153 3760 2236 martyrium

2171 2235 2235 2275 su
2275 2238 2408 2275 iere.

2170 2235 2408 2279 εαοιενε.

2172 2345 2274 2400 Isti
2326 2347 2691 2406 Diocletiano
2741 2351 3121 2425 imperatore,
3176 2361 3234 2413 et
3277 2361 3576 2417 Antonino
3610 2363 3760 2420 duce

2098 2433 2460 2492 claruerunt.
2497 2439 2683 2494 Delati
2715 2448 2934 2511 autem,
2970 2447 3129 2515 quod
3176 2448 3541 2506 Christianos
3571 2452 3631 2507 in
3659 2471 3758 2508 cu-

2101 2524 2294 2580 stodia
2323 2525 2586 2583 inclusos
2613 2536 2912 2601 curarent,
2935 2533 3162 2602 Gurias,
3188 2537 3457 2609 inquam,
3483 2545 3542 2595 et
3562 2541 3759 2596 Samo-

2098 2628 2227 2680 nas,
2261 2615 2360 2684 qui
2394 2632 2463 2670 ex
2494 2617 2702 2673 eadem
2735 2620 2881 2675 urbe
2915 2629 3105 2693 erant,
3137 2631 3196 2680 et
3225 2627 3287 2682 in
3318 2628 3526 2684 ordine
3559 2647 3752 2687 sacer-

2099 2701 2304 2758 dotum
2364 2707 2738 2778 censebatur,
2799 2728 2998 2767 coram
3058 2715 3206 2771 duce
3262 2718 3522 2784 adducti,
3555 2737 3750 2792 neque

2099 2789 2275 2846 idolis
2306 2795 2639 2852 sacriﬁcare
2671 2798 2958 2868 volentes,
2994 2803 3279 2860 sublimes
3313 2823 3383 2861 ex
3409 2808 3596 2863 altera
3621 2815 3754 2865 tan-

2098 2881 2223 2932 tum
2250 2896 2441 2969 manu,
2462 2883 2622 2938 horis
2651 2886 2915 2958 quinque
2934 2891 3291 2960 pependere.
3317 2895 3540 2951 Deinde
3571 2897 3753 2969 depo-

2097 2966 2214 3030 siti,
2248 2983 2382 3022 cum
2429 2968 2492 3023 in
2541 2971 2916 3029 confessione
2964 2977 3376 3047 persisterent,
3410 2980 3626 3037 iterum
3649 2966 3750 3039 Vin-

2094 3071 2262 3110 verso
2292 3058 2481 3129 capite
2506 3062 2972 3132 suspenduntur.
2995 3067 3205 3122 Postea
3227 3068 3288 3124 in
3313 3070 3754 3129 tenebricosum

2094 3142 2292 3199 lacum
2325 3147 2599 3218 conjecti,
2634 3150 2829 3221 gladio
2861 3152 3100 3208 demum
3143 3156 3279 3210 caesi
3331 3163 3486 3213 sunt.
3521 3162 3594 3214 At
3624 3178 3756 3216 san-

328 3249 752 3320 ἀποτέμνονται.
816 3247 872 3299 '0
921 3243 979 3300 δὲ
1037 3244 1186 3320 ἃγιος
1242 3239 1490 3314 Ἀϐιϐος,
1566 3242 1816 3309 διάκονος
1889 3239 1986 3314 ὥν,

2104 3239 2224 3288 ctus
2254 3235 2470 3291 Abibus
2502 3237 2808 3308 diaconus,
2847 3243 3065 3298 Licinio
3119 3245 3496 3316 imperatore,
3534 3257 3754 3322 marty-

326 3337 707 3411 ἐμαρτῦρησεν
763 3335 848 3391 ἐπὶ
911 3334 1209 3405 Λικιννίου,
1296 3327 1635 3403 διαϐληθεὶς,
1693 3333 1776 3388 ὅτι
1858 3333 1996 3388 κατὰ

326 3428 422 3489 τὰς
503 3448 698 3498 χωμας
783 3424 1236 3501 περιερχόμενος,
1350 3423 1782 3498 ὑπαναγινώσκει
1873 3429 1994 3486 τοῖς

330 3516 584 3579 ἀπίστοις
651 3517 745 3579 τάς
802 3517 951 3590 ἱεράς
1010 3509 1260 3589 βίϐλους,
1349 3512 1709 3587 ἐπιστηρίξων
1777 3512 1991 3577 αὐτούς.

335 3607 524 3672 Ὅθεν,
576 3604 864 3681 προστάξει
930 3607 1027 3658 τοῦ
1114 3602 1437 3678 παρανόμου
1529 3603 1618 3658 καὶ
1703 3597 1995 3667 δυσσεϐοῦς

349 3693 636 3771 βασιλέως,
670 3696 744 3758 εἷς
805 3697 1036 3767 κάμινον
1095 3692 1391 3771 φρυγάνοις
1449 3691 1686 3754 πολλοῖς
1738 3693 1992 3770 ἀναφθεῖ-

346 3806 442 3840 σαν
471 3780 788 3858 ἐμϐληθεὶς,
822 3783 1034 3860 χαίρων
1065 3782 1383 3854 ἐτελειώθη.

927 3930 1013 4002 Τῇ
1053 3927 1190 4002 αὐτῇ
1231 3926 1414 4003 ἡμέρᾳ

338 4037 616 4106 Ἀθλησις
673 4040 774 4090 τοῦ
831 4035 1006 4112 διγίοχθΔ
1046 4033 1334 4112 μάρτυρος-
1373 4036 1694 4112 Δημητρίου
1759 4040 1857 4092 τοῦ
1917 4035 1991 4100 εἷς

766 4103 1056 4176 Δαϐουδήν
1087 4103 1553 4183 μαρτυρήσαντος.

393 4238 457 4293 Ὀ
523 4235 735 4308 μάρτυς
793 4235 1113 4310 Δημήτριος
1176 4235 1424 4310 ὑπῆρχεν
1481 4235 1565 4291 ἐπὶ
1645 4237 1991 4309 Μαξιμιανοῦ

318 4328 414 4380 καὶ
446 4325 762 4397 Μαξιμίνου
791 4329 898 4379 τῶν
955 4321 1245 4400 βασιλέων,
1305 4325 1411 4379 ἀπὸ
1467 4325 1682 4402 χωρίου
1737 4322 1988 4396 Δαϐουδὴ

318 4412 920 4487 καλουμένου.¹¹οστις
979 4409 1296 4484 διαϐληθεὶς
1356 4415 1458 4468 ὑπὸ
1513 4419 1621 4470 τῶν
1681 4413 1986 4472 εἷδωλολα-

320 4511 496 4582 τρῶν,
531 4506 608 4567 ὡς
663 4505 1004 4580 Χριστιανὸς,
1065 4502 1338 4580 ἐκρατήθη
1401 4504 1505 4559 ὑπὸ
1563 4509 1660 4560 106
1713 4506 1991 4580 ἡγεμόνος

2098 3323 2253 3377 rium
2277 3326 2494 3380 subiit:
2519 3335 2830 3385 accusatus
2853 3333 3036 3399 enim,
3053 3334 3210 3404 quod
3232 3336 3389 3390 vicos
3408 3354 3752 3410 peragrans,

2098 3429 2402 3468 sacrarum
2433 3415 2766 3472 litterarum
2797 3419 3052 3475 lectione
3080 3423 3354 3479 inﬁdeles
3377 3427 3760 3483 conﬁrmaret

2100 3501 2370 3572 ejusdem
2421 3505 2587 3576 impii
2621 3512 2678 3561 et
2709 3507 2898 3578 iniqui
2944 3510 3319 3581 imperatoris
3363 3514 3540 3585 jussu
3571 3517 3632 3570 in
3665 3534 3757 3572 ca-

2099 3591 2330 3648 minum
2381 3594 2562 3650 aridis
2594 3597 2860 3669 virgultis
2892 3616 3210 3655 accensum
3271 3602 3547 3674 injectus,
3580 3606 3758 3662 vitam

2097 3681 2269 3738 laetus
2303 3685 2509 3740 ﬁnivit.

2739 3935 2962 3991 Eodem
2995 3936 3111 3993 die.

2097 4037 2250 4092 190
2283 4039 2584 4122 Certamen.
2618 4044 2797 4096 sancti
2843 4047 3104 4122 martyris
3128 4119 3140 4122 _
3163 4046 3446 4116 Demetrii,
3479 4053 3576 4120 qui
3606 4052 3758 4122 apud

2379 4111 2744 4166 Dabudenum
2791 4111 3062 4184 martyrio
3108 4119 3333 4185 functus
3374 4111 3469 4174 est.

2167 4235 2499 4291 Demetrius
2529 4244 2775 4311 martyr,
2811 4241 3164 4298 Maximiano
3198 4249 3256 4298 et
3294 4245 3611 4303 Maximino
3644 4250 3759 4304 im—

2093 4327 2488 4397 peratoribus,
2539 4345 2608 4383 ex
2656 4330 2803 4395 vico,
2851 4347 3028 4400 quem
3080 4333 3471 4389 Dabudenum
3522 4344 3755 4406 vocant,

2094 4421 2283 4470 ortum
2311 4415 2537 4470 habuit.
2574 4419 2900 4473 Accusatus
2927 4434 3064 4473 vero
3097 4421 3168 4474 ab
3202 4421 3558 4489 idololatris,
3593 4427 3752 4494 quod

2093 4503 2463 4559 Christianus
2495 4510 2672 4573 esset,
2705 4523 2740 4561 a
2770 4506 2976 4560 Publio
3010 4508 3284 4578 praefecto
3328 4511 3663 4581 corripitur,
3700 4519 3760 4569 et

322 4593 645 4651 Πουπλίου.
691 4594 789 4649 Καὶ
847 4592 1169 4668 ἐρωτηθεὶς,
1216 4593 1512 4669 ἀνεκήρυξε
1562 4595 1840 4672 παρρησίᾳ
1894 4599 1991 4667 τὴν

2105 4592 2433 4662 quaestione
2472 4593 2756 4664 adhibita,
2789 4611 2909 4648 non
2959 4596 3135 4651 modo
3186 4597 3365 4652 ﬁdem
3406 4599 3624 4655 Christi
3654 4603 3756 4656 Dei

319 4687 400 4749 εἷς
465 4686 698 4761 Χριστὸν
755 4687 848 4742 τὸν
904 4685 1035 4742 Θεὸν
1086 4687 1250 4759 ἡμῶν
1305 4687 1512 4746 πίστιν.
1569 4689 1672 4742 Καὶ
1737 4689 1841 4743 ὑπὸ
1896 4693 1994 4744 τοῦ

325 4779 495 4852 ἁγίου
524 4777 838 4850 Ηνεύματος
869 4775 1325 4852 συνεργούμενος,
1376 4772 1623 4832 ἐδίδασκε
1676 4776 1804 4840 τοὺς
1851 4799 1992 4853 παρ-

324 4872 594 4933 εστῶτας,
653 4866 778 4940 περί
831 4887 890 4921 τε
953 4872 1058 4934 τῆς
1110 4863 1572 4941 ένανθρωπήσεως
1623 4871 1721 4922 τοῦ
1785 4867 1992 4941 Κυρίου

324 4960 499 5030 ἡμῶν
536 4959 716 5027 Ἰησοῦ
742 4958 1002 5031 Χριστοῦ,
1053 4955 1143 5009 καὶ
1199 4961 1300 5024 τῆς
1360 4954 1599 5030 άῤῥήτου
1650 4955 1991 5029 οἰκονομίας,

326 5048 555 5116 καὶτῆς
586 5045 726 5117 ὅλης
773 5041 1114 5122 ἂγαθὸτητος
1167 5042 1353 5114 αὐτοῦ,
1411 5045 1498 5099 καὶ
1557 5043 1990 5119 φιλανθρωπίας,

325 5139 446 5191 εἶτα
475 5138 544 5192 τὰ
572 5137 696 5210 περὶ
725 5140 838 5191 τῶν
894 5131 1144 5189 εἰδώλων
1207 5131 1460 5204 ὀπατηλὰ
1515 5127 1852 5207 σεϐάσματα,
1902 5135 1992 5190 καὶ

321 5227 410 5281 ὅτι
439 5229 596 5307 κωφά
627 5226 732 5283 εἶσι
763 5225 860 5282 καὶ
919 5223 1078 5292 αὐτὰ,
1125 5223 1213 5278 καὶ
1253 5223 1306 5277 οἱ
1354 5217 1643 5296 σεϐόμενοι
1693 5222 1845 5280 αὐτά.
1898 5225 1993 5280 Διὸ

320 5319 396 5383 είς
431 5319 598 5397 ὀργήν
631 5320 723 5376 καὶ
761 5315 944 5389 Θυμὸν
988 5315 1216 5384 κινήσας
1259 5313 1351 5368 τὸν
1399 5312 1660 5387 ἡγεμόνα,
1708 5313 1848 5390 ξίφει
1890 5316 1990 5384 τὴν

315 5412 554 5483 κεσαλὴν
581 5407 969 5483 ἀποτμηθεὶς,
1013 5401 1334 5474 ἐτελειώθη,
1392 5399 1691 5458 ἀποΑαϐὼν
1742 5403 1990 5479 οὐράνιον

301 5475 557 5579 στέξανᾼν
591 5475 747 5579 παρᾶ
776 5475 1057 5570 Χριστοῦ,
1115 5493 1173 5547 ὃν
1231 5494 1477 5564 ποθήσας
1533 5475 1897 5568 ἐμαρτύρησεσ
1930 5495 1992 5550 τὸ

286 5594 343 5654 δὲ
371 5571 558 5672 τίμιον
597 5571 779 5651 αὐτοῦ
807 5584 1081 5660 λείψανον
1106 5581 1272 5660 ἐτάφη
1297 5582 1444 5658 παρὰ
1467 5587 1699 5654 πιστῶν,
1719 5583 1810 5638 καὶ
1829 5583 1996 5640 εὐλα-

274 5686 391 5750 ϐῶν
424 5669 676 5769 ⁴ίξνδρῶν,
715 5678 906 5760 βρύον
941 5669 1154 5746 ἰάματα
1171 5677 1288 5738 τοῖς
1325 5673 1796 5749 προσερχομένοις
1821 5674 1989 5748 αὐτῷ.

2102 4683 2290 4737 nostri
2321 4682 2508 4738 libere
2537 4684 2841 4741 confessus
2869 4693 2995 4753 est;
3029 4687 3133 4742 sed
3167 4689 3344 4744 etiam
3377 4689 3598 4763 Spiritu
3631 4710 3762 4749 san-

2103 4778 2196 4828 cto
2217 4780 2572 4845 cooperante
2593 4777 2750 4847 apud
2771 4780 3226 4836 circumstantes
3249 4781 3320 4837 de
3345 4782 3758 4842 incarnatione

2103 4865 2340 4920 Domini
2373 4867 2559 4922 nostri
2602 4869 2738 4923 Jesu
2784 4870 3024 4938 Christi,
3069 4871 3262 4942 deque
3311 4874 3600 4930 ineffabili
3631 4877 3760 4948 ejus

2103 4955 2568 5026 dispensatione,
2602 4973 2670 5012 ac
2699 4958 2964 5016 bonitate
3005 4966 3062 5016 et
3105 4961 3424 5020 clementia
3453 4965 3757 5035 disseruit,

2103 5044 2193 5114 adj
2205 5045 2392 5100 iciens
2405 5047 2790 5102 vanissimum
2805 5066 2932 5104 esse
2945 5049 3241 5106 idolorum
3265 5053 3758 5126 cultum,quando

2104 5139 2162 5188 et
2182 5134 2330 5206 ipsa,
2355 5141 2413 5190 et
2437 5137 2536 5206 qui
2569 5153 2637 5192 ea
2659 5138 2942 5206 colerent,
2965 5141 3104 5195 caeci
3129 5148 3346 5197 essent.
3368 5145 3558 5208 Quare
3581 5146 3758 5200 vehe-

2103 5223 2289 5277 menti
2322 5224 2628 5280 iracundio
2661 5234 2994 5282 commotus
3024 5230 3360 5299 praefectus,
3386 5231 3570 5301 jussit
3623 5248 3758 5288 eum

2061 5331 2064 5336 ·
2101 5311 2298 5384 gladio
2330 5313 2671 5369 obtruncari
2699 5332 2711 5370 :
2764 5317 2865 5386 qui
2911 5319 3231 5388 expetitam
3264 5336 3297 5372 a
3326 5319 3559 5374 Christo
3591 5336 3762 5374 coro-

2102 5417 2241 5456 nam
2289 5404 2589 5460 ccelestem
2638 5407 2886 5477 accepit.
2938 5408 3217 5462 Pretiosa;
3268 5409 3395 5478 ejus
3426 5408 3696 5478 reliquiae
3728 5427 3764 5466 a

2104 5493 2381 5551 ﬁdelibus
2407 5497 2641 5568 piisque
2663 5498 2801 5554 viris
2831 5497 3102 5569 sepulcro
3130 5497 3402 5568 conditae,
3424 5499 3762 5559 curationes

2102 5585 2526 5642 accedentibus
2558 5587 2634 5642 ad
2664 5587 2798 5643 illas
2832 5587 3132 5642 emittunt.
