4124 6430
418 349 533 410 163
1739 355 1791 415 Μ
1804 355 1897 414 ΕΝ
1906 353 2046 415 0L0

2209 350 2416 412 PARS
2463 349 2512 411 Ι.
3721 360 3834 420 164

1056 491 1278 546 Eodem
1331 491 1424 546 die
2097 494 2148 560 Α

2097 494 2148 560 Α
2764 487 2841 559 Τῇ
2881 485 3018 560 αὐτῇ
3060 487 3242 561 ἡμέρᾳ

412 602 560 656 191
610 600 792 655 Cazdes
847 602 1024 656 sancti
1079 601 1289 678 Jacobi,
1349 603 1547 678 fratris
1602 603 1785 658 sancti
1838 603 2040 657 Joanni

2209 592 2241 648 Η
2271 590 2447 668 σιραγῆ
2496 594 2593 646 τοῦ
2642 590 2807 678 ’ἀγίου
2865 588 3180 678 Ἰακώϐουκ
3214 592 3461 678 ,ἀδελφοῦ
3515 603 3612 654 τοῦ
3677 600 3837 678 ἀγίου

1101 664 1377 742 Theologi.
2316 664 2326 668 ⁷
2392 664 2400 666 ἡ
2642 664 2729 720 Ἰω

2316 664 2326 668 ⁷
2392 664 2400 666 ἡ
2642 664 2897 720 Ἰωάννου
2927 669 3024 719 τοῦ
3055 665 3355 742 Θεολόγου,

481 781 731 836 Jacobus
763 780 1066 851 apostolus
1106 797 1174 834 ex
1225 780 1536 835 duodecim
1570 780 1855 853 apostolis
1885 798 2062 848 unus,

2249 764 2508 832 Ἰάκωϐος
2539 771 2566 825 6
2600 770 2908 834 ἀπόστολος
2943 773 3160 850 ὑπῆρχε
3215 775 3309 848 μὲν
3363 775 3422 830 ἐκ
3467 782 3575 832 τῶν
3625 776 3841 836 δώδεκα

413 873 593 926 frater
622 871 734 924 fuit
783 871 972 925 sancti
1001 871 1242 924 Joannis
1271 870 1574 943 Theologi,
1609 871 1767 926 filius
1798 870 2039 924 Zebedm

2212 857 2522 914 ποστόλων’
2555 861 2623 929 ἦν
2683 858 2740 915 δὲ
2788 858 3023 931 ἀδελφὸς
3070 868 3166 918 τοῦ
3218 863 3375 940 ἁγίου
3429 866 3683 923 Ἰωάννου
3741 871 3835 925 τοῦ

411 977 480 1015 ex
515 961 789 1015 Calilaea:
825 977 972 1031 quos
1006 960 1207 1014 videns
1241 961 1524 1014 Dominus
1555 977 1677 1016 una
1718 977 1852 1015 cum
1884 960 2032 1014 Zebe

2204 948 2624 1024 )εολόγου,υἱὸς
2683 945 2972 1006 Ζεϐεδαίου
3028 956 3125 1007 τοῦ
3185 955 3290 1008 ἀπὸ
3347 962 3446 1025 τῆς
3506 958 3832 1023 Γαλιλαίας.

410 1051 536 1105 (1ωο
569 1067 772 1104 eorum
806 1057 971 1120 patre
1016 1067 1186 1104 secus
1241 1055 1514 1122 stagnum
1565 1052 1885 1104 Genezaret
1914 1050 2038 1104 reti:

2208 1037 2281 1100 ιίίς
2312 1039 2400 1093 καὶ
2436 1035 2569 1094 ἰδὼν
2603 1041 2631 1095 6
2661 1040 2856 1116 Κύριος
2918 1042 3054 1115 μετά
3102 1039 3388 1099 Ζεϐεδαίου
3442 1051 3540 1101 τοῦ
3599 1049 3836 1123 πατέρος

403 1140 742 1194 reﬁcientes
774 1141 964 1202 (erant
995 1139 1152 1194 enim
1185 1140 1550 1210 piscatores),
1582 1140 1806 1196 vocavit
1836 1157 1973 1207 eos;
2005 1156 2031 1194 e

2213 1128 2375 1200 ὗτῶν,
2435 1128 2582 1205 παρά
2635 1131 2733 1199 τὴν
2793 1128 3000 1204 λίμνην
3061 1134 3415 1207 Γεννησαρὲτ,
3474 1137 3835 1211 καταρτίζον-

405 1229 602 1284 statim
634 1229 858 1283 relictis
891 1229 1188 1295 omnibus,
1219 1234 1276 1282 et
1301 1235 1486 1300 patre,
1513 1231 1697 1284 secuti
1732 1234 1870 1284 sunt
1900 1245 2033 1283 eum

2209 1238 2264 1278 ας
2301 1216 2368 1272 τὰ
2423 1214 2611 1273 δίκτυα
2664 1219 2864 1289 αὐτῶν,
2920 1219 2994 1282 ὡς
3051 1221 3246 1291 ἁλιεῖς,
3303 1221 3554 1279 ἐκάλεσεν
3613 1225 3837 1290 αὐτούς.

402 1321 652 1391 ejusque
687 1318 1017 1390 disciplinae
1076 1335 1205 1374 sese
1266 1319 1582 1374 tradidere.
1635 1321 1774 1374 Post
1823 1320 2030 1373 Domin

2211 1305 2276 1361 ἰαὶ
2337 1305 2532 1370 εὐθέως
2590 1308 2810 1384 ἀφέντες
2868 1310 3097 1381 ἅπαντα,
3155 1313 3245 1366 καὶ
3301 1313 3392 1367 τὸν
3470 1315 3675 1390 πατέρα
3733 1317 3839 1371 αὐ·-

399 1416 599 1465 autem
671 1409 1106 1476 ascensionem,
1176 1413 1233 1463 et
1299 1409 1562 1480 Deiparaa
1603 1407 2025 1463 dormitionem

2209 1399 2300 1463 ὧν,
2347 1393 2732 1467 ἠκολούθησαν
2788 1396 2956 1471 αὐτῷ,
3005 1399 3094 1454 καὶ
3154 1399 3288 1470 ἦσαν
3334 1405 3462 1477 παρ’
3522 1403 3666 1476 αὐτῷ
3725 1427 3837 1478 μα-

401 1500 658 1554 Joannes
687 1497 928 1569 quidem
951 1498 1244 1568 Ephesum
1272 1495 1436 1562 abiit,
1459 1497 1900 1568 praadicationis
1933 1515 2029 1554 mu

2207 1484 2546 1558 ητευόμενοι.
2576 1486 2725 1543 Μετά
2755 1484 2812 1542 δὲ
2849 1489 2946 1556 τὴν
3004 1487 3278 1564 ἀνάληψιν
3323 1496 3420 1548 τοῦ
3461 1493 3686 1568 Κσρίου,
3737 1497 3833 1550 καὶ

403 1605 546 1643 nere
580 1587 659 1641 ibi
690 1588 982 1659 fungens;
1014 1585 1264 1641 Iacobus
1296 1603 1430 1641 vero
1462 1587 1687 1642 relictis
1720 1587 2026 1659 Hierosoly

2205 1576 2294 1659 ἢν,
2330 1576 2592 1648 κοίμησιν
2650 1583 2752 1646 τῆς
2784 1576 3072 1648 Θεοτόκου,
3134 1581 3162 1635 6
3225 1581 3321 1653 μὲν
3383 1582 3642 1652 Ἰωάννης
3699 1605 3832 1641 κατ-

403 1679 537 1746 mis,
560 1677 872 1732 duodecim
905 1676 1094 1731 tribus
1117 1676 1299 1731 Israel
1325 1692 1700 1748 percurrens,
1737 1677 2031 1732 Dominun

2205 1658 2332 1719 λαϐε
2359 1665 2460 1733 τήν
2492 1667 2750 1739 Ἔφεσον,
2781 1663 3048 1722 διδάσκων
3083 1667 3134 1722 ἐν
3191 1670 3352 1745 αὐτῇ·
3390 1672 3418 1726 6
3451 1669 3510 1728 δὲ
3542 1668 3833 1744 Ἰάκωϐος,

401 1773 672 1823 nostrum
729 1769 928 1822 Jesum
986 1767 1286 1821 Christum
1359 1767 1579 1838 ubique
1639 1767 2029 1823 annuntiabat

2210 1750 2518 1830 πολειφθεὶς
2577 1754 2652 1816 εἷς
2709 1755 2776 1810 τὰ
2831 1755 3214 1830 Ἰεροσόλυμα,
3297 1759 3389 1814 καὶ
3442 1761 3538 1823 τὰς
3618 1759 3838 1819 δώδεκα

401 1858 798 1924 Quamobrem
827 1857 898 1911 ab
932 1856 1158 1910 Herode
1209 1857 1506 1912 tetrarcha
1537 1857 1599 1912 in
1630 1856 1916 1924 Caesarea,
1949 1860 2027 1912 Pa

2201 1842 2342 1906 ιυλάς
2395 1847 2493 1898 τοῦ
2553 1843 2777 1919 Ἰσραὴλ
2839 1843 3091 1916 διελθὼν,
3181 1848 3679 1926 εὐαγγελιζόμενος
3731 1853 3829 1908 τὸν

398 1948 647 2002 lmstina)
677 1947 842 2014 urbe,
870 1947 1361 2017 comprehensus,
1389 1946 1636 2017 ejusque
1662 1947 1835 2018 jussu
1862 1947 2026 2019 gladi

2207 1931 2365 2004 ὐριον
2425 1935 2589 2005 ἡμῶν
2677 1935 2886 2004 Ἰησοῦν
2971 1935 3230 2012 Χριστὸν,
3317 1937 3590 2014 ἐκρατήθη
3679 1943 3835 2016 παρὰ

403 2053 610 2102 erasus,
662 2036 722 2089 in
773 2036 984 2090 cmlum
1033 2035 1318 2089 avolavit:
1370 2035 1469 2090 ubi
1520 2053 1654 2090 cum
1686 2036 1915 2090 Christo
1947 2037 2029 2091 Do

2205 2019 2416 2094 5905800
2468 2026 2566 2077 τοῦ
2622 2023 2929 2098 τετράρχου
2989 2023 3040 2079 ἐν
3103 2027 3399 2102 Καισαρείᾳ
3456 2030 3556 2098 τῆς
3611 2028 3833 2085 Παλαι-

400 2126 562 2182 mino
593 2131 958 2197 praeceptore
992 2141 1118 2191 suo,
1153 2126 1390 2194 Deoque
1423 2131 1626 2180 nostro
1661 2125 2028 2180 clementissi

2207 2110 2372 2181 τίνης·
2404 2111 2493 2166 καὶ
2530 2112 2618 2166 ὑπ’
2663 2112 2827 2168 αὐτοῦ
2882 2113 3101 2190 σφαγεῖς
3155 2113 3207 2170 ἐν
3273 2116 3540 2193 μαχαίρᾳ,
3600 2116 3835 2196 ἀνέδρα-

399 2232 496 2271 mo
529 2221 754 2287 regnat,
2171 2221 2238 2273 με
2293 2201 2430 2276 πρὸς
2486 2201 2737 2278 οὐρανὸν,
2825 2198 3277 2276 συμϐασιλεύσων
3333 2212 3414 2280 τῷ
3471 2207 3676 2283 Κυρίῳ,
3736 2211 3836 2264 καὶ

2168 2287 2482 2364 διδασκάλῳ
2515 2296 2759 2368 Χριστῷ,
2783 2295 2863 2364 τῷ
2903 2293 3279 2372 φιλανθρώπῳ
3309 2300 3425 2369 Θεῷ
3454 2299 3640 2372 ἡμῶν.

971 2414 1211 2469 EODEM
1253 2415 1504 2470 MENSE.

2717 2403 2895 2457 MUNI
2935 2405 3020 2481 Τᾳ
3059 2406 3255 2480 ΑΥΤῼ.

937 2520 1040 2577 Die
1073 2521 1307 2577 decima
1330 2526 1512 2577 sexta.
2961 2515 3028 2580 ¹ζ¹

398 2629 550 2686 192
605 2628 1064 2684 Commemoratio
1119 2631 1294 2684 sancti
1350 2631 1586 2701 apostoli
1629 2635 1678 2686 et
1708 2630 2026 2701 evangelista

2202 2617 2368 2690 [νήμη
2446 2619 2543 2671 τοῦ
2630 2613 2784 2690 ἁγίου
2861 2615 3174 2674 ἀποστόλου
3255 2618 3347 2674 καὶ
3434 2618 3830 2696 εὐαγγελιστοῦ

1081 2701 1354 2758 Matt/imi.

2836 2706 3135 2765 Ματθαίου.

467 2824 774 2880 Μᾶιιὶιωιιε
804 2825 1102 2897 apostolus
1164 2843 1233 2881 ex
1293 2825 1606 2882 duodecim
1641 2827 2047 2898 apostolorum

2229 2832 2500 2893 Ματθαῖος
2532 2831 2560 2885 6
2593 2828 2900 2893 ἀπόστολος
2934 2831 3153 2907 ὑπῆρχε
3205 2833 3299 2905 μὲν
3347 2834 3439 2889 καὶ
3498 2833 3659 2897 αὐτὸς
3704 2839 3822 2892 τῶν

395 2931 643 2969 numero
678 2915 806 2982 fuit,
842 2914 1235 2986 publicamus,
1270 2931 1337 2970 ac
1382 2915 1564 2970 frater
1601 2915 1797 2971 Jacobi
1831 2933 2016 2986 cogno

2197 2919 2369 2976 ώδεκα
2427 2920 2749 2975 ἀποστόλων
2810 2921 2904 2985 εἶς’
2949 2923 3015 2992 ἦν
3081 2919 3137 2976 δὲ
3220 2922 3491 2995 τελώνης,
3575 2922 3825 2999 ἀδελφὸς

393 3011 594 3060 mento
625 3005 872 3077 Alphaai.
907 3008 1053 3060 Eum
1085 3006 1373 3061 Dominus
1403 3006 1475 3061 ad
1510 3007 1798 3062 telonium
1831 3008 2013 3062 seden

2201 3005 2420 3065 ακώϐου
2460 3013 2558 3064 τοῦ
2617 3007 3020 3085 ἐπιλεγομένου
3079 3010 3371 3088 Ἀλιραίουο
3433 3013 3821 3086 Καθεζόμενον

393 3100 511 3150 tem
571 3096 968 3168 conspicatus,
1025 3095 1268 3162 vocavit,
1323 3100 1390 3150 ut
1445 3113 1507 3151 se
1565 3103 2021 3168 sequereturzat

2193 3098 2397 3154 ὲαύτὸν
2431 3099 2518 3153 ἐπὶ
2548 3097 2610 3153 τὸ
2659 3097 2922 3154 τελώνιον
2979 3097 3110 3155 ἰδὼν
3171 3102 3198 3155 6
3261 3100 3455 3174 Κύριος
3515 3100 3821 3178 διερχόμε-

391 3185 592 3239 statim
623 3190 996 3256 sequentem,
1058 3184 1118 3238 in
1178 3201 1422 3240 suorum
1468 3185 1897 3258 discipulorum
1930 3204 2011 3242 nn

2192 3209 2264 3258 ος,
2306 3184 2558 3242 ἐκάλεσεν
2619 3185 2795 3252 ἐλθεῖν
2855 3185 3029 3243 ὀπίσω
3089 3189 3277 3244 αὐτοῦ’
3337 3190 3429 3245 καὶ
3487 3191 3820 3264 ἀναστάντα,

387 3293 552 3332 mero
601 3276 894 3346 ascripsit.
947 3276 1158 3330 Octavo
1206 3281 1342 3346 post
1385 3276 1597 3331 Christi
1629 3277 2015 3333 ascensionem

2186 3277 2245 3333 ,αὶ
2326 3278 2797 3349 ἀκολουθήσαντα,
2873 3278 3098 3352 ἐποίησε
3153 3282 3242 3336 καὶ
3300 3280 3461 3338 αὐτὸν
3523 3285 3814 3356 μαθητήν.

385 3385 541 3424 anno
574 3368 778 3423 afﬂatu
811 3368 999 3423 sancti
1051 3367 1323 3439 Spiritus,
1359 3373 1629 3423 sanctum
1662 3369 2013 3442 Evangeliun

2199 3372 2336 3432 )στις
2395 3369 2530 3441 μετά
2585 3369 2684 3437 τήν
2743 3373 2838 3423 τοῦ
2900 3369 3102 3444 Κυρίου
3160 3369 3460 3446 ἀνάληψιν,
3515 3372 3604 3426 καὶ
3679 3375 3827 3446 μετά

387 3458 514 3530 ejus
547 3458 786 3512 nomine
840 3462 1236 3529 praenotatum
1293 3457 1668 3529 conscripsit,
1703 3465 2015 3530 sanctasqul

2193 3462 2287 3512 τῶν
2344 3457 2488 3513 ὀκτὼ
2538 3455 2888 3534 παρέλευσιν,
2939 3459 3314 3536 συνεγράψατυ
3362 3461 3425 3517 τὸ
3465 3463 3582 3516 κατ’
3630 3460 3821 3534 αὐτὸν,

389 3547 933 3620 Hierosolymorum
957 3547 1234 3601 Ecclesia)
1284 3546 1546 3601 tradidit.
1583 3547 1804 3602 Deinde
1837 3547 2017 3602 multi

2193 3547 2408 3620 πιπνοίᾳ
2433 3551 2530 3604 τοῖ)⁹
2571 3549 2731 3622 ἁγίου
2763 3548 3103 3622 Πνεύματος,
3161 3552 3313 3626 ἅγιον
3364 3549 3708 3628 Εὐαγγέλιον
3739 3557 3821 3629 τῇ

386 3637 653 3707 gentium
684 3636 1001 3707 provinciis
1025 3636 1373 3707 peragratis,
1396 3635 1638 3690 verbum
1671 3636 1886 3690 Christi
1919 3636 2009 3692 dis

2195 3631 2395 3710 )ὅραΐδι
2485 3635 2772 3711 διαλέκτῳ·
2853 3638 2944 3693 καὶ
3025 3638 3335 3714 παρέδωκεν
3391 3641 3524 3696 αὐτὸ
3603 3645 3672 3714 τῇ
3761 3640 3823 3698 ἐν

387 3726 711 3792 seminans,
763 3725 836 3780 ad
892 3725 1411 3796 anthropophagos
1467 3742 1658 3795 usque
1690 3727 2015 3796 penetravit

2195 3726 2556 3802 εροσολύμοις
2615 3727 2739 3804 ἁγίᾳ
2794 3726 3117 3800 Ἐκκλησία.
3206 3729 3336 3786 Εἶτα
3422 3729 3664 3799 ἀπῆλθεν
3736 3731 3823 3795 εἷς

384 3813 541 3886 apud
555 3831 703 3885 quos
717 3813 906 3868 multa
923 3819 1220 3867 tormenta
1235 3813 1821 3884 perpessus,tandem
1839 3819 2012 3868 creati

2181 3813 2364 3878 τολλάς
2396 3815 2562 3880 ἐθνῶν
2593 3817 2804 3892 χώρας,
2841 3813 3110 3872 διδάσκων
3157 3817 3255 3873 τὸν
3306 3815 3471 3894 λόγον
3525 3823 3623 3874 τοῦ
3665 3821 3809 3896 Χρι-

379 3905 504 3959 illic
535 3903 861 3974 relictoque
911 3903 1189 3972 episcopo
1235 3902 1502 3965 Platone,
1535 3902 1898 3972 Hierapolim
1931 3903 2004 3974 Sy

2189 3909 2298 3962 τοῦ.
2358 3909 2478 3962 Ἔτι
2540 3903 2598 3961 δὲ
2655 3905 2746 3960 καὶ
2807 3905 2882 3968 είς
2942 3905 3074 3970 τοὺς
3131 3907 3636 3982 ἀνθρωποκτόνους,
3707 3908 3811 3973 οὐς

379 3995 483 4049 rite
509 3993 841 4047 concessit:
869 3991 970 4045 ubi
991 3991 1264 4061 plurimis
1287 3990 1622 4045 Christiana
1648 3991 1761 4046 [ide
1795 3992 2003 4047 imbuti

2187 4016 2282 4058 ινες
2315 3993 2564 4068 λέγουσιν
2603 3995 3086 4073 ἀνθρωποφάγους·
3151 3996 3203 4052 ἐν
3263 3999 3344 4059 οἷς
3389 3996 3576 4053 πολλά
3639 3999 3815 4073 βασα-

379 4090 556 4154 atque
589 4083 915 4154 baptizatis,
948 4081 1176 4136 vivendi
1214 4081 1394 4135 ﬁnem
1426 4080 1584 4135 fecit.

2182 4085 2370 4152 ισθεὶς,
2402 4086 2492 4140 καὶ
2526 4084 2820 4140 ἐπισκοπον
2873 4088 3109 4156 ποιήσας
3165 4085 3431 4143 Πλάτωνα
3480 4085 3810 4162 λεγόμενον,

379 4175 466 4228 καὶ
510 4171 826 4227 καταλιπὼν
860 4171 1050 4237 ἐκεῖσε,
1099 4171 1340 4233 ἀπῖλθεν
1375 4169 1452 4234 εἰς
1493 4167 1802 4244 Ἰεράπολιν
1852 4177 1950 4241 τῆς
1999 4173 2221 4249 Συρίας
2271 4176 2427 4230 κάκεὶ
2478 4173 2693 4247 διδάξας
2740 4173 2988 4239 πολλοὺς
3042 4177 3133 4232 τὸν
3191 4177 3354 4252 λόγον
3414 4181 3512 4233 τοῦ
3571 4179 3818 4254 Χριστοῦ

375 4263 464 4318 καὶ
499 4263 786 4337 βαπτίσας,
817 4258 1142 4316 τελειοῦται.

1012 4387 1231 4444 Eodem
1272 4386 1387 4442 die.

2735 4391 2812 4462 Τῇ
2853 4388 2993 4462 αὖτῇ
3035 4387 3217 4464 ἡμέρᾳ

556 4499 704 4554 I93
738 4498 1021 4554 Certamen
1051 4497 1227 4552 sancti
1265 4497 1528 4564 martyris
1574 4495 1852 4551 Barlaam.

2373 4493 2643 4565 ’Λθλησις
2672 4498 2770 4550 τοῦ
2801 4493 2958 4571 ἀγίου
2991 4497 3265 4570 μάρτυρος
3296 4494 3580 4572 Βαρλαάμ.

445 4607 716 4662 Barlaam
770 4609 996 4675 martyr
1024 4603 1354 4658 Antiochiaa
1384 4603 1566 4674 Syriaa
1615 4609 1811 4671 natus,
1858 4607 2031 4658 mtate
2064 4590 2073 4652 l

2210 4597 2480 4672 Βαρλαὰμ
2519 4599 2546 4652 ὁ
2597 4598 2802 4671 μάρτυς
2866 4599 3112 4675 ὑπῆρχεν
3164 4601 3269 4655 ἀπὸ
3322 4600 3664 4677 Ἀντιοχείας
3705 4608 3819 4672 τῆς

373 4712 576 4764 senex,
610 4695 683 4749 ob
715 4694 931 4748 Christi
977 4693 1411 4748 confessionem
1444 4693 1518 4746 ad
1549 4692 1894 4763 przefectum
1927 4693 2001 4747 ad

2192 4687 2364 4762 υρίας’
2395 4688 2569 4763 γέρων
2604 4686 2662 4743 δὲ
2691 4689 2787 4757 τήν
2820 4687 3045 4758 ἠλικίαν
3098 4689 3388 4766 ὑπάρχων,
3441 4688 3534 4746 διὰ
3579 4691 3677 4759 τήν
3730 4690 3820 4756 εἷς

375 4786 608 4852 ductus,
637 4801 772 4839 cum
821 4783 998 4838 idolis
1047 4782 1382 4837 sacriﬁcare
1423 4782 1798 4848 detrectaret,
1833 4783 2003 4836 nervi

2187 4779 2368 4854 ριστὸν
2405 4779 2710 4854 ὁμολογίαν
2759 4782 3056 4856 προσήχθη
3109 4785 3190 4854 τῷ
3243 4782 3496 4856 ἄρχοντι.
3556 4780 3660 4838 Καὶ
3723 4783 3810 4854 μὴ

372 4875 612 4932 bubulis
643 4873 985 4946 gravissime
1008 4871 1273 4936 caeditur,
1298 4871 1511 4926 deinde
1542 4871 1838 4943 unguibus
1869 4873 2000 4926 evul

2185 4869 2379 4932 εισθεὶς
2435 4870 2586 4924 θῦσαι
2643 4874 2762 4931 τοῖς
2821 4867 3102 4942 εἰδώλοις,
3160 4870 3418 4926 τύπτεται
3482 4870 3615 4944 μετά
3675 4871 3813 4945 βου-

373 4967 700 5034 sis,iterum
725 4965 998 5022 admotus
1020 4965 1214 5029 altari,
1233 4963 1525 5035 explicata
1545 4979 1652 5034 per
1683 4964 1796 5017 vim
1825 4980 2001 5018 manu

2186 4955 2362 5032 ιύρων,
2396 4957 2488 5012 καὶ
2517 4955 2644 5018 τοὺς
2695 4954 2898 5032 ὃνυχας
2951 4957 3278 5034 ἐκριζοῦται.
3328 4959 3456 5016 Εἶτα
3494 4963 3574 5031 τῷ
3628 4960 3814 5034 βωμῷ

374 5059 573 5132 ignem
604 5056 783 5111 simul
814 5072 948 5110 cum
1000 5055 1172 5109 thure
1222 5053 1496 5125 excipere
1542 5053 1884 5124 compulsus
1917 5057 2002 5108 est

2183 5046 2498 5123 ροσαχθεὶς,
2528 5048 2724 5132 Δβιαίως
2756 5046 2995 5118 ἠπλώθη
3037 5049 3136 5116 τὴν
3186 5053 3369 5124 χεῖρα,
3415 5048 3506 5104 καὶ
3561 5052 3666 5123 πῦρ
3719 5047 3811 5105 ἐπ’

371 5130 761 5204 E'xistimabat
819 5145 978 5200 enim
1037 5144 1374 5216 praefectus,
1435 5159 1571 5196 eum
1635 5143 1899 5197 excussis
1955 5159 1999 5198 at

2178 5136 2276 5210 ὐτῇ
2306 5135 2397 5190 καὶ
2451 5130 2756 5191 λιϐανωτὸν
2813 5135 3052 5212 δέχεται.
3123 5136 3380 5210 Ἐνόμισε
3424 5137 3525 5214 γὰρ
3558 5138 3585 5191 6
3613 5137 3806 5212 ἂρχων

377 5254 537 5294 aram
563 5251 682 5290 una
703 5251 836 5290 cum
863 5235 1034 5288 thure
1052 5231 1431 5295 carbonibus,
1450 5231 1643 5284 visum
1668 5231 1740 5284 iri
1763 5231 2005 5285 victima:

2182 5250 2221 5284 τι
2253 5227 2460 5291 τίτοὺς
2493 5229 2759 5304 ἄνθρακας
2811 5228 2946 5302 μετά
3000 5233 3098 5283 τοῦ
3145 5223 3456 5284 λιϐανωτοῦ
3510 5232 3589 5301 τῷ
3639 5228 3810 5304 βαμῷ

373 5328 486 5383 diis
517 5325 905 5381 obtulisse.At
925 5323 1025 5378 ille
1049 5327 1329 5378 constans
1353 5326 1411 5376 et
1431 5319 1822 5374 immutabilis
1845 5321 2001 5374 stetit

2179 5317 2439 5395 πιῤῥίψει,
2475 5316 2616 5392 δόξει
2673 5318 2857 5382 θυσίαν
2917 5324 3278 5395 προσαγαγεῖν
3336 5324 3454 5382 τοῖς
3513 5321 3678 5381 Θεοῖς.
3739 5320 3807 5378 Ὀ

375 5419 578 5489 quovis
611 5433 726 5471 aare
755 5415 1032 5486 ferroque
1051 5413 1351 5468 duriorem
1375 5410 1643 5466 dextram
1667 5415 1896 5477 tenens,
1922 5409 1998 5466 do

2183 5421 2196 5465 ὲ
2235 5405 2524 5472 ἀνένδοτος
2549 5407 2744 5464 ἵστατο
2775 5409 2866 5465 καὶ
2899 5408 3186 5486 ἄτρεπτος,
3242 5409 3606 5485 εὐτονωτέρας
3657 5409 3811 5481 αὐτῷ

375 5529 485 5566 nec
515 5511 782 5580 subjecta
813 5525 947 5564 caro
971 5507 1090 5580 igni
1113 5506 1427 5576 absumpta
1451 5506 1514 5558 in
1537 5509 1755 5559 terram
1787 5503 2003 5559 decidit

2182 5499 2374 5572 αλκοῦ,
2406 5500 2495 5554 καὶ
2550 5498 2780 5575 σιδήρου
2835 5500 3096 5578 φανείσης
3150 5503 3252 5565 τῆς
3307 5498 3500 5572 δεξιᾶς’
3550 5495 3654 5561 ἕως
3701 5500 3809 5568 τήν

374 5599 670 5671 perforata
700 5601 829 5670 ejus
861 5615 1040 5654 manu
1068 5615 1081 5664 ;
1115 5614 1250 5653 cum
1281 5595 1522 5651 interim
1564 5595 1689 5666 ipse
1724 5611 1926 5650 averso
1955 5595 2002 5651 al

2179 5587 2504 5666 ποκειμένην
2529 5591 2701 5666 σάρκα
2727 5591 2788 5647 τὸ
2848 5595 2953 5666 πῦρ
3016 5588 3354 5661 δαπανῆσαν,
3413 5589 3492 5654 εἲς
3539 5590 3637 5658 τὴν
3695 5595 3807 5664 γῆν

376 5704 479 5744 ara
508 5688 672 5743 vultu
703 5704 937 5762 semper
958 5693 1133 5761 esset,
1155 5693 1213 5744 et
1234 5701 1477 5743 manum
1499 5683 1766 5742 comburi
1797 5685 2004 5742 mallet

2179 5681 2368 5758 Ξέπεσεν
2462 5679 2923 5757 διατρυπηθείσης
3008 5680 3173 5737 αὐτοῦ
3254 5688 3356 5752 τῆς
3426 5679 3635 5758 χειρός.
3691 5679 3807 5736 Καὶ
