4124 6436
319 359 436 420 165

1820 353 2274 418 NOVEMBEB.

3633 357 3758 420 166

317 488 514 548 τούτου
536 487 904 566 γινομενους,
968 485 1097 544 οὐὸὶ
1153 486 1299 550 δλως
1367 487 1684 565 ἀπεστράφη
1717 485 1855 562 πρὸς
1899 486 1991 540 τὸν

2117 503 2288 560 quam
2319 488 2456 544 thus
2487 488 2562 544 ad
2591 505 2756 545 aram
2798 490 3112 562 projicere,
3150 493 3328 562 atque
3358 489 3443 546 ita
3470 507 3760 564 generoso

329 581 534 659 βωμὸν,
592 577 726 635 ἀλλ’
791 577 1094 654 ᾑρετίσατο
1153 576 1482 644 κατακαῆναι
1539 577 1638 647 τήν
1717 581 1900 652 χεῖρα,
1958 575 1994 645 ἢ

330 668 550 729 λίϐανον
580 674 664 742 τῷ
729 669 918 745 βωμῷ
964 664 1248 742 ἐμϐαλεῖν.
1310 668 1408 722 Καὶ
1472 665 1614 722 οὕτω
1672 666 1807 740 μετὰ
1863 685 1998 741 γεν-

331 763 476 818 ναίου
506 760 598 816 καὶ
632 758 872 836 στερῥοῦ
918 761 1271 838 φρονήματος
1329 754 1612 832 παρέδωκε
1662 757 1762 824 τήν
1826 774 2000 828 μακα-

338 853 440 929 ρίαν
474 850 640 907 αὐτοῦ
671 851 870 925 ψυχὴν
903 853 986 921 τῷ
1018 849 1226 924 Κυρίῳ.

874 957 1064 1014 MHNI
1115 961 1199 1035 Τῼ
1253 957 1458 1033 ΛΥΤῼ.

1142 1045 1214 1100 ΙΖ’

329 1159 542 1229 Μνήμη
605 1158 704 1229 τοῦ
774 1154 826 1210 ἐν
898 1153 1078 1229 ἁγίοις
1135 1152 1362 1229 Ιίατρὸς
1427 1155 1588 1224 ἡμῶν
1671 1149 2001 1229 Γρηγορίου,

477 1227 787 1284 ἐπισκόπου
809 1225 1257 1302 Νεοκαισαρείας,
1285 1228 1382 1280 τοῦ
1414 1225 1858 1299 Θαυματουργοῧ.

403 1335 584 1398 Οὗτος
641 1335 711 1404 ἦν
771 1333 858 1388 ἐπ’
943 1329 1304 1407 Αὖρηλιανοΰ
1360 1334 1457 1386 τοῦ
1537 1327 1828 1405 βασιλέως,
1886 1327 2004 1391 υἱὸς

332 1427 607 1500 ὑπᾶρχων
657 1422 968 1494 Ἑλλήνων
1030 1421 1191 1484 αὐτὸς
1251 1419 1307 1476 δὲ
1359 1420 1603 1496 γεγονὼς
1649 1419 2002 1494 Χριστιανὸς,

325 1518 417 1573 καὶ
449 1518 653 1585 τὸτῆς
683 1515 920 1578 πίστεως
980 1513 1280 1589 μυστήριον
1341 1509 1624 1587 διδαχθεὶς
1684 1507 1772 1564 διὰ
1833 1510 2006 1564 ὀπτα-

341 1608 454 1667 σίας
513 1605 670 1680 παρὰ
713 1609 816 1673 τῆς
875 1600 1171 1677 ὑπεραγίας
1230 1601 1521 1670 Θεοτόκου,
1579 1597 1668 1654 καὶ
1723 1601 1820 1652 τοῦ
1877 1604 2003 1652 Θεο-

356 1696 524 1770 λόγου
555 1693 840 1760 Ἰωάννου,
901 1687 1068 1748 ἔλαϐε
1121 1689 1212 1746 καὶ
1264 1690 1328 1746 τὸ
1385 1695 1490 1745 τῶν
1553 1691 2004 1763 θαυματουργιῶν

353 1786 610 1861 χάρισμα,
636 1784 730 1838 καὶ
763 1780 976 1853 ἐκλήθη
1029 1781 1478 1856 Θαυματουργὸς,
1544 1783 1720 1834 ποιῶν
1755 1779 2001 1850 θαύματα

2109 579 2402 651 ﬁrmoque
2459 579 2655 637 animo
2713 579 2950 636 beatam
3010 581 3270 636 animam
3336 582 3583 636 Domino
3646 587 3765 638 tra-

2107 669 2277 724 didit.

2665 960 2905 1014 EODEM
2946 960 3200 1015 MENSE.

2604 1049 2707 1104 Die
2739 1049 2969 1106 decima
2995 1051 3265 1122 septima.

2115 1157 2269 1216 I94
2311 1157 2765 1214 Commemoratio
2815 1159 2994 1212 sancti
3039 1160 3223 1212 Patris
3269 1161 3445 1214 nostri
3511 1160 3769 1228 Gregorii

2397 1230 2812 1299 Thaumaturgi,
2846 1232 3085 1300 episcopi
3117 1233 3494 1286 Neocazsarew.

2184 1337 2287 1392 Hic
2343 1337 2667 1392 Aureliano
2726 1338 3086 1410 imperatore
3152 1337 3375 1405 ﬂoruit,
3437 1341 3767 1398 Graecorum

2111 1432 2426 1498 parentum
2481 1427 2679 1495 filius;
2755 1428 2882 1500 ipse
2967 1433 3166 1483 autem
3249 1429 3641 1499 Christianus,
3697 1433 3765 1487 fi-

2113 1517 2326 1588 deique
2376 1519 2722 1588 mysterium
2762 1534 2796 1573 a
2825 1518 3196 1574 sanctissima
3225 1520 3475 1591 Deipara
3505 1526 3564 1576 et
3589 1522 3764 1578 Joan-

2113 1623 2188 1662 ne
2250 1606 2542 1680 Theologo
2610 1624 2717 1679 per
2771 1607 3059 1663 visionem
3101 1609 3364 1676 edoctus,
3425 1612 3654 1683 accepit
3710 1616 3769 1668 et

2114 1697 2338 1752 donum
2371 1698 2818 1766 miraculorum,
2880 1699 3038 1754 unde
3096 1700 3516 1773 Thaumaturgi
3550 1719 3767 1774 cogno-

2114 1793 2382 1842 mentum
2409 1787 2658 1859 adeptus
2691 1792 2781 1842 est
2824 1786 2897 1842 ob
2943 1788 3131 1843 multa
3160 1790 3468 1857 miracula,
3503 1809 3633 1862 quae
3660 1808 3768 1864 pa-

351 1843 549 1942 ἓολλέ,
667 1874 744 1928 ὧν
777 1843 1001 1927 εἶσίκαὶ
1031 1843 1216 1929 ταῦτα.
1275 1843 1383 1932 Eia
1428 1843 1530 1947 γαρ
1586 1843 1998 1939 Ἀλεξάνδρειαν

2524 1843 2537 1859 ι
3285 1843 3468 1857 “““”“”⁷
3510 1843 3629 1862 Ἰ””
3678 1843 3736 1847 ’““

2117 1877 2306 1943 travit,
2335 1893 2405 1932 ex
2436 1877 2651 1948 quibus
2683 1877 2810 1932 haec
2854 1884 3280 1935 memorantur.
3314 1880 3619 1936 Profectus
3652 1843 3764 1936 ali~

340 1963 617 2032 ἀπελθὼν,
651 1963 740 2017 καὶ
801 1961 1206 2035 κατηγορηθεὶς
1262 1959 1365 2014 ὑπὸ
1424 1959 1649 2034 πόρνης,
1699 1957 1997 2031 ἐπιπέμπει

343 2054 482 2126 αὐτῇ
512 2049 769 2124 δαίμονα·
801 2051 892 2105 καὶ
924 2049 1089 2105 πάλιν
1151 2048 1314 2104 ίᾶται.
1371 2048 1503 2104 Εἶτα
1562 2048 1639 2122 μὴ
1697 2048 1883 2124 παρὼν
1942 2045 1993 2101 ἐν

341 2140 631 2213 Ἀμασείᾳ,
666 2138 820 2213 ὅμως
853 2135 944 2193 διὰ
970 2139 1070 2208 τήν
1121 2137 1290 2192 αὐτοῦ
1329 2136 1550 2211 ἀρετήν,
1603 2139 1998 2212 χειροτονεῖται

335 2231 640 2294 ἐπίσκοπος
694 2230 799 2284 ὑπὸ
867 2225 1144 2301 Φαιδίμου
1197 2232 1296 2282 τοῦ
1356 2226 1666 2300 Ἀμασείας.
1727 2225 1891 2290 Λίθον
1943 2222 2000 2281 δέ

339 2320 508 2394 μέγαν
562 2319 801 2389 ποιήσας
852 2318 1238 2391 περιπατῆσαι,
1295 2309 1549 2370 ἐϐάπτισε
1601 2314 1696 2370 τὸν
1745 2334 1999 2390 προσμο-

331 2409 521 2483 νάριον
552 2412 669 2462 τῶν
723 2403 999 2462 εῖδώλων.
1057 2401 1336 2482 Ἀδελφῶν
1390 2401 1446 2459 δὲ
1505 2401 1600 2458 δύο
1655 2400 1745 2458 διὰ
1797 2401 1998 2476 λίμνην

338 2497 710 2573 μαχομένων,
743 2493 996 2570 ἐξήρανεν
1029 2493 1219 2564 αὐτήν·
1251 2491 1343 2548 καὶ
1409 2493 1509 2562 τήν
1559 2487 1757 2568 ῥάϐδον
1802 2491 2000 2564 πήξας,

335 2587 535 2656 ἔστησε
566 2579 842 2658 ποταμόν·
876 2583 1000 2654 ¹ἣτις
1036 2581 1126 2636 καὶ
1183 2579 1393 2657 ἐγένετο
1453 2579 1530 2645 εἰς
1585 2577 1802 2656 δένδρον
1846 2581 1998 2658 μέγα·

329 2677 420 2732 καὶ
476 2672 629 2730 ἄλλα
688 2671 856 2746 μυρία
901 2673 1160 2742 ποιήσας,
1215 2668 1266 2725 ἐν
1326 2675 1407 2744 τῷ
1467 2667 1688 2745 μέλλειν
1746 2667 2005 2743 ἐκδημεῖν

339 2764 677 2841 ηὐχαρίστει
706 2767 788 2834 τῷ
817 2766 958 2834 Θεῷ,
990 2761 1073 2816 ὅτι
1115 2758 1166 2814 ἐν
1196 2763 1266 2834 τῇ
1314 2759 1479 2815 αὐτοῦ
1517 2759 1677 2815 πόλει
1709 2759 2002 2823 τοσούτους

336 2851 704 2929 Χριστιανοὺς
759 2850 1069 2922 κατέλιπεν,
1129 2850 1289 2912 ὅσους
1366 2847 1514 2924 εὗρεν
1570 2847 1850 2922 ἀπίστους,
1912 2848 2002 2904 καὶ

334 2943 511 3004 οὕτως
542 2939 844 3010 ἐτελειώθη
857 2983 870 2995 .

886 3155 1072 3212 MIINI
1119 3160 1204 3210 ΤΩ
1258 3157 1464 3213 ΑΥΤΩ.

1132 3272 1176 3328 Il
1186 3272 1218 3326 ι’

545 3381 823 3453 ’Δθλησις
853 3383 950 3436 τοὺ⁹
980 3377 1136 3457 ἁγίου
1166 3379 1438 3457 μάρτυρος
1470 3377 1782 3446 Πλάτωνος.

415 3547 648 3603 Πλάτων
703 3547 732 3600 ὁ
795 3543 1002 3620 μάρτυς
1083 3545 1327 3620 ὑπῆρχεν
1388 3545 1494 3600 ἀπὸ
1578 3545 1845 3621 Ἀγκύρας
1901 3553 2004 3617 τῆς

356 3636 643 3702 Γαλατὶας,
684 3633 920 3712 ἀδελφὸς
980 3637 1076 3689 τοῦ
1137 3634 1292 3710 ἁγίου
1355 3633 1628 3712 μάρτυρος
1689 3636 2000 3712 Ἀντιόχου.

358 3727 459 3779 Διὰ
514 3723 568 3780 εἰ
619 3726 709 3793 τήν
766 3726 844 3789 εἷς
903 3723 1136 3796 Χριστὸν
1198 3722 1498 3800 ὁμολογίαν
1551 3724 1824 3801 ἐκρατήθη
1858 3728 2004 3802 παρὰ

356 3816 704 3891 Ἀγριππίνα)
762 3819 860 3870 τοῦ
917 3815 1217 3890 ἡγεμόνος,
1276 3813 1354 3870 ἔτι
1411 3820 1532 3879 νέος
1583 3817 1682 3886 τὴν
1751 3815 1997 3887 ἡλικίαν·

339 3908 428 3960 καί
465 3907 541 3979 μή
575 3903 814 3970 πεισθεὶς
855 3906 1010 3959 οὖσαι
1067 3909 1184 3966 τοῖς
1245 3900 1522 3975 εἶδώλοις,
1578 3904 1832 3961 τύπτεται
1895 3909 1999 3963 ὑπὸ

340 3993 557 4051 δώδεκα
638 3997 982 4068 στρατιωτῶν
1066 3992 1199 4066 μετὰ
1284 3988 1544 4068 ῥαϐδίων·
1657 3995 1749 4050 καὶ
1830 3996 1998 4052 πάλιν

332 4085 622 4146 ἀπλωθεῖς
681 4083 771 4138 ἐπὶ
826 4077 1101 4160 κραϐάτου
1162 4079 1390 4157 σιδηροῦ
1467 4087 1994 4160 πεπυρακτωμένου,

2105 1965 2344 2040 quando
2377 1967 2818 2034 Alexandriam,
2840 1967 2900 2020 in
2925 1972 3208 2030 scortum,
3235 1967 3394 2038 quod
3416 1968 3486 2022 de
3513 1986 3573 2023 se
3599 1970 3768 2024 oblo-

2108 2063 2410 2130 queretur,
2436 2057 2769 2112 daemonem
2796 2056 3066 2120 immisit,
3092 2055 3194 2111 sed
3218 2057 3394 2128 paulo
3422 2063 3556 2128 post
3585 2060 3767 2117 etiam

2102 2148 2344 2221 fugavit.
2378 2149 2425 2202 Α
2471 2147 2772 2202 Phaedimo
2814 2149 3081 2201 Amaseaa
3125 2147 3424 2218 episcopo,
3457 2147 3770 2206 ordinatur

2106 2238 2441 2310 episcopus,
2476 2253 2611 2292 cum
2650 2238 2916 2291 Amasea)
2966 2251 3089 2290 non
3137 2235 3410 2301 adesset;
3446 2240 3610 2292 tanta
3641 2243 3769 2294 erat

2105 2328 2389 2383 virtutum
2421 2325 2584 2382 illius
2631 2326 2856 2398 opinio.
2905 2326 3119 2380 Saxum
3168 2326 3380 2396 ingens
3420 2326 3536 2382 alio
3569 2333 3766 2384 trans-

2108 2417 2282 2474 tulit:
2334 2433 2521 2488 eoque
2572 2416 2739 2488 signo
2785 2415 3080 2470 idolorum
3125 2416 3409 2471 aedituum
3463 2416 3536 2472 ad
3587 2417 3769 2475 fidem

2108 2523 2456 2564 conversum
2487 2505 2816 2578 baptizavit.
2869 2505 3178 2576 Paludem,
3224 2522 3464 2561 causam
3504 2506 3770 2563 rixarum

2109 2597 2266 2652 inter
2296 2597 2444 2652 duos
2493 2594 2727 2662 fratres,
2781 2595 3111 2650 exsiccavit.
3163 2595 3431 2650 Fluvium
3482 2594 3676 2651 deﬁxo
3708 2596 3770 2650 in

2111 2692 2332 2741 terram
2355 2684 2697 2755 baculo,qui
2724 2689 2783 2739 et
2803 2685 2866 2739 in
2887 2701 3162 2757 magnam
3191 2685 3446 2739 excrevit
3468 2685 3766 2755 arborem,

2113 2774 2667 2844 coercuit.Cumque
2690 2774 3008 2829 innumera
3028 2773 3146 2828 alia
3165 2779 3440 2845 portenta
3462 2773 3767 2844 edidisset,

2113 2865 2472 2938 migraturus
2502 2863 2575 2918 ad
2609 2864 2949 2932 Dominum,
2981 2863 3200 2936 gratias
3226 2863 3314 2917 illi
3349 2862 3578 2936 agebat,
3612 2863 3774 2934 quod

2114 2960 2200 3010 tot
2228 2954 2596 3025 relinqueret
2628 2953 2690 3008 in
2741 2970 2847 3008 sua
2894 2953 3063 3022 urbe,
3094 2952 3466 3009 Christianos
3495 2958 3642 3024 quot
3670 2954 3770 3008 in-

2115 3044 2323 3100 fideles
2350 3045 2698 3100 invenerat:
2735 3048 2912 3114 atque
2934 3044 3091 3098 hunc
3125 3043 3187 3098 in
3218 3042 3464 3099 modum
3497 3043 3771 3100 decessit.

2675 3154 2917 3209 EODEM
2964 3152 3216 3207 MENSE.

2611 3261 2717 3318 Die
2768 3261 2999 3317 decima
3045 3265 3266 3316 octava.

2297 3370 2448 3428 195
2487 3371 2772 3426 Certamen
2810 3371 2986 3426 sancti
3023 3371 3282 3438 martyris
3328 3367 3594 3424 Platonis.

2189 3549 2355 3604 Plato
2377 3552 2604 3619 martyr
2627 3554 2875 3619 Ancyrm
2898 3547 3138 3603 Galatiae
3167 3551 3364 3611 natus,
3383 3546 3566 3601 frater
3588 3545 3778 3601 sancti

2116 3640 2399 3710 martyris
2429 3639 2726 3704 Antiochi,
2755 3638 2950 3692 adhuc
2970 3637 3319 3692 adolescens
3350 3636 3423 3692 ab
3453 3636 3777 3708 Agrippino

2112 3729 2390 3800 prmfecto
2431 3728 2504 3782 ob
2559 3728 2773 3783 Christi
2807 3728 3246 3783 confessionem
3280 3727 3774 3799 comprehensus,

2122 3837 2256 3874 cum
2281 3818 2456 3873 idolis
2479 3835 2648 3873 sacra
2670 3818 2862 3873 facere
2888 3817 3096 3881 nollet,
3119 3817 3294 3890 virgis
3318 3817 3564 3872 cmditur
3585 3833 3618 3872 a
3639 3815 3782 3871 duo-

2117 3908 2310 3964 decim
2342 3908 2673 3964 militibus:
2736 3907 2951 3963 deinde
3007 3925 3186 3980 super
3223 3905 3487 3962 candens
3518 3905 3778 3960 ferreum

2122 3998 2432 4071 grabatum
2477 4004 2780 4066 extensus,
2833 3998 3051 4052 iterum
3108 3997 3366 4052 fustibus
3408 3995 3775 4068 percutitur:

2112 4095 2239 4143 tum
2269 4088 2478 4143 ferreis
2506 4087 2644 4159 pilis
2673 4087 3066 4143 candentibus
3097 4087 3305 4142 axillas
3347 4087 3569 4141 circum
3604 4091 3661 4139 et
3689 4085 3780 4139 la—

330 4171 670 4251 ῥαϐδίζεταιο
702 4172 794 4228 καὶ
851 4171 1098 4249 σφαίραις
1159 4169 1410 4246 σιδηραῖς
1471 4175 1994 4248 πεπυρακτωμέναις

2117 4194 2228 4233 ;era
2254 4177 2549 4243 aduritur,
2572 4181 2640 4232 ut
2683 4177 2925 4232 ﬂamma
2979 4176 3142 4231 fumo
3174 4177 3459 4247 permista
3500 4192 3569 4228 ex
3601 4173 3763 4229 illius

325 4266 423 4327 ti:
460 4261 763 4338 μασχάλας
791 4263 878 4317 καὶ
938 4261 1032 4324 τὰς
1087 4260 1326 4337 πλευρὰς
1375 4262 1794 4338 καταφλέγεται·
1857 4265 1995 4321 ὥστε

2117 4267 2343 4322 laribus
2375 4271 2730 4338 erumperet.
2770 4267 2893 4320 Mox
2937 4266 3193 4320 dissecta
3223 4270 3358 4318 ente
3390 4263 3757 4319 intercidun-

327 4355 418 4409 καὶ
460 4355 565 4422 τήν
610 4350 790 4430 φλόγα
821 4349 911 4406 διὰ
937 4355 1045 4406 τῶν
1080 4351 1242 4427 ῥινῶν
1274 4352 1441 4406 αὐτοῦ
1500 4351 1592 4407 σὺν
1624 4358 1814 4425 καπνῷ
1844 4353 1991 4427 ἐξερ-

2117 4373 2194 4410 .ur
2223 4372 2258 4411 a
2285 4355 2475 4426 capite
2504 4372 2611 4426 per
2643 4353 2877 4409 lumbos
2907 4353 2981 4409 ad
3033 4353 3181 4408 talos
3212 4369 3400 4422 usque
3431 4353 3578 4416 lora,
3613 4369 3759 4422 quo-

329 4446 586 4518 χομὲνην
615 4441 864 4517 ὁρᾶσθαι.
897 4442 1028 4497 Εἶτα
1058 4437 1462 4515 ἐλωροτομὴθη
1523 4441 1629 4497 ἀπὸ
1684 4445 1784 4512 τῆς
1823 4464 1987 4521 κεφα-

2117 4461 2228 4499 'um
2276 4460 2466 4500 unum
2514 4444 2574 4497 in
2623 4442 2928 4515 Agrippini
2977 4442 3212 4506 faciem,
3257 4441 3568 4512 objurgata
3597 4440 3760 4494 illius

329 4532 439 4600 λῆς
504 4533 678 4606 μέχρι
735 4534 845 4585 τῶν
891 4533 1136 4602 πτερνῶν
1189 4529 1285 4591 τὰς
1338 4529 1476 4602 ψύας
1531 4531 1716 4590 αὐτοῦ.
1767 4533 1854 4607 Ἐξ
1913 4535 1987 4589 ὧν

2117 4533 2472 4598 :rudelitate,
2497 4533 2806 4588 contorsit.
2832 4534 2972 4586 Post
2995 4532 3118 4586 haec
3140 4530 3361 4584 carceri
3394 4528 3757 4584 includitur:

326 4596 521 4677 λαϐὼν
556 4596 774 4694 δι’όίγιος
820 4616 913 4674 ’ἕνα
969 4596 1176 4693 λῶρον,
1235 4596 1531 4695 ἀπέρριψεν
1586 4621 1662 4684 εἰς
1713 4623 1777 4678 τὸ
1807 4596 1986 4699 πρόσ-

2117 4623 2279 4691 inde,
2306 4640 2440 4678 cum
2466 4627 2599 4694 post
2621 4627 2751 4677 octo
2780 4621 3010 4676 dierum
3035 4620 3298 4675 inediam
3320 4619 3763 4688 suaderetur,ut

326 4732 481 4765 ωπον
533 4707 918 4784 Ἀγριππίνου,
969 4707 1270 4784 διελέγχων
1336 4707 1501 4764 αὐτοῦ
1551 4711 1651 4779 τὴν
1703 4711 1986 4785 ὡμότητα.

2117 4714 2298 4770 :ibum
2331 4718 2612 4780 sumeret,
2641 4711 2938 4782 simulque
2961 4711 3345 4766 irrideretur:
3383 4709 3760 4776 Verbum,in-

324 4801 464 4856 Εἶτα
499 4793 840 4870 ἐμϐάλλεται
869 4796 944 4858 εἰς
999 4795 1274 4874 φυλακὴν,
1338 4797 1428 4852 καὶ
1487 4798 1735 4868 νηστεύει
1779 4803 1992 4876 ἡμέρας

2117 4805 2250 4876 quit,
2283 4803 2499 4858 Christi
2532 4804 2650 4858 mei
2681 4819 2776 4858 me
2808 4803 2933 4857 alit.
2996 4804 3218 4858 Rursus
3263 4802 3464 4872 itaque
3495 4817 3525 4856 e
3558 4805 3755 4856 custo-

325 4890 497 4944 ὀκτώ.
558 4893 691 4948 Τοῖς
752 4885 808 4942 δὲ
867 4888 1236 4961 προσάγουσιν
1297 4887 1448 4958 αὐτῷ
1513 4885 1694 4964 ἄρτον,
1753 4893 1844 4944 καὶ
1897 4888 1990 4946 λέ-

2117 4897 2198 4951 lia
2227 4895 2493 4959 eductus,
2529 4894 3043 4964 excruciatusque,
3087 4897 3264 4964 caput
3313 4892 3509 4948 lictori
3549 4907 3761 4963 ampu-

321 4999 534 5054 γουσιν,
616 4979 698 5032 δτι
759 4975 932 5052 Φάγε,
1013 4977 1101 5030 καὶ
1190 4975 1578 5051 χλευάζουσιν,
1640 4979 1984 5054 ἀπεκρίνατοο

2117 4985 2346 5040 ,andum
2375 4985 2546 5040 laatus
2577 4984 2859 5056 porrexit.

321 5070 458 5140 Ἐμὶ
507 5071 692 5146 τρέφει
754 5069 783 5122 ὁ
847 5064 1017 5139 λόγος
1069 5069 1168 5120 τοῦ
1225 5067 1462 5141 Χριστοῦ
1517 5087 1644 5141 μου.
1706 5070 1808 5124 Καὶ
1866 5070 2036 5130 πάλιν
2093 5069 2386 5144 ἐκϐληθεὶς
2459 5079 2561 5142 τῆς
2649 5070 2920 5150 φυλακῆς,
2995 5071 3086 5127 καὶ
3167 5070 3476 5148 βασασθεὶς,
3545 5069 3758 5144 χαίρων

323 5157 766 5233 ἆπεκεφαλίσθη.

901 5266 982 5336 Τῇ
1028 5261 1163 5336 αὐτῇ
1209 5262 1408 5339 ἡμέρᾳ.

397 5356 658 5430 Ἀθλησις
681 5359 783 5411 τοῖ’)
842 5353 1010 5442 ἁγίου
1046 5349 1640 5442 μάρτυροςοῬωμανοῦ
1669 5355 1760 5410 καὶ
1814 5360 1912 5412 τοῦ

897 5446 995 5480 συν
1029 5444 1174 5493 αυτῳ
1205 5445 1428 5496 νηπιου.

2754 5273 2975 5328 Eodem
3007 5272 3100 5327 die

2103 5363 2248 5419 I96
2297 5362 2582 5418 Certamen
2630 5364 2806 5419 sancti
2861 5361 3122 5430 martyris

2805 5436 3056 5504 infantis.

3196 5359 3452 5427 Romani,
3509 5365 3559 5413 et
3615 5357 3754 5413 socii

383 5543 498 5599 Ἑπὲ
531 5537 897 5614 Μαξιμιανοῦ
927 5535 1028 5586 τοῦ
1087 5531 1407 5608 παρανόμου
1459 5534 1545 5589 καὶ
1611 5535 1768 5598 οὗτος
1807 5535 1982 5613 ἐμαρο

2163 5544 2267 5601 Hic
2282 5543 2464 5616 impio
2475 5543 2824 5598 Maximiano
2840 5543 3172 5613 imperante
3185 5539 3535 5610 martyrium
3549 5536 3752 5595 subiit.

295 5634 508 5713 τύρησε.
575 5631 714 5690 Καθ’
807 5621 941 5680 ὁδὸν
1025 5621 1128 5698 γὰρ
1174 5625 1544 5713 -.συναντήσας
1619 5629 1696 5697 τῷ
1752 5625 1980 5704 ἐπάρχῳ

2117 5633 2332 5689 )bviam
2356 5633 2517 5689 enim
2538 5632 2728 5689 factus
2758 5631 3094 5703 Asclepiadi
3118 5629 3396 5702 praafecto
3430 5631 3579 5692 tum,
3612 5645 3752 5685 cum

279 5708 674 5802 Ασκληπιάδῃ
712 5716 804 5781 εἷς
835 5715 938 5771 τὸν
971 5715 1083 5768 τῶν
1144 5708 1388 5770 εἰδώλων
1429 5713 1794 5792 ἀπερχομένῳ
1824 5719 1980 5791 ναὸν,

2117 5723 2391 5782 dolorum
2419 5723 2625 5780 fanum
2673 5723 3109 5795 ingrederetur,
3143 5720 3264 5776 zelo
3313 5733 3623 5789 accensus,
3654 5736 3752 5776 co-
