4124 6496
407 356 522 416 167

396 497 572 547 natus
607 495 695 545 est
723 489 1030 544 hominem
1056 487 1128 542 ab
1160 485 1504 558 hujusmodi
1549 485 1854 557 proposito
1887 501 2010 540 avet

2121 481 2444 560 ιζηλώσεις,
2505 483 2764 560 ἐπειράθη
2845 483 3088 541 κωλῦσαι
3165 486 3347 561 αὐτὸν,

400 588 546 648 tere,
607 596 880 635 asserens
937 576 1098 632 idola
1153 591 1533 646 nequaquam
1571 575 1714 629 deos
1769 591 1919 640 esse,
1954 573 2054 629 sed

399 688 587 726 unum
633 686 762 725 esse
793 666 1263 723 Christianorum
1324 667 1531 718 Deum.
1568 665 1758 729 Quare
1791 663 2055 734 colaphis

400 760 677 826 cassus,in
737 757 1056 828 equuleum
1126 755 1354 825 rapitur
1410 759 1469 808 et
1525 753 1899 824 depectitur:
1954 753 2053 824 qui

399 851 538 904 dum
563 845 1245 919 torqueretur,pergebat
1266 843 1484 911 dicere,
1505 860 1689 896 unum
1715 859 1842 896 esse
1871 843 2052 896 Deum

395 939 891 1002 Christianorum,
920 951 1097 1005 quem
1130 933 1218 988 vel
1251 933 1510 987 infantes
1538 937 1884 1003 agnoscunt.
1913 933 2049 985 Pro-

391 1028 600 1082 ductus
632 1027 830 1095 itaque
866 1023 1053 1078 sancti
1075 1023 1252 1092 jussu
1284 1021 1358 1076 ad
1389 1020 1865 1092 redarguendum
1897 1038 2051 1091 pras-

385 1117 604 1171 fectum
629 1115 846 1181 infans,
867 1120 925 1168 et
949 1113 1344 1183 interrogatus
1367 1127 1400 1165 δ.
1422 1109 2050 1181 praifecto,quemnam

389 1213 574 1262 Deum
607 1205 867 1260 coleret:
920 1205 1088 1270 Eum,
1141 1200 1356 1271 inquit,
1394 1216 1569 1270 quem
1602 1199 1919 1253 Christiani
1953 1217 2047 1253 co-

389 1295 520 1350 lunt
541 1300 598 1349 et
619 1295 870 1349 adorant
894 1311 906 1359 ;
934 1308 1114 1362 seque
1139 1291 1220 1344 ita
1242 1307 1275 1344 a
1297 1296 1484 1344 matre
1509 1289 1804 1343 edoctum.
1831 1289 2050 1343 Verbe-

385 1385 550 1439 ribus
581 1384 760 1456 igitur
790 1384 968 1454 igitur
995 1385 1273 1452 exceptus
1296 1378 1492 1434 infans
1516 1384 1808 1449 prmsente
1835 1384 2044 1446 matre,

387 1491 602 1544 aquam
631 1473 919 1544 poposcit,
954 1487 1071 1541 qua
1117 1470 1276 1524 sitim
1326 1468 1646 1539 depellere.
1681 1467 1783 1522 Cui
1815 1473 2042 1522 mater:

384 1566 463 1620 Ne
493 1563 685 1629 bibas,
719 1563 821 1628 ait,
885 1560 992 1630 ﬁli,
1047 1576 1113 1614 ex
1164 1559 1273 1613 hac
1331 1574 1505 1629 aqua,
1551 1557 1654 1612 sed
1686 1557 1854 1622 vade,
1887 1562 1945 1612 et
1975 1573 2044 1612 ex

383 1670 540 1724 aqua
569 1654 800 1708 vivente
853 1651 1011 1706 bibe.
1053 1652 1122 1704 Et
1152 1649 1310 1704 hunc
1341 1649 1403 1702 in
1433 1649 1677 1703 modum
1710 1646 2042 1702 decollatus

383 1748 492 1800 est.
528 1746 829 1799 Romanus
860 1758 995 1796 vero
1055 1745 1190 1811 post
1243 1739 1499 1794 excisam
1539 1738 1804 1810 linguam
1834 1754 2040 1792 rursus

1725 347 2169 410 MENOLOGII
2212 347 2420 412 PARS
2462 349 2515 412 l.

3437 488 3629 560 εἰπὼν,
3713 493 3818 565 ὅτι,

2167 571 2284 628 Οὐκ
2339 572 2442 627 εἶσὶ
2499 573 2566 628 τὰ
2619 571 2826 629 εἴδωλα
2901 577 3036 645 Θεοὶ,
3112 575 3240 631 ἀλλ’
3299 580 3374 640 εἷς
3435 578 3565 640 Θεὸς
3633 581 3661 635 6
3715 585 3818 636 τῶν

2165 663 2525 737 Χριστιανῶν.
2581 664 2738 720 ’Ὀθεν
2814 661 3072 719 τύπτεται
3136 664 3211 727 εἰς
3297 666 3359 720 τὸ
3438 667 3633 740 στόμα.
3720 669 3817 725 Καὶ

2163 752 2486 825 κρεμασθεὶς
2543 752 2732 822 ξέεται.
2793 749 3068 826 Ξεὸμενος
3153 752 3209 809 δέ
3245 765 3250 769 ’
3292 749 3496 832 ἔλεγεν,
3557 755 3661 826 ὅτι,
3718 763 3819 822 Εἷς

2164 840 2486 905 Θεὸςότῶν
2538 843 2896 914 Χριστιανῶν,
2956 842 3014 898 ὅν
3074 845 3162 898 καὶ
3223 846 3288 899 τά
3335 848 3508 916 νήπια
3568 847 3816 902 ἐπίσταν-

2159 951 2267 984 ται.
2302 929 2539 1004 Ἢνέχθη
2604 928 2662 985 δὲ
2717 932 2805 986 καὶ
2858 931 3077 988 παιδίον
3138 935 3427 1008 προστάξει
3480 940 3576 990 τοῦ
3632 938 3816 1012 άγίου,

2161 1017 2236 1080 είς
2302 1017 2535 1095 ἔλεγχον
2591 1024 2687 1074 τοῦ
2747 1020 3012 1097 ἐπάρχου.
3073 1023 3176 1079 Καὶ
3244 1021 3342 1101 ἔφη
3405 1025 3540 1100 πρὸς
3595 1025 3722 1080 αὐτὸ
3785 1029 3813 1083 ὁ

2159 1104 2422 1184 ἔπαρχος·
2459 1114 2624 1164 Ποῖον
2655 1110 2781 1164 Θεὸν
2817 1105 2993 1173 σέϐεις
3015 1131 3028 1179 ;
3051 1112 3113 1166 τὸ
3147 1109 3203 1167 δὲ
3234 1114 3402 1167 εἶπεν·
3428 1115 3494 1168 Ὦ
3517 1111 3816 1170 δουλεύου-

2158 1219 2237 1251 σιν
2290 1199 2341 1253 oi
2399 1200 2737 1274 Χριστιανοὶ,
2797 1199 2886 1256 καὶ
2936 1200 3270 1257 πιστεύουσι·
3333 1204 3417 1258 καὶ
3477 1209 3639 1260 τοῦτο
3699 1203 3814 1260 ἐδι-

2158 1283 2368 1361 δάχθην
2401 1288 2502 1342 ὑπὸ
2531 1295 2632 1357 τῆς
2683 1287 2918 1364 μητέρος
2982 1310 3108 1363 μου.
3170 1291 3302 1347 Εἶτα
3357 1293 3691 1366 τυπτόμενον
3747 1300 3813 1351 τὸ

2154 1373 2394 1446 παιδίον,
2462 1383 2563 1446 τῆς
2624 1377 2862 1452 μητέρος
2948 1381 3324 1456 παρεστώσης,
3405 1379 3641 1458 ἐδίψησε,
3721 1384 3814 1439 καὶ

2152 1465 2384 1537 ἐζήτησε
2408 1467 2470 1521 τὸ
2502 1465 2668 1541 ὕδωρ.
2704 1469 2768 1525 Ἡ
2825 1465 2882 1523 δὲ
2943 1471 3127 1543 μήτηρ
3179 1473 3316 1526 εἷπε·
3356 1473 3450 1542 Μὴ
3511 1473 3665 1549 πίῃς,
3718 1473 3814 1530 τᾶ-

2150 1576 2301 1624 κνον,
2332 1554 2392 1610 ἐκ
2419 1560 2516 1610 τοῦ
2551 1555 2744 1620 ὕδατος
2784 1557 3001 1612 τούτου·
3035 1557 3166 1614 ἀλλ’
3196 1557 3421 1630 ἄπελθε,
3456 1561 3546 1617 πίε
3599 1564 3657 1618 ἐκ
3705 1569 3812 1620 τοῦ

2152 1649 2355 1713 ζῶντος
2397 1642 2610 1709 ὕδατος·
2640 1645 2729 1701 καὶ
2764 1645 2937 1709 οὕτως
2971 1647 3403 1723 ἀπεκεφαλίσθη.
3437 1651 3498 1708 Ὁ
3531 1648 3589 1706 δέ
3619 1653 3808 1728 ἅγιος,

2146 1732 2439 1808 ἐκτμηθεὶς
2465 1736 2564 1804 τὴν
2597 1735 2870 1812 γλῶσσαν,
2903 1737 2989 1792 καὶ
3033 1737 3198 1793 πάλιν
3260 1737 3472 1809 λαλῶν,
3527 1737 3804 1816 ἐνεϐλήθη

381 1833 654 1904 expedite
685 1833 960 1902 loquens,
994 1830 1056 1884 in
1088 1845 1387 1884 carcerem
1428 1827 1785 1896 detruditur,
1834 1826 2010 1898 ibiqui

2148 1823 2226 1885 εἷς
2266 1825 2538 1902 φυλακὴν,
2583 1825 2673 1880 καὶ
2724 1829 2794 1900 τῇ
2853 1829 3140 1901 προστάξει
3192 1833 3289 1883 τοῦ
3342 1829 3687 1905 Μαξιμιανοῦ
3748 1832 3807 1889 ἐν

2155 1913 2279 1936 d9,“
2355 1914 2413 1936 Ξῖ
2466 1935 2493 1936 ογ
2604 1915 2637 1936 ,\
2816 1915 2830 1931 ‘
3011 1921 3036 1932 ο
3351 1919 3362 1936 Ι
3609 1920 3620 1936 Ι

376 1922 712 1976 Maximiani
763 1920 941 1991 jussu
1022 1919 1367 1986 suffocatus,
1423 1915 1692 1989 martyrii
1751 1932 2034 1972 coronam

373 2009 623 2081 adeptus
651 2014 755 2064 est.

931 2133 1173 2187 EODEM
1211 2131 1464 2186 MENSE.

903 2240 1006 2295 Die
1048 2239 1276 2295 decima
1310 2254 1487 2293 nona.

434 2351 582 2406 197
622 2351 909 2405 Certamen
938 2347 1114 2403 sancti
1160 2349 1424 2416 martyris
1455 2347 1584 2402 Azce
1617 2347 2020 2414 thaumaturgi.

435 2571 552 2624 Iste
575 2574 770 2624 ortum
793 2568 958 2622 duxit
982 2584 1052 2622 ex
1072 2568 1411 2622 Isaurorum
1435 2564 1812 2637 regione,sub
1837 2564 2018 2636 impio

356 2660 579 2714 Licinio
611 2659 897 2714 militans.
924 2658 1150 2714 Relicta
1172 2663 1371 2712 autem
1401 2655 1636 2720 militia,
1662 2656 1721 2709 in
1749 2671 2016 2709 eremum

356 2750 678 2820 profectus,
711 2749 1101 2803 monasticam
1126 2747 1304 2802 vitam
1338 2747 1618 2816 suscepit,
1645 2745 2013 2800 orationibus

354 2855 422 2892 ac
457 2839 668 2906 vigiliis
702 2854 830 2893 sese
862 2853 1165 2893 exercens.
1203 2836 1348 2890 Hinc
1382 2835 1585 2889 multis
1615 2834 1923 2888 miraculis
1957 2839 2014 2890 et

349 2928 760 2982 curationibus
783 2927 1032 2998 insignis
1055 2927 1184 2980 fuit.
1205 2927 1418 2980 Verum
1441 2924 1824 2979 venatoribus
1846 2941 2013 2978 mon-

349 3024 468 3072 tem
504 3017 781 3089 indagine
814 3015 1207 3071 lustrantibus
1257 3015 1552 3078 inventus,
1588 3013 1662 3068 ad
1693 3013 2009 3068 Diocletia-

346 3123 490 3160 num
523 3106 803 3161 defertur.
859 3105 1013 3159 Misit
1058 3105 1258 3174 itaque
1314 3103 1715 3157 Diocletianus
1765 3101 2006 3166 milites,

347 3197 451 3267 qui
485 3200 821 3266 correptum
856 3197 1027 3248 Azam
1063 3210 1168 3248 suo
1193 3193 1473 3247 sisterent
1501 3190 1787 3245 tribunali
1815 3207 1827 3244 :
1861 3207 2006 3261 quo-
2039 3219 2081 3286 Ο

342 3302 476 3340 rum
501 3285 602 3339 ille
621 3290 859 3339 centum
879 3283 1477 3354 quinquaginta,eum
1502 3280 1730 3335 aridam
1750 3280 1999 3352 ingressi

336 3375 515 3444 viam,
543 3375 703 3429 sitim
731 3390 848 3444 qua
869 3372 1360 3437 conficiebantur,
1391 3370 1604 3425 educta
1627 3377 1872 3440 repente
1895 3386 2002 3440 per

333 3466 664 3520 orationem
697 3480 853 3535 aqua
884 3463 1327 3528 exstinxissent,
1360 3461 1434 3515 ad
1475 3461 1652 3515 fidem
1686 3461 1994 3514 convertit.

337 3555 734 3619 Quamobrem
766 3554 827 3608 in
860 3569 962 3608 eos
1005 3569 1214 3607 omnes
1247 3552 1528 3606 incensus
1561 3551 1649 3604 ira
1678 3549 1997 3605 Diocletia-

337 3660 473 3711 nus,
508 3642 756 3697 tradidit
789 3643 1070 3712 Aquilino
1104 3640 1404 3712 praefecto,
1429 3646 1494 3694 ut
1519 3639 1592 3694 de
1625 3639 1746 3693 illis
1769 3639 1998 3709 suppli—

338 3732 499 3787 cium
531 3737 812 3787 sumeret.
848 3734 960 3786 Aza
1009 3747 1145 3800 ergo
1195 3730 1268 3784 de
1319 3729 1560 3784 sublimi
1610 3745 1719 3799 per
1748 3727 1996 3798 capillos

340 3837 659 3893 appensus,
684 3820 985 3892 unguibus
1014 3818 1224 3873 ferreis
1256 3818 1710 3873 excarnificatur
1737 3834 1749 3871 :
1779 3816 1995 3871 deinde

335 3914 402 3967 in
433 3913 736 3967 fornacem
765 3910 1074 3965 ardentem
1109 3909 1388 3980 injectus,
1422 3923 1556 3963 cum
1588 3907 1810 3962 illaasus
1840 3907 1996 3961 inta-

335 4007 588 4072 ctusque
620 4000 760 4055 inde
788 4000 1086 4065 evasisset,
1118 4014 1306 4068 eoque
1357 3997 1525 4070 signo
1556 3996 1818 4067 prmfecti
1849 4013 1994 4050 uxo-

335 4108 460 4146 rem
486 4108 553 4146 ac
577 4090 761 4145 ﬁliam
784 4089 857 4144 ad
877 4087 1094 4144 Christi
1121 4085 1301 4141 fidem
1319 4086 1700 4152 traduxisset,
1715 4101 1837 4141 una
1857 4102 1992 4140 cum

331 4182 446 4246 his,
480 4197 547 4236 ac
577 4179 870 4235 militibus
902 4176 1204 4245 omnibus,
1227 4175 1299 4230 ab
1319 4175 1469 4231 irato
1496 4175 1774 4247 praefecto
1801 4175 1990 4246 capite

327 4271 693 4344 plectuntur.

916 4369 920 4372 ’
967 4373 1188 4430 Eodem
1229 4372 1342 4427 die.

433 4485 586 4542 I98
631 4485 1076 4541 Commemoratio
1116 4483 1294 4537 sancti
1329 4480 1621 4550 prophetae
1661 4481 1875 4537 Abdioz.

396 4613 646 4668 Sanctus
676 4612 966 4684 propheta
995 4607 1216 4663 Abdias
1247 4622 1317 4661 ex
1351 4611 1508 4662 terra
1537 4606 1766 4662 Sichem
1794 4607 1856 4662 in
1889 4623 1979 4662 re-
2009 4599 2057 4663 D

321 4701 496 4772 gione
524 4701 856 4755 Palaestina:
879 4699 1010 4765 fuit,
1036 4713 1236 4752 servus
1258 4695 1456 4750 Achab
1480 4696 1862 4751 Hebrmorum
1889 4714 1979 4752 re-

319 4790 430 4861 gis.
464 4791 608 4844 Cum
640 4794 838 4844 autem
871 4787 1030 4842 idem
1083 4785 1464 4840 Hebraeorum
1513 4800 1617 4838 rex
1675 4785 1874 4840 Achab
1905 4785 1979 4840 ad

319 4885 592 4937 sanctum
625 4879 949 4951 gloriosum
975 4890 1375 4947 magnumque
1406 4874 1758 4945 prophetam
1788 4876 1977 4931 Eliam

315 4973 467 5027 duos
490 4967 1032 5042 quinquagenarios
1055 4966 1338 5032 misisset,
1360 4965 1458 5034 qui
1483 4963 1653 5018 illum
1679 4964 1749 5019 de
1774 4971 1977 5022 monte

313 5061 388 5116 ad
434 5063 631 5133 ipsum
689 5075 888 5132 regem
947 5060 1340 5121 accerserent,
1372 5053 1692 5124 lapsusque
1727 5053 1796 5109 de
1828 5056 1974 5111 coelo

312 5153 455 5206 Elia:
485 5150 762 5222 precibus
790 5148 942 5220 ignis
969 5147 1106 5200 illos
1133 5162 1266 5199 cum
1296 5160 1403 5198 sua
1429 5143 1667 5197 cohorte
1696 5161 1971 5199 consum-

307 5242 544 5313 psisset,
580 5240 745 5294 misit
776 5243 833 5292 et
865 5239 1024 5291 hunc
1057 5235 1318 5298 tertium,
1354 5233 1453 5302 qui
1499 5232 1686 5286 Eliam
1737 5241 1975 5290 vocaret

309 5339 486 5402 atque
521 5331 594 5386 ad
627 5331 821 5401 ipsum
853 5326 1193 5382 adduceret.
1230 5326 1302 5378 At
1348 5323 1457 5376 iste
1499 5322 1598 5375 ubi
1631 5323 1690 5376 in
1720 5340 1971 5395 conspe-

310 5427 469 5476 ctum
490 5419 792 5491 propheta:
812 5416 991 5481 venit,
1013 5413 1086 5468 ad
1109 5414 1236 5484 ejus
1259 5410 1440 5483 pedes
1457 5410 1970 5481 prolapsus,orare

309 5511 502 5580 C(Bpit,
529 5514 597 5563 ut
627 5507 738 5564 sibi
764 5507 1258 5577 parceret,neque
1280 5501 1400 5572 igni
1428 5498 1697 5554 comburi
1722 5501 1965 5558 sineret.

308 5599 452 5652 Tum
485 5614 622 5652 vero
655 5595 946 5668 propheta
995 5592 1070 5647 ad
1127 5608 1327 5664 regem
1386 5588 1712 5644 descendit.
1747 5591 1967 5650 Abdias

315 5691 513 5741 autem
534 5687 742 5742 relicto
765 5701 901 5756 rege
927 5687 1169 5738 secutus
1191 5687 1282 5737 est
1303 5685 1573 5736 sanctum
1589 5677 1964 5754 Eliam,ejus.

2148 1913 2283 1988 αὐτῇ
2347 1914 2691 1991 ἀποπνιγεὶς,
2776 1915 2870 1970 τὸν
2943 1921 3039 1972 τοῦ
3129 1919 3431 1994 μαρτυρίου

2144 1997 2358 2063 ἔλαϐεν,

3539 1920 3804 2000 στέφανον

2701 2146 2877 2197 MHNI
2917 2143 3007 2219 T9
3046 2144 3240 2221 ΑΥΤᾳ.

2927 2235 3007 2288 ΙΘ¹

2209 2327 2476 2402 ,Αθλησις
2504 2335 2602 2386 τοῦ
2651 2331 2805 2406 άγίου
2840 2331 3117 2461 “eampo:
3147 2331 3235 2388 καὶ
3297 2334 3721 2414 θαυματουργοῦ

2977 2426 3064 2461 ιη.

2977 2426 3064 2475 sn-

2201 2547 2298 2604 Ἐκ
2347 2550 2446 2618 τῆς
2503 2550 2695 2625 χώρας
2760 2553 2870 2605 τῶν
2924 2549 3182 2622 Ἰσαύρων
3260 2551 3419 2615 οὗτος
3473 2555 3791 2630 γενόμενος,

2128 2635 2452 2711 ἐστρατεύθη
2486 2641 2632 2714 παρά
2680 2639 2959 2695 Λικιννίου
3015 2644 3112 2694 τοῦ
3171 2636 3483 2704 δυσσεϐοῦς.
3547 2644 3790 2702 Καταλι-

2127 2727 2242 2781 πὼν
2300 2725 2358 2782 δὲ
2412 2729 2510 2797 τήν
2581 2728 2881 2805 στρατείαν,
2951 2728 3203 2784 ἀπελθὼν
3264 2728 3317 2785 ἐν
3375 2737 3494 2795 ταῖς
3548 2733 3790 2808 ἐρήμοις

2124 2815 2372 2890 ἐμόνασε,
2442 2819 2732 2894 σχολάζων
2821 2821 3013 2894 εὐχαῖς
3069 2819 3160 2874 καὶ
3247 2819 3593 2895 ἀγρυπνίαις·
3656 2820 3788 2882 ἔνθα

2122 2905 2337 2970 πολλὰς
2402 2908 2567 2971 ἰάσεις
2646 2907 2736 2963 καί
2790 2909 3079 2982 θαυμάτων
3169 2909 3438 2985 ἐνεργείας
3521 2911 3783 2984 ἐξετέλει·

2120 3001 2432 3071 κυνηγετῶν
2467 2996 2524 3052 δὲ
2578 2995 2666 3052 διὰ
2698 2999 2866 3072 θήραν
2913 2996 3331 3054 ἀποσταλέντων
3389 2997 3441 3054 ἐν
3502 3006 3579 3074 τῷ
3633 2999 3786 3079 ὅρει,

2120 3087 2350 3160 φανερὸς
2411 3088 2438 3141 6
2496 3091 2674 3156 ’Ἃζης
2729 3091 2810 3159 τῷ
2879 3086 3253 3159 Διοκλητιανῷ
3309 3088 3537 3163 γίνεται.
3593 3092 3654 3148 Ὀ
3719 3091 3788 3150 δὶ

2117 3172 2333 3248 πέμψας
2367 3177 2720 3250 στρατιώτας,
2763 3176 2852 3230 καὶ
2892 3179 3164 3250 κρατήσας
3222 3177 3410 3249 αὐτὸν,
3467 3181 3786 3256 παρέστησε

2113 3267 2190 3334 τῷ
2226 3265 2433 3339 βήματι
2469 3265 2653 3335 αὐτοῦ,
2689 3264 2780 3320 σὺν
2825 3272 2944 3328 τοῖς
2999 3265 3183 3320 ἐκατὸν
3218 3269 3556 3339 πεντήκοντα
3609 3291 3786 3344 στρα-

2110 3352 2356 3424 τιώταις,
2389 3353 2701 3409 πιστεύσασι
2737 3354 2825 3409 καὶ
2866 3353 3069 3417 αὐτοῖς.
3133 3355 3230 3410 Διά
3285 3356 3388 3431 γὰρ
3449 3364 3782 3434 προσευχῆς

2110 3441 2258 3518 ὕδωρ
2288 3446 2427 3499 κατὰ
2455 3445 2555 3513 τήν
2591 3442 2736 3515 ὁδὸν,
2797 3441 3025 3519 ἂνυδρον
3087 3444 3271 3514 οὖσαν,
3331 3444 3622 3522 ἐξαγαγὼν,
3677 3451 3780 3506 καὶ

2107 3533 2332 3595 ποτίσις
2359 3532 2577 3605 αὐτοὺς,
2611 3533 2951 3588 ἐπεσπάσατο
2983 3532 3119 3608 πρὸς
3179 3534 3280 3602 τὴν
3339 3534 3545 3592 πίστιν.
3579 3537 3778 3612 Ὀργι-

2108 3621 2250 3686 σθεῖς
2283 3619 2340 3677 δὲ
2374 3621 2795 3694 Διοκλητιανὸς,
2829 3621 3140 3697 παρέδωκεν
3183 3621 3382 3685 αὐτοὺς
3432 3628 3776 3700 τιμωρηθῆ-

2105 3731 2190 3766 ναι
2224 3711 2488 3785 Ἀκυλίνῳ
2516 3716 2594 3784 τῷ
2626 3711 2873 3787 ἐπάρχῳ.
2905 3713 2967 3769 Ὁ
3026 3709 3084 3766 δὲ
3139 3711 3198 3767 ἐκ
3244 3717 3454 3789 τριχῶν
3487 3715 3776 3790 κρεμάσας

2103 3799 2195 3854 τὸν
2227 3799 2405 3876 ἅγιον,
2437 3800 2526 3856 καὶ
2579 3801 2715 3875 μετὰ
2763 3799 3002 3876 σιδηρῶν
3053 3801 3270 3878 ὀνύχων
3330 3802 3501 3876 ξέσας,
3563 3801 3769 3860 ἐνέϐα-

2104 3885 2196 3943 λεν
2229 3889 2306 3952 εί¹ς
2332 3893 2560 3964 κάμινον
2594 3891 2784 3966 πυρός.
2819 3891 2915 3946 Καὶ
2968 3889 3155 3947 ἰδοῦσα
3213 3891 3371 3948 αὐτὸν
3403 3894 3438 3962 ἡ
3493 3895 3630 3968 γυνή
3658 3900 3768 3951 τοῦ

2103 3976 2372 4054 ἐπάρχου,
2417 3983 2551 4054 μετά
2579 3987 2679 4050 τῆς
2709 3981 2994 4056 θυγατρὸς,
3017 3975 3236 4051 ἀϐλαϐῆ
3272 3980 3572 4052 ἐξελθόντα,
3603 3982 3766 4038 ἐπίσ-

2099 4088 2312 4125 τευσαν.
2347 4069 2644 4146 Ὀργισθεὶς
2678 4067 2735 4125 δὲ
2763 4073 2789 4126 ὸ
2826 4068 3068 4145 ἔπαρχος
3125 4069 3516 4149 ἀπεκεφάλισεν
3567 4071 3764 4148 αύτάς,

2099 4156 2340 4222 καὶτοὺς
2370 4158 2726 4235 στρατιώτας,
2757 4158 2846 4215 καὶ
2877 4160 2970 4214 τὸν
3002 4160 3182 4234 ἅγιον.

2695 4389 2771 4460 Τῇ
2805 4384 2941 4460 αὗτῇ
2969 4381 3153 4460 ἡμέρᾳ

2378 4495 2586 4566 Μνήμη
2612 4497 2709 4549 τοῦ
2741 4493 2898 4570 ἁγίου
2915 4495 3204 4568 προφήτου
3226 4488 3468 4552 Ἀϐδιοῦ.

2166 4619 2226 4674 Ὁ
2269 4618 2420 4694 ἅγιος
2477 4620 2770 4695 προφήτης
2826 4612 3052 4675 Ἀϐδιοῦ
3110 4617 3314 4691 ἐγένετο
3370 4616 3431 4672 ἐκ
3484 4623 3583 4687 τῆς
3639 4622 3759 4694 γῆς

2093 4709 2306 4783 Συχὲμ,
2340 4708 2528 4782 χώρας
2557 4715 2656 4776 τῆς
2691 4705 3084 4778 Παλαιστίνης.
3116 4705 3411 4764 Ἐδούλευε
3442 4704 3500 4762 δὲ
3527 4712 3606 4779 τῷ
3643 4708 3761 4783 βα-

2091 4796 2234 4852 σιλεῖ
2255 4802 2364 4851 τῶν
2397 4791 2664 4872 Ἑϐραίων
2733 4793 2972 4854 Ἀχαάϐ.
3035 4799 3166 4854 "Ore
3219 4794 3278 4852 δὲ
3331 4796 3648 4854 ἀπέστειλεν
3720 4801 3756 4855 ὁ

2089 4885 2247 4949 αὐτὸς
2287 4884 2540 4960 βασιλεὺς
2569 4890 2677 4941 τῶν
2723 4883 2994 4960 Ἐϐραίων
3054 4888 3082 4942 6
3138 4882 3377 4960 ’Λχαὰ6,
3445 4887 3580 4963 πρὸς
3645 4889 3752 4944 τὸν

2087 4977 2236 5049 ἅγιον
2271 4973 2462 5033 Ἠλίαν
2491 4977 2582 5031 τὸν
2618 4973 2830 5046 ἔνδοξον
2873 4976 2964 5031 καὶ
3027 4977 3188 5050 μέγαν
3248 4978 3562 5051 προφήτην,
3611 4974 3753 5042 τοὺς

2085 5064 2182 5119 δύο
2235 5064 2772 5139 πεντηκοντάρχους,
2835 5067 2981 5120 εἶπεν
3071 5065 3237 5135 αὐτῷ,
3299 5063 3578 5120 κατελθεῖν
3631 5065 3752 5121 ἀπὸ

2080 5158 2177 5208 τοῦ
2210 5149 2370 5226 ὅρους
2402 5154 2538 5228 πρὸς
2570 5154 2755 5221 αὐτὸν,
2787 5155 2874 5209 καὶ
2929 5152 3019 5208 διὰ
3075 5161 3390 5229 προσευχῆς
3441 5157 3540 5208 τοῦ
3600 5173 3755 5224 προ-

2082 5245 2258 5320 φήτου
2288 5243 2625 5313 κατεκάησαν
2685 5244 2821 5316 μετά
2877 5247 2975 5298 τοῦ
3032 5243 3168 5298 λαοῦ
3217 5243 3444 5311 ἑαυτῶν,
3478 5243 3753 5308 πεσόντος

2080 5331 2253 5406 πυρὸς
2313 5329 2365 5402 ἐξ
2423 5332 2658 5406 ούρανοῦ
2733 5334 2823 5386 καὶ
2881 5331 3283 5409 καταφαγόντος
3346 5330 3562 5398 αὐτοὺς,
3619 5331 3746 5385 ἀπ-

2079 5419 2287 5476 έστειλε
2343 5419 2431 5475 καὶ
2484 5425 2675 5476 τοῦτον
2724 5421 2930 5496 τρίτον,
2990 5421 3075 5475 ἳνα
3141 5417 3346 5495 καλέσῃ
3397 5420 3585 5491 αὐτὸν,
3642 5421 3744 5476 καὶ

2076 5510 2252 5586 ἀγάγῃ
2279 5509 2415 5583 πρὸς
2459 5510 2640 5566 αὐτόν.
2705 5510 2804 5565 Καὶ
2864 5510 3116 5575 ἀπελθὼν
3172 5510 3310 5586 πρὸς
3367 5510 3459 5564 τὸν
3514 5511 3747 5585 προφή-

2073 5619 2174 5667 την
2203 5595 2386 5652 ἕπεσεν
2421 5597 2496 5660 εἷς
2525 5597 2652 5660 τοὺς
2693 5595 2865 5660 πόδας
2926 5597 3111 5670 αὐτοῦ,
3163 5598 3254 5654 καὶ
3312 5595 3508 5669 ἐδεήθη
3544 5597 3739 5668 αὐτοῦ,

2074 5686 2166 5743 ’ἱνα
2199 5688 2275 5761 μὴ
2318 5691 2584 5763 κατακαῇ·
2617 5688 2708 5742 καὶ
2753 5685 2815 5742 ού
2847 5685 3107 5758 κατεκάη.
3140 5687 3271 5743 Τότε
3301 5683 3440 5757 ἦλθε
3470 5684 3607 5762 πρὸς
3635 5687 3738 5743 τὸν
