4124 6434
306 412 418 472 169

1803 414 2256 477 NOVEMBER.

3640 428 3755 487 170

304 543 533 618 ﬂamléu
618 545 650 600 ὁ
708 547 1001 631 προήτης.
1081 546 1178 601 Καὶ
1262 547 1368 602 ἀπὸ
1459 549 1585 603 τότε
1665 543 1968 627 καταλιπὼι

2100 564 2217 621 que
2248 547 2582 621 disciplinae
2613 566 2673 605 se
2706 550 2967 607 tradidit.
3000 552 3264 625 Cumque
3287 553 3475 612 multa
3494 560 3756 631 pr0phe‘

300 635 391 689 τὸν
447 632 680 708 βασιλέα
715 635 746 689 ὁ
784 630 1048 705 Ἀϐδιοῦ,
1105 635 1400 707 ἠκολούθει
1455 640 1536 709 τῷ
1595 637 1740 712 ἁγίῳ
1796 626 1986 707 Ἠλίᾳ,

308 723 409 781 Καὶ
461 722 769 799 γενόμενος
832 724 1012 780 αὐτοῦ
1097 728 1371 799 μαθητὴς,
1453 727 1547 782 καὶ
1602 723 1987 804 προφητεύσας

311 812 511 886 πολλὰ,
539 812 804 884 ἀπέθανε,
837 814 930 870 καὶ
963 813 1139 892 ἐτάφη
1166 815 1223 869 ἐν
1250 818 1333 888 τῷ
1362 821 1522 888 τάφῳ
1575 819 1686 870 τῶν
1734 809 1988 888 πατέρων

324 902 497 959 αὐτοῦ.

884 1023 1069 1078 MHNI
1110 1025 1202 1080 ΤΩ
1241 1026 1418 1077 ΔΥΤΩ

1128 1113 1183 1167 Κ.

310 1201 585 1272 Ἀθλησις
640 1204 741 1255 τοῦ
798 1202 963 1276 ἁγίου
1026 1203 1298 1329 μάρτιίρος
1354 1201 1552 1257 Δασίου
1606 1203 1705 1255 τοῦ
1771 1198 1824 1254 ἐν
1883 1204 1982 1252 Δο-

1010 1293 1170 1329 οοστο
1216 1297 1279 1329 ω.

1010 1293 1279 1347 ροστοΛῳ.

374 1383 471 1438 Ἑν
498 1385 570 1454 τῇ
599 1378 739 1456 αὐτῇ
768 1380 935 1437 πόλει
966 1386 1216 1438 τοιοῦτον
1260 1378 1382 1447 ἔθος
1422 1382 1490 1452 ἧν
1541 1386 1659 1443 τοῖς
1716 1376 1978 1457 Ἕλλησιο

296 1475 380 1543 τῷ
444 1470 648 1546 Κρόνῳ
701 1469 995 1527 ἐπετέλουν
1074 1473 1267 1548 ἑορτὴν
1350 1471 1602 1544 ἐτησίως.
1666 1471 1780 1543 Πρὸ
1832 1466 1982 1541 τριά-

300 1581 471 1616 κοντα
533 1556 595 1614 δὲ
651 1561 878 1635 ἡμερῶν
935 1563 1037 1631 τῆς
1088 1559 1348 1632 τοιαύτης
1432 1565 1681 1636 μυσάρῆς
1760 1558 1956 1633 ἑορτῆς

326 1615 333 1616 ,
676 1615 709 1633 η
770 1615 781 1635 ι
1104 1615 1111 1616 ,
1186 1615 1207 1616 κν
1432 1615 1442 1635 ,
1580 1615 1678 1636 μ,
1824 1615 1834 1633 ,
1912 1615 1950 1626 ,.

314 1648 642 1726 ἱπελέγοντο
699 1646 797 1706 ἕνα
857 1650 974 1707 τινὰ
1045 1655 1152 1707 τῶν
1238 1654 1609 1727 στρατιωτῶν,
1684 1648 1806 1705 νὲον
1886 1615 1980 1701 καί

320 1735 519 1807 εύειδῆ.
575 1739 686 1795 Καὶ
782 1734 1104 1815 εὐτρέπιζον
1184 1739 1321 1817 πρὸς
1408 1736 1618 1807 θυσίαν,
1702 1733 1976 1797 ἐνδύοντες

320 1828 483 1883 αὑτὸν
515 1828 708 1901 ἱμάτια
769 1828 1049 1904 βασιλικὰ,
1097 1828 1187 1885 καὶ
1244 1827 1644 1905 προτρέποντες
1702 1823 1968 1896 ἀποπλη-

2102 643 2304 708 tasset,
2339 639 2505 707 obiit,
2541 645 2600 696 et
2630 640 2689 694 in
2722 641 3062 712 sepulcrum
3095 648 3331 714 patrum
3352 662 3597 703 suorum
3619 650 3751 706 illa-

2101 732 2196 784 tus
2227 735 2335 785 est.

2652 1028 2894 1083 EODEM
2934 1028 3187 1084 MENSE.

2714 1118 2818 1173 Die
2844 1118 3127 1174 vicesima

2096 1204 2249 1260 199
2310 1204 2594 1262 Certamen
2671 1209 2852 1262 sancti
2928 1210 3190 1279 martyris
3267 1209 3417 1265 Dasii
3498 1212 3559 1266 in
3614 1212 3750 1269 urbe

2760 1281 3069 1335 Dorostolo.

2164 1387 2230 1443 In
2259 1386 2370 1442 hac
2395 1384 2542 1443 urbe
2573 1402 2701 1442 mos
2731 1387 2841 1442 iste
2873 1389 3209 1444 Graecorum
3241 1394 3387 1457 erat,
3419 1396 3486 1444 ut
3509 1390 3751 1463 triginta

2092 1483 2230 1533 ante
2261 1478 2496 1547 diebus,
2528 1494 2706 1550 quam
2740 1478 3078 1535 Saturnalia
3118 1478 3509 1548 celebrarent,
3558 1497 3747 1545 unum

2090 1566 2354 1639 aliquem
2386 1584 2458 1624 ex
2488 1567 2778 1623 militibus
2808 1569 3028 1641 insigni
3062 1568 3256 1625 forma
3307 1569 3748 1626 adolescentem

2091 1655 2441 1729 deligerent,
2475 1673 2654 1729 quem
2685 1657 2985 1713 victimam
3031 1657 3284 1714 Saturno
3340 1658 3745 1716 destinabant.

2090 1747 2258 1802 Hunc
2287 1747 2448 1818 regio
2479 1746 2645 1803 cultu
2677 1746 2952 1802 indutum
2984 1747 3395 1817 hortabantur,
3458 1754 3525 1804 ut
3566 1748 3747 1821 genio

2083 1835 2449 1909 indulgeret,
2483 1852 2811 1907 omnesque
2842 1852 2978 1891 suas
3038 1836 3394 1908 cupiditates
3443 1837 3745 1910 expleret:

312 1920 447 1989 ροῦν
504 1918 680 1973 πᾶσαν
735 1917 1024 1991 ἐπιθυμίαν
1082 1919 1267 1987 αὐτοῦ,
1328 1918 1401 1981 ὡς
1465 1917 1601 1991 μετᾶ
1680 1916 1968 1992 τριάκοντα

2087 1930 2300 2000 quippe
2333 1927 2433 1998 qui
2464 1930 2601 1997 post
2630 1925 2991 1981 tricesimam
3027 1925 3184 1980 diem
3215 1925 3290 1981 ad
3315 1926 3552 1983 Saturni
3574 1943 3743 1984 aram

304 2006 527 2081 ἡμέρας
590 2005 874 2081 μέλλοντα
927 2007 1120 2063 ἑαυτὸν
1178 2006 1462 2082 ἐπισφάξαι
1516 2010 1598 2078 τῷ
1644 2006 1821 2079 βωμῷ
1878 2006 1978 2058 τοῦ

298 2097 541 2167 Κρόνου.
598 2096 894 2159 Ἐλθόντος
955 2094 1013 2152 δὲ
1069 2101 1165 2152 τοῦ
1221 2097 1436 2169 κλήρου
1490 2096 1580 2150 καὶ
1638 2093 1726 2149 ἐπὶ
1785 2091 1975 2149 Δάσιον

293 2186 393 2239 τὸν
452 2185 822 2260 στρατιώτην,
882 2187 974 2241 καὶ
1025 2192 1136 2241 τῶν
1196 2188 1609 2261 συστρατιωτῶν
1692 2184 1974 2258 περιστάν-

296 2296 412 2329 των
442 2276 597 2347 αύτῷ
626 2275 887 2349 καὶπρὸς
935 2276 1004 2331 τὰ
1061 2276 1228 2349 ὅμοια
1284 2270 1712 2347 ἐκϐιαζομένων,
1771 2271 1978 2335 ἐκεῖνος

292 2366 495 2440 ἀγαθῷ
528 2366 790 2442 λογισμῷ
822 2368 1199 2443 χρησάμενος,
1242 2366 1513 2436 ἐσκόπησε
1563 2367 1626 2420 τὸ
1676 2362 1977 2442 συμφέρον,

288 2455 611 2522 εἰπὼν,δτι
676 2454 887 2513 Μὲλλω
952 2462 1148 2521 θανεῖν·
1207 2454 1455 2532 κρεῖττόν
1517 2454 1615 2529 μοί
1673 2453 1838 2523 ἐστιν,
1899 2452 1975 2514 ὡς

289 2551 638 2620 Χριπιανῷ,
672 2546 806 2623 ύπὶρ
835 2550 934 2602 τοῦ
991 2549 1227 2617 Χριστοῦ
1284 2567 1390 2619 μου
1447 2545 1759 2609 ἀποθανεῖν.
1820 2548 1976 2607 Ὅθεν

293 2637 583 2709 παραστὰς
638 2640 720 2708 τῷ
775 2640 874 2691 τοῦ
941 2633 1215 2711 ἄρχοντος
1284 2637 1517 2710 βήματι,
1574 2636 1976 2706 Διοκλητιανοῦ

296 2725 393 2779 καὶ
427 2723 789 2798 Μαξιμίανοῦ
816 2730 981 2780 τοῦτο
1016 2724 1325 2798 μαθόντων,
1385 2723 1476 2780 καὶ
1533 2723 1973 2799 προσταξάντων,

292 2814 395 2868 καὶ
425 2812 622 2869 πολλᾶ
651 2816 1115 2889 τιμωρησάντων,
1145 2814 1458 2871 τελευταῖον
1506 2814 1606 2884 τήν
1656 2811 1742 2867 διὰ
1791 2811 1979 2886 ξίφους

290 2902 524 2979 ἆδέξατο
555 2902 843 2977 τελευτήν.

895 3025 978 3096 τῇ
1019 3022 1157 3096 αὐτῇ
1196 3018 1381 3099 ἡμέρᾳ

312 3109 580 3188 Ἀθλησις
641 3115 752 3167 τῶν
810 3110 982 3188 ἁγίων
1048 3117 1158 3188 τῶν
1241 3110 1292 3166 ἐν
1380 3108 1631 3188 Περσίδι-
1691 3131 1978 3188 μαρτυρη-

379 3183 586 3275 σάὲτιον
639 3183 873 3273 ,Νηρσζ
926 3183 1251 3253 ἐπισκόπου,
1307 3185 1398 3239 καὶ
1458 3183 1707 3261 Ἴωσήφ,
1772 3183 1977 3256 ’μαθη-

364 3275 464 3309 του
497 3276 688 3314 συτου,

366 3388 536 3446 Οὗτοι
565 3390 619 3444 οἱ
650 3390 795 3464 ἅγιοι
823 3390 1108 3462 κατῴκουν
1169 3387 1222 3445 ἐν
1274 3386 1519 3458 Περσίδι,
1572 3387 1975 3467 ἐπιμελόμενοι

299 3479 518 3554 ἀρετῆς,
547 3479 643 3535 καὶ
673 3473 1011 3556 φοϐούμεννι
1042 3480 1134 3535 τὸν
1160 3477 1422 3549 ἀληθινὸν
1453 3477 1608 3548 Θεὸν,
1668 3479 1760 3534 τὸν
1811 3479 1972 3550 ποιή,

308 3585 474 3621 σαντα
497 3567 587 3621 τὸν
614 3565 840 3643 ούρανὸν
872 3568 962 3623 καὶ
1021 3569 1124 3638 τὴν
1182 3569 1308 3644 γῆν,
1366 3566 1459 3622 καὶ
1515 3568 1618 3637 τήν
1676 3567 1972 3649 θάΙασσαν,

311 3656 401 3708 καὶ
462 3655 626 3710 πάντα
674 3657 742 3712 τὰ
803 3656 858 3712 ἐν
943 3655 1151 3725 αὐτοῖς,
1234 3655 1325 3712 καὶ
1410 3656 1780 3732 πορευόμενοι
1835 3655 1974 3711 γατδι

312 3742 411 3805 τὰς
468 3741 677 3807 ἐντολάς
725 3745 918 3804 αὐτοῦ.
981 3746 1084 3804 Καὶ
1139 3747 1168 3801 ὁ
1231 3746 1324 3820 μὲν
1404 3749 1646 3822 Νηρσᾶς,
1730 3746 1970 3822 γεγονὼς

312 3832 574 3907 πρότερον
632 3834 935 3898 ἐπίσκοπος
992 3833 1238 3891 ἐδίδασκε
1291 3835 1384 3891 τὸν
1445 3833 1579 3891 λαὸν
1639 3836 1739 3906 τήν
1812 3836 1969 3890 εύσὲ-

304 3919 480 3993 ϐειαν,
540 3924 797 3990 πολλοὺς
854 3926 1102 3999 μαθητὰς
1187 3927 1581 4000 ποιησάμενος·
1644 3926 1696 3981 ἐν
1757 3928 1841 3988 οἷς
1898 3925 1966 3996 ἧν

306 4015 399 4069 καὶ
458 4016 687 4094 Ἰωσήφ,
750 4018 778 4071 ὁ
836 4016 1058 4089 ὕστερον
1118 4013 1210 4071 διὰ
1264 4013 1490 4086 πολλὴν
1550 4016 1745 4093 ἀρετὴν
1822 4036 1963 4091 προ-

291 4103 602 4177 χειρισθεὶς
633 4104 739 4159 ύπὸ
769 4108 870 4160 τοῦ
931 4107 1125 4181 Νηρσᾶ
1183 4104 1501 4168 ἐπίσκοπος.
1558 4106 1686 4162 Ὅτε
1733 4101 1811 4173 δὲ,
1874 4101 1961 4159 διὰ

289 4193 350 4247 τὸ
381 4193 738 4269 ἐπιστρέφειν
785 4195 877 4250 τὸν
936 4193 1071 4250 λαὸν
1130 4195 1235 4250 ἀπὸ
1286 4201 1385 4265 τῆς
1444 4192 1657 4264 πλάνης
1716 4192 1804 4248 ἐπὶ
1861 4194 1961 4263 τήν

290 4280 582 4354 ἀλήθειαν,
666 4282 1039 4359 ἐκρατήθησαν
1123 4282 1229 4338 ύπὸ
1312 4287 1420 4338 τῶν
1485 4282 1656 4346 ἆθὲων
1715 4286 1956 4357 Περσῶν,

285 4372 547 4448 ὑπῆρχεν
584 4374 613 4427 ὁ
650 4372 749 4445 μὲν
776 4378 995 4449 Νηρσᾶς
1024 4371 1156 4428 ἐτῶν
1193 4369 1553 4449 ὀγδοήκοντα,
1585 4373 1613 4427 ὁ
1647 4368 1704 4427 δὲ
1751 4371 1955 4449 Ἰωσὴφ

287 4461 828 4539 ὀγδοηκονταπέντε.
920 4464 1288 4537 Παραστάντες
1377 4460 1468 4517 οὗν
1551 4466 1633 4534 τῷ
1715 4460 1954 4537 βασιλεῖ,

284 4550 498 4627 ἔφησαν
531 4554 710 4625 αύτῷ,
745 4553 829 4607 ὅτι
869 4552 935 4609 Εἰ
978 4550 1226 4621 δύνασαί,
1281 4550 1527 4628 βασιλεῦ,
1573 4551 1709 4625 μετὰ
1753 4551 1815 4606 τὸ
1864 4563 1953 4616 θα-

2087 2018 2351 2089 seipsum
2378 2021 2534 2071 esset
2554 2015 2993 2070 immolaturus.
3021 2015 3229 2070 Lectus
3252 2015 3432 2087 igitur
3452 2021 3612 2070 sorte
3634 2018 3744 2072 Da-

2088 2107 2211 2163 sius
2244 2106 2438 2171 miles,
2471 2105 2628 2177 apud
2658 2104 3114 2159 circumstantes
3146 2104 3608 2171 commilitones,
3642 2107 3743 2178 qui
3830 2150 3851 2159 ρ

2089 2214 2225 2252 eum
2249 2194 2324 2251 ad
2358 2211 2480 2251 rem
2509 2193 2853 2265 hujusmodi
2887 2193 3346 2265 compellebant,
3392 2194 3617 2266 optima
3647 2211 3744 2250 ra-

2088 2287 2248 2342 tione
2281 2302 2446 2344 usus.
2477 2283 2860 2354 oblatamque
2879 2283 2991 2338 sibi
3017 2283 3392 2339 occasionem
3415 2284 3713 2356 arripiens

2086 2374 2356 2443 Quando,
2386 2373 2602 2444 inquit,
2628 2372 3009 2429 moriendum
3031 2372 3176 2427 mihi
3211 2377 3318 2439 est,
3343 2378 3586 2445 prmstat
3606 2390 3749 2429 sane

2087 2467 2257 2535 mihi,
2277 2470 2344 2520 ut
2363 2463 2723 2526 Christiano,
2751 2480 2854 2534 pro
2877 2462 3109 2517 Christo
3132 2479 3265 2519 meo
3291 2468 3550 2519 mortem
3574 2481 3727 2537 oppe
3745 2494 3760 2505 -

2086 2564 2231 2611 tere.
2256 2552 2655 2621 Quamobrem
2680 2551 3030 2608 Diocletiani
3054 2558 3113 2607 et
3132 2552 3467 2609 Maximiani
3481 2553 3656 2625 jussu
3679 2553 3752 2609 ad

2085 2644 2349 2719 praefecti
2381 2642 2646 2698 tribunal
2689 2641 3034 2714 productus,
3082 2642 3408 2713 multisque
3438 2643 3754 2699 tormentis

2087 2752 2225 2791 excr
2238 2731 2757 2800 uciatus,tandem
2787 2730 2986 2803 gladio
3015 2747 3204 2787 cassus
3236 2737 3345 2786 est.

2738 3032 2957 3089 Eodem
2989 3029 3085 3087 die

2085 3124 2241 3182 200
2273 3125 2557 3181 Certamen
2614 3129 2928 3180 sanctorum
2985 3124 3183 3189 Nersz,
3234 3122 3496 3193 episcopi,
3552 3128 3605 3176 et
3645 3121 3741 3176 Jo-

2152 3197 2329 3267 sephi,
2362 3197 2482 3267 ejus
2509 3196 2795 3267 discipuli,
2853 3194 2954 3266 qui
3008 3197 3067 3249 in
3125 3193 3348 3249 Perside
3398 3194 3742 3269 martyrium

1999 3288 2042 3355 ρ
2153 3269 2385 3325 subiere.

2153 3395 2257 3450 Isti
2290 3394 2479 3450 sancti
2511 3394 2572 3449 in
2603 3392 2844 3448 Perside
2874 3391 3247 3461 habitabant,
3289 3389 3576 3462 singulari
3621 3390 3741 3445 vir-

2083 3490 2205 3541 tute
2236 3484 2492 3558 przediti,
2522 3485 2828 3554 Deumque
2859 3497 3062 3536 verum
3094 3480 3394 3547 timentes,
3450 3478 3553 3549 qui
3601 3478 3743 3534 fecit

2080 3574 2315 3645 caelum,
2350 3579 2409 3629 et
2437 3579 2678 3638 terram,
2712 3575 2771 3626 et
2798 3586 2982 3637 mare,
3017 3573 3075 3624 et
3103 3568 3306 3624 omnia
3358 3584 3489 3639 qum
3537 3566 3601 3622 in
3654 3566 3739 3622 eis

2077 3670 2237 3732 sunt,
2265 3668 2325 3719 et
2355 3662 2683 3719 secundum
2724 3661 2854 3733 ejus
2902 3658 3185 3714 mandata
3231 3656 3628 3713 ambulantes.
3671 3657 3742 3710 Et

2076 3756 2287 3809 Nersas
2317 3752 2559 3825 quidem
2581 3751 2841 3824 primum
2864 3750 3178 3821 episcopus
3207 3747 3337 3814 fuit,
3373 3752 3431 3802 et
3450 3745 3737 3818 populum

2073 3842 2147 3899 ad
2179 3843 2461 3915 pietatem
2493 3841 2807 3909 hortando,
2842 3837 3180 3911 complures
3213 3836 3540 3908 discipulos
3570 3835 3737 3910 fecit,

2070 3934 2132 3988 in
2160 3932 2377 4004 quibus
2407 3931 2519 3987 fuit
2568 3936 2625 3985 ct
2670 3931 2907 4002 Joseph,
2970 3929 3073 4001 qui
3117 3934 3327 4000 postea
3381 3926 3455 3982 ab
3514 3925 3726 3981 eodem

2068 4025 2249 4078 Nersa
2271 4022 2344 4077 ob
2368 4022 2633 4095 insignes
2662 4021 2907 4075 virtutes
2939 4019 3254 4090 episcopus
3276 4022 3367 4072 est
3397 4016 3727 4071 ordinatus.

2067 4113 2211 4166 Cum
2243 4112 2423 4185 igitur
2453 4110 2525 4166 ab
2558 4109 2750 4165 atheis
2780 4109 3000 4177 Persis,
3042 4108 3200 4179 quod
3224 4106 3512 4179 populum
3544 4105 3615 4160 ab
3637 4121 3725 4159 er-

2064 4217 2199 4256 rore
2230 4200 2306 4257 ad
2337 4201 2614 4255 virtutem
2646 4201 3083 4262 converterent,
3113 4195 3530 4267 comprehensi
3560 4197 3729 4259 sunt,

2064 4297 2205 4347 tunc
2238 4292 2451 4345 Nersas
2491 4289 2792 4361 octoginta
2848 4302 3144 4342 annorum
3204 4289 3352 4352 erat,
3403 4289 3463 4338 et
3507 4282 3729 4355 Ioseph

2063 4380 2365 4452 octoginta
2396 4378 2683 4449 quinque.
2717 4376 2969 4432 Adducti
3003 4392 3139 4429 vero
3172 4374 3248 4429 ad
3268 4389 3468 4445 regem
3496 4388 3508 4426 :
3535 4372 3613 4439 Si,
3638 4371 3732 4426 in-

2064 4470 2299 4543 quiunt,
2340 4486 2373 4524 o
2402 4485 2524 4534 rex,
2562 4484 2670 4522 nos
2702 4467 2921 4538 septies
2952 4465 3179 4521 occisos
3210 4462 3283 4519 ad
3323 4462 3503 4517 vitam
3555 4476 3730 4515 revo-

2062 4559 2308 4628 caveris,
2345 4575 2464 4613 non
2495 4557 2719 4629 poteris
2746 4560 2946 4611 tamen
2979 4553 3051 4609 ab
3084 4568 3285 4609 amore
3309 4550 3526 4607 Christi
3548 4547 3730 4604 abdu-

281 4646 529 4697 νατῶσαι
560 4644 715 4715 ἡμᾶς
748 4642 967 4705 ἑπτάκις
1013 4642 1334 4715 ἀναστῆσαι,
1392 4637 1523 4696 ούδὲ
1571 4639 1743 4703 οὕτως
1801 4643 1951 4714 ἡμᾶς

2087 4667 2220 4706 :ere.
2259 4649 2392 4703 Haec
2424 4664 2557 4704 cum
2591 4646 2900 4717 dixissent,
2931 4648 3175 4715 accepta
3204 4640 3384 4715 gladii
3408 4639 3708 4696 sententia

282 4735 558 4809 χωρίσεις
589 4732 699 4788 ἀπὸ
727 4740 827 4804 τῆς
880 4733 1094 4808 ἀγάπης
1148 4737 1246 4789 τοῦ
1304 4734 1567 4811 Χριστοῦ.
1629 4731 1727 4787 Καὶ
1784 4736 1951 4788 ταῦτα

281 4820 555 4895 εἶπόντὲς,
582 4823 685 4891 τήν
720 4819 809 4878 διὰ
837 4827 931 4879 τοῦ
987 4821 1176 4900 ξίφους
1221 4821 1521 4900 προθύμως
1571 4818 1817 4892 ἐδέξαντο
1862 4841 1951 4877 τεο

285 4912 516 4983 λευτήν.

883 5034 969 5105 Τῇ
1009 5032 1146 5106 αὖτῇ
1187 5032 1372 5107 ἡμέρᾳ

288 5121 573 5212 "Aginati
648 5126 764 5209 τῶν
838 5121 1023 5212 έγίων,
1115 5118 1393 5208 Ἰωᾶννου,
1449 5116 1769 5212 ΙΣαϐιοεξίου
1851 5119 1952 5212 ’καὶ

362 5192 679 5267 Ἰσιιιιλιίουι
695 5197 804 5249 τῶν
834 5191 1172 5266 ἐπισκόπων,
1203 5194 1294 5249 καὶ
1326 5194 1531 5248 Δαπίου
1548 5191 1952 5267 καὶἾσαακίου,

360 5270 474 5322 τῶν
507 5262 906 5343 πρεσϐυτέρων.

346 5392 448 5448 Καὶ
510 5391 665 5449 οὗτοι
727 5393 779 5447 οἱ
840 5394 989 5467 ἅγιοι
1047 5391 1098 5447 ἐν
1156 5387 1373 5465 Περσίδι
1458 5388 1757 5465 ἐτύγχανον
1835 5387 1956 5446 ἐπί·-

290 5510 493 5546 σκοποι
524 5484 991 5563 χρηματίζοντες.
1031 5481 1187 5539 Ἐπεὶ
1218 5478 1276 5536 δὲ
1327 5479 1419 5536 τὸν
1467 5478 1600 5535 λαὸν
1649 5477 1954 5553 ἐδίδασκον,

286 5583 389 5650 τὴν
447 5576 668 5649 πλάνην
725 5578 834 5631 τῶν
888 5576 1110 5648 Περσῶν
1154 5568 1453 5626 καταλῦσαι
1536 5566 1954 5642 σπουδάζοντες,

289 5669 381 5727 διὰ
410 5668 600 5744 λόγων
659 5667 909 5743 ἰσχυρῶν
975 5659 1446 5732 ἀποδεικνύοντες,
1484 5658 1655 5735 μηδὲν
1706 5662 1838 5716 εἶναι
1890 5661 1958 5715 τὰ

292 5758 524 5830 εἴδωλα,
580 5760 723 5833 μήτε
776 5757 871 5813 τὸν
926 5751 1092 5823 ἣλιον
1149 5752 1186 5821 ἢ
1238 5749 1303 5806 τὸ
1358 5754 1465 5825 πῦρ
1551 5748 1730 5819 θεοὺς,
1810 5747 1958 5807 ἀλλὰ

570 5886 835 5948 Pyram.
885 5882 1012 5943 Gn.
1056 5877 1152 5938 CX
1197 5874 1333 5937 VII.

2063 4740 2243 4798 alacri
2270 4739 2471 4794 animo
2502 4736 2852 4792 occubuere.

2064 5124 2211 5182 201
2276 5124 2562 5181 Certamen
2624 5127 2943 5177 sanctorum
3035 5119 3291 5185 Joannis,
3373 5113 3598 5185 Saborii
3678 5115 3734 5164 et

2133 5196 2357 5263 Isaacii,
2406 5194 2806 5267 episcoporum,
2858 5192 3024 5262 Dapii
3067 5197 3120 5246 et
3166 5182 3388 5253 Isaacii,
3437 5182 3727 5256 presbyte-

2134 5284 2343 5324 rerum.

2138 5395 2242 5449 Isti
2274 5409 2513 5473 quoque
2547 5392 2736 5447 sancti
2785 5391 2849 5445 in
2904 5387 3147 5445 Perside
3196 5381 3459 5457 episcopi
3509 5392 3732 5433 munus

2067 5500 2241 5540 suum
2274 5483 2590 5556 diligenter
2621 5480 2887 5548 obibant,
2919 5476 3209 5551 populum
3240 5473 3541 5539 docentes,
3565 5479 3726 5556 erro-

2066 5591 2195 5630 rem
2227 5576 2542 5630 Persarum
2567 5568 2868 5643 depellere
2888 5569 3244 5639 satagentes,
3269 5555 3728 5627 vehementique

2069 5663 2341 5720 oratione
2398 5662 2901 5728 demonstrantes,
2959 5667 3337 5725 nequaquam
3396 5647 3538 5703 deos
3597 5658 3726 5700 esse

2069 5753 2255 5825 idola,
2274 5752 2463 5811 solem
2490 5755 2549 5806 et
2574 5751 2794 5821 ignem,
2817 5746 2921 5801 sed
2945 5759 3145 5815 opera,
3163 5735 3586 5796 etiamulantia
3604 5748 3727 5790 non

3399 5858 3440 5917 6
