4124 6436
390 428 503 489 171

1711 414 2143 479 MENOLOGII
2185 412 2395 477 PARS
2435 414 2486 475 Ι.

3700 415 3813 473 1Ἱ2

389 564 508 618 Deo
524 556 890 625 tantum,sed
906 556 1083 612 etiam
1098 552 1441 610 hominibus
1458 570 1471 618 ;
1496 550 1570 606 ad
1582 554 1855 606 nostrum
1878 550 2039 607 enim

2168 546 2424 620 ιτίσματα
2451 546 2542 602 καὶ
2575 544 2767 616 δοῦλα,
2801 545 2864 601 ού
2911 548 3076 620 μόνον
3139 549 3237 602 τοῦ
3291 549 3454 615 Θεοῦ,
3512 542 3661 601 ἀλλὰ
3718 545 3812 601 καὶ

395 650 797 707 ministerium
829 647 957 702 haec
987 646 1142 701 facta
1172 660 1325 705 esse.
1357 659 1664 713 unumque
1697 643 1883 696 Deum
1942 642 2049 697 illa

390 742 759 814 produxisse.
789 738 975 793 Delati
996 753 1131 807 ergo
1156 735 1228 790 ad
1259 751 1457 807 regem
1490 739 1657 798 sunt;
1693 733 1813 804 qui,
1847 733 2045 788 furore

392 831 673 903 percitus,
707 828 905 884 missis
937 826 1225 881 militibus
1250 825 1384 878 illos
1407 823 2043 893 comprehendijussit.

393 919 586 975 Vincti
617 926 835 985 autem,
871 922 928 969 et
957 915 1028 970 ad
1062 917 1192 986 ejus
1224 913 1484 967 tribunal
1516 911 1777 979 adducti,
1811 912 2046 967 nudati-

394 1024 532 1081 que,
563 1008 739 1079 virgis
769 1006 1099 1071 caeduntur,
1134 1009 1314 1074 atque
1337 1003 1750 1074 depectuntur.
1783 1004 2048 1074 Cumque

395 1098 705 1154 Dominum
738 1101 1008 1150 nostrum
1039 1095 1239 1148 Jesum
1262 1093 1559 1147 Christum
1582 1109 1705 1146 non
1731 1091 1905 1146 modo
1928 1107 2049 1145 non

391 1188 777 1259 abnegarent,
810 1201 1015 1240 verum
1048 1184 1227 1239 etiam
1282 1184 1467 1237 Deum
1517 1198 1741 1250 verum,
1792 1196 2050 1251 cumque

391 1277 610 1334 erroris
667 1278 982 1331 Persarum
1039 1289 1370 1328 eversorem
1455 1273 1898 1343 proﬁterentur,
1958 1276 2049 1340 ty-

390 1367 564 1423 ranni
589 1366 788 1438 jussu,
823 1371 989 1419 extra
1017 1363 1247 1427 urbem,
1279 1379 1400 1417 una
1450 1378 1583 1416 cum
1630 1365 1833 1416 sancto
1863 1360 2050 1414 Onam

394 1461 613 1525 asceta,
647 1454 947 1525 lapidibus
978 1452 1171 1508 obruti
1206 1458 1361 1507 sunt.

1041 1750 1263 1805 Eodem
1304 1749 1398 1804 die

411 1842 564 1899 202
610 1842 893 1896 Certamen
957 1848 1271 1894 sanctarum
1328 1838 1626 1892 Boethazat
1683 1836 1949 1907 Eunuchi,
2003 1844 2053 1892 et

520 1915 804 1979 Sasannis,
839 1918 890 1967 et
917 1912 1194 1966 sociorum
1232 1913 1479 1965 virorum
1509 1926 1573 1964 ac
1600 1908 1918 1965 mulierum.

470 2073 572 2128 Isti
605 2072 782 2128 etiam
810 2072 871 2127 in
904 2072 1111 2127 eadem
1143 2071 1346 2143 impia,
1379 2076 1438 2125 et
1469 2070 1819 2126 idololatriae
1851 2070 2052 2126 dedita

398 2161 742 2233 iniquorum
776 2164 1090 2217 Persarum
1118 2162 1358 2234 regione
1380 2161 1667 2216 claruere.
1702 2162 1770 2215 Et
1801 2160 2054 2216 Boetho.-

400 2258 491 2307 zat
521 2252 761 2322 quidem
794 2268 828 2306 a
858 2251 1049 2323 prima
1070 2257 1241 2307 mtate
1269 2252 1661 2318 Christianus,
1724 2256 2053 2322 correptus,

401 2358 535 2396 cum
560 2341 678 2396 Soli
698 2342 941 2413 lgnique
967 2342 1303 2397 sacrificare
1326 2342 1533 2409 nollet,
1553 2344 1723 2411 jussu
1748 2342 1902 2414 regis
1917 2343 2057 2396 Per-

402 2449 626 2497 sarum,
660 2449 779 2487 una
805 2449 940 2487 cum
975 2434 1213 2499 sanctis,
1248 2440 1383 2504 post
1438 2433 1627 2488 multa
1677 2438 1972 2488 tormenta
2001 2436 2059 2486 et

397 2523 696 2578 cruciatus
728 2524 1124 2594 interemptus
1153 2524 1352 2577 fuitin
1386 2525 1599 2578 horum
1631 2540 1880 2579 numero
1910 2523 2057 2578 The-

402 2612 495 2667 cla
525 2620 584 2667 et
613 2616 784 2667 Anna
808 2613 1315 2679 sanctimoniales,
1340 2620 1399 2668 et
1422 2613 1621 2684 plures
1643 2614 1775 2668 alize
1797 2613 2057 2681 feminae,

402 2701 666 2772 plurima
697 2719 802 2773 pro
835 2703 1066 2758 Christo
1097 2720 1414 2774 perpessas,
1468 2720 1602 2757 cum
1650 2702 2061 2757 vehementius

405 2790 575 2863 impii
608 2792 763 2863 regis
794 2793 1229 2847 immanitatem
1278 2798 1337 2847 et
1369 2792 1681 2847 stultitiam
1724 2791 2059 2864 redarguis-

410 2884 560 2939 sent.
597 2881 787 2951 capite
816 2882 1002 2951 plesz
1035 2887 1194 2935 sunt.
1229 2880 1515 2935 Similiter
1546 2887 1604 2936 et
1657 2886 1773 2936 tres
1804 2880 2063 2952 virgines

407 2967 603 3039 gladio
632 2986 797 3024 caesae
817 2969 1146 3025 occubuere
1175 2987 1187 3024 :
1216 2986 1285 3025 ex
1306 2987 1561 3041 quorum
1581 2970 1870 3043 sanguine
1891 2975 2068 3024 enata

413 3055 584 3125 ficus,
617 3057 991 3112 curationum
1026 3058 1250 3113 donum
1286 3059 1562 3114 ﬁdelibus
1581 3058 1761 3126 dedit,
1790 3057 2067 3113 morbum

407 3161 645 3201 omnem
702 3145 1172 3218 languoremque
1205 3147 1534 3219 depellens,
1584 3147 1773 3204 donec
1821 3147 1980 3203 athei
2012 3154 2072 3203 et

408 3233 575 3305 impii
603 3235 913 3290 Manichaai
947 3235 1021 3290 ob
1054 3235 1407 3305 divinorum,
1431 3254 1562 3308 quae
1584 3236 1932 3305 edebantur,
1958 3237 2068 3292 mi-

2157 640 2267 690 τῶν
2309 637 2610 711 ἀνθρώπων
2671 634 2788 710 (διὰ
2841 638 2944 713 γὰρ
3001 636 3272 710 ἡμετέραν
3334 636 3630 709 ὑπηρεσίαν
3685 634 3818 710 ἔφα-

2160 746 2286 779 σκον
2345 731 2514 781 ταῦτα
2569 726 2838 801 γενέσθαι,
2900 728 2978 788 εἷς
3038 724 3096 780 δὲ
3158 727 3322 799 μόνος
3381 726 3512 786 Θεὸς
3571 727 3599 780 ὁ
3652 730 3820 780 ταῦτα

2155 818 2533 891 παραγαγὼν),
2568 811 2936 886 διεϐλήθησαν
2989 814 3070 888 τῷ
3131 815 3368 891 βασιλεῖ.
3427 815 3488 871 Ὁ
3546 811 3624 882 δὲ,
3686 816 3821 888 μετὰ

2154 904 2330 975 θυμοῦ
2396 904 2637 978 μεγάλου
2703 906 2793 959 καὶ
2879 906 3074 980 ὀργῆς,
3160 904 3403 978 πέμψας,
3491 906 3819 979 στρατιώτα,

2156 991 2450 1067 ἐκράτησεν
2511 993 2729 1056 αὐτούς.
2783 992 2996 1057 Οἳτινες
3058 992 3275 1067 δέσμιοι
3344 993 3683 1069 παρέστησαν
3739 998 3823 1066 τῷ

2160 1080 2368 1154 βήματι
2428 1081 2614 1136 αὐτοῦ.
2676 1083 2782 1138 Καὶ
2838 1084 3241 1159 γυμνωθέντες,
3329 1080 3602 1160 διαφόρως
3681 1081 3825 1157 ἐμα-

2157 1170 2428 1240 στίζοντο,
2487 1172 2575 1226 καὶ
2631 1172 3028 1242 κατεξαίνοντο.
3092 1172 3217 1229 Ἐπὶ
3306 1170 3364 1227 δὲ
3441 1172 3534 1227 τὸν
3614 1171 3821 1249 Κύριον

2154 1262 2318 1332 ἡμῶν
2374 1262 2585 1330 Ἰησοῦν
2641 1262 2874 1336 Χριστὸν
2932 1263 2997 1316 οὐ
3060 1263 3225 1334 μόνον
3302 1260 3401 1316 οὐκ
3485 1262 3821 1338 ἠρνήσαντο,

2155 1346 2303 1404 ἀλΛὰ
2326 1349 2415 1403 καὶ
2450 1351 2578 1406 Θεὸν
2613 1349 2897 1421 ἀληθινὸν,
2948 1352 3038 1405 xui
3093 1357 3195 1421 τῆς
3247 1355 3354 1406 τῶν
3406 1356 3624 1427 Περσῶν
3671 1352 3822 1407 πλά-

2155 1461 2254 1511 νης
2309 1440 2618 1511 καταλυτὴν
2675 1441 3093 1518 ἀνωμολόγουν,
3142 1443 3429 1516 προστάξει
3477 1447 3575 1498 τοῦ
3622 1442 3829 1517 τυράν-

2156 1551 2275 1603 νου,
2305 1538 2404 1601 τῆς
2436 1530 2654 1595 πόλεως
2685 1528 2808 1603 ἔξω,
2840 1531 2932 1588 σὺν
2964 1536 3043 1605 τῷ
3071 1532 3211 1607 ἁγίῳ
3241 1534 3415 1606 Ὠνὰμ
3452 1537 3534 1605 τῷ
3580 1532 3824 1606 ἀσκητῇ,

2158 1614 2658 1693 ἐλιθοϐολήθησαν.

2747 1741 2832 1813 Τῇ
2872 1739 3012 1813 αὖτῇ
3040 1740 3224 1815 ἡμέρᾳ

2156 1825 2429 1896 ⁶Αθλησις
2459 1831 2568 1881 τῶν
2629 1825 2794 1904 ἁγίων
2859 1830 3143 1899 Βοηθαζάτ
3202 1831 3300 1883 τοῦ
3360 1827 3666 1954 Εὐνούδχου,
3724 1829 3824 1883 καὶ

2233 1899 2634 1954 Σασάνους.καὶ
2663 1905 2772 1954 τῶν
2833 1902 2924 1954 σὺν
2986 1900 3168 1954 αὐτοῖς
3230 1899 3398 1954 ἁγίων
3456 1902 3517 1954 ἀν
3562 1904 3665 1954 σῶν
3723 1902 3824 1954 καὶ

2233 1899 2772 1969 Σασάνους,καὶτῶν
2833 1902 2924 1954 σὺν
2986 1900 3168 1963 αὐτοῖς
3230 1899 3398 1976 ἁγίων
3456 1899 3665 1976 ἀνδρῶν
3723 1902 3824 1957 καὶ

2229 1992 2518 2046 γυναικων.

2230 2068 2470 2141 Ὁμοίως
2504 2069 2595 2124 καὶ
2629 2067 2778 2125 οὗτοι
2840 2069 2890 2124 ἐν
2938 2074 3006 2145 τῇ
3057 2064 3451 2145 δυσσεϐεστάτη
3497 2069 3586 2125 καί
3642 2091 3827 2127 κατει-

2162 2154 2330 2232 δώλῳ
2366 2159 2527 2235 χώρᾳ
2553 2164 2660 2214 τῶν
2694 2156 3025 2237 παρανόμων
3072 2166 3293 2236 Περσῶν
3349 2160 3670 2237 ἐτύγχανον.
3722 2158 3833 2217 Καὶ

2163 2248 2192 2301 ὁ
2241 2248 2335 2319 μὲν
2390 2249 2672 2319 Βοηθαζὰτ
2741 2252 3069 2323 Χριστιανὸς
3132 2249 3192 2305 ἐκ
3253 2249 3486 2327 βρέφους
3536 2246 3636 2320 ὥν,
3692 2271 3835 2325 κρα-

2161 2337 2368 2407 τηθεὶς,
2430 2338 2518 2392 καὶ
2581 2340 2658 2411 μή
2718 2340 2957 2404 πεισθεὶς
3016 2342 3171 2395 θῦσαι
3227 2345 3308 2413 τῷ
3365 2339 3546 2413 Ἡλίῳ
3603 2339 3695 2395 καὶ
3753 2345 3839 2414 τῷ

2166 2428 2326 2503 Πυρὶ,
2383 2429 2671 2500 προστάξει
2718 2435 2815 2485 τοῦ
2874 2434 3093 2505 Περσῶν
3177 2429 3465 2505 βασιλέως,
3537 2432 3652 2504 ἅμα
3707 2436 3834 2492 τοῖς

2167 2517 2361 2591 ἁγίοις,
2397 2518 2532 2590 μετὰ
2562 2516 2777 2581 πολλὰς
2816 2517 3079 2592 βασάνους
3108 2519 3199 2573 xui
3240 2519 3508 2594 τιμωρίας
3567 2519 3833 2595 ἀνῃρέθη·

2172 2608 2287 2678 μεθ’
2344 2607 2420 2662 ὧν
2477 2607 2569 2662 καὶ
2619 2613 2869 2682 γυναῖκες
2924 2610 3070 2682 ἅγιαι
3131 2610 3445 2684 ἀσκήτριαι,
3504 2608 3682 2664 Θὲκλα
3736 2609 3836 2664 καὶ

2169 2696 2354 2766 Ἀννα,
2411 2695 2503 2750 καὶ
2556 2694 2735 2771 ἕτεραι
2791 2694 3023 2768 πολλαὶ,
3081 2695 3311 2753 πλεῖστα
3370 2698 3501 2773 ὑπὲρ
3584 2702 3833 2774 Χριστοῦ

2168 2789 2459 2855 παθοῦσαι,
2517 2787 2604 2840 καὶ
2667 2785 2904 2862 στεῤῥῶς
2969 2787 3281 2861 ἐλέγξαντες
3368 2790 3468 2857 τήν
3564 2787 3835 2862 ὠμότητα

2169 2877 2266 2927 τοῦ
2298 2869 2588 2936 δυσσεϐοῦς
2635 2875 2927 2950 βασιλέως,
2986 2878 3077 2930 καὶ
3133 2876 3581 2954 παραφροσύνην,
3635 2878 3831 2932 ἀπεκε-

2173 2962 2531 3040 φαλίσθησαν.
2584 2965 2834 3038 Ὁμοίως
2889 2965 2979 3020 καὶ
3060 2971 3205 3041 τρεῖς
3283 2967 3537 3042 παρθένοι
3622 2966 3829 3042 μαχαί-

2177 3072 2298 3128 ραις
2350 3052 2746 3124 κατεκόπησαν.
2802 3055 2981 3111 ’Όπου
3036 3051 3094 3109 δὲ
3151 3052 3368 3132 ἔῤῥευσε
3424 3057 3487 3112 τὸ
3539 3059 3676 3130 αἷμα
3733 3055 3839 3110 αύ-

2175 3146 2307 3213 τῶν,
2369 3149 2505 3213 συκῆ
2560 3138 3030 3215 ἆναϐλαστήσασα,
3087 3144 3330 3220 ἰαμάτων
3382 3146 3544 3224 χάριν
3599 3152 3841 3223 παρεῖχε

2177 3236 2294 3295 τοῖς
2325 3238 2561 3306 πιστοῖς,
2621 3235 2989 3311 θεραπεύουσα
3045 3242 3218 3292 πᾶσαν
3275 3236 3457 3306 νόσον,
3514 3236 3604 3293 xui
3652 3243 3839 3294 πᾶσαν

399 3322 739 3380 raculorum
782 3323 1179 3397 frequentiam
1238 3325 1460 3382 invidia
1515 3326 1825 3393 stimulati,
1884 3327 2051 3383 illam

2168 3321 2456 3397 μαλακίαν.
2516 3309 2767 3400 Ὕστερον
2823 3323 2881 3381 δὲ
2939 3330 3301 3405 φθονήσαντες
3379 3332 3448 3403 τῇ
3505 3333 3613 3384 τῶν
3670 3328 3838 3385 θείων

401 3411 803 3469 succiderunt.

1058 3694 1278 3750 Eodem
1309 3694 1405 3749 die

418 3778 572 3835 203
632 3780 1085 3837 Commemoratio
1143 3787 1319 3839 sancti
1377 3784 1626 3853 Gregorii
1704 3785 2061 3855 Dccapolitaz.

473 3866 789 3939 Gregorius
806 3870 1149 3941 Decapolita
1176 3890 1243 3926 ex
1268 3873 1543 3943 Decapoli
1578 3874 1636 3928 in
1665 3874 1904 3929 Isauria:
1933 3889 2066 3944 pro-

406 3955 603 4011 vincia
632 3957 743 4011 fuit
777 3960 1143 4030 temporibus
1167 3962 1489 4033 impiorum
1514 3962 2063 4030 lconomachorum,

406 4043 510 4099 Ubi
546 4052 742 4101 autem
795 4048 1261 4105 adolescentiam
1320 4051 1535 4122 attigit.
1596 4058 1831 4123 paratas
1884 4054 1995 4108 sibi
2031 4071 2065 4109 a

403 4137 751 4206 parentibus
783 4141 1023 4210 nuptias
1052 4143 1362 4209 vitaturus,
1406 4144 1735 4198 monachus
1795 4146 1878 4212 fit,
1914 4152 1972 4200 et
2002 4145 2062 4199 in

415 4226 760 4296 speluncam
795 4229 1308 4287 subitdmmonum
1339 4233 1674 4303 frequentia
1706 4234 2006 4299 infestam,
2031 4251 2065 4290 a

410 4315 625 4385 quibus
682 4318 1044 4386 verberatus,
1104 4324 1371 4378 oratione
1436 4324 1673 4379 tandem
1735 4324 1865 4380 illos
1924 4326 2063 4382 inde

398 4406 746 4462 exturbavit.
785 4409 894 4464 Sed
928 4427 1033 4481 per
1062 4411 1252 4467 visum
1284 4430 1319 4469 a
1347 4415 1464 4468 Dco
1518 4416 1804 4483 monitus,
1855 4415 2064 4472 relicta

395 4496 704 4564 spelunca,
741 4500 920 4571 coepit
952 4507 1244 4557 terraium
1276 4503 1481 4559 orbem
1522 4521 1833 4575 peragrare
1916 4507 2062 4561 Cum

397 4584 579 4655 igitur
610 4587 928 4658 Syracusas
961 4590 1172 4646 Siciliae
1203 4593 1416 4648 urbem
1439 4594 1779 4649 venissetin
1804 4596 2060 4667 quadam

2164 3415 2454 3487 θαυμάτων
2487 3414 2726 3492 ἐνεργείᾳ
2786 3416 2837 3469 oi
2897 3415 3043 3472 ἄθεοι
3101 3417 3190 3473 καὶ
3246 3413 3455 3481 ἀσεϐεῖς
3506 3423 3837 3494 Μανιχαῖοι,

2164 3501 2423 3577 ἐξέκοψαν
2448 3506 2547 3575 τήν
2578 3506 2839 3574 τοιαύτην
2872 3513 3063 3577 συκῆν.

2748 3689 2827 3761 Τῇ
2868 3687 3005 3762 αὐτῇ
3047 3690 3231 3764 ἡμέρᾳ

2284 3773 2495 3847 Μνήμη
2526 3779 2624 3829 τοῦ
2655 3775 2808 3851 ἁγίου
2842 3780 3150 3853 Γρηγορίου
3179 3780 3276 3835 τοῦ
3308 3779 3702 3839 Δεκαπολίτου.

2240 3866 2545 3939 Γρηγόριος
2579 3867 2606 3920 ὁ
2656 3867 3049 3939 Δεκαπολίτης,
3100 3870 3345 3946 ὑπῆρχεν
3401 3870 3462 3926 ἐκ
3507 3873 3608 3941 τῆς
3656 3871 3835 3948 ἐπαρ-

2170 3955 2299 4029 χίας
2358 3957 2630 4032 Ἰσαυρίας
2689 3957 3069 4025 Δεκαπόλεως,
3128 3958 3214 4014 ἐπὶ
3272 3964 3379 4015 τῶν
3438 3962 3653 4036 χρόνων
3711 3967 3835 4017 τῶν

2169 4041 2440 4100 δυσσεϐῶν
2474 4045 2891 4122 Εἷκονομάχων.
2926 4047 3025 4109 Εἷς
3057 4047 3276 4118 ἠλικίαν
3338 4047 3394 4104 δὲ
3448 4051 3646 4121 ἐλθὼν,
3701 4052 3844 4125 βου-

2168 4132 2444 4205 ληθέντων
2475 4140 2584 4189 τῶν
2642 4139 2843 4211 γῦνέων
2904 4138 3041 4213 πρὸς
3097 4140 3270 4213 γάμον
3330 4137 3577 4194 ἐκδοῦναι
3637 4140 3840 4214 αὐτὸν,

2168 4225 2562 4302 φυγὼν-γέγονε
2617 4224 2881 4300 μοναχός.
2947 4226 3048 4283 Καὶ
3107 4226 3355 4298 εἰσῆλθεν
3417 4228 3492 4292 εἷς
3551 4228 3847 4300 σπήλαιον

2168 4312 2218 4367 ἐν
2253 4314 2298 4385 ᾧ
2347 4310 2607 4387 δαίμονες
2665 4315 2870 4370 πολλοὶ
2928 4317 3234 4389 κατῴκουν.
3295 4315 3363 4375 Οἳ
3419 4319 3509 4372 καὶ
3566 4318 3848 4392 τύψαντες

2166 4404 2256 4457 τὸν
2289 4402 2465 4477 ἅγιον,
2524 4403 2833 4459 τελευταῖον
2895 4401 2985 4459 διὰ
3041 4413 3357 4481 προσευχῆς
3413 4406 3576 4462 αὐτοῦ
3631 4406 3846 4485 ἐφυγα·

2167 4490 2455 4563 δεύθησαν.
2516 4492 2647 4548 Εἶτα
2709 4494 2812 4549 ὑπὸ
2872 4495 3015 4558 θείας
3073 4495 3334 4558 ὀπτασίας
3401 4497 3463 4551 τὸ
3550 4497 3844 4568 σπήλαιον

2166 4583 2340 4662 ἀφεὶς,
2370 4586 2457 4639 καὶ
2493 4586 2599 4640 ἀπὸ
2645 4583 2861 4648 πόλεως
2910 4586 2985 4646 εἰς
3035 4584 3196 4641 πόλιν
3243 4587 3644 4663 ἀπερχόμενος,
3695 4610 3844 4645 κατ-

395 4675 554 4728 muri
587 4675 837 4733 civitatis
871 4680 1017 4735 turri
1052 4681 1360 4754 habitavit,
1393 4684 1493 4739 ubi
1527 4690 1585 4739 et
1629 4685 1889 4756 plurima
1925 4686 2047 4741 edi-

2168 4676 2391 4746 ἤντησεν
2426 4674 2500 4736 είς
2537 4677 2905 4751 Συράκουσαν,
2957 4674 3119 4731 πόλιν
3171 4680 3270 4751 τῇς
3323 4677 3597 4747 Σικελίας,
3654 4678 3849 4735 εἰσελ-

396 4762 503 4818 dit.
536 4765 665 4819 Mox
695 4767 1175 4827 Thessalonicam
1205 4772 1395 4844 petiit,
1429 4773 1644 4828 deinde
1684 4775 2045 4846 Byzantium.

394 4852 526 4907 lllic
558 4853 863 4925 aliquanto
894 4864 1049 4931 post,
1075 4862 1247 4932 juxta
1276 4863 1562 4918 visionem
1591 4863 1773 4919 divini
1825 4866 2051 4921 Simeo-

395 4942 490 4998 nis
523 4943 746 5001 ibidem
775 4948 1015 5019 pietatis
1045 4968 1222 5008 causa
1250 4954 1452 5021 vincti,
1484 4970 1619 5009 cum
1661 4972 1778 5026 quo
1812 4955 2047 5012 abunde

396 5039 659 5090 versatus
688 5042 796 5101 est,
828 5054 897 5094 ac
928 5039 1001 5094 de
1032 5041 1233 5097 anima
1260 5043 1736 5116 philosophatus,
1776 5048 2051 5119 migravit

394 5122 467 5179 ad
499 5123 840 5182 Dominum.

944 5426 1184 5481 EODEM
1226 5429 1477 5484 MENSE,

897 5515 999 5569 Die
1030 5516 1313 5573 vicesima
1341 5519 1533 5590 prima

384 5597 839 5684 2041π9ζεεεαε
864 5606 1139 5684 ΔΙξεξίλοέινεε,
1182 5624 1302 5662 cum
1358 5610 1432 5663 ad
1488 5612 1750 5681 templum
1791 5631 2043 5684 praesen-

514 5679 633 5729 tata
654 5677 766 5742 fuit
820 5682 871 5731 et
900 5679 957 5732 in
988 5679 1192 5734 Sancta
1220 5686 1533 5736 sanctorum
1564 5677 1903 5742 ihtroducta.

459 5780 596 5835 Post
625 5781 1040 5841 admirabilem
1071 5791 1414 5843 sanctorum
1441 5788 1708 5849 Joachim
1746 5798 1805 5851 et
1852 5796 2039 5854 Annae

2163 4763 2269 4819 θὼν
2303 4764 2378 4827 εἰς
2406 4764 2499 4819 ’ὲνα
2526 4768 2636 4820 τῶν
2696 4763 2915 4839 πύρδων
2973 4770 3071 4821 τοῦ
3117 4767 3364 4841 τείχους,
3415 4767 3466 4822 ἐν
3499 4768 3544 4841 ᾧ
3577 4767 3845 4842 θαύματα

2159 4851 2346 4910 πολλὰ
2415 4856 2534 4909 καθ’
2620 4854 2845 4925 εκάστην
2934 4853 3198 4911 ἐπετέλει.
3253 4858 3388 4912 Εἶτα
3446 4857 3688 4922 ἀπῆλθεν
3751 4859 3842 4923 εἷς

2159 4943 2575 5015 Θεσσαλονίκην·
2637 4944 2751 4999 εἶτα
2809 4944 2887 5007 εἷς
2941 4946 3006 5000 τὸ
3087 4944 3408 5017 Βυζάντιον,
3483 4948 3620 5003 κατά
3697 4948 3835 5012 θέαν

2156 5034 2255 5092 τοῦ
2288 5036 2439 5092 θείου
2472 5041 2765 5111 Συμεῶνος
2796 5038 2970 5093 ἐκεῖσε
3015 5035 3301 5112 δεσμώτου
3351 5035 3529 5112 ὄντος,
3581 5038 3671 5094 διὰ
3716 5042 3832 5111 τήν

2159 5121 2457 5184 εὐσέϐειαν.
2509 5130 2683 5181 Ὠτινι
2758 5129 2850 5182 καὶ
2904 5125 3191 5203 διατρίψας
3274 5128 3493 5200 ἱκανῶς,
3576 5128 3665 5185 καὶ
3752 5133 3837 5188 τὰ

2155 5217 2282 5291 περὶ
2339 5220 2528 5292 ψυχῆς
2576 5218 3094 5296 συμφιλοσοφήσας,
3148 5219 3265 5291 μετ’
3303 5216 3491 5296 ὀλίγον
3538 5219 3676 5296 πρὸς
3721 5221 3836 5276 K6-

2158 5327 2277 5383 ριον
2309 5304 2660 5381 ἐξεδήμησεν.

2710 5436 2895 5494 ΜΙΙΝΙ
2932 5440 3015 5489 ΤΩ
3054 5440 3247 5493 ΑΥΤΩ.

2931 5524 3033 5579 KA'

2150 5616 2226 5671 Τὰ
2258 5612 2463 5671 εἷσόδια
2489 5621 2589 5697 τῆς
2618 5614 2905 5697 θεοτόκον,
2946 5615 3440 5697 ἔξτεήπροσηνὲχθη.
3478 5617 3531 5673 ἐν
3577 5624 3654 5693 τῷ
3697 5626 3830 5697 ναῷ

2416 5687 2504 5743 καὶ
2540 5688 2787 5758 εἰσῆλθεν
2822 5687 2897 5748 εἲς
2924 5688 2990 5742 τὰ
3015 5687 3182 5763 Ἀγια
3210 5687 3540 5762 τῶνἾίγίων.

2218 5794 2367 5850 Μετὰ
2418 5795 2511 5849 τὸν
2571 5792 2878 5873 παράδοξον
2936 5794 3100 5851 τόκον
3158 5799 3266 5851 τῶν
3321 5796 3491 5872 ἁγίων
3552 5800 3829 5877 Ἰωακεὶμ
