4124 6456
226 476 335 537 113

1718 472 2176 537 NOVEMBEB.

3557 477 3671 535 174

227 609 318 666 καὶ
344 610 578 676 Ἀονης,
640 605 1055 681 πληρωθέντος
1110 603 1317 668 διετοῦς
1375 601 1583 683 χρόνου
1640 606 1747 662 ἀπὸ
1798 611 1898 676 τῆς

2015 613 2270 679 partum,
2303 605 2601 662 secundus
2628 623 2662 663 a
2692 606 3014 663 venerabili
3046 606 3322 680 gloriosae
3380 608 3671 681 Deiparm,

238 704 435 768 ππτῆς
463 696 779 773 γεννήσεως
811 702 921 767 τῆς
961 693 1178 767 ἐνδόξου
1228 695 1496 751 Θεοτόκου
1545 697 1635 751 καὶ
1684 695 1908 771 ἀειπαρ-

230 787 385 844 θένου
446 790 663 859 Μαρίας
724 787 878 841 εἶπεν
952 783 1209 857 Ἰωακεῖμ
1284 788 1355 858 τῇ
1439 785 1655 861 γυναικὶ
1742 785 1909 840 αὐτοῦ

252 880 443 952 Ἀννῃ.
471 877 890 951 ’Δπαγάγωμεν
924 873 1091 943 αὗτήν
1132 874 1183 928 ἐν
1228 878 1308 947 τῷ
1350 878 1462 947 ναῷ
1520 875 1743 950 Κυρίου,
1771 875 1910 929 καθ-

242 969 318 1030 ὼς
381 965 763 1041 ὑπεσχόμεθα.
825 963 933 1021 Καὶ
992 964 1132 1018 εἶπεν
1217 964 1404 1022 Ἅννα·
1495 963 1785 1037 Μείνωμεν
1843 962 1907 1018 τὸ

237 1057 423 1131 τρίτον
471 1054 609 1116 ἔτος·
666 1055 888 1127 μήποτε
941 1055 1152 1126 ζητήσῃ
1194 1055 1423 1128 πατὲρα,
1454 1051 1491 1122 ἢ
1527 1054 1761 1128 μητέρα,
1813 1051 1905 1107 καὶ

246 1147 318 1201 οὗ
344 1145 830 1214 κατιυθυνθήσεται
889 1141 1123 1197 ἐνώπιον
1168 1141 1395 1217 Κυρίου.
1447 1140 1552 1197 Καὶ
1603 1142 1739 1214 μετὰ
1782 1139 1907 1214 τρία

246 1230 368 1307 ἔτη,
419 1235 564 1291 εἶπεν
647 1232 930 1306 Ἰωακείμ·
1015 1231 1341 1305 Καλέσωμεν
1426 1230 1522 1293 τὰς
1609 1229 1904 1307 θυγατέρας

237 1329 347 1382 τῶν
403 1319 670 1399 Ἐϐραίων
738 1324 835 1385 τὰς
891 1320 1209 1395 ἀμιάντους,
1268 1322 1358 1376 καὶ
1432 1317 1744 1376 λαϐέτωσαν
1804 1318 1905 1375 ἀνὰ

232 1412 525 1490 λαμπάδα,
556 1415 649 1470 καὶ
678 1408 920 1469 ἔστωσαν
961 1413 1017 1468 αἱ
1077 1409 1366 1485 λαμπάδες
1423 1410 1733 1485 καιόμεναι⁹
1790 1411 1902 1484 μή·-

230 1527 373 1562 ποτε
400 1506 618 1583 στραιρῆ⁹
645 1506 681 1574 ἡ
721 1508 850 1565 παῖς
898 1501 976 1565 είς
1024 1503 1093 1557 τὰ
1142 1501 1347 1571 ἀπίσω,
1405 1500 1496 1556 καὶ
1551 1498 1903 1576 αἰχμαλωτι-

226 1597 334 1669 σθῇ
366 1598 403 1665 ἡ
439 1592 657 1649 διάνοια
688 1593 861 1662 αὐτῆς
919 1591 973 1647 έν
1024 1596 1133 1663 ναῷ
1185 1592 1413 1666 Κυρίου.
1481 1590 1583 1647 Καὶ
1641 1588 1901 1659 ἐποίησαν

226 1685 435 1746 οὕτως.
472 1682 573 1738 Καὶ
599 1679 812 1752 ἐδέξατο
843 1679 1012 1750 αὐτὴν
1061 1680 1336 1757 Ζαχαρίας
1388 1681 1479 1735 καὶ
1536 1679 1683 1735 εἶπεν
1736 1679 1896 1752 αὐτῇ·

227 1771 559 1849 Μεγαλύναι
593 1769 794 1843 Κύριος
837 1771 902 1826 τὸ
954 1769 1131 1843 ὄνομα
1183 1790 1301 1827 σου.
1353 1770 1449 1825 Καὶ
1498 1768 1740 1835 ἐκάθισεν
1794 1768 1894 1825 αὐ-

230 1865 332 1933 τὴν
365 1861 461 1917 ἐπὶ
488 1865 589 1916 τοῦ
651 1861 868 1937 βαθμοῦ
915 1863 1014 1914 τοῦ
1066 1856 1475 1935 θυσιαστηρίου·
1524 1860 1614 1914 καὶ
1665 1859 1731 1929 ἦν
1774 1879 1901 1934 τρε-

2015 714 2368 769 semperque
2394 696 2646 769 Virginis
2672 696 2862 752 Maria)
2888 698 3331 768 nativitatejam
3358 697 3555 755 exibat
3579 716 3680 755 an-

2015 804 2149 858 nus,
2177 804 2312 842 cum
2342 786 2608 842 Joachim
2645 788 2811 841 uxori
2846 804 2965 842 sua)
3000 791 3183 842 Annae
3233 787 3382 842 dixit
3416 804 3430 842 :
3482 789 3675 845 Duca-

2013 894 2148 931 mus
2179 893 2310 931 eam
2343 877 2403 931 in
2423 874 2715 948 templum
2738 876 2997 941 Domini,
3024 876 3529 948 quemadmodum
3544 878 3676 949 pol-

2014 966 2160 1021 liciti
2186 966 2525 1023 sumus.Cui
2541 966 2998 1021 AnnazTertium
3017 967 3180 1037 prius
3199 983 3425 1022 annum
3440 968 3679 1039 expleat

2012 1072 2087 1111 ne
2117 1055 2291 1126 forte,
2349 1061 2666 1128 parentum
2724 1055 3041 1125 desiderio,
3102 1073 3224 1111 non
3278 1056 3568 1129 dirigatur
3612 1058 3676 1113 in

2011 1150 2335 1217 conspectu
2368 1145 2628 1201 Domini.
2661 1146 2801 1200 Post
2831 1146 3073 1201 tertium
3105 1145 3286 1218 igitur
3333 1161 3559 1202 annum
3591 1147 3679 1202 ait

2009 1234 2325 1290 Joachim:
2380 1237 2772 1290 Accersamus
2821 1234 3238 1291 immaculatas
3296 1235 3681 1291 Hebraaorum

2009 1323 2264 1396 puellas,
2299 1339 2431 1396 qua)
2462 1340 2746 1379 accensas
2779 1323 3086 1396 lampades
3118 1325 3458 1397 praeferant,
3492 1340 3569 1380 ne
3599 1325 3674 1381 ad

2011 1429 2101 1482 ea,
2134 1430 2266 1484 quae
2297 1419 2455 1469 retro
2486 1418 2645 1484 sunt,
2680 1432 2741 1469 se
2774 1419 3079 1470 convertat
3108 1413 3330 1487 puella,
3370 1414 3474 1469 sed
3507 1430 3685 1469 mens

2010 1503 2139 1574 ejus
2170 1507 2297 1558 tota
2323 1504 2384 1558 in
2416 1503 2640 1575 templo
2669 1502 2905 1558 Domini
2937 1504 3331 1575 mancipetur.
3374 1506 3565 1575 Atque
3597 1504 3682 1559 ita

2006 1590 2297 1647 fecerunt.
2331 1593 2647 1664 Excipiens
2679 1592 2858 1664 igitur
2887 1592 3151 1665 puellam
3191 1594 3526 1657 Zacharias,
3583 1593 3681 1647 in-

2008 1681 2175 1752 quit:
2209 1682 2545 1754 Magniﬁcet
2574 1682 2861 1737 Dominus
2892 1698 3111 1738 nomen
3136 1688 3302 1738 tuum
3330 1700 3343 1737 :
3369 1681 3671 1752 simulque

2006 1785 2168 1825 eram
2200 1769 2262 1824 in
2293 1770 2500 1826 altaris
2529 1771 2715 1843 gradu
2747 1771 3074 1827 collocavit.
3101 1774 3171 1825 Et
3196 1771 3573 1827 nutriebatur
3601 1770 3674 1827 ab

2008 1859 2240 1931 angelo,
2274 1859 2466 1915 donec
2498 1876 2725 1915 annum
2757 1861 3181 1916 duodecimum
3212 1861 3425 1933 attigit.
3479 1862 3661 1916 Cum-

234 1950 450 2029 γομὲνη
514 1950 620 2006 ὑπὸ
674 1950 931 2026 ἀγγέλου,
990 1945 1095 2011 ἓως
1152 1948 1362 2024 ἐγένετο
1441 1947 1576 2003 ἐτῶν
1661 1944 1895 2006 δώδεκα.

2015 1966 2120 2022 que
2171 1955 2405 2022 tempus
2464 1950 2947 2022 desponsationis
3008 1951 3367 2020 advenisset,
3439 1952 3671 2022 accepit

232 2042 331 2097 Καὶ
362 2042 670 2117 φθάσαντος
716 2042 815 2094 τοῦ
871 2041 1064 2111 καιροῦ
1117 2043 1217 2107 τῆς
1281 2035 1597 2111 μνηστείας,
1644 2036 1891 2113 παρέλα-

239 2125 330 2185 ϐεν
378 2130 547 2201 αὐτὴν
606 2129 811 2204 Ἰωσὴφ
895 2129 1002 2185 ἀπὸ
1081 2132 1189 2184 τῶν
1276 2125 1577 2203 ἀρχιερέων
1665 2127 1716 2183 ἐν
1776 2132 1890 2201 ναῷ

228 2221 456 2298 Κυρίου.

772 2312 951 2368 nam
990 2315 1075 2387 τᾳ
1114 2310 1318 2389 arra.

1004 2398 1106 2455 KB’

222 2488 498 2562 Ἃθλησις
601 2492 712 2544 τῶν
817 2486 985 2564 ἁγίων
1079 2484 1375 2564 ,μαρτύρων
1480 2486 1709 2562 Μάρκου
1800 2485 1893 2541 καὶ

916 2559 1212 2638 Στεφάνου.

294 2724 424 2780 Ἐπὶ
455 2730 561 2792 τῆς
623 2719 906 2796 βασιλείας
960 2724 1059 2776 τοῦ
1113 2722 1435 2795 παρανόμου
1495 2716 1897 2790 Διοκλητιανοῦ

227 2811 317 2867 καὶ
377 2811 540 2867 οὗτοι
604 2811 655 2866 οἱ
720 2812 867 2887 ἅγιοι
933 2810 1027 2866 τὸν
1086 2816 1187 2879 τῆς
1240 2807 1529 2873 ἀθανασίας
1587 2807 1717 2879 ὑπὲρ
1800 2810 1898 2862 τοῦ

229 2906 480 2974 Χριστοῦ
569 2898 877 2972 διήθλησαν
965 2899 1167 2977 ἀγῶνα·
1253 2899 1621 2973 Ὑπάρχοντες
1676 2898 1779 2972 γὰρ
1839 2895 1899 2951 ἐκ

225 2994 328 3060 τῆς
375 2991 606 3053 πόλεως
667 2988 1006 3065 Ἀντιοχείας
1060 2994 1161 3059 τῆς
1221 2984 1488 3058 Πισιδίας,
1545 2986 1637 3042 καὶ
1693 3006 1901 3041 παντα-

239 3086 350 3155 χοῦ
408 3079 689 3157 παρέησίᾳ
743 3084 861 3142 τοῖς
918 3078 1390 3154 προσερχομένοις
1448 3077 1539 3132 τὸν
1608 3083 1708 3146 τῆς
1759 3073 1899 3146 ἀλη-

251 3169 401 3233 θεῖας
458 3168 621 3246 λόγον
682 3169 1065 3243 κηρύττοντες,
1124 3167 1212 3221 καὶ
1291 3166 1383 3221 τὸν
1464 3165 1701 3240 Χριστὸν
1771 3164 1899 3219 Θεὸν

240 3259 506 3329 ἀληθινὸν
536 3257 971 3334 ὁμολογοῦντες,
1021 3257 1111 3312 καὶ
1165 3254 1370 3331 Κύριον
1415 3259 1513 3310 τοῦ
1554 3252 1776 3323 παντὸς,
1826 3248 1903 3307 δι-

2004 2056 2135 2095 eam
2164 2040 2379 2111 Joseph
2414 2057 2448 2095 a
2479 2040 2866 2119 pontiﬁcibus
2899 2040 2961 2096 in
2995 2039 3217 2112 templo
3247 2040 3507 2096 Domini.

2569 2308 2811 2366 EODEM
2850 2311 3105 2382 MENSE,

2480 2399 2584 2453 Die
2614 2398 2895 2456 vicesima
2924 2399 3187 2456 secunda

2007 2487 2158 2545 205
2229 2487 2512 2545 Certamen
2589 2495 2905 2617 sangttort’llm
2949 2495 3284 2571 'martyrum
3360 2491 3536 2547 Marci
3614 2495 3668 2546 et

2753 2578 2819 2617 en
2861 2578 2978 2617 am.

2753 2578 2978 2633 epnam.

2080 2724 2407 2796 Imperante
2440 2725 2624 2798 impio
2656 2726 3048 2796 Diocletiano,
3080 2726 3143 2782 hi
3174 2727 3363 2783 sancti
3420 2727 3484 2783 in
3528 2743 3675 2802 ago-

2010 2829 2148 2868 nem
2172 2814 2629 2871 immortalitatis
2642 2834 2749 2888 pro
2772 2817 3001 2872 Christo
3021 2816 3677 2873 descenderunt.Eraut

2011 2907 2211 2959 autem
2246 2920 2315 2959 ex
2338 2905 2654 2960 Antiochia
2674 2906 2912 2961 Pisidiaa
2936 2906 3082 2962 urbe
3108 2927 3123 2973 ;
3153 2907 3255 2978 qui
3284 2924 3417 2963 cum
3444 2923 3681 2963 summa

2010 2993 2235 3063 passim
2266 2992 2541 3049 libertate
2576 3011 2698 3062 eos,
2748 2995 2849 3065 qui
2892 3012 2954 3050 se
2986 2996 3440 3065 conveniebant,
3493 2997 3673 3052 verbo

2012 3082 2277 3138 veritatis
2311 3083 2715 3150 instituerent,
2749 3083 3171 3156 Christumque
3224 3102 3429 3140 verum
3486 3087 3674 3141 Deum

2014 3172 2403 3243 omniumque
2463 3173 2779 3227 Dominum
2833 3173 3281 3245 profiterentur,
3363 3174 3543 3231 delati
3600 3174 3675 3230 ad

2012 3262 2288 3333 Magnum
2321 3260 2690 3333 praefectum,
2725 3267 2783 3317 et
2813 3264 3092 3335 correpti,
3126 3265 3440 3321 tormentis
3474 3264 3670 3336 subji-

228 3346 553 3420 εϐλήθησαν
611 3349 820 3423 Μάγνῳ
867 3346 948 3420 τῷ
1008 3347 1259 3420 ἡγεμόνι,
1342 3344 1434 3400 καὶ
1516 3342 1895 3421 κρατηθέντες,

2015 3350 2274 3407 ciuntur.
2315 3354 2581 3423 Cumque
2611 3352 2779 3407 nulla
2806 3353 3034 3409 ratione
3070 3355 3306 3410 suaderi
3337 3360 3583 3426 possent
3609 3360 3676 3409 ut

227 3439 318 3495 καὶ
367 3438 601 3494 πλεῖστα
660 3436 1091 3512 βασανισθέντες,
1146 3434 1239 3490 καὶ
1301 3435 1378 3507 μὴ
1434 3434 1741 3497 πεισθέντες
1801 3430 1900 3508 ἆρ-

234 3531 505 3598 νήσασθαι
562 3529 656 3582 τὸν
717 3524 977 3601 Χριστὸν,
1035 3521 1394 3595 συνεδέθησαν
1480 3527 1561 3595 τῷ
1608 3523 1746 3596 με.τά
1795 3522 1903 3575 τῶν

238 3617 412 3693 ἁγίων
472 3617 755 3693 μαρτύρων
813 3620 923 3672 τῶν
1010 3614 1323 3689 λεγομένων
1411 3611 1772 3683 Καλυντηνῶν
1828 3610 1905 3681 ὡς

240 3711 504 3782 φωστῆρι
553 3703 905 3778 ἱκλάμποντι,
957 3706 1166 3779 Μάρκῳ
1214 3703 1301 3759 καὶ
1347 3701 1495 3773 αὐτῷ
1549 3696 1900 3775 καλουμένῳ.

248 3797 353 3852 Καὶ
386 3792 658 3873 διαφόρως
700 3796 1138 3865 συναθλήσαντες
1195 3793 1366 3865 αὐτῷ,
1426 3790 1517 3847 καὶ
1574 3790 1762 3847 πολλᾶ
1815 3809 1902 3844 τι·

251 3886 620 3963 μωρηθέντες,
685 3885 777 3940 καὶ
841 3886 917 3958 μή
993 3883 1296 3945 πεισθέντες
1356 3882 1511 3937 θῦσαι
1567 3886 1685 3943 τοῖς
1760 3881 1902 3935 ἀκα-

238 3978 461 4052 θάρτοις
511 3972 787 4047 δαίμοσιν,
846 3973 1237 4046 ἀπετμήθησαν
1295 3972 1391 4033 τὰς
1475 3971 1663 4044 τιμίας
1721 3970 1899 4025 αὐτῶν

233 4063 486 4143 κεφαλὰς
541 4065 834 4139 προστάξει
884 4060 983 4117 τοῦ
1038 4062 1284 4135 Μάγνου,
1367 4060 1457 4116 καὶ
1541 4058 1900 4130 κατετέθησαν

232 4157 287 4213 ἐν
427 4156 594 4230 χώρᾳ
622 4160 725 4223 τῆς
759 4149 1031 4222 Πισιδίας,
1063 4148 1115 4223 ἐξ
1144 4153 1211 4221 ἧς
1239 4149 1330 4205 καὶ
1360 4149 1631 4226 ἐγένοντο.

802 4271 984 4328 MllNl
1024 4272 1111 4345 Τῼ
1151 4273 1346 4345 arra.

1018 4359 1121 4415 Kl"

233 4454 513 4524 Ἀθλησις
561 4457 674 4525 τῶν
734 4451 907 4525 ἁγίων
970 4448 1257 4525 μαρτύρων
1321 4447 1673 4525 Ἀρχίππου,-
1716 4456 1903 4525 ’μαθη-

300 4519 417 4584 τοῖί
483 4524 711 4617 Παύλου
783 4519 889 4578 ’τοῦ
972 4519 1316 4592 ’ἄπυεν-ἑάλω,
1395 4519 1493 4576 ’καὶ
1579 4519 1908 4593 Φιλήμονος

300 4621 403 4656 του
432 4615 800 4673 στρατιώτου.

308 4763 485 4820 Οὗτοι
522 4758 781 4834 ὑπῆρχον
841 4754 930 4811 ἐπὶ
986 4755 1243 4831 Νέρωνος
1300 4758 1400 4810 τοῦ
1457 4749 1750 4829 βασιλέως.
1808 4755 1923 4805 Μα-

246 4852 405 4924 θηταὶ
439 4848 501 4906 δὲ
528 4847 820 4925 γεγονότες
866 4850 963 4901 τοῦ
1021 4845 1177 4920 ἁγίου
1226 4841 1470 4913 Παύλου,
1522 4839 1902 4916 ἐμαρτύρησαν

252 4940 302 4996 ἓν
330 4942 579 5009 Χὼναις,
612 4936 775 4992 πόλει
832 4941 933 5006 τῆς
988 4933 1257 5010 Φρυγίας,
1314 4931 1437 5002 ἣτις
1496 4931 1608 4987 ἐστὶ
1665 4929 1904 5000 πλησίον

252 5026 596 5089 Λαοδικείας.
638 5026 869 5100 Ἐορτῆς
924 5024 1024 5101 γὰρ
1082 5023 1358 5098 ἀγομένης
1402 5024 1470 5095 τῇ
1526 5022 1737 5095 μυσαρᾷ
1781 5019 1909 5093 Ἀρ-

247 5116 448 5191 τέμιδι,
513 5115 567 5171 ἐν
627 5118 710 5187 τῷ
767 5112 968 5183 ταύτης
1024 5116 1161 5184 ναῷ,
1218 5114 1297 5183 τῷ
1349 5108 1401 5164 ἐν
1468 5109 1707 5179 Χώναις,
1762 5108 1910 5181 παρὰ

247 5212 346 5262 τῶν
378 5204 825 5277 πεπλανημένων
858 5200 1169 5272 Ἑλλήνων,
1202 5199 1354 5255 οὗτοι
1386 5199 1439 5254 οἱ
1467 5218 1614 5273 αγιοι
1638 5197 1737 5265 τὴν
1762 5192 1909 5266 δοξο-

248 5294 430 5373 λογίαν
468 5295 786 5368 ἀνέπεμπον
831 5294 915 5364 τῷ
966 5294 1084 5363 Θεῷ
1136 5287 1189 5344 ἐν
1247 5292 1316 5362 τῇ
1370 5287 1646 5363 ἁγιωτάτῃ
1703 5283 1906 5354 ἐκκλη-

246 5389 348 5460 σίᾳ,
385 5386 525 5461 μετὰ
568 5389 679 5441 τῶν
737 5384 1104 5460 Χριστιανῶν.
1160 5378 1297 5435 Εἶτα
1348 5376 1658 5450 ἐπιθέμενοι
1719 5374 1909 5435 αὐτοῖς

238 5482 289 5534 οἱ
319 5475 746 5552 ιῖδωλολάτραι,
777 5477 892 5529 τῶν
957 5471 1054 5544 μὲν
1105 5465 1318 5523 λοιπῶν
1370 5466 1678 5543 φυγόντων,
1736 5464 1909 5537 μόνου

242 5565 299 5623 δὶ
326 5567 645 5644 Ἀρχίππου
676 5565 768 5621 καὶ
824 5561 1183 5633 Φιλήμονος,
1242 5557 1331 5612 καὶ
1386 5554 1622 5633 Ἀμφίας
1678 5554 1910 5644 ὑπομει-

242 5659 470 5727 νέντων,
511 5658 881 5734 κρατήσαντες
937 5649 1161 5717 αὐτοὺς,
1218 5644 1428 5720 ἤγαγον
1488 5645 1625 5720 πρὸς
1674 5639 1911 5734 ζΑνδροέ

248 5748 381 5804 κλέα
434 5730 936 5824 τὸν-σιτοφύλακα
997 5736 1250 5815 Ἐφέσου.
1301 5735 1574 5792 Τόπτεται
1639 5730 1732 5787 οὗν
1788 5732 1916 5807 παρ’

253 5838 405 5897 αἱ)τοῦ
452 5841 479 5896 ὁ
521 5821 871 5920 Ἄρχιππος·
914 5830 1013 5889 καῖ
1067 5829 1145 5903 μὴ
1194 5825 1433 5891 πε’·’σθεῖς
1478 5825 1634 5880 θῦσαι
1674 5827 1792 5887 τοῖς
1837 5821 1916 5878 εἷ-

2013 3439 2315 3495 Christum
2342 3440 2869 3513 abnegarent,cum
2883 3442 3071 3497 altero
3089 3444 3443 3515 cognomine
3460 3446 3675 3515 Marco,

2013 3530 2113 3601 qui
2136 3529 2293 3584 inter
2323 3535 2561 3585 sanctos
2594 3537 2883 3602 martyres
2932 3532 3293 3602 Calyntenos
3343 3533 3676 3605 appellatos

2010 3619 2172 3674 velut
2197 3619 2362 3674 sidus
2394 3620 2709 3687 emicabat,
2741 3620 2996 3676 vinculis
3016 3616 3676 3689 constricti,acerbissi'-

2012 3708 2127 3763 mis
2158 3708 2352 3763 omnis
2392 3710 2627 3781 generis
2684 3710 3045 3765 cruciatibus
3102 3716 3408 3767 vexantur.
3463 3714 3679 3767 Verum

2011 3800 2076 3855 in
2108 3798 2323 3853 Christi
2361 3799 2478 3854 ﬁde
2510 3806 2980 3871 perseverantes,
3015 3800 3226 3856 adduci
3250 3818 3372 3857 non
3405 3806 3674 3873 potuere,

2011 3894 2079 3944 ut
2123 3888 2374 3959 impuris
2432 3888 2746 3944 daemoniis
2804 3889 3208 3962 immolarent,
3267 3891 3666 3957 Quamobrem

2012 3976 2199 4033 sacris
2230 3978 2498 4049 ipsorum
2528 3978 2844 4050 capitibus,
2878 3980 3069 4051 Magni
3110 3980 3307 4051 jussu,
3351 3980 3670 4036 obtrunca-

2010 4068 2109 4138 tis,
2143 4067 2204 4122 in
2235 4067 2466 4136 eadem,
2499 4068 2561 4123 in
2591 4085 2710 4139 qua
2746 4069 2871 4124 nati
2907 4075 3097 4142 erant,
3128 4071 3364 4126 Pisidiae
3424 4072 3671 4144 regione

2013 4157 2231 4228 sepulti
2264 4156 2451 4213 fuere.

2717 4266 2960 4322 EODEM

2528 4354 2630 4409 Die
2661 4355 2942 4410 vicesima
2973 4356 3147 4411 tertia

2014 4444 2170 4502 206
2198 4445 2484 4517 Certamen
2512 4450 2829 4517 sanctorum
2877 4450 3185 4517 martyrum
3232 4446 3530 4517 Archippi,
3580 4447 3672 4501 di-

2146 4516 2349 4586 scipuli
2386 4514 2551 4570 Pauli
2579 4516 2840 4586 apostoli,
2871 4521 2922 4570 et
2949 4515 3287 4574 Philemonis
3316 4514 3535 4573 militis.

2047 4751 2137 4817 Hi,
2166 4751 2399 4804 Nerone
2431 4748 2786 4820 imperante,
2819 4749 3101 4823 discipuli
3161 4752 3412 4809 fuerunt
3481 4753 3678 4811 sancti

2014 4838 2203 4906 Pauli,
2229 4843 2289 4893 et
2307 4838 2528 4893 Chonis
2550 4838 2611 4892 in
2635 4838 2889 4911 Phrygia
2909 4839 3068 4896 haud
3095 4841 3301 4912 procul
3322 4859 3357 4897 a
3375 4841 3680 4899 Laodicaaa

2015 4927 2540 4999 urbe,martyrium
2565 4927 3049 4983 subierunt.Cum
3075 4930 3233 4986 enim
3247 4931 3435 4987 festus
3451 4932 3677 4988 abomi-

2016 5016 2229 5072 nanda;
2264 5016 2463 5071 Dianai
2512 5015 2639 5070 dies
2662 5015 2721 5069 in
2753 5016 3021 5087 ejusdem
3046 5019 3267 5091 templo
3282 5020 3500 5077 Chonis
3524 5038 3557 5077 a
3581 5038 3678 5077 su-

2018 5104 2593 5178 perstitiosisGrmcis
2607 5106 3003 5177 ageretur,isti
3019 5108 3217 5163 Sancti
3231 5110 3291 5165 in
3312 5111 3682 5167 sanctissima

2019 5195 2273 5251 ecclesia
2295 5193 2475 5248 simul
2496 5210 2632 5248 cum
2656 5193 3007 5251 Christianis
3029 5196 3238 5253 laudes
3254 5199 3371 5254 Deo
3394 5199 3676 5256 decanta-

2020 5285 2383 5350 bant.Quare
2396 5286 2550 5339 facto
2569 5282 2642 5338 ab
2660 5283 3071 5341 idololatrisin
3086 5287 3223 5343 illos
3243 5288 3489 5359 impetu.
3503 5296 3676 5344 caete-

2019 5375 2222 5445 risque
2248 5374 2308 5428 in
2324 5373 2521 5445 fugam
2536 5374 3221 5447 conversis,Archippus,
3253 5377 3585 5444 Philemon,
3620 5384 3681 5434 et

2019 5466 2308 5539 Amphias
2336 5465 2446 5520 soli
2466 5466 2807 5521 constitere.
2822 5466 3005 5522 Vincti
3028 5468 3206 5540 igitur
3226 5467 3300 5524 ad
3316 5469 3680 5541 Androclem,

2022 5556 2108 5611 rei
2133 5555 2538 5610 frumentarias
2555 5555 2771 5627 Ephesi
2794 5556 3163 5627 praefectum,
3178 5557 3684 5628 perducuntur;et

2025 5645 2361 5716 Archippus
2390 5643 2635 5715 quidem
2664 5644 2941 5717 flagellis,
2977 5645 3107 5717 ejus
3143 5647 3339 5717 jussu,
3398 5646 3681 5705 caaditur:

2026 5749 2282 5805 cumque
2315 5733 2491 5788 idolis
2525 5733 2861 5788 sacrificare
2892 5740 3213 5800 recusaret,
3247 5735 3310 5789 in
3338 5735 3570 5792 foveam
3593 5737 3685 5794 in-

2021 5823 2241 5897 jectus,
2272 5827 2451 5893 atque
2477 5837 2686 5892 aggere
2719 5820 2791 5877 ad
2820 5820 3170 5880 umbilicum
3192 5840 3378 5895 usque
3409 5823 3683 5897 obrutus,
