4124 6472
504 445 620 504 175

1829 439 2258 503 MENOLOGII
2304 442 2508 504 PARS
2555 444 2602 504 Ι.

3814 441 3921 502 1⁸76

502 595 827 653 puerorum
885 577 1056 650 stylis
1112 576 1472 647 confoditur,
1532 575 1773 631 demum
1833 575 2149 647 lapidatur.

2282 572 2497 648 Βώλοις,
2532 576 2608 639 εἷς
2641 574 2837 652 βόθρον
2877 571 3240 650 ἐμϐάλλεται,
3298 576 3388 631 καὶ
3436 576 3713 651 χώννυται
3765 578 3925 654 μέχρι

502 670 817 725 Philemon
848 674 1047 723 autem
1077 667 1332 722 fustibus
1383 684 1451 722 eo
1510 683 1701 738 usque
1750 666 2157 737 confunditur,

501 759 644 814 dum
677 758 941 813 animam
976 757 1219 811 efflavit.

1072 1054 1314 1109 EODEM
1353 1054 1607 1110 MENSE.

1011 1143 1112 1198 Die
1142 1144 1427 1199 vicesima
1457 1147 1669 1214 quarta

505 1236 653 1292 207
691 1235 980 1290 Certamen
1001 1239 1210 1290 sancta
1246 1233 1507 1303 martyris
1538 1233 1794 1299 chitiae,
1844 1237 1897 1303 et
1943 1236 2163 1285 sancto-

780 1321 905 1360 rum
932 1307 1204 1360 sociorum
1242 1302 1517 1360 Valeriani
1542 1310 1592 1359 et
1625 1302 1884 1358 Tiburtii.

575 1422 833 1490 Cmcilia,
866 1427 1092 1492 martyr
1123 1424 1341 1487 Romae,
1376 1419 1774 1492 locupletibus
1813 1417 2164 1490 parentibus

507 1519 668 1581 nata,
702 1512 1014 1568 Valeriano
1046 1513 1108 1567 in
1145 1512 1593 1568 matrimonium
1651 1510 1958 1575 collocata,
2003 1509 2165 1563 hunc

510 1603 583 1659 ad
604 1603 819 1659 Christi
848 1602 1026 1658 fidem
1054 1602 1127 1658 ob
1158 1602 1353 1674 angeli
1376 1602 2028 1674 apparitionem,quem
2050 1597 2164 1669 ipsi

508 1698 961 1761 monstraverat,
994 1693 1272 1749 traduxit.
1307 1692 1652 1747 Valerianus
1694 1696 1893 1745 autem
1945 1689 2164 1745 Tibur-

513 1784 663 1839 tium
693 1784 940 1839 fratrem
990 1784 1243 1849 induxit,
1295 1790 1362 1837 ut
1409 1783 1770 1855 baptismum
1814 1781 2163 1853 susciperet.

509 1874 663 1938 Quos
686 1890 896 1929 omnes
924 1873 1195 1929 Urbanus
1219 1873 1383 1928 urbis
1407 1874 1721 1945 episcopus
1743 1872 1963 1927 docuit.
1983 1873 2163 1925 Porro

508 1963 807 2017 Tiburtius
839 1979 970 2018 eam
995 1963 1247 2035 gratiam
1271 1963 1698 2035 promeruit,ut
1721 1961 1984 2033 quotidie
2000 1976 2166 2033 ange-

2282 1952 2559 2031 Οὖρϐανοῢ
2646 1956 2947 2011 ἐπισκόπου
3027 1962 3125 2025 τῆς

508 2052 703 2107 lorum
735 2060 980 2123 aspectu
1010 2057 1068 2108 et
1097 2052 1396 2123 colloquio
1424 2052 1739 2107 frueretur.
1774 2051 1884 2106 Sed
1941 2067 2076 2105 cum
2111 2057 2170 2105 et

508 2143 637 2213 ipse
670 2146 729 2196 et
752 2141 1099 2196 Valerianus
1124 2158 1373 2213 corpora
1388 2148 1718 2213 martyrum
1744 2139 2171 2212 sepelirent,ad

508 2230 857 2303 praefectum
917 2229 1083 2285 urbis
1133 2230 1335 2300 delati,
1392 2231 1823 2301 tormentisque
1892 2229 2168 2300 subjecti,

512 2318 762 2373 Maximo
804 2318 1178 2373 Cubiculario
1235 2318 1570 2386 traduntur,
1605 2335 1639 2374 a
1669 2335 1785 2389 quo
1832 2317 2173 2373 veneranda

513 2425 719 2463 eorum
753 2409 948 2480 capita
976 2409 1238 2464 abscissa
1279 2415 1451 2464 sunt:
1496 2409 1691 2480 ipsum
1743 2414 1941 2463 tamen
1992 2408 2169 2463 cubi-

511 2497 805 2552 cularium
841 2499 1153 2553 Maximum
1188 2498 1261 2552 ad
1292 2498 1507 2553 Christi
1570 2498 1747 2552 ﬁdem
1796 2503 2004 2569 postea
2034 2514 2170 2569 per-

515 2592 841 2643 traxerunt.
877 2588 977 2657 qui
1011 2594 1067 2641 et
1098 2588 1355 2658 praefecti
1382 2589 1557 2657 jussu
1590 2587 1962 2641 excruciatus
1992 2586 2170 2641 vitam

515 2676 723 2730 ﬁnivit.
752 2680 826 2730 At
857 2692 991 2731 vero
1024 2676 1257 2730 Ctecilia
1288 2677 1345 2729 in
1380 2676 1657 2730 balneum
1682 2675 2170 2730 ardentissimum

440 2840 447 2851 ι
514 2768 805 2836 conjecta,
836 2783 969 2822 cum
994 2767 1255 2820 triduum
1291 2766 1369 2820 ibi
1405 2766 1594 2821 illaesa
1617 2767 1953 2827 mansisset,
1979 2765 2170 2836 capite

512 2856 688 2927 plexa
720 2861 826 2909 est.

1174 3152 1394 3206 Eodem
1426 3150 1521 3206 die

521 3241 672 3297 που
716 3242 1000 3296 Certamen
1056 3244 1233 3296 sancti
1293 3243 1474 3295 Patris
1512 3242 1690 3295 nostri
1753 3240 2173 3309 sacromartyris

953 3313 1209 3379 Sisinnii,
1241 3314 1480 3384 βρίθει)ρὶ
1512 3314 1713 3382 Cyzici.

587 3431 871 3486 Sacrosan
882 3436 1011 3485 ctus
1034 3436 1258 3501 martyr
1275 3428 1968 3495 Sisinnius,Diocletiano
1983 3427 2173 3498 impe—

514 3526 731 3587 ratore,
761 3520 949 3591 Cyzici
979 3521 1314 3593 episcopus,
1341 3522 1680 3576 Graecorum
1700 3517 2171 3582 multitudinem,

515 3610 694 3665 ﬁdem
724 3609 941 3665 Christi
1003 3611 1247 3678 docens,
1306 3627 1528 3682 eosque
1560 3627 1594 3666 a
1622 3610 1815 3682 patria
1871 3608 2173 3665 idolorum

513 3700 939 3771 superstitione
977 3700 1053 3755 ad
1109 3700 1429 3756 Dominum
1487 3705 1860 3769 convertens,
1929 3699 1990 3753 in
2045 3697 2174 3770 ejus

513 3789 756 3844 nomine
779 3788 1139 3859 baptizabat;
1170 3789 1378 3844 ﬁdeles
1398 3805 1533 3844 vero
1557 3787 1976 3858 confirmabat,
2018 3787 2173 3842 suis-

514 3893 631 3946 que
656 3876 898 3931 monitis
931 3877 1227 3932 ﬁrmiores
1258 3877 1564 3933 reddebat.
1600 3877 1709 3932 Sed
1746 3882 1805 3931 et
1841 3893 1943 3931 eos
1979 3875 2081 3945 qui
2100 3874 2173 3929 ob

512 3967 727 4021 Christi
751 3983 971 4021 nomen
992 3967 1429 4038 comprehensi,
1464 3973 1522 4021 et
1554 3968 1613 4020 in
1647 3983 1915 4021 carceres
1951 3964 2171 4019 inclusi

512 4061 703 4121 erant,
736 4060 838 4109 aut
867 4059 1179 4110 tormentis
1212 4055 1485 4127 subjecti,
1546 4055 1839 4118 visitabat,
1904 4054 2171 4120 curabat,

513 4150 571 4199 et
601 4144 675 4199 ad
706 4146 1056 4216 martyrium
1088 4145 1322 4199 fortiter
1371 4145 1749 4200 subeundum
1801 4143 2152 4216 impellebat

513 4234 702 4297 Quare
734 4234 968 4289 delatus
999 4235 1072 4289 ad
1103 4234 1560 4300 Diocletianum,
1603 4216 2171 4305 comprehenditur;

513 4327 572 4377 et
603 4323 779 4395 virgis
812 4325 1071 4395 primum
1109 4325 1455 4396 gravissime
1510 4325 1795 4379 creditur:
1848 4341 1984 4378 mox
2040 4340 2170 4377 sus-

508 4430 752 4484 pensus,
784 4415 966 4485 inque
994 4414 1281 4470 lateribus
1308 4414 1655 4482 dilaniatus,
1685 4413 1972 4469 custodite
1997 4412 2176 4466 tradi-

507 4507 640 4557 tur:
675 4503 775 4557 ubi
826 4503 1111 4559 diuturna
1166 4504 1343 4570 fame,
1405 4504 1503 4559 siti
1564 4509 1625 4559 et
1680 4502 1975 4559 sexcentis
2036 4501 2172 4557 aliis

506 4593 790 4646 zerumnis
822 4594 1128 4647 confectus
1160 4599 1267 4647 est.
1310 4595 1522 4648 Postea
1579 4592 1849 4659 eductus,
1898 4597 2077 4662 atque
2109 4596 2175 4645 ut

2268 668 2365 719 τοῦ
2398 666 2674 741 ὀμφαλοῦ.
2710 663 2812 721 Καὶ
2876 665 2980 720 ὑπὸ
3043 663 3253 720 παίδων
3309 664 3592 739 σχολιτῶν
3653 668 3929 743 γραφείοις

2272 754 2690 825 κατακεντηθεὶς
2722 753 2851 809 ὅλον
2884 754 2946 809 τὸ
2978 758 3138 827 σῶμα
3198 755 3488 829 πρότερον,
3544 752 3765 831 ὕστερον
3816 753 3927 810 ἐλι-

2272 837 2580 915 θοϐολγςθη.
2634 844 2765 899 Εἶτα
2821 843 2968 898 καὶὸ
3001 842 3157 918 ἆγιος
3215 843 3497 917 Φιλήμων
3563 844 3701 917 μετὰ
3757 844 3926 914 ξύλων

2270 933 2492 1010 τυφθεὶς
2525 932 2800 1003 ἀνηλεῶς,
2834 930 3162 990 τελειοῦται.

2823 1052 3004 1108 MHNI
3045 1054 3136 1130 Τῼ
3175 1054 3376 1129 ΑΥΤῼ.

3054 1141 3152 1195 ΚΔ¹

2274 1228 2539 1303 Ἀθλησις
2595 1235 2696 1303 τῆς
2738 1229 2912 1303 Ϋᾶγίας
2985 1228 3260 1303 μάρτυρος
3337 1227 3620 1303 Κικιλίας,
3676 1229 3765 1303 καὶ
3821 1232 3933 1284 τῶν

2432 1295 2523 1355 σὺν
2556 1295 2693 1375 αὐτῇ
2726 1295 2896 1375 ἁγίων
2934 1295 3273 1377 Βαλέριοίνοῦ
3303 1300 3392 1356 καὶ
3426 1295 3777 1377 Τιϐουρτίου.

2345 1416 2406 1472 Ἦ
2443 1414 2648 1489 μάρτυς
2682 1417 2905 1473 ΚικιΑία
2948 1418 3198 1490 ὗπῆργεν
3257 1415 3317 1471 ἐκ
3371 1422 3473 1485 τῆς
3528 1414 3742 1477 πόλεως
3795 1415 3934 1473 Ῥώ-

2279 1512 2387 1577 μής
2454 1503 2732 1560 πλουσίων
2792 1506 2991 1581 γονέων
3074 1506 3331 1579 θυγάτηρ.
3413 1504 3819 1574 Μνηστευθεῖσα
3874 1501 3935 1558 δὲ

2277 1595 2610 1670 Βαλεριανῷ,
2641 1601 2832 1651 τοῦτον
2867 1595 2955 1651 ἐπὶ
2995 1597 3093 1664 τήν
3146 1595 3224 1658 εἷς
3271 1596 3502 1671 Χριστὸν
3560 1595 3739 1650 πίστιν
3803 1613 3935 1667 μετ-

2275 1686 2502 1759 ήγαγεν,
2561 1684 2611 1757 ἐξ
2669 1686 2984 1763 ἐπιφανείας
3043 1684 3307 1761 ἀγγέλου,
3366 1685 3424 1740 ὃν
3497 1684 3587 1740 καὶ
3666 1682 3939 1755 ὑπέδειξεν

2275 1773 2442 1846 αὐτῷ.
2477 1776 2538 1833 Ὀ
2569 1772 2627 1829 δὲ
2679 1773 3007 1852 Βαλεριανὸς
3064 1771 3243 1830 ἔπεισε
3296 1776 3655 1850 βαπτισθῆναι
3702 1769 3939 1851 T16069-

2273 1885 2390 1919 τιον
2421 1865 2513 1920 τὸν
2545 1862 2780 1943 ἀδελφὸν
2813 1864 2998 1921 αὐτοῦ.
3063 1865 3131 1922 Οἱ
3178 1869 3328 1940 τρεῖς
3383 1861 3734 1919 ἐδιδάσκοντο
3791 1863 3942 1938 παρὰ

3213 1954 3449 2017 πόλεως.
3535 1954 3818 2024 Τοσαύτης
3882 1952 3942 2008 δὲ

2274 2049 2486 2120 ἠξιώθη
2519 2047 2747 2123 χάριτος
2779 2043 3179 2123 ὁΤιϐούρτιος,
3237 2045 3313 2104 ὡς
3360 2045 3450 2099 καὶ
3498 2044 3755 2120 ἀγγέλοις
3801 2054 3940 2107 καθ-

2277 2138 2502 2207 εκάστην
2563 2134 2947 2211 προσομιλεῖν.
3001 2136 3173 2197 Οὗτος
3229 2136 3295 2188 τά
3372 2135 3598 2207 σώματα
3674 2137 3782 2188 τῶν
3850 2132 3943 2188 ἐν-

2277 2226 2589 2292 αθλούντων
2653 2227 2940 2302 μαρτύρων
3011 2226 3252 2296 θάπτων,
3318 2225 3452 2298 μετᾶ
3500 2227 3598 2279 τοῦ
3670 2222 3940 2296 Βαλερια·

2278 2324 2395 2388 νοῦ,
2429 2313 2784 2373 διαϐάλλεται
2819 2321 2900 2389 τῷ
2959 2315 3186 2391 ἐπάρχῳ
3228 2322 3329 2385 τῆς
3372 2312 3606 2378 πόλεως.
3659 2313 3758 2368 Καὶ
3806 2313 3939 2387 παρ’

2279 2408 2443 2463 αὐτοῦ
2497 2407 2925 2481 τιμωρηθὲντες,
2990 2403 3365 2479 παρεδόθησαν
3454 2402 3690 2477 Μαξίμῳ
3767 2423 3940 2458 καπι-

2278 2497 2512 2572 κλαρίῳ·
2544 2496 2633 2551 καὶ
2665 2497 2792 2572 παρ’
2841 2495 3008 2550 αὐτοῦ
3065 2496 3161 2557 τὰς
3214 2494 3400 2568 τιμίας
3458 2493 3636 2548 αὐτῶν
3678 2493 3939 2566 ἀπετμή-

2278 2592 2443 2660 θησαν
2523 2585 2785 2663 κεφαλάς,
2899 2584 3324 2656 ἐπισπασάμενοι
3417 2584 3505 2639 καὶ
3589 2584 3679 2638 τὸν
3768 2604 3943 2638 καττι-

2276 2680 2507 2755 κλάριον
2550 2680 2798 2751 Μάξιμον
2858 2677 2933 2741 εἷς
2988 2679 3086 2745 τὴν
3147 2677 3348 2731 πίστιν.
3406 2678 3617 2743 "Os-uc,
3680 2674 3781 2730 ὑπὸ
3839 2678 3943 2729 τοῦ

2280 2771 2527 2844 ἐπάρχου
2567 2767 3012 2841 τιμωρούμενος,
3063 2765 3382 2836 ἐτελειώθη,
3444 2766 3507 2820 'll
3572 2762 3629 2818 δὲ
3691 2761 3944 2833 Κεκιλία,

2280 2860 2356 2922 εἷς
2394 2858 2624 2931 λουτρὸν
2670 2856 2981 2931 ἐκπυρωθὶν
3041 2851 3404 2929 ἐμϐληθεῖσα,
3461 2853 3552 2909 καί
3603 2859 3748 2929 τρεῖς
3795 2852 3945 2925 ἠμέ-

2282 2970 2377 3026 ρας
2411 2947 2719 3017 διανύσασα,
2750 2947 2838 3002 καὶ
2875 2944 3041 3020 μηδὲν
3080 2941 3369 3020 βλαϐεῖσα,
3427 2944 3638 3018 ἐτμήθη
3689 2943 3787 3010 τήν
3840 2963 3942 2997 κε·-

2280 3038 2481 3116 φαλήν.

2868 3156 2953 3228 Τῇ
2993 3152 3130 3227 αὖτῇ
3162 3153 3347 3228 ἡμέρᾳ

2281 3244 2552 3316 Ἀθλησις
2607 3247 2705 3298 τοῦ
2766 3244 2914 3316 ὁσίου
2971 3241 3209 3316 -Πατρρς
3292 3244 3456 3316 ἡμῶν
3540 3237 3947 3315 ἱερομάρτυρος

2636 3314 2935 3383 Σισιννίου,
2967 3313 3272 3369 ἐπισκόπου
3303 3313 3558 3382 Κυζίκου.

2352 3435 2414 3493 Ὀ
2445 3436 2596 3508 ἅγιος
2657 3431 2981 3507 ἱερομάρτυς
3034 3431 3299 3493 Σισίννιος
3358 3430 3603 3504 ὑπῆρχεν
3669 3427 3756 3483 ἐπὶ
3812 3435 3945 3483 Ato-

2280 3523 2579 3595 κλητιανοῦ
2602 3526 2700 3577 τοῦ
2761 3515 3054 3597 βασιλέως,
3104 3519 3397 3581 ἐπίσκοπος
3454 3518 3715 3588 Κυζίκου.
3775 3515 3947 3572 Διδά-

2282 3635 2422 3670 σκων
2453 3610 2511 3668 δὲ
2538 3613 2605 3668 τὰ
2634 3609 2819 3682 πλήθη
2850 3614 2960 3665 τῶν
2986 3607 3276 3681 Ἑλλήνων
3307 3609 3409 3678 τὴν
3441 3606 3520 3669 εἷς
3565 3608 3802 3677 Χριστὸν
3848 3607 3957 3661 πί-

2281 3724 2419 3773 στιν,
2488 3701 2577 3757 καὶ
2664 3699 2999 3776 ἐπιστρέφων
3082 3698 3189 3754 ἀπὸ
3274 3701 3373 3768 τῆς
3448 3693 3956 3772 πατροπαραδότου

2281 3792 2492 3862 πλάνης
2519 3794 2629 3846 τῶν
2661 3786 2907 3845 εἲδώλων
2939 3787 3029 3843 ἐπὶ
3076 3788 3168 3843 τὸν
3228 3787 3453 3861 Κύριον,
3511 3786 3601 3842 καὶ
3663 3784 3961 3862 βαπτίζων

2283 3881 2360 3943 εἷς
2388 3880 2451 3936 τὸ
2480 3876 2655 3952 ὄνομα
2677 3877 2869 3949 αὐτοῦ,
2908 3878 3037 3938 τοὺς
3097 3874 3155 3931 δὲ
3208 3875 3439 3938 πιστοὺς
3493 3875 3792 3949 στηρίζων,
3854 3874 3961 3930 καὶ

2283 3966 2658 4045 ἐδραιοτέρους
2719 3971 2894 4021 ποιῶν
2947 3972 3066 4028 ταῖς
3142 3963 3545 4040 παραινέσεσιν,
3594 3960 3672 4018 ἔτι
3733 3961 3794 4018 δὲ
3854 3965 3966 4018 καὶ

2281 4058 2409 4121 τοὺς
2438 4058 2843 4132 κρατουμένους
2875 4054 2964 4110 διὰ
2991 4057 3053 4111 τὸ
3085 4050 3259 4129 ὄνομα
3289 4054 3386 4110 τοῦ
3442 4056 3703 4129 Χριστοῦ,
3759 4052 3862 4107 καὶ
3900 4052 3960 4108 ἐν

2283 4149 2550 4228 φυλακαῖς
2607 4142 2759 4210 ὄντας
2813 4148 2899 4203 καὶ
2968 4146 3220 4216 βασάνοις
3304 4144 3790 4217 ἐπισκεπτόμενος,
3857 4143 3965 4198 καὶ

2284 4239 2613 4313 θεραπεύων,
2642 4238 2731 4293 καὶ
2784 4237 3094 4315 ἐπαλείφων
3151 4237 3289 4312 πρὸς
3346 4236 3409 4290 τὸ
3471 4233 3793 4309 μαρτύριονν
3867 4231 3966 4289 δι-

2284 4326 2495 4400 εϐλήθη
2526 4332 2607 4400 τῷ
2634 4326 3031 4399 Διοκλητιανῷ·
3067 4324 3155 4381 καὶ
3203 4324 3515 4401 κρατηθεὶς,
3562 4326 3783 4397 πρῶτον
3851 4323 3967 4396 μὲν

2286 4424 2664 4496 μαστιγοῦται,
2724 4418 2814 4473 καὶ
2871 4416 3130 4472 τύπτεται
3188 4416 3452 4491 ἰσχυρῶς,
3540 4413 3638 4468 Καὶ
3724 4433 3968 4488 κρεμα-

2283 4510 2449 4579 σθείς,
2501 4508 2670 4577 ξέεται
2731 4505 2825 4567 τὰς
2911 4503 3173 4579 πλευράς.
3261 4504 3489 4561 Ἔπειτα
3571 4497 3970 4577 παραδίδοται

2282 4599 2518 4677 φυλακῇ,
2549 4596 2639 4652 καὶ
2672 4594 2826 4666 λιμῷ
2882 4592 3245 4669 προσπαλαίει
3301 4593 3388 4647 καὶ
3451 4589 3616 4666 δίψει,
3673 4589 3764 4644 καὶ
3831 4588 3974 4645 ἑτέ-

504 4680 803 4735 Christum
828 4683 1106 4753 ejuraret,
1132 4682 1346 4738 frustra
1371 4683 1746 4750 sollicitatus,
1764 4681 1960 4754 gladio
1986 4680 2165 4735 ﬁnem

2282 4674 2395 4765 ραις
2429 4688 2647 4761 μυρίαις
2677 4684 2945 4759 θλίψεσιν.
2998 4685 3131 4739 Εἶτα
3177 4689 3278 4752 τῆς
3329 4681 3578 4759 φυλακῆς
3622 4674 3980 4751 ἐκϐληθεὶς,

504 4767 678 4824 lmtus
709 4772 955 4843 accepit.
1334 4817 1338 4821 .

2282 4777 2361 4833 mi
2393 4776 2556 4832 πάλιν
2589 4774 2946 4849 ἀναγκασθεὶς
2978 4773 3312 4848 ἀρνήσασθαι
3368 4774 3463 4826 τδν
3523 4769 3787 4846 Χριστὸν,
3861 4771 3981 4826 καὶ

2276 4868 2353 4941 μή
2384 4865 2641 4934 πεισθεὶς,
2669 4864 2767 4931 τήν
2802 4859 2892 4916 διὰ
2922 4861 3106 4939 ξίφους
3132 4861 3342 4937 χαίρων
3376 4856 3591 4932 ἐδέξατο
3644 4856 3979 4931 τελευτήν,

1156 4979 1377 5035 Eodem
1408 4980 1504 5034 die

2861 4981 2944 5053 Τῇ
2977 4976 3113 5052 αὐτῇ
3146 4978 3331 5053 ἡμέρᾳ

503 5065 656 5124 2119
690 5068 1149 5125 Commemoratio
1179 5072 1360 5144 sancti
1413 5070 1669 5139 Gregorii
1713 5069 1959 5138 episcozn‘
1996 5068 2160 5138 Agri-

2282 5074 2484 5144 Μνήμη
2569 5074 2665 5125 τοῦ
2745 5068 2906 5144 ἁγίου
3020 5066 3350 5144 Γρηγορί-ου,
3436 5063 3736 5119 ἐπισκόπου
3839 5072 3978 5136 τῆς

1135 5143 1509 5211 geminorum.
1525 5136 1537 5139 ἡ
1736 5136 1757 5138 ⁷
1891 5136 1913 5138 “
2048 5136 2057 5138 ’

2386 5136 2418 5144 Π
2474 5136 2484 5143 ’
2744 5136 3172 5217 ’Ᾰκραγαντίνων
3202 5136 3440 5201 πόλεως.

2336 5261 2465 5317 Ἐπὶ
2493 5266 2595 5330 τῆς
2636 5257 2916 5335 βασιλείας
2964 5258 3351 5315 Ἰουστινιανοῦ
3393 5258 3490 5309 τοῦ
3532 5254 3977 5327 Ῥινοτμήτου,

2267 5352 2510 5423 Χαρίτων
2541 5371 2624 5412 τις
2657 5350 2748 5404 καὶ
2781 5345 3018 5417 Θεοδότη
3044 5349 3079 5416 ἡ
3115 5340 3348 5418 σύμϐιος
3404 5345 3593 5416 αὐτοῦ,
3647 5339 3987 5420 φιλόξενοι

2264 5438 2569 5515 ἅνθρωποι,
2605 5439 2856 5513 ὑπῆρχον
2917 5436 2968 5491 ἐν
3023 5439 3092 5509 τῇ
3150 5436 3315 5490 πόλει
3372 5431 3846 5508 ’Δκραγαντίνωψ
3911 5434 3990 5509 ἐξ

2265 5528 2339 5584 ὧν
2398 5529 2656 5603 ἐγεννήθη
2718 5527 3025 5603 Γρηγόριος
3083 5525 3260 5588 οὗτος.
3312 5525 3410 5580 "Ov
3468 5521 3528 5577 ἐκ
3608 5526 3708 5576 τοῦ
3768 5522 3991 5595 ἁγίου

2267 5619 2642 5692 βαπτίσματος
2716 5615 3005 5689 δεξάμενος
3094 5615 3121 5669 ὁ
3206 5612 3527 5679 ἐπίσκοπος,
3614 5609 3986 5686 ἀνέθρεψενο

2262 5709 2379 5763 εἶτα
2434 5707 2525 5762 καὶ
2585 5704 2854 5781 κληρικὸν
2913 5703 3235 5774 πεποίηκεν.
3298 5701 3476 5759 Ὀκτὼ
3532 5700 3623 5756 καὶ
3683 5697 3823 5755 δέκα
3910 5703 3997 5763 δὲ

2262 5797 2395 5853 ἐτῶν
2447 5797 2757 5873 γενόμενος,
2815 5792 3031 5864 ἀπῆλθε
3087 5786 3483 5870 προσκυνήσων
3541 5789 3671 5852 τοὺς
3736 5789 3997 5867 ἁγίους

564 5260 900 5315 Iustiniano
932 5261 1316 5316 Rhinotmeto
1364 5259 1720 5328 imperante,
1777 5258 2059 5314 Chariton
2099 5262 2159 5313 et

497 5349 798 5404 Theodota
828 5350 957 5420 ejus
996 5366 1164 5412 uxor,
1225 5346 1677 5418 hospitalissimi
1736 5346 2033 5415 homines,
2092 5348 2155 5402 in

496 5438 642 5494 urbe
677 5440 1199 5513 Agrigentinorum
1235 5437 1544 5509 degebant.
1584 5438 1803 5492 Horum
1854 5438 2014 5492 ﬁlius
2044 5438 2157 5493 fuit

497 5529 812 5601 Gregorius
862 5531 993 5595 iste,
1054 5546 1231 5599 quem
1268 5544 1298 5579 e
1331 5544 1499 5582 sacro
1560 5526 1932 5598 baptismatis
1989 5526 2153 5582 fonte

498 5627 839 5691 susceptum
872 5620 1186 5691 epiSCOpus
1219 5618 1507 5682 educavit,
1551 5623 1609 5672 et
1655 5618 1938 5673 clericum
1990 5617 2150 5673 iecit.

496 5707 609 5762 Sed
632 5726 821 5766 annos
843 5709 1247 5781 duodeviginti
1276 5714 1451 5764 natus
1482 5723 1617 5762 cum
1644 5723 1813 5763 sacra
1842 5707 1972 5763 loca
2001 5708 2153 5763 invi-

501 5804 677 5870 seret,
707 5815 742 5854 a
772 5799 1022 5855 Macario
1056 5799 1333 5871 episc0po
1366 5797 1901 5868 Hierosolymitano
1950 5797 2149 5854 diaco-
