4124 6430
222 406 326 470 171

1705 401 2162 467 NOVEMBER.

3534 404 3653 467 178

219 561 440 609 τοπους,
497 540 589 596 καὶ
640 538 854 616 γίνεται
919 538 1174 603 διάκονος
1230 540 1334 595 ὑπὸ
1388 538 1691 614 Μακαρίου,
1752 538 1873 594 ἑπι-

2009 557 2102 596 ius
2127 543 2393 596 creatur:
2417 539 2558 595 hinc
2583 540 2945 611 Byzantium,
2981 539 3198 596 deinde
3222 543 3469 597 Romam
3510 560 3649 614 pro-

226 627 876 704 σκόπουἹεροσολῦμων.
940 630 1078 687 Εἶτα
1133 628 1455 706 ὑπέστρεψεν
1514 628 1591 691 εἰς
1648 629 1711 685 τὸ
1768 633 1877 686 Βυ-⁸

228 723 452 793 ζάντιον·
488 722 605 774 εἶτα
644 719 722 781 εἷς
780 720 1037 792 Ῥώμην·
1092 720 1142 775 ἐν
1190 719 1226 796 ᾗ
1282 719 1373 775 καὶ
1430 721 1878 795 προσχειρίζεται

227 813 514 872 ἐπίσκοπος
560 810 1060 886 Ἀκραγαντίνων.
1098 810 1251 867 ’Όθεν
1316 812 1678 883 φθονήσαντες
1735 809 1881 881 αὐτῷ

234 898 463 964 Σαϐῖνος
499 944 513 967 ,
569 901 662 956 καὶ
716 906 1148 975 Κρισκεντῖνος,
1237 898 1465 976 μυρίους
1547 900 1882 974 πειρασμοὺς

232 992 502 1066 ἐπήγαγον
539 1034 552 1046 .
605 991 708 1044 Καὶ
794 990 1287 1065 θαυματουργήσας
1366 986 1641 1067 διαφόρως
1677 1034 1691 1058 ,
1748 993 1884 1045 Θεοῦ

239 1084 442 1157 χάριτι,
489 1077 834 1154 κατῄσχυνεν
891 1076 1107 1145 αὐτοὺς,
1166 1077 1256 1133 καὶ
1316 1077 1550 1152 μέλανας
1606 1076 1882 1148 ἐποίησεν,

243 1170 374 1227 ὥστε
420 1171 505 1224 καὶ
559 1172 728 1245 μέχρι
785 1171 887 1238 τῆς
945 1170 1182 1244 σήμερον
1239 1166 1383 1224 οὕτω
1436 1168 1718 1246 φαίνεσθαι
1747 1168 1884 1222 κατὰ

374 1262 384 1273 ι
500 1260 537 1314 κ
581 1258 596 1275 δ
694 1255 723 1276 οι
1010 1256 1043 1311 λ
1086 1252 1147 1311 ϐε
1408 1259 1420 1280 ν
1658 1257 1670 1277 ο
1792 1279 1803 1288 ,
1863 1257 1878 1278 \

236 1279 440 1334 γενιιν.
541 1278 598 1311 αι
660 1278 805 1313 ουτω
860 1277 1007 1334 παρα
1052 1279 1083 1311 α
1122 1279 1194 1311 ων
1251 1257 1353 1327 τήν
1424 1256 1757 1333 Εκκλῃσιαν,
1795 1278 1880 1312 και

232 1346 401 1423 μυρία
430 1345 799 1423 ἐργασάμενος
844 1345 1113 1420 θαύματα,
1170 1344 1223 1401 ἐν
1286 1347 1567 1422 βαθυτάτῳ
1622 1348 1768 1422 γήρᾳ
1793 1347 1886 1401 τὸν

232 1438 351 1513 βίον
376 1437 668 1494 ἀπέλιπεν.

794 1554 978 1612 MHNI
1014 1556 1106 1632 To
1146 1558 1344 1633 ΑΥΤῼ.

1014 1647 1117 1701 KE'

221 1733 498 1805 Ἀθλησις
582 1738 678 1788 τοῦ
758 1732 924 1807 ἁγίου
1010 1734 1405 1810 ἱερομάρτυρος

763 1822 1064 1877 ἐπισκοπου
1112 1823 1356 1896 Ῥώμης.

1522 1734 1832 1808 Κλήμεντος
1872 1776 1887 1803 ,

1986 627 2198 695 fectus,
2233 630 2329 685 hic
2360 630 2603 685 demum
2639 631 3162 702 Agrigentinorum
3189 632 3511 703 episcopus
3562 650 3661 687 or-

1988 718 2423 775 dinatur.Unde
2452 720 2671 775 invidia
2700 721 2841 774 moti
2861 721 3113 775 Sabinus
3139 726 3195 775 et
3218 721 3660 790 Crescentinus,

1989 811 2319 865 maximum
2354 811 2407 865 ei
2440 810 2815 865 incessebant
2837 811 3162 881 negotium,
3188 819 3659 881 quorumtamen

1990 890 2375 955 insolentiam
2408 900 2613 955 multis
2645 899 2820 953 editis
2853 899 3054 954 divina
3112 901 3303 972 gratia
3352 902 3659 956 miraculis

1992 990 2364 1061 etimpressit,
2401 1006 2621 1059 eosque
2654 989 2855 1060 nigros
2886 989 3163 1047 reddidit.
3198 990 3281 1043 ita
3310 995 3377 1043 ut
3407 990 3478 1044 ad
3505 991 3659 1045 banc

1993 1080 2154 1135 diem
2185 1096 2390 1134 eorum
2423 1079 2741 1151 posteritas
2774 1079 2856 1133 ita
2887 1084 3191 1150 appareat.
3237 1080 3428 1150 Atque
3458 1080 3664 1135 Eccle—

1995 1170 2144 1224 siam
2176 1169 2287 1224 hac
2318 1168 2550 1224 ratione
2581 1167 2900 1239 recipiens,
2931 1169 3300 1240 patratisque
3322 1169 3656 1225 innumeris

1992 1256 2299 1331 prodigiis,
2328 1257 2392 1313 in
2425 1262 2692 1313 extrema
2724 1262 3030 1313 senectute
3065 1258 3184 1312 vita
3216 1257 3455 1313 functus
3479 1264 3589 1314 est.

2559 1562 2800 1620 EODEM
2839 1563 3090 1619 MENSE.

2488 1669 2591 1725 Die
2624 1670 2912 1725 vicesima
2941 1669 3153 1741 quinta

1996 1759 2151 1816 2H)
2183 1760 2466 1814 Certamen
2495 1761 2829 1839 sacrosancti
2859 1760 3119 1843 martyris
3143 1758 3453 1827 Clementis,
3482 1762 3662 1814 Romae

2693 1846 2958 1900 episcopt.

296 1940 545 2013 Κλήμης
606 1939 635 1993 6
696 1940 1014 2015 σοφώτατος
1066 1938 1285 2015 ὑπῆρχε
1347 1940 1600 2012 μαθητὴς
1654 1938 1895 1996 καὶδιά-

2080 1949 2355 2003 Clemens
2386 1947 2865 2019 sapientissimus
2888 1952 3232 2002 sanctorum
3258 1947 3662 2018 apostolorum

235 2029 397 2106 ὂοχος
449 2034 562 2085 τῶν
619 2029 789 2105 ἁγίων
856 2027 1182 2084 ἀποστόλων
1219 2072 1233 2085 .
1290 2030 1430 2086 Ἀπὸ
1489 2027 1740 2085 κινδύνου
1795 2031 1896 2107 γὰρ

236 2122 503 2192 Θαλάσσης
533 2122 669 2177 ποτε
713 2119 1022 2193 διασωθεὶς,
1083 2122 1172 2177 καὶ
1222 2126 1304 2195 τῷ
1352 2120 1649 2196 ἆποστόλῳ
1707 2123 1897 2199 Πέτρῳ

232 2213 469 2290 ἔντυχὼν
506 2258 522 2282 ,
584 2212 675 2266 ὑπ’
737 2210 943 2266 ἐκείνου
1003 2208 1311 2267 διδάσκεται
1381 2214 1480 2281 τήν
1531 2212 1611 2277 εἷς
1663 2214 1891 2287 Χριστὸν

228 2304 511 2374 ἀλήθειαν,
538 2301 904 2374 ἐπιστάμενος
964 2301 1057 2355 καὶ
1116 2302 1218 2371 τήν
1280 2298 1619 2373 Ἑλληνικήν
1672 2307 1890 2378 γνῶσιν.

229 2396 406 2468 Κήρυξ
467 2389 532 2446 δὲ
589 2395 691 2445 τοῦ
751 2387 1099 2467 Εὐαγγελίου
1152 2392 1423 2466 γεγονὼς,
1488 2391 1577 2446 καὶ
1634 2393 1729 2455 τὰς
1787 2397 1895 2447 τῶν

229 2482 549 2538 ἀποστόλων
617 2479 894 2549 Διατκξεις
954 2481 1404 2556 συγγραψάμενος
1438 2525 1451 2547 ,
1502 2478 1735 2553 κατέστη
1801 2473 1895 2538 κσλιὶ

230 2574 451 2645 Ῥώμης
486 2571 809 2633 ἐπίσκοπος.
859 2568 1057 2638 Ἀλλὰ,
1090 2570 1236 2645 παρᾶ
1289 2573 1559 2645 Τραῖανοῦ
1620 2566 1897 2650 βοισιλεῖως

246 2662 543 2737 κρατηθεὶς,
604 2664 950 2735 τιμωρεῖται.
983 2661 1107 2714 Εἶτα
1164 2659 1215 2713 ἐν
1274 2660 1511 2737 Ἀγκῦρᾳ
1564 2664 1661 2731 τῆς
1723 2661 1894 2718 Γαλα-

237 2750 351 2812 τίας
398 2746 847 2824 παραπέμπεται.
907 2750 995 2805 Ἐν
1118 2749 1204 2804 καὶ
1267 2748 1320 2803 ἐν
1370 2749 1547 2825 τοίγῳ
1603 2752 1706 2805 τινὶ
1757 2753 1897 2808 ἀπο..

230 2837 467 2895 κλείεται
517 2836 918 2915 ἀναφραγείσης
980 2844 1081 2907 τῆς
1134 2836 1295 2892 αὐτοῦ
1353 2837 1516 2913 Ούρας
1578 2838 1637 2895 ἐκ
1694 2839 1896 2897 λίθιυνο

226 2930 377 2986 Ὅθεν
409 2928 502 2983 καὶ
534 2928 790 3002 ὀσπρίοις
830 2926 1021 3000 μόνοις
1070 2926 1406 3004 ἁνετρέφετο.
1468 2928 1621 2985 Οὕτω
1679 2927 1736 2986 δὲ
1767 2952 1896 2987 στε-

230 3018 544 3090 νοῦμενέις,
603 3015 751 3073 τέλει
810 3015 934 3091 βίου
987 3015 1286 3092 ἐχρήσατο.
1340 3017 1602 3094 Ὕστερον
1665 3016 1745 3090 δὲ,
1820 3018 1897 3084 ὣς

243 3127 413 3182 ᾳασι,
468 3106 618 3162 mni
672 3126 814 3168 τινες
866 3099 1272 3180 ἀναλαϐόμενοι
1348 3106 1410 3161 τὸ
1475 3105 1670 3179 τίμιον
1731 3109 1898 3166 αὐτοῦ

228 3194 478 3269 λείψανον
516 3239 531 3268 ,
590 3195 932 3269 ἀπεκόμισαν
989 3193 1041 3249 ἐν
1130 3196 1371 3272 Χερσῶνι
1405 3214 1418 3227 '
1480 3195 1613 3273 ὅπερ
1667 3197 1895 3277 ἐναπερο

2003 2038 2335 2110 discipulus
2367 2043 2424 2093 et
2455 2054 2785 2105 successor,
2820 2036 3128 2108 naufragio
3161 2042 3217 2092 et
3250 2036 3533 2092 ﬂuctibus
3554 2036 3666 2092 ali-

2005 2129 2241 2199 quando
2266 2133 2525 2199 ereptus,
2552 2133 2610 2182 et
2631 2143 2765 2181 cum
2786 2129 2959 2181 Petro
2983 2126 3253 2197 apostolo
3286 2143 3663 2199 congressus,

2004 2217 2077 2273 ab
2100 2235 2168 2271 eo
2192 2217 2407 2273 Christi
2431 2216 2737 2271 veritatem
2763 2215 3005 2271 edoctus
3029 2222 3136 2282 est,
3170 2233 3305 2270 cum
3338 2216 3466 2286 jam
3501 2216 3660 2270 Graa-

2005 2324 2210 2364 corum
2238 2306 2549 2363 scientiam
2585 2312 2832 2360 teneret.
2868 2307 3076 2361 Factus
3106 2310 3303 2361 autem
3362 2305 3662 2377 Evangelii

2005 2415 2222 2469 praeco,
2253 2396 2714 2469 apostolicarum
2737 2396 3239 2450 Constitutionum
3260 2395 3663 2466 scriptor,epi-

2006 2505 2220 2560 scopus
2253 2490 2451 2543 Roma:
2485 2486 2870 2541 constituitur
2923 2486 3033 2540 Sed
3064 2502 3098 2541 a
3126 2487 3378 2557 Trajano
3412 2486 3668 2555 impera-

2009 2585 2134 2634 tore
2166 2578 2652 2649 comprehensus,
2698 2580 3030 2644 tortusque,
3081 2577 3374 2645 Ancyram
3427 2573 3666 2627 Galatia:

2007 2665 2341 2738 relegatur:
2375 2665 2474 2719 ubi
2507 2665 2731 2736 pariete
2756 2662 3021 2717 inclusus
3044 2662 3348 2717 obstructa
3368 2661 3666 2733 lapidibus

2000 2755 2208 2827 janua,
2242 2760 2419 2826 atque
2452 2752 2749 2826 legumine
2780 2758 3010 2807 tantum
3042 2758 3430 2818 sustentatus,
3465 2752 3527 2805 in
3550 2751 3663 2805 hoc

2009 2843 2286 2915 squalore
2319 2848 2378 2898 et
2397 2842 2671 2916 angustia
2692 2858 2722 2896 e
2746 2841 2862 2896 vita
2887 2841 3168 2895 excessit:
3193 2841 3364 2912 cujus
3387 2840 3660 2911 pretiosas

2008 2934 2302 3006 reliquiae,
2335 2938 2400 2989 ut
2428 2933 2636 2999 fertur,
2658 2949 2691 2987 a
2713 2931 2993 2987 fidelibus
3015 2930 3373 3002 quibusdam
3389 2928 3659 2999 sublatae,

2008 3024 2373 3079 Chersonam
2406 3022 3005 3092 transferuntur,quaa
3023 3019 3085 3074 in
3098 3018 3461 3091 profundum
3476 3018 3667 3073 maria

2010 3113 2082 3170 ab
2100 3113 2434 3169 idololatris
2451 3112 2731 3185 projectaa
2753 3111 3072 3166 innumera
3101 3107 3392 3165 miracula
3416 3107 3478 3163 in
3510 3108 3665 3163 hanc

2009 3220 2200 3276 usque
2230 3203 2389 3259 diem
2423 3201 2499 3257 ad
2528 3201 2745 3257 Christi
2775 3200 3025 3275 gloriam
3057 3203 3402 3272 operantur.

228 3286 359 3362 ρίφη
406 3290 478 3356 τῇ
532 3284 777 3361 θαλάσσῃ
843 3286 947 3341 ὑπὸ
1022 3288 1129 3341 τῶν
1187 3284 1609 3362 εἰδωλολατρῶν
1645 3334 1660 3359 ,
1751 3289 1917 3366 μυρία
1975 3292 2225 3367 θαύματα
2301 3291 2556 3368 ἐνεργοῦν
2642 3290 2811 3366 μέχρι
2880 3288 2969 3343 καὶ
3059 3289 3299 3362 σήμερον
3368 3285 3446 3350 εἷς
3506 3283 3665 3358 δόξαν

230 3378 497 3448 Χριστοῦ.

804 3468 882 3539 Τῇ
941 3465 1079 3539 αὖτῇ
1138 3466 1322 3542 ἡμέρᾳ

235 3554 510 3625 ’Δθλησις
564 3556 659 3611 τοῦ
718 3555 874 3631 ἁγίου
950 3553 1350 3631 ἱερομάρτυρος
1430 3558 1637 3632 Πέτρου
1696 3558 1897 3632 Ἀλεξ-

919 3642 1170 3720 ανδρείας
1196 3690 1207 3702 .

327 3763 528 3832 Πέτρος
585 3763 612 3817 ὁ
661 3763 992 3839 ἱερομάρτυς
1078 3764 1323 3840 ὑπῆρχεν
1411 3765 1501 3822 ἐπὶ
1558 3770 1900 3843 Μαξιμιανοῦ

254 3856 349 3906 τοῦ
406 3850 678 3928 βασιλέως
763 3851 1060 3916 ἐπίσκοπος
1120 3853 1546 3931 Ἀλεξανδρείας.
1602 3860 1900 3935 Κρατῃθεῖς

238 3937 293 3996 δὲ
354 3938 590 4014 ἔμελλεν
646 3942 1168 4021 ἀποκεφαλισθῆναι.
1231 3946 1329 4000 Καὶ
1388 3946 1622 4012 ἀκούσας
1673 3954 1836 4005 τοῦτο
1873 3950 1902 4005 ὀ

233 4031 512 4105 αἱρετικὸς
536 4033 777 4107 ’Λρειος,
806 4030 865 4086 ὅν
917 4035 1063 4107 εἶχεν
1097 4033 1124 4087 ὁ
1159 4034 1308 4109 ἅγιος
1340 4030 1441 4108 ἔξω
1498 4045 1599 4107 τῆς
1660 4038 1902 4110 Ἐκκλη-

232 4118 351 4181 cla;
388 4164 404 4189 ,
456 4118 599 4188 ἦλθε
660 4120 1011 4197 συγχώρησιν
1080 4121 1422 4197 αἲτοῦμενος.
1466 4128 1567 4183 Τὸν
1629 4126 1686 4184 δὲ
1746 4130 1904 4203 ἅγιον

235 4212 442 4283 Πέτρον
528 4210 613 4280 μή
691 4218 1050 4286 συγχωρῆσαι
1111 4213 1281 4286 αὐτῷ,
1342 4214 1472 4270 ἀλλ’
1530 4216 1724 4290 εἰπεῖν,
1776 4219 1903 4294 δναρ

236 4296 397 4367 ἲόεἷν,
444 4300 538 4353 τὸν
602 4298 800 4372 Κύριον
854 4300 1009 4356 αὐτὸν
1060 4300 1114 4357 ἐν
1174 4305 1421 4379 σχήματι
1472 4306 1777 4378 νεανίσκου,
1810 4329 1905 4363 πε-

242 4388 553 4463 ρικείμενον
598 4389 811 4463 χιτῶνα
870 4387 1262 4466 διερῥηγμένον
1312 4395 1419 4450 ἀπὸ
1476 4394 1719 4475 κεφαλῆς
1773 4396 1904 4473 ἄχρι

242 4475 462 4545 ποδῶν,
523 4478 639 4548 καὶ,
701 4479 784 4532 ὅτι
842 4477 1209 4555 ἐρωτήσαντα,
1268 4482 1452 4559 Κύριε,
1514 4486 1598 4549 τίς
1658 4508 1755 4542 σου
1812 4488 1904 4549 τὸν

244 4571 452 4641 χιτῶνα
485 4564 832 4642 διὲῤῥηξεινς
878 4569 1125 4642 ἀκοῦσαι,
1185 4570 1268 4627 ὅτι
1332 4574 1574 4648 Ἀρειος,
1608 4572 1753 4633 ἀλλὰ
1780 4579 1909 4631 τοῦ-

242 4676 333 4710 τον
367 4656 443 4717 εἷς
476 4656 762 4711 κοινωνίαν
799 4660 873 4730 μὴ
937 4655 1081 4733 δέξηο
1140 4661 1353 4737 Ἀρειος
1402 4663 1506 4739 γὰρ
1566 4663 1690 4720 οὕτε
1746 4665 1798 4720 ἐν
1831 4670 1909 4737 τῷ

244 4746 333 4833 νῦν
391 4746 579 4833 αἰῶνι,
641 4745 764 4802 οὔτε
821 4746 873 4803 ἐν
926 4754 1005 4821 τῷ
1064 4751 1331 4823 μέλλοντι
1392 4757 1904 4833 συγχωρηθήσεται.

2660 3469 2882 3525 Eodem
2915 3469 3010 3524 die

2009 3565 2153 3621 2H
2197 3565 2481 3621 Certamen
2511 3563 2843 3619 sacrosancti
2899 3562 3165 3631 martyris
3208 3560 3362 3613 Petri
3418 3557 3669 3613 Alexan-

2746 3633 2917 3687 drini.

2079 3757 2290 3811 Petrus
2314 3758 2732 3825 sacromartyr,
2767 3751 3119 3806 Maximiano
3153 3750 3510 3822 imperatore
3547 3757 3676 3828 epi-

2011 3861 2225 3916 scopus
2260 3842 2653 3903 Alexandriae,
2676 3841 3165 3912 comprehensus,
3193 3841 3491 3912 mortique
3516 3841 3677 3900 addi.

2010 3941 2160 4003 ctus,
2196 3932 2577 4005 exspectabat
2615 3931 2715 4001 qui
2768 3947 2903 3985 eum
2950 3929 3298 3985 decollaret.
3349 3933 3513 3996 Quod
3576 3934 3676 3989 ubi

2008 4025 2249 4082 rescivit
2266 4025 2581 4079 bmreticus
2604 4022 2797 4086 Arius,
2815 4039 2991 4093 quem
3018 4027 3258 4077 sanctus
3282 4028 3447 4078 extra
3473 4025 3677 4081 Eccle-

2012 4116 2162 4171 siam
2195 4115 2474 4186 ejecerat,
2506 4112 2578 4168 ad
2612 4127 2742 4167 eum
2768 4112 3037 4169 accessit.
3070 4111 3305 4166 veniam
3354 4113 3672 4183 petiturus.

2013 4206 2116 4260 Cui
2148 4209 2390 4260 sanctus
2422 4205 2630 4257 Petrus
2662 4216 3041 4271 nequaquam
3074 4201 3306 4255 veniam
3340 4201 3525 4270 dedit,
3570 4203 3676 4258 sed

2012 4292 2342 4365 respondit,
2377 4292 2727 4363 apparuisse
2760 4289 2871 4344 sibi
2904 4294 3086 4343 noctu
3115 4289 3435 4344 Dominum
3477 4292 3675 4363 specie

2014 4383 2432 4447 adolescentis,
2458 4388 2616 4436 veste
2652 4397 2686 4436 a
2715 4381 2908 4451 capite
2930 4379 3000 4434 ad
3020 4379 3201 4451 pedes
3222 4396 3412 4450 usque
3427 4380 3677 4437 discissa

2016 4470 2471 4539 circumdatum,
2506 4475 2564 4524 et
2593 4467 2956 4522 sciscitanti:
3003 4465 3268 4534 Domine,
3331 4467 3465 4537 quis
3510 4472 3673 4523 tuam

2017 4566 2240 4617 vestem
2273 4557 2495 4613 scidit?
2524 4557 2783 4611 dixisse:
2821 4556 3016 4623 Arius,
3052 4571 3229 4625 quem
3277 4554 3349 4610 ad
3399 4573 3673 4613 commu-

2017 4652 2263 4706 nionem
2294 4647 2419 4703 noli
2452 4646 2801 4713 admittere;
2836 4646 3009 4700 Arius
3045 4644 3207 4700 enim
3238 4662 3433 4717 neque
3468 4647 3529 4701 in
3560 4648 3673 4702 hoc

2017 4739 2259 4808 sreculo,
2291 4754 2487 4809 neque
2519 4737 2581 4791 in
2610 4735 2808 4791 futuro
2838 4735 3071 4789 veniam
3104 4740 3533 4790 consecuturus
3561 4743 3672 4793 est.

249 4831 489 4905 ἐὃτςλου
524 4832 584 4889 δὲ
615 4836 643 4889 ὁ
676 4833 1066 4913 διεῤῥηγμὲνος
1085 4842 1258 4916 χιτὼν
1319 4843 1416 4912 τήν
1450 4824 1538 4908 εἷς.
1720 4824 1895 4920 ⁷ιῖιγίοιν

2020 4829 2277 4885 Discissa
2305 4832 2504 4883 autem
2535 4825 2712 4880 vestis
2762 4824 3135 4897 signiﬁcabat
3181 4824 3535 4880 divisionem
3573 4842 3677 4895 per

248 4921 455 5012 Τριάδα
487 4921 869 5012 διαίρεσιντῆς
898 4931 995 4982 τοῦ
1042 4929 1250 5004 Ἀρείου
1310 4930 1687 5012 βλασφημίας.
1720 4936 1903 4992 Ταῦτα

251 5010 437 5081 εἰπὼν,
471 5013 564 5066 καὶ
593 5014 685 5068 16v
746 5011 1005 5092 διάδοχον
1057 5020 1223 5075 αὐτοῦ
1282 5010 1512 5099 φανερὸν
1544 5020 1595 5095 ἐξ
1631 5023 1901 5097 ὀνόματος

249 5104 506 5172 ποιήσας,
540 5102 749 5177 ὁμοίως
805 5105 895 5160 καὶ
949 5107 1041 5162 16v
1093 5106 1329 5182 ἐκείνου,
1380 5110 1731 5184 ἠκολούθησε
1785 5117 1902 5179 τοῖς

251 5187 498 5263 δημίοις.
533 5190 639 5249 Καὶ
691 5193 826 5248 κατᾶ
881 5196 981 5265 τήν
1033 5201 1130 5253 τοῦ
1184 5201 1533 5273 Μαξιμιανοῦ
1589 5200 1902 5277 πρόσταξιν,

245 5281 343 5349 τήν
368 5278 621 5358 ηφαλὴν
663 5283 956 5359 ἀπετμήθη
968 5329 982 5342 .

822 5408 901 5479 Τῇ
960 5403 1096 5480 αὖτῇ
1150 5407 1334 5481 ἡμέρᾳ

393 5489 656 5560 Ἀθλησις
680 5498 780 5550 τοῦ
836 5493 998 5570 ἁγίου
1058 5496 1334 5573 μάρτυρος
1391 5500 1757 5577 Μερκουρίου.

320 5607 383 5665 ’0
454 5612 651 5686 μάρτυς
710 5614 1065 5692 Μερκοῦριος
1132 5613 1347 5692 γέγονεν
1418 5618 1506 5674 ἐπὶ
1566 5625 1756 5676 Δεκιου
1812 5623 1903 5677 καὶ

258 5697 578 5775 Βαλεριανοῦ
603 5711 711 5763 τῶν
773 5702 1080 5786 βασιλέων,
1112 5703 1172 5761 ἐκ
1226 5712 1326 5777 τῆς
1382 5709 1687 5782 Ἀνατολῆς
1742 5732 1905 5788 στρα-

2017 4919 2137 4977 Arii
2152 4917 2589 4990 blasphemiam
2604 4916 2665 4970 in
2689 4919 2955 4970 sanctam
2974 4912 3319 4968 Trinitatem
3340 4913 3668 4986 inductam.

2009 5011 2148 5076 Qua:
2174 5023 2308 5064 cum
2344 5006 2613 5070 dixisset,
2639 5019 3162 5074 successoremque
3194 5019 3371 5058 suum
3394 5020 3673 5076 expresso

2010 5098 2254 5155 nomine
2284 5097 2483 5169 palam
2514 5094 2893 5161 instituisset,
2947 5110 3015 5148 ac
3066 5093 3343 5149 similiter
3388 5093 3668 5161 alterum,

2011 5189 2112 5261 qui
2142 5188 2282 5243 huic
2312 5187 2465 5242 foret
2519 5183 2928 5249 sufﬂciendus,
2983 5183 3374 5255 designasset,
3429 5183 3670 5237 lictores

2012 5283 2272 5346 secutus,
2307 5275 2643 5332 Maximiani
2668 5274 2844 5347 jussu
2875 5274 3067 5345 capite
3098 5274 3307 5345 plexus
3338 5272 3467 5327 fuit.

2664 5399 2886 5455 Eodem
2917 5398 3013 5454 die

2200 5494 2354 5551 2η
2390 5492 2677 5548 Certamen
2706 5492 2882 5546 sancti
2910 5486 3170 5556 martyris
3194 5483 3476 5541 Mercurii.

2089 5622 2413 5677 Mercurius
2445 5625 2692 5690 martyr,
2730 5617 2898 5673 Decio
2930 5632 2996 5669 ac
3018 5612 3327 5668 Valeriano
3351 5610 3665 5680 imperato-

2016 5711 2203 5780 ribus,
2237 5711 2299 5766 in
2327 5708 2612 5765 Orientali
2644 5706 2911 5762 militans
2942 5701 3224 5767 exercitu,
3258 5715 3392 5755 cum
3434 5699 3668 5755 fortiter
