4124 6438
442 390 559 450 179

1770 382 2204 444 MENOLOGII
2248 378 2446 442 PARS
2488 380 2543 441 Ι.

3750 367 3867 430 180

443 522 764 593 aliquando
796 521 869 578 ab
899 522 1108 595 angelo
1150 520 1390 593 adjutus
1446 536 1576 577 rem
1624 519 1924 593 gessisset,
1973 515 2129 581 dux,

2243 514 2409 584 ιώτης
2449 511 2547 581 ὥν,
2605 508 3044 587 Ἀνδραγαθήσας
3102 502 3160 563 δέ
3214 524 3348 595 ποτε
3376 499 3512 559 κατᾶ
3567 504 3676 595 τῶν
3727 503 3872 595 βορ-

447 613 707 669 militum
731 613 802 669 ab
827 613 1286 684 imperatoribus
1312 610 1794 668 declaratur.Sed
1813 608 2111 665 Christum

450 702 728 776 diligens,
761 701 1158 758 Christianam
1212 702 1392 758 ﬁdem
1452 701 1733 774 suscepit.
1796 698 1962 765 Quod
2007 696 2111 754 ubi

2221 597 2430 676 ϐάρων,
2487 599 2884 674 ἐνδυναμωθεὶς
2939 598 3043 654 ὑπὸ
3122 592 3361 672 ἀγγέλου
3398 636 3412 663 ,
3472 591 3873 667 προ[σ]εκλήθη

2218 690 2601 765 στρατηλάτης
2629 690 2775 766 παρά
2802 693 2908 744 τῶν
2963 685 3253 763 βασιλέων.
3312 683 3635 757 Ἀγαπήσας
3699 678 3756 735 δὲ
3778 682 3871 735 τὸν

454 771 693 849 rescivit
715 771 1064 864 imperator,
1100 809 1252 866 aagre
1284 792 1439 848 tulit.
1475 771 1985 864 Comprehensum
2010 787 2091 842 ita

2243 780 2453 858 ἱριστὸν
2485 828 2500 852 ,
2560 779 2776 856 ἐγένετο
2828 776 3170 855 Χριστιανός.
3231 773 3336 830 Καὶ
3392 777 3557 829 τοῦτο
3621 772 3806 845 μαθὼν
3849 771 3875 824 ὁ

455 899 594 954 que,
616 881 691 938 ad
713 886 970 954 quatuor
990 882 1159 954 palos
1177 883 1344 938 humi
1366 883 1596 956 alligari
1619 877 2111 954 jussit,etgladiis

460 971 840 1028 membratim
874 972 1128 1040 concidi,
1170 973 1490 1046 ignemque
1539 987 1857 1028 accensum
1889 970 1941 1024 ei
1973 984 2110 1039 sup-

456 1061 636 1132 poni:
670 1062 772 1132 qui
803 1079 874 1117 ex
903 1062 1090 1117 nimio
1123 1063 1410 1135 sanguine
1450 1062 1777 1117 exstinctus
1832 1063 1940 1115 est.
1975 1059 2115 1112 Post

454 1150 580 1205 haec
611 1150 850 1223 alligato
881 1150 957 1206 ad
987 1151 1209 1207 collum
1240 1151 1467 1225 ingenti
1500 1168 1664 1220 saxo,
1692 1150 1756 1204 in
1788 1147 2109 1219 equuleum

453 1240 687 1295 inverso
715 1241 909 1312 capite
949 1242 1217 1313 rapitur:
1251 1241 1633 1312 detractaque
1675 1254 1841 1294 aenea
1887 1235 2112 1308 forcipe

450 1334 609 1398 cute,
640 1329 877 1385 vinctus
908 1333 1236 1386 Cmsaream
1268 1330 1652 1402 Cappadocia:
1703 1327 1977 1383 ducitur:
2010 1324 2111 1380 ubi

450 1419 715 1474 abscisso
746 1418 940 1490 capite
969 1420 1238 1491 sepultus
1264 1420 1536 1490 quiescit,
1562 1418 1903 1473 curationes
1929 1413 2116 1469 ﬁdeli-

452 1508 565 1563 bus
595 1509 873 1564 omnibus
905 1510 979 1567 ad
1007 1510 1159 1565 hanc
1189 1526 1378 1581 usque
1407 1509 1566 1564 diem
1598 1507 1898 1581 praebens.

2225 869 2483 943 βασιλεὺς
2532 869 2826 945 ἐπικράνθη
2863 915 2878 940 ,
2934 867 3022 921 καὶ
3082 865 3361 941 κρατήσας
3442 861 3626 932 αὐτὸν,
3687 858 3874 931 ἔδησεν

2222 961 2309 1017 ἐπὶ
2366 962 2464 1030 τὴν
2518 966 2618 1036 γῆν
2681 958 2756 1021 εἰς
2811 957 3069 1031 τέσσαρας
3127 951 3370 1015 πάλουςο
3429 950 3520 1006 καὶ
3581 951 3713 1022 μετᾶ
3777 970 3876 1023 μα-

2223 1055 2434 1127 χαιρῶν
2494 1049 2791 1105 κατέκοπτε
2845 1047 2913 1102 τὰ
2979 1045 3122 1119 μέλη
3204 1044 3408 1098 αὐτοῦ·
3467 1042 3557 1096 καὶ
3620 1040 3878 1096 ὑποκάτω

2225 1124 2388 1196 αὐτοῦ
2419 1139 2528 1214 ἧψε
2558 1143 2686 1213 πῦρ.
2720 1137 2824 1195 Καὶ
2885 1136 2992 1190 ἀπὸ
3042 1137 3140 1189 τοῦ
3192 1132 3410 1187 πολλοῦ
3469 1128 3697 1204 α’ίματος
3728 1124 3881 1184 ἐσδέ-

2226 1242 2326 1300 σθη
2379 1231 2442 1285 τὸ
2494 1233 2623 1305 πῦρ·
2681 1228 2772 1283 καὶ
2831 1225 2966 1299 μετά
3037 1226 3200 1277 τοῦτο
3259 1217 3601 1290 προσέδησαν
3662 1217 3737 1279 εἰς
3792 1217 3884 1272 τὸν

2224 1318 2512 1394 τράχηλον
2572 1317 2740 1372 αὐτοῦ
2798 1314 2950 1379 λίθον
3013 1311 3201 1389 βαρὺν,
3234 1310 3324 1365 καὶ
3382 1305 3679 1383 ἐκρέμασαν
3723 1307 3887 1362 αὐτὸν

2226 1409 2362 1465 κατᾶ
2408 1405 2678 1482 κεφαλῆς.
2730 1404 2864 1460 Εἶτα
2920 1397 3129 1476 ἔδειραν
3219 1399 3377 1454 αὐτὸν
3478 1399 3610 1472 μετὰ
3672 1396 3887 1472 μαγλα-

2228 1493 2363 1552 ϐίων
2420 1495 2671 1573 χαλκῶν,
2729 1495 2820 1548 καὶ
2878 1490 3141 1563 δήσαντες
3200 1488 3489 1562 ἀπήγαγον
3548 1486 3623 1549 εἷς
3682 1485 3887 1542 Καισά-

457 1614 601 1671 ρειαν
633 1602 734 1665 τῆς
760 1578 1735 1675 Καππαδοκίας,καὶ-ἀπεκεφάλισαν.
1769 1596 1946 1652 Ὃπου
2006 1589 2096 1646 καὶ
2154 1588 2307 1658 ἐτέθη
2364 1587 2427 1642 τὸ
2487 1584 2742 1659 λείψανον
2801 1582 2987 1654 αὐτοῦ,
3048 1580 3252 1654 ἰάματα
3309 1583 3439 1632 πᾶσι
3501 1580 3620 1639 τοῖς
3674 1578 3892 1642 πιστοῖς

459 1682 705 1760 παρέχον
738 1683 907 1761 μέχρι
929 1690 1031 1751 τῆς
1054 1689 1312 1761 σήμερον.

1110 1804 1333 1860 Eodem
1361 1804 1455 1859 die

467 1890 620 1948 213
680 1893 960 1948 Certamen
1029 1900 1238 2020 sancti:
1275 1910 1532 1978 Imagna:
1611 1893 1872 1961 martyris
1956 1893 2120 1946 Eca-

1207 1982 1396 2020 emnaa.

1207 1982 1396 2021 crime.

532 2082 865 2138 Ecaterina
883 2087 1133 2154 martyr,
1160 2081 1781 2155 Alexandrina,reguli
1807 2078 2126 2153 cujusdam

464 2171 661 2226 divitis
690 2188 758 2227 ac
789 2171 1011 2227 nobilis
1044 2172 1189 2240 ﬁlia,
1219 2173 1411 2228 forma
1442 2179 1500 2228 et
1530 2171 1772 2244 ingenio
1830 2173 2126 2242 praestan—

468 2260 720 2327 tissima,
754 2277 889 2316 cum
922 2262 1152 2316 Graecas
1192 2262 1424 2317 litteras
1479 2261 1807 2329 didicisset,
1857 2258 2128 2330 philoso—

468 2350 660 2422 phicis
683 2349 861 2405 etiam
886 2350 1152 2406 scientiis
1176 2368 1237 2406 se
1270 2350 1583 2418 addixit,et
1612 2350 1843 2419 linguas
1863 2347 2128 2421 gentium

472 2441 743 2495 omnium
774 2440 999 2496 calluit.
1033 2444 1176 2497 Cum
1203 2459 1337 2497 vero
1393 2441 1579 2497 festus
1621 2438 1942 2511 aliquando
2001 2436 2129 2491 dies

475 2528 652 2585 idolis
684 2534 957 2602 ageretur
1007 2546 1043 2585 a
1100 2530 1316 2585 Graecis
1374 2530 1719 2600 videretque
1776 2525 2131 2583 animalium

475 2617 923 2673 multitudinem
946 2617 1233 2691 jugulari,
1265 2618 1326 2675 id
1355 2636 1506 2691 aegre
1538 2618 1753 2673 ferens.
1789 2615 1936 2672 adiit
1964 2613 2136 2668 Maxi-

481 2707 711 2762 minum
728 2707 1233 2779 imperatorem,et
1248 2725 1379 2763 cum
1397 2708 1499 2762 illo
1515 2703 2131 2775 disseruit,inquiens:

479 2798 670 2862 Quare
700 2798 818 2851 Deo
872 2798 1002 2852 vivo
1054 2798 1282 2866 relicto,
1340 2797 1670 2852 inanimata
1728 2795 1890 2851 idola
1944 2793 2138 2849 colis?

478 2885 830 2941 Maximinus
847 2886 1025 2959 igitur
1045 2892 1337 2943 retentam
1355 2887 1736 2943 acerbissime
1759 2883 2134 2940 excruciavit.

478 2975 701 3031 Deinde
719 2976 1020 3031 accersitis
1043 2976 1308 3048 undique
1323 2976 1756 3047 quinquaginta
1769 2973 2134 3029 oratoribus:

478 3065 835 3137 Disceptate,
869 3066 1086 3137 inquit,
1121 3083 1257 3121 cum
1309 3067 1663 3134 Ecaterina,
1698 3080 1949 3135 eamque
1994 3078 2139 3117 con-

2140 1800 2187 1865 B

2786 1792 2863 1863 Τῇ
2923 1785 3059 1861 αὐτῇ
3118 1784 3300 1859 ἡμέρᾳ

2806 1877 2956 1953 ἁγίας
3042 1873 3254 1951 μεγαλο
3263 1875 3536 1949 μάρτυρος

2975 1986 3153 2043 ρινης,

2752 2084 3081 2157 Αἲκατερίνα
3164 2079 3368 2157 ἐγένετο
3444 2079 3551 2134 ἀπὸ
3628 2077 3890 2151 Ἀλεξαν-

2232 1880 2506 1954 Ἀθλησις
2598 1887 2697 1951 τῆς
2806 1877 2956 1953 ἁγίας
3042 1873 3536 1951 μεγαλομάρτυρος
3647 1869 3881 1928 Αἴκατε-

2306 2090 2370 2144 Ἡ
2463 2087 2665 2161 μάρτυς

2239 2177 2463 2256 δρείας,
2522 2180 2763 2252 θυγάτηρ
2827 2171 3151 2251 βασιλίσκου
3222 2171 3368 2233 τινὸς
3402 2215 3416 2240 ,
3474 2169 3744 2226 πλουσίου
3806 2168 3898 2223 καὶ

2239 2266 2477 2340 ἐνδόξου·
2545 2264 2819 2343 εὔμορφος
2906 2263 3067 2321 πάνυ.
3144 2260 3371 2337 Εὖφυής
3426 2257 3484 2315 δὲ
3543 2260 3890 2333 ὑπάρχουσα,

2239 2354 2433 2431 ἔμαθεν
2519 2353 2826 2425 Ἑλληνικά
2903 2354 3226 2428 γράμματα,
3295 2349 3385 2405 καὶ
3456 2348 3663 2423 ἐγένετο
3723 2348 3894 2424 σοφὴ,

2241 2441 2485 2504 λαϐοῦσα
2539 2444 2627 2499 καὶ
2714 2441 2967 2519 γλώσσας
3016 2443 3227 2494 πάντων
3287 2442 3397 2493 τῶν
3453 2436 3642 2501 ἐθνῶν.
3675 2437 3892 2491 Ἐπετε-

2243 2535 2398 2592 λεῖτο
2431 2532 2488 2588 δὲ
2516 2533 2679 2607 ἐορτή
2710 2536 2829 2595 τοῖς
2859 2528 3114 2591 εἰδώλοις
3146 2528 3295 2602 παρὰ
3321 2531 3428 2581 τῶν
3461 2524 3768 2596 Ἐλλήνων
3804 2524 3901 2579 καὶ

2244 2628 2522 2699 θεωροῦσα
2549 2622 2617 2677 τὰ
2648 2624 2750 2693 ζὴα
2784 2619 3116 2694 σφαζόμενα,
3175 2616 3450 2687 ἐλυπήθη
3508 2616 3599 2669 καὶ
3654 2612 3901 2682 ἀπῆλθεν

2245 2715 2319 2776 εἰς
2348 2714 2439 2769 τὸν
2467 2711 2696 2788 βασιλέα
2741 2710 3069 2782 Μαξιμῖνον,
3128 2706 3218 2763 καὶ
3272 2703 3677 2783 ἐφιλονείκησεν
3708 2701 3896 2774 αὐτὸν,

2247 2803 2510 2874 εἰποῦσα,
2569 2802 2652 2856 δτι
2708 2799 2806 2854 Διὰ
2849 2798 2904 2853 τὶ
2961 2793 3309 2874 ἐγκατέλιπες
3365 2794 3492 2849 Θεὸν
3557 2797 3751 2862 ζῶντα,
3808 2790 3901 2846 καὶ

2245 2895 2568 2969 προσκυνεῖς
2602 2888 2857 2950 εἰδώλοις
2888 2887 3126 2962 ἀψύχοις
3154 2905 3168 2956 ;
3204 2887 3442 2942 Ἐκεῖνος
3500 2879 3558 2937 δὲ
3604 2880 3897 2957 ἐκράτησεν

2248 2982 2443 3051 αὐτὴν,
2496 2979 2586 3035 καὶ
2646 2979 3028 3051 ἐτιμωρήσατο
3090 2974 3353 3049 ἰσχυρῶς.
3400 2972 3504 3029 Καὶ
3569 2970 3702 3044 μετὰ
3724 2973 3891 3024 τοῦτο

2248 3068 2432 3145 ἔφερεν
2492 3070 2521 3124 ὁ
2581 3066 2834 3144 βασιλεὺς
2889 3066 3225 3136 πεντήκοντα
3282 3062 3541 3138 ῥήτορας,
3598 3058 3688 3115 καὶ
3752 3060 3904 3113 εἶπεν

473 3155 728 3210 vincite:
760 3156 875 3210 nisi
909 3157 1067 3211 enim
1100 3156 1267 3211 illam
1315 3155 1712 3219 conviceritis,
1764 3170 1866 3209 vos
1921 3167 2129 3207 omnes

2243 3160 2453 3230 αὐτοῖς,
2495 3158 2603 3229 ὅτι,
2663 3155 3007 3231 Διαλέχθητε
3058 3155 3193 3229 πρὸς
3247 3153 3348 3222 τὴν
3396 3148 3768 3226 Αἲκατερίναν,
3805 3148 3897 3203 καὶ

476 3244 735 3300 ﬂammis
767 3245 1015 3300 tradam.
1051 3246 1139 3300 Illi
1172 3262 1307 3301 vero
1342 3263 1403 3300 se
1435 3250 1746 3315 superatos
1766 3259 1894 3298 esse
1915 3241 2128 3297 viden-

478 3340 589 3399 tes,
620 3334 896 3406 baptizati
929 3340 1087 3403 sunt,
1147 3341 1324 3406 atque
1374 3335 1456 3389 ita
1501 3334 1621 3403 igni
1669 3332 2131 3404 conflagrarunt.

479 3425 811 3480 A‘lcaterina
839 3430 1039 3481 autem
1070 3424 1261 3497 capite
1285 3424 1637 3479 obtruncata
1669 3428 1777 3478 est.

1040 3604 1283 3659 EODEM
1320 3602 1576 3658 MENSE.

1011 3691 1114 3747 Die
1144 3691 1426 3748 vicesima
1455 3698 1620 3748 sexta

560 3790 716 3844 214
748 3787 1202 3844 Gommemoratio
1230 3793 1407 3845 sancti
1436 3791 1620 3845 Patris
1648 3792 1827 3846 nostri
1858 3791 2062 3860 Alypii.

561 3914 808 3972 Sanctus
826 3918 999 3972 Pater
1018 3922 1223 3972 noster
1235 3916 1480 3989 Alypius
1500 3917 1768 3973 Heraclio
1782 3918 2139 3989 imperatore

484 4007 823 4063 decertavit.
856 4008 989 4063 Fuit
1017 4013 1215 4063 autem
1249 4025 1318 4063 ex
1377 4007 1765 4079 Adrianopoli
1812 4009 2137 4082 Paphlago-

486 4097 623 4151 niae.
656 4103 994 4168 Antequam
1026 4114 1161 4152 vero
1214 4104 1578 4163 nasceretur,
1628 4099 1756 4169 ejus
1806 4104 1997 4153 mater
2045 4115 2137 4154 so-

482 4188 714 4242 mnium
749 4187 1091 4259 liujusmodi
1124 4187 1303 4241 vidit:
1340 4187 1661 4242 Videbatur
1687 4187 1797 4242 sibi
1821 4194 2050 4258 gestare
2076 4188 2136 4243 in

482 4277 641 4332 ulnis
666 4277 914 4348 insignis
946 4277 1149 4332 formae
1173 4294 1410 4349 agnum.
1430 4277 1490 4331 in
1517 4277 1687 4346 cujus
1713 4277 1995 4332 cornibus
2018 4278 2136 4332 hai-

484 4375 682 4424 rorent
707 4369 938 4423 accensi
963 4368 1119 4423 cerei
1151 4384 1164 4421 :
1191 4385 1257 4421 ex
1281 4384 1396 4437 quo
1428 4367 1742 4435 intellexit,
1770 4367 2137 4422 nasciturum

480 4474 751 4529 puerum,
793 4456 1110 4511 virtutibus
1141 4456 1368 4511 clarum
1399 4456 1525 4511 fore
1553 4473 1565 4510 :
1596 4456 1754 4528 quod
1779 4462 1837 4511 et
1866 4456 2134 4527 contigit.

2246 3249 2465 3305 πείσατε
2494 3247 2681 3317 αὐτήν*
2740 3244 2828 3301 ἐὰν
2880 3245 2980 3320 γάρ
3050 3245 3126 3316 μὴ
3168 3243 3429 3312 νικήσητε
3460 3238 3650 3309 αὐτὴν,
3682 3237 3889 3300 πάντας

2251 3340 2390 3412 ὑμᾶς
2421 3334 2740 3393 κατακαύσω
2797 3332 2946 3410 πυρὶ.
2977 3336 3213 3390 Ἐκεῖνοι
3274 3329 3331 3386 δὲ
3380 3327 3606 3399 ἰδόντες,
3657 3329 3742 3382 ὅτι
3776 3327 3890 3383 ἐνι-

2247 3431 2516 3499 κήθησαν,
2575 3421 2996 3495 ἐϐαπτίσθησαν,
3053 3423 3145 3477 καὶ
3204 3420 3378 3482 οὕτως
3421 3417 3673 3489 ἐκᾶησαν·
3706 3416 3910 3473 ἀπεκε-

2249 3516 2491 3597 φαλισθη
2519 3514 2578 3570 δὲ
2605 3514 2694 3570 καὶ
2725 3513 2887 3584 αὐτή.

2821 3604 3000 3660 ΜΠΝΙ
3028 3607 3109 3657 ’ῙῺ
3143 3605 3334 3658 ΑΥΤΩ.

3028 3691 3120 3759 Κζ’

2395 3786 2604 3857 Μνήμη
2635 3786 2733 3837 τοῦ
2783 3780 2934 3836 ὁσίου
2991 3780 3202 3855 ΙΙατρὸς
3253 3780 3417 3850 ἡμῶν
3463 3774 3754 3834 Ἀλυπίου.

2320 3912 2383 3967 Ὁ
2437 3909 2488 3963 ἐν
2547 3909 2724 3985 ἁγίοις
2785 3906 2971 3980 Πατὴρ
3029 3907 3190 3978 ἡμῶν
3237 3901 3530 3969 τΑλύπιος,
3596 3901 3916 3977 ἠγωνίζετο

2249 3999 2338 4056 ἐπὶ
2414 4004 2515 4067 τῆς
2596 3993 2875 4072 βασιλείας
2959 3991 3305 4069 Ἡρακλείου.
3384 3991 3626 4065 Ἐγὲνετο
3686 3987 3744 4045 δὲ
3803 3989 3918 4045 ἀπὸ

2250 4085 2766 4164 Ἀδριανουπόλεως
2796 4091 2898 4153 τῆς
2948 4081 3359 4163 Παφλαγονίας.
3390 4082 3504 4158 Πρὸ
3557 4085 3656 4136 τοῦ
3714 4101 3920 4154 γεννη-

2254 4187 2412 4249 θῆναι
2446 4176 2503 4233 δὲ
2556 4176 2740 4246 αὐτον,
2774 4172 2910 4229 εἶδεν
2944 4175 2979 4243 ἡ
3011 4175 3197 4248 μήτηρ
3256 4173 3425 4226 αὐτοῦ
3481 4166 3687 4243 ὄνειρον
3718 4189 3782 4224 το
3796 4173 3921 4225 ιοῦ-

2246 4292 2361 4327 τον,
2425 4264 2602 4337 Εἷδεν,
2665 4266 2747 4320 ὅτι
2796 4258 3083 4333 ἐϐάσταζεν
3144 4262 3219 4324 εἰς
3277 4264 3370 4322 τάς
3435 4258 3673 4338 ἀγκάλας
3732 4261 3919 4330 αὐτῆς

2250 4357 2432 4434 ἀρνίον
2485 4357 2696 4430 ώμαῖον
2729 4399 2744 4423 ,
2805 4349 2934 4430 ἕχον
2992 4352 3069 4414 εἰς
3127 4353 3192 4407 τὰ
3241 4353 3441 4426 κέρατα
3516 4351 3683 4405 αὐτοῦ
3738 4348 3923 4423 κηρία

2250 4450 2507 4505 ἅπτοντα·
2551 4445 2637 4501 καί
2670 4445 2728 4500 ἐκ
2780 4443 2977 4499 τούτου
3034 4442 3334 4512 ἐνενόησεν,
3385 4439 3559 4496 ὅτιτὸ
3590 4437 3843 4507 παιδίον,
3890 4439 3920 4492 ὃ

479 4527 740 4602 Clericus
774 4545 956 4615 enim,
990 4544 1207 4601 deinde
1238 4544 1526 4600 diaconus
1575 4527 1904 4612 ordinatus,
1950 4544 2129 4600 misso

2249 4536 2442 4614 μέλλει
2499 4542 2783 4611 γεννῆσαι,
2846 4531 3095 4607 ἐνάρετον
3154 4533 3461 4607 γενήσεταν
3512 4530 3541 4584 ’ὀ
3580 4530 3670 4584 καὶ
3728 4527 3922 4604 γέγο-

480 4634 656 4688 rebus
682 4633 860 4705 hujus
892 4633 1092 4688 saeculi
1126 4633 1358 4700 nuntio,
1383 4632 1721 4689 columnam
1751 4633 2051 4690 ascendit:
2077 4639 2135 4688 et

481 4723 683 4795 stylita
711 4722 921 4793 factus,
955 4721 1062 4777 sub
1095 4721 1192 4777 dio
1222 4722 1418 4778 nudus
1453 4723 1634 4789 stetit,
1659 4722 1862 4779 multis
1893 4723 2134 4778 interim

481 4812 785 4867 miraculis
813 4811 1168 4875 illustratus,
1203 4817 1261 4867 et
1290 4828 1325 4867 a
1355 4811 1726 4867 daemonibus
1758 4829 1911 4885 saepe
1943 4812 2135 4884 impu-

481 4906 712 4973 gnatus.
750 4903 879 4973 Ipse
912 4918 1049 4958 vero
1081 4902 1275 4973 quoad
1307 4903 1518 4973 potuit,
1552 4903 1614 4957 in
1672 4901 1855 4974 pedes
1905 4907 2137 4957 erectus

482 4989 709 5046 orabat.
744 4991 855 5046 Sed
886 4990 1082 5063 lapide
1112 5008 1147 5047 a
1176 4992 1549 5047 daemonibus
1579 4992 1819 5063 petitus,
1850 4991 2140 5047 inciditin

484 5080 686 5136 lateris
719 5081 1012 5146 morbum,
1047 5098 1162 5153 quo
1208 5098 1342 5137 cum
1401 5081 1574 5137 annis
1634 5079 1921 5136 tredecim
1972 5080 2136 5135 labo-

485 5176 694 5237 rasset,
729 5187 758 5224 e
796 5171 915 5226 vita
971 5171 1243 5240 excessit,
1305 5187 1492 5226 annos
1551 5176 1726 5226 natus
1783 5176 2023 5226 centum
2082 5174 2142 5226 et

487 5267 637 5317 octo.

1039 5440 1279 5496 EODEM
1322 5441 1571 5494 MENSE.

960 5528 1065 5583 Die
1092 5529 1371 5585 vicesima
1401 5529 1654 5601 septima

494 5630 641 5687 2E5
680 5628 961 5686 Certamen
984 5631 1179 5698 sancti,
1212 5629 1509 5699 multisque
1559 5629 1948 5685 certaminibus
1997 5628 2143 5685 clari

955 5704 1219 5770 martyris
1247 5701 1441 5756 Jacobi
1468 5703 1666 5757 Persa.

566 5817 815 5873 Jacobus
836 5817 1041 5874 multis
1061 5818 1488 5876 certaminibus
1534 5818 1786 5892 insignis
1814 5824 2041 5892 martyr
2069 5837 2141 5877 ex

2240 4613 2349 4683 νεν.
2414 4623 2696 4695 Γεννηθεὶς
2744 4622 2846 4699 γάρ
2908 4620 3120 4696 ἐγένετο
3177 4618 3465 4694 κληρικὸς*
3534 4618 3651 4673 εἶτα
3707 4613 3914 4671 διάκο-

2244 4741 2356 4783 νος*
2393 4721 2481 4775 καὶ
2516 4718 2693 4797 ἀφῆκε
2750 4718 2841 4772 τὸν
2908 4715 3135 4788 κόσμονο
3168 4714 3256 4769 καὶ
3289 4711 3521 4784 ἀνῆλθεν
3584 4711 3661 4774 εἰς
3718 4710 3917 4766 κίοναο

2246 4811 2336 4865 καὶ
2391 4808 2597 4884 ἐγένετο
2664 4806 2944 4877 στυλίτης·
3006 4802 3262 4872 ἄσκεπος,
3322 4805 3529 4880 γυμνὸς
3587 4801 3921 4873 ἱστάμενος,

2244 4899 2334 4955 καὶ
2390 4896 2579 4954 πολλά
2631 4898 2880 4970 θαύματα
2937 4894 3132 4960 ποίῶν,
3203 4887 3577 4962 ἐπεϐουλεύθη
3640 4890 3745 4945 ὑπὸ
3797 4895 3921 4945 τῶν

2248 4986 2542 5062 δαιμόνων.
2569 4988 2810 5049 Ἐκεῖνος
2838 4982 2918 5057 δέ,
2947 4981 3048 5047 ἕως
3100 4982 3162 5038 οῦ
3222 4980 3468 5051 ἐδύνατο,
3526 4978 3923 5057 προσηύχετο,

2247 5080 2404 5153 ὀρθὸς
2465 5078 2790 5151 ἱστάμενοςο
2864 5075 2955 5130 ὅτε
3008 5073 3065 5129 δὲ
3124 5072 3259 5147 μετὰ
3316 5071 3477 5137 λίθου
3535 5069 3925 5133 ἀπολυθέντος

2246 5164 2455 5239 ἐϐλάϐη
2489 5168 2637 5242 παρᾶ
2665 5172 2772 5222 τῶν
2816 5164 3119 5239 δαιμόνων,
3170 5163 3454 5221 κατέπεσεν
3515 5161 3603 5218 ἐπὶ
3659 5158 3924 5233 πλευροῦ

2247 5256 2340 5328 ἔτη
2398 5254 2650 5330 δεκατρία
2686 5300 2699 5326 ,
2757 5252 2861 5317 ἓως
2918 5252 3300 5326 ἐτελεύτησεν,
3362 5252 3625 5327 ὑπάρχων
3682 5244 3926 5325 χρόνων

2249 5346 2436 5402 ἐκατὸν
2470 5345 2635 5401 ὀκτώ.

2812 5436 2992 5491 MHNI
3012 5439 3100 5489 ΤΩ
3129 5436 3336 5492 ΔΥΤΩ.

3025 5525 3127 5581 KZ‘

2249 5615 2515 5687 Ἀθλησις
2543 5619 2641 5671 τοῦ
2673 5613 2826 5689 αγίου
2855 5614 2945 5668 καί
2976 5610 3301 5677 πολυάθλου
3336 5611 3609 5686 μάρτυρος
3639 5601 3925 5666 Ἰακώὸου

2888 5706 2986 5759 τοῦ
3018 5701 3250 5779 Πέρσου.

2320 5824 2377 5879 '0
2435 5819 2759 5889 πολύαθλος
2818 5818 3022 5896 μάρτυς
3079 5814 3340 5884 Ἰάκωϐος
3395 5817 3612 5897 ἐγένετο
3672 5814 3732 5872 ἐκ
3760 5818 3937 5889 Περ.-
