4124 6442
276 378 391 444 ﬁH

1820 372 2277 440 NOVEMBER.

3638 372 3758 435 182

290 512 464 580 οίδος,
496 512 591 569 ἐπὶ
624 511 966 587 Θεοδοσίου,
1035 513 1303 592 βασιλέως
1362 513 1687 588 Ῥωμαίων
1738 508 1980 585 ἀνδρεῖος

2097 506 2335 564 Perside
2365 505 2500 575 fuit,
2530 502 2857 560 Theodosio
2881 505 3290 560 Romanorum
3313 503 3756 576 imperatore.Is

300 603 357 662 δί
384 602 458 659 ὣν
485 603 581 659 καὶ
608 598 869 677 ἔνδοξος,
918 604 1148 677 ἐτιμᾶτο
1203 604 1351 680 παρᾶ
1404 604 1501 659 τοῦ
1561 599 1832 680 βασιλέως
1877 601 1986 653 τῶν

306 703 545 775 Περσῶν.
579 703 683 752 ’Ὡν
740 694 804 752 δὲ
865 698 1138 774 πρότερον
1198 697 1545 773 Χριστιανὸς,
1604 695 1694 751 καὶ
1760 699 1987 770 γυναῖκα

318 786 457 864 ’έχων
504 789 885 861 Χριπιανήν,
952 788 1045 842 καὶ
1109 786 1316 863 μητέρα
1368 788 1458 842 καί
1514 785 1720 860 πατέρα
1777 783 1984 857 ὁμοίως

330 876 698 952 Χριστιανούς·
760 876 945 949 ὅμως,
1004 874 1095 931 διὰ
1148 876 1243 945 τὴν
1304 879 1405 931 τοῦ
1466 874 1732 951 βασιλέως
1791 874 1983 946 τιμὴν,

328 971 589 1044 ἠρνήσατο
621 967 719 1022 τὸν
758 968 1022 1041 Χριστὸν,
1054 966 1144 1021 καὶ
1174 966 1488 1040 προσεκύνει
1540 986 1620 1037 τῳ
1668 962 1843 1035 Ἡλίῳ
1894 961 1983 1017 καὶ

316 1064 396 1131 τῷ
452 1059 611 1133 Ηυρῖ,
666 1058 760 1111 καὶ
820 1051 1004 1112 ἔσεϐεν
1061 1055 1197 1111 αὐτᾶ
1252 1057 1328 1120 ὡς
1387 1053 1562 1120 θεούς.
1627 1056 1886 1111 Μαθοῦσα
1926 1049 1985 1107 δὲ

312 1150 543 1217 τούτοή
608 1148 799 1220 μήτηρ
855 1145 1045 1212 αὐτοῦ,
1103 1144 1193 1201 καὶ
1244 1147 1279 1213 ἡ
1333 1146 1494 1221 γυνὴ,
1554 1139 1786 1219 ἔγραψαν
1844 1142 1981 1217 πρὸς

311 1237 479 1293 αὐτὸν
517 1236 655 1309 μετᾶ
704 1234 915 1307 Λύπης,
973 1234 1064 1290 καὶ
1123 1229 1337 1290 ἔπεισαν
1396 1232 1554 1290 αὐτὸν
1612 1232 1776 1288 πάλιν
1833 1232 1984 1306 γενέ-

310 1339 436 1391 σθαι
471 1324 819 1402 Χριστιανόν.
862 1325 1000 1380 Τότε
1057 1321 1408 1398 διαγνωσθείς
1467 1324 1613 1393 παρά
1668 1325 1766 1376 τοῦ
1826 1321 1983 1397 βασι-

310 1420 480 1487 λέως,
542 1415 635 1472 καὶ
690 1416 1005 1491 κρατηθεὶς,
1063 1416 1388 1490 πικρότατον
1468 1412 1670 1483 ὓπέστη
1730 1411 1978 1469 θάνατον.

300 1511 562 1563 Βκοπτον
591 1507 697 1579 γὰρ
727 1502 781 1558 ἔν
817 1498 871 1559 ἔν
925 1502 1118 1577 μιλος,
1179 1502 1268 1558 καὶ
1339 1501 1504 1578 μέρος
1561 1505 1658 1556 τοῦ
1721 1500 1975 1573 σώματος

320 1595 454 1667 μετὰ
520 1598 843 1669 μαχαιρῶν,
900 1589 1008 1655 ἓως
1057 1590 1390 1670 κατελείφθη
1476 1591 1641 1664 μόνον
1695 1590 1760 1645 τὸ
1819 1595 1979 1663 σῶμα

330 1688 459 1758 μετὰ
485 1692 592 1754 τῆς
625 1683 876 1763 κεφαλῆς
905 1684 997 1739 καὶ
1046 1689 1147 1754 τῆς
1203 1680 1438 1743 κοιλίας.
1490 1683 1595 1739 Καὶ
1652 1681 1788 1736 κατᾶ
1848 1681 1974 1754 μίαν

334 1776 453 1848 μίαν
478 1776 658 1848 τομήν
689 1773 1016 1850 ηὖχαρίστει
1045 1778 1128 1847 τῷ
1186 1777 1322 1845 Θεῷ.
1375 1770 1478 1829 Καὶ
1522 1770 1697 1836 οὕτως
1732 1769 1975 1827 κελεύσει

2102 598 2176 653 ob
2196 596 2491 670 egregiam
2520 595 2703 650 animi
2718 595 2991 648 virtutem
3008 594 3360 665 generisque
3378 594 3755 651 nobilitatem

2098 688 2162 743 in
2181 702 2413 742 summo
2434 683 2590 756 apud
2606 685 2918 739 Persarum
2934 700 3132 756 regem
3158 684 3384 740 honore
3400 684 3751 741 habebatur.

2097 778 2235 832 Erat
2263 780 2463 831 autem
2493 772 2883 841 Christianus,
2947 778 3005 828 et
3061 772 3458 829 Christianam
3506 791 3755 831 uxorem

2096 865 2390 931 habebat;
2417 870 2668 919 matrem
2691 864 2956 934 insuper.
2982 868 3329 935 patremque
3351 864 3750 932 Christianos;

2098 955 2201 1012 sed
2242 954 2315 1010 ob
2374 954 2529 1026 regis
2589 953 2896 1019 honorem,
2962 953 3191 1025 ejurato
3242 953 3494 1011 Christo.
3558 954 3755 1008 Solem

2095 1044 2416 1117 Ignemque
2440 1048 2720 1113 tanquam
2745 1041 2887 1095 deos
2904 1041 3185 1096 adoravit.
3208 1042 3374 1106 Quod
3406 1042 3504 1096 ubi
3538 1050 3750 1109 mater,

2095 1139 2153 1188 et
2169 1150 2316 1188 uxor
2336 1147 2682 1203 cognovere,
2711 1130 2914 1185 dolore
2941 1132 3188 1196 affectas,
3209 1148 3313 1201 per
3339 1131 3751 1189 litterasillum

2092 1221 2402 1285 induxere,
2435 1225 2500 1274 ut
2529 1219 2602 1275 ad
2634 1219 3028 1275 Christianam
3064 1218 3243 1273 fidem
3284 1220 3523 1274 rediret.
3560 1221 3749 1286 Quare

2092 1310 2361 1381 cognitus
2382 1326 2417 1364 a
2444 1325 2600 1381 rege,
2627 1307 2875 1380 ejusque
2894 1308 3068 1379 jussu
3091 1308 3752 1379 eomprchensus,acer—

2089 1399 2399 1455 bissimam
2430 1403 2683 1453 mortem
2715 1396 3015 1453 sustinuit.
3051 1396 3312 1452 Membra
3350 1398 3510 1452 enim
3543 1399 3595 1453 ei
3625 1399 3751 1454 sin-

2089 1489 2245 1562 gula,
2272 1493 2589 1559 partesque
2607 1487 2873 1558 corporis
2892 1485 3088 1559 gladio
3111 1486 3534 1557 prmcidunlur,
3560 1487 3749 1544 donec

2091 1579 2286 1634 solum
2317 1594 2533 1648 corpus
2565 1593 2700 1631 cum
2742 1576 2959 1646 capite,
3019 1592 3087 1630 ac
3130 1581 3333 1630 ventre
3388 1583 3746 1647 superesset,

2088 1685 2224 1725 cum
2247 1668 2486 1722 interim
2520 1665 2645 1738 ipse
2669 1665 2742 1721 ad
2763 1681 3250 1736 unamquamque
3278 1666 3604 1722 sectionem
3625 1683 3751 1739 gra-

2088 1760 2201 1814 tias
2246 1758 2364 1814 Deo
2422 1761 2643 1830 ageret.
2703 1757 2956 1811 Demum
3016 1755 3285 1826 ejusdem
3343 1756 3496 1828 regis
3545 1757 3744 1828 jussu,

326 1870 423 1920 τοῦ
454 1862 745 1939 βασιλέως,
774 1849 910 1938 μετᾶ
964 1862 1239 1939 μαχαίρας
1284 1860 1456 1933 ἐκόπη
1513 1860 1605 1917 καὶ
1669 1863 1705 1931 ἡ
1760 1859 1974 1940 κεφαλὴ

2095 1852 2302 1903 trunco
2334 1851 2512 1918 caput
2539 1849 2901 1918 amputatur.

322 1953 508 2010 αὐτοῦ.

880 2070 1064 2128 MHNI
1100 2072 1192 2127 ΤΩ
1230 2076 1425 2126 ΑΥΤΩ.

1107 2162 1214 2218 KH’

310 2250 596 2328 'Ael_1;mc
653 2256 752 2328 τού
809 2249 1208 2328 ὁσιομάρτυρος
1289 2257 1566 2328 Στεφανου
1614 2254 1748 2328 ,τοῦ
1813 2250 1978 2328 Νέου,

379 2325 649 2399 καὶᾳτῶν
703 2322 796 2379 σὺν
853 2322 1026 2395 αὐτῷ’
1089 2322 1549 2399 μαρτυρησάντων
1611 2322 1818 2397 Πέτρου
1888 2322 1980 2377 καὶ

376 2393 671 2468 Ἀνδρέου.

374 2513 848 2575 Κωνσταντὶνοςό
901 2512 1183 2587 βασιλεὺς,
1243 2514 1270 2567 ὁ
1329 2511 1724 2588 ἐπιλεγόμενος
1768 2506 1981 2566 Καϐαλ-

307 2606 491 2669 λῖνος,
526 2604 805 2680 αἱρετικὸς
852 2598 950 2672 ὤν,
1009 2603 1099 2657 καὶ
1156 2603 1251 2666 τὰς
1309 2601 1462 2676 ἁγίας
1505 2601 1718 2663 εἲκόνας
1783 2605 1981 2675 μισῶν,

308 2692 482 2768 ἔμαθε
538 2692 668 2767 περὶ
719 2691 930 2747 τούτων
983 2696 1092 2747 τῶν
1146 2691 1328 2767 ἁγίων,
1392 2689 1690 2770 Στεφάνου,
1750 2692 1981 2766 Πέτρου,

314 2785 409 2840 καὶ
442 2780 739 2853 Ἀνδρέου,
772 2782 856 2836 ὃτι
888 2780 950 2836 ού
980 2785 1202 2836 ποιοῦσι
1232 2782 1295 2836 τὸ
1327 2782 1549 2854 θέλημα
1597 2782 1788 2853 αὐτοῦ,
1839 2779 1986 2836 ἀλλὰ

314 2877 691 2948 προσκυνοῦσι
747 2872 843 2933 τὰς
900 2870 1133 2943 εἰκόνας,
1198 2871 1289 2926 καὶ
1366 2869 1737 2925 ἆποκαλοῦσιν
1826 2868 1982 2925 αὐτὸν

314 2963 616 3037 αἱρετικόν.
670 2961 771 3016 Καὶ
831 2959 1158 3022 ἀποστείλας
1214 2958 1430 3015 ἐπίασεν
1486 2958 1683 3021 αὐτοὺς
1740 2958 1829 3014 καὶ
1885 2959 1989 3015 ἐτιο

328 3055 625 3126 μωρήσατο
657 3055 880 3126 πρῶτον
914 3049 1181 3125 ἰσχυρῶς.
1214 3051 1351 3106 Εἶτα
1370 3049 1461 3104 τὸν
1499 3051 1592 3122 μὲν
1652 3051 1804 3125 ἅγιον
1858 3048 1982 3104 Στέ-

319 3164 480 3221 φανον
513 3142 817 3218 προσέταξε
878 3138 1093 3207 δεθῆναι
1156 3141 1290 3214 μετᾶ
1346 3142 1622 3216 σχοινίου·
1686 3142 1775 3196 καί
1836 3142 1986 3216 σύρε-

2639 2053 2881 2108 EODEM
2920 2052 3173 2107 MENSE.

2586 2143 2688 2197 Die
2720 2142 3001 2197 vicesima
3030 2146 3233 2195 octava

2086 2235 2240 2291 210
2282 2234 2568 2291 Certamen
2606 2234 2784 2287 sancti
2835 2232 3098 2301 martyris
3150 2231 3420 2301 Stephani
3472 2230 3742 2297 Junioris,

2452 2310 2503 2359 et
2531 2306 2802 2360 sociorum
2838 2303 2993 2357 Petri
3022 2309 3074 2358 et
3104 2303 3372 2360 Andreae.

2163 2520 2613 2587 Constantinus,
2633 2523 3027 2593 cognomento
3056 2517 3755 2590 Caballinus.imperator

2088 2609 2408 2665 haereticus
2432 2615 2487 2664 et
2520 2624 2822 2664 sacrarum
2845 2608 3174 2681 imaginum
3196 2608 3593 2672 adversarius,
3616 2625 3753 2663 cum

2092 2699 2401 2755 didicisset
2427 2699 2537 2754 hos
2569 2703 2807 2754 sanctos
2838 2699 3222 2770 Stephanum,
3248 2701 3510 2766 Petrum,
3544 2703 3603 2752 et
3632 2700 3755 2753 An-

2092 2788 2317 2856 dream,
2348 2788 2619 2860 neglecto
2653 2804 2758 2842 suo
2816 2788 3090 2859 imperio,
3140 2787 3433 2860 imagines
3481 2788 3747 2869 adorare,

2089 2895 2272 2949 seque
2303 2878 2375 2933 ab
2409 2878 2482 2932 iis
2512 2878 2861 2933 hmreticum
2916 2877 3228 2949 appellari,
3285 2878 3750 2949 comprehensos

2080 2968 2266 3040 jussit
2296 2967 2557 3039 primum
2589 2967 2933 3039 gravissime
2968 2966 3331 3022 excruciari:
3366 2967 3580 3021 deinde
3613 2984 3749 3022 san~

2088 3062 2249 3112 ctum
2282 3054 2649 3128 Stephanum
2694 3056 2979 3111 funiculis
3009 3054 3339 3127 alligatum.
3372 3054 3572 3110 media
3601 3054 3749 3111 urbe

2089 3146 2309 3218 raptari
2341 3164 2353 3201 :
2387 3148 2486 3218 qui
2521 3147 2661 3201 dum
2695 3151 3053 3217 raptaretur,
3087 3163 3121 3201 a
3151 3144 3412 3215 quodam
3462 3145 3523 3199 in
3555 3146 3748 3216 capite

314 3245 432 3297 σθαι
470 3236 638 3306 μέσον
669 3239 776 3301 τῆς
827 3230 1065 3293 πόλεως.
1128 3231 1229 3287 Καὶ
1276 3229 1574 3306 σκρόμενον
1625 3235 1821 3286 τοῦτον
1882 3233 1979 3286 λα’

2096 3235 2249 3291 fuste
2276 3253 2615 3308 percussus,
2649 3241 2899 3291 contuso
2931 3253 2998 3291 ac
3021 3236 3082 3291 in
3109 3235 3256 3291 duas
3274 3240 3473 3307 partes
3493 3236 3751 3291 dissecto

311 3319 423 3378 ὗών
457 3345 544 3385 τις
579 3323 719 3396 μέγα
745 3321 932 3392 ξύλον,
992 3318 1195 3393 ἔπληξε
1245 3320 1383 3376 κατᾶ
1423 3327 1525 3390 τῆς
1566 3318 1833 3395 κεφαλῆς.
1883 3317 1980 3377 Καὶ

2096 3326 2287 3397 capite
2320 3326 2568 3392 interiit,
2598 3330 2774 3395 atque
2808 3326 2870 3380 in
2904 3342 2971 3381 eo
3014 3325 3165 3391 loco,
3217 3324 3321 3380 ubi
3369 3341 3529 3379 nunc
3568 3326 3751 3395 jacet,

311 3413 541 3489 ἐσχίσθη
585 3416 623 3482 ὴ
683 3411 900 3488 κειραλή
958 3412 1129 3465 αὐτοῦ
1191 3431 1268 3475 εις
1324 3408 1442 3478 δύο,
1497 3409 1587 3464 καὶ
1645 3409 1983 3480 ἐτελεύτησε·

314 3502 605 3579 mihi-en
640 3502 692 3557 ἐν
748 3502 928 3573 τόπῳ,
989 3499 1041 3554 ἐν
1103 3499 1148 3573 ᾧ
1205 3499 1294 3554 καὶ
1352 3498 1683 3557 κατάκειται.
1741 3498 1986 3573 Ὁμοίως

320 3593 412 3645 καὶ
468 3592 670 3654 ὅδσιος
727 3588 1014 3664 Ἀνδρέας,
1075 3590 1162 3644 καί
1223 3588 1386 3651 αὐτὸς
1444 3587 1614 3653 δεθεὶς
1673 3589 1763 3645 καὶ
1824 3589 1983 3665 συρό-

333 3702 521 3751 μενος,
572 3680 934 3751 ἐτελεύτησεν.
994 3680 1058 3737 Ὀ
1115 3676 1172 3734 δὲ
1228 3680 1382 3754 ἅγιος
1470 3678 1693 3755 Πέτρος,
1766 3683 1984 3755 πρῶτον

331 3770 702 3833 ἆποκλεισθεὶς
784 3771 863 3832 εἷς
920 3767 1193 3848 φυλακὴν,
1251 3768 1343 3824 καὶ
1402 3769 1535 3841 μετᾶ
1586 3772 1750 3824 τοῦτο

322 3866 461 3933 Θεῷ.

908 3979 989 4051 Τῇ
1030 3974 1167 4051 αὖτῇ
1207 3976 1390 4053 ἡμέρᾳ

310 4068 589 4145 "Aoum;
643 4072 754 4145 τῶν
805 4065 1007 4145 Αὰγίων,
1065 4070 1173 4145 τῶν
1208 4066 1326 4145 ’σὺν
1384 4064 1661 4145 τῶργίῳ
1720 4063 1980 4145 Στεφάνῳ

378 4137 670 4233 uilli-31p,
731 4137 871 4215 ὑπὲρ
938 4142 1046 4194 τῶν
1128 4139 1300 4214 ἁγίων
1388 4137 1642 4193 εἶκόνων-
1698 4137 1983 4213 μαρτύρηζ-

381 4234 623 4269 σαντων.

382 4328 604 4386 Πολλοὶ
636 4332 742 4383 τῶν
797 4331 1145 4404 στρατιωτῶν
1200 4326 1325 4381 τότε
1391 4323 1720 4400 ὀρθοδόξων,
1782 4323 1979 4397 ὄντων,

307 4421 722 4493 ἀποταξάμενοι
750 4422 832 4491 τῷ
867 4415 994 4493 βίῳ,
1025 4416 1269 4494 γεγόνασι
1307 4415 1562 4491 μοναχοί,
1596 4416 1739 4479 Τοὺς
1796 4414 1979 4471 τοιού·

303 4532 438 4573 τους
498 4506 561 4564 δὲ
592 4510 620 4563 ὁ
662 4506 980 4585 παράνομος
1034 4506 1288 4582 βασιλεὺς
1334 4506 1813 4581 τιμωρησάμενος,
1865 4505 1986 4583 ἐφό-

304 4620 491 4656 νευσε.
528 4597 764 4673 Καὶγᾶρ
817 4597 908 4653 τὸν
964 4592 1081 4667 ἕνα,
1140 4595 1426 4653 Βασίλειον
1482 4593 1847 4668 καλουμενον,
1894 4592 1984 4649 έκ-

305 4687 636 4765 τύερλώσας,
667 4687 781 4741 εἶτα
805 4686 904 4754 τὴν
947 4685 1315 4758 προσκύνησιν
1369 4688 1476 4739 τῶν
1536 4683 1706 4760 ἁγίων
1758 4682 1982 4739 εἰκόνων

308 4777 602 4836 λαλοῦντα
661 4774 910 4841 ἀκούσας,
982 4773 1265 4845 λακτίσας,
1336 4771 1589 4847 ἐξήνεγκε
1654 4773 1721 4828 τὰ
1795 4768 1980 4846 ἔντερα

309 4868 507 4937 αἰτοῦ,
540 4867 634 4922 καὶ
665 4864 840 4928 οὕτως
889 4864 1179 4939 ἐξορισθεῖς
1235 4866 1371 4937 μετὰ
1432 4859 1626 4933 ὀδύνης
1682 4860 1977 4933 ἐτελεύτη-

312 4979 425 5017 σεν.
458 4955 678 5016 Ἀλλος
733 4952 1045 5029 ἕγκλειστος
1107 4952 1158 5008 ἐν
1206 4958 1286 5027 τῷ
1342 4954 1614 5025 σωσθενίῳ
1673 4951 1976 5029 ῥινοκοπη-

314 5050 453 5117 θεὶς,
487 5046 543 5103 ἐν
580 5050 826 5122 Χερσῶνι
856 5045 1142 5120 ἐξωρίσθη,
1194 5044 1281 5101 καί
1344 5042 1567 5119 μέλλων
1626 5052 1978 5121 φονευθῆναι,

310 5137 515 5218 ἔφυγεν
568 5137 649 5200 είς
700 5136 997 5210 Χαζαρίαν,
1055 5134 1108 5191 ἐν
1160 5134 1198 5211 ᾖ
1248 5134 1338 5190 καὶ
1390 5133 1687 5197 ἐπισκοπος
1745 5132 1975 5210 ἐγένετο,

304 5230 401 5285 καὶ
429 5228 660 5304 ὕστερον
694 5224 1013 5296 ἐτελειώθη.
1055 5222 1269 5287 ’Ἀλλος
1319 5221 1379 5279 δὲ
1430 5224 1698 5300 Στέφανος
1747 5224 1976 5299 ὀνόματι

304 5319 389 5384 εἰς
447 5316 715 5396 Σουγδίαν
771 5313 1096 5392 ἐξορισθείς,
1153 5315 1245 5369 καὶ
1328 5312 1575 5376 πολλοὺς
1660 5312 1973 5389 ὠφελήσας,

302 5410 469 5472 τέλος
500 5408 626 5488 ἔσχε
653 5412 752 5465 τοῦ
780 5405 934 5485 βίου.
968 5402 1211 5477 Ὁμοίως
1255 5402 1349 5459 καὶ
1393 5404 1688 5480 Γρηγόριοι
1737 5400 1834 5458 δύο
1884 5403 1977 5459 σὺν

308 5500 543 5566 πολλοῖς
602 5499 806 5561 ἄλλοις
867 5492 1257 5570 ἐξορισθέντες,
1316 5492 1597 5549 ἀπέθανον.
1658 5489 1838 5549 Ἀλλά
1883 5493 1976 5548 καὶ

312 5592 562 5668 Ἰωάννης
590 5594 701 5651 ἀπὸ
737 5584 1111 5665 λεγαταρίων,
1159 5583 1236 5647 εἷς
1288 5582 1617 5662 Δαφνουσίαν
1662 5582 1973 5658 ἐξορισθεῖς,

300 5689 384 5746 καί
425 5695 492 5763 τῇ
544 5694 649 5749 τοῦ
714 5677 1127 5763 βασιλεύοντος
1182 5673 1426 5731 κελεύσει
1492 5671 1785 5751 δερόμενος
1839 5674 1976 5730 κατὰ

285 5750 757 5867 καιρὸνισδχνῶς,
792 5773 895 5831 τὸν
933 5766 1055 5847 βίον
1086 5764 1372 5824 ἀπέλιπεν.

2096 3415 2367 3486 sepultus
2396 3415 2527 3470 fuit.
2563 3415 2848 3470 Similiter
2870 3419 2928 3468 et
2950 3421 3189 3469 sanctus
3212 3413 3479 3468 Andreas
3498 3414 3752 3481 vinctus,

2096 3511 2502 3578 raptatusque,
2535 3522 2566 3559 e
2597 3506 2713 3560 vita
2758 3506 3030 3560 excessit.
3063 3506 3136 3558 At
3166 3509 3407 3559 sanctus
3452 3505 3662 3560 Petrus
3694 3504 3754 3559 in

2098 3611 2400 3650 carcerem
2430 3595 2593 3666 prius
2625 3594 2950 3666 conjectus,
2987 3592 3203 3649 deinde
3244 3592 3514 3659 eductus,
3547 3592 3755 3648 tandiu

2098 3684 2350 3756 flagellis
2388 3684 2657 3750 caeditur,
2690 3683 2878 3738 donec
2905 3683 3178 3755 spiritum
3212 3684 3328 3737 Deo
3361 3682 3623 3738 tradidit.

1833 3765 2101 3842 έκϐλθεὶς,
2159 3773 2249 3827 καὶ
2306 3793 2667 3847 τυπτομενος,
2725 3770 3010 3847 παρέδωκε
3064 3769 3128 3825 τὸ
3182 3775 3396 3843 πνεῦμα
3452 3770 3617 3826 αὐτοῦ
3673 3775 3753 3843 τῷ

2752 3979 2972 4036 Eodem
3002 3979 3097 4034 die

2092 4078 2241 4134 217
2306 4082 2592 4136 Certamen
2648 4085 2985 4146 sanctorum,
3044 4079 3143 4148 qui
3194 4095 3316 4133 cum
3378 4086 3568 4135 sancto
3625 4080 3779 4135 Ste-'

2153 4151 2348 4221 phano
2364 4153 2593 4222 juniore
2628 4168 2739 4222 pro
2791 4148 2965 4205 sacris
3020 4151 3354 4219 imaginibus
3418 4153 3751 4221 martyrium

2160 4223 2467 4277 subierunt.

2162 4330 2347 4384 Fuere
2378 4335 2521 4384 tunc
2578 4328 2919 4399 complures
2976 4327 3196 4383 milites
3254 4327 3589 4395 orthodoxi,
3649 4329 3751 4398 qui

2088 4417 2274 4472 misso
2292 4418 2473 4489 hujus
2494 4418 2625 4472 vitae
2644 4416 2821 4473 rebus
2854 4416 3086 4483 nuntio,
3115 4415 3391 4471 monachi
3412 4416 3549 4470 freti
3583 4421 3743 4471 sunt.

2091 4508 2205 4561 Eos
2235 4506 2603 4577 impissimus
2664 4506 2989 4577 imperator
3047 4504 3382 4559 durissimis
3433 4505 3747 4560 tormentis

2092 4601 2328 4651 vexatos
2359 4596 2677 4652 interfecit.
2710 4601 2849 4651 Nam
2879 4594 3093 4651 Basilio
3116 4594 3321 4649 oculos
3338 4593 3745 4666 eﬂ'odit,eique

2092 4685 2284 4741 adhuc
2314 4684 2386 4740 de
2419 4702 2723 4741 sacrarum
2755 4684 3083 4757 imaginum
3106 4682 3271 4739 cultu
3288 4683 3558 4755 loquenti
3582 4683 3743 4739 calce

2090 4773 2347 4846 impacto
2379 4775 2662 4830 intestina
2718 4773 3014 4846 disrupit:
3065 4772 3280 4829 deinde
3328 4773 3677 4846 relegatum,
3711 4790 3743 4829 e

2089 4868 2206 4922 vita
2236 4867 2399 4923 abire
2431 4868 2636 4939 coegit.
2672 4867 2841 4922 Alius
2874 4866 3126 4938 equuleo
3162 4866 3452 4936 inclusus,
3493 4867 3740 4923 naribus

2089 4957 2375 5028 praecisis,
2406 4959 2766 5013 Chersonam
2798 4956 3130 5029 relegatur:
3163 4956 3319 5011 unde
3381 4957 3520 5029 fuga
3566 4957 3741 5013 saluti

2089 5062 2211 5101 sum
2244 5046 2588 5114 eonsulens,
2635 5046 2697 5101 in
2729 5046 3068 5103 Chazariam
3119 5062 3248 5102 sese
3298 5047 3612 5118 proripuit,
3661 5047 3741 5102 ub

2089 5136 2402 5209 episcopus
2432 5136 2641 5204 factus,
2677 5141 2883 5208 postea
2910 5136 3185 5191 decessit.
3211 5136 3378 5191 Alius
3409 5137 3742 5207 Stephanus

2086 5228 2353 5297 nomine,
2382 5228 2445 5284 in
2474 5227 2749 5301 Sogdiam
2781 5227 3025 5298 ejectus,
3048 5244 3182 5282 cum
3206 5227 3286 5281 ibi
3311 5227 3584 5299 plurimis
3606 5244 3744 5297 pro-

2086 5315 2318 5387 fuisset,
2351 5318 2583 5374 vivendi
2618 5318 2801 5373 ﬁnem
2828 5317 2989 5372 fecit.
3031 5316 3317 5371 Similiter
3364 5321 3423 5370 et
3478 5316 3741 5387 Gregorii

2088 5407 2205 5464 duo
2235 5425 2371 5464 cum
2401 5409 2536 5464 aliis
2565 5406 3025 5479 quamplurimis
3055 5411 3281 5460 vertere
3313 5404 3507 5460 solum
3529 5406 3740 5473 coacti,

2087 5498 2308 5554 obiere.
2346 5499 2458 5554 Sed
2486 5500 2743 5554 Joannes
2774 5496 3188 5568 exlegatarius,
3215 5493 3621 5564 Daphnusiam
3646 5511 3741 5549 ex-

2084 5588 2314 5659 pulsus,
2350 5588 2519 5644 statis
2552 5586 2941 5659 temporibus,
2977 5583 3354 5654 imperatoris
3390 5584 3587 5653 jussu,
3620 5584 3739 5639 fre-

2085 5678 2475 5748 quentissime
2507 5694 2716 5745 caesus,
2750 5676 2864 5730 vita
2893 5673 3189 5745 perfectus
3220 5676 3327 5725 est.
