4124 6442
345 438 457 498 187

1674 423 2108 489 MENOLOGII
2154 424 2363 486 PARS
2406 426 2456 487 Ι.

3650 433 3767 495 188

343 571 609 644 quidem,
644 569 748 625 sed
778 569 1147 623 Christianus
1183 586 1194 622 :
1255 574 1434 639 atque
1487 566 1710 621 idcirco
1742 559 1992 618 aPersis

2109 559 2213 644 τῶν
2275 560 2517 631 Περσῶνο
2581 561 2618 626 ἧ
2673 554 2730 613 δε
2790 556 3005 627 λαῖκὸς,
3066 558 3212 615 ἆλλά
3268 562 3613 635 Χριστιανός.
3674 564 3781 621 Καὶ

345 660 832 731 comprehensus,
859 658 1262 713 acerbissimis
1295 656 1611 713 tormentis
1630 651 2001 709 excruciatus

345 756 454 817 est,
485 749 631 804 etad
664 764 870 804 necem
902 748 1102 820 ﬂagris
1134 749 1508 813 concisus,ut
1537 746 1634 799 vix
1658 741 1999 812 respiraret.

346 838 606 895 Sublatis
638 838 877 892 tandem
900 837 1092 893 oculis
1121 837 1202 892 ita
1235 854 1357 905 eos,
1391 835 1493 907 qui
1546 833 1818 898 aderant,
1852 828 2003 883 allo-

349 935 520 985 cutus
553 933 670 984 est:
703 929 1070 999 Consurgite,
1100 934 1159 983 et
1188 929 1375 983 Deum
1406 931 1570 982 orate
1597 941 1609 980 :
1648 936 1783 979 ecce
1842 919 2002 974 enim

346 1019 513 1074 video
562 1018 781 1073 scalam
841 1017 1055 1073 cwlum
1109 1018 1523 1089 attingentem,
1556 1020 1615 1070 et
1662 1028 1841 1082 super
1870 1024 2002 1063 eam

343 1109 614 1164 homines
646 1109 1024 1180 igneos,mihi
1051 1104 1316 1163 dicentes
1345 1125 1356 1161 :
1392 1106 1536 1161 Veni
1569 1103 1907 1164 nobiscum,
1943 1101 2002 1151 et

344 1197 631 1253 ducemus
665 1204 717 1252 te
750 1198 811 1252 in
843 1197 1049 1252 urbem
1076 1197 1318 1264 lmtitia),
1350 1194 1693 1258 hilaritatis,
1729 1189 1999 1258 lucisque

340 1288 602 1359 plenam.
628 1286 850 1352 Quibus
883 1287 943 1341 in
974 1287 1167 1342 verbis
1199 1286 1551 1357 exspiravit:
1577 1288 1634 1337 et
1652 1284 1858 1335 sancta
1878 1277 2005 1348 qui'

343 1376 476 1432 dem
508 1377 671 1431 illius
702 1377 904 1432 anima
934 1377 995 1431 in
1034 1389 1563 1448 supernam,quam
1585 1371 1834 1437 viderat,
1867 1365 2001 1421 civi-

340 1472 522 1522 tatem
554 1467 967 1522 advolavit:at
1012 1483 1227 1537 corpus
1285 1465 1346 1519 in
1406 1461 1646 1519 Perside
1703 1456 2007 1513 conditum

344 1561 649 1627 exspectat
665 1555 1029 1610 tremendam
1043 1562 1119 1622 ,et
1134 1560 1463 1610 extremam
1478 1547 2000 1608 resurrectionem,

342 1646 583 1717 quando
606 1662 726 1700 una
756 1661 892 1701 cum
924 1645 1205 1701 omnibus
1263 1647 1556 1715 resurget,
1591 1645 1650 1695 et
1676 1633 2003 1693 immortali

340 1736 557 1791 Christi
601 1736 702 1792 Dei
733 1735 919 1791 nostri
951 1752 1133 1805 regno
1167 1735 1533 1807 perfruetur.

2112 641 2203 699 διά
2252 649 2412 701 τοῦτο
2464 649 2753 709 πιάσαντες
2816 648 2973 703 αὐτὸν
3034 651 3087 704 oi
3166 652 3388 725 Πέρσαι,
3448 648 3771 710 ἐϐασάνισαν

2115 732 2359 808 ἰσχυρῶς
2427 737 2529 792 Καὶ
2588 737 2692 791 ἀπὸ
2748 740 2844 791 τοῦ
2902 735 3119 793 πολλοῦ
3169 737 3380 813 δαρμοῦ
3432 739 3659 818 ἐγένετο,
3692 744 3776 806 ὡς

2109 824 2321 897 νεκρὸς,
2384 824 2573 899 ὀλίγον
2634 827 2934 884 ἀναπνὲων.
2990 828 3093 883 Καὶ
3152 830 3404 902 κείμενος
3431 828 3616 903 ἤνοιξε
3644 834 3778 897 τοὺς

2114 910 2436 988 ὀφθαλμοὺς
2467 915 2655 984 αὐτοῦ,
2708 916 2797 971 καὶ
2855 920 2973 972 εἷπε
3029 918 3164 991 πρὸς
3198 918 3326 983 τοὺς
3357 923 3778 997 παρατυχόντας

2111 1001 2243 1058 ἐκεῖ·
2306 1004 2597 1080 Ἐγέρθητε
2680 1006 2771 1061 καὶ
2857 1010 3121 1078 ποιήσατε
3195 1010 3331 1086 πρὸς
3386 1012 3516 1067 Θεὸν
3575 1013 3774 1088 εὐχάς.

2113 1090 2231 1147 ἰδοὺ
2257 1094 2355 1167 γάρ
2389 1100 2579 1168 θεωρῶ
2640 1094 2841 1151 σκάλαν
2871 1099 3172 1174 φθάνουσαν
3233 1101 3311 1161 εἷς
3366 1100 3458 1155 τὸν
3521 1101 3783 1177 οὐρανὸν,

2110 1183 2197 1237 xui
2230 1182 2536 1259 πυροειδεῖς
2590 1183 2672 1240 ἐπ’
2719 1185 2887 1255 αὐτὴν
2940 1185 3132 1262 ἄνδρας
3191 1187 3451 1263 λέγοντάς
3497 1212 3611 1263 μοι·
3647 1192 3782 1249 Ἐλ-

2112 1272 2170 1335 0‘s
2230 1273 2347 1344 μεθ’
2398 1275 2584 1345 ἡμῶν,
2644 1274 2733 1329 καὶ
2792 1274 3164 1351 εἶσαγάγωμὲν
3223 1298 3281 1332 σε
3338 1278 3415 1340 εἰς
3473 1279 3637 1334 πόλιν
3684 1302 3786 1337 πε-

2111 1360 2488 1434 πληρωμένην
2537 1368 2713 1438 χαρᾶς
2768 1364 2858 1419 καὶ
2918 1365 3279 1442 εὐφοοσύνης,
3311 1369 3400 1422 xui
3445 1368 3645 1437 φωτός.
3678 1371 3786 1426 Καὶ

2111 1453 2279 1505 ταῦτα
2332 1450 2523 1521 εἷ’πὼν,
2599 1452 2898 1523 ἐξεπνευσεο
2976 1455 3067 1509 καὶ
3142 1458 3176 1524 ἡ
3257 1458 3353 1529 μὲν
3429 1456 3554 1534 ἁγία
3617 1458 3790 1516 αὐτοῦ

2113 1542 2266 1616 ψυχή
2324 1541 2553 1611 ἀνῆλθεν
2613 1543 2689 1607 εἰς
2742 1546 2843 1613 τὴν
2884 1545 2995 1598 ἅνω
3050 1545 3239 1613 πόλιν,
3285 1547 3462 1611 καθὼς
3495 1548 3780 1613 ἐθεᾶσατο.

2115 1631 2195 1687 Τὸ
2253 1627 2310 1685 δὲ
2368 1628 2625 1705 λείψανον
2685 1633 2849 1689 αὐτοῦ
2898 1636 3210 1691 κατάκειται
3242 1636 3293 1693 ἐν
3329 1637 3572 1714 Ηερσίδι,
3621 1639 3785 1695 ἐκδε-

2117 1719 2361 1795 χόμενον
2393 1722 2494 1791 τὴν
2546 1718 2780 1799 φοϐερὰν
2830 1724 2919 1779 xui
2957 1722 3271 1781 τελευταίαν
3321 1727 3631 1799 ἀναστασιν,
3680 1730 3779 1786 ὅτε

340 1825 430 1878 καὶ
493 1823 622 1879 αὐτὸ
683 1822 874 1897 μέλλει
930 1822 1221 1891 ἀναστῆναι
1287 1821 1422 1895 μετά
1480 1821 1720 1888 πάντων,
1779 1812 1870 1869 καὶ
1920 1807 2229 1865 ἀπολαῦσαι
2279 1815 2381 1879 τῆς
2436 1809 2701 1867 ἀθανάτου
2781 1812 3057 1888 βασιλείας
3132 1821 3373 1892 Χριστοῦ
3453 1823 3550 1874 τοῦ
3624 1824 3765 1875 Θεοῦ

342 1915 526 1986 ἡμῶψ

897 2032 1140 2088 EODEM
1172 2031 1315 2085 ΜΕΝ
1325 2030 1425 2086 SE.

982 2148 1085 2203 Die
1118 2147 1382 2203 secunda

348 2272 397 2325 4
455 2266 908 2325 Commemoratio
965 2270 1146 2322 sancti
1202 2267 1464 2351 achbeati
1521 2263 1793 2319 Philareti
1848 2262 2003 2317 Elec-

1009 2355 1336 2409 mosynaru.

411 2446 748 2516 Imperante
779 2444 1232 2516 religiosissima
1288 2444 1457 2498 Irene
1506 2439 1721 2496 claruit
1756 2438 1898 2505 iste;
1933 2454 2003 2491 ex

341 2533 584 2607 regione
621 2533 1041 2605 Paphlagoniae
1095 2538 1282 2595 ortus,
1317 2531 1529 2603 opibus
1564 2530 1805 2601 quidem
1861 2527 2002 2581 satis

347 2624 586 2696 amplis,
620 2640 767 2694 quas
800 2623 912 2677 sibi
967 2621 1080 2693 ipsi
1140 2620 1468 2677 laborando
1510 2623 1954 2691 comparaverat
1986 2634 1999 2683 ;

349 2715 452 2773 sed
483 2720 690 2788 postea
715 2715 1008 2770 diabolica
1037 2714 1259 2769 invidia
1288 2713 1361 2768 ad
1393 2712 1655 2783 inopiam
1704 2709 1999 2779 redactus,

346 2822 468 2861 non
492 2811 691 2861 tamen
716 2805 936 2860 idcirco
968 2804 1362 2875 eleemosynaa
1394 2802 1635 2859 oblitus.
1657 2802 1737 2855 Ex
1760 2817 1878 2855 uno
1897 2816 2003 2855 au—

346 2902 469 2952 tem
494 2896 905 2951 beneficentiae
965 2895 1095 2967 ejus
1132 2894 1404 2966 exemplo
1436 2895 1634 2965 palam
1667 2894 1788 2963 ﬁet,
1823 2909 2001 2965 quam

347 2985 688 3043 incredibili
713 2985 892 3040 fuerit
914 2988 973 3040 in
986 3003 1277 3058 pauperes
1295 2984 2005 3041 liberalitate.Aberrarat

351 3076 676 3148 aliquando
708 3075 885 3129 vicini
910 3076 999 3129 sui
1030 3075 1138 3129 bos
1186 3092 1198 3128 :
1254 3074 1354 3146 qui
1412 3074 1781 3129 Philaretum
1832 3072 2000 3140 adiit,

347 3167 695 3237 invenitque
726 3183 861 3221 eum
891 3166 952 3220 in
986 3165 1176 3238 agello
1204 3182 1307 3220 suo
1333 3164 1561 3236 junctis
1589 3164 1697 3219 sub
1722 3164 1865 3236 jugo
1899 3163 2002 3217 bo-

344 3256 458 3312 bus
491 3261 822 3312 sementem
852 3255 1190 3311 facientem.
1224 3258 1298 3309 At
1328 3254 1665 3310 Philaretus
1697 3253 2001 3309 hominem

2026 2014 2076 2080 B

2657 2021 2837 2078 MHNI
2875 2027 2961 2077 ΤΩ
3000 2024 3203 2079 ΛΥΤΩ.

2909 2145 2983 2199 B‘.

2222 2253 2427 2326 Μνήμη
2459 2257 2555 2308 τοῦ
2585 2253 2746 2329 ἁγίου
2770 2254 2877 2332 ,καὶ
2921 2256 3203 2332 μακαρίου
3235 2256 3545 2332 Φιλαρέτου
3575 2264 3675 2315 τοῦ

2770 2327 2930 2398 Ἐλεή
2943 2327 3133 2401 μονος.

2182 2437 2306 2494 Ἐπὶ
2365 2444 2465 2507 τῆς
2528 2437 2808 2514 βασιλείας
2868 2441 3107 2515 Εἰρήνης
3181 2449 3281 2511 τῆς
3382 2438 3783 2517 εὐσεϐεστάτης

2108 2523 2321 2603 γέγονεν
2356 2527 2537 2598 οὗτος,
2587 2529 2693 2585 ἀπὸ
2747 2533 2846 2595 τῆς
2894 2531 3083 2606 χώρας
3146 2531 3553 2610 Παφλαγονίας.
3590 2536 3779 2591 Πλού-

2112 2636 2226 2677 σιος
2260 2612 2316 2671 δὲ
2347 2611 2420 2670 ὥν
2451 2616 2509 2671 ἐκ
2536 2622 2633 2673 τοῦ
2690 2622 2937 2691 καμάτου
2992 2619 3177 2688 αὐτοῦ,
3211 2621 3315 2676 ὐπὸ
3346 2622 3547 2699 φθόνου
3581 2619 3779 2680 διαϐο-

2112 2706 2271 2761 λικοῦ
2302 2706 2617 2783 ἐπτώχευσε
2677 2710 2793 2781 μὲν
2852 2716 2953 2779 τῆς
3013 2708 3069 2765 δὲ
3126 2710 3507 2783 ἐλεημςσύνης
3557 2713 3656 2769 οὐκ
3685 2714 3786 2770 ἐπ’·

2111 2794 2356 2854 ελάθετο.
2435 2798 2570 2854 Ἀπὸ
2647 2798 2766 2863 ἐνὸς
2843 2797 2900 2854 δὲ
2974 2803 3321 2876 πράγματος,
3390 2801 3420 2857 6'
3494 2802 3770 2876 ἐποίησεν,

2112 2883 2354 2960 δείξομεν
2412 2887 2573 2943 αὐτὸν
2626 2888 2702 2951 εἷς
2760 2890 2933 2946 πάντα
2995 2889 3298 2964 ἐλεήμοναο
3338 2893 3609 2969 ’Λπὲτυχέ
3637 2916 3780 2950 ποτε

2108 2982 2206 3034 τοῦ
2255 2979 2495 3053 γείτονος
2545 2983 2711 3037 αὐτοῦ
2763 2984 2791 3037 6
2845 2984 2997 3058 βοῦς,
3048 2983 3138 3039 καὶ
3186 2985 3403 3055 ἀπῆλθε
3443 3008 3583 3061 προς
3615 2986 3775 3043 αὐτὸν

2112 3069 2139 3122 6
2190 3067 2408 3143 γείτων,
2453 3070 2541 3125 καὶ
2592 3070 2740 3146 εὗρεν
2796 3071 2955 3126 αὐτὸν
3004 3072 3079 3135 ei;
3141 3075 3202 3129 τὸ
3257 3077 3540 3154 χωράφιον
3602 3074 3779 3131 αὐτοῦ

2110 3156 2400 3232 σπείροντα
2448 3159 2583 3232 μετά
2630 3165 2726 3215 τοῦ
2789 3162 3075 3236 ζευγαρίου
3125 3163 3307 3219 αὐτοῦ·
3358 3166 3447 3221 καὶ
3500 3163 3631 3221 ἱδὼν
3686 3166 3788 3223 αὖ·

2112 3248 2201 3301 νὸν
2255 3246 2623 3322 λυπούμενον,
2684 3248 2845 3305 ἔλυσε
2896 3253 2959 3306 τὸ
3031 3249 3084 3307 ἓν
3142 3252 3374 3327 βοίδιον⁹
3431 3256 3519 3311 καὶ
3576 3250 3784 3312 ἔδωκεν

342 3362 596 3402 mcerore
627 3344 961 3400 confectum
1019 3345 1246 3411 videns,
1307 3343 1499 3398 soluto
1556 3344 1729 3414 eique
1780 3342 1994 3397 tradito

2116 3335 2283 3408 αὐτῷ.
2335 3337 2431 3393 Καὶ
2475 3337 2636 3402 αὐτὸς
2697 3339 2934 3414 ὑπερϐὰς
2981 3342 3073 3396 τὸν
3123 3343 3279 3417 ζυγὸν
3326 3346 3463 3418 μετά
3505 3349 3603 3400 τοῦ
3657 3346 3783 3410 ἑνὸς

2115 3424 2261 3441 ,κη-κ,
2420 3428 2434 3441 .
2494 3429 2583 3441 _.,
2735 3429 2749 3441 .
2870 3431 2882 3441 .
3012 3434 3036 3441 _
3235 3432 3249 3441 .
3326 3438 3351 3441 _
3438 3431 3537 3441 η-.
3648 3432 3688 3441 --
3761 3436 3778 3441 -

341 3435 526 3491 altero
559 3434 726 3496 bove.
759 3435 888 3506 ipse
912 3434 1125 3507 jugum
1184 3450 1318 3489 cum
1380 3433 1567 3489 altero
1603 3432 1865 3501 subiens,
1891 3432 1991 3487 do-

341 3542 506 3580 mum
540 3523 735 3579 rediit.
771 3526 958 3589 Quam
988 3525 1267 3579 virtutem
1301 3524 1456 3578 Deus
1488 3526 1998 3588 remuneraturus,

343 3613 558 3680 ell'ecit,
590 3613 1033 3685 utimperatrix
1097 3613 1340 3668 Mariam
1394 3612 1557 3666 illius
1606 3612 1791 3666 ﬁliam
1860 3612 2004 3665 Con-

343 3703 607 3758 stantino
642 3702 764 3757 filio
796 3719 901 3757 suo
934 3703 996 3756 in
1032 3701 1481 3757 matrimonium
1510 3700 1849 3755 collocaret.
1876 3701 1999 3765 Quo

339 3791 563 3847 factum
596 3796 704 3858 est,
729 3796 794 3845 ut
825 3791 955 3863 ejus
977 3790 1206 3846 familia
1236 3791 1423 3845 ditata
1474 3789 1673 3844 fuerit.
1710 3791 1842 3860 Ipse
1864 3806 1999 3844 vero

341 3881 697 3955 propensior
725 3880 787 3936 in
802 3896 1095 3952 pauperes
1118 3880 1392 3941 factus.et
1417 3895 1604 3950 usque
1625 3878 1698 3934 ad
1722 3883 1997 3934 senectu-

341 3975 463 4026 tem
493 3970 735 4037 ﬂorens,
770 3969 941 4039 obiit,
1001 3974 1060 4024 et
1110 3970 1173 4025 in
1231 3969 1464 4025 Criseos
1523 3969 1885 4025 monasterio
1913 3986 2002 4026 se-

341 4060 548 4132 pultus
582 4065 691 4117 est.

1005 4176 1227 4233 Eodem
1260 4177 1359 4233 die

482 4297 526 4353 5
563 4296 1013 4352 Commemoratio
1042 4299 1221 4352 sancti
1262 4297 1547 4367 propheta:
1568 4298 1849 4353 Habacuc.

412 4413 527 4468 Iste
552 4429 622 4468 ex
654 4412 810 4468 tribu
867 4413 1108 4467 Simeon
1137 4411 1250 4467 fuit
1305 4412 1379 4467 de
1439 4412 1677 4484 regione
1728 4412 1942 4470 Judaeaa
1976 4431 1989 4472 :

338 4502 712 4575 prOphetavit
734 4506 933 4557 autem
964 4502 1035 4557 de
1051 4501 1794 4573 captivitate,eteversione
1825 4505 1994 4559 Jeru-

342 4592 528 4646 salem
562 4591 946 4646 Hebraeorum
977 4591 1163 4655 urbis,
1197 4591 1389 4663 deque
1422 4591 1581 4647 cmde
1600 4608 1668 4647 ac
1712 4593 1991 4648 servitute

340 4679 721 4751 populi.Cum
749 4697 885 4735 vero
933 4680 1478 4736 Nabuchodonosor
1543 4682 1858 4738 Persarum
1888 4700 1992 4738 rex

344 4775 551 4823 contra
578 4767 905 4823 Jerusalem
927 4769 1288 4837 venisset,ad
1318 4775 1550 4825 exteras
1584 4775 1768 4825 terras
1798 4770 1985 4844 fugit;

343 4856 597 4913 etsimul
630 4873 698 4912 ac
744 4859 937 4911 Persae
968 4874 1291 4925 recessere,
1334 4863 1391 4913 et
1441 4859 1539 4930 qui
1576 4865 1990 4915 remanserant

338 4946 522 5001 Judaei
557 4946 617 5001 in
651 4948 957 5020 :Egyptum
982 4947 1441 5015 descenderunt,
1477 4948 1653 5003 rediit
1683 4955 1740 5004 et
1769 4949 1896 5021 ipse
1927 4948 1988 5004 in

340 5040 560 5091 terram
585 5052 772 5101 suam,
823 5040 882 5090 et
929 5037 1295 5092 messoribus
1343 5037 1517 5109 agelli
1566 5037 1987 5096 ministrabat:

340 5124 556 5196 quibus
588 5141 723 5180 cum
746 5125 1067 5197 aliquando
1100 5127 1415 5198 prandium
1440 5126 1991 5192 afferret,domesti-

339 5214 425 5270 cis
446 5215 569 5270 suis
600 5215 679 5270 ait
715 5231 727 5269 :
761 5217 878 5287 Ego
906 5216 1151 5288 longum
1214 5215 1348 5271 ineo
1394 5217 1549 5272 iter:
1582 5216 1631 5271 si
1689 5232 1826 5272 vero
1849 5216 1989 5272 lon-

337 5303 563 5378 giorem
614 5321 843 5359 moram
900 5308 1151 5372 traxere,
1204 5304 1568 5360 messoribus
1635 5322 1734 5360 vos
1792 5304 1990 5360 cibum

337 5392 583 5449 deferte.
622 5394 720 5449 His
752 5393 925 5448 dictis
957 5394 1029 5448 ab
1052 5394 1263 5463 angelo
1319 5394 1680 5466 Babylonem
1722 5394 1991 5450 sublatus

339 5487 449 5549 est,
478 5500 609 5553 qum
643 5483 849 5539 aberat
878 5482 1044 5539 mille
1076 5501 1359 5554 passuum
1392 5483 1512 5538 bis
1562 5490 1800 5539 centum
1834 5502 1994 5540 sexa-

340 5571 503 5640 ginta
534 5574 833 5644 quinque:
871 5572 1152 5644 deditque
1184 5574 1381 5628 cibum
1427 5573 1656 5630 Danieli
1689 5575 1991 5647 propheta)

340 5661 403 5714 in
426 5660 559 5716 lacu
592 5662 822 5717 incluso
852 5681 866 5718 :
893 5668 949 5716 et
984 5680 1190 5719 rursus
1238 5664 1484 5719 domum
1545 5664 1801 5731 delatus,
1840 5666 1990 5721 alte-

336 5765 473 5804 rum
505 5752 869 5807 messoribus
898 5753 1215 5823 prandium
1238 5754 1454 5827 attulit,
1490 5770 1552 5810 re
1582 5756 1808 5812 nemini
1839 5755 1989 5812 indi-

2114 3424 2355 3501 βοϊδίου,
2410 3428 2653 3499 ἀπῆλθεν
2707 3429 2781 3492 εἷς
2831 3431 2921 3485 τὸν
2978 3434 3129 3487 οἶκον
3190 3432 3377 3491 αὐτοῦ.
3438 3431 3587 3491 Ἰδὼν
3645 3432 3704 3490 δὲ
3751 3436 3786 3491 ὁ

2109 3515 2239 3580 Θεὸς
2292 3517 2392 3586 τήν
2450 3517 2647 3593 ἀρετὴν
2729 3519 2917 3588 αὐτοῦ,
2980 3520 3203 3591 ἐποίησε
3259 3523 3358 3591 τήν
3426 3522 3774 3598 βασίλισσαν,

2106 3607 2198 3661 καὶ
2256 3605 2427 3681 ἐπῆρε
2481 3608 2580 3678 τὴν
2644 3608 2869 3684 ἐκγόνην
2930 3609 3095 3666 αὐτοῦ
3148 3612 3361 3687 Μαρίαν
3420 3611 3635 3691 νύμφην
3696 3614 3782 3678 εἰς

2104 3697 2196 3751 τὸν
2257 3698 2371 3751 υἱὸν
2430 3696 2599 3768 αὐτῆς
2655 3705 3082 3760 Κωνσταντῖνον.
3140 3702 3237 3757 Καὶ
3271 3703 3377 3758 ἀπὸ
3406 3703 3531 3758 τότε
3567 3702 3778 3760 ἐπλού-

2104 3807 2263 3857 τησεν
2294 3789 2327 3856 ἡ
2358 3787 2510 3863 γενεά
2540 3788 2724 3844 αὐτοῦ.
2776 3789 2952 3853 Αὐτὸς
3006 3788 3063 3845 δὶ
3112 3790 3279 3847 ἐλεῶν
3324 3814 3453 3856 τους
3482 3793 3775 3870 πτωχοὺς,

2104 3875 2194 3930 xui
2252 3874 2487 3952 ῥογεύων
2552 3877 2720 3952 μέχρι
2771 3881 2979 3953 γήρως,
3037 3879 3282 3952 ἀπέθανε,
3342 3883 3435 3937 καὶ
3502 3881 3654 3954 ἐτέθη
3715 3882 3779 3938 ἐν

2102 3967 2172 4038 τῇ
2209 3968 2352 4039 μονῇ
2383 3968 2483 4031 τῆς
2516 3965 2777 4039 Κρίσεως.

2692 4179 2771 4250 Τῇ
2813 4176 2949 4251 αὖτῇ
2979 4177 3180 4252 ἡμέρᾳ-

2313 4290 2433 4359 Μνή
2448 4310 2521 4361 μη
2557 4293 2656 4344 τοῦ
2682 4288 2835 4364 ἀγίου
2875 4293 3168 4368 προφήτου
3201 4288 3547 4368 Ἀμϐακουμ.

2170 4403 2273 4460 Καὶ
2332 4404 2493 4467 οὗτος
2550 4404 2608 4461 ἐκ
2677 4408 2777 4475 τῆς
2833 4412 3017 4483 γενεᾶς
3071 4413 3170 4462 τοῦ
3226 4410 3460 4483 Συμεὼά
3516 4411 3783 4488 γέγονεν,

2097 4495 2204 4552 ἀπὸ
2231 4502 2333 4567 τῆς
2367 4497 2553 4573 χώρας
2604 4502 2712 4553 τῶν
2772 4496 3070 4556 Ἰουδαίων.
3132 4502 3514 4576 ἶῙροεφὴτευσε
3545 4499 3604 4557 δὶ
3635 4521 3767 4579 περὶ

2094 4592 2195 4655 τῆς
2247 4585 2629 4661 αἰχμαλωσία,
2709 4588 2800 4642 xui
2884 4596 3267 4665 καταστροφῆς
3332 4596 3431 4660 τῆς
3488 4592 3764 4667 Ἰερουσα-

2096 4674 2239 4750 λὴμ,
2298 4671 2516 4740 πόλεως
2571 4682 2680 4733 τῶν
2738 4675 3028 4753 Ἐϐραίων,
3089 4679 3179 4735 καὶ
3231 4688 3331 4751 τῆς
3390 4689 3620 4759 σφαγῆς,
3666 4684 3763 4738 xui

2097 4763 2345 4827 δουλείας
2375 4770 2473 4820 τοῦ
2506 4765 2661 4824 λαοῦ.
2712 4770 2842 4825 "Ore
2893 4766 2950 4823 δὲ
2999 4763 3514 4846 Ναϐουχοδονοσορ,
3548 4773 3576 4826 6
3610 4773 3768 4848 βασι-

2103 4853 2231 4915 λεὺς
2280 4859 2388 4909 τῶν
2467 4857 2688 4932 Περσῶν
2768 4856 2907 4927 ἦλθε
2988 4857 3124 4913 κατὰ
3205 4866 3306 4929 τῆς
3370 4859 3766 4935 Ἰερουσαλὴμ,

2100 4939 2375 5019 ἔφυγεκαῖ
2428 4943 2672 5014 ἀπῆλθεν
2730 4945 2807 5010 είς
2863 4948 3015 5019 ξένην
3061 4954 3189 5021 γῆν.
3249 4953 3335 5011 Ὠς
3394 4946 3452 5004 δὲ
3510 4950 3770 5026 ὑπέστρεο

2100 5036 2203 5108 ψαν
2248 5033 2299 5087 oi
2360 5034 2583 5110 Ιίέρσαι,
2637 5035 2727 5090 καὶ
2787 5036 2838 5089 οὶ
2900 5036 3288 5111 ἀπομείναντες
3346 5036 3601 5095 Ἰουδαῖοι
3631 5061 3767 5096 κατ-

2101 5116 2298 5191 ἐϐησαν
2358 5122 2435 5185 εἰς
2490 5121 2795 5199 Αἴγυπτον,
2854 5123 2995 5195 ἦλθε
3045 5126 3135 5180 xui
3194 5127 3356 5190 αὑτὸς
3418 5126 3495 5191 εἷς
3521 5128 3619 5197 τήν
3653 5136 3764 5203 γῆν

2100 5212 2284 5267 αὑτοῦ·
2361 5211 2450 5267 xui
2543 5209 2798 5269 ἐδούλευε
2898 5216 3167 5285 θερισταῖς
3239 5220 3337 5271 τοῦ
3442 5219 3761 5296 χωραρίου,

2098 5295 2304 5358 Ἐλαϐε
2353 5299 2410 5357 δὲ
2455 5303 2517 5357 τὸ
2563 5299 2776 5378 ἄριστον
2839 5304 3135 5381 ἀπαγαγεῖν
3184 5309 3304 5370 τοῖς
3349 5295 3640 5384 θερισταῖς,
3666 5309 3765 5363 καὶ

2100 5392 2218 5446 εἷπε
2274 5395 2392 5453 τοῖς
2457 5388 2623 5454 ἰδίοις
2681 5393 2868 5448 αὐτοῦ’
2932 5393 3075 5470 Ἐγὼ
3126 5394 3319 5469 ὑπάγω
3378 5397 3610 5470 μακράν
3671 5398 3769 5453 xui

2101 5479 2188 5536 ἐάν
2272 5479 2544 5555 βραδύνω,
2622 5482 2892 5557 κομίσατε
2968 5485 3176 5562 τροφὴν
3264 5490 3380 5548 τοῖς
3468 5487 3768 5561 θερισταῖς.

2100 5573 2278 5627 Ταῦτα
2328 5570 2515 5641 εἰπὼν,
2570 5572 2675 5627 ὑπὸ
2720 5570 2957 5648 ἀγγέλου
3024 5572 3268 5643 ἀπῆλθεν
3316 5573 3391 5636 εἷς
3439 5571 3762 5650 Βαϐυλῶνα,

2104 5660 2263 5734 μίλια
2320 5659 2568 5717 διακόσια
2626 5661 3068 5733 ἒξῃκονταπέντε,
3121 5663 3212 5718 καὶ
3266 5661 3436 5719 ἔδωκε
3488 5667 3588 5736 τήν
3633 5687 3772 5742 τρο-

2101 5755 2207 5831 φὴν
2282 5758 2364 5829 τῷ
2432 5756 2689 5834 προφήτῃ
2769 5752 2997 5830 Δανιὴλ,
3073 5754 3509 5834 ἐγκεκλεισμὲνφ
3571 5755 3624 5814 ἐν
3683 5764 3771 5834 τῷ
