4124 6446
378 436 496 504 189

1875 430 2325 495 DECEMBER.

3706 412 3828 478 190

378 571 586 645 λάκκῳ.
621 570 723 625 Καὶ
756 568 935 626 πάλιν
965 563 1190 647 ἔφθασε,
1230 569 1319 627 καὶ
1373 568 1677 642 ἀπεκόμισε
1732 572 1850 629 τοῖς
1911 577 2052 637 θερι-

2180 586 2319 638 cata.
2346 582 2490 638 Cum
2524 598 2656 637 vero
2684 584 2744 635 et
2794 577 2914 633 alia
2963 575 3153 632 multa
3198 570 3598 646 prmdixisset,
3660 568 3823 623 diem

392 668 536 725 σταῖς
558 658 751 738 ἕτερον
782 663 1040 736 ἄριστον,
1077 657 1271 734 μηδενὶ
1328 659 1497 714 εἰπὼν
1544 659 1608 713 τὸ
1636 656 1882 735 γεγονός.
1919 661 2065 730 [lpo-

393 753 657 833 αητεῦσας
689 750 751 808 δὲ
780 753 876 807 καὶ
904 750 1074 827 ’ἔτερα
1102 748 1310 823 πολλὰ,
1333 748 1654 820 ἐτελεύτησε
1681 750 1770 805 καὶ
1799 748 1991 825 ἐτάφη.

987 861 1076 933 Τῇ
1107 859 1243 933 αὖτῇ
1274 855 1478 934 ἡμέρᾳ.

611 967 893 1039 ’Ἀθλησις
922 971 1023 1024 τοῦ
1056 966 1219 1043 ἁγίου
1279 965 1551 1041 μάρτυρος
1598 959 1850 1022 Ἀϐίϐου.

481 1078 601 1136 Ἐπὶ
632 1084 733 1145 τῆς
768 1072 1059 1150 βασιλείας
1106 1072 1391 1129 Λικιννίου
1456 1075 1552 1127 τοῦ
1613 1070 1902 1148 βασιλέως,
1966 1070 2066 1125 ὑπ-

404 1178 579 1243 ῆρχεν
614 1165 774 1228 οὗτος
807 1162 1183 1231 ὃιάκονος,καί
1215 1159 1541 1224 διδάσκαλος
1572 1169 1673 1233 τῆς
1701 1166 1798 1216 106
1831 1163 2068 1236 Χριστοῦ

404 1255 767 1327 Ἐκκλησίας,
810 1252 1081 1309 διδάσκων
1141 1253 1344 1314 πάντας
1400 1250 1529 1313 τοὺς
1585 1246 2067 1326 προσερχομένους

404 1348 562 1419 αὐτῷ
591 1347 681 1401 τὸν
715 1345 886 1419 λόγον
914 1350 1016 1412 τῆς
1049 1339 1329 1412 ἀληθείας.
1386 1344 1557 1396 Τοῦτο
1617 1339 1803 1413 μαθὼν
1839 1340 1867 1393 ὁ
1903 1339 2068 1414 βασι-

403 1436 538 1499 λεὺς
591 1435 685 1491 καὶ
745 1431 1043 1509 ὀργισθεὶς,
1100 1430 1448 1499 ἀποστείλας,
1528 1428 1822 1504 ἐκράτησεν
1882 1427 2066 1495 αὐτὸν,

400 1526 498 1582 καὶ
542 1520 882 1580 ἐϐασάνισεν.
946 1520 1083 1580 Εἶτα
1138 1521 1343 1593 ἀναψας
1395 1519 1628 1593 κάμινον
1689 1518 1960 1596 μεγάλην,
2016 1515 2067 1571 ὲν

406 1616 546 1681 σῦτῆ
575 1609 852 1671 ἐνέϐαλεν.
881 1613 967 1669 Ἐν
998 1611 1035 1687 ᾖ
1064 1610 1155 1666 καὶ
1198 1608 1428 1683 ψάλλων
1488 1608 1579 1664 καὶ
1642 1608 1983 1684 εὐχαριστῶν
2041 1624 2070 1678 ὁ

411 1706 587 1780 ἅγιος,
617 1704 678 1758 τὸ
716 1699 880 1763 τέλος
910 1697 1150 1771 ἐδέξατο.
1176 1701 1271 1754 Ὃν
1327 1699 1380 1754 οἱ
1409 1698 1724 1774 Χριστιανοί
1755 1696 1934 1773 κρύφα
1965 1695 2069 1752 λα·

417 1790 617 1862 Βὸντες,
646 1792 739 1847 καὶ
776 1791 915 1864 μετά
947 1788 1135 1866 μύρων
1166 1789 1257 1845 καὶ
1306 1788 1668 1862 θυμιαμάτων
1729 1785 2070 1861 ἀλείψαντες,

415 1884 469 1941 ἂν
502 1882 745 1957 ψαλμοῖς
774 1882 866 1936 καί
896 1880 1114 1955 ὕμνοις,
1145 1878 1237 1935 καὶ
1293 1875 1464 1952 ᾠδαῖς
1518 1881 1908 1951 πνεῦματικαῖς
1939 1898 2070 1932 κατ-

406 1976 633 2044 έθηκαν,
668 1970 808 2045 μετά
842 1974 951 2027 τῶν
982 1968 1153 2045 ἁγίων
1204 1966 1573 2044 ὁμολογητῶν
1604 1967 1807 2045 Γουρία
1845 1965 1937 2022 καὶ
1968 1973 2070 2022 Σα-

402 2068 585 2138 μωνᾶ,
642 2065 755 2117 τῶν
813 2059 907 2116 τὸν
969 2062 1152 2133 θαῦμα
1207 2059 1557 2128 ποιησάντων
1584 2064 1686 2126 τῆς
1742 2058 1938 2133 κόρης,
1996 2056 2062 2127 ἢν

399 2156 430 2210 ὃ
461 2153 666 2215 Γὸτθος
696 2151 1001 2222 ἀπατήσας,
1053 2148 1143 2204 καὶ
1190 2148 1479 2219 πλανήσας
1537 2145 1609 2202 δι’
1673 2149 1852 2223 ὅρκων
1913 2146 2062 2224 ἔχειν

395 2248 658 2319 γυναῖκα,
687 2239 962 2309 πεποίηκε
1018 2235 1248 2310 δούλην,
1310 2238 1426 2293 εἶτα
1483 2238 1573 2293 καὶ
1631 2235 1684 2300 ἐς
1740 2239 1909 2312 τάφον
1965 2241 2065 2307 ζῶ-

395 2353 496 2388 σαν
530 2326 812 2387 ἐνέϐαλεν·
847 2326 975 2384 ἀλλ’
1033 2328 1186 2382 οὗτοι
1236 2329 1289 2382 οἱ
1346 2327 1515 2402 ἅγιοι,
1575 2324 1764 2397 ἐπειδὴ
1823 2325 2065 2405 ἡντιφώ-

2175 671 2342 741 obiit,
2372 677 2431 727 et
2461 671 2731 744 sepultus
2757 674 2867 725 est.

2816 849 3037 904 Eodem
3086 847 3181 902 die

2459 965 2508 1019 θ
2538 963 2825 1019 Certamen
2861 959 3036 1013 sancti
3060 955 3321 1023 martyris
3348 953 3535 1009 Abibi.

2246 1072 2470 1128 Licinio
2502 1071 2860 1141 imperatore
2884 1066 2995 1121 fuit
3016 1065 3126 1119 iste
3149 1063 3457 1128 diaconus,
3488 1058 3826 1130 Christique

2175 1161 2455 1219 Ecclesiae
2475 1160 2682 1215 doctor
2708 1175 2720 1212 :
2747 1158 2846 1228 qui
2870 1172 3005 1211 cum
3026 1169 3234 1209 omnes
3252 1152 3326 1206 ad
3373 1166 3435 1205 se
3475 1149 3828 1204 accedentes

2174 1252 2350 1308 verbo
2373 1249 2638 1305 veritatis
2661 1248 3006 1312 instrueret,
3032 1243 3107 1298 ad
3125 1243 3546 1312 imperatorem
3571 1236 3827 1304 delatus,

2177 1340 2615 1414 ejusquejussu
2632 1331 3238 1405 retentus,suppliciis
3256 1325 3827 1401 subjicitur.Deinde

2177 1433 2240 1488 in
2262 1446 2538 1504 magnam
2578 1429 2881 1483 fornacem
2916 1425 3225 1480 ardentem
3249 1420 3525 1492 injectus,
3562 1417 3645 1472 ibi
3668 1415 3829 1487 psal—

2177 1523 2330 1590 lens,
2365 1526 2422 1575 et
2444 1519 2662 1592 gratias
2715 1522 2831 1571 Deo
2883 1531 3082 1587 agens,
3128 1512 3308 1566 ﬁnem
3345 1508 3605 1579 accepit:
3650 1522 3827 1577 quem

2176 1612 2381 1667 furtim
2411 1607 2731 1664 Christiani
2764 1605 3089 1670 sublatum,
3120 1599 3562 1671 unguentisque
3596 1612 3664 1651 ac
3695 1595 3828 1665 thy-

2180 1699 2479 1758 miamatis
2512 1696 2866 1761 delibutum,
2926 1709 3061 1748 cum
3128 1689 3396 1762 psalmis,
3458 1684 3723 1758 hymnis,
3776 1686 3836 1738 et

2178 1789 2426 1847 canticis
2459 1785 2870 1860 spiritualibus
2902 1782 3270 1854 sepelierunt
3294 1794 3430 1833 cum
3449 1775 3669 1831 sanctis
3682 1790 3829 1829 con-

2177 1878 2506 1936 fessoribus
2539 1876 2716 1933 Guria
2737 1879 2795 1930 et
2824 1874 3102 1935 Samona,
3135 1886 3203 1925 eo
3244 1865 3534 1923 miraculo
3568 1862 3827 1936 insigni-

2101 1936 2148 2003 Β
2179 1970 2310 2038 bus,
2344 1964 2503 2039 quod
2535 1964 2759 2037 puella,
2791 1963 2886 2018 cui
2937 1960 3185 2017 Gotthus
3233 1956 3477 2029 quidam
3507 1955 3713 2026 jurata
3766 1952 3829 2006 in

2176 2056 2401 2131 templo
2433 2053 2776 2111 eorumdem
2836 2056 3179 2108 sanctorum
3233 2047 3349 2102 fide
3399 2059 3537 2101 suas
3588 2043 3832 2113 nuptias

2176 2146 2598 2222 spoponderat,
2631 2161 2768 2199 mox
2799 2142 3108 2215 deceptam
3131 2145 3189 2195 et
3218 2140 3280 2193 in
3334 2135 3677 2192 servitutem
3732 2149 3833 2189 re-

2176 2237 2433 2304 dactam,
2463 2235 2653 2290 vivam
2679 2234 2926 2304 insuper
2956 2231 3019 2286 in
3049 2228 3390 2302 sepulcrum
3418 2225 3727 2297 injecerat,
3797 2237 3834 2276 ο

2173 2332 2365 2384 morte
2386 2327 2715 2380 servarunt.

389 2443 567 2493 νησαν
605 2421 781 2489 αὐτὴν
809 2419 905 2490 (εἷς
934 2417 1034 2492 γὰρ
1064 2419 1154 2473 τὸν
1183 2417 1305 2473 ναὸν
1334 2416 1508 2472 αὐτῶν
1542 2417 1755 2491 ὥμοσεν
1781 2417 1809 2472 ὁ
1839 2418 2065 2490 Γότθος,
2094 2416 2185 2472 καὶ
2217 2414 2391 2476 οὕτως
2423 2407 2587 2470 ἔλαϐε
2609 2413 2710 2482 τὴν
2771 2409 2989 2485 κόρην),
3049 2407 3431 2482 ὲλυτρώσαντο
3484 2402 3654 2470 αὐτὴν
3713 2403 3818 2455 τοῦ

391 2513 535 2577 θανά
545 2531 658 2567 του.

953 2599 1130 2655 MHNI
1179 2600 1271 2679 To
1310 2603 1503 2678 ΔΥΤῼ.

1234 2720 1273 2770 Γ

512 2807 790 2877 ’Δθλησις
813 2807 911 2860 τοῦ
951 2802 1112 2880 άγίου
1146 2801 1634 2880 μεγαλομάἰρτυρος
1665 2801 1952 2881 Θεοδώρου

852 2910 1151 2967 ἐπισκόπου
1182 2908 1611 2987 Ἀλεξανδρείας.

480 3051 544 3109 Οἱ
576 3050 632 3104 έν
690 3044 1068 3121 Ἀλεξανδρείᾳ
1121 3053 1221 3117 τῆς
1281 3047 1559 3123 Αἰγύπτου
1612 3047 1909 3124 ἅνθρωποι,
1969 3049 2059 3105 καὶ

2738 2592 2978 2649 EODEM
3012 2591 3155 2645 ΜΕΝ
3165 2590 3266 2643 SE.

2854 2728 2956 2782 Die
2982 2728 3159 2782 tertia

2188 2867 2226 2919 7
2254 2864 2537 2920 Certamen
2556 2865 2735 2919 sancti
2758 2864 2951 2930 magni
2979 2862 3244 2931 martyris
3270 2860 3564 2927 Theodori,
3588 2861 3832 2930 episcopi

2809 2933 3207 2988 Alexandrini.

2248 3068 2620 3127 Alexandrina
2652 3069 2880 3141 Egypti
2911 3067 3190 3139 populus,
3220 3071 3279 3121 et
3313 3066 3611 3138 praecipue
3643 3067 3829 3123 Graeci

407 3140 649 3213 μάλιστα
679 3138 733 3192 οἱ
762 3135 1062 3207 ”Ελληνες,
1092 3135 1204 3205 καὶ,
1253 3136 1495 3207 ἄπιστοι,
1552 3137 1741 3212 πικροὶ
1797 3138 1885 3193 καὶ
1942 3137 2062 3193 δύσ-

2180 3177 2243 3215 ac
2264 3158 2850 3224 infldeles,adversus
2873 3164 3110 3213 sanctos
3134 3157 3267 3211 saevi
3286 3156 3827 3224 etcrudelesfuere.

399 3228 566 3286 κολοι
610 3230 703 3283 καὶ
763 3226 907 3300 ὠμοὶ
962 3226 1209 3300 ἐγένοντο
1266 3225 1342 3290 είς
1386 3228 1512 3289 τοὺς
1564 3229 1773 3304 ἁγίους,
1832 3229 1918 3284 καὶ
1977 3226 2066 3285 διὰ

396 3323 569 3376 τοῦτο
625 3318 715 3373 καὶ
774 3315 1025 3381 πολλοὺς
1085 3314 1364 3392 μάρτυρας
1415 3316 1827 3395 ἀπειργάσαντο.
1869 3319 1956 3390 Ἐξ
1988 3320 2062 3374 ὧν

403 3409 575 3486 ἁγίων
610 3406 901 3480 μαρτύρων
955 3405 1168 3481 ἐγένετο
1198 3406 1289 3461 καὶ
1347 3405 1506 3470 οὗτος
1563 3407 1591 3461 ὁ
1650 3407 1801 3483 ἅγιος
1856 3406 2061 3464 Θεόδω-

409 3516 527 3571 ρος.
560 3496 844 3561 Μαθόντες
911 3495 1017 3570 γὰρ
1077 3495 1107 3549 ὅ
1163 3498 1269 3550 τῶν
1332 3493 1732 3573 Ἀλεξανδρέων
1789 3496 1943 3567 λαὸς,
1977 3498 2061 3553 ὅτι

414 3587 567 3647 οὗτος
599 3586 808 3661 ὁᾶγιος
840 3582 1126 3659 Θεόδωρος
1183 3582 1451 3660 ὁμολογεῖ
1503 3585 1596 3641 τὸν
1657 3586 1912 3661 Χριστὸν,
1971 3588 2062 3642 καὶ

416 3672 649 3728 πιστεῦει
678 3674 754 3737 εἷς
786 3672 974 3743 αὐτὸν,
1004 3672 1095 3728 καὶ
1129 3670 1369 3728 διδάσκει
1424 3673 1553 3738 τοὺς
1606 3674 1883 3746 Ἕλληνας
1913 3670 2063 3751 ἔχειν

426 3763 587 3818 αὐτὸν
620 3763 761 3835 Θεὸν,
823 3764 958 3838 μετά
1014 3762 1238 3838 πικρίας
1303 3761 1636 3839 συνέδραμον
1688 3766 1823 3841 πρὸς
1876 3765 2059 3822 αὐτόν·

414 3853 506 3907 καὶ
591 3855 876 3917 πιάσαντες
947 3852 1132 3923 αὐτόν,
1185 3857 1402 3928 πρῶτον
1495 3853 1590 3927 μὲν
1648 3854 2063 3931 ἐτιμωρήσαντο

410 3940 682 4019 ῒσχυρῶς.
714 3943 940 3999 Ἔπειτα
992 3940 1283 4013 πλέξαντες
1342 3942 1597 4020 στέφανον
1686 3944 1737 4018 ἐξ
1794 3945 2062 4018 ἀκανθῶν,

408 4030 789 4110 ἐστεφάνωσαν
820 4031 1006 4089 αὐτόν·
1058 4031 1149 4087 καὶ
1180 4030 1407 4088 ἔτυπτον
1441 4032 1516 4096 είς
1570 4034 1698 4096 τοὺς
1741 4033 2061 4111 ὀφθαλμοὺς

403 4123 601 4193 αὐτοῦ,
660 4125 754 4178 καὶ
812 4120 1093 4199 διεγελᾶτο
1149 4123 1242 4179 καὶ
1301 4123 1630 4195 ένεπαίζετο.
1688 4127 1821 4182 Εἶτα
1891 4124 2063 4193 δεθεὶς

400 4210 606 4289 ἐρῥίᾳη
634 4211 685 4267 ἐν
716 4216 784 4286 τῇ
807 4212 1080 4288 θαλάσσῃ.
1111 4213 1213 4268 Καὶ
1277 4211 1327 4286 ἐξ
1386 4213 1550 4282 αὐτῆς
1620 4215 1780 4289 ὑγιὴς
1809 4215 2063 4288 ἐξελθὼν,

397 4303 471 4374 τῇ
513 4301 809 4377 προστάξει
863 4306 963 4357 τοῦ
1020 4303 1286 4376 ἄρχοντα,
1348 4301 1782 4380 ἀπεκεφαλίσθη.
1845 4306 1944 4363 Καὶ
2001 4306 2065 4362 τὸ

403 4394 506 4467 μὲν
551 4394 703 4466 ἱερὸν
761 4393 848 4448 καὶ
910 4395 1175 4470 μακάριον
1231 4394 1400 4450 αὐτοῦ
1456 4399 1668 4469 πνεῦμα
1722 4395 1955 4467 ἀνῆλθεν
1988 4399 2067 4457 εἷς

2175 3248 2366 3312 Quare
2397 3246 2689 3318 plurimos
2719 3246 2779 3300 in
2812 3262 2882 3300 ea
2937 3244 3084 3300 urbe
3124 3249 3416 3316 martyres
3447 3245 3779 3300 effecerunt
3809 3260 3823 3299 :

2177 3353 2249 3391 ex
2270 3352 2528 3407 quorum
2558 3352 2809 3390 numero
2842 3340 3084 3389 sanctus
3125 3334 3237 3389 iste
3267 3333 3632 3400 Theodorus,
3666 3333 3825 3406 quod

2169 3425 2474 3481 Christum
2505 3425 2909 3489 confiteretur,
2943 3428 3002 3477 et
3026 3424 3087 3477 in
3112 3423 3306 3494 ipsum
3329 3422 3617 3488 crederet,
3644 3423 3828 3494 quod-

2172 3531 2287 3586 que
2310 3516 2543 3570 Grzecos
2576 3511 3120 3573 doceret.eumdem
3140 3528 3246 3583 pro
3264 3512 3381 3566 Deo
3410 3511 3822 3578 habere,facto

2173 3605 2235 3659 in
2267 3620 2405 3658 eum
2422 3604 2670 3674 impetu,
2703 3602 3191 3673 comprehensus,
3227 3599 3640 3656 crudelissime
3662 3600 3824 3656 dila-

2174 3694 2375 3749 niatur
2408 3691 2660 3748 :deinde
2692 3696 2966 3747 contexta
2990 3690 3177 3761 spinis
3220 3706 3440 3745 corona
3486 3689 3663 3761 capiti
3695 3690 3827 3762 ejus

2174 3782 2476 3854 imposita,
2507 3781 2816 3852 oculisque
2857 3781 3112 3853 graviter
3141 3779 3428 3846 contusis,
3480 3781 3825 3836 scommatis

2173 3888 2281 3946 per
2302 3872 2509 3943 jocum
2541 3876 2599 3926 et
2634 3874 3043 3942 contemptum
3074 3869 3356 3925 irridetur
3387 3886 3401 3924 :
3434 3874 3560 3925 tum
3591 3870 3825 3925 vinctus

2173 3962 2236 4017 in
2265 3978 2430 4017 mare
2455 3961 2773 4034 projicitur
2804 3977 2818 4014 :
2850 3960 2955 4016 sed
2985 3960 3124 4015 inde
3181 3959 3498 4016 incolumis
3545 3959 3825 4027 evadens,

2165 4050 2343 4123 jussu
2365 4050 2629 4122 praefecti
2661 4050 2994 4105 decollatur
3025 4067 3038 4105 :
3071 4050 3245 4121 cujus
3300 4065 3469 4105 sacer
3497 4047 3826 4119 beatusque

2175 4138 2420 4212 spiritus
2449 4139 2630 4196 caelos
2658 4139 2931 4195 ascendit
2966 4155 2980 4205 ;
3013 4142 3074 4193 at
3112 4138 3389 4210 pretiosa)
3447 4137 3720 4208 reliquias
3763 4137 3825 4191 in

2175 4228 2380 4284 eadem
2414 4228 2560 4284 urbe
2584 4227 2957 4284 Alexandriae
2985 4227 3293 4298 deposita,
3316 4226 3738 4283 accedentibus
3752 4226 3827 4281 ad

2175 4317 2339 4389 ipsas
2378 4335 2567 4390 usque
2600 4317 2663 4372 in
2694 4322 3051 4390 praesentem
3083 4317 3240 4373 diem
3281 4316 3620 4372 curationes
3650 4318 3831 4372 emit-

2179 4412 2337 4464 tunt.

393 4483 534 4545 τοῦς
566 4482 848 4571 οὐρανούς·
872 4484 935 4539 τὸ
966 4481 1023 4538 δὲ
1051 4484 1237 4555 τίμιον
1272 4482 1533 4559 λείψανον
1563 4486 1825 4557 κατετέθη
1859 4487 1912 4543 ἒν
1944 4489 2082 4566 αὐτῇ
2112 4496 2183 4567 τῇ
2213 4495 2376 4550 πόλει
2406 4492 2833 4571 Ἀλεξανδρείας,
2890 4492 3130 4567 παρέχον
3187 4497 3303 4554 τοῖς
3353 4491 3826 4567 πρόσερχομένοις

396 4574 552 4645 αὐτῷ
580 4574 788 4646 ἰάματα
815 4569 919 4636 ἓως
944 4578 1041 4629 τοῦ
1098 4577 1216 4632 νῦν,

1010 4664 1096 4736 Τῇ
1115 4660 1252 4736 αὖτῇ
1275 4658 1458 4738 ἡμέρᾳ

476 4753 689 4824 Mari..qu
748 4756 844 4806 106
892 4750 1052 4827 ἁγίου
1108 4751 1198 4806 καὶ
1242 4748 1477 4831 ,ἒνδόξου
1524 4755 1815 4831 προφήτου
1876 4762 1986 4811 Σο·

1130 4823 1345 4899 φονίου.

478 4930 579 4988 Καὶ
612 4931 779 4994 οὗτος
808 4930 836 4984 ὁ
887 4927 1064 5003 ἅγιος,
1103 4929 1213 5010 ,καὶ
1278 4927 1494 5002 ἔνδοξος
1530 4935 1822 5010 προφήτης
1884 4942 2059 5013 Σοφο-

400 5020 523 5083 νίας
557 5021 619 5076 ἐκ
670 5023 769 5075 τοῦ
799 5020 993 5094 γένους
1049 5020 1116 5088 ἦν
1167 5022 1266 5073 τοῦ
1325 5020 1578 5093 Συμεὼν,
1632 5026 1729 5077 τοῦ
1786 5023 1912 5077 υἱοῦ
1966 5028 2064 5079 τοῦ

395 5112 754 5189 πατριάρχου
836 5104 1060 5180 Ἰακὼϐ,
1122 5107 1363 5190 ἀδελφοῦ
1421 5109 1479 5166 δὲ
1525 5116 1624 5167 τοῦ
1704 5113 1911 5190 Ἰωσὴφ
1968 5119 2065 5171 τοῦ

394 5201 713 5277 παγκάλου.
802 5202 982 5255 Βοιῶν
1043 5197 1103 5254 δὲ
1155 5200 1219 5255 τὸ
1300 5199 1522 5275 θέλημα
1601 5207 1700 5257 τοῦ
1757 5208 1916 5276 Θεοῦ,
1972 5206 2063 5260 καὶ

392 5293 771 5366 πορευόμενος
828 5289 883 5344 έν
940 5293 1063 5351 ταῖς
1120 5287 1374 5352 ἐντολαῖς
1431 5289 1624 5360 αὐτοῦ,
1656 5289 1871 5363 ἐδέξατο
1926 5314 2063 5370 προ-

391 5380 615 5459 φητείας
699 5383 980 5457 χάρισμα,
1067 5376 1160 5433 καί
1274 5381 1651 5454 προεφήτευσε
1759 5382 1884 5457 περὶ
1967 5391 2066 5454 τῆς

386 5471 668 5544 ἁλώσεως,
752 5470 848 5526 καὶ
941 5467 1278 5544 ἐρημώσεως
1361 5476 1462 5538 τῆς
1527 5470 1919 5546 Ἰερουσαλὴμ,
1973 5475 2065 5529 καὶ

378 5565 500 5641 περί
555 5568 659 5621 τοῦ
717 5559 948 5630 τέλους,
1033 5556 1124 5614 καὶ
1183 5558 1308 5634 περὶ
1384 5565 1487 5628 τῆς
1541 5560 1892 5624 καταλύσεως
1953 5568 2065 5620 τῶν

374 5653 681 5713 Ἰουδαίων⁹
746 5650 842 5709 καὶ
908 5646 997 5704 ὅτι
1057 5646 1554 5723 ἐξολοθρευθέντων
1617 5654 1723 5704 τῶν
1773 5646 2064 5727 Ἑϐραίων,

360 5750 649 5829 γενήσεται
683 5737 1029 5822 περιούσιος
1092 5734 1229 5801 λαὸς
1285 5740 1384 5793 τοῦ
1451 5741 1588 5793 Θεοῦ
1617 5737 1667 5814 ἐξ
1725 5738 1914 5795 έθνῶψ
1973 5729 2067 5801 καὶ

2093 4672 2140 4737 D

2818 4673 3041 4731 Eodem
3071 4674 3169 4730 die

2173 4764 2219 4819 8
2277 4762 2737 4821 Commemoratio
2786 4766 2964 4837 sancti
3017 4770 3071 4820 et
3117 4764 3347 4835 gloriosi
3396 4764 3684 4837 prophetae
3714 4765 3827 4820 So-

2872 4836 3116 4906 phoniae.

2244 4945 2358 4998 Iste
2390 4948 2631 4999 sanctus
2664 4944 3024 5016 etgloriosus
3047 4945 3339 5016 propheta
3368 4944 3720 5017 Sophonias,
3754 4962 3825 5001 ex

2173 5032 2332 5087 tribu
2364 5032 2627 5097 Simeon,
2682 5033 2787 5087 filii
2844 5034 3197 5105 patriarchas
3249 5034 3448 5103 Jacob,
3504 5035 3825 5105 fratrisque

2172 5122 2560 5193 pulcherrimi
2590 5122 2830 5193 Ioseph,
2861 5123 3063 5177 omnia
3084 5122 3187 5178 Dei
3220 5123 3502 5179 mandata
3541 5124 3820 5194 implens,

2174 5212 2314 5266 etin
2336 5212 2650 5282 praeceptis
2682 5212 2811 5283 ejus
2870 5212 3207 5281 ambulans,
3240 5212 3565 5284 prophetiaa
3597 5212 3821 5268 donum

2173 5300 2419 5372 accepit.
2452 5299 2832 5370 Prophetavit
2861 5306 3060 5355 autem
3083 5299 3155 5355 de
3186 5300 3578 5365 eversione,et
3598 5298 3825 5353 desola-

2177 5388 2900 5459 tionelerusalem,deque
2923 5386 3775 5444 exterminationeJuJaaorum
3804 5405 3819 5454 ;

2176 5477 2743 5551 quodque,Hebrasis
2755 5476 3000 5532 omnino
3015 5474 3596 5547 rejectis,peculiaris
3611 5474 3711 5528 Dei
3727 5491 3826 5545 po-

2176 5568 2352 5640 pulus
2373 5584 2445 5623 ex
2471 5566 2747 5640 gentibus
2770 5566 3077 5638 eligendus
3109 5570 3284 5630 esset,
3306 5580 3440 5619 cum
3464 5579 3695 5619 summo
3715 5564 3822 5619 im-

2175 5659 2411 5731 piorum
2425 5657 2715 5713 dedecore
2728 5654 3819 5727 etprobro,summaquejustorumglo-

2176 5749 2266 5806 ria
2279 5748 2595 5815 ethonore;
2610 5745 2769 5817 quod
2790 5744 3031 5800 demum
3044 5743 3313 5799 Christus
3328 5743 3613 5800 Dominus
3625 5744 3821 5801 omnis
