4124 6444
286 417 396 478 191

1608 413 2037 477 MENOLOGII
2080 412 2282 474 PARS
2326 411 2373 473 Ι.

3585 414 3700 475 192

287 553 530 625 spiritus
551 553 741 625 judex
761 569 981 625 rexque
1002 552 1589 624 futurus,unicuique
1604 551 1936 608 secundum

2058 544 2194 601 ἔσται
2235 545 2472 622 αἰσχύνη
2538 547 2634 621 μὲν
2687 551 2795 603 τῶν
2856 541 3089 618 ἀσεϐῶν,
3151 544 3278 617 δόξα
3339 544 3397 603 δὲ
3446 551 3554 603 τῶν
3616 545 3700 604 δι-

289 659 470 714 opera
501 643 629 713 ejus
660 642 1063 697 retributurus
1094 644 1189 697 sit.
1222 644 1355 697 Haec
1415 643 1614 713 itaque
1646 658 1782 697 cum
1832 641 1932 695 So-

289 731 543 802 phonias
573 732 964 803 praedixisset,
998 737 1269 786 mortuus
1302 738 1409 794 est,
1446 732 1691 803 ejusque
1724 746 1940 800 corpus

295 820 460 875 domi
490 838 609 875 sum
642 820 974 892 depositum
1008 827 1305 893 exspectat
1329 827 1652 875 extremam
1673 835 1936 874 resurre-

301 910 577 963 clionem.
611 910 1139 982 JoanniTheologo
1194 911 1389 982 efﬁgie
1444 926 1512 965 ac
1560 908 1941 964 lineamentis

295 1000 563 1069 corporis
588 1004 713 1054 erat
756 1000 1121 1067 simillimus,
1157 1001 1271 1055 nisi
1328 1000 1485 1071 quod
1545 999 1640 1053 hic
1673 1003 1938 1053 mentum

292 1088 469 1159 paulo
502 1088 817 1145 rotundius
845 1090 1118 1145 habebat.

946 1269 1167 1324 Eodem
1200 1268 1294 1324 die

590 1360 638 1413 9
673 1359 1120 1415 Commemoratio
1150 1359 1333 1415 sancti
1371 1360 1655 1415 Theoduli.

372 1477 622 1533 Sanctus
653 1478 993 1533 Theodulus
1024 1494 1092 1532 ex
1139 1477 1327 1550 Cypro
1379 1478 1594 1544 insula,
1627 1496 1657 1533 ει
1691 1478 1947 1549 pueritia

296 1567 548 1621 remisso
580 1566 760 1621 rebus
790 1567 969 1640 hujus
1000 1566 1201 1621 saeculi
1232 1567 1467 1634 nuntio,
1519 1567 1817 1622 Christum
1876 1584 1947 1621 ex

294 1660 419 1711 tota
449 1657 650 1711 anima
680 1657 1049 1728 complexus,
1078 1656 1407 1711 monachus
1440 1656 1727 1712 efﬁcitur:
1751 1662 1948 1712 tanto—

298 1762 413 1815 que
446 1746 813 1817 paupertatis
843 1747 1081 1813 Christi,
1114 1746 1594 1818 humilitatisque
1634 1746 1828 1801 studio
1860 1752 1941 1800 te-

296 1834 780 1901 nebatur,utloco
802 1835 1003 1890 mollis
1015 1835 1260 1907 straguli
1272 1836 1447 1901 ,saxis
1463 1836 1947 1906 uteretur,iisque

298 1924 613 1994 impositus
645 1941 921 1979 somnum
944 1930 1199 1996 caperet.
1227 1926 1318 1980 Sic
1341 1924 1523 1998 igitur
1546 1925 1734 1979 multa
1765 1925 1946 1980 conti-
1978 1929 2021 1991 B

298 2014 524 2081 nentia,
576 2013 863 2084 humique
913 2014 1118 2069 cubitu
1150 2032 1366 2087 corpus
1395 2031 1732 2082 maceraus,
1758 2015 1951 2071 multa

293 2102 411 2159 alia
441 2102 777 2175 spiritualia
833 2103 992 2159 dona
1040 2105 1299 2176 accepit;
1352 2109 1480 2159 tum
1522 2104 1673 2159 illud
1703 2105 1943 2176 potissi-

294 2210 480 2261 mum,
512 2197 579 2248 ut
607 2193 875 2248 omnium
913 2194 1225 2249 hominum
1256 2195 1643 2266 cogitationes
1673 2193 1950 2263 introspi-

293 2284 670 2347 ceret.Quare
704 2283 754 2337 si
786 2283 921 2353 quis
952 2282 1041 2337 illi
1074 2283 1249 2338 aliter
1277 2289 1456 2354 atque
1488 2284 1739 2338 sentiret
1758 2282 1950 2354 prolo‘

292 2370 957 2444 queretur,objurgabat
970 2377 1195 2440 eum,et
1215 2372 1508 2443 quidquid
1527 2373 1576 2427 is
1590 2373 1791 2428 animo
1807 2389 1946 2427 con-

291 2460 1087 2532 cepisset,exponebat.Quin
1102 2462 1280 2517 etiam
1303 2462 1616 2517 stultitiam
1632 2462 1944 2533 simulans,

292 2551 767 2621 uniuscujusque
798 2567 979 2621 opera
998 2550 1494 2622 reprehendebat,
1527 2551 1601 2607 ad
1652 2552 1945 2623 poeniten-

296 2640 439 2694 tiam
470 2644 813 2709 peccatores
840 2645 1210 2695 convertens.
1257 2641 1522 2712 Cumque
1556 2641 1639 2696 ita
1683 2642 1943 2709 vixisset,

298 2727 638 2798 multosque
668 2726 935 2783 moribus
979 2734 1158 2799 atque
1212 2729 1483 2785 doctrina
1538 2735 1848 2798 servasset,
1882 2731 1944 2786 in

299 2832 444 2887 pace
464 2815 995 2888 decessit,ejusque
1022 2818 1291 2888 reliquim
1324 2819 1385 2873 in
1417 2818 1607 2891 Cypro
1639 2819 1941 2891 deposita),

295 2905 634 2961 curationes
666 2906 998 2962 effundunt.

854 3092 1097 3147 EODEM
1126 3093 1270 3147 MEN
1278 3093 1378 3149 SE.

946 3182 1047 3236 Die
1108 3187 1319 3253 quarta

476 3291 576 3345 10
601 3288 883 3346 Certamen
913 3297 1117 3346 sanctae
1146 3291 1428 3361 Barbara),
1475 3294 1759 3362 martyris.

368 3416 583 3473 Sancta
597 3416 1208 3491 Barbara,martyr,ex
1222 3419 1460 3477 Oriente
1472 3419 1605 3490 fuit,
1628 3419 1751 3475 ﬁlia
1773 3419 1940 3475 Dios-

293 3508 413 3565 cori
428 3507 740 3580 cujusdam
751 3508 1011 3579 gentilis,
1022 3510 1386 3581 temporibus
1399 3510 1567 3583 impii
1581 3509 1944 3582 imperatoris

291 3598 652 3654 Maximiani.
686 3599 918 3653 Veritus
946 3603 1146 3654 autem
1173 3600 1301 3671 ejus
1349 3606 1536 3672 pater,
1572 3616 1646 3655 ne
1696 3600 1822 3655 ﬁlia
1869 3599 1942 3654 ob

295 3686 573 3740 eximiam
606 3684 855 3740 formam
884 3692 1213 3757 raperetur,
1248 3687 1310 3742 in
1340 3687 1793 3743 altissimaturri
1817 3703 1853 3742 a
1881 3702 1944 3741 se

297 3773 550 3828 excitata
568 3771 731 3826 illam
747 3771 1296 3844 inclusit,deditque
1310 3774 1361 3828 ei
1374 3774 1688 3845 idola,quaa
1701 3774 1943 3830 coleret.

300 3860 519 3913 Verum
542 3858 649 3912 illa
685 3859 955 3915 contritis
984 3860 1183 3928 idolis,
1208 3861 1421 3916 Christi
1454 3878 1656 3917 amore
1679 3863 1945 3928 incensa,

297 3948 470 4003 illum
485 3947 960 4004 adorabat.Unde
980 3949 1157 4005 etiam
1171 3966 1301 4004 cum
1326 3950 1605 4006 balneum
1626 3952 1947 4023 patermdi-

300 4038 488 4105 ﬁcari,
521 4053 824 4108 unamque
855 4039 918 4093 in
968 4055 1035 4093 eo
1065 4039 1390 4095 fenestram
1424 4041 1551 4095 ﬁeri
1573 4041 1758 4097 fabris
1779 4057 1944 4096 man-

299 4127 520 4193 dasset,
554 4127 684 4199 ipsa
713 4132 850 4199 post
868 4127 1053 4200 patris
1085 4128 1440 4196 discessum,
1473 4148 1503 4186 e
1532 4131 1681 4186 turri
1714 4132 1946 4203 prospi-

299 4217 608 4283 ciens,tres
633 4218 850 4289 aperiri
868 4217 1349 4291 fenestrasjussit
1378 4221 1438 4275 in
1469 4221 1712 4276 nomine
1734 4221 1947 4290 Patris,

301 4312 361 4361 et
389 4306 601 4375 Filii,et
635 4307 886 4379 Spiritus
920 4309 1131 4364 sancti.
1160 4311 1404 4383 Cognita
1461 4311 1640 4383 igitur
1692 4328 1727 4367 a
1758 4316 1947 4382 patre,

300 4396 458 4466 quod
490 4397 826 4453 Christiana
844 4399 1304 4470 esset,praafecto
1328 4401 1659 4472 torquenda
1673 4401 1945 4457 traditur.

300 4486 521 4541 Deinde
549 4494 785 4560 arrepta
813 4488 963 4562 fugai
980 4491 1382 4559 occasione,in
1406 4497 1668 4547 montem
1691 4509 1751 4546 se
1766 4491 1951 4563 prori-

298 4577 848 4649 puitzquampater
878 4579 1004 4649 ipse
1050 4586 1329 4635 contento
1389 4598 1566 4636 cursu
1617 4586 1945 4644 assecutus,

2045 634 2236 690 καίων·
2321 636 2410 691 καὶ
2470 638 2751 711 γενήσεται
2798 637 2992 711 κριτὴς
3062 636 3152 691 καὶ
3214 636 3469 712 βασιλεὺς
3526 637 3704 707 πάσης

2043 733 2220 795 πνοῆς
2279 726 2509 799 Χριστὸς
2560 728 2587 781 ὁ
2644 726 2864 798 Κύριος,
2921 724 3011 780 καὶ
3070 723 3445 781 ἀνταποδώσει
3496 725 3703 798 ἑκάστῳ

2043 816 2181 869 κατά
2226 816 2295 870 τὰ
2350 812 2483 889 ἔργα
2527 815 2713 873 αὐτοῦ.
2768 816 2942 876 Οἰτος
3008 816 3141 888 μετᾶ
3196 816 3259 870 τὸ
3316 816 3490 870 πάντα
3536 820 3705 870 ταῦτα

2045 909 2440 982 προφητεῦσαι,
2492 903 2801 969 ἀποθανὼν,
2861 902 3029 978 ἐτάφη
3092 904 3141 958 ἐν
3194 908 3273 975 τῷ
3322 906 3454 977 οἴκῳ
3510 906 3699 959 αὐτοῦ·

2045 994 2135 1049 καὶ
2192 993 2502 1049 κατάκειται
2554 994 2615 1047 τὸ
2678 997 2837 1065 σῶμα
2921 994 3112 1063 αὐτοῦ,
3180 991 3545 1066 ἐκδεχόμενον
3600 995 3700 1062 την

2045 1083 2361 1140 τελευταίαν
2422 1084 2730 1139 ἀνάστασιν.
2780 1084 2880 1136 Ἦν
2966 1080 3022 1137 δὲ
3078 1082 3277 1155 ὅμοιος
3336 1083 3561 1159 Ἰωάννῃ
3623 1088 3702 1156 τῷ

2048 1172 2329 1247 Θεολόγῳ·
2367 1173 2560 1247 μικρὸν
2587 1173 2650 1228 τὸ
2679 1174 2882 1246 γένειον
2918 1172 3401 1249 στρογγυλώτερον
3454 1168 3625 1248 ἔχων.

2645 1263 2728 1334 Τῇ
2757 1260 2893 1334 αὖτῇ
2925 1262 3109 1335 ἡμέρᾳ

2440 1352 2554 1420 Μνή
2568 1371 2643 1423 μη
2668 1353 2767 1403 τοῦ
2799 1348 2954 1403 ὀσίου
2985 1345 3317 1406 Θεοδούλου.

2120 1451 2181 1507 Ὀ
2211 1448 2357 1511 ὅσιος
2389 1445 2695 1512 Θεόδουλος
2724 1450 2945 1522 γέγονεν
2979 1448 3084 1503 ἀπὸ
3116 1447 3339 1520 Κύπρου
3370 1456 3468 1520 τῆς
3510 1451 3701 1523 νήσου,

2048 1536 2325 1595 παιδιόθεν
2360 1534 2417 1593 δὲ
2444 1538 2535 1592 τὸν
2560 1538 2766 1610 κόσμον
2796 1536 3135 1607 καταλιπὼν,
3166 1537 3256 1592 καὶ
3313 1538 3403 1592 τὸν
3467 1541 3700 1612 Χριστὸν

2048 1630 2335 1704 ἀγαπήσας
2366 1628 2472 1682 ἀπὸ
2527 1630 2735 1701 ψυχῆς,
2770 1625 2976 1700 ἐγένετο
3037 1626 3416 1701 μοναχός.Καὶ
3446 1626 3705 1683 τοσοῦτον

2047 1723 2144 1774 τοῦ
2176 1720 2412 1792 Χριστοῦ
2441 1718 2540 1785 την
2572 1717 2847 1791 πτωχείαν
2880 1717 3251 1791 ἠγάπησε,καὶ
3293 1719 3391 1787 την
3441 1718 3701 1773 ταπείνωο

2051 1807 2252 1875 σιν,καῖ
2274 1807 2375 1875 τήν
2409 1806 2820 1878 ἁκτημοσύνην,
2856 1805 2995 1861 ὥστε
3023 1805 3140 1860 ἀντὶ
3198 1804 3532 1881 στρωμάτων
3560 1807 3701 1862 ἀπα-

2198 1895 2381 1959 λίθους
2416 1894 2691 1972 ἕχειν,καὶ
2724 1895 2778 1951 ἐν
2805 1896 2994 1961 αὐτοῖς
3048 1895 3496 1962 ἐπαναπαύεσθαι·
3557 1896 3703 1953 οὕτω

2057 1984 2114 2041 δὲ
2142 1983 2531 2041 καταδαπανῶν
2563 1986 2624 2040 τὸ
2656 1990 2815 2058 σῶμα
2844 1984 3009 2040 αύτοῦ
3039 1985 3145 2040 ἀπὸ
3182 1993 3283 2056 τῆς
3341 1986 3559 2056 πολλῆς
3616 1987 3704 2062 ἐγσ-

2053 2076 2302 2152 κρατείας
2360 2078 2450 2131 καὶ
2495 2083 2595 2145 τῆς
2635 2075 2937 2149 χαμευνίας
2988 2074 3205 2147 ἐδέξατο
3268 2077 3358 2133 καὶ
3392 2078 3706 2154 χαρίσματα

2054 2168 2412 2239 πνευματικά.
2466 2166 2567 2223 Καὶ
2624 2171 2840 2241 πρῶτον
2904 2168 3152 2242 χάρισμα
3204 2167 3266 2222 τὸ
3314 2169 3707 2241 προγινώσκειν

2053 2259 2268 2313 πάντων
2326 2260 2434 2311 τῶν
2488 2256 2791 2330 ἀνθρώπιον
2851 2256 2981 2318 τοὺς
3043 2254 3381 2331 λογισμούς.
3417 2258 3538 2314 Ἐὰν
3597 2259 3704 2334 γάρ

2051 2369 2134 2410 τις
2168 2344 2475 2422 προσῆλθεν
2506 2345 2675 2417 αύτῷ,
2710 2344 2854 2401 ἄλλα
2884 2345 3002 2401 ἀντὶ
3033 2345 3217 2402 ἄλλων
3280 2345 3478 2422 λέγων,
3532 2345 3707 2424 ἤλεγ-

2052 2456 2151 2512 χεν
2182 2434 2397 2505 αὐτοὺς,
2429 2434 2519 2490 καὶ
2575 2436 2637 2490 τὸ
2684 2434 2997 2512 ἀπόκρυφον
3058 2440 3154 2491 τοῦ
3214 2435 3490 2511 λογισμοῦ
3539 2437 3706 2493 αὐτοῦ

2053 2526 2232 2601 ἔλεγεν
2318 2525 2485 2598 αὐτῷ’
2577 2527 3065 2601 σχηματισάμενος
3123 2524 3181 2581 δὲ
3245 2528 3418 2600 ἑαυτῷ
3477 2528 3708 2603 μωρίαν,

2051 2615 2293 2691 ἤλεγχεν
2344 2616 2571 2670 ἑκάστου
2627 2616 2723 2677 τὰς
2781 2615 3019 2687 πράξεις,
3081 2616 3170 2670 καὶ
3220 2615 3514 2693 ἐπέστρεφε
3569 2622 3709 2691 πρὸς

2055 2707 2364 2778 μετάνοιαν.
2398 2703 2557 2762 Οὕτω
2592 2704 2817 2779 βιώσας,
2849 2705 2938 2759 καὶ
2976 2702 3230 2767 πολλοὺς
3262 2707 3441 2771 σώσας
3470 2704 3561 2761 διὰ
3605 2711 3705 2762 τοῦ

2047 2795 2279 2865 τρόπου,
2308 2793 2398 2849 καὶ
2452 2800 2554 2863 τῆς
2610 2790 2963 2856 διδασκαλίας
3024 2793 3209 2863 αὐτοῦ,
3268 2794 3321 2850 ἐν
3351 2795 3544 2870 εῒρήνῃ
3600 2795 3703 2851 ἀπο

2050 2882 2221 2948 ἑθανε,
2254 2883 2352 2939 Καὶ
2382 2882 2535 2954 ἐτέθη
2598 2883 2661 2939 τὸ
2719 2881 2976 2957 λείψανον
3037 2883 3205 2939 αὐτοῦ
3262 2884 3313 2940 ἐν
3363 2889 3433 2960 τῇ
3470 2884 3700 2961 Κύπρῳ,

2053 2972 2217 3049 βρύον
2252 2972 2475 3047 ἰάματα.

2605 3092 2789 3148 MHNI
2830 3094 2922 3169 Τῼ
2960 3094 3159 3171 ΑΥΤῼ.

2259 3277 2527 3349 ’Άθλησις
2555 3281 2651 3349 τῆς
2681 3198 3151 3357 ἁγίαςΛμᾶρτυρος
3184 3277 3484 3357 Βαρϐάρας.

2121 3412 2185 3467 Ἦ
2218 3409 2340 3487 ἁγία
2369 3410 2574 3485 μάρτυς
2612 3403 2864 3487 Βαρϐάρα
2921 3405 3131 3484 ἐγένετο
3193 3411 3299 3466 ἀπὸ
3353 3418 3453 3483 τῆς
3486 3414 3705 3470 Ἀνατο-

2052 3499 2182 3570 λῆς,
2215 3498 2453 3575 θυγάτηρ
2485 3498 2782 3573 Διοσκόρου
2836 3498 2985 3562 τινὸς
3035 3499 3337 3574 Ἕλληνος,
3383 3501 3471 3557 ἐπὶ
3530 3503 3703 3574 Maii-

2056 3593 2251 3663 μιανοῢ
2279 3592 2377 3643 τοῦ
2407 3586 2727 3663 παρανόμου
2763 3587 3055 3664 βασιλέως.
3087 3591 3147 3647 Ὀ
3180 3587 3236 3645 δὲ
3287 3592 3466 3664 πατὴρ
3508 3592 3697 3663 αὐτῆς,

2055 3676 2144 3733 διὰ
2173 3678 2235 3733 τὸ
2268 3678 2401 3733 εἶναι
2432 3676 2599 3746 αὐτὴν
2634 3674 2933 3755 εὔμορφον,
2995 3677 3081 3734 ἵνα
3134 3681 3211 3753 μή
3243 3679 3458 3756 ἁρπάσῃ
3492 3701 3573 3743 τις
3604 3680 3704 3736 αύ-

2050 3774 2172 3839 την,
2205 3767 2435 3839 ἐποίησε
2458 3767 2666 3843 πύργον
2727 3768 2961 3841 ὑψηλὸν,
3017 3770 3107 3824 καὶ
3166 3764 3480 3826 ἀπέκλεισεν
3537 3772 3705 3843 αὐτην

2054 3858 2107 3913 ἐν
2160 3858 2326 3931 αὐτῷ·
2388 3858 2479 3913 καὶ
2536 3852 2734 3912 ἔδωκεν
2796 3857 2934 3933 αὐτῇ
2990 3859 3081 3913 καὶ
3140 3856 3488 3930 εἷ’διυλα,ἳνα
3535 3883 3709 3936 προσ-

2052 3952 2210 4024 κυνῇ.
2245 3947 2458 4020 Ἐκείνη
2520 3944 2599 4017 δὲ,
2654 3947 2721 4002 τᾶ
2778 3944 2982 4003 ε’ίδωλα
3034 3950 3387 4024 συντρίψασα,
3445 3951 3537 4005 τὸν
3570 3954 3710 4027 Χρι-

2057 4041 2180 4094 στὸν
2205 4038 2409 4107 ἐπόθει,
2443 4037 2533 4093 καὶ
2567 4034 2802 4095 ἐσέϐετο.
2838 4041 2923 4112 Ἐξ
2957 4039 3019 4094 οὗ
3077 4039 3167 4094 καὶ
3227 4038 3458 4115 λουτρὸν
3486 4042 3707 4112 κτίζον-

2053 4150 2146 4191 τος
2170 4133 2268 4184 τοῦ
2298 4129 2503 4204 πατρὸς
2536 4128 2729 4198 αὐτῆς,
2759 4127 2849 4183 καὶ
2889 4126 3283 4201 διαταξαμένου
3341 4135 3458 4194 τοῖς
3516 4132 3710 4207 τεχνί-

2053 4238 2171 4280 ταις
2236 4216 2360 4291 μίαν
2420 4214 2613 4291 θυρίδα
2668 4223 2918 4287 ποιῆσαι,
2994 4218 3460 4293 ὑποχωρήσαντος
3520 4220 3710 4291 αὐτοῦ,

2055 4305 2230 4377 ἐκείνη
2264 4306 2372 4361 ἀπὸ
2419 4310 2516 4361 τοῦ
2571 4306 2786 4382 πύργου
2842 4305 3225 4379 παρακύψασα,
3284 4314 3432 4384 τρεῖς
3488 4308 3711 4384 θυρίδας

2058 4396 2334 4467 διετάξατο
2391 4396 2661 4472 γενέσθαι,
2718 4394 2794 4457 εἷς
2846 4395 2909 4451 τὸ
2963 4391 3141 4468 ὄνομα
3170 4402 3267 4452 τοῦ
3328 4400 3560 4474 Πατρὸς,
3619 4403 3711 4457 καί

2054 4491 2151 4543 τοῦ
2182 4487 2334 4555 Υὶοῦ,
2395 4487 2484 4540 καὶ
2544 4489 2641 4539 τοῦ
2701 4486 2855 4560 ἁγίου
2911 4483 3248 4558 Πνεύματος.
3309 4492 3715 4564 Διαγνωσθεῖσα

2060 4577 2154 4631 οὗν
2184 4575 2332 4650 παρά
2369 4579 2467 4630 τοῦ
2524 4575 2727 4649 πατρὸς
2789 4573 2865 4636 ὠς
2924 4577 3244 4650 Χριστιανὴ,
3301 4576 3571 4651 παρεδόθη
3634 4586 3714 4653 τῷ

297 4665 554 4735 propriis
577 4665 852 4719 manibus
885 4666 1235 4735 decollavit;
1267 4669 1370 4724 sed
1396 4686 1531 4725 cum
1556 4687 1586 4725 e
1621 4674 1823 4725 monte
1856 4669 1945 4724 de-

2060 4665 2314 4743 ἄρχοντι,
2344 4664 2435 4719 καὶ
2467 4662 2813 4738 ἐτιμωρήθη.
2876 4665 3004 4721 Εἶτα
3063 4670 3324 4742 φυγοῦσα,
3376 4668 3607 4739 ἀνῆλθεν
3637 4670 3718 4736 εἰς

296 4755 628 4821 scenderet,
661 4754 901 4826 delapso
936 4773 967 4811 e
999 4757 1146 4812 cmlo
1174 4758 1306 4830 igne
1332 4759 1744 4833 conﬂgravit.

2052 4755 2116 4810 τὸ
2146 4751 2294 4830 ὅρος.
2331 4753 2429 4809 Καὶ
2455 4750 2818 4829 καταδραμὼν
2852 4752 3020 4822 αὐτὴν
3054 4754 3082 4808 ὁ
3140 4757 3321 4831 πατὴρ
3375 4758 3569 4829 αὐτῆς,
3624 4761 3718 4815 καὶ

294 4842 485 4917 εὑρὼν,
521 4841 749 4904 οἷ’κείαις
782 4844 968 4917 χερσῖν
1014 4844 1399 4923 ἀπεκεφάλισε.
1453 4846 1862 4923 Κατερχὸμενος
1923 4842 1982 4900 δὲ
2067 4843 2129 4899 ἐκ
2178 4848 2277 4899 τοῦ
2333 4841 2519 4919 ὄρους,
2567 4844 2801 4913 κατεκάη
2866 4843 2970 4897 ὑπὸ
3028 4845 3197 4919 πυρὸς
3254 4843 3313 4900 ἐκ
3352 4851 3447 4901 τοῦ
3476 4849 3721 4921 ούρανοῦ

294 4929 671 4997 κατελθόντος.

869 5056 1109 5111 EODEM
1143 5056 1375 5111 MENSE

977 5163 1080 5218 Die
1102 5164 1313 5235 quinta

410 5271 506 5324 11
549 5269 1000 5326 Commemoratio
1029 5275 1207 5327 sancti
1235 5275 1418 5329 Patris
1448 5275 1622 5330 nostri
1657 5275 1840 5331 Sabae.

365 5378 694 5433 Theodosio
720 5379 962 5434 Juniore
994 5380 1325 5450 imperante
1357 5381 1573 5437 claruit
1593 5382 1690 5437 hic
1714 5386 1954 5437 sanctus

294 5467 544 5525 Saba,ex
557 5468 796 5540 regione
810 5468 1443 5540 Cappadociae,.loanne
1456 5477 1514 5526 et
1529 5470 1746 5543 Sophia
1757 5476 1952 5527 natus.

301 5560 346 5609 A
369 5557 561 5627 prima
583 5565 780 5613 autem
814 5565 986 5615 aetate
1014 5561 1461 5631 parentibus,et
1486 5562 1710 5619 mundo
1740 5564 1958 5618 valedi.

303 5661 469 5709 cens,
500 5647 665 5715 abiit,
698 5654 756 5703 et
776 5650 1105 5705 monachus
1137 5652 1329 5707 factus
1359 5657 1468 5707 est.
1520 5652 1632 5708 Sed
1662 5654 1959 5724 majorum

304 5734 721 5807 certaminum,
753 5739 1119 5813 majorisque
1147 5741 1380 5798 virtutis
1409 5741 1607 5801 studio
1654 5742 1959 5816 incensus,

2629 5048 2809 5106 num
2839 5050 2929 5126 Τῼ
2961 5052 3161 5128 mra.

2311 5285 2522 5358 Μνήμη
2553 5288 2651 5339 τιιῦ
2683 5285 2840 5340 οσίου
2863 5286 3075 5362 Πατρὸς
3106 5288 3268 5361 ἡμῶν
3295 5284 3466 5349 Σάϐα.

2141 5384 2265 5441 Ἐπὶ
2319 5387 2420 5449 τῆς
2480 5381 2758 5459 βασιλείας
2818 5382 3110 5441 Θεοδοσίου
3171 5390 3266 5441 τοῦ
3337 5394 3552 5463 Μικροῦ
3605 5388 3722 5466 ἐγέ.

2066 5493 2185 5529 νετο
2253 5474 2412 5537 οὗτος
2468 5474 2497 5528 ὁ
2549 5474 2701 5549 όίγιος
2759 5468 2959 5541 Σάϐας,
3019 5475 3125 5529 ἀπὸ
3172 5482 3272 5545 τῆς
3324 5476 3515 5553 χώρας
3571 5486 3724 5535 Καπ-

2067 5562 2353 5633 παδοκίας,
2388 5565 2504 5626 υἱὸς
2544 5564 2797 5622 Ἰωάννου
2826 5563 2916 5618 καὶ
2982 5565 3205 5642 Σοφίας⁸
3272 5569 3467 5641 μικρὸς
3526 5566 3584 5624 δὲ
3642 5568 3720 5628 ὢν

2070 5647 2146 5708 ἔτι
2177 5654 2277 5723 τὴν
2308 5651 2554 5723 ἡλικίαν,
2579 5650 2895 5708 καταλιπὼν
2926 5653 3017 5707 καὶ
3056 5654 3185 5718 τοὺς
3245 5661 3427 5731 γονεῖς
3480 5658 3567 5713 καὶ
3628 5659 3722 5714 τὸν

2070 5743 2302 5821 κόσμον,
2362 5742 2639 5819 ἀπελθὼν,
2724 5741 2934 5821 εγενετο
2995 5744 3259 5823 μοναχός.
3310 5748 3627 5823 Ἐπιθυμῶν
3662 5747 3729 5808 δὶ
