4124 6444
435 400 561 463 193

1945 397 2259 463 DECEMB
2270 403 2394 466 ER.

3757 417 3869 478 194

428 536 725 594 πλειώνων
761 534 1014 610 ἀγώνων,
1057 532 1150 591 καὶ
1185 534 1433 610 μείζονος
1490 532 1710 609 ἀρετῆς,
1768 530 1981 602 ἀπῆλθε
2006 533 2099 587 καὶ

2216 537 2289 592 ad
2323 555 2605 611 magnum
2630 542 3011 614 Euthymium
3044 560 3105 600 se
3138 546 3409 613 contulit,
3446 563 3614 619 aquo
3648 548 3709 603 in
3745 567 3869 605 mo-

432 627 515 690 εἷς
543 626 639 682 τὸν
667 626 838 701 μεγαν
880 625 1191 698 EBG-Summ
1250 625 1355 681 Καὶ
1382 626 1510 700 παρ’
1569 623 1776 679 ἐκείνου
1833 622 2104 695 πέμπεται

437 718 520 783 εἷς
545 719 610 772 τὸ
641 715 793 771 κάτω
818 718 1213 791 μοναστήριον,
1245 716 1382 791 πρὸς
1408 715 1501 770 τὸν
1548 715 1702 790 ἅγιον
1764 712 2107 769 Θεόκτιστον.

441 808 545 867 Καὶ
586 810 852 862 τοσοῦτον
884 806 1197 883 ἠγωνίσατο
1239 805 1313 867 είς
1368 804 1588 881 ἀρετὴν,
1623 802 1764 859 ὣστε
1824 803 1901 876 μὴ
1939 801 2109 875 μόνον

450 904 666 967 νικῆσαι
696 894 903 957 πάντας
957 894 1089 958 τοὺς
1146 894 1501 970 μονάζοντας,
1571 892 1717 949 ἀλλᾶ
1762 892 1853 947 καὶ
1908 891 2112 965 γνώρι-

454 1009 552 1063 μος
578 980 823 1060 γενέσθαι
852 989 971 1050 τοῖς
1004 982 1315 1061 βασιλεῦσιν
1347 981 1686 1055 Ἀναστασίῳ
1733 981 1826 1036 καὶ
1882 982 2108 1035 Ἰουστι-

450 1081 637 1149 νιανῷ.
694 1076 794 1131 Καὶ
859 1075 963 1154 γὰρ
1020 1074 1112 1131 καὶ
1170 1075 1246 1138 εἷς
1292 1073 1492 1136 αὐτοὺς
1539 1070 1818 1141 ἀπεστάλη
1885 1070 2110 1145 μεσίτης

446 1167 599 1242 παρὰ
670 1170 781 1222 τῶν
834 1170 1198 1242 πατριαρχῶν
1254 1162 1678 1240 Ἱεροσολύμων.
1736 1159 1995 1222 Πολλοὺς
2054 1155 2112 1214 δὲ

444 1255 672 1327 διδάξας
707 1257 809 1325 τὴν
865 1255 1088 1331 ἀρετήν,
1119 1253 1208 1310 καὶ
1273 1252 1463 1310 πολλὰ
1515 1252 1856 1326 μοναστήρια
1911 1270 2107 1319 συστη-

444 1348 706 1419 σάμενος,
755 1344 847 1399 καὶ
923 1345 1172 1417 θαύματα
1225 1342 1323 1399 οὐκ
1374 1342 1537 1419 ὀλίγα
1588 1338 1977 1417 ἐργασάμενος,
2035 1338 2110 1400 ὡς

439 1435 538 1491 καὶ
569 1432 719 1511 ὕδωρ
766 1440 866 1504 τῆς
894 1437 995 1509 γῆς
1050 1432 1349 1509 ἐξαγαγεῖν,
1409 1428 1915 1508 ὀγδοηκονταπέντε
1974 1425 2107 1482 ἐτῶν

437 1526 765 1600 γενόμενος,
795 1525 934 1599 πρὸς
967 1523 1163 1599 Κύριον
1193 1520 1546 1597 ἐξεδήμησεν.

1010 1643 1191 1721 MllNI
1223 1643 1311 1719 re
1343 1642 1547 1717 ΑΥΤῼ.

457 1877 651 1948 Μνήμη
682 1879 783 1930 τοῦ
813 1875 971 1930 ὁσίου
1004 1874 1212 1948 Ιῐστρὸς
1245 1875 1407 1946 ἡμῶν
1447 1867 1767 1948 Νικωλάου,
1816 1865 2108 1944 ἆρχιεπισ-

877 1949 1054 2002 κόπου
1094 1942 1301 2022 Μύρων
1325 1948 1422 2014 τῆς
1454 1942 1676 2004 Λυκίας.

524 2065 648 2121 Ἐπὶ
712 2071 815 2135 τῆς
869 2062 1148 2139 βασιλείας
1204 2067 1303 2119 τοῦ
1359 2060 1616 2138 Μεγάλου
1700 2055 2102 2116 Κωνσταντίνου

445 2152 661 2230 ἐγένετο
691 2153 851 2216 οὗτος
892 2153 920 2207 ὁ
983 2152 1151 2229 μέγας
1205 2149 1494 2227 ἀρχιερεὺς
1546 2150 1636 2205 καὶ
1695 2147 2103 2222 θαυματουργὸς

444 2242 746 2305 ἐπίσκοπος
800 2244 882 2307 είς
930 2243 999 2298 τὰ
1053 2241 1211 2318 Μύρα
1268 2241 1490 2302 Λυκίας
1550 2239 1815 2315 πρότερον
1872 2235 2102 2311 γενόμε-

441 2354 538 2397 νος
592 2334 863 2408 μοναχὸς,
920 2331 1011 2387 καὶ
1062 2331 1249 2388 πολλὰ
1289 2330 1695 2408 ἀγωνισάμενος
1751 2327 1827 2390 είς
1880 2325 2099 2402 ἀρετήν.

444 2424 601 2479 Ἐπεὶ
664 2421 722 2477 δὲ
779 2422 1073 2486 ἐπίσκοπος
1129 2420 1543 2499 προεχειρίσθη,
1601 2416 1789 2474 πολλᾶ
1856 2415 2102 2489 θαύματα

441 2511 727 2583 ἐποίησεν·
786 2511 1132 2587 ἠλευθέρωσε
1189 2509 1247 2566 δὲ
1302 2510 1393 2566 καὶ
1450 2514 1596 2585 τρεῖς
1651 2507 1845 2581 ἄνδρας
1902 2505 1960 2560 ἐκ
2004 2509 2101 2560 τοῦ

441 2603 704 2658 θανάτου·
792 2599 1229 2675 ἐλοιδορήθησαν
1288 2600 1389 2676 γὰρ
1450 2598 1624 2669 οὗτοι,
1670 2598 1760 2653 καὶ
1818 2593 2101 2662 ἐδέθησαν,

438 2694 532 2748 καὶ
575 2690 815 2766 ἔμελλον
877 2691 1390 2769 ἆποκεφαλῖζεσθαι.
1443 2688 1602 2746 Ἀλλ’
1658 2687 1818 2749 αὐτὸς
1876 2683 2102 2759 ἔδραμε,

436 2784 533 2839 καὶ
567 2783 835 2857 ἐκράτησε
884 2782 946 2837 τὸ
1004 2794 1252 2851 σπαθιον,
1302 2782 1392 2836 καὶ
1449 2779 1645 2855 ἐπῆρεν
1694 2776 1826 2832 αὐτὸ
1881 2775 1942 2831 ἐκ
1996 2779 2104 2829 τῶν

440 2878 650 2950 χειρῶν
678 2877 776 2927 τοῦ
823 2869 1054 2944 δημίου,
1094 2872 1184 2927 καὶ
1210 2868 1473 2926 ἀπέλυσεν
1503 2867 1717 2931 αὐτοὺς.
1754 2865 1857 2922 Καὶ
1900 2862 2104 2919 ἄλλοτε

439 2963 610 3019 πάλιν
640 2959 1079 3036 ἐλοιδορήθησαν
1104 2960 1267 3017 ἄλλοι
1287 2965 1433 3036 τρεῖς
1459 2959 1532 3023 εἰς
1560 2958 1654 3014 τὸν
1691 2954 1915 3032 βασιλέα
1946 2960 2104 3010 Κων-

449 3058 725 3107 σταντῖνον
767 3052 873 3107 ὑπὸ
927 3056 1029 3107 τοῦ
1086 3049 1329 3127 ἐπάρχου
1380 3042 1707 3115 Ἀϐλαϐίου,
1757 3047 1832 3110 ὡς
1877 3038 2106 3099 ἐπίϐου-

450 3140 679 3213 λοι,καὶ
715 3140 1152 3212 ἀπεκλείσθησαν
1213 3140 1288 3203 εἷς
1343 3140 1406 3195 τὸ
1462 3139 1824 3214 πραιτώριον.
1886 3133 1984 3189 Καὶ
2015 3131 2105 3188 ὅτε

442 3229 685 3304 ἔμελλον
752 3232 1249 3300 ἀποκεθαλισθῆναι
1286 3274 1300 3299 ,
1360 3226 1731 3304 παρεκάλεσαν
1800 3225 1891 3280 τὸν
1952 3224 2104 3299 ἅγιον

441 3321 748 3379 Νικόλαον.
782 3319 880 3377 Καί
908 3320 1076 3390 ἦλθεν
1110 3319 1162 3376 ἐν
1213 3315 1757 3375 Κωνστατινουπόλει
1790 3315 1844 3371 ἐν
1903 3313 2101 3388 ὀνείρῳ

446 3410 537 3465 καὶ
569 3409 913 3485 παρήγγειλε
941 3414 1023 3482 τῷ
1057 3407 1295 3484 βασιλεῖ,
1330 3408 1421 3464 καὶ
1476 3412 1557 3481 τῷ
1586 3406 1840 3484 ἐπάρχῳ,
1891 3411 1980 3465 καὶ
2004 3407 2078 3462 ἆπ

448 3499 640 3555 ἐλυσαν
670 3499 887 3562 αὐτοὺς.
917 3499 1021 3557 Καὶ
1050 3497 1196 3556 ἄλλα
1224 3496 1410 3555 πολλὰ
1439 3499 1688 3573 θαύματα
1743 3502 1999 3571 ποιήσας,
2034 3498 2086 3554 ἐν

466 3596 510 3651 εἶ.
520 3599 652 3672 ρήνῃ
681 3597 996 3669 ἒτελείώθη.

979 3718 1159 3774 MHNI
1215 3722 1299 3794 τᾳ
1359 3719 1560 3797 ΔΥΤῼ.

1252 3834 1301 3887 Ζ,

449 3949 663 4021 Μνῖςμη
693 3953 790 4004 τοῦ
819 3948 973 4005 ὁσίου
1009 3949 1218 4025 Πατρὸς
1266 3952 1426 4022 ἡμῶν
1485 3944 1847 4025 Ἀμϐροσίου,
1882 3948 2103 4006 ἐπισκό-

1009 4060 1115 4094 που
1158 4036 1534 4096 Μεδιολάνιυν.

513 4152 852 4231 Ἀμερόσιος
908 4158 937 4210 ὁ
990 4157 1299 4229 θαυμαστὸς
1355 4155 1563 4231 ἐγένετο
1612 4157 1670 4212 ἐκ
1727 4165 1826 4226 τῆς
1878 4158 2098 4227 πόλεως

431 4248 685 4321 Ῥώμης,
719 4249 1104 4322 συγκλητικὸς,
1137 4247 1225 4303 ἐπὶ
1281 4252 1391 4302 τῶν
1452 4249 1668 4323 χρόνων
1696 4252 1805 4303 τῶν
1839 4249 1968 4302 υἱῶν
2000 4251 2098 4303 τοῦ

431 4336 698 4414 Μεγάλου
744 4344 1183 4406 Κωνσταντινου,
1229 4337 1604 4394 Κωνσταντίου
1668 4337 1757 4392 καὶ
1817 4337 2096 4392 Κώνσταν-

429 4448 555 4489 τος.
592 4427 693 4481 Διά
724 4424 783 4481 δὲ
810 4429 907 4497 τὴν
940 4425 1161 4495 πολλὴν
1193 4427 1358 4482 αὐτοῦ
1415 4428 1610 4502 ἀρετήν
1666 4427 1758 4482 καὶ
1817 4423 2097 4482 δικαιοσύ-

432 4538 560 4587 νην,
595 4514 913 4588 ἐπίσκοπος,
956 4516 1162 4592 ἐγένετο
1221 4514 1598 4574 Μεδιολάνων·
1655 4517 1746 4572 καὶ
1814 4513 2094 4591 διήρκεσεν

434 4604 546 4669 ἓως
575 4612 684 4662 τῶν
720 4608 933 4683 χρόνων
960 4612 1057 4662 τοῦ
1118 4608 1373 4682 Μεγάλου
1433 4608 1744 4666 Θεοδοσίου.
1799 4611 1976 4678 Ζῆλον
2038 4606 2096 4671 δὲ

438 4696 592 4773 ἔχων
621 4698 821 4767 θεῖκὸν,
852 4696 943 4753 καὶ
972 4696 1254 4772 ἐλευθέραν
1314 4700 1522 4774 ψυχὴν,
1557 4696 1647 4753 ὅτε
1704 4698 1812 4753 εἶδε
1864 4699 1955 4754 τὸν
1990 4699 2095 4755 Με-

436 4808 543 4862 γαν
572 4783 861 4842 Θεοδόσιον
906 4784 1284 4863 πικρανθέντα,
1342 4789 1430 4844 καὶ
1491 4787 1889 4844 ἀποστείλαντα
1935 4809 2097 4863 στραο

434 4875 555 4946 τὸν,
586 4877 678 4931 καὶ
710 4876 979 4953 σφάξαντα
1001 4876 1093 4930 τὸν
1150 4875 1201 4931 ἐν
1262 4876 1634 4951 Θεσσαλονίκῃ
1694 4875 1850 4950 λαὸν,
1908 4875 2096 4947 ἐπειδὴ

435 4960 696 5020 ἔπταισαν
737 4966 816 5030 εἰς
844 4966 939 5021 τὸν
972 4963 1225 5042 βασιλέα,
1257 4967 1369 5022 εἶτα
1430 4964 1662 5023 ἐλθόντα
1710 4965 1787 5029 εἷς
1846 4969 1946 5037 τήν
1976 4968 2099 5043 ὲορ⁴

432 5054 538 5123 τήν
563 5056 670 5111 τῶν
718 5058 968 5133 Χριστοῦ
1001 5057 1231 5130 γέννων,
1277 5054 1369 5111 ἵνα
1426 5054 1731 5131 είσοδεύσῃ,
1792 5057 1882 5112 καὶ
1940 5053 2099 5127 εὔξη-

430 5167 543 5219 ται,
572 5148 659 5203 καί
693 5147 1017 5220 κοινωνήσῃ
1048 5149 1155 5199 τῶν
1186 5145 1475 5222 ἆχράντων
1511 5147 1846 5222 μυστηρίων,
1889 5144 2101 5202 ἐκώλυ-

436 5257 521 5293 σεν
551 5237 730 5311 αὐτὸν,
764 5238 857 5294 καὶ
918 5234 1026 5291 οὐκ
1080 5233 1281 5313 ἀφῆκεν
1343 5235 1604 5301 εἰσελθεῖν
1665 5237 1742 5299 εἰς
1797 5236 1861 5292 τὸ
1923 5239 2097 5311 βῆμα,

432 5327 610 5401 εἰπὼν,
643 5330 728 5386 ὅτι
764 5326 1012 5393 Φονὲας,
1062 5323 1152 5377 καὶ
1195 5323 1433 5398 μάλιστα
1485 5327 1763 5384 τοσούτων
1796 5326 2096 5404 ὁμοφύλων

422 5420 785 5498 Χριστιανῶν,
822 5421 860 5489 ἡ
899 5410 1210 5483 Ἐκκλησία
1237 5418 1334 5469 τοῖ’)
1365 5420 1500 5470 Θεοῦ
1531 5416 1593 5471 οὐ
1625 5413 1865 5491 δὲχεται.
1899 5418 2007 5474 Τὸν
2042 5414 2101 5473 δὲ

416 5513 562 5590 ἅγίον
616 5513 943 5586 ἐθαυμασεν
980 5504 1011 5557 ὁ
1046 5500 1324 5578 βασιλεὺς,
1382 5505 1468 5560 καὶ
1549 5505 1796 5578 ἐτίμησε,
1855 5507 1945 5562 καὶ
1998 5508 2099 5562 ὑπο

401 5608 710 5685 εχώρησεν,
739 5599 961 5663 εἰπὼν,
1000 5592 1087 5648 ὅτι
1117 5592 1376 5685 ’Ἀληθῶς
1407 5594 1698 5670 ἀρχιερεύς
1737 5595 1869 5651 ἐστι.
1906 5596 2100 5652 [Ιολλᾶ

394 5680 570 5757 Sina;
603 5696 761 5754 ἄλλα
800 5688 1060 5767 μνήμης
1098 5680 1216 5753 ἄξια
1240 5685 1500 5755 ποιήσας,
1525 5685 1699 5739 θανὼν
1731 5684 1916 5761 ἐτέφη.

2220 629 2547 684 nasterium
2569 631 2818 687 inferius
2840 633 2912 688 ad
2936 640 3208 691 sanctum
3223 637 3623 692 Theoctistum
3653 638 3870 695 missus

2220 735 2290 773 ea
2321 722 2700 777 contentione
2731 723 2976 781 virtutes
3008 732 3357 796 persecutus
3383 732 3492 794 est,
3526 733 3592 782 ut
3621 745 3742 783 non
3774 747 3869 783 so-

2220 808 2345 863 lum
2375 812 2699 867 monachos
2730 830 2938 869 omnes
2996 818 3379 887 superaverit,
3414 818 3518 873 sed
3550 819 3730 875 etiam
3758 837 3870 874 no-

2222 898 2400 953 minis
2430 899 2839 958 celebritatem
2870 905 3027 976 apud
3048 905 3438 978 imperatores
3464 910 3868 975 Anastasium,

2220 992 2279 1040 et
2304 988 2707 1046 Justinianum
2738 992 2848 1047 sibi
2883 997 3312 1066 comparaverit
3338 998 3591 1052 :etenim
3631 998 3871 1054 ad’illos

2220 1075 2293 1131 ab
2323 1077 2868 1152 Hierosolymorum
2892 1084 3246 1155 patriarcnis
3271 1091 3555 1158 tanquam
3581 1088 3871 1143 mediator

2221 1166 2438 1222 missus
2469 1168 2598 1225 fuit.
2633 1171 2741 1235 Qui
2773 1188 2901 1227 cum
2934 1174 3156 1229 multos
3184 1176 3503 1232 virtutibus
3533 1177 3869 1247 imbuisset,

2221 1263 2276 1311 et
2308 1258 2497 1313 multa
2524 1263 2890 1318 monasteria
2930 1265 3349 1337 contruxisset,
3382 1266 3641 1338 plurima
3690 1268 3871 1323 etiam

2221 1347 2509 1403 miracula
2539 1349 2843 1419 edidisset,
2878 1369 2907 1407 e
2940 1354 3155 1424 quibus
3196 1355 3309 1409 hoc
3344 1372 3530 1411 unum
3581 1373 3871 1413 memora-

2219 1441 2336 1506 tur,
2369 1438 2529 1509 quod
2560 1456 2590 1494 e
2625 1445 2780 1497 terra
2800 1458 3017 1513 aquam
3049 1444 3273 1512 eduxit,
3301 1462 3490 1502 annos
3516 1453 3692 1504 natus
3711 1451 3866 1502 octo-

2220 1526 2386 1592 ginta
2418 1528 2706 1600 quinque,
2737 1530 2811 1586 ad
2833 1532 3153 1589 Dominum
3182 1534 3472 1608 migravit.

2774 1649 3014 1705 EODEM
3060 1652 3314 1708 MENSE.

2886 1766 2989 1820 Die
3038 1772 3199 1824 sexta

2139 1920 2186 1985 Β
2221 1878 2319 1934 l2
2384 1878 2837 1935 Commemoratio
2912 1882 3092 1937 sancti
3150 1886 3337 1953 patris
3391 1887 3574 1941 nostri
3630 1889 3868 1958 Nicolai,

2565 1968 2968 2040 archiepiscopi
3012 1973 3183 2041 Myra:
3228 1974 3286 2027 in
3334 1976 3517 2043 Lycia.

2285 2086 2673 2141 Constantino
2706 2089 2908 2160 Magno
2968 2088 3324 2161 imperatore
3352 2091 3556 2147 ﬂoruit
3610 2099 3720 2150 iste
3746 2113 3868 2152 ma-

2213 2192 2365 2248 gnus
2395 2176 2661 2248 pontifex
2693 2182 2753 2231 et
2779 2179 3249 2252 Thaumaturgus
3279 2183 3590 2254 episcopus
3617 2184 3677 2239 in
3710 2187 3872 2257 Myra

2215 2266 2403 2337 Lyciae
2422 2266 2570 2320 urbe
2596 2285 2609 2322 :
2634 2272 2693 2321 et
2715 2268 2974 2337 primum
3000 2269 3241 2339 quidem
3276 2272 3667 2328 monasticam
3686 2291 3866 2347 agens

2213 2356 2411 2423 vitam,
2446 2363 2566 2413 toto
2625 2359 2826 2414 animo
2876 2360 2937 2413 in
2996 2362 3239 2416 virtutes
3281 2364 3608 2419 contendit.
3642 2366 3866 2420 Deinde

2215 2447 2527 2519 cpiscopus
2558 2448 2886 2516 ordinatus,
2913 2450 3099 2506 multa
3126 2451 3414 2507 miracula
3434 2455 3703 2525 patravit.
3729 2457 3867 2510 Tres

2215 2536 2371 2592 enim
2402 2538 2675 2592 homines
2707 2554 2741 2593 a
2768 2544 2959 2610 morte
3002 2539 3294 2612 liberavit,
3328 2542 3427 2612 qui
3479 2542 3629 2597 falso
3662 2543 3863 2614 delati,

2215 2632 2274 2681 et
2303 2628 2364 2681 in
2394 2627 2629 2682 vincula
2660 2628 2937 2700 conjecti,
2960 2629 3033 2683 ad
3065 2630 3419 2701 supplicium
3454 2631 3824 2688 ducebantur
3849 2651 3861 2689 :

2215 2717 2318 2772 sed
2347 2734 2669 2773 accurrens
2701 2718 2825 2781 ille,
2857 2717 3174 2791 gladioque
3215 2721 3342 2791 jam
3393 2722 3723 2779 cervicibus
3754 2723 3870 2778 im-

2214 2806 2502 2872 minente,
2538 2824 2567 2862 e
2601 2807 2899 2862 carniﬁcis
2946 2809 3223 2864 manibus
3282 2816 3507 2882 erepto,
3541 2828 3642 2867 eos
3674 2812 3864 2867 solvit.

2212 2896 2479 2951 Totidem
2513 2896 2615 2951 alii
2644 2897 3076 2969 conjurationis
3106 2898 3167 2953 in
3190 2900 3646 2956 Constantinum
3678 2901 3865 2973 impe—

2214 2990 2473 3041 ratorem
2505 3002 2539 3041 a
2568 2986 2846 3057 praefecto
2875 2986 3123 3042 Ablabio
3154 2988 3304 3043 falso
3336 2989 3689 3061 insimulati,
3718 2996 3777 3046 et
3800 2991 3863 3046 in

2213 3074 2489 3146 praetorio
2548 3075 2785 3145 inclusi,
2845 3093 2981 3131 cum
3031 3077 3225 3149 capite
3283 3077 3583 3149 plectendi
3641 3086 3863 3146 essent,

2215 3171 2487 3221 sanctum
2520 3164 2825 3221 Nicolaum
2865 3166 3249 3225 invocarunt:
3305 3169 3407 3239 qui
3466 3185 3571 3239 per
3600 3169 3863 3240 quietem

2133 3287 2175 3354 Ο
2213 3255 2793 3326 Constantinopolim
2827 3256 3169 3326 adveniens,
3226 3257 3594 3328 imperatori,
3628 3264 3687 3313 et
3713 3276 3866 3330 pras-

2216 3343 2370 3399 fecto
2401 3344 2701 3416 prmcepit,
2735 3350 2803 3401 ut
2832 3346 2969 3401 illos
3017 3346 3408 3402 dimitterent.
3442 3348 3701 3404 Tandem
3734 3353 3870 3418 post

2218 3432 2404 3489 multa
2434 3433 2552 3489 alia
2579 3433 2869 3488 miracula
2897 3435 2958 3490 in
2988 3450 3131 3505 pace
3158 3434 3431 3490 decessit.

2770 3733 3012 3790 EODEM
3052 3733 3196 3789 MEN
3203 3732 3302 3788 SE.

2842 3852 2946 3906 Die
2978 3852 3231 3923 septima

2210 3966 2313 4021 18
2376 3967 2832 4023 Commemoratio
2880 3971 3060 4024 sancti
3087 3970 3270 4023 Patris
3328 3971 3503 4024 nostri
3561 3968 3863 4036 Ambrosii,

2736 4058 2979 4129 episcopi
3011 4058 3330 4113 Mediolani.

2265 4172 2611 4227 Ambrosius
2626 4172 2993 4227 admirabilis
3007 4190 3074 4227 ex
3090 4174 3233 4229 urbe
3258 4173 3860 4229 Romafuitsenatorii

2209 4259 2455 4336 ordinis,
2488 4260 2853 4331 temporibus
2876 4262 3223 4330 Constantii,
3260 4268 3315 4317 et
3347 4262 3684 4317 Constantis
3705 4263 3860 4317 filio-

2208 4364 2338 4403 rum
2371 4349 2739 4403 Constantini
2800 4350 3008 4421 Magni.
3053 4349 3136 4405 Ob
3169 4351 3386 4404 multas
3417 4355 3615 4404 autem
3668 4351 3857 4422 ipsius

2204 4437 2455 4491 virtutes
2485 4437 2983 4510 atquejustitiam
3025 4439 3339 4510 episcopus
3398 4438 3855 4493 Mediolanensis

2207 4526 2416 4594 factus,
2446 4527 2587 4581 vixit
2615 4542 2803 4598 usque
2857 4527 2931 4581 ad
2991 4533 3253 4599 tempora
3304 4526 3616 4582 Theodosii
3651 4529 3861 4600 Magni.

2129 4653 2174 4717 D
2207 4617 2350 4674 Cum
2382 4636 2517 4674 vero
2549 4621 2750 4676 divino
2782 4620 2903 4675 zelo
2928 4620 3208 4677 incensus
3258 4627 3434 4711 esset,
3473 4622 3862 4693 animumque

2206 4708 2462 4765 liberum
2490 4710 2756 4779 haberet,
2774 4711 3167 4767 Theodosium
3193 4700 3464 4784 Magnum
3497 4711 3658 4783 quod
3685 4711 3861 4765 vehe-

2209 4801 2444 4851 menter
2472 4800 2804 4852 commotus
2817 4797 3143 4852 exercitum
3165 4797 3522 4866 misisset,ac
3550 4796 3863 4852 Thessalo-

2210 4884 2516 4940 nicensem
2548 4887 2969 4957 populum,qui
3018 4888 3079 4941 in
3123 4887 3250 4958 ipse
3281 4887 3705 4958 imperatorem
3726 4902 3860 4957 pec-

2210 4981 2444 5031 caverat
2485 4976 2769 5031 trucidari
2792 4976 3094 5046 jussisset,
3122 4976 3183 5032 in
3214 4977 3366 5033 festo
3397 4977 3615 5033 natalis
3645 4976 3864 5032 Christi

2210 5064 2502 5136 templum
2524 5064 2751 5137 ingredi
2776 5065 3088 5130 volentem,
3115 5072 3177 5121 ut
3200 5072 3398 5122 oraret
3427 5082 3711 5136 sacraque
3734 5081 3867 5137 my—

2213 5154 2394 5210 steria
2435 5155 2792 5226 perciperet,
2845 5155 3119 5228 ingressu
3150 5156 3355 5227 templi
3387 5155 3694 5227 prohibuit
3722 5171 3734 5206 :
3768 5155 3874 5207 Ec-

2210 5244 2393 5299 clesia
2423 5245 2546 5315 Dei,
2580 5245 2879 5316 inquiens,
2924 5264 3045 5301 non
3106 5246 3368 5301 admittit
3414 5243 3764 5309 homicidas,
3799 5259 3867 5297 ac

2211 5349 2311 5387 eos
2342 5335 2696 5404 praesertim;
2719 5336 2820 5406 qui
2853 5335 3120 5407 ejusdem
3154 5350 3351 5390 secum
3375 5333 3567 5405 gentis
3588 5330 3870 5388 Christia-

2209 5439 2319 5478 nos
2342 5425 2726 5480 trucidarent.
2763 5429 2835 5480 At
2858 5427 3179 5497 imperator
3209 5429 3479 5479 sanctum
3511 5420 3861 5488 admiratus;

2210 5511 2508 5583 simulque
2536 5514 3151 5585 honoreprosecutus,‘
3182 5512 3451 5575 recessit,
3482 5508 3864 5564 Ambrosium

2208 5618 2412 5657 verum
2440 5619 2570 5658 esse
2621 5603 2964 5674 episcopum
3021 5602 3349 5656 afﬁrmans.
3410 5599 3518 5654 Ille
3542 5614 3697 5664 vero,
3730 5613 3867 5652 cum

2208 5691 2397 5747 multa
2419 5692 2537 5747 alia
2566 5698 2898 5749 memoratu
2929 5690 3107 5759 digna
3162 5689 3424 5754 fecisset,
3456 5687 3624 5755 obiit;
3666 5684 3872 5757 sepul-

2208 5787 2424 5852 tusque
2455 5781 2589 5837 fuit.
