4124 6430
368 388 482 448 195

911 516 1149 572 EODEM
1189 516 1439 571 MENSE.

1014 606 1117 660 Die
1149 612 1353 660 octava

500 699 603 752 14
636 696 917 753 Certamen
972 694 1149 750 sancti
1196 694 1459 764 martyris
1508 690 1864 748 Athenodori.

428 816 542 869 Iste
557 822 794 868 sanctus
821 829 850 867 e
872 813 1297 884 Mesopotamia
1338 807 2010 883 Syriaefuit,monachus

354 906 489 976 pius
520 905 824 973 Deumque
856 903 1092 968 timens,
1123 901 1493 973 temporibus
1517 897 1867 955 Diocletiani
1894 896 2005 949 im-

352 993 663 1065 peratoris.
717 992 952 1046 Delatus
993 996 1192 1046 autem
1224 990 1295 1045 ab
1324 989 1616 1058 idolatris,
1649 985 1807 1058 quod
1838 984 2006 1040 Chri-

353 1087 510 1136 stum
532 1098 638 1153 pro
670 1082 788 1135 Deo
820 1080 1085 1147 haberet,
1111 1078 1637 1151 comprehenditur
1666 1076 1738 1131 ab
1770 1073 2004 1129 Eleusio

352 1170 629 1243 praeside,
664 1174 740 1237 et,
774 1169 849 1224 ad
879 1168 1026 1224 duas
1057 1169 1367 1223 columnas
1424 1166 1667 1222 funibus
1703 1164 2001 1236 alligatus,

348 1260 695 1316 ardentibus
717 1259 945 1314 facibus
965 1258 1252 1313 aduritur.
1270 1260 1414 1312 Tum
1436 1256 1661 1311 ferreos
1678 1254 2003 1309 candentes

345 1348 618 1421 globulos
646 1348 813 1402 illius
835 1347 1031 1403 axillis
1055 1347 1399 1417 subjiciunt,
1425 1361 1679 1416 eumque
1711 1360 1890 1414 super
1910 1342 1999 1396 in-

343 1444 579 1511 gentem
612 1438 900 1493 laminam
950 1438 1206 1509 igneam,
1235 1435 1855 1507 amplitudinejanuai
1894 1448 1997 1503 pa-

339 1545 488 1596 rem,
518 1528 883 1582 extendunt:
915 1543 1050 1581 mox
1080 1526 1226 1580 bove
1258 1541 1423 1579 aeneo
1457 1524 1723 1595 subjecta
1755 1522 1999 1577 flamma

340 1617 678 1672 includunt.
710 1617 812 1671 Ille
839 1632 974 1670 vero
1006 1615 1272 1687 angelico
1304 1614 1636 1669 ministerio
1670 1613 1742 1667 ab
1776 1612 1848 1665 iis
1879 1628 2000 1665 om-

341 1705 519 1761 nibus
559 1705 865 1765 liheratus,
900 1705 1196 1776 octoginta
1224 1704 1380 1758 viros
1409 1702 1482 1758 ad
1536 1701 1755 1756 Christi
1815 1699 1994 1755 ﬁdem

335 1803 686 1869 pertractos,
706 1796 1071 1851 Christianos
1088 1796 1283 1851 ell‘ecit
1320 1794 1823 1864 Prmcepititaque
1842 1808 1994 1862 prae-

1602 342 1607 347 ’
1687 374 2138 443 MENOLOGII
2181 376 2404 439 mas.
2439 377 2486 440 ι.

2037 510 2086 577 Α
2686 513 2863 570 Mam
2892 518 2980 569 'ra
3010 517 3205 570 arra.

3664 381 3786 443 196

2918 604 2963 661 Η

2259 690 2531 762 ’Ἃθλησις
2557 695 2655 747 τοῦ
2704 692 2856 765 ἁγίου
2890 693 3161 769 μάρτυρος
3213 689 3624 769 Ἀθηνοδώρου.

2188 807 2361 869 Οὗτος
2436 809 2463 863 6
2519 810 2669 884 ἅγιος
2735 810 2940 885 ἐγένετο
3022 810 3129 865 ἀπὸ
3189 810 3616 884 Μεσοποταμίας
3664 816 3771 881 τῆς

2115 897 2313 971 Συρίας
2347 940 2360 965 ,
2422 898 2665 972 μοναχὸς
2751 893 2988 966 εὐλαϐὴς
3076 899 3166 954 καὶ
3253 894 3597 976 φοϐούμενος
3670 900 3771 955 τὸν

2112 986 2263 1049 Θεὸν,
2324 984 2412 1040 ἐπὶ
2473 986 2872 1056 Διοκλητιανοῦ
2926 992 3024 1043 τοῦ
3088 987 3382 1063 βασιλέως,
3442 983 3775 1059 Διαϐληθεὶς

2111 1068 2169 1126 δί
2198 1072 2345 1147 παρὰ
2370 1077 2471 1127 τῶν
2501 1071 2947 1149 εἶδωλολατρῶν,
2977 1074 3060 1130 ὅτι
3082 1075 3173 1129 τὸν
3199 1076 3433 1151 Χριστὸν
3459 1072 3576 1150 ἔχει
3608 1074 3768 1146 Θεὸν,

2108 1158 2381 1233 ἐκρατήθη
2414 1162 2561 1235 παρᾶ
2589 1160 2874 1219 Ἐλευσίου
2924 1162 3217 1239 ἄρχοντος·
3276 1164 3368 1219 καὶ
3417 1162 3592 1227 δεθεὶς
3629 1162 3774 1237 μετᾶ

2109 1251 2391 1324 σχοινίων,
2427 1251 2586 1324 μέσον
2619 1249 2714 1307 δύο
2772 1250 3013 1326 στόλων,
3072 1252 3181 1308 ὐπὸ
3236 1252 3445 1328 κηρίων
3479 1252 3766 1309 άπτόντων

2105 1344 2361 1413 κατεκάη.
2419 1345 2551 1400 Εἶτα
2616 1342 2816 1419 σιδηρᾶ
2873 1342 3182 1420 στρογγύλα
3236 1346 3608 1420 πυρώσαντες,
3661 1345 3765 1400 ὓπ-

2104 1427 2303 1488 ἐϐαλον
2365 1433 2441 1495 εἷς
2493 1434 2588 1496 τὰς
2644 1432 2934 1509 μασχάλας
2990 1434 3177 1491 αὐτοῦ.
3238 1435 3335 1489 Καὶ
3394 1434 3529 1509 μετὰ
3591 1438 3757 1490 τοῦτο

2105 1521 2385 1597 ἐπόρωσαν
2444 1523 2680 1579 πέταλον
2744 1522 2988 1598 χαλκοῦν
3066 1526 3223 1600 μέγα,
3280 1522 3394 1579 ἴσον
3452 1524 3606 1599 θύρᾳ,
3667 1526 3762 1580 καὶ

2103 1610 2368 1680 ἥπλωσαν
2410 1611 2569 1667 αὐτὸν
2601 1610 2683 1667 ἐπ’
2714 1613 2885 1684 αὐτῷ.
2921 1611 3023 1669 Καὶ
3055 1610 3209 1677 αὖθις
3240 1611 3291 1668 ἐν
3332 1610 3530 1688 βοϊδίῳ
3562 1612 3764 1689 χαλκῷ

2100 1703 2509 1776 πυρακτωθέντι
2556 1696 2913 1775 ἐμϐάλλεται.
2976 1704 3285 1779 Λυτρωθεῖς
3317 1700 3375 1757 δὲ
3422 1701 3482 1758 ἐκ
3534 1703 3757 1757 πάντων

2098 1792 2307 1846 τούτων
2367 1792 2471 1846 ὑπὸ
2548 1796 2684 1846 Θεοῦ
2740 1790 3014 1866 ἀγγέλων,
3071 1791 3407 1847 ἐπεσπάσατο
3458 1793 3595 1865 πρὸς
3649 1794 3753 1861 τήν

333 1886 543 1949 fectus,
578 1891 643 1939 ut
672 1884 1086 1939 decollaretur.
1122 1886 1384 1954 Cumque
1419 1882 1684 1938 carnifex
1717 1881 1975 1935 districtc

2092 1884 2190 1935 τοῦ
2219 1884 2458 1956 Χριστοῦ
2509 1881 2691 1934 πίστιν
2724 1878 3064 1957 ἀγδοήκοντα
3112 1879 3327 1955 ἄνδρας,
3383 1882 3474 1937 καὶ
3524 1879 3754 1951 ἐποίησε

334 1975 528 2047 gladio
560 1973 768 2030 cervici
802 1975 1162 2031 immineret.
1197 1990 1409 2029 manus
1441 1990 1571 2044 quae
1602 1972 1866 2044 gladium
1899 1976 1986 2025 te-

332 2064 533 2129 nebat,
567 2070 812 2136 repente
860 2063 937 2119 ab
980 2064 1229 2118 humero
1274 2062 1499 2130 avulsa,
1532 2079 1653 2117 una
1681 2078 1816 2116 cum
1849 2077 1988 2115 ense

333 2154 393 2208 in
429 2158 645 2209 terram
678 2153 918 2209 decidit.
954 2154 1145 2217 Quare
1166 2169 1343 2207 nemo
1374 2151 1529 2207 alius
1558 2150 1633 2206 ad
1665 2151 1861 2222 ipsum
1892 2166 1989 2205 ac-

330 2243 540 2299 cedere
572 2259 753 2298 ausus
782 2247 891 2297 est.
919 2243 1168 2297 Sanctus
1198 2258 1333 2297 vero
1350 2239 1584 2296 vivendi
1617 2240 1797 2295 finem
1826 2238 1986 2295 fecit.

888 2510 1129 2566 EODEM
1178 2509 1431 2564 MENSE.

1011 2627 1115 2681 Die
1147 2642 1309 2681 nona

429 2745 531 2801 “l5
567 2745 865 2814 Conceptio
908 2749 1119 2800 sancta?
1149 2742 1344 2810 Anna,
1378 2744 1570 2797 matris
1602 2740 1876 2811 Deiparaz.

402 2953 686 3008 Dominus
702 2958 760 3007 et
781 2953 933 3007 Deus
957 2956 1161 3007 noster
1184 2967 1319 3006 cum
1350 2952 1674 3006 animatum
1700 2949 1810 3005 sibi
1836 2954 1987 3005 tem-

324 3043 492 3114 plum
525 3039 888 3111 domumque
921 3046 1183 3095 sanctam
1238 3039 1297 3093 in
1353 3057 1529 3095 suum
1577 3038 1983 3094 habitaculum

320 3148 658 3207 przeparare
681 3130 879 3197 vellet,
906 3129 1071 3184 misit
1099 3128 1377 3201 angelum
1409 3146 1583 3184 suum
1615 3127 1689 3183 ad
1716 3128 1982 3183 Joachim

320 3226 375 3275 et
408 3222 641 3275 Annam
668 3220 886 3291 justos,
922 3235 991 3274 ex
1023 3218 1240 3289 quibus
1274 3234 1441 3272 suam
1472 3216 1801 3273 secundum
1835 3233 1970 3271 car-

315 3400 399 3453 vit
428 3398 880 3469 conceptionem
905 3396 1239 3452 infecundae
1262 3413 1331 3452 ac
1354 3396 1596 3453 sterilis.
1626 3400 1693 3451 ut
1723 3395 1975 3468 Virginis

312 3488 662 3544 fecunditati
701 3488 879 3542 ﬁdem
914 3488 1152 3542 faceret.
1186 3487 1485 3558 Concepta
1514 3491 1604 3541 est
1634 3486 1833 3557 igitur,
1867 3501 1974 3540 na-

312 3581 491 3648 taque
523 3583 728 3634 sancta
760 3578 931 3649 Virgo
969 3577 1171 3641 Maria,
1234 3592 1375 3639 non,
1409 3580 1477 3630 ut
1507 3575 1749 3646 quidam
1782 3574 1967 3643 aiunt,

313 3667 727 3737 septimestris,
757 3671 861 3721 aut
890 3666 1019 3720 sine
1051 3667 1157 3719 viri
1215 3682 1415 3736 opera,
1478 3665 1580 3719 sed
1613 3666 1833 3719 exactis
1863 3680 1971 3718 no-

312 3773 441 3810 vem
474 3757 723 3827 integris
771 3755 1099 3822 mensibus,
1135 3772 1205 3808 ex
1263 3753 1660 3825 promissione
1702 3753 1967 3824 quidem,

311 3852 572 3901 attamen
597 3862 667 3899 ex
693 3845 799 3899 viri
828 3843 1284 3913 conjunctione:
1312 3843 1473 3898 solus
1497 3843 1655 3897 enim
1682 3842 1969 3897 Dominus

310 3942 367 3991 et
398 3938 551 3991 Deus
602 3940 807 3990 noster
858 3935 1027 3989 Jesus
1086 3934 1355 3989 Christus
1402 3933 1533 3989 sine
1564 3933 1708 4000 viro,
1741 3950 1809 3988 ac
1840 3933 1968 3988 sine

309 4025 726 4079 commistione
754 4029 813 4079 et
844 4039 1072 4077 semine
1104 4038 1173 4076 ex
1234 4027 1439 4077 sancta
1496 4022 1733 4093 Virgine
1790 4027 1966 4078 natus

308 4118 414 4175 est.
454 4112 629 4167 modo
649 4112 908 4183 quodam
939 4111 1051 4182 ipsi
1083 4111 1192 4166 soli
1215 4116 1375 4171 noto.
1396 4110 1571 4165 nobis
1593 4115 1793 4166 autem
1815 4110 1963 4165 inef-

304 4201 470 4257 fabili
502 4206 561 4256 et
588 4199 994 4272 inexplicabili
1021 4216 1034 4267 ;
1082 4216 1337 4271 cumque
1362 4199 1659 4271 perfectus
1682 4201 1836 4255 Deus
1868 4217 1965 4256 es-

302 4296 411 4358 set,
446 4293 648 4346 omnia
678 4290 789 4345 sibi
820 4307 951 4360 quae
1001 4289 1075 4343 ad
1126 4289 1326 4343 carnis
1355 4289 1747 4344 mconomiam
1780 4289 1962 4361 perti-

300 4385 465 4447 nent,
491 4380 747 4451 perfecte
771 4378 1114 4450 assumpsit,
1134 4383 1313 4449 prout
1338 4378 1661 4434 humanam
1688 4384 1963 4434 naturam

303 4469 376 4524 ab
411 4470 579 4525 initio
612 4468 880 4525 condidit
907 4474 1085 4539 atque
1116 4467 1367 4523 efﬁnxit.

959 4584 1182 4640 Eodem
1212 4583 1307 4639 die

1989 4631 2037 4696 D

304 4705 341 4757 I
357 4703 405 4756 ϐ
429 4700 881 4756 Commemoratio
928 4702 1108 4755 sancti
1131 4703 1313 4756 Patris
1337 4703 1515 4756 nostri
1542 4702 1790 4765 Joannis.
1822 4705 1952 4773 epi-

372 4776 543 4843 scopi,
577 4776 674 4842 qui
698 4780 894 4843 postea
922 4774 981 4827 in
1001 4774 1216 4827 (auram
1244 4772 1425 4827 sancti
1454 4773 1613 4829 Saba:
1641 4772 1875 4830 secessit.

370 4951 628 5006 Joannes
657 4948 869 5004 Christi
902 4965 1101 5004 servus
1134 4948 1398 5020 Nicopoli
1420 4949 1721 5006 Armeniae
1753 4958 1951 5023 natus,

299 5039 554 5096 mortuis
569 5038 915 5110 parentibus
934 5038 1227 5093 Marciano
1250 5039 1604 5110 imperante,
1621 5042 1950 5113 erogatisin

298 5147 596 5203 pauperes
649 5128 1029 5184 facultatibus
1082 5128 1224 5193 suis,
1258 5130 1586 5184 monachus
1618 5128 1808 5186 factus
1839 5138 1947 5189 est.

299 5220 381 5276 Ob
416 5236 586 5275 suam
611 5224 809 5275 autem
840 5218 1117 5273 virtutem
1147 5235 1181 5273 a
1210 5218 1482 5273 Sebastes
1502 5218 1949 5294 archiepiscopo

295 5309 608 5363 ordinatus
639 5307 897 5362 Coloniae
917 5306 1252 5377 episcopus,
1274 5307 1494 5362 exactis
1517 5307 1579 5361 in
1605 5308 1950 5381 episcopatu

295 5398 503 5453 decem
537 5398 732 5464 annis,
768 5414 835 5452 eo
863 5395 1156 5462 abdicato,
1209 5395 1617 5466 Hierosolyma
1652 5398 1950 5468 profectus

292 5494 403 5554 est,
423 5493 481 5542 et
510 5489 569 5541 in
600 5488 832 5542 lauram
866 5486 1055 5541 sancti
1077 5484 1241 5540 Sabm
1269 5486 1545 5540 secessit:
1580 5486 1680 5540 ubi
1713 5487 1862 5545 adeo
1887 5491 1949 5545 in

290 5576 609 5630 virtutibus
632 5576 902 5648 profecit,
929 5580 994 5629 ut
1014 5573 1336 5646 aliquando
1365 5574 1758 5632 deambulans
1776 5585 1834 5633 et
1854 5580 1952 5634 iti—

291 5664 451 5719 neris
482 5664 685 5720 labore
741 5665 1121 5735 defatigatus,
1176 5663 1374 5719 divina
1406 5669 1682 5735 arreptus
1715 5668 1948 5739 virtute,

297 5752 370 5809 ad
402 5752 617 5808 cellam
648 5771 837 5823 suam,
872 5769 1005 5824 quae
1035 5753 1202 5809 mille
1230 5770 1516 5825 passuum
1549 5756 1814 5831 quinque
1846 5768 1951 5823 ab.

2094 1971 2297 2033 πάντας
2355 1970 2731 2044 Χριστιανούς.
2796 1971 3092 2045 Προσέταξε
3151 1967 3209 2026 δὲ
3240 1973 3267 2027 ὁ
3300 1972 3509 2047 ἄρχων,
3541 1971 3752 2027 ἀποκε-

2095 2059 2426 2138 φαλισθῆναι
2483 2060 2670 2129 αὐτὸν,
2726 2062 2818 2115 καὶ
2876 2066 2972 2115 τοῦ
3023 2058 3228 2134 δημίου
3278 2062 3343 2117 τὸ
3392 2062 3617 2126 σπαθίον
3650 2084 3751 2137 γυ-

2100 2152 2441 2224 μνώσαντος,
2471 2149 2561 2205 καὶ
2600 2146 2854 2213 θέλοντος
2906 2149 3065 2205 αὐτὸν
3100 2151 3522 2229 ἀποκεφαλίσαι,
3553 2154 3589 2221 ἡ
3623 2150 3750 2228 χεὶρ

2093 2239 2258 2295 αὐτοῦ
2314 2239 2420 2295 ὰπὸ
2467 2244 2565 2294 τοῦ
2620 2236 2779 2313 ὤμου
2836 2246 3086 2311 κοπεῖσα,
3118 2243 3154 2311 ἡ
3185 2241 3457 2315 κρατοῦσα
3509 2240 3574 2297 τὸ
3605 2262 3747 2296 σπα-

2094 2328 2231 2398 θίον,
2269 2328 2403 2401 μετά
2428 2332 2527 2384 τοῦ
2557 2329 2789 2394 σπαθίου
2827 2324 3011 2385 ἔπεσεν
3039 2328 3128 2385 ἐπὶ
3179 2332 3282 2401 τήν
3338 2336 3464 2407 γῆν.
3525 2330 3750 2404 Ἐτέρου

2094 2416 2151 2473 δὲ
2180 2419 2258 2492 μὴ
2287 2416 2673 2492 τολμήσαντος
2700 2418 2908 2496 ἐγγίσαι
2966 2418 3137 2493 αὐτῷ,
3197 2418 3360 2485 αὐτὸς
3415 2418 3736 2491 ἐτελειώθη.

2654 2537 2835 2594 ΜΙΙΝῙ
2860 2539 2947 2594 ΤΩ
2975 2538 3172 2594 ΑΥΤΩ.

2897 2654 2951 2708 Θ.

2091 2774 2158 2825 Ἦ
2212 2768 2486 2842 σύλληψις
2543 2774 2643 2838 τῆς
2732 2767 2882 2843 ἁγίας
2966 2770 3166 2839 ’Ἄννης
3220 2773 3320 2835 τῆς
3385 2773 3595 2848 μητρὸς
3640 2780 3749 2844 τῆς

2763 2858 3031 2913 Θεοτόκου
3065 2902 3078 2916 .

2162 2976 2224 3033 '0
2266 2973 2462 3048 Κύριος
2488 2976 2650 3046 ἡμῶν
2699 2974 2787 3028 καὶ
2823 2975 2974 3042 Θεὸς,
3017 2972 3191 3038 θέλων
3239 2976 3529 3049 ἑτοιμάσαι
3572 2978 3742 3051 ἑαυτῴ

2091 3066 2213 3121 ναὸν
2239 3059 2518 3139 ἔμψυχον,
2575 3062 2665 3117 καὶ
2720 3064 2869 3117 οἷκον
2929 3065 3099 3138 ἅγιον,
3154 3064 3234 3128 εἷς
3291 3067 3567 3122 κατοικίαν
3623 3068 3745 3123 ἐαυ-

2089 3160 2226 3228 τοῦ,
2279 3155 2371 3208 τὸν
2433 3151 2669 3227 ἄγγελον
2728 3153 2895 3207 αὐτοῦ
2944 3152 3229 3209 ἀπέστειλε
3280 3157 3420 3229 πρὸς
3476 3156 3602 3222 τοὺς
3658 3155 3746 3213 δι-

320 3240 375 3275 et
408 3240 641 3275 annam
668 3240 886 3291 JUSLOS,
922 3240 991 3274 ΘΧ
1023 3240 1240 3289 QUIBUS
1274 3240 1441 3272 suam
1472 3240 1801 3273 SBCUIIUUIU
1835 3240 1970 3271 cur-

318 3326 456 3365 nem
487 3311 725 3364 Matrem
745 3308 1063 3379 procedere
1090 3307 1509 3374 destinaverat,
1539 3312 1597 3361 et
1617 3307 1975 3377 praenuntia-

2088 3246 2275 3309 καίους
2305 3240 2559 3314 Ἰωακεῖμ
2613 3242 2703 3296 καὶ
2742 3242 2961 3311 Ἄνναν,
3021 3242 3070 3316 ἐξ
3115 3241 3189 3297 ὧν
3236 3243 3478 3315 ἠθέλησε
3531 3258 3741 3320 προελ-

2088 3343 2189 3379 ιιτῗυ
2221 3335 2320 3379 ιιι-ὲν
2347 3332 2484 3379 κατᾶ
2516 3329 2686 3379 σάοκα
2726 3333 2953 3379 Μῃτέοα
3005 3333 3189 3379 αὐτοῦ-
3254 3332 3356 3379 Ra?
3388 3342 3738 3379 ποηςιηςυηης

2077 3343 2189 3409 θεῖν
2221 3335 2320 3402 τὴν
2347 3332 2484 3387 κατᾶ
2516 3329 2686 3405 σάρκα
2726 3333 2953 3405 Μητέρα
3005 3333 3189 3387 αὐτοῦ.
3250 3332 3357 3390 Καί
3388 3342 3741 3410 προεμήνυσε

2075 3429 2178 3499 τὴν
2213 3423 2489 3497 σύλληψιν
2517 3428 2620 3492 τῆς
2664 3421 2866 3498 ἆγόνου
2912 3422 3001 3478 καὶ
3058 3424 3288 3497 στείρας,
3336 3423 3430 3480 ἵνα
3463 3421 3739 3502 βεϐαιώσῃ

2074 3525 2177 3589 τῆς
2208 3514 2481 3586 Παρτένου
2509 3514 2609 3581 τήν
2661 3512 2927 3585 γέννησιν.
2984 3514 3143 3570 ’Ὁθεν
3203 3517 3512 3590 συνεκήφθη
3544 3518 3579 3585 ἡ
3613 3517 3740 3592 ἁγία

2075 3607 2352 3682 Ηαρθένος
2411 3600 2617 3677 Μαρία,
2678 3601 2769 3656 καὶ
2826 3599 3115 3676 ἐγεννήθη,
3172 3602 3323 3678 οὐχὶ,
3382 3603 3458 3666 ὠς
3512 3604 3737 3680 λέγουσί

2074 3716 2243 3762 τινες,
2273 3694 2356 3748 δτι
2385 3691 2519 3745 ἑπτὰ
2577 3694 2792 3763 μηνῶν,
2848 3689 2884 3760 ἢ
2944 3693 3027 3745 ὅτι
3088 3691 3262 3767 χωρὶς
3319 3690 3535 3768 ἀνδρὸς,
3590 3692 3739 3751 ἀλλὰ

2073 3782 2298 3843 τελείως
2359 3778 2508 3835 ἐννέα
2566 3783 2757 3852 μηνῶν
2813 3779 3103 3852 ἐγεννήθη,
3160 3782 3248 3836 καὶ
3296 3781 3345 3855 ἐξ
3406 3782 3735 3859 ἐπαγγελίας

2077 3873 2197 3948 μὲν,
2258 3870 2319 3926 ἐκ
2378 3869 2664 3945 συναφείας
2722 3866 2780 3923 δὲ
2833 3866 3048 3944 ἀνδρός.
3094 3870 3272 3933 Μόνος
3326 3872 3433 3947 γὰρ
3464 3874 3492 3927 6
3539 3875 3736 3950 Κύριος

2079 3963 2231 4033 ἡμῶν
2264 3960 2355 4015 καὶ
2385 3958 2517 4019 Θεὸς
2573 3956 2786 4028 Ἰησοῦς
2845 3959 2873 4012 ὁ
2923 3960 3163 4033 Χριστὸς
3221 3960 3346 4015 ἄνευ
3391 3960 3609 4035 ἀνδρὸς,
3640 3963 3735 4018 καὶ

2073 4050 2251 4124 χωρὶς
2288 4046 2577 4124 συναφείας
2634 4045 2725 4100 καὶ
2777 4051 2983 4122 σπορᾶς
3038 4047 3301 4122 ἐγεννήθη
3335 4046 3395 4105 ἐκ
3423 4057 3523 4120 τῆς
3580 4052 3737 4125 ἁγιας

2072 4139 2371 4213 Παρθένου,
2423 4134 2751 4212 ἀποβρήτως
2806 4136 2897 4192 καὶ
2955 4135 3391 4213 ἀνερμήνεότως,
3451 4140 3527 4205 ὡς
3575 4139 3725 4197 οἶδεν

2068 4225 2274 4289 ἐκεῖνος
2309 4226 2494 4300 μόνος·
2525 4224 2616 4280 καὶ
2665 4222 2875 4288 τέλειος
2932 4226 3195 4303 ὑπάρχων
3249 4229 3402 4298 Θεὸς,
3457 4233 3632 4286 πάντα
3658 4232 3728 4287 τὰ

2067 4318 2235 4373 αὐτοῦ
2266 4324 2366 4387 τῆς
2421 4316 2557 4371 κατᾶ
2614 4316 2785 4391 σάρκα
2842 4316 3161 4390 οἰκονομίας
3210 4318 3394 4375 τέλεια
3448 4318 3726 4394 προσελάο

2067 4400 2213 4462 ϐετο’
2256 4406 2436 4469 καθὼς
2463 4405 2555 4460 καὶ
2596 4406 2696 4474 τήν
2725 4409 2834 4460 τῶν
2874 4404 3173 4481 ἀνθρώπων
3206 4407 3363 4486 φύσιν
3420 4407 3727 4488 ἐδημιούρ-

2065 4516 2216 4566 νησε,
2247 4495 2337 4550 καὶ
2364 4490 2569 4550 ἔπλασε
2596 4495 2659 4550 τὸ
2701 4494 3006 4571 καταχράς.

2638 4613 2719 4685 Τῇ
2776 4610 2913 4686 αὐτῇ
2972 4613 3155 4687 ἡμέρᾳ

2062 4727 2268 4809 Μνήμη
2354 4731 2477 4809 τοῦ.
2512 4725 2664 4781 ὁσίου
2721 4727 2952 4809 ,Πατρὸς
3009 4731 3172 4809 ἡμων
3228 4730 3505 4809 Ἰωάννου,
3563 4754 3723 4809 γενο-

2135 4797 2304 4927 μένου
2373 4797 2637 4874 πρότερον
2718 4797 3064 4871 ἐπισκόπου,⁷
3101 4802 3215 4858 εἶτα
3268 4797 3587 4881 ἡσυχαστοῦ
3614 4814 3717 4878 τῆς

2176 4869 2343 4927 adea:
2369 4874 2465 4925 τοῦ
2500 4870 2655 4927 ἁγίου
2688 4867 2860 4927 Σάϐα.

2176 4869 2343 4945 αόρας
2369 4867 2465 4925 τοῦ
2500 4867 2655 4946 ἁγίου
2688 4867 2860 4932 Σάϐα.

2133 4959 2415 5030 Ἰωάννης,
2476 4960 2504 5014 6
2555 4963 2654 5015 τοῦ
2741 4962 2975 5035 Χριστοῦ
3032 4962 3302 5038 θεράπων,
3364 4965 3572 5043 ἐγένετο
3611 4968 3719 5024 ἀπὸ

2062 5046 2421 5111 Νικοπόλεως
2464 5054 2565 5117 τῆς
2631 5050 2945 5123 Ἀρμενίας.
3010 5052 3162 5108 Μετᾶ
3213 5051 3271 5109 δὲ
3326 5056 3552 5112 θάνατον
3605 5062 3714 5113 τῶν

2057 5138 2254 5215 γενέων
2293 5138 2477 5211 αὐτοῦ,
2513 5139 2599 5195 ἐπὶ
2650 5147 2750 5210 τῆς
2812 5141 3092 5216 βασιλείας
3149 5151 3484 5221 Μαρκιανοῦ,
3546 5146 3718 5206 ἔδωκε

2057 5231 2148 5285 τὸν
2202 5231 2443 5287 πλοῦτον
2505 5231 2669 5287 αὐτοῦ
2707 5238 2827 5296 τοῖς
2852 5240 3122 5311 πτωχοῖς,
3153 5237 3244 5292 καὶ
3302 5236 3511 5314 ἐγένετο
3544 5262 3716 5314 μονα·

2057 5319 2180 5395 ’χόςο
2215 5318 2307 5375 διὰ
2338 5317 2395 5375 δὲ
2441 5326 2543 5390 τήν
2600 5322 2797 5395 ἀρετὴν
2853 5325 3042 5397 αὐτοῦ,
3100 5324 3349 5398 ἐποίησεν
3400 5329 3561 5386 αὐτὸν
3596 5330 3717 5386 ἐπί-

2059 5431 2261 5467 σκοπον
2315 5411 2627 5475 Κολωνείας
2677 5413 2705 5467 ὁ
2767 5414 3193 5490 άρχιεπίσκοπος
3252 5413 3594 5483 Σεϐαστείας·
3628 5421 3718 5477 καὶ

2059 5501 2429 5572 ἐπεσκόπησεν
2484 5501 2580 5573 ’ἐτη
2646 5501 2795 5561 δέκα.
2852 5506 2980 5562 Εἶτα
3033 5507 3187 5586 ἀφεὶς
3243 5512 3344 5579 τήν
3412 5509 3716 5582 ἐπισκοπὴν

2059 5591 2247 5663 αὐτοῦ,
2301 5591 2542 5661 ἀπῆλθεν
2601 5593 2678 5657 είς
2730 5595 2798 5649 τὰ
2852 5596 3233 5671 Ἱεροσῦλυμα,
3290 5599 3379 5655 καὶ
3436 5599 3714 5677 ἡσύχασεν

2062 5681 2138 5746 εἷς
2163 5683 2260 5750 τήν
2298 5679 2501 5757 λαύραν
2524 5685 2620 5737 τοῦ
2651 5683 2809 5759 άγίου
2861 5681 3029 5743 Σάϐα.
3087 5691 3359 5745 Τοσοῦτον
3392 5687 3449 5745 δὲ
3506 5690 3715 5767 ἐγένετο

2062 5770 2335 5849 ἐνάρετος,
2366 5771 2449 5827 ὅτι
2499 5773 2631 5829 ποτὶ
2670 5779 3004 5849 περιπατῶν,
3034 5777 3126 5832 καὶ
3179 5779 3469 5852 κοπιάσας,
3501 5779 3714 5858 ἐπήρθη
