4124 6434
325 338 448 403 19⁸1

1836 334 1842 348 ’
1864 333 2285 398 DECEMBER
2298 378 2313 397 .

3685 352 3805 412 198

331 474 436 530 ὑπὸ
498 469 814 547 δυνάμεως
873 479 1051 547 Θεοῦ,
1107 472 1197 530 καὶ
1252 470 1445 547 εὑρέθη
1523 465 1775 545 ἐξαίφνης
1833 465 1910 529 εἷς
1965 466 2019 522 τε

2148 469 2589 543 erat,temporis
2618 478 2924 531 momento
2956 475 3428 536 deferretur.Sed
3457 498 3592 537 cum
3610 482 3804 540 Persae

339 562 566 621 γελλίον
618 563 828 635 αὐτοῦ,
893 572 1001 634 τῆς
1068 563 1123 619 ἐν
1179 563 1323 636 μέσῳ
1386 557 1519 616 ὁδοῦ
1578 558 1825 633 ἐχούσης
1880 554 2039 631 μίλια

342 655 519 712 πὲντε.
554 652 747 710 Ἀλλά
780 654 879 709 καὶ
923 654 1019 709 ὅτε
1048 651 1220 723 ἦλθον
1248 652 1299 706 οἱ
1330 648 1528 724 Πέρσαι
1588 649 1725 703 κατά
1774 653 1874 717 τῆς
1919 648 2038 721 χώ-

363 766 453 823 ρας
475 742 723 813 ἐκείνης,
755 743 853 799 καὶ
887 742 1147 812 άπῆὶθον
1182 741 1271 797 καὶ
1330 740 1408 801 εἱς
1465 739 1565 807 τὴν
1627 736 1856 811 λαύραν,
1916 737 2034 792 ἐτυ-

373 836 684 912 φλώθησαν,
717 833 820 887 καὶ
864 832 973 888 οὐκ
1001 827 1236 887 ἔϐλεπον
1291 830 1353 885 τὸ
1410 826 1636 884 κελλίον
1674 827 1861 881 αὗτοῦο
1893 826 2033 901 ᾐτή-

386 945 499 979 σατο
527 920 581 978 δὶ
605 923 704 979 τὸν
731 924 873 977 Θεὸν
906 920 1071 990 ἷδεῖν,
1120 924 1236 981 πῶς
1292 918 1589 994 χωρίζεται
1618 918 1653 986 ἠ
1714 917 1868 990 ψυχή
1929 914 2035 969 ἀπὸ

378 1012 777 1084 τοῦσώματος,
811 1011 905 1065 καὶ
955 1007 1153 1082 ἔδειξεν
1199 1007 1365 1081 αὐτῷ.
1399 1010 1576 1079 Ζήσας
1632 1003 1689 1061 δὲ
1738 1005 1806 1060 τά
1860 1005 2036 1060 πάντα

370 1099 459 1174 ἴτη
492 1102 681 1158 ἑκατὸν
714 1102 958 1175 τέσσαρα
998 1098 1317 1170 ἐτελειώθη.

953 1220 1038 1293 Τῇ
1086 1218 1228 1292 αὐτῇ
1280 1218 1464 1291 ἡμέρᾳ

360 1311 584 1382 Μνήμη
616 1307 727 1364 τῶν
767 1311 941 1403 ἁγίων
975 1304 1299 1362 ἀποστόλων
1351 1305 1413 1361 ἐκ
1465 1309 1573 1359 τῶν
1624 1297 2031 1391 ἐϐδομήκοντα,

437 1389 473 1403 ιη
570 1381 621 1403 n'
672 1402 681 1403 κ
847 1388 863 1403 Δ
892 1379 1020 1403 νκκΧἸ
1044 1379 1063 1403 γε
1157 1385 1225 1403 Ill,
1244 1384 1312 1403 --Ἄ
1385 1379 1633 1403 ηΊ.....---ῗΖ
1693 1374 1996 1403 ἠ-..----ΑῘ

436 1374 778 1457 Σῶσῧένους,
814 1374 1105 1457 Ἀπολ-λῶ,
1157 1384 1332 1457 Κηφᾷ,
1385 1379 1657 1451 Τυχικοῦ,
1693 1374 2029 1452 Ἐπαφροδί-

426 1476 553 1522 του,
588 1455 888 1529 Καίσαρος,
914 1453 1004 1507 καὶ
1038 1450 1422 1529 Ὀνησιφόρου.
1478 1450 1511 1451 ⁷ί
1849 1450 1868 1501 ί

434 1560 671 1619 Τούτων
707 1565 818 1616 τῶν
867 1559 1037 1637 ἁγίων
1076 1557 1426 1629 ἀποστόλων,
1486 1557 1514 1611 ὁ
1574 1555 1669 1630 μὲν
1721 1554 2029 1624 Σωσθένης,

370 1651 579 1715 οὗτινος
637 1652 669 1705 6
718 1651 877 1726 ἅγιος
939 1648 1252 1712 ἀπόστολος
1307 1644 1528 1710 Παῦλος
1587 1648 1882 1720 μέμνηται,
1915 1642 2030 1699 ἐπί-

379 1762 575 1804 σκοπος
606 1739 939 1818 Κολιφῶνος
990 1739 1219 1817 ἐγένετο·
1280 1739 1308 1793 6
1366 1734 1424 1793 δὲ
1474 1734 1766 1806 Ἀπολλὼ,
1817 1733 2029 1796 οὗτινος

2151 558 2534 617 excursiones
2564 562 2627 617 in
2658 564 2826 621 illam
2855 566 3161 639 regionem
3191 571 3477 639 facerent,
3498 578 3555 627 et
3585 573 3658 628 ad
3682 574 3805 629 lau-

2150 660 2278 700 ram
2308 652 2741 724 pervenissent,
2760 658 3033 712 excmcati
3066 666 3225 726 sunt,
3253 678 3366 717 nec
3395 662 3608 718 cellam
3638 664 3804 719 illius

2151 735 2350 792 videre
2380 746 2725 811 potuerunt.
2762 747 3003 818 Rogavit
3031 755 3230 805 autem
3258 752 3538 819 Deum,ut
3558 753 3803 822 videret,

2150 828 2451 894 quomodo
2515 831 2719 888 anima
2777 850 2807 888 e
2847 853 3094 907 corpore
3143 840 3500 910 excederet;
3563 843 3802 914 votique

2152 927 2397 985 compos
2418 915 2611 975 factus
2643 926 2750 976 est.
2780 924 2923 978 Cum
2949 942 3082 981 vero
3113 943 3306 984 annos
3338 936 3594 1001 quatuor
3623 947 3804 1001 supra

2145 1007 2384 1059 centum
2416 1006 2677 1079 vixisset,
2702 1012 2976 1084 migravit
3004 1016 3079 1071 ad
3109 1017 3449 1074 Dominum.

2793 1167 3015 1224 Eodem
3047 1169 3143 1226 die

2141 1244 2237 1298 I7
2261 1322 2273 1329 Α
2304 1247 2758 1329 Commemoratio
2808 1264 3121 1313 sanctorum
3176 1261 3552 1329 apostolorum
3599 1280 3669 1317 ea:
3725 1280 3801 1318 sc-

2202 1321 2556 1405 ptuag'inta,“
2566 1325 2867 1405 Sostlgenis,
2892 1331 3129 1405 .Apollo,
3160 1321 3372 1405 Cephea,
3390 1335 3630 1404 Tychici,
3648 1338 3799 1405 Epa-

2203 1388 2483 1461 phroditi,
2519 1396 2763 1464 Caesaris,
2794 1388 3228 1472 ct'On‘csiphoriQ

2212 1560 2294 1615 Ex
2320 1563 2413 1618 his
2446 1570 2667 1625 sanctis
2698 1575 2983 1644 apOstolis
3005 1576 3324 1634 Sosthenes
3352 1579 3798 1652 quidem,cujus

2142 1655 2383 1741 sanctus
2413 1659 2719 1727 apostolus
2749 1663 2968 1720 Paulus
2991 1667 3607 1741 meminit,episcopus
3632 1670 3803 1724 Coloo

2141 1738 2357 1827 phonis
2386 1742 2533 1813 fuit;
2568 1749 2779 1819 Apollo
2810 1759 3030 1822 autem,
3059 1756 3233 1827 cujus
3264 1738 3632 1813 mentionem
3662 1758 3805 1814 facit

380 1829 472 1884 καὶ
502 1829 655 1883 αὑτοῦ
716 1829 745 1883 6
807 1827 967 1890 αὐτὸς
1020 1825 1327 1888 ἀπόστολος
1362 1823 1634 1899 μέμνηται
1675 1821 1727 1878 ἐν
1794 1822 1864 1897 τῇ
1895 1822 2019 1897 πρὸς

2141 1826 2300 1919 idem
2330 1835 2721 1903 apostolusin
2751 1842 2944 1911 prima
2996 1844 3070 1899 ad
3118 1821 3456 1901 Corinthios
3506 1849 3799 1919 Epistola,

373 1918 689 1990 Κορινθίους
748 1918 946 1994 πρώτῃ
1008 1914 1296 1991 ἐπιστολῇ,
1355 1914 1649 1978 ἐπίσκοπος
1704 1910 2028 1985 Καισαρείας

360 2005 598 2081 ἐγένετο.
632 2008 699 2064 Ὁ
720 2005 779 2062 δὲ
811 2007 1074 2082 Τυχικὸς,
1143 2006 1207 2062 οὗ
1261 2006 1348 2061 καὶ
1413 2004 1575 2059 αὐτοῦ
1608 2004 1636 2057 ὁ
1690 2001 1854 2064 αὐτὸς
1886 2000 2024 2057 ἀπό-

357 2094 563 2158 στολος
613 2097 913 2169 μέμνηται,
975 2094 1226 2173 δεύτερος
1277 2095 1574 2158 ἐπίσκοπος
1627 2092 1763 2166 μετὰ
1814 2090 2026 2147 Σωσθέ-

358 2208 459 2256 vr,»
494 2185 842 2264 Κολοφῶνος
884 2186 1113 2262 ἐγένετσ
1151 2188 1180 2242 6
1237 2184 1293 2241 δὲ
1350 2182 1777 2260 Ἐπαφρόδιτος,
1811 2183 2025 2247 οὗτινος

357 2280 451 2335 καὶ
482 2280 660 2334 αὐτοῦ
710 2280 739 2334 6
799 2280 961 2342 αὐτὸς
1013 2277 1320 2341 ἀπόστολος
1383 2278 1680 2352 μέμνηται,
1730 2273 2025 2340 ἐπίσκοπος

357 2367 665 2445 Ἀδριάκης
720 2366 951 2445 ἐγένετοσ
1041 2370 1070 2423 6
1114 2366 1172 2424 δὲ
1234 2370 1466 2444 Καῖσαρ,
1543 2364 1607 2421 οὗ
1685 2364 1775 2421 καὶ
1861 2364 2027 2421 αὐτοῦ

358 2461 388 2515 6
448 2457 797 2521 Ἀπόστολος
849 2456 1147 2533 μέμνηται,
1202 2457 1499 2521 ἐπίσκοπος
1556 2458 1814 2532 Κορώνης
1863 2455 2026 2530 γὲγο·

357 2570 468 2604 νεν.
504 2548 680 2606 Οὗτοι
711 2549 908 2611 πάντες
936 2547 1125 2613 καλῶς
1181 2546 1664 2621 πολιτευσάμενοι,
1722 2545 1811 2599 καὶ
1863 2543 2026 2606 ὁσίως

360 2639 757 2711 ποιμάναντες,
820 2638 913 2694 καὶ
969 2633 1397 2714 κυϐερνήσαντες
1449 2638 1544 2701 τὰς
1597 2635 1879 2711 λαχούσας
1931 2632 2027 2688 αὖ·

355 2735 478 2793 τῡῖς
523 2728 886 2799 Ἐκκλησὶας,
925 2729 1015 2783 καὶ
1070 2730 1162 2785 τὸν
1218 2727 1377 2797 λαὸν,
1436 2727 1528 2783 καὶ
1560 2724 1813 2782 πολλοὺς
1845 2743 2031 2799 πειρα-

356 2817 538 2892 σμοὺς
617 2817 710 2872 καὶ
774 2817 1043 2893 βασάνους
1128 2817 1513 2891 ὑπομείναντες
1604 2814 1739 2888 ὑπὲρ
1790 2815 2028 2887 Χριστοῦ

2140 1918 2452 1992 episcOpus
2482 1929 2764 1984 Cmsareaa
2798 1949 2811 1999 ;
2845 1933 3131 2003 Tychicus
3163 1951 3322 2000 vero,
3379 1936 3452 1990 de
3485 1954 3602 2008 quo
3636 1939 3798 1992 idem

2135 2010 2380 2079 Paulus,
2413 2015 2685 2073 Sostheni
2719 2021 2778 2075 in
2811 2022 3154 2096 episcopatu
3178 2025 3537 2098 Colophonis
3561 2045 3802 2083 succes-

2138 2101 2216 2157 sit
2246 2122 2261 2168 ;
2294 2104 2754 2176 Epaphroditus,
2788 2129 2965 2182 quem
2996 2114 3155 2168 idem
3205 2116 3509 2187 apostolus
3566 2116 3797 2184 laudat,

2136 2191 2561 2251 Adriacensem
2591 2199 2917 2256 Ecclesiam
2951 2204 3265 2276 episcopus
3285 2206 3441 2261 rexit
3465 2206 3689 2275 ;Cmsar
3703 2207 3801 2261 de-

2136 2297 2323 2351 mum,
2359 2283 2531 2355 cujus
2584 2287 2743 2343 idem
2800 2291 3020 2347 Paulus
3079 2295 3377 2362 meminit,
3438 2295 3798 2351 Coronensis

2139 2370 2453 2445 episcopus
2484 2374 2614 2431 fuit.
2651 2378 2759 2443 Qui
2819 2397 3027 2437 omnes
3084 2384 3201 2439 vita
3253 2389 3414 2440 recte
3479 2390 3798 2454 transacta,

2138 2474 2380 2530 easque,
2412 2480 2544 2534 quae
2570 2466 2683 2521 sibi
2707 2467 3059 2542 obtigerant,
3094 2471 3390 2529 Ecclesias
3423 2478 3481 2529 et
3508 2475 3797 2547 populum

2141 2554 2345 2604 sancte
2377 2552 2772 2628 religioseque
2797 2560 3200 2632 gubernantes
3232 2568 3409 2634 atque
3460 2572 3795 2636 pascentes,

2138 2637 2360 2694 multas
2386 2657 2683 2702 aerumnas
2716 2664 2783 2702 ac
2814 2649 3112 2707 tormenta
3139 2669 3245 2724 pro
3276 2653 3508 2708 Christo
3544 2654 3616 2709 ab
3664 2656 3796 2710 ido-

2136 2724 2370 2783 lolatris
2428 2734 2587 2803 passi
2647 2736 3055 2809 decesserunt,
3098 2742 3330 2798 animas
3361 2760 3497 2799 suas
3546 2744 3796 2799 Domino

2140 2815 2465 2888 tradentes,
2496 2839 2605 2894 pro
2638 2842 2755 2896 quo
2787 2835 3063 2900 prompto
3092 2831 3294 2887 animo
3325 2833 3464 2887 οωδί
3496 2839 3658 2888 sunt.

357 2910 511 2984 παρὰ
568 2913 681 2963 τῶν
741 2906 1195 2983 εἷὸωλολατρῶν,
1252 2907 1673 2978 ἐτελειώθησαν,
1728 2900 2060 2979 παραδόντες
2117 2903 2213 2966 τὰς
2268 2908 2450 2983 ψυχὰς
2509 2911 2686 2968 αὐτῶν
2744 2920 2824 2988 τῷ
2882 2918 3095 2992 Κυρίῳ,
3160 2920 3293 2996 ὑπὲρ
3367 2921 3429 2976 οὗ
3490 2922 3794 2997 προθύμως

358 2997 667 3075 ἐπῳάγησαν
678 3043 690 3055 .

940 3121 1020 3193 Τῇ
1068 3117 1205 3192 αὖτῇ
1262 3119 1449 3195 ἡμέρᾳ

538 3208 664 3279 Μνή
677 3229 753 3282 μη
781 3211 879 3263 τοῦ
911 3208 1067 3263 ὁσίου
1090 3210 1303 3284 Πατρὸς
1333 3210 1496 3281 ἡμῶν
1528 3206 1836 3265 Παταπίου.

422 3390 487 3447 Ὀ
526 3388 682 3451 ὅσιος
738 3390 921 3463 πατὴρ
982 3391 1145 3463 ἡμῶν
1202 3388 1478 3452 Πατάπιος
1533 3390 1600 3459 ἦν
1660 3389 1767 3444 ἀπὸ
1822 3383 2018 3460 Θηϐῶν

360 3486 463 3546 τοῖς
492 3479 797 3553 Αἱγῦπτου’
841 3480 1137 3553 γενόμενος
1195 3477 1252 3536 δὲ
1313 3479 1580 3555 μοναχὸς,
1649 3479 1890 3548 ἀπῆλθεν
1940 3476 2019 3540 εἷς

367 3569 468 3634 τήν
545 3564 770 3643 ἐρημονο
829 3569 920 3623 καὶ
980 3567 1229 3644 ἡσύχασε
1276 3566 1526 3631 πολλοὺς
1593 3569 1849 3645 χρόνους’
1906 3569 2018 3623 εἶτα

371 3658 476 3726 τὴν
532 3654 728 3731 ἔρημον
806 3658 1152 3729 καταλιπὼν,
1210 3661 1534 3737 παρεγένετο
1593 3660 1667 3722 εἷς
1735 3666 2020 3717 Κωνσταν-

376 3745 708 3817 τινοῦπολιν,
779 3746 908 3814 ἔνθα
991 3747 1178 3805 πολλὰ
1273 3748 1660 3827 κατειργάσατο
1744 3749 2011 3823 θαύματα’

364 3834 608 3914 τυρλοίις
659 3833 959 3913 ἀναϐλέψαι
1028 3837 1118 3893 διὰ
1200 3839 1517 3913 προσευιζῆς
1592 3838 1837 3911 ἐποίησε,
1923 3846 2011 3900 καὶ

356 3924 671 4002 ὀδρωπικὸν
729 3925 820 3983 διὰ
886 3926 1125 4003 χρίσεως
1210 3930 1366 4003 ἁγίου
1424 3927 1611 3985 ἐλαίου
1668 3928 2009 4004 ἐθεράπευσε’

349 4018 440 4071 καί
475 4012 661 4092 ἕτερον
690 4014 893 4092 ἔχοντα
921 4023 1176 4092 καρκῖνον
1202 4018 1410 4088 ἰάσατο,
1471 4018 1627 4094 ὅπερ,
1682 4020 1756 4081 ὡς
1811 4019 1863 4074 οῖ
1925 4018 2011 4073 ἰα-

345 4106 468 4179 τροέ
552 4105 832 4180 λέγουσιν,
883 4101 995 4161 ἔστι
1068 4106 1240 4171 πάθος
1299 4109 1537 4163 ἀνίατον.
1591 4109 1688 4163 Καὶ
1747 4105 2011 4181 δαίμονας

346 4196 405 4250 οὗ
440 4195 616 4269 μόνον
647 4194 701 4266 ἐξ
734 4197 1061 4271 ἀνθρώπων,
1094 4195 1241 4253 ἀλλά
1286 4198 1376 4253 καὶ
1425 4197 1483 4253 ἐκ
1537 4197 1720 4253 τόπων
1775 4196 2007 4253 πολλῶν

348 4286 706 4360 βλάπτοντας
761 4285 890 4348 τοὺς
945 4286 1287 4363 ἀνθρώπους,
1327 4286 1597 4358 ἀπήλασε,
1656 4288 1747 4343 καὶ
1802 4285 2006 4358 ἐδίωξε.

345 4379 447 4431 Καὶ
482 4374 544 4430 ἆ)
562 4375 636 4430 λα
668 4373 856 4430 πολλά
906 4377 1153 4449 θαύματα
1209 4375 1434 4448 ἐποίησε
1477 4378 1704 4451 μνήμης
1744 4378 1835 4433 καὶ
1882 4400 2010 4451 συγ-

2779 3129 3001 3185 Eodem
3025 3130 3120 3186 die

2206 3216 2308 3271 18
2339 3216 2789 3273 Commemoratio
2824 3220 3006 3275 sancti
3034 3222 3219 3277 Patris
3248 3225 3426 3278 nostri
3469 3226 3718 3295 Patapii.

2201 3406 2452 3463 Sanctus
2482 3413 2651 3479 pater
2680 3414 2886 3465 noster
2912 3413 3190 3483 Patapius
3215 3413 3428 3470 Thebis
3459 3415 3522 3469 in
3544 3417 3788 3488 Aigypto

2130 3501 2328 3561 natus,
2361 3503 2599 3568 sumpto
2631 3500 3065 3556 monachorum
3095 3502 3391 3573 instituto,
3424 3504 3487 3559 in
3521 3520 3787 3561 eremum

2130 3587 2398 3655 secessit,
2433 3586 2530 3641 ubi
2569 3588 2669 3643 diu
2695 3589 2959 3660 quietam
2977 3592 3155 3647 vitam
3188 3593 3324 3665 egit.
3350 3595 3561 3649 Postea
3581 3595 3792 3651 relicta

2130 3690 2328 3730 eremo
2359 3676 2939 3750 Constantinopolim
2970 3682 3569 3755 profectus,plurima
3589 3690 3791 3755 patra-

2124 3765 2210 3819 vit
2236 3765 2528 3822 miracula
2562 3784 2574 3820 :
2608 3769 2781 3824 caacis
2814 3771 2971 3826 enim
3032 3772 3225 3827 visum
3283 3773 3562 3844 precibus
3615 3774 3787 3829 adhi-

2123 3852 2262 3909 bitis
2299 3856 2598 3911 restituit:
2632 3857 2926 3915 intercute
2986 3877 3141 3932 aqua
3196 3862 3591 3933 laborantem,
3653 3864 3785 3919 oleo

2122 3948 2326 3997 sancto
2354 3962 2582 4017 ungens
2616 3948 2842 4002 curavit
2870 3964 2883 4003 :
2926 3951 3245 4020 quemdam
3289 3969 3530 4019 cancro,
3560 3954 3782 4023 morbo,

2121 4038 2185 4087 ut
2215 4034 2431 4089 medici
2466 4035 3781 4112 aiunt,immedicabili,correptumliberavit:

2120 4121 2423 4179 daemones
2454 4142 2575 4181 non
2609 4126 2801 4182 solum
2832 4128 2905 4183 ab
2942 4129 3221 4185 humanis
3248 4132 3784 4203 corporibus,seda

2117 4216 2324 4271 multis
2354 4218 2533 4271 etiam
2568 4218 2841 4287 locis,ubi
2871 4221 3220 4277 hominibus
3249 4223 3565 4290 nocebant,
3600 4240 3784 4296 expu-

2117 4304 2188 4358 lit
2215 4306 2549 4379 fugavitque
2575 4325 2587 4362 :
2610 4309 2797 4364 multa
2824 4309 3081 4382 denique
3109 4313 3227 4367 alia
3242 4320 3577 4369 memoratu
3600 4315 3783 4386 digna

2116 4393 2386 4466 prodigia
2415 4396 2572 4451 fecit.
2607 4396 2872 4468 Cumque
2898 4399 3033 4453 talis
3058 4405 3380 4473 tantusque
3412 4407 3777 4473 esset,atque

345 4470 570 4544 τρια-,φῆς
606 4464 753 4535 ἄξια.
785 4470 1046 4528 Τοιοῦτος
1078 4463 1136 4521 δὲ
1187 4468 1508 4541 γενόμενος,
1562 4468 1652 4523 καὶ
1712 4469 1859 4545 ποιρά
1920 4468 2012 4543 βα-

2146 4499 2185 4537 n
2216 4500 2448 4539 summo
2480 4485 2707 4541 honore
2737 4486 2810 4542 ab
2841 4488 3303 4559 imperatoribus
3337 4496 3395 4546 et
3422 4492 3779 4563 patriarchis

342 4553 550 4610 σιλέων
582 4554 676 4608 καὶ
706 4559 1064 4631 πατριαρχῶν
1095 4557 1432 4629 τιμώμενος,
1490 4556 1579 4613 καὶ
1635 4557 1739 4612 ὑπὸ
1790 4555 2004 4612 πάντων

349 4641 442 4698 διὰ
468 4645 576 4712 τὴν
609 4644 812 4717 ἀρετὴν
844 4643 1008 4700 αὐτοῦ
1032 4645 1421 4720 ἀγαπώμενος,
1478 4644 1532 4700 ἐν
1576 4644 1783 4723 ίεῖρήνῃ
1841 4646 2007 4709 τέλος

337 4738 438 4789 τοῦ
468 4735 752 4808 παρόντος
786 4734 905 4810 βίου
961 4733 1202 4809 ἐδέξατο,
1233 4737 1323 4791 καὶ
1383 4733 1668 4812 παρέδωκε
1695 4739 1797 4808 τήν
1835 4759 2008 4811 μακα-

342 4822 461 4898 ρίαν
496 4822 672 4877 αὐτοῦ
723 4824 912 4898 ψυχὴν
967 4830 1048 4897 τῷ
1106 4825 1316 4901 Κυρίῳ.
1372 4826 1443 4880 Τὸ
1474 4824 1532 4881 δὲ
1588 4824 1775 4899 τίμιον
1836 4827 2008 4882 αὐτοῦ

346 4913 609 4989 λείψανον
642 4916 903 4986 κατετέθη
937 4914 990 4971 ἐν
1034 4912 1631 4994 Κωνσταντινουπρλει.

952 5040 1028 5111 Τῇ
1069 5037 1205 5113 αὗτῇ
1231 5040 1416 5112 ἡμέρᾳ

417 5151 633 5223 Μνήμη
666 5154 769 5231 τοῦ
799 5150 959 5231 ὁσίου
983 5154 1191 5229 Πατρὸς
1214 5155 1386 5231 ’ἡμῶν
1420 5154 1760 5231 Σωφρονίου,
1819 5156 1934 5212 ἐπι-

672 5222 881 5280 σκόπου
915 5222 1293 5290 Κώνσταντίας
1319 5232 1419 5296 τῆς
1452 5222 1691 5303 Κύπρου.

408 5324 471 5378 Ὀ
530 5322 685 5387 ὅσιος
764 5324 951 5397 Πατήρ
1012 5326 1175 5396 ἡμῶν
1236 5325 1556 5402 Σωφρόνιος
1637 5325 1844 5403 ἐγένετο
1900 5327 2007 5384 ἀπὸ

339 5416 440 5479 τῆς
498 5412 724 5487 Κῦπρου
779 5420 885 5483 τῆς
948 5411 1199 5487 μεγάλης
1250 5416 1442 5486 νήσου,
1519 5418 1858 5491 Χριστιανῶν
1915 5417 2004 5472 καὶ

343 5494 590 5555 εὖλαϐῶν
621 5501 828 5575 γονέων
866 5501 1010 5564 υἱός.
1045 5502 1146 5558 Ἦν
1175 5498 1233 5557 δὲ
1267 5499 1337 5557 δι’
1369 5502 1590 5579 εὐφυίαν
1647 5502 2004 5579 πολυμαθὴς,

344 5587 598 5667 ἀναγνοὺς
625 5590 917 5668 ἐπιμελῶς
944 5592 1047 5661 τήν
1118 5589 1275 5667 ἁγίαν
1327 5594 1570 5668 Γραφὴν,
1619 5594 1710 5650 καὶ
1772 5593 2004 5667 μελετή-

336 5699 427 5747 σας
452 5682 517 5739 τά
561 5682 733 5763 λόγια
797 5681 1015 5758 Κυρίου
1071 5680 1262 5745 νυκτὸς
1315 5682 1405 5737 καὶ
1462 5684 1698 5758 ἡμέρας.
1733 5686 2003 5740 Τοσοῦτον

324 5767 381 5831 δὲ
410 5773 623 5859 ἐγένετο
674 5775 968 5853 ἐνάρετος,
1018 5771 1111 5827 καὶ
1170 5767 1437 5845 εὐλαϐὴς,
1497 5770 1635 5828 ὥστε
1691 5773 1780 5828 καὶ
1841 5780 2006 5858 μεγά..

2122 4573 2196 4628 ob
2226 4590 2361 4628 suas
2375 4575 2619 4630 virtutes
2644 4577 3050 4646 haberetur,in
3077 4597 3221 4651 pace
3256 4581 3439 4637 ﬁnem
3457 4583 3772 4654 praesentis

2118 4664 2249 4717 vitae
2280 4665 2523 4736 accepit,
2564 4665 2798 4722 beatam
2830 4668 3092 4725 animam
3147 4687 3315 4727 suam
3356 4672 3607 4728 Domino
3642 4679 3772 4729 tra-

2118 4752 2267 4808 dens
2302 4771 2316 4820 ;
2349 4756 2623 4825 pretiosae
2647 4773 2780 4811 vero
2814 4758 2942 4829 ejus
2964 4759 3233 4830 reliquis)
3260 4762 3773 4834 Constantinopoli

2120 4843 2451 4912 quiescunt.

2762 5018 2983 5074 Eodem
3034 5020 3128 5076 die

2120 5104 2219 5159 I9
2258 5104 2712 5184 Commemoratio
2746 5111 2944 5184 sancti
2992 5111 3180 5166 Patris
3203 5183 3213 5184 ί
3237 5113 3415 5168 nostri
3442 5113 3770 5184 Saph-z-onii,

2513 5179 2756 5248 episcopi
2796 5179 3130 5237 Constantia:
3183 5183 3367 5254 Cypri.

2190 5324 2438 5379 Sanctus
2461 5325 2635 5379 Pater
2686 5330 2889 5380 noster
2937 5326 3303 5399 Sophronius
3334 5329 3396 5382 in
3428 5329 3615 5399 Cypro
3651 5342 3773 5383 ma-

2120 5430 2236 5484 gna
2266 5412 2465 5469 insula
2495 5414 2849 5469 Christianis
2907 5416 3140 5488 piisque
3192 5416 3541 5488 parentibus
3574 5421 3771 5482 natus,

2114 5503 2403 5560 felicitate
2422 5503 2643 5576 ingenii
2660 5505 2878 5561 multas
2893 5506 3170 5561 scientias
3183 5511 3775 5571 assecutus,sacram-

2118 5609 2234 5664 que
2267 5593 2633 5665 Scripturam
2663 5594 3007 5661 versans,in
3041 5593 3297 5665 eloquiis
3333 5592 3562 5648 Domini
3592 5598 3774 5649 noctu

2117 5683 2342 5754 diuque
2373 5681 2792 5739 meditabatur.
2816 5684 2895 5738 Eo
2924 5688 3122 5738 autem
3153 5682 3386 5737 virtutis
3415 5680 3774 5755 pietatisque

2115 5772 2427 5851 processit,
2460 5775 2527 5826 ut
2556 5777 2615 5825 et
2644 5770 2967 5826 multorum
2994 5771 3285 5825 donorum
3314 5770 3525 5844 dignus
3574 5773 3769 5840 fuerit,
