4124 6430
418 355 532 420 199

1738 343 2179 415 MENOLOGII
2222 349 2422 412 PARS
2462 350 2513 414 Ι.

3718 353 3840 415 200

417 496 476 548 et
505 492 767 565 plurima
789 491 1044 548 ediderit
1071 490 1376 548 miracula.
1404 491 1595 556 Quare
1626 493 1761 561 post
1795 485 2042 543 Damian

2181 481 2293 538 λων
2353 483 2713 560 χαρισμάτων
2770 486 3093 557 ἀξιωθῆναι,
3153 485 3244 541 καὶ
3316 485 3504 543 πολλά
3583 486 3837 560 θαύματα

417 581 781 638 sanctissimi
804 581 977 652 Cypri
1009 578 1439 651 archiepiscopi
1473 578 1722 646 obitum,
1757 576 1937 631 totius
1961 590 2066 646 po-

419 671 546 742 puli
579 671 1112 742 episcoporumque
1144 668 1441 740 suffragiis
1474 667 1783 722 ordinatur
1812 662 2061 720 sanctis-

418 760 585 815 simae
614 759 890 814 Ecclesiae
916 758 1089 830 Cypri
1112 758 1616 829 archiepiscopus.
1653 755 1934 825 Suscepto
1960 768 2067 807 au-

420 854 542 904 tem
572 849 849 904 Ecclesia:
862 848 1508 919 regimine,pauperum
1528 843 2063 914 ducem,orphano-

409 955 542 993 rum
558 938 652 1010 adj
662 937 1231 1002 utorem,viduarum
1248 933 1807 1003 defensorem,male
1822 932 2060 988 affecto-

410 1044 543 1083 rum
570 1026 1279 1095 liberatorem,nudorum
1313 1033 1547 1097 tegmen
1565 1042 1627 1080 se
1650 1021 2063 1096 praestititPer

408 1116 569 1171 hunc
591 1117 833 1172 modum
864 1133 1000 1172 cum
1036 1121 1220 1171 totum
1253 1116 1383 1171 vita;
1412 1132 1532 1169 sum
1561 1120 1794 1185 tempus
1825 1111 1955 1166 sine
1972 1110 2059 1164 of-

399 1208 704 1265 fendiculo
736 1216 795 1265 et
825 1210 954 1264 sine
986 1209 1119 1265 labe
1153 1207 1758 1277 traduxisset,Deique
1782 1201 2061 1260 mandata

400 1316 506 1370 pro
538 1298 763 1354 viribus
793 1298 1184 1370 implevisset,
1219 1299 1279 1353 in
1311 1296 1609 1370 profunda
1640 1298 1943 1351 senectute
1982 1291 2058 1347 ad

403 1389 722 1444 Dominum
756 1388 1048 1460 migravit.

973 1477 1215 1532 EODEM
1233 1477 1484 1531 MENSE.

1049 1566 1152 1621 Die
1183 1565 1418 1621 decima

401 1657 503 1714 20
532 1656 830 1713 Certamen
882 1661 1194 1711 sanctorum
1251 1660 1561 1724 martyrum
1602 1656 1794 1721 Mense,
1828 1652 2052 1705 Henna-

901 1729 1077 1796 genis,
1134 1732 1189 1781 et
1239 1725 1553 1796 Eugraphi.

479 1891 726 1945 Sanctus
779 1894 1004 1960 martyr
1033 1891 1233 1944 Menas
1292 1886 1661 1959 temporibus
1719 1885 2033 1940 Maximian

381 1996 440 2033 m
486 1979 781 2051 peratoris
812 1978 942 2032 fuit.
975 1978 1118 2032 Cum
1150 1982 1351 2032 autem
1383 1977 1443 2031 in
1489 1975 1636 2031 urbe
1694 1974 2058 2029 Alexandria

387 2084 490 2122 res
517 2067 789 2138 quaedam
820 2068 881 2121 in
903 2065 1940 2137 disceptationem,quaestionemque
1955 2080 2055 2117 vo-

396 2161 695 2219 carentur,
721 2156 940 2210 missus
971 2162 1062 2210 est
1082 2154 1154 2209 ab
1185 2155 1544 2226 imperatore
1577 2154 1651 2208 ad
1673 2153 1873 2224 jurgia
1890 2169 2053 2207 com-

394 2245 826 2317 ponenda,utis
841 2244 941 2314 qui
970 2243 1264 2315 sapientia
1280 2249 1338 2298 et
1369 2243 1714 2313 eloquentia
1726 2241 2051 2313 plurimum

390 2340 612 2406 posset.
651 2333 1073 2387 Alexandriam
1106 2334 1308 2404 itaque
1337 2332 1657 2404 profectus,
1693 2330 1927 2386 sublata
1958 2347 2052 2385 se-

389 2425 645 2494 dataque
675 2422 841 2478 omni
866 2422 1290 2489 controversia,
1324 2421 1693 2477 Christianos
1722 2420 2052 2491 promptio-

392 2531 486 2569 res
518 2513 960 2583 erectioresque
1016 2512 1296 2578 reddidit,
1360 2528 1599 2582 eosque,
1655 2510 1757 2581 qui
1842 2510 2049 2564 morbo

393 2603 600 2673 aliquo
633 2601 1000 2669 laborarent,
1033 2602 1276 2657 curavit.
1314 2602 1480 2666 Quod
1513 2600 1612 2655 ubi
1644 2600 2052 2672 cognovitim-

391 2698 649 2765 perator,
684 2691 852 2746 misit
907 2692 1339 2762 Hermogenem
1371 2691 1737 2761 praefectum,
1759 2690 1859 2760 qui
1884 2689 2048 2744 omni

390 2785 834 2836 tormentorum
867 2796 1085 2852 genere
1118 2780 1384 2836 studeret
1430 2785 1704 2835 sanctum
1735 2781 1965 2833 Menam
2015 2794 2051 2833 a

390 2871 725 2925 Christiana
756 2870 872 2925 ﬁde
902 2870 1214 2925 abducere.
1250 2872 1323 2924 At
1352 2870 1453 2925 ille
1485 2872 1669 2925 Mena}
1698 2868 1903 2923 oculos
1926 2868 2046 2939 pri-

390 2976 554 3014 mum
585 2959 813 3027 effodit,
846 2958 1062 3013 deinde
1122 2958 1386 3031 linguam
1448 2957 1733 3030 praecidit.
1768 2957 1878 3013 Sed
1911 2973 2047 3011 cum

391 3049 630 3104 sanitati
664 3049 1006 3104 restitutum
1039 3048 1211 3104 illum
1243 3054 1534 3116 cerneret,
1568 3048 1822 3104 credidit
1842 3051 1900 3102 et
1920 3046 2047 3118 ipse

396 3140 815 3211 Hermogenes,
853 3144 911 3193 et
936 3156 965 3193 a
1001 3144 1204 3193 sancto
1237 3141 1404 3194 Mena
1433 3138 1780 3210 baptizatus,
1816 3154 1950 3191 mox
1973 3134 2045 3190 ab

388 3230 482 3299 iis,
513 3231 614 3302 qui
647 3236 1045 3286 convenerant
1075 3231 1389 3301 episcopis,
1422 3229 1731 3285 ordinatus
1761 3233 1853 3283 est
1908 3226 2033 3297 epi-
2066 3230 2110 3295 C

387 3337 622 3392 scopus.
649 3321 711 3375 Id
743 3337 877 3375 vero
905 3337 1039 3375 cum
1070 3321 1414 3391 imperatori
1438 3319 1843 3375 renuntiatum
1861 3321 2038 3382 esset,

386 3408 549 3464 venit
572 3410 724 3481 ipse,
750 3426 970 3480 eosque
1002 3426 1137 3465 cum
1170 3409 1480 3482 Eugrapho
1540 3425 1645 3464 suo
1676 3407 1909 3462 notario
1968 3406 2038 3460 fi-

382 3498 517 3554 dem
532 3500 803 3571 amplexo
825 3499 1168 3572 gravissime
1191 3497 1779 3570 excruciatos,gladio
1796 3496 2039 3551 demum

380 3588 527 3643 credi
541 3589 744 3660 jussit.

1028 3679 1251 3734 Eodem
1299 3678 1395 3733 die

379 3769 477 3823 21
517 3766 810 3823 Certamen
868 3770 1049 3823 sancti
1100 3769 1395 3838 multisque
1450 3766 1840 3823 certaminibus
1898 3766 2040 3821 clari

875 3838 1101 3895 Gemelli
1146 3841 1539 3909 Paphlagonis.

451 4003 569 4057 Iste
611 4006 853 4056 sanctus
886 4019 955 4056 ex
998 4002 1239 4074 regione
1272 4002 1691 4075 Paphlagonia:
1722 4001 1852 4055 fuit.
1888 4002 2033 4056 Cum

373 4098 579 4147 autem
610 4090 899 4155 audisset,
942 4092 1244 4147 Iulianum
1276 4095 1619 4164 Apostatam
1666 4097 1913 4163 Ancyrae
1971 4092 2034 4146 in

374 4180 603 4235 Galatia
642 4196 795 4245 esse,
820 4180 969 4235 adiit
1025 4199 1185 4249 eum,
1216 4182 1707 4253 exprobravitque
1742 4182 1816 4251 ei,
1876 4180 2035 4252 quod

375 4275 646 4341 apostata
676 4276 853 4328 esset.
889 4271 1228 4342 Christique
1281 4273 1583 4327 inimicus.
1638 4271 2032 4336 Quamobrem

375 4352 722 4431 indignatus
747 4360 1343 4433 Julianus,torquere
1375 4362 1705 4416 Gomellum
1737 4361 1915 4432 ccepit
1938 4378 1949 4415 :
1976 4364 2036 4416 et

374 4450 634 4520 primum
666 4449 859 4505 ferrea
891 4455 948 4506 et
977 4452 1269 4507 candente
1299 4468 1447 4507 zona
1469 4450 2035 4517 constrictum,mul-

2174 580 2426 643 ποιῆσαι.
2461 576 2555 630 Διὸ
2584 576 2675 631 καὶ
2711 577 2849 649 μετά
2879 575 3106 640 θάνατον
3159 579 3461 649 Δαμιανοῦ,
3510 581 3612 633 τοῦ
3674 578 3840 653 ἁγιω-

2170 664 2336 719 τάτου
2368 663 2808 741 ἀρχιεπισκόπου
2838 668 3082 745 Κύπρου,
3136 665 3240 721 ὑπὸ
3295 669 3393 721 τοῦ
3445 665 3583 722 λαοῦ
3630 668 3839 732 παντὸς

2171 753 2260 808 καὶ
2317 760 2428 810 τῶν
2515 756 2825 813 ἐπισκόπων
2886 757 3303 834 προχειρίζεται
3390 756 3832 833 ἀρχιεπίσκοπος

2168 848 2271 912 τῆς
2326 843 2376 899 ἐν
2430 844 2638 922 Κύπρῳ
2693 847 3002 923 ἁγιωτάτης
3076 846 3432 918 Ἐκκλησίας·
3495 842 3835 920 παραλαϐὼν

2170 929 2228 988 δὲ
2254 934 2355 1003 τήν
2388 934 2736 1006 Ἐκκλησίαν,
2769 935 2980 1013 ἐγένετο
3034 938 3283 1008 πενήτων
3327 937 3597 1013 χορηγὸς,
3660 936 3833 1015 ὀρφα-

2166 1026 2273 1077 νῶν
2365 1024 2589 1098 βοηθὸς,
2644 1025 2839 1099 χηρῶν
2900 1028 3238 1103 προστάτης,
3326 1028 3831 1101 καταπονουμένων

2169 1110 2481 1186 λυτρωτής,
2511 1118 2734 1188 γυμνῶν
2762 1116 2958 1186 σκέπη.
3006 1115 3200 1177 Οὕτως
3233 1112 3292 1170 δὲ
3346 1114 3403 1170 ἐν
3438 1115 3556 1189 ολῳ
3612 1120 3691 1188 τῷ
3721 1116 3832 1192 βίῳ

2164 1202 2340 1264 αὐτοῦ
2397 1203 2746 1278 ἀπρόσκοπος
2809 1205 2897 1260 καὶ
2957 1202 3248 1279 ἄμεμπτος
3306 1204 3489 1283 φανεὶς
3547 1210 3629 1278 τῷ
3687 1210 3830 1277 Θεῷ,

2162 1293 2251 1347 καὶ
2286 1294 2459 1356 πάσας
2492 1294 2588 1357 τὰς
2629 1293 2853 1357 ἐντολὰς
2910 1293 3076 1351 αὐτοῦ
3130 1296 3268 1350 κατὰ
3324 1293 3554 1368 δύναμιν
3613 1294 3825 1368 ἐκπλη-

2164 1383 2362 1458 ρώσας,
2394 1383 2445 1440 ἐν
2482 1385 2764 1460 βαθυτάτῳ
2791 1387 2936 1463 γήρᾳ
2964 1386 3103 1459 πρὸς
3132 1386 3333 1462 Κύριον
3394 1382 3749 1460 ἐξεδήμησεν.

2706 1503 2889 1559 MHNl
2930 1504 3023 1581 T9
3062 1507 3258 1582 arm.

2160 1663 2427 1735 ’Ἂθλησις
2456 1668 2566 1720 τῶν
2598 1664 2767 1741 ἁγίων
2829 1665 3118 1743 μαρτύρων
3178 1672 3362 1737 Μηνᾶ,
3429 1665 3825 1743 Ἑρμογένους,

2770 1737 2862 1792 καὶ
2897 1737 3207 1817 Ε’ῗιγράφου.

2040 1869 2135 1938 iB
2173 1932 2194 1938 Δ
2240 1843 2318 1938 Ὀ.
2347 1840 2518 1938 ,ἅγιος
2580 1844 2785 1918 μάρτυς
2832 1848 3023 1938 aran
3078 1844 3146 1913 ἦν
3188 1844 3274 1900 ἐπὶ
3330 1843 3672 1938 Παξιμιανοῦ
3719 1844 3824 1901 τοῦ

2169 1930 2465 2007 βασιλέως.
2526 1933 2771 2006 Ἐγένετο
2833 1929 2891 1987 δὶ
2944 1933 3022 1995 είς
3100 1930 3511 2007 Ἀλεξάνδρειαν
3593 1934 3827 2005 ζήτησίς

2164 2025 2327 2076 τινῶν
2382 2024 2742 2098 πραγμάτων,
2802 2020 2895 2077 καὶ
2968 2020 3248 2093 ἀπεστάλη
3308 2024 3454 2097 παρά
3502 2027 3598 2078 τοῦ
3660 2023 3817 2099 βασι-

2163 2109 2327 2180 λέως,
2355 2112 2447 2165 ἳνα
2479 2110 2618 2186 λύσῃ
2650 2112 2751 2180 τὴν
2782 2109 3144 2189 φιλονεικίαν,
3202 2112 3279 2174 ὡς
3344 2110 3512 2191 σοφὸς
3573 2112 3663 2166 καὶ
3711 2111 3823 2188 ῥή-

2158 2220 2294 2275 τωρ.
2330 2199 2608 2264 Ἀπελθὼν
2641 2199 2698 2255 δὲ
2759 2199 2836 2265 εἶς
2896 2199 3322 2275 Ἀλεξάνδρειαν,
3380 2201 3470 2257 καὶ
3508 2202 3611 2270 τὴν
3652 2199 3811 2279 φιλο-

2158 2288 2359 2343 νεικίαν
2418 2285 2654 2356 διέλυσε,
2713 2288 2805 2343 καὶ
2869 2287 2998 2351 τοὺς
3056 2288 3415 2360 Χριστιανοὺς
3468 2290 3816 2365 προθυμοτέ-

2160 2398 2288 2449 ρους
2319 2377 2568 2449 ἐποίησε,
2598 2379 2686 2433 καὶ
2746 2376 2995 2443 πολλοὺς
3033 2382 3143 2433 τῶν
3187 2378 3550 2442 ἀσθενούντων
3602 2379 3816 2439 ἰάσατο.

2160 2467 2425 2532 Ἀκούσας
2485 2465 2544 2522 δὲ
2592 2472 2760 2522 ταῦτα
2814 2470 2843 2522 6
2905 2466 3180 2543 βασιλεὺς,
3238 2467 3565 2524 ἀποστέλλει
3612 2471 3818 2545 Ἑρμο-

2155 2562 2315 2635 γένην
2348 2560 2438 2614 τὸν
2472 2556 2736 2635 ἔπαρχον.
2792 2559 2881 2613 ἳνα
2941 2559 3200 2634 βασανίσῃ
3254 2560 3347 2615 τὸν
3395 2557 3544 2636 ἅγιον
3597 2563 3813 2633 Μηνᾶν,

2155 2651 2243 2706 καὶ
2324 2652 2633 2724 μεταστήσῃ
2692 2648 2849 2705 αὐτὸν
2936 2651 3042 2705 ἀπὸ
3105 2658 3206 2720 τῆς
3285 2656 3390 2707 τῶν
3464 2657 3811 2726 Χριστιανῶν

2154 2738 2412 2802 πίστεως.
2444 2740 2504 2796 Ὁ
2537 2737 2593 2794 δὲ
2659 2738 2937 2808 ἀπελθὼν,
2995 2738 3277 2818 ἐτύφλωσε
3332 2739 3427 2795 τὸν
3477 2742 3656 2815 ἅγιον,
3715 2743 3811 2798 καὶ

2152 2829 2252 2897 τήν
2283 2827 2535 2904 γλῶσσαν
2583 2828 2747 2883 αὐτοῦ
2795 2824 3003 2903 ἔκοψεν.
3054 2830 3144 2891 Ὧς
3205 2826 3263 2883 δὲ
3320 2826 3458 2885 εἶδεν
3490 2830 3653 2886 αὐτὸν
3711 2830 3814 2886 πά-

2155 2916 2242 2973 λιν
2274 2918 2591 2993 ὑγιάναντα,
2649 2917 2928 2974 ἐπίστευσε
2978 2917 3068 2974 καὶ
3128 2919 3312 2987 αὐτὸς,
3370 2918 3461 2975 καὶ
3506 2922 3651 2994 παρά
3705 2920 3806 2992 μὲν

2151 3012 2249 3063 τοῦ
2281 3006 2438 3082 ἁγίου
2473 3011 2632 3078 Μηνᾶ
2661 3004 2983 3080 ἐϐαπτίσθη’
3042 3009 3189 3085 παρὰ
3247 3007 3304 3063 δὲ
3357 3013 3467 3064 τῶν
3524 3007 3813 3072 συνελθόν-

2152 3119 2258 3153 των
2347 3096 2658 3152 ἐπισκόπων
2718 3096 3110 3173 ἐχειροτονήθη
3167 3096 3484 3161 ἐπίσκοπος.
3536 3096 3812 3163 ’Δκούσας

2153 3184 2211 3242 δὲ
2241 3188 2269 3243 ὁ
2304 3185 2582 3263 βασιλεὺς,
2615 3187 2776 3248 αὐτὸς
2828 3187 3080 3243 ἀπελθὼν
3140 3186 3522 3265 ἐτιμωρήσατο
3581 3186 3810 3251 αὐτοὺς,

2155 3278 2268 3348 ἅμα
2297 3281 2374 3349 τῷ
2401 3275 2640 3351 νοταρίῳ
2712 3275 2875 3330 αὐτοῦ
2936 3275 3210 3353 Εύγράφῳ
3266 3277 3632 3334 πιστεύσαντι.
3696 3278 3814 3334 Καὶ

2149 3364 2311 3430 τέλος
2348 3366 2646 3442 μαχαίραις
2677 3365 2987 3440 κατακόψας
3023 3366 3221 3429 αὐτοὺς
3253 3365 3486 3424 ἀνεῖλεν.

2744 3585 2830 3657 Τῇ
2856 3582 2993 3657 αὖτῇ
3024 3580 3206 3658 ἡμέρᾳ

2149 3672 2422 3744 Ἀθλησις
2468 3676 2565 3727 τοῦ
2621 3672 2781 3749 ἁγίου
2832 3672 2934 3749 καὶ.
2976 3672 3298 3749 πολυάθλου
3363 3674 3649 3747 Γεμέλλου
3707 3681 3817 3732 τοῦ

2792 3743 3168 3822 Παφλαγόνος.

2219 3834 2314 3890 Ἐκ
2359 3839 2458 3902 τῆς
2509 3832 2697 3908 χώρας
2759 3832 3143 3910 Παφλαγονίας
3198 3833 3268 3903 ἧν
3328 3832 3487 3898 οὗτος
3547 3836 3575 3890 6
3630 3835 3819 3911 ἅγιος·

2146 3922 2236 3977 καὶ
2268 3922 2501 3983 ἀκούσας
2532 3920 2616 3977 ὅτι
2670 3920 2971 3985 Ἰουλιανὸς
3029 3924 3057 3977 6
3092 3918 3420 3999 Παραιϐάτης
3466 3923 3546 3988 εἷς
3602 3926 3818 3999 Ἀγκυ-

2149 4031 2242 4086 ραν
2277 4008 2351 4067 ἔνι
2383 4017 2484 4080 τῆς
2515 4009 2805 4081 Γαλατίας,
2871 4008 3087 4079 ἀπῆλθε
3137 4012 3276 4086 πρὸς
3331 4011 3517 4082 αὐτὸν,
3554 4013 3644 4067 καὶ
3672 4034 3813 4070 οτα-

2145 4100 2257 4162 θεῖς
2299 4096 2604 4172 ἔμπροσθεν
2665 4100 2856 4172 αὐτοῦ,
2914 4097 3167 4155 ἐκάλεσεν
3224 4100 3387 4155 αὐτὸν
3452 4097 3813 4177 παραϐάτην,

2143 4190 2234 4243 καὶ
2264 4189 2464 4266 ἐχθρὸν
2495 4192 2593 4243 τοῦ
2622 4191 2880 4263 Χριστοῦ.
2919 4188 3021 4244 Καὶ
3079 4190 3204 4245 τότε
3251 4189 3544 4267 ἐπικράνθη
3580 4192 3608 4246 6
3667 4192 3815 4249 Ἰου-

2144 4281 2354 4349 λιανὸς,
2385 4279 2475 4335 καὶ
2506 4280 2708 4353 ἤρξατο
2742 4284 3007 4354 τιμωρεῖν
3042 4279 3220 4338 αὐτόν.
3257 4282 3351 4335 Καὶ
3405 4285 3621 4356 πρῶτον
3696 4282 3806 4354 μὲν

2143 4367 2339 4440 ἕζωσεν
2399 4367 2562 4424 αὐτὸν
2625 4368 2758 4442 μετά
2807 4365 3033 4443 σιδηρᾶς
3111 4371 3290 4439 ζώνης
3355 4371 3814 4444 πεπυρακτωμέ-

2143 4480 2261 4530 νης.
2296 4457 2401 4514 Καὶ
2433 4457 2749 4530 καιόμενος,
2782 4456 2872 4511 καὶ
2902 4459 2966 4512 τὸ
3010 4457 3146 4531 αἱμα
3204 4458 3341 4536 ῥέων
3373 4458 3671 4529 ἠκολούθει
3720 4466 3815 4519 τῶ

376 4545 553 4608 toque
585 4538 890 4609 perfusum
921 4541 1228 4612 sanguine,
1265 4559 1467 4597 secum
1518 4542 1579 4597 in
1610 4541 1820 4597 urbem
1852 4539 2031 4594 Edes-

376 4643 491 4648 -_...-
539 4627 694 4648 ,1---2ι
766 4627 862 4648 --ις
906 4629 1091 4648 ξμΑινηι·
1284 4631 1296 4648 1
1389 4631 1447 4648 ι⁸Ι
1566 4632 1578 4648 1
1728 4647 1733 4648 ,
1794 4647 1801 4648 κ
1828 4647 1833 4648 ,
1871 4628 2027 4648 ⁸112---

2157 4542 2438 4624 Παραϐάτῃ
2471 4550 2880 4622 περιπατοῦντι.
2942 4545 3045 4603 Καὶ
3095 4548 3185 4602 ὅτε
3236 4542 3461 4624 ἔφθασεν
3493 4546 3570 4610 εἷς
3599 4545 3810 4605 Ἔδεσ-

373 4643 498 4681 sam
531 4627 733 4695 duxit;
766 4627 866 4682 ubi
899 4629 1127 4684 subulis
1150 4631 1543 4686 candentibus
1566 4632 1846 4686 humeros
1868 4628 2031 4684 illius

370 4715 730 4786 perforavit:
785 4721 909 4771 tum
955 4718 1135 4775 clavis
1183 4719 1392 4776 ferreis
1437 4722 1500 4775 in
1561 4721 1751 4792 capite
1792 4719 2025 4785 deﬁxis,

376 4811 689 4859 extensum
723 4806 891 4860 humi
925 4795 1309 4878 sanctum,exl
1328 4817 1582 4882 quatuor
1604 4810 1871 4882 partibus
1897 4808 2027 4864 alli-

372 4894 1210 4968 gavit,pellemqueapedibus
1231 4918 1419 4971 usque
1450 4900 1524 4956 ad
1557 4898 2020 4971 caputdetraxit.

374 4983 623 5038 Domum
657 4984 717 5038 in
750 5002 985 5041 crucem
1006 4989 1424 5060 egit,manibus
1455 4990 1825 5061 pedibusque
1843 4987 2021 5043 clavis

372 5073 661 5128 conﬁxis:
699 5079 876 5146 atque
910 5077 991 5131 ita
1019 5078 1106 5132 vir
1136 5086 1379 5135 sanctus
1416 5081 1533 5134 Deo
1559 5079 1631 5135 ad
1688 5084 2019 5133 extremum

371 5163 647 5232 spiritum
673 5165 892 5235 gratias
919 5182 1118 5239 agens,
1153 5169 1429 5225 decessit.

2142 4659 2238 4693 σαν
2285 4632 2474 4709 πόλιν,
2528 4636 2695 4691 πάλιν
2757 4635 3004 4711 ἐπύρωσε
3063 4630 3318 4709 σουὸλία,
3376 4637 3464 4692 καὶ
3524 4635 3812 4713 ἐτρύπησε

2136 4726 2266 4789 τοὺς
2299 4726 2490 4800 ὤμους
2524 4725 2712 4782 αὐτοῦ’
2769 4726 2859 4780 καὶ
2924 4724 3059 4798 μετὰ
3102 4730 3269 4782 τοῦτο
3328 4725 3583 4797 ἐποίησεν
3612 4723 3803 4797 ἥλους

2138 4814 2419 4892 σιδηροῦςο
2479 4817 2566 4871 καὶ
2628 4811 2925 4886 κατέπηξεν
3014 4814 3214 4880 αὐτοὺς
3266 4815 3342 4879 εἷς
3398 4818 3496 4887 τὴν
3550 4814 3806 4892 κεφαλὴν

2134 4910 2232 4961 τοῦ
2276 4907 2455 4981 ἁγίου.
2516 4908 2653 4963 Εἶτα
2703 4902 2963 4975 ἥπλωσεν
3018 4904 3181 4960 αὐτὸν
3225 4904 3313 4960 ἐπὶ
3368 4907 3467 4975 τήν
3520 4909 3641 4980 γῆν·
3704 4907 3809 4964 καὶ

2134 4993 2323 5067 ἔδησεν
2381 4994 2440 5052 ἐκ
2495 4996 2793 5071 τεσσάρων,
2832 4995 2922 5049 καὶ
2981 4992 3211 5072 ἐξέδειρε
3276 4996 3340 5051 τὸ
3399 4994 3571 5072 δέρμα
3630 4996 3809 5055 αὐτοῦ

372 5249 479 5304 ἀπὸ
509 5255 618 5304 τῶν
651 5249 838 5307 ποδῶν
890 5250 994 5317 ἕως
1050 5264 1150 5326 τῆς
1208 5258 1474 5336 κεφαλῆς.
1537 5261 1634 5315 Καὶ
1689 5260 1825 5333 μετά
1877 5260 2046 5312 ταῦτα
2103 5242 2455 5321 σταυρωθεῖς,
2521 5237 2611 5292 καὶ
2669 5232 2833 5305 ἥλοις
2895 5234 3017 5298 τοὺς
3075 5232 3246 5297 πόδας
3298 5236 3387 5291 καὶ
3445 5235 3541 5298 τὰς
3599 5240 3804 5310 χεῖρας

374 5346 643 5417 ἦλωοεῖς,
680 5348 969 5424 ἐτελειώθη
1007 5353 1344 5431 εὐχαριστῶν
1372 5363 1450 5430 τῷ
1481 5364 1595 5431 Θεῷ
1621 5360 1786 5433 μέχρι
1816 5363 1916 5425 τῆς
1934 5346 2245 5409 τελευταίας
2270 5344 2570 5408 ἀναπνοῆς.

936 5474 1176 5529 EODEM
1214 5479 1463 5533 MENSE.

983 5564 1084 5618 Die
1116 5566 1433 5623 undecima

375 5644 475 5700 22
569 5646 850 5704 Certamen
906 5661 1222 5783 sanctozum
1270 5667 1589 5742 martyrum
1672 5663 1908 5720 Aithalae
1976 5673 2028 5721 et

1143 5743 1299 5785 man.

1096 5745 1299 5799 ApSEBt.

441 5804 545 5860 Isti
580 5809 769 5864 sancti
802 5826 871 5867 ex
899 5816 1140 5887 regione
1162 5821 1475 5881 Persarum
1502 5824 1668 5883 fuere
1703 5832 1795 5885 :et
1823 5831 2030 5889 Aitha-

2694 5452 2876 5509 MHNI
2916 5457 3005 5506 ΤΩ
3048 5455 3236 5511 ΑΥΤΩ.

2896 5569 3004 5624 ΙΑ’.

2241 5663 2513 5734 νλθλησις
2569 5662 2679 5714 τῶν
2737 5656 3246 5804 ψμαρτύρων
3281 5659 3541 5716 Ἀειθαλᾶ
3595 5659 3687 5715 καὶ

2969 5750 3036 5788 ει,

2211 5829 2307 5887 Ἐκ
2362 5832 2461 5897 τῆς
2520 5821 2713 5897 χώρας
2760 5823 2869 5876 τῶν
2930 5822 3148 5896 Περσῶν
3220 5818 3469 5896 ἐγένοντο
3527 5821 3679 5877 οὗτοι
3742 5822 3804 5877 οἱ
