4124 6430
337 390 450 451 901

1803 389 2242 451 DECEMBER.

3664 407 3786 468 202

340 527 509 601 ἅγιοι.
540 524 605 581 Ὀ
637 522 700 579 δὲ
756 523 1009 587 Αἱθαλὰς
1038 523 1220 602 ἱερεὺς
1273 527 1386 581 τῶν
1443 521 1694 580 εἷδώλων
1748 524 2004 600 ὑπάρχων

2131 524 2221 581 las
2250 528 2495 597 quidem
2523 529 2821 591 idolorum
2853 538 3132 595 sacerdos
3168 539 3348 595 ﬁdem
3380 539 3595 595 Christi
3628 540 3790 597 hunc

343 615 696 691 ἕκιγινώσκιι
755 618 858 684 τὴν
922 616 1000 679 είς
1055 616 1293 691 Χριστὸν
1381 614 1563 672 πίστιν
1645 614 1752 670 ἀπὸ
1844 614 2021 679 αἰτίας

342 703 605 774 τοιαύτης
642 723 657 737 '
718 704 1013 775 Ἦσθένησε
1066 705 1160 760 καὶ
1246 703 1554 778 ἐνεθυμήθη
1624 701 1882 759 ἀπελθεῖν
1941 703 2019 765 εἰς

348 795 437 850 τὸν
466 793 771 851 ὲπισκοπον
821 800 930 850 τῶν
977 797 1343 870 Χριστιανῶν,
1394 792 1487 849 ’ίνα
1544 797 1881 870 θαραπευθῇ.
1916 792 2019 850 Καὶ

362 885 541 949 εὐθέως
577 886 823 962 ὑγίανεν.
860 888 998 943 Εἶτα
1026 886 1313 960 ἁπήρχετο
1344 884 1420 948 εἷς
1478 887 1580 955 τήν
1635 882 1778 939 ἰδίαν
1828 883 2018 955 πόλιν,

357 978 444 1031 ’ἕνα
480 975 603 1037 τοὺς
664 980 947 1050 συγγενεῖς
1004 974 1169 1030 αὐτοῦ
1223 971 1409 1049 διδάξῃ
1463 972 1708 1050 γενέσθαι
1760 993 2017 1049 Χριστια-

359 1066 504 1129 νοὺς.
562 1065 672 1122 Καὶ
738 1064 927 1137 μαθὼν
979 1068 1143 1120 τοῦτο
1202 1065 1231 1120 ό
1286 1061 1513 1140 ἄρχων,
1568 1062 1785 1119 ἐπίασεν
1830 1062 2012 1119 αὐτὸν*

350 1158 437 1213 καὶ
468 1155 649 1230 κόψας
674 1155 746 1210 τὰ
773 1154 912 1210 ὠτία
962 1154 1151 1221 αὐτοῦ,
1205 1150 1455 1209 ἐνέϐαλεν
1518 1153 1596 1216 εἷς
1652 1151 1924 1233 φυλακήν.
1956 1155 2019 1212 Ὁ

347 1244 406 1303 δὲ
437 1244 594 1320 ἅγιος
653 1247 849 1319 ’Ἂψεῖς
890 1245 1112 1319 ὑπῆρχε
1169 1240 1435 1304 διάκονος·
1472 1243 1560 1299 καὶ
1608 1243 1900 1318 κρατηθεὶς
1927 1244 2019 1299 καὶ

348 1337 565 1405 αὐτος,
620 1335 710 1389 καὶ
776 1334 872 1389 τὸν
928 1334 1160 1409 Χριστὸν
1223 1331 1585 1407 ὁμολογήσας
1620 1376 1634 1403 ,
1690 1337 2017 1409 τιμωρεῖται

344 1426 604 1501 ἰσχυρῶς
638 1469 652 1483 .
715 1426 850 1479 Εἶτα
917 1422 1341 1499 παραπέμπεται
1395 1425 1476 1493 τῷ
1532 1420 1837 1497 ἆρχιμάγῳ
1884 1422 2019 1494 μετὰ

338 1520 443 1571 τοῦ
476 1514 643 1590 ἁγίου
670 1513 951 1578 ’Λειθαλά.
982 1515 1044 1572 Ὁ
1085 1510 1143 1569 δὲ
1193 1512 1507 1589 ἀρχιμάγος
1563 1510 1762 1588 εΐσάγει
1820 1510 2016 1576 αὐτοὺς

348 1606 487 1679 πρὸς
533 1604 634 1659 τὸν
694 1600 944 1678 βασιλέα.
1007 1600 1113 1659 Καὶ
1165 1602 1533 1676 ἡρωτήθησαν
1593 1600 1865 1676 παρόντος
1919 1604 2016 1655 τοῦ

361 1696 702 1769 ἆρχιμάγου,
741 1692 831 1748 καὶ
883 1692 1035 1769 παρὰ
1089 1695 1187 1746 τοῦ
1235 1687 1526 1764 βασιλέως,
1586 1689 1679 1745 καὶ
1735 1710 2015 1765 κατηναγ-

364 1786 631 1853 κατθησαν
665 1782 1003 1856 ἀρνήσασθαι
1027 1780 1120 1836 τὸν
1151 1779 1415 1854 Χριστόν.
1476 1779 1582 1836 Καὶ
1640 1776 1771 1834 ἰδὼν
1820 1778 2016 1842 αὐτοὺς

365 1876 393 1929 ὁ
423 1870 673 1949 βασιλεὺς
708 1873 794 1927 ὅτι
839 1869 938 1926 οὐκ
967 1871 1255 1947 ἀρνοῦνται
1297 1869 1389 1924 τὸν
1450 1868 1710 1940 Χφιστὸν,
1744 1868 2015 1947 ἀπεκεφά-
2043 1881 2092 1944 Β

356 1962 498 2019 λισεν
528 1962 760 2025 αὐτοὺς.
792 1959 898 2019 Καὶ
920 1960 1093 2023 οὕτως
1120 1959 1535 2031 ἐτελειώθησαν.

921 2079 1008 2152 Tit
1061 2076 1200 2151 αὗτῇ
1255 2072 1438 2153 ἡμέρᾳ

350 2201 562 2272 κνήμη
593 2202 696 2254 τοῦ
728 2196 882 2253 ὁσίου
912 2195 1325 2290 Πέξρὸςκήιιλῶΐ
1347 2192 1553 2290 Δχανιὴλ
1612 2192 1711 2251 τοῖ’)
1743 2194 2010 2252 Στυλίτου

883 2272 983 2324 τοῦ
1010 2266 1064 2325 ἐν
1095 2272 1176 2341 τῷ
1202 2266 1482 2341 Ἀνάπλῳ.

413 2384 596 2448 Οὗτος
654 2385 877 2461 ὑπῆρχε
907 2386 1003 2459 μὶν
1029 2382 1120 2439 ἐπὶ
1160 2389 1262 2454 τῆς
1314 2380 1596 2459 βασιλείας
1652 2383 1881 2445 Λέοντος
1910 2387 2008 2438 τοῦ

344 2475 622 2551 μεγάλων
682 2473 898 2551 ἐγένετο
985 2471 1044 2529 δὲ
1116 2472 1223 2528 ἀπὸ
1278 2471 1702 2546 Μεσοποταμίας
1740 2479 1842 2543 τῆς
1899 2479 2005 2528 Συ-

341 2567 487 2642 ρίας.
522 2563 830 2635 Πεπαέτης
887 2560 945 2619 δὲ
990 2563 1308 2638 γενόμενος,
1340 2560 1584 2631 ἀπῆλθεν
1637 2561 1693 2618 ἐν
1730 2583 2004 2635 μοναστη-

338 2658 450 2731 ρίῳ
480 2703 497 2727 ,
552 2654 648 2710 καὶ
709 2653 919 2729 ἐγένετο
982 2652 1244 2728 μοναχός·
1304 2650 1407 2709 Καὶ
1463 2652 1597 2725 μετὰ
1642 2656 1805 2708 τοῦτο
1862 2672 2006 2728 παρ-

338 2747 558 2821 εγένετο
588 2744 683 2799 καὶ
714 2744 850 2818 πρὸς
902 2744 996 2797 τὸν
1055 2743 1219 2818 μέγαν
1274 2741 1500 2814 Συμεὼν
1559 2741 1649 2796 τὸν
1708 2740 2001 2811 Στυλίτηνσ

336 2836 430 2890 καὶ
490 2833 775 2909 εὐλογήοη
836 2832 962 2907 παρ’
1014 2830 1238 2887 ἐκείνου·
1297 2828 1357 2885 ἐκ
1414 2833 1548 2885 θεοῦ
1606 2827 1664 2885 δὲ
1722 2827 2007 2885 ἀποκαλύ-

335 2931 487 3000 ψεως
522 2923 696 2994 ἠλθεν
729 2921 783 2977 έν
830 2926 911 2994 τῷ
955 2918 1236 2993 Ἀνάπλῳ.
1297 2921 1397 2975 Καὶ
1444 2917 1762 2975 ἀπέκλεισεν
1816 2920 2005 2975 ἑαυτὸν

344 3015 534 3085 ἒνναῷ
568 3016 682 3069 τῶν
745 3008 1019 3079 εἲδώλων,
1075 3009 1325 3072 πολλοὺς
1378 3008 1719 3086 πειρασμοὺς
1774 3010 2002 3082 ὑπομεί-

353 3128 447 3169 νας
496 3106 601 3161 sas
660 3109 777 3159 τῶν
834 3099 1135 3176 δαιμόνων.
1195 3102 1300 3159 Καὶ
1362 3102 1496 3176 μετὰ
1549 3105 1712 3157 τοῦτο
1766 3101 2000 3168 ἀνῆλθεν

342 3197 418 3258 εἷς
475 3194 658 3263 κίονα,
711 3193 802 3248 καὶ
860 3191 1071 3268 ἰγένετο
1129 3189 1407 3260 στυλίτης,
1473 3190 1563 3246 καὶ
1616 3190 1740 3247 οὔτε
1797 3195 2000 3269 ψῦχος,

346 3250 359 3251 ,
400 3250 417 3258 ,
548 3250 553 3251 ,
646 3250 657 3263 ,
901 3250 912 3268 ,
1812 3250 1821 3267 _
1878 3250 1915 3269 η,
1961 3250 1992 3258 ,γ

338 3286 466 3342 οὕτε
491 3287 704 3356 καῦμα,
762 3281 892 3337 οὕτε
938 3279 1138 3354 ἄνεμος
1166 3280 1409 3351 ἐνίκησεν
1442 3280 1607 3336 αὐτοῦ
1661 3283 1762 3352 τήν
1815 3304 2002 3359 καρτε·
2032 3250 2076 3317 C

340 3376 486 3453 ρίαν.
548 3373 846 3445 Ἐποίησεν
918 3373 1009 3428 οὗν
1073 3371 1261 3429 πολλᾶ
1307 3373 1577 3447 θαύματα’
1619 3373 1710 3429 καὶ
1774 3379 2003 3446 προεῖπε

342 3467 437 3521 καὶ
508 3463 880 3538 ἐμπρησμοὺς
953 3465 1053 3532 τῆς
1138 3459 1355 3525 πόλεως
1438 3463 1527 3517 καὶ
1615 3460 1996 3539 μεταλλαγάς.

350 3556 631 3628 ’Πγαπῆθη
708 3550 768 3608 δὲ
825 3552 974 3627 παρᾶ
1028 3550 1266 3606 πάντων
1331 3550 1422 3606 καὶ
1478 3551 1736 3607 τοσοῦτον
1791 3551 2000 3627 ἐγένετο

358 3642 777 3716 θαυμαστὸς,ὡς
807 3642 900 3697 καὶ
952 3642 1043 3696 τὸν
1094 3639 1320 3717 βασιλέα
1380 3640 1583 3696 Λέοντα
1637 3641 1776 3716 πρὸς
1834 3641 1996 3697 αὐτὸν

362 3733 682 3808 ἀπέρχεσθαι
728 3731 894 3808 χάριν
955 3730 1151 3801 εὐχῆς.
1210 3731 1313 3787 Καὶ
1365 3732 1491 3806 παρ’
1549 3729 1756 3786 ἐκείνου
1814 3730 2002 3788 πολλὰ

353 3820 431 3884 εἷς
484 3822 662 3897 ψυχὴν
736 3819 1073 3899 ὡφελεῖσθαι
1103 3861 1118 3886 ,
1175 3818 1266 3874 καὶ
1314 3815 1704 3894 φιλάνθρωπον
1759 3819 1999 3894 γίνεσθαι

340 3919 457 3977 τοῖς
483 3910 793 3971 πταίουσιν.
827 3909 985 3966 Οὕτω
1012 3907 1068 3965 δὲ
1098 3904 1304 3974 ϐιώσας
1324 3906 1638 3982 ἐτελειώθη.

910 4029 1092 4087 ΜΗΝΙ
1120 4029 1211 4085 ΤΩ
1237 4030 1434 4086 ΑΥΤΩ.

1129 4148 1215 4205 IB‘

335 4273 551 4345 Μνήμη
582 4292 683 4326 του
714 4269 895 4345 Δόσίου
955 4268 1167 4345 Πατρός
1210 4269 1371 4341 ἡμῶν
1435 4266 1787 4345 Σπυρίδωνος
1842 4267 1997 4323 ἐπισο

660 4342 841 4397 κόπου
878 4338 1270 4416 Τριμιθόὖντος
1299 4345 1399 4409 τῆς
1430 4338 1671 4415 Κύπρου.

402 4464 468 4520 Ὀ
557 4459 716 4523 ὅσιος
797 4459 983 4535 Πατὴρ
1055 4460 1219 4533 ἡμῶν
1275 4455 1590 4531 Σπυρίδων,
1648 4457 1860 4535 ἐγένετο
1909 4458 1997 4515 ἐπὶ

334 4551 770 4609 Κωνσταντίνου
824 4552 926 4603 τοῦ
1006 4548 1296 4624 βασιλέως,
1366 4547 1462 4603 τὸν
1513 4543 1717 4625 τρόπον
1764 4546 1996 4622 ἁπλοῦς⁹

329 4644 433 4711 τὴν
469 4638 702 4716 καρδίαν
759 4637 1033 4701 ταπεινός.
1091 4636 1392 4711 Ἐποίμανε
1450 4635 1510 4693 δὲ
1560 4631 1830 4712 πρόϐατα.
1891 4638 1993 4694 Καὶ
2027 4625 2070 4689 D

329 4736 570 4806 γυναῖκα
599 4724 925 4796 λαϐὼν,καὶ
979 4725 1242 4803 θυγατέρα
1296 4729 1577 4802 γεννήσας,
1639 4724 1753 4782 ἐπεὶ
1813 4726 1990 4799 ἐκείνη

332 4821 601 4885 ἀπέθανεν
637 4863 653 4887 ,
703 4816 911 4893 ἐγένετο
970 4816 1265 4880 ἐπίσκοπος
1298 4835 1311 4849 ⁸
1369 4817 1552 4893 γέγονε
1610 4812 1669 4870 δὲ
1719 4816 1809 4871 καὶ
1866 4818 1991 4872 θαυ-

336 4908 656 4987 ματουργός
691 4955 705 4968 .
799 4907 900 4965 Καὶ
952 4909 1059 4984 γὰρ
1109 4907 1162 4963 ἓν
1213 4902 1455 4983 ἀϐροχία
1511 4907 1859 4983 προσηύξατο
1903 4909 1994 4963 καὶ

330 4997 539 5075 ἔϐρεξε.
574 5000 677 5055 Καὶ
729 4998 836 5054 ἀπὸ
898 4996 1068 5071 λιμοῦ
1118 4996 1366 5068 εὐθηνίαν
1425 4996 1669 5071 ἐποίησε,
1730 4998 1819 5052 καὶ
1872 4993 1993 5075 ὄφιν

335 5085 643 5165 μετέϐαλεν
703 5087 780 5153 εἷς
808 5092 1069 5164 χρυσοῦνο
1104 5089 1196 5143 καὶ
1225 5087 1392 5143 πάλιν
1443 5108 1536 5143 τον
1597 5089 1801 5164 χρυσὸν
1862 5090 1997 5162 μετᾶ

327 5178 393 5234 τὸ
425 5176 657 5246 δοθῆναι
686 5174 964 5251 ἐνέχυρον,
996 5174 1086 5230 καὶ
1118 5172 1455 5230 δανείσασθαι
1500 5175 1592 5229 τὸν
1624 5176 1873 5250 πτωχὸν,
1903 5175 1996 5231 καὶ

332 5272 661 5339 ζῆσαι,μετε
693 5265 918 5334 ποίησεν
949 5264 1026 5327 εἷς
1051 5260 1193 5343 ὅφιν,
1215 5265 1303 5320 καὶ
1341 5261 1595 5320 ἀπέλυσε·
1628 5264 1717 5320 καὶ
1746 5264 1993 5337 ποταμὸν

327 5351 607 5431 τρέχοντα
634 5349 878 5426 ἔστησεν·
911 5353 1052 5422 ἦλθε
1091 5350 1149 5408 δὲ
1204 5352 1281 5415 είς
1332 5353 1431 5421 τὴν
1466 5351 1519 5408 ἐν
1552 5352 1752 5425 Νικαίᾳ
1773 5350 1994 5408 σύνοδον

328 5446 420 5500 καὶ
478 5445 791 5522 κατῄσχυνε
843 5442 980 5505 τοὺς
1036 5443 1331 5516 algu-uxor
1393 5443 1529 5516 γυνή
1591 5439 1649 5497 δέ
1702 5463 1785 5504 τις
1825 5440 1998 5498 ἔδωκε

327 5537 398 5608 τῇ
457 5534 681 5612 θυγατρί
748 5532 922 5591 αὐτοῦ
1009 5531 1488 5607 παρακαταθήκην·
1569 5532 1685 5586 εἶτα
1741 5532 1998 5586 ἀπέθανεν

329 5625 636 5707 ἧθυγᾶτηρ
678 5627 882 5696 αὐτοῦ,
935 5622 1028 5679 καὶ
1090 5622 1167 5695 μὴ
1226 5621 1615 5697 εὐρισκομὲνης
1664 5626 1763 5691 τῆς
1821 5641 1994 5697 παρα-

325 5725 656 5793 καταθῆκης,
733 5716 1041 5795 ἠρώτησεν
1097 5711 1127 5765 ὁ
1180 5711 1353 5789 γέρων
1417 5711 1521 5780 τήν
1605 5712 1819 5785 νεκρὰν,
1905 5708 1994 5767 καὶ

624 5851 921 5917 Ρλτιιοι.
971 5840 1088 5902 Gn.
1135 5839 1373 5904 CXVII.

2128 614 2192 670 in
2224 616 2470 674 modum
2492 623 2781 693 cognovit.
2805 625 2951 681 Cum
2970 628 3177 683 morbo
3199 628 3792 697 laboraret,decrevit

2128 708 2474 782 episcopum
2531 714 3007 775 Christianorum
3065 722 3251 791 adire,
3309 728 3378 778 ut
3433 730 3789 779 curaretur:

2128 813 2244 867 quo
2268 797 2423 854 facto
2457 804 2658 859 statim
2700 809 3037 865 convaluit:
3075 816 3200 866 tum
3233 813 3294 867 in
3325 812 3579 884 patriam
3612 813 3793 869 rediit

2126 894 2193 942 ut
2212 891 2583 963 propinquos
2609 895 2681 949 ad
2706 896 3102 955 Christianam
3125 901 3479 974 religionem
3504 903 3784 959 traheret.

2127 977 2294 1041 Quod
2324 979 2426 1034 ubi
2458 984 2732 1055 cognovit
2760 987 3097 1056 praefectus,
3130 992 3651 1062 comprehensum,
3686 1009 3789 1047 au-

2126 1067 2411 1141 ribusque
2441 1073 2803 1144 mutilatum,
2826 1076 2883 1132 in
2905 1093 3205 1135 carcerem
3233 1080 3784 1138 detruisit.Sanctus

2126 1173 2262 1213 vero
2285 1161 2531 1232 Apsmus
2553 1162 2845 1221 diaconus
2865 1169 3333 1239 comprehensus
3366 1177 3423 1226 et
3452 1171 3602 1242 ipse,
3624 1174 3795 1229 Chri-

2126 1251 2408 1319 stumque
2438 1251 2764 1321 professus,
2812 1261 3127 1327 postquam
3159 1260 3542 1317 acerbissime
3574 1278 3787 1320 excru-

2125 1336 2316 1393 ciatus
2346 1338 2578 1411 fuisset,
2606 1343 2864 1400 mittitur
2882 1348 2955 1402 ad
2976 1365 3285 1422 magorum
3312 1353 3646 1425 principem
3666 1371 3791 1411 una

2125 1443 2260 1483 cum
2294 1434 2498 1486 sancto
2528 1433 2784 1491 Aithala.
2818 1436 2897 1491 At
2927 1455 3231 1511 magorum
3256 1442 3533 1514 princeps
3554 1444 3691 1501 illos
3713 1444 3786 1501 ad

2123 1532 2323 1590 regem
2356 1520 2724 1577 intromisit:
2754 1542 2870 1595 quo
2913 1534 3232 1599 praesente,
3278 1547 3413 1587 cum
3446 1549 3480 1588 a
3508 1549 3644 1605 rege
3694 1534 3785 1589 in-

2122 1610 2575 1681 terrogarentur
2604 1617 2783 1684 atque
2814 1615 3201 1686 adigerentur
3247 1620 3547 1676 Christum
3593 1623 3785 1679 abne-

2123 1711 2284 1767 gare,
2328 1714 2437 1753 nec
2496 1705 2695 1757 tamen
2751 1703 2823 1758 ad
2883 1704 2942 1759 id
3003 1707 3203 1762 induci
3266 1715 3530 1779 possent,
3592 1713 3785 1783 capite

2121 1786 2465 1844 obtruncati
2500 1790 2808 1849 ﬁnierunt.

2774 2092 2995 2149 Eodem
3027 2094 3122 2150 die

2121 2203 2223 2261 28
2279 2207 2734 2265 Commemoratio
2784 2214 2964 2268 sancti
3023 2214 3204 2270 Patris
3279 2218 3458 2272 nostri
3532 2218 3774 2275 Danielis

2651 2282 2869 2351 Stylitae
2897 2286 2956 2338 in
2984 2286 3227 2356 Anaplo.

2190 2395 2291 2450 Hic
2322 2395 2385 2451 in
2417 2398 2841 2469 Mesopotamia
2880 2401 3059 2473 Syria:
3092 2407 3289 2471 natus,
3323 2404 3514 2461 Leone
3554 2423 3772 2480 magno

2116 2484 2635 2556 imperatore,cum
2664 2505 2852 2545 annos
2871 2491 3137 2563 quinque
3159 2499 3377 2566 ageret,
3396 2495 3460 2550 in
3474 2503 3775 2552 monaste-

2115 2575 2271 2631 rium
2304 2576 2624 2647 profectus,
2658 2574 2990 2637 monachus
3019 2581 3208 2638 factus
3241 2589 3348 2639 est.
3391 2587 3605 2643 Postea
3634 2604 3772 2659 per-

2112 2665 2269 2720 rexit
2297 2666 2369 2721 ad
2400 2683 2680 2740 magnum
2710 2670 3046 2726 Simeonem
3074 2672 3367 2744 Stylitam,
3401 2676 3502 2746 qui
3554 2682 3610 2731 et
3656 2679 3770 2734 Da-

2118 2754 2262 2809 nieli
2296 2755 2619 2812 benedixit.
2654 2760 2799 2814 Tum
2833 2777 2899 2816 ex
2921 2762 3117 2818 divina
3136 2764 3498 2822 revelatione
3521 2768 3580 2821 in
3611 2774 3766 2824 Ana-

2114 2844 2277 2916 plum
2320 2845 2639 2916 profectus,
2704 2865 2765 2904 se
2826 2850 2887 2904 in
2945 2851 3244 2908 idolorum
3299 2855 3438 2911 fano
3500 2857 3765 2929 inclusit,

2115 2934 2319 2990 multis
2349 2936 2641 2993 molestiis
2671 2955 2705 2993 a
2736 2939 3109 2996 daemonibus
3135 2944 3401 3000 allectus.
3458 2947 3763 3002 Postremo

2113 3041 2442 3082 conscensa
2472 3027 2753 3084 columna
2781 3028 2970 3084 factus
3002 3036 3092 3086 est
3121 3032 3330 3103 Stylita
3363 3051 3376 3088 :
3409 3035 3580 3105 cujus
3611 3054 3762 3092 con-

2114 3114 2420 3178 stantiam,
2453 3121 2631 3187 atque
2662 3118 2846 3173 animi
2891 3120 3236 3177 firmitatem
3286 3122 3455 3178 nulla
3506 3124 3766 3194 frigoris,

2115 3204 2283 3260 nulla
2314 3211 2514 3274 astus,
2549 3208 2717 3263 nulla
2744 3214 3052 3265 ventorum
3082 3211 3168 3265 vis
3199 3210 3471 3284 frangere
3502 3231 3767 3285 unquam

2114 3296 2325 3366 potuit.
2360 3295 2539 3351 Multa
2568 3297 2748 3369 igitur
2798 3299 3088 3356 miracula
3141 3303 3413 3371 patravit,
3476 3303 3768 3375 Urbisque

2110 3382 2389 3439 incendia
2416 3385 2900 3456 mutationesque
2933 3387 3225 3458 prmdixit,
3247 3395 3305 3443 et
3324 3390 3602 3446 omnibus
3625 3391 3768 3448 cha-

2108 3491 2210 3529 rus
2240 3474 2370 3541 fuit,
2403 3480 2581 3545 atque
2615 3475 2697 3529 ita
2726 3474 3121 3544 admirabilis,
3179 3482 3246 3532 ut
3276 3479 3388 3533 Leo
3438 3481 3768 3551 imperator

2108 3563 2182 3619 ad
2214 3580 2349 3619 eum
2380 3563 2710 3630 accederet,
2759 3569 2826 3619 ut
2884 3565 3014 3636 ejus
3070 3582 3277 3638 preces
3327 3568 3695 3640 deposceret,
3731 3588 3765 3626 a

2107 3669 2224 3724 quo
2255 3652 2447 3709 multa
2466 3653 2586 3709 alia
2615 3653 2831 3709 anima)
2861 3654 3035 3711 utilia
3064 3654 3292 3721 didicit,
3356 3662 3479 3713 tum
3524 3658 3672 3715 illud
3705 3661 3765 3715 in

2106 3743 2338 3813 primis,
2369 3747 2435 3797 ut
2464 3743 2913 3799 misericordem
2937 3762 2998 3800 se
3025 3762 3163 3815 erga
3183 3746 3603 3819 delinquentes
3625 3767 3770 3820 pra:-

2106 3834 2293 3890 beret.
2331 3833 2495 3889 Hunc
2526 3833 2586 3888 in
2619 3834 2866 3890 modum
2901 3840 3105 3892 exacta
3133 3837 3252 3893 vita
3282 3837 3556 3897 decessit.

2654 4044 2894 4100 EODEM
2933 4045 3186 4101 MENSE.

2684 4160 2789 4216 Die
2818 4160 3174 4217 duodecima

2106 4275 2209 4332 24
2240 4275 2694 4350 Commemoratio
2712 4278 2926 4350 sancti
2947 4278 3141 4350 Patris,
3180 4280 3357 4334 nostri
3409 4281 3760 4350 Spyridionis

2431 4345 2678 4417 episcopi
2708 4346 3094 4402 Trimithuntis
3124 4349 3183 4403 in
3214 4350 3414 4421 Cypro.

2177 4462 2425 4517 Sanctus
2454 4463 2630 4516 Pater
2660 4466 2864 4517 noster
2884 4462 3204 4533 Spiridion,
3233 4463 3623 4521 Constantino
3649 4465 3759 4521 im—

2105 4556 2398 4622 peratore,
2430 4550 2520 4605 vir
2576 4550 2839 4605 moribus
2889 4550 3163 4623 simplex,
3214 4553 3389 4608 corde
3439 4554 3757 4624 demissus,

2103 4657 2240 4696 oves
2282 4640 2583 4712 pascebat.
2647 4639 2942 4696 Defuncta
2998 4658 3202 4711 uxore,
3266 4660 3335 4697 ex
3395 4660 3511 4715 qua
3568 4643 3758 4700 ﬁliam

2104 4737 2467 4803 susceperat,
2499 4731 2813 4802 episcopus
2845 4732 3175 4801 ordinatus,
3218 4733 3469 4807 insignis
3500 4736 3762 4791 miracu-

2104 4822 2299 4878 lorum
2330 4825 2594 4893 patrator
2647 4820 2803 4875 fuit:
2856 4838 2996 4877 nam
3050 4823 3112 4877 in
3157 4825 3417 4880 maxima
3473 4825 3763 4887 siccitate.

2104 4909 2380 4981 precibus
2412 4908 2535 4963 suis
2565 4907 2827 4979 pluviam
2857 4908 3232 4981 impetravit:
3286 4910 3348 4967 in
3397 4929 3633 4971 summa
3677 4912 3761 4967 rei

2104 4995 2511 5052 frumentariam
2537 4995 3067 5064 caritate,annonaa
3079 4997 3509 5055 abundantiam
3524 5000 3728 5055 intulit
3748 5017 3761 5053 :

2106 5089 2447 5158 serpentem
2474 5085 2537 5140 in
2570 5102 2781 5141 aurum
2809 5087 3117 5155 convertit,
3150 5106 3479 5160 rursusque
3526 5105 3762 5155 aurum,

2106 5180 2423 5247 postquam
2466 5191 2695 5247 pauper
2748 5191 2815 5230 eo
2873 5176 3261 5250 oppignerato
3312 5178 3599 5233 alimenta
3648 5177 3760 5233 sibi

2106 5263 2491 5336 comparavit,
2523 5262 2598 5318 ad
2628 5263 2942 5335 pristinam
2971 5266 3265 5337 serpentis
3296 5272 3571 5321 naturam
3594 5282 3762 5320 revo-

2107 5354 2275 5419 cavit,
2308 5357 2487 5425 atque
2519 5353 2788 5408 dimisit:
2839 5354 3062 5410 flumen
3114 5355 3559 5426 rapidissimum
3606 5371 3756 5409 con-

2106 5443 2317 5499 sistere
2347 5442 2506 5496 fecit.
2538 5442 2814 5497 Interfuit
2843 5450 2901 5498 et
2928 5443 3190 5497 Concilio
3244 5444 3500 5500 Nicaano.
3556 5447 3614 5498 et
3638 5443 3758 5497 hae-

2105 5534 2323 5590 reticos
2351 5533 2638 5590 confudit.
2673 5533 2881 5588 Mulier
2912 5533 3183 5604 quaedam
3210 5534 3340 5604 ejus
3374 5534 3510 5588 ﬁliae
3532 5533 3763 5605 deposi-

2107 5628 2233 5679 tum
2264 5620 2592 5678 tradiderat
2622 5639 2635 5677 :
2668 5638 2856 5692 eaque
2888 5621 3200 5688 exstincta,
3234 5637 3369 5675 cum
3392 5628 3762 5692 quaareretur

2106 5710 2467 5785 depositum,
2500 5709 2884 5783 interrogavit
2912 5713 3152 5764 sanctus
3205 5725 3386 5766 senex
3441 5717 3759 5781 mortuam,

3438 5841 3475 5897 7
