4124 6434
416 434 535 496 203

1740 413 2164 477 MENOLOGII
2209 411 2413 472 PARS
2456 412 2538 471 II.

3717 401 3837 461 204

415 586 548 643 quas
580 561 970 637 respondens,
997 557 1217 623 locum,
1249 550 1351 607 ubi
1383 554 1511 606 erat
1567 549 1926 621 depositum,
1972 549 2063 603 in-

2201 544 2387 643 iuoxpt
2440 545 2592 605 θεῖσα
2646 539 2814 608 εἶπεν,
2873 535 2964 593 ὅτε
3014 532 3168 608 Τῷδὲ
3221 531 3331 589 ἐστι
3387 536 3469 606 τῷ
3522 531 3698 605 τόπῳο
3749 528 3841 587 καὶ

417 623 654 717 dicavit.
690 655 823 710 Haec
856 650 1090 719 aliaque
1118 645 1291 717 plura
1323 658 1458 697 cum
1508 640 1767 710 fecisset,
1819 639 1879 693 in
1932 654 2075 709 pace

2201 630 2335 709 ἕτερα
2364 629 2551 687 πολλὰ
2580 630 2840 701 ποιήσας,
2875 627 2928 683 ἐν
2959 627 3149 703 εἰρήνῃ
3178 623 3495 694 ἐτελειώθη.

418 747 691 807 decessit.

1066 852 1290 908 Eodem
1321 848 1418 904 die

668 981 764 1038 25
804 979 1089 1035 Certamen
1121 971 1301 1028 sancti
1327 967 1595 1036 martyris
1619 964 1829 1033 Syneti.

491 1100 743 1171 Synetus
765 1097 994 1163 martyr
1019 1107 1087 1145 ex
1113 1087 1362 1155 antiqua
1378 1079 1707 1138 Romafuit.
1729 1077 1815 1133 Ab
1840 1077 2080 1132 ineunte

415 1167 615 1249 autem
634 1192 805 1246 astate
819 1181 1215 1256 aparentibus
1228 1176 1506 1249 episcopo
1526 1174 1790 1227 Romano
1806 1167 2078 1232 traditus,

413 1288 481 1338 ut
501 1297 699 1337 sacras
726 1278 960 1333 litteras
985 1271 1058 1327 ab
1083 1286 1152 1324 eo
1179 1267 1456 1331 disceret,
1484 1262 1673 1317 lector
1689 1257 2081 1314 sanctissimas

414 1375 697 1428 Romanas
728 1364 1011 1422 Ecclesiae
1073 1357 1406 1414 ordinatur.
1458 1351 1724 1419 Cumque
1767 1344 2085 1401 virtutibus

415 1459 756 1523 excelleret,
789 1453 1127 1521 multosque
1187 1445 1467 1518 pietatem
1524 1455 1593 1494 ac
1648 1452 1847 1492 veram
1902 1434 2081 1489 ﬁdem

417 1548 1128 1617 docens,Graicorumque
1140 1536 1285 1592 deos
1300 1527 1665 1588 contumelia
1675 1528 2082 1595 etcontemptu

420 1613 712 1705 afficiens,
746 1634 1045 1691 idolorum
1104 1626 1362 1682 cultores
1404 1620 1661 1675 miseros
1699 1620 1759 1669 et
1807 1613 2082 1669 seductos

423 1702 834 1800 compellaret,
870 1718 1027 1793 apud
1058 1714 1447 1772 Aurelianum
1481 1709 1904 1778 imperatorem
1926 1702 2085 1757 dela-

419 1823 536 1886 tus,
558 1792 1518 1887 comprehenditur.Interrogatus
1539 1795 1739 1869 igitur,
1754 1792 2085 1849 Christum-

419 1924 534 1979 que
579 1886 766 1961 libere
827 1900 1157 1963 confessus,
1222 1908 1357 1949 cum
1416 1886 1585 1944 nulla
1641 1887 2080 1938 tormentorum

414 1995 761 2060 acerbitate,
809 1990 1027 2054 quibus
1084 1984 1243 2041 varie
1298 1981 1494 2035 fuerat
1548 1974 1941 2039 excruciatus,
2000 1971 2074 2026 ad

413 2085 717 2141 Christum
742 2079 1102 2154 ejurandum
1125 2071 1328 2129 induci
1351 2062 2074 2143 potuisset,postplurima

416 2173 729 2247 supplicia,
764 2150 931 2227 sacro
958 2167 1152 2238 capite
1193 2161 1601 2224 obtruncatus,
1649 2154 1883 2209 beatam
1941 2150 2071 2205 ani-

414 2280 577 2321 mam
603 2276 773 2318 suam
798 2258 1051 2315 Domino
1080 2250 1360 2309 reddidit.

2782 838 2864 910 Τῇ
2894 834 3030 908 αὐτῇ
3061 831 3244 907 ἡμέρᾳ

2400 953 2667 1026 Ἀθλησις
2699 957 2797 1008 τοῦ
2828 952 2983 1028 ἁγίου
3036 970 3310 1026 μαρτυρος
3363 952 3621 1005 Συνετοῦ.

2258 1073 2319 1129 Ὁ
2381 1070 2585 1147 μάρτυς
2644 1070 2876 1132 Συνετὸς
2911 1111 2926 1138 ,
2983 1068 3206 1145 γέγονεν
3296 1064 3356 1121 ἐκ
3436 1072 3539 1135 τῆς
3612 1064 3852 1126 παλαιᾶς

2186 1161 2428 1234 Ῥώμηςο
2487 1157 2606 1222 νέος
2666 1156 2723 1215 δὲ
2781 1157 3042 1234 ὑπάρχων
3099 1158 3200 1227 τήν
3255 1152 3504 1226 ἠλικίαν,
3565 1150 3848 1228 παρεδόθη

2185 1255 2265 1323 τῷ
2295 1248 2576 1322 ἐπισκόπῳ
2631 1248 2859 1321 Ῥώμης
2918 1247 3023 1303 ὑπὸ
3076 1250 3183 1301 τῶν
3240 1245 3447 1321 γονέων
3508 1243 3699 1311 αὐτοῦ,
3757 1241 3852 1296 ἳνα

2192 1338 2339 1413 μάθῃ
2369 1339 2497 1414 παρ’
2529 1336 2695 1392 αὐτοῦ
2737 1337 2806 1391 τὰ
2837 1336 2956 1411 ἱερὰ
2986 1335 3307 1411 γράμματα.
3342 1334 3441 1388 Καὶ
3502 1332 3637 1407 μετά
3682 1335 3855 1386 ταῦτα

2187 1428 2390 1505 γίνεται
2450 1428 2542 1483 καὶ
2602 1428 2959 1504 ἀναγνώστης
3008 1431 3108 1497 τῆς
3166 1426 3221 1482 ἐν
3275 1431 3466 1501 Ῥωμῃ
3529 1426 3850 1499 ἁγιωτάτης

2189 1517 2542 1588 Ἐκκλησίας.
2601 1516 2886 1593 Ἐνάρετος
2944 1514 3003 1572 δὲ
3067 1516 3378 1591 γενόμενος,
3428 1513 3517 1569 καὶ
3578 1509 3852 1568 διδάσκων

2187 1607 2434 1671 πολλοὺς
2454 1609 2553 1677 τήν
2587 1602 2884 1677 εὐσέϐειαν,
2922 1607 3013 1662 καὶ
3067 1609 3167 1677 τὴν
3228 1605 3411 1677 ἀληθῆ
3472 1604 3675 1659 πίστιν⁶
3708 1602 3851 1666 τοὺς

2191 1695 2248 1753 δὲ
2276 1702 2384 1753 τῶν
2417 1696 2700 1767 Ἐλλήνων
2743 1697 2897 1760 θεοὺς
2948 1691 3265 1751 διαϐάλλων
3324 1695 3414 1750 καὶ
3474 1687 3849 1768 καθυϐρίζων,

2189 1786 2438 1849 καὶτοὺς
2478 1788 2545 1842 τὰ
2598 1783 2802 1842 εἴδωλα
2858 1789 3295 1862 προσκυνοῦντας
3352 1783 3574 1847 ἀθλίους
3625 1782 3714 1838 καὶ
3756 1803 3856 1837 πε-

2188 1873 2578 1949 πλανημένους
2620 1874 2941 1945 ἀποκαλῶν,
2990 1868 3256 1945 διεϐλήθη
3314 1877 3395 1945 τῷ
3457 1870 3674 1948 βασιλεῖ
3730 1870 3851 1929 Αὐ-

2186 1965 2458 2044 ρηλιανῷ.
2493 1964 2594 2021 Καὶ
2626 1964 2913 2040 κρατηθεὶς
2965 1964 3091 2038 παρ’
3151 1963 3341 2032 αὐτοῦ,
3375 1962 3463 2016 καὶ
3525 1960 3853 2035 ἐρωτηθεὶς,

2182 2054 2272 2110 καὶ
2303 2052 2663 2128 ὁμολογήσας
2693 2053 2786 2108 τὸν
2842 2052 3082 2128 Χριστὸν
3140 2049 3439 2128 παρῥησίᾳ,
3504 2050 3852 2125 βασανίζεται

2185 2144 2452 2219 ἰσχυρῶς,
2482 2143 2576 2197 καὶ
2605 2146 2935 2217 τιμωρεῖται
2986 2140 3365 2214 ἀπανθρώπως
3424 2140 3515 2194 καὶ
3574 2137 3852 2209 ἀνηλεως.

2181 2227 2269 2294 Ὧς
2302 2229 2360 2287 δὲ
2413 2230 2513 2286 οὐκ
2567 2230 2787 2300 ἐπείσθη
2847 2231 3180 2305 ἀρνήσασθαι
3247 2229 3339 2284 τὸν
3397 2228 3656 2304 Χριστὸν,
3715 2229 3858 2301 μετά

423 2349 638 2412 πολλὰς
668 2348 765 2411 τὰς
794 2343 1063 2420 τιμωρίας
1090 2341 1190 2409 τὴν
1225 2336 1370 2413 ἰεράν
1404 2334 1571 2389 αὖτοῦ
1601 2327 1847 2405 κεφαλὴν
1876 2325 2190 2398 ἀπετμήθη,
2222 2321 2311 2377 καὶ
2343 2319 2487 2376 οὕτω
2543 2319 2877 2391 τελειωθεὶς,
2932 2318 3217 2395 παρέδωκε
3247 2318 3346 2387 τήν
3384 2316 3652 2395 μακαρίαν
3684 2316 3857 2372 αὐτοῦ

427 2440 616 2515 ψυχὴν
638 2442 721 2511 τῷ
751 2433 960 2510 Κυρίῳ.

987 2549 1231 2608 EODEM
1268 2546 1413 2604 ΜΕΝ
1420 2544 1525 2600 SE.

971 2673 1072 2728 Die
1103 2669 1337 2727 decima
1368 2665 1544 2721 tertia

429 2795 533 2853 26
604 2796 906 2849 'Certamen
992 2794 1308 2843 sanctorum
1389 2787 1697 2853 martyrum
1788 2773 2083 2853 Eustratii,

635 2861 929 2929 Aumentii,
961 2860 1217 2931 Eugenii,
1250 2849 1553 2916 Mardarii,
1576 2857 1628 2906 et
1659 2849 1879 2905 Orestis.

500 2985 624 3048 Quo
652 2986 920 3053 tempore
943 2977 1353 3038 Maximianus,
1386 2976 1445 3026 et
1467 2968 1869 3025 Diocletianus
1898 2965 2092 3035 impe-

2758 2530 2941 2587 MHNl
2970 2534 3054 2608 Τῼ
3085 2534 3283 2608 me.

2984 2648 3065 2702 II“

2201 2762 2471 2840 Ἀθλησις
2498 2770 2633 2840 τῶνΔ
2660 2764 2830 2840 ἁγίων
2892 2763 3206 2840 μαρτύρων,
3263 2763 3621 2840 Εὗμστρατίου,
3658 2762 3858 2834 Αὐξεν-

2391 2838 2536 2907 τίου,
2571 2834 2854 2912 Εὖγενίου,
2886 2834 3230 2913 Μαρδαρίου,
3262 2835 3352 2892 καὶ
3387 2837 3659 2912 Ὀρέστου.

2277 2956 2400 3011 Ἐπὶ
2420 2962 2521 3026 τῆς
2581 2953 2863 3031 βασιλείας
2915 2955 3263 3030 Μαξιμιανοῢ
3315 2955 3406 3011 καὶ
3461 2955 3857 3024 Διοκλητιανοῦ

434 3077 666 3129 ratores
690 3069 1171 3142 persecutionem
1195 3063 1474 3119 adversus
1487 3056 1855 3114 Christianos
1870 3053 2088 3108 excita-

2205 3041 2455 3142 διωγμὸς
2482 3048 2550 3116 ἦν
2600 3051 2709 3102 τῶν
2763 3048 3124 3122 Χριστιανῶν,
3177 3046 3269 3102 καὶ
3326 3046 3616 3122 κρατηθεὶς
3650 3046 3678 3100 6
3709 3045 3862 3120 ἅγιος

432 3166 599 3228 runt,
621 3162 866 3215 sanctus
886 3154 1220 3211 Eustratius
1251 3169 1285 3206 a
1315 3150 1486 3222 Lysia
1517 3147 1666 3202 duce
1697 3143 2092 3215 comprehen-

447 3266 569 3318 sus,
602 3248 996 3320 pluribusque
1052 3241 1413 3300 cruciatibus
1456 3238 1722 3302 affectus,
1774 3238 1833 3289 et
1879 3231 2095 3287 calceis

434 3340 650 3396 terreis
673 3355 809 3394 cum
831 3335 1020 3392 acutis
1038 3332 1217 3389 clavis
1248 3329 1412 3384 illius
1436 3325 1686 3399 pedibus
1700 3322 1913 3388 afﬁxis,
1930 3321 2093 3394 cogi-

434 3433 534 3485 tur
553 3427 1025 3495 ambulare,cum
1047 3421 1292 3478 interim
1309 3417 1484 3490 virgis
1499 3414 2090 3471 caadereturAuxen-

433 3520 555 3574 tius
586 3522 785 3574 autem
816 3513 1200 3572 acerbissime
1261 3511 1453 3564 tortus
1503 3503 1871 3561 decollatur:
1922 3500 2094 3572 cujus

432 3612 613 3679 caput
633 3623 766 3663 cum
793 3604 895 3660 diu
915 3598 1458 3669 latuisset,tandem
1476 3596 1538 3650 in
1558 3593 1766 3650 arbore
1783 3592 2093 3646 inventum

434 3701 546 3767 est,
577 3696 813 3752 cornice
843 3709 1023 3765 super
1059 3706 1191 3747 eam
1223 3691 1437 3753 stante,
1471 3690 1531 3739 et
1559 3683 1782 3755 garritu
1804 3678 2093 3735 indicium

428 3787 709 3846 faciente.
736 3784 849 3840 Sed
870 3790 930 3839 et
959 3787 1199 3839 sanctus
1230 3776 1557 3833 Mardarius
1586 3771 1922 3828 innumeris
1952 3769 2093 3825 sub-

425 3879 623 3950 jectus
649 3873 983 3940 tormentis,
1009 3870 1159 3926 nihil
1186 3866 1349 3924 aliud
1380 3867 1442 3920 in
1474 3881 1575 3920 ore
1604 3848 1882 3929 habebat,
1916 3875 2093 3931 quam

434 3965 807 4022 Christianus
846 3978 999 4017 sum.
1036 3956 1357 4014 Perforatis
1403 3955 1602 4024 itaque
1652 3952 1810 4020 talis,
1860 3950 2093 4004 inverso

437 4055 630 4127 capite
653 4068 999 4124 suspensus,
1024 4045 1456 4120 posterioribus
1481 4044 1609 4114 ejus
1630 4039 1915 4096 membris
1927 4044 2095 4093 ustu-

438 4145 601 4210 latis,
635 4142 868 4198 vivendi
902 4142 1083 4196 finem
1117 4137 1273 4191 fecit.
1313 4137 1493 4189 Porro
1526 4137 1767 4186 sanctus
1798 4129 2094 4201 Eugenius

439 4235 664 4307 lingua,
701 4238 760 4287 et
789 4229 1077 4286 ambabus
1108 4224 1384 4281 manibus
1418 4221 1728 4288 mutilatis,
1776 4224 2092 4290 postquam

440 4339 613 4381 crura
644 4321 818 4394 virgis
849 4318 1151 4374 confracta
1173 4318 1389 4374 essent,
1420 4310 1837 4382 exspiravit.At
1853 4312 2092 4362 sanctus

2204 3133 2536 3209 Εὐπράτιος
2563 3136 2709 3212 παρὰ
2739 3136 2943 3190 Λυσίου
2991 3140 3088 3190 τοῦ
3121 3132 3339 3203 δουκὸς,
3367 3135 3458 3190 καὶ
3522 3134 3863 3209 βασανισθεὶς

2199 3223 2453 3296 πλεῖστα,
2482 3226 2573 3281 καὶ
2609 3223 2939 3300 ὑπὸδήματα
2970 3224 3168 3301 σιδηρᾶ
3202 3227 3336 3300 μετᾶ
3380 3225 3469 3281 καὶ
3500 3224 3656 3296 ἥλων
3690 3224 3859 3295 ὀξέων

2201 3312 2505 3384 ὖποδεθεὶς,
2537 3316 2848 3390 περιεπάτει
2883 3317 3245 3390 τυπτόμενος.
3301 3317 3361 3372 Ὀ
3394 3313 3451 3370 δὲ
3482 3317 3632 3391 ἅγιος
3662 3313 3866 3387 Αὐξὲν-

2197 3424 2313 3467 τιος
2343 3404 2680 3480 τιμωρηθεὶς
2710 3404 2955 3480 ἰσχυρῶς
2989 3403 3420 3483 ἀπεκεφαλίσθη.
3455 3405 3520 3460 Ἢ
3555 3401 3612 3459 δὲ
3642 3403 3861 3483 κεφαλή

2201 3499 2370 3553 αὐτοῦ
2409 3496 2519 3572 οὔχ
2548 3496 2846 3572 εὐρίσκετο’
2905 3497 3014 3551 εἶτα
3074 3490 3268 3570 εὖρέθη
3331 3494 3407 3558 ἐὶς
3466 3491 3686 3570 δένδρον
3748 3515 3865 3550 κει-

2204 3590 2381 3662 μένη,
2462 3588 2716 3664 κορώνης
2801 3588 3044 3658 ἑστώσης
3131 3585 3313 3642 ἐπάνω
3387 3587 3478 3641 καὶ
3528 3584 3865 3663 κραζοῦσης.

2200 3676 2376 3737 ’Δλλὰ
2421 3678 2572 3732 καὶὸ
2605 3679 2757 3754 ἅγιος
2814 3674 3133 3753 Μαρδάριος
3185 3675 3458 3752 τιμωρίας
3494 3675 3680 3751 μυρία,
3724 3676 3866 3729 ὑπο-

2201 3772 2360 3844 στάς,
2416 3772 2518 3827 οὐκ
2581 3769 2764 3846 ἔλεγεν
2820 3767 3024 3846 ἓνερον,
3085 3768 3131 3825 εἰ
3195 3770 3297 3842 μὴ,
3346 3768 3667 3845 Χριστιανὸς
3720 3767 3864 3843 εἶμι.

2199 3856 2334 3911 Εἶτα
2414 3853 2541 3917 τοὺς
2630 3852 3002 3931 ἀστραγάλους
3083 3850 3493 3928 διατρυπηθεὶς,
3570 3851 3863 3907 καὶκατὰ

2198 3942 2441 4021 κεφαλῆς
2472 3944 2821 4020 κρεμασθεὶς,
2852 3944 2943 3998 καὶ
2992 3944 3060 3998 τὰ
3093 3942 3312 4006 ὀπίσθια
3372 3943 3510 4018 μέρη
3570 3962 3742 3997 κατακ
3784 3940 3859 4006 εἷς

2198 4032 2544 4105 ἐτελεύτησεν
2606 4079 2618 4091 .
2678 4034 2738 4090 Ὀ
2797 4030 2855 4087 δὲ
2913 4032 3069 4107 ἃγιος
3128 4031 3387 4107 Εὐγὲνιος
3440 4033 3540 4101 τήν
3600 4032 3862 4106 γλῶτταν

2197 4126 2286 4179 καὶ
2340 4125 2436 4187 τὰς
2515 4123 2611 4179 δύο
2699 4129 2890 4199 χεῖρας
2945 4121 3196 4184 ἐκκοπεὶς
3258 4121 3602 4186 συνθλασθεὶς
3660 4119 3717 4176 δὲ
3768 4123 3864 4178 καὶ

2195 4216 2263 4269 τὰ
2317 4213 2482 4284 σκὲλη
2545 4208 2790 4290 ῥάϐδοις,
2852 4211 3181 4282 ἐξέπνευσεν.
3244 4209 3420 4268 Ἀλλά
3470 4210 3559 4265 καὶ
3615 4212 3643 4266 6
3700 4212 3862 4286 ἅγιος

2199 4303 2457 4377 Ὀρέστης
2491 4345 2505 4369 ,
2559 4305 2656 4357 τοῦ
2709 4302 3090 4378 κεκρυμμένου
3154 4300 3409 4377 σταυρίου
3468 4302 3863 4377 αὐτοῢ,’δπερ

437 4416 674 4471 Orestes
704 4388 956 4477 detecta,
990 4424 1170 4480 quam
1228 4404 1520 4460 occultam
1569 4400 1856 4474 gestabat,
1914 4413 2087 4453 cruce

2201 4391 2425 4470 ἐφόρει,
2481 4388 2842 4469 ἀναφανέντος
2877 4435 2891 4461 ,
2952 4388 3224 4466 ἐκρατήθη
3264 4409 3276 4422 ·
3358 4391 3448 4445 καὶ
3516 4391 3689 4454 τεθεὶς
3774 4391 3862 4448 ἐπὶ

434 4502 925 4575 comprehensus,
959 4504 1019 4552 et
1047 4512 1227 4567 super
1269 4492 1510 4565 grabato
1560 4490 1751 4545 ferreo
1796 4486 2087 4543 candente

434 4595 771 4666 impositus,
804 4590 879 4646 ad
932 4588 1251 4644 Dominum
1308 4583 1599 4655 migravit,
1651 4583 1900 4637 Sanctus
1949 4594 2087 4633 vero

431 4684 766 4740 Eustratius
799 4685 935 4752 post
963 4679 1137 4750 plura
1167 4674 1461 4748 supplicia
1484 4673 1545 4727 in
1580 4672 1882 4728 caminum
1938 4669 2093 4741 inje—

434 4777 585 4840 ctus,
619 4769 897 4827 decessit.

1092 4884 1313 4939 Eodem
1347 4882 1441 4937 die

691 5011 787 5068 21
820 5011 1105 5065 Certamen
1133 5010 1337 5062 sancte
1367 5004 1549 5057 Luciae
1576 4998 1836 5069 virginis.

508 5129 684 5185 Lucia
721 5131 948 5198 martyr
973 5123 1283 5197 Syracusis
1316 5121 1375 5174 in
1407 5133 1623 5190 magna
1652 5113 1867 5170 Sicilire
1900 5110 2097 5167 insula

439 5224 600 5285 nata,
636 5223 888 5274 matrem
934 5213 1240 5286 sanguinis
1283 5208 1570 5281 profluvio
1619 5204 1990 5260 laborantem
2022 5199 2096 5256 ad

438 5310 650 5367 urbem
672 5310 955 5364 Catanam
980 5304 1165 5367 duxit,
1191 5307 1311 5356 uta
1344 5303 1549 5354 sancta
1582 5299 1841 5364 martyre
1872 5290 2097 5363 Agatha

439 5406 769 5456 curaretur.
807 5401 879 5451 At
911 5401 1117 5449 sancta
1148 5395 1377 5461 martyr
1403 5386 1631 5458 Agatha
1657 5391 1714 5439 et
1742 5382 1934 5438 Lucia:
1966 5397 2091 5435 ma-

436 5495 586 5545 trem
622 5488 869 5544 sanavit.
905 5490 964 5541 et
994 5484 1064 5538 de
1100 5482 1305 5537 eadem
1343 5477 1517 5532 Lucia
1548 5473 1840 5546 przedixit.
1873 5472 1997 5525 fore
2030 5475 2096 5524 ut

432 5597 539 5652 pro
574 5579 804 5633 Christo
836 5573 1189 5644 martyrium
1222 5568 1467 5624 subiret.
1503 5567 1692 5629 Quare
1725 5562 1968 5616 domum
1999 5576 2095 5614 re-

434 5686 639 5735 versae,
674 5667 983 5724 facultates
1042 5681 1178 5719 suas
1225 5658 1588 5733 pauperibus
1638 5654 2090 5710 distribuerunt.

439 5756 554 5814 Sed
585 5758 868 5827 quoniam
900 5754 1294 5827 virginitatem
1326 5763 1557 5804 servare
1591 5743 1886 5808 studebat,
1906 5743 1979 5799 ab
1998 5756 2088 5807 eo,

436 5846 538 5918 qui
569 5845 735 5902 illam
766 5862 872 5915 per
902 5845 1017 5899 vim
1048 5843 1161 5899 sibi
1187 5842 1442 5914 jungere
1474 5852 1719 5893 uxorem
1739 5834 1992 5903 videbat,
2016 5834 2091 5890 ad

2197 4479 2428 4554 σιδηροῦ
2500 4480 3000 4554 πεπυρακτωμένου
3080 4475 3399 4554 κραϐάτου,
3460 4480 3598 4552 πρὸς
3653 4480 3863 4557 Κύριον

2199 4568 2553 4645 ἐξεδήμησεν.
2594 4568 2921 4636 Ἐτελείώθη
2977 4566 3035 4624 δὲ
3090 4570 3178 4624 καὶ
3236 4570 3264 4625 6
3324 4568 3478 4645 ’ἅγιος
3523 4568 3860 4644 Εὐστράτιος

2205 4661 2339 4735 μετὰ
2369 4657 2583 4722 πολλὰς
2611 4659 2707 4721 τὰς
2734 4657 3009 4735 τιμωρίας
3040 4658 3315 4734 εἰσαχθεὶς
3346 4658 3424 4721 εἷς
3454 4664 3711 4732 κάμινον.

2773 4867 2856 4940 Τῇ
2909 4865 3046 4939 αὐτῇ
3102 4866 3286 4941 ἡμέρᾳ

2346 4984 2614 5054 Ἀθλησις
2645 4986 2745 5051 τῆς
2793 4982 2950 5059 ἁγίας
2999 4983 3237 5047 Λουκίας
3286 4990 3387 5053 τῆς
3419 4983 3711 5059 παρθένου.

2274 5101 2336 5158 Ἦ
2373 5098 2575 5176 μάρτυς
2605 5099 2829 5169 Λουκία,
2861 5097 3068 5176 ἐγένετο
3126 5099 3234 5154 ἀπο
3294 5097 3551 5163 Σικελίας
3595 5105 3699 5170 τῆς
3764 5122 3862 5175 με·

2201 5188 2381 5266 γάλης
2404 5190 2595 5259 νήσου,
2626 5187 2686 5243 ἐκ
2713 5186 2931 5249 πόλεως
2967 5188 3340 5264 Συρακούσης.
3375 5191 3514 5265 Εἶχε
3545 5186 3603 5244 δὲ
3649 5188 3865 5264 μητέρα

2205 5280 2528 5343 ἀσθενοῦσαν
2580 5277 2641 5331 τὸ
2702 5283 2803 5347 τῆς
2857 5277 3183 5352 αἱμοῇῥοίας
3231 5278 3425 5340 πάθος.
3486 5278 3590 5335 Καὶ
3649 5276 3861 5333 ἀναλα-

2204 5364 2374 5422 ϐοῦσα
2402 5367 2571 5434 αὐτὴν
2617 5364 2859 5435 ἀπῆλθεν
2918 5365 2996 5427 εἷς
3048 5367 3147 5434 τήν
3210 5366 3373 5422 πόλιν
3432 5369 3711 5438 Κατάνης,
3765 5367 3864 5422 ἳνα

2202 5454 2553 5532 παρακαλέσῃ
2606 5457 2706 5524 τήν
2791 5455 2942 5529 ἁγίαν
3003 5455 3249 5530 μάρτυρα
3301 5457 3558 5532 Ἀγαθην,
3613 5458 3707 5512 καὶ
3768 5468 3861 5521 θε-

2204 5548 2445 5623 ραπεύσῃ
2530 5546 2719 5615 αὐτήν.
2780 5545 2841 5600 Ἣ
2927 5542 2986 5600 δὲ
3043 5545 3174 5619 ἁγία
3231 5548 3437 5620 μάρτυς
3498 5549 3707 5623 Ἀγάθη
3762 5546 3862 5601 καὶ

2199 5640 2299 5709 τὴν
2363 5635 2571 5711 μητερα
2652 5640 2755 5704 τῆς
2841 5634 3074 5697 Λουκίας
3153 5635 3506 5711 ἐπεσκέψατο,
3583 5637 3674 5692 καὶ
3732 5637 3858 5711 περὶ

2199 5729 2368 5799 αὐτῆς
2426 5726 2865 5802 προεφήτευσεν,
2926 5723 3010 5779 ὅτι
3068 5722 3262 5798 μέλλει
3320 5734 3665 5803 μαρτυρῆσαι
3721 5726 3861 5802 ὑπὲρ

2202 5824 2460 5901 Χριστοῦ.
2534 5815 2961 5889 Ὑποστρέψασαι
3047 5812 3216 5879 δέδεις
3271 5818 3363 5873 τὸν
3424 5817 3575 5874 οἶκον
3632 5816 3862 5889 ἑαυτῶν,
