4124 6440
472 440 595 499 207

1785 430 2214 492 MENOLOGII
2257 433 2465 497 PARS
2511 434 2585 497 Il.

3775 439 3879 499 208

475 578 599 627 ctos
621 570 1023 627 Diocletianus
1049 565 1838 636 animadvertisset,demisit
1858 569 2133 621 sanctum

2244 584 2356 628 νοις
2386 567 2415 621 6
2448 565 2862 640 Διοκλητιανὸς,
2893 565 3140 644 ἐνέῥριψε
3180 566 3270 623 καὶ
3321 568 3414 623 τὸν
3472 567 3639 644 ἅγιον
3688 567 3881 646 Ἀῥρια-

472 662 791 717 Arrianum
823 659 1049 716 catenis
1082 657 1473 714 constrictum
1527 657 1589 711 in
1640 654 1996 711 altissimam
2046 653 2133 709 fo-

473 767 663 819 veam,
684 748 994 821 multoque
1024 747 1191 804 illam
1213 753 1385 802 terra)
1412 761 1623 818 aggere
1676 744 2005 799 obstruxit:
2044 759 2139 798 se-

471 841 740 911 densque
768 855 874 910 pro
913 837 1221 904 tribunali,
1268 836 1445 907 coepit
1502 853 1609 907 per
1651 835 1856 906 jocum
1916 832 2138 888 milites

467 929 847 1001 compellare,
910 933 967 981 et
1018 927 1259 981 dicere:
1323 925 1657 992 Videamus,
1713 939 1789 978 an
1851 922 2136 977 Christus

469 1019 701 1075 Arriani
735 1017 950 1083 veniat,
983 1032 1238 1087 eumque
1270 1032 1341 1070 ex
1382 1016 1495 1069 hac
1524 1015 1692 1068 fovea
1746 1013 1978 1068 educat.
2034 1010 2139 1064 Vix

473 1114 672 1165 autem
704 1124 833 1162 sese
864 1107 926 1161 in
979 1105 1204 1177 regiam
1262 1108 1586 1175 receperat,
1644 1107 1703 1157 et
1759 1100 2136 1166 accubuerat,

473 1215 608 1253 cum
629 1197 914 1269 lapidem,
942 1200 1002 1250 et
1030 1201 1301 1259 catenas,
1325 1209 1474 1264 quas
1496 1197 1756 1264 gestarat
1776 1191 2084 1257 Arrianus,
2107 1206 2138 1243 e

471 1288 692 1344 lectulo
717 1284 1511 1358 suspensas,Arrianumque
1536 1282 1731 1353 ipsum
1754 1281 1815 1334 in
1837 1297 1906 1334 eo
1931 1280 2142 1351 jacen-

473 1381 593 1431 tem
617 1375 782 1430 vidit.
809 1375 1003 1440 Quare
1026 1372 1378 1444 perterritus
1400 1371 1744 1442 imperator,
1769 1368 2141 1439 ratusipsum

475 1482 603 1522 esse
638 1480 901 1536 magum,
942 1467 1002 1518 et
1033 1478 1190 1529 eum,
1238 1467 1297 1516 et
1357 1460 1601 1527 milites,
1660 1459 1761 1529 qui
1821 1474 1955 1512 cum
2013 1457 2141 1528 ipso

471 1554 872 1612 crediderant.
906 1552 969 1606 in
996 1567 1159 1606 mare
1217 1549 1502 1622 projecit:
1558 1563 1810 1618 quorum
1856 1545 2142 1614 reliquias

472 1644 660 1700 saccis
693 1643 970 1714 quinque
1002 1642 1237 1695 insulas
1296 1638 1610 1710 delphines
1660 1638 1720 1691 in
1768 1634 2142 1690 Alexandria;

470 1733 642 1791 littus
674 1733 1247 1805 deportarunt,quw
1278 1729 1351 1785 ab
1382 1728 1617 1784 Arriani
1648 1727 1831 1783 servis
1870 1725 2143 1798 cognitae,

470 1823 799 1880 honoriﬁce
832 1822 894 1877 in
933 1821 1079 1876 urbe
1110 1819 1470 1875 Alexandria
1499 1816 1777 1889 repositae
1810 1815 1995 1870 fuere.

1029 2027 1275 2083 EODEM
1317 2025 1574 2080 MENSE.

1005 2143 1109 2198 Die
1141 2142 1374 2197 decima
1403 2141 1614 2212 quinta

592 2264 687 2319 81
728 2262 1018 2317 Certamen
1047 2260 1382 2315 sacrosancti
1410 2258 1671 2326 martyris
1695 2251 2019 2310 Eleutherii.

546 2380 971 2435 Sacrosanctus
994 2381 1222 2448 martyr
1245 2373 1625 2430 Eleutherius
1649 2389 1720 2427 ex
1748 2385 1965 2443 magna
1990 2367 2137 2423 urbe

467 2472 654 2525 Roma
668 2467 802 2536 fuit,
827 2472 993 2539 patre
1019 2482 1053 2520 a
1073 2464 1332 2537 pueritia
1372 2463 1649 2529 orbatus;
1671 2460 1744 2516 ab
1784 2458 2005 2514 Anthia
2032 2473 2138 2513 au-

462 2561 799 2615 temmatre
824 2555 1003 2611 fidem
1025 2553 1239 2609 Christi
1264 2553 1531 2620 edoctus,
1556 2549 1902 2622 quamillaa
1922 2562 2136 2621 magno

458 2647 728 2720 apostolo
749 2645 933 2701 Paulo
955 2648 1289 2714 acceperat.
1325 2644 1475 2697 Eum
1507 2641 1794 2696 Anicetus
1815 2638 2137 2710 episcopus

466 2739 749 2810 suscepit,
775 2735 1297 2805 Christianumque
1346 2732 1563 2788 litteris
1600 2732 1965 2795 institutum,
2013 2727 2137 2783 cle-

462 2828 653 2883 ricum
686 2826 846 2882 fecit.
883 2826 1011 2880 Mox
1044 2823 1335 2879 diaconus
1368 2828 1425 2877 et
1455 2821 1764 2893 presbyter
1791 2819 2121 2887 ordinatur,

463 2915 683 2971 deinde
709 2913 931 2986 Illyrici
955 2910 1559 2984 episcopus.Adriano
1582 2915 1780 2965 autem
1805 2908 2137 2978 imperante

465 3003 961 3075 comprehensus,
987 3006 1046 3055 et
1074 3000 1425 3073 gravissime
1462 3003 1675 3067 tortus,
1708 2996 1772 3051 in
1829 2994 2140 3051 ardentem

465 3093 712 3148 furnum
743 3090 1008 3164 praefecti
1033 3090 1214 3162 jussu
1247 3087 1610 3143 detruditur.
1644 3085 1756 3142 Sed
1814 3102 1949 3141 cum
1999 3102 2137 3141 eum

460 3182 599 3237 inde
624 3181 971 3237 incolumen
996 3178 1255 3235 evasisse
1278 3181 1553 3232 cerneret
1574 3174 1911 3247 praefectus,
1944 3175 2134 3230 credi-

2242 654 2337 708 νὸν
2364 654 2443 717 εἷς
2479 655 2645 732 βαθὺν
2704 655 2903 731 βόθρον
2949 663 3051 726 τῆς
3097 659 3201 732 γῆς
3256 654 3564 732 δεδεμένον·
3627 659 3717 713 καὶ
3750 657 3885 715 ἐσκέ-

2243 763 2381 798 πασε
2411 744 2500 799 τὸν
2556 744 2751 820 βόθρον
2816 745 2955 818 μετὰ
3010 750 3109 801 τοῦ
3167 747 3457 821 χώματος.
3513 746 3617 803 Καὶ
3687 746 3883 819 ἔστησεν

2244 830 2427 887 ἐπάνω
2456 834 2549 888 τὸν
2592 835 2784 910 θρόνον
2810 834 3003 905 αὐτοῦ,
3064 835 3159 890 καὶ
3219 833 3480 911 ἐπέτρεψε
3531 835 3735 906 παίζειν
3772 837 3887 900 τοὺς

2243 923 2598 996 στρατιώτας,
2652 924 2844 997 Λὲγωψ
2908 921 3139 997 ’Ίδωμεν
3194 924 3238 978 εἰ
3290 920 3441 980 ἔλθοι
3475 926 3762 1000 ὁΧριστὸς
3796 930 3889 981 τοῦ

2246 1009 2554 1085 ’Δῤῥιανοῦ,
2587 1007 2910 1086 καὶέκϐἀλῃ
2938 1014 3100 1068 αὐτὸν
3154 1012 3213 1068 ἐκ
3268 1018 3368 1067 τοῦ
3434 1014 3638 1089 βόθρου
3687 1014 3886 1073 τούτου.

2245 1096 2349 1153 Καί
2382 1099 2631 1156 ἀπελθὼν
2666 1100 2743 1163 εἷς
2781 1101 2850 1157 τὰ
2902 1101 3176 1178 βασίλεια,
3227 1099 3459 1176 ἔδραμεν
3511 1102 3587 1165 εἷς
3636 1105 3730 1173 τὴν
3766 1102 3896 1158 κλί-

2243 1209 2342 1258 νην
2376 1188 2562 1260 αὐτοῦ,
2594 1191 2685 1245 καὶ
2723 1188 2913 1265 βλέπει
2981 1193 3048 1246 τὰ
3106 1190 3325 1267 σίδηρα,
3373 1192 3463 1247 καὶ
3515 1194 3605 1248 τὸν
3666 1192 3823 1262 λίθον,
3853 1193 3896 1247 ἇί
4074 1224 4077 1249 ι

2244 1274 2431 1355 ἐφορει
2466 1280 2494 1334 ὁ
2536 1278 2842 1355 Ἀῥριανὸς,
2901 1280 3231 1357 κρεμώμενα
3280 1281 3357 1344 εἷς
3404 1282 3502 1351 τήν
3553 1280 3758 1354 κλίνην,
3803 1283 3892 1338 καὶ
4074 1310 4077 1341 1

2244 1367 2336 1422 τὸν
2397 1367 2683 1445 Ἀῥριανὸν
2742 1370 2991 1443 κείμενον
3048 1368 3131 1425 ἐπ’
3186 1369 3374 1440 αὐτῆς·
3461 1370 3552 1441 καὶ
3634 1367 3896 1449 ἐφοϐήθη,

2249 1451 2544 1512 ὑπολαϐὼν
2579 1457 2740 1513 αὐτὸν
2772 1457 2942 1532 μάγον
3003 1461 3158 1513 εἶναι·
3217 1460 3340 1514 τότε
3395 1458 3612 1538 ἔρριψεν
3665 1461 3810 1516 αὐτὸν
3840 1461 3897 1517 ἐν

2244 1549 2313 1620 τῇ
2348 1544 2589 1619 θαλάσσῃ
2631 1546 2766 1619 μετὰ
2821 1552 2930 1602 τῶν
2990 1551 3503 1620 συμπιστευσάντων
3552 1549 3697 1622 αύτῷ
3732 1572 3891 1627 στρα-

2246 1639 2482 1691 τιωτῶν.
2540 1637 2637 1689 Καὶ
2698 1637 2749 1690 οἱ
2809 1634 3055 1714 δελφῖνες
3117 1632 3378 1700 λαϐόντες
3433 1639 3501 1693 τὰ
3541 1637 3761 1713 λείψανα
3814 1640 3893 1704 εἷς

2246 1724 2406 1779 πέντε
2434 1722 2668 1787 σάκκους
2698 1720 3046 1798 ἐμϐληθέντα
3077 1726 3335 1803 ἐξήγαγον
3388 1727 3462 1791 εἰς
3506 1729 3599 1783 τὸν
3651 1728 3886 1805 αἰγιαλὸν

2249 1812 2683 1889 Ἀλεξανδρείας.
2720 1815 2821 1872 Καὶ
2879 1817 3234 1891 γνωρίσαντες
3285 1818 3421 1874 αὐτᾶ
3469 1819 3516 1873 οἱ
3573 1816 3758 1876 δοῦλοι
3793 1825 3891 1876 τοῦ

2156 1923 2204 1988 Β
2250 1902 2545 1980 Ἀρῥιανοῦ
2574 1904 2875 1976 κατέθηκαν
2910 1905 3047 1960 αὐτά
3074 1906 3129 1962 ἐν
3156 1904 3545 1983 Ἀλεξανδρείᾳ
3574 1906 3819 1983 ἐντίμως.

2793 2023 2977 2080 ΜΗΝΙ
3020 2024 3111 2080 ΤΩ
3154 2026 3355 2081 ΑΥΤΩ.

3033 2142 3116 2197 lE’

2372 2255 2634 2326 Ἀθλησις
2666 2262 2762 2313 τοῦ
2792 2258 2947 2335 ἁγίου
2973 2261 3372 2336 ἱερομάρτυρος
3403 2260 3762 2337 Ἐλευθερίου.

2317 2371 2380 2428 Ὀ
2410 2372 2562 2447 ἅγιος
2608 2374 2938 2451 ἱερομάρτυς
2993 2374 3335 2452 Ἐλευθέριος
3383 2377 3452 2446 ἧν
3501 2378 3606 2433 ἀπὸ
3652 2386 3749 2449 τῆς
3796 2400 3898 2453 με-

2243 2459 2604 2537 γαλοπόλεως
2633 2466 2872 2537 Ῥώμης.
2920 2467 3055 2528 Νὲος
3108 2463 3166 2521 δὲ
3218 2468 3318 2536 τὴν
3370 2465 3598 2538 ἡλικίαν
3645 2469 3902 2546 ὑπάρχων

2246 2551 2461 2627 ἐγένετο
2490 2552 2551 2610 ἐκ
2575 2556 2779 2633 πατρὸς
2812 2557 3067 2635 ὀρφανός*
3105 2559 3316 2633 μητερα
3374 2556 3432 2613 δὲ
3479 2552 3625 2634 ἔχων
3680 2559 3904 2633 ὀνόματι

2245 2642 2487 2714 ’Λνθίαν,
2545 2646 2671 2721 παρ’
2729 2644 2942 2717 ἐκείνης
2992 2644 3259 2723 ἐδιδάχθη
3323 2648 3424 2717 τήν
3509 2653 3608 2705 τοῦ
3672 2652 3905 2725 Χριστοῦ

2243 2730 2448 2801 πίστιν,
2505 2731 2977 2810 προδιδαχθείσης
3037 2735 3206 2805 αὐτῆς
3297 2737 3402 2792 ὑπὸ
3482 2741 3579 2793 τοῦ
3662 2738 3905 2814 μεγάλου

2246 2820 2467 2877 Παύλου
2496 2827 2595 2879 τοῦ
2624 2822 2960 2883 ἀποστόλου.
3019 2826 3083 2883 Ὀ
3142 2824 3200 2881 δὲ
3256 2825 3555 2889 ἐπίσκοπος
3612 2830 3902 2897 Ἀνίκητος

2243 2914 2435 2966 τοῦτον
2470 2908 2780 2986 δεξάμενος,
2811 2914 2879 2968 τὰ
2910 2918 3016 2969 τῶν
3066 2919 3413 2990 Χριστιανῶν
3470 2914 3674 2990 ἐδίδαξε
3713 2919 3897 2991 γράμο

2249 3020 2411 3072 ματα,
2467 3000 2558 3055 καὶ
2616 2999 2842 3072 ἐποίησε
2921 3001 3213 3080 κληρικόν’
3309 3005 3422 3060 εἶτα
3504 3010 3900 3081 χειροτονεῖται

2245 3085 2498 3152 διάκονος
2527 3090 2618 3145 καὶ
2653 3087 3037 3168 πρεσϐύτερος,
3072 3095 3188 3149 εἷτα
3217 3092 3514 3157 ἐπίσκοπος
3571 3098 3668 3150 τοῦ
3717 3095 3904 3153 Ἰλλυ-

2243 3181 2420 3253 ρικοῦ·
2482 3179 2571 3235 ἐπὶ
2631 3179 2689 3236 δὲ
2740 3179 3029 3256 Ἀδριανοῦ
3090 3183 3360 3259 βασιλέως
3432 3185 3746 3259 κρατηθεὶς,
3803 3207 3900 3241 τι-

464 3272 550 3327 dit
578 3277 637 3327 et
674 3272 824 3343 ipse,
859 3274 919 3325 et
950 3270 1011 3324 in
1044 3269 1286 3323 furnum
1312 3267 1636 3338 ingressus,
1672 3281 1741 3320 ex
1792 3282 1861 3319 eo
1910 3264 2133 3320 illtesus

2248 3273 2511 3343 μωρεῖται
2545 3269 2807 3345 ἰσχυρῶς.
2861 3272 2992 3329 Εἶτα
3040 3272 3493 3350 ἐναπορῥίπτεται
3543 3274 3618 3337 εἷς
3667 3280 3905 3353 φοῦρνον

466 3360 666 3418 exivit.
697 3361 843 3415 Tum
896 3374 1033 3413 vero
1089 3355 1405 3428 praefectus
1454 3353 1787 3409 decollatur
1832 3369 1954 3408 una
1995 3370 2132 3408 cum

466 3451 698 3507 caeteris
739 3447 1039 3517 omnibus,
1096 3447 1196 3517 qui
1253 3446 1313 3500 in
1373 3444 1671 3500 Christum
1733 3442 2129 3499 crediderant.

461 3541 714 3596 Sanctus
767 3543 966 3595 autem
1011 3534 1390 3593 Eleutherius
1423 3552 1457 3589 a
1507 3533 1889 3589 carnificibus
1935 3533 2130 3604 gladio

459 3629 760 3695 concisus,
795 3627 1074 3700 spiritum
1108 3624 1374 3680 tradidit.

2243 3356 2642 3435 ἐκπυρωθέντα,
2677 3358 2911 3432 διατάξει
2936 3366 3034 3418 τοῦ
3067 3362 3339 3439 ἐπάρχου.
3396 3364 3500 3421 Καὶ
3553 3362 3683 3419 ἰδὼν
3736 3366 3904 3422 αὐτὸν

2243 3447 2271 3500 6
2303 3443 2570 3524 ἔπαρχος,
2602 3449 2685 3504 ’ὁτι
2714 3448 2938 3521 ἐξῆλθεν
3001 3452 3186 3527 ὑγιὴς,
3246 3451 3523 3507 ἐπίστευσε
3578 3455 3669 3508 καὶ
3712 3453 3908 3536 αὐτὸς,

2241 3537 2331 3591 καὶ
2361 3535 2610 3608 εἰσῆλθεν
2644 3538 2721 3601 εἷς
2754 3544 3009 3617 φοῦρνον,
3066 3541 3156 3596 καὶ
3224 3539 3419 3612 ἐξῆλθε
3474 3540 3642 3615 μηδὲν
3701 3540 3912 3615 ἀδικη-

2241 3624 2371 3688 θείς.
2406 3626 2600 3683 Τότεὸ
2635 3630 2729 3701 μὲν
2791 3627 3033 3706 ἔπαρχος
3091 3629 3573 3706 ἀποκεφαλίζεται,
3632 3633 3722 3687 καὶ
3782 3632 3914 3696 ὅσοι

459 3714 626 3772 ἄλλοι
658 3713 995 3771 ἐπίστευσαν.
1020 3715 1082 3771 Ὀ
1114 3716 1170 3769 δὲ
1199 3712 1359 3787 ἅγιος
1393 3711 1737 3786 Ἐλευθέριος
1769 3710 2044 3783 κατεκόπη
2077 3718 2196 3777 τοῖς
2246 3715 2498 3780 σπαθίοις
2532 3718 2636 3774 ὑπὸ
2691 3724 2798 3774 τῶν
2851 3717 3090 3794 δημίων,
3140 3721 3227 3777 καὶ
3281 3720 3452 3785 οὕτως
3503 3719 3792 3797 παρέδωκε
3842 3719 3915 3780 τὸ

457 3808 695 3878 πνεῦμα.

1016 3920 1255 3975 EODEM
1296 3918 1549 3972 MENSE.

1009 4035 1112 4091 Die
1142 4034 1375 4090 decima
1403 4038 1569 4088 sexta

702 4154 803 4210 82
838 4152 1127 4208 Certamen
1154 4152 1336 4207 sancti
1360 4149 1625 4218 martyris
1651 4147 1881 4205 Marini.

531 4279 776 4335 Macrini
807 4276 1187 4350 imperatoris
1211 4273 1587 4347 temporibus
1612 4273 1754 4328 vixit
1774 4273 1886 4328 iste
1907 4274 2128 4330 nobilis

463 4374 723 4427 senator.
758 4370 903 4425 Cum
934 4373 1135 4424 autem
1187 4365 1426 4421 florenti
1480 4363 1676 4419 adhuc
1723 4368 1895 4419 aetate
1948 4369 2125 4434 esset,

460 4459 816 4516 Christiana:
849 4457 987 4513 fidei
1019 4474 1201 4513 causa
1229 4453 1720 4525 comprehensus,
1780 4452 2131 4526 adigebatur

466 4565 636 4607 sacra
673 4548 851 4604 idolis
882 4547 1101 4604 facere.
1161 4543 1326 4611 Quod
1363 4543 1595 4599 facinus
1646 4549 2013 4611 exsecratus,
2066 4544 2128 4598 in

468 4640 725 4711 equuleo
758 4638 1164 4710 suspenditur,
1197 4643 1258 4692 et
1308 4635 1520 4709 gladiis
1572 4634 1949 4705 discerpitur.
2002 4636 2132 4689 Mox

465 4728 589 4802 igni
617 4727 909 4793 aduritur,
932 4727 994 4781 in
1020 4726 1381 4799 sartaginem
1405 4723 1715 4780 ardentem
1750 4723 2040 4795 injicitur,
2072 4728 2132 4779 et

470 4819 534 4873 in
556 4818 883 4873 ferventem
904 4817 1161 4873 lebetem
1182 4804 1545 4871 immittitur.
1576 4813 1688 4868 Sed
1710 4813 1811 4867 Dei
1836 4812 2127 4869 beneﬁcio

470 4924 542 4963 ex
572 4907 665 4962 his
708 4906 985 4963 omnibus
1044 4905 1362 4961 incolumis
1421 4902 1699 4961 evadens.
1753 4902 1827 4956 ad
1884 4902 2127 4970 bestias,

472 4995 708 5052 emissis
730 4996 791 5050 in
812 5012 948 5050 eum
972 4995 1246 5051 leonibus
1272 4999 1331 5048 et
1345 4993 1521 5058 ursis,
1558 4990 1906 5046 damnatur:
1933 4991 2130 5046 nullo-

472 5102 586 5158 que
610 5086 682 5141 ab
707 5086 791 5141 eis
812 5091 1052 5157 accepto
1076 5085 1316 5153 damno,
1338 5084 1543 5137 fanum
1570 5079 1865 5135 idolorum
1901 5080 2127 5153 ingredi

470 5174 874 5247 compellitur,
906 5180 973 5229 ut
1003 5174 1316 5229 sacrificet.
1352 5169 1551 5225 Atille
1582 5168 1655 5223 ad
1708 5168 2128 5239 imperatorem

470 5265 588 5321 ait:
611 5266 828 5319 Eamus
847 5262 921 5318 ad
954 5262 1243 5333 templum
1270 5258 1730 5322 idolorum.Quo
1754 5256 1911 5311 dicto
1965 5256 2127 5313 laeta-

466 5360 563 5410 tus
597 5355 943 5425 imperator,
978 5352 1125 5407 abiit
1155 5367 1290 5405 cum
1314 5354 1435 5403 toto
1460 5347 1700 5418 populo.
1723 5347 1972 5402 Sanctus
1995 5364 2128 5403 vero

465 5444 676 5511 oravit,
705 5443 1057 5514 deiectaque
1082 5440 1309 5496 orando
1333 5437 1655 5493 simulacra
1669 5436 2130 5492 contrivit.Tunc

465 5533 810 5604 indignatus
840 5532 1192 5603 imperator,
1216 5529 1401 5602 jussit
1429 5528 1601 5581 illum
1651 5526 1844 5597 capite
1902 5524 2081 5596 plecti
2112 5543 2125 5583 :

463 5627 642 5692 atque
668 5622 751 5677 ita
782 5622 1063 5692 spiritum
1097 5620 1348 5675 Domino
1383 5615 1646 5681 tradidit,
1682 5632 1789 5685 pro
1821 5632 1939 5685 quo
1972 5632 2127 5672 mar-

462 5709 684 5781 tyrium
715 5709 998 5765 alacriter
1028 5707 1233 5763 subiit.

2782 3926 2966 3986 MIINI
3004 3930 3090 3984 ΤΩ
3130 3930 3337 3986 ΑΥΤΩ.

3026 4049 3098 4117 Ιζ“

2462 4157 2733 4232 Ἄθλησις
2760 4165 2861 4217 τοῦ
2891 4162 3048 4238 ἁγίου
3083 4164 3357 4239 μάρτυρος
3387 4162 3655 4240 Μαρίνου.

2309 4276 2429 4334 Ἐπὶ
2460 4284 2562 4349 τῆς
2587 4278 2866 4353 βασιλείας
2908 4278 3188 4356 Μακρίνου
3243 4284 3340 4335 τοῦ
3400 4279 3676 4357 βασιλέως
3733 4270 3919 4355 γεγο-

2236 4388 2323 4422 νεν
2351 4364 2528 4432 οὗτος·
2581 4367 2802 4443 εὐγενής
2851 4367 2908 4425 δὲ
2971 4370 3253 4447 ὑπάρχῶν,
3311 4366 3532 4445 ἐγένετο
3593 4367 3925 4444 συγκλητι-

2236 4456 2353 4519 κός·
2389 4455 2506 4512 νέαν
2542 4454 2601 4512 δὲ
2658 4456 2806 4533 ἄγων
2862 4460 2961 4530 τὴν
3013 4459 3262 4533 ἡλικίαν,
3314 4459 3591 4534 ἐκρατήθη
3628 4461 3705 4523 ὼς
3759 4462 3928 4531 Χρι-

2238 4546 2474 4610 στιανός.
2532 4547 2635 4604 Καὶ
2698 4549 3028 4623 ἠναγκάζετο
3082 4553 3235 4613 θῦσαι
3291 4553 3408 4611 τοῖς
3466 4545 3744 4610 εἰδώλοις.
3811 4548 3923 4610 Ὠς

2241 4632 2299 4691 δὲ
2329 4635 2429 4692 οὐκ
2457 4635 2717 4707 ἐπείθετο,
2776 4636 3106 4713 ἐκρεμάσθη’
3169 4637 3258 4693 καὶ
3302 4639 3436 4711 μετά
3482 4643 3590 4693 τῶν
3650 4635 3923 4692 σπαθίων

2239 4724 2432 4796 ἐξὲετο.
2483 4728 2616 4781 Εἶτα
2673 4725 2827 4797 ἐτέθη
2888 4726 2975 4782 ἐπὶ
3031 4731 3129 4782 τοῦ
3185 4727 3377 4803 πυρὸς,
3440 4728 3552 4782 εἶτα
3614 4720 3924 4798 ἐνεϐλήθη

2238 4812 2315 4875 εἷς
2345 4814 2582 4889 τήγανον
2615 4813 2928 4887 καιόμενον,
2959 4814 3049 4869 καὶ
3083 4813 3234 4879 αὖθις
3294 4814 3371 4879 εἷς
3418 4810 3628 4885 λέϐητα
3674 4812 3930 4889 κοχλά-

2239 4908 2419 4973 ζοντα,
2454 4902 2543 4957 καὶ
2577 4902 2635 4958 ἐκ
2664 4904 2876 4958 πάντων
2923 4903 3155 4973 τούτων,
3208 4908 3276 4978 τῇ
3334 4909 3431 4959 τοῦ
3487 4908 3619 4959 Θεοῦ
3678 4902 3936 4978 χάριτι,

2236 4991 2456 5062 ἐξῆλθεν
2512 4992 2692 5067 ὑγιής.
2752 4994 2881 5048 Εἶτα
2939 4991 3285 5065 ἀπελύθησαν
3344 4993 3430 5048 ἐπ’
3484 4992 3641 5049 αὐτὸν
3703 4993 3936 5066 θηρία,

2236 5075 2449 5143 λέοντες
2476 5081 2566 5137 καὶ
2604 5079 2821 5157 ἄρκτοιο
2885 5082 2976 5137 καὶ
3034 5082 3318 5157 ἐλυτρώθη
3352 5081 3403 5153 ἐξ
3434 5083 3632 5140 αὐτῶν.
3693 5083 3941 5157 Ἀναγ-

2235 5170 2538 5244 καζόμενος
2566 5168 2623 5226 δὲ
2682 5169 2936 5236 ἀπελθεῖν
2993 5171 3070 5235 εἷς
3127 5173 3219 5228 τὸν
3275 5172 3399 5227 ναὸν
3458 5177 3566 5227 τῶν
3621 5168 3947 5237 εἰδώλων,

2235 5259 2326 5315 καὶ
2386 5262 2565 5329 θῦσαι,
2625 5262 2744 5315 εἷπε
2800 5263 2935 5337 πρὸς
2988 5262 3079 5316 τὸν
3146 5262 3394 5337 βασιλέα⁹
3485 5267 3753 5335 ’Ἄγωμεν
3842 5259 3946 5322 εἷς

2235 5350 2327 5404 τὸν
2358 5350 2483 5404 ναὸν
2515 5354 2620 5404 τῶν
2676 5347 2947 5407 εἰδώλων.
2994 5352 3205 5427 Ἐχάρη
3264 5347 3322 5405 δὲ
3352 5352 3380 5405 6
3418 5348 3676 5427 βασιλεὺς
3736 5352 3950 5404 τοῦτο

2237 5440 2487 5501 ἀκούσας·
2513 5441 2602 5495 καὶ
2634 5439 2883 5495 ἀπελθὼν
2947 5445 3081 5514 μετά
3126 5445 3223 5495 τοῦ
3267 5439 3404 5496 λαοῦ
3450 5442 3673 5510 παντὸς,
3724 5459 3951 5514 προσ-

2236 5528 2436 5599 ηύξατο
2493 5530 2582 5584 καὶ
2642 5532 2935 5585 κατέπεσον
2996 5530 3062 5583 τὰ
3123 5528 3349 5601 εἴδωλα,
3429 5529 3520 5584 καὶ
3580 5525 3957 5600 συνετρίϐη-

2236 5638 2352 5675 σαν.
2402 5619 2535 5673 Τότε
2626 5618 2939 5692 πικρανθεὶς
3026 5620 3054 5672 6
3135 5616 3412 5693 βασιλεὺς,
3500 5615 3960 5693 ἀπεκεφάλισεν

2235 5706 2419 5780 αὐτὸν,
2476 5708 2567 5763 καὶ
2628 5704 2772 5763 οὕτω
2825 5705 3111 5784 παρέδωκε
3201 5710 3263 5764 τὸ
3321 5714 3538 5783 πνεῦμα
3593 5708 3778 5765 αὐτοῦ
3849 5712 3965 5784 τῷ

2236 5796 2443 5872 Κυρίῳ,
2477 5792 2525 5849 δ’
2555 5792 2613 5851 ὅν
2646 5795 2950 5871 προθύμως
2980 5795 3344 5875 ἐμαρτύρησε.
