4124 6428
899 502 991 574 Τῇ
1023 498 1168 574 αὐτῇ
1197 498 1377 576 ἡμέρᾳ

516 613 645 683 Mus
661 634 744 686 μη
778 619 895 669 τοῦ
924 615 1089 691 ἁγίου
1119 619 1408 696 προφήτου
1439 618 1718 695 Ἀγγαίου.

361 732 523 793 Οὗτος
579 729 809 804 ἐγένετο
872 731 940 787 ἐκ
1015 740 1119 803 τῆς
1176 733 1356 809 φυλῆς
1427 737 1529 790 τοῦ
1604 732 1756 790 Λευΐ·
1820 732 1973 808 ἐγεν-

306 824 441 891 νήθη
468 818 524 875 εὶ
554 819 639 882 εἷς
703 816 1034 878 Βαϐυλῶνα
1100 821 1189 878 ἐπὶ
1246 824 1344 895 τῆς
1403 822 1821 899 αἰχμαλωσίαςο
1883 822 1975 878 ὅτε

320 908 648 986 αἰχμάλωτοι
676 909 1034 986 ἀπήχθησαν
1065 912 1119 967 οἱ
1152 910 1408 969 Ἰουδαῖοι
1465 912 1615 988 παρὰ
1650 917 1761 967 τῶν
1824 918 1969 988 Περ-

316 1006 417 1055 σῶν
447 1000 516 1061 εἰς
540 1001 643 1068 τὴν
677 999 862 1069 αὐτὴν
926 997 1253 1074 Βαϐυλῶνα,
1302 1006 1401 1057 τοῦ
1461 1007 1600 1058 Θεοῦ
1648 1000 1812 1058 τοῦτο
1846 1023 1969 1076 συγ-

313 1093 665 1167 χωρήσαντος
696 1088 797 1145 διὰ
824 1090 897 1146 τὰ
944 1090 1024 1154 εἷς
1076 1092 1241 1146 αὐτὸν
1282 1093 1655 1167 ἁμαρτήματα
1681 1097 1778 1147 τοῦ
1812 1097 1969 1149 Λαοῦ.

303 1182 408 1237 Kaz'
434 1183 552 1241 νέος
587 1177 692 1249 ὢν,
722 1179 900 1250 ἦλθεν
924 1181 1034 1236 ἀπὸ
1092 1174 1426 1245 ΒαϐυΛῶνος
1472 1181 1550 1244 εἷς
1581 1181 1967 1258 Ἱερουσαλήμ³

296 1270 381 1325 καὶ
438 1271 830 1347 προεφήτευσε
887 1269 1024 1343 μετὰ
1094 1269 1373 1345 Ζαχαρίου
1435 1267 1530 1340 ἔτη
1601 1269 1970 1346 τριακονταὲξ.

290 1354 618 1435 Προὲλαϐον
652 1357 711 1414 δὲ
742 1358 897 1414 οὗτοι
930 1360 989 1413 οἱ
1017 1366 1297 1437 προφῆται
1329 1359 1361 1414 ὅ
1406 1380 1466 1414 τε
1526 1360 1779 1435 Ἀγγαῖος
1806 1360 1894 1413 καὶ
1942 1362 1970 1415 ὁ

286 1448 575 1526 Ζαχαρίας
600 1450 708 1518 τήν
735 1448 1150 1523 ἐνανθρώπησιν
1207 1454 1308 1504 τοῦ
1342 1451 1594 1521 Χριστοῦ,
1640 1446 1734 1521 ἔτη
1787 1469 1969 1526 τετρα-

287 1542 447 1594 ιὸσια
494 1534 909 1611 ἑϐδομήκοντα.
965 1540 1026 1596 Ὀ
1082 1537 1141 1593 δὲ
1202 1540 1464 1614 ’Δγγαῖος
1543 1544 1791 1616 φανερῶς
1845 1539 1970 1614 περὶ

303 1631 402 1697 τῆς
478 1628 824 1706 ἐπιστροφῆς
881 1633 980 1683 τοῦ
1029 1626 1168 1684 λαοῦ
1228 1630 1629 1706 προεφήτευσε.
1680 1628 1779 1684 Καὶ
1833 1626 1972 1685 εἶδεν

312 1717 612 1792 ἀρξαμένην
644 1719 737 1773 καὶ
768 1720 874 1786 τὴν
907 1715 1214 1791 οἰκοδομὴν
1267 1723 1366 1774 τοῦ
1426 1722 1559 1774 ναοῦ
1606 1716 1703 1774 τοῦ
1761 1717 1816 1774 ἐν
1870 1721 1971 1779 Ἰε-

320 1807 627 1880 ρουσαλήμ.
688 1809 790 1864 Καὶ
840 1806 1000 1885 ἕτερα
1082 1807 1271 1865 πολλά
1337 1809 1617 1884 προειπὼν
1715 1810 1963 1867 ἀπέθανε·

1793 367 2238 430 DECEMBEB.

1992 508 2052 572 A

3618 368 3739 431 210

2732 502 2955 559 Eodem
2985 503 3081 559 die

2190 619 2291 675 8³
2341 618 2796 676 Commemoratio
2851 622 3029 675 sancti
3077 621 3369 692 prophetae
3417 623 3625 692 Aggwi.

2155 738 2261 792 Hic
2291 755 2361 794 ex
2395 738 2550 794 tribu
2601 740 2730 795 Levi
2785 740 2918 808 fuit,
2954 740 3255 813 Babylone
3303 742 3366 796 in
3397 742 3736 813 captivitate

2085 831 2284 894 natus,
2315 843 2453 883 cum
2484 828 2668 883 Judtei
2700 846 2735 884 a
2763 830 2961 886 Persis
3012 831 3073 885 in
3105 830 3315 886 urbem
3348 831 3736 903 Babylonem,

2083 916 2301 987 captivi
2351 916 2590 972 abducti
2625 923 2787 983 sunt,
2821 920 2940 974 Deo
2971 919 3032 973 id
3071 919 3454 990 permittente
3510 920 3584 974 ob
3643 936 3735 987 ea,

2084 1022 2216 1076 quas
2248 1005 2310 1060 in
2332 1006 2528 1077 ipsum
2577 1008 2836 1079 populus
2868 1008 2970 1064 ille
3028 1008 3353 1064 admiserat
3382 1009 3628 1064 scelera.
3687 1011 3735 1065 A

2082 1095 2278 1166 prima
2307 1101 2505 1152 autem
2558 1102 2731 1153 astate
2763 1098 3065 1170 Babylone
3098 1098 3506 1170 Hierosolyma
3554 1100 3738 1168 venit,

2082 1185 2578 1257 prophetavitque
2609 1203 2733 1243 una
2770 1204 2905 1242 cum
2960 1187 3243 1243 Zacharia
3299 1204 3489 1243 annos
3546 1205 3649 1244 sex
3681 1194 3741 1242 et

2084 1274 2340 1346 triginta.
2374 1274 2562 1330 Ambo
2594 1275 2692 1330 isti
2724 1276 3049 1348 propheta),
3102 1284 3369 1349 Aggaeus,
3399 1277 3646 1345 scilicet,
3682 1282 3741 1332 et

2081 1365 2414 1431 Zacharias,
2470 1366 2945 1422 incarnationem
3014 1367 3228 1422 Christi
3288 1373 3742 1424 antecesserunt

2081 1454 2257 1509 annis
2289 1454 2743 1528 quadringentis
2801 1461 2861 1510 et
2916 1456 3310 1529 septuaginta.
3368 1458 3440 1512 Et
3490 1459 3739 1530 Aggaaus

2082 1542 2326 1615 quidem
2356 1544 2733 1616 apertissime
2746 1545 3022 1616 prmdixit
3040 1546 3301 1602 reditum
3333 1545 3737 1618 populi,vidit-

2083 1650 2197 1704 que
2229 1633 2356 1705 ipse
2380 1634 2544 1705 jacta
2566 1634 2693 1706 jam
2724 1635 2933 1706 templi
2965 1635 3490 1707 Hierosolymitani
3523 1634 3740 1692 funda-

2082 1727 2303 1779 meuta.
2338 1724 2606 1795 Cumque
2637 1724 2756 1780 alia
2784 1724 2973 1781 multa
3002 1725 3441 1797 prophetasset,
3465 1730 3738 1781 mortuus

2082 1817 2191 1878 est,
2222 1818 2281 1868 et
2310 1812 2578 1884 sepultus
2601 1814 2759 1885 apud
2790 1813 3130 1886 sepulcrum
3165 1815 3539 1870 sacerdotum
3599 1832 3736 1871 cum

315 1898 410 1952 iui
449 1879 612 1974 ἑτάρη
675 1879 944 1968 πλησίον.
973 1900 1071 1953 τοῦ
1115 1898 1290 1976 τάφου
1335 1879 1444 1954 τῶν
1491 1897 1680 1974 ἱερέων
1739 1896 1966 1973 ἐνδόξως

2083 1918 2295 1974 pompa
2324 1879 2656 1972 et—honore,
2713 1879 3222 1975 quemadmodum
3246 1909 3305 1959 et
3338 1903 3450 1973 illi,
3483 1920 3619 1959 cum
3678 1909 3739 1959 et

301 1990 394 2045 καξ
424 1988 894 2067 μεγαλοπρεπῶς,
941 1990 1017 2052 ὡς
1072 1988 1295 2060 ἐκεῖνοι,
1351 1987 1541 2059 ἔπειδὴ
1571 1990 1662 2045 καὶ
1692 1989 1856 2054 αὐτὸς
1905 1990 1967 2048 ἐκ

297 2081 714 2155 τοῦὶερατικοῦ
747 2080 939 2154 γένους
996 2081 1286 2156 κατήγετο.
1344 2080 1593 2155 Ὑπῆρχε
1650 2076 1709 2135 δὲ
1764 2080 1963 2145 πολιὸς

295 2171 401 2238 τήν
431 2168 629 2245 τρίχα,
658 2167 1001 2245 στρογγύλον
1034 2167 1181 2245 ἔχων
1243 2169 1307 2224 τὸ
1362 2169 1588 2244 γένειον·
1645 2169 1965 2245 τιμώμενος

296 2260 407 2315 ὃπὸ
438 2258 665 2314 πάντων
694 2257 767 2315 δι’
804 2258 1026 2332 ἀρετὴν,
1056 2259 1131 2321 ὡς
1182 2262 1316 2314 Θεοῦ
1373 2255 1585 2329 ἔνδοξος
1639 2258 1731 2314 καὶ
1798 2257 1963 2337 μέγας

297 2351 626 2427 προφήτης.

889 2470 971 2542 Τῇ
1019 2465 1157 2539 αὐτῇ
1206 2466 1393 2542 ἡμέρᾳ

296 2560 413 2628 Ini
424 2580 505 2629 μη
539 2564 696 2636 τῆς..
716 2555 987 2636 μακαρίας
1041 2562 1365 2636 Θεοφανοῦς,
1418 2558 1671 2636 γυναιξιθς
1726 2558 1962 2636 Λέοντος

364 2627 500 2685 τοῦθ
541 2627 811 2708 ᾇοιδίμου
866 2627 958 2684 iul
1042 2627 1362 2708 σοφωτάτου
1431 2627 1722 2705 βασιλέως
1803 2632 1967 2703 ἡμῶν

368 2702 707 2778 γενομένου.

362 2823 432 2877 Ἦ
522 2818 783 2895 Μακαρία
854 2818 1112 2876 δέσποινα
1201 2827 1494 2899 Θεοφανω,
1582 2822 1805 2896 ὑπῆρχε
1863 2827 1964 2891 τῆς

284 2904 949 2973 Κωνπαντινουπόλεως
1023 2910 1115 2965 καὶ
1187 2911 1408 2985 θρέμμα
1488 2910 1580 2966 καὶ
1640 2909 1956 2986 βασίλισσαο

286 3000 517 3075 ἐγένετο
572 3001 685 3075 γὰρ
763 2998 1007 3076 θυγάτηρ
1066 2999 1475 3059 Κωνσταντίνου
1557 2999 1914 3075 ίλλουστρίου
1949 3042 1965 3069 ,

298 3093 599 3163 συγγενοῦς
634 3087 913 3166 βασιλέων
938 3093 1126 3165 τριῶν.
1155 3090 1220 3146 ἸΙ
1265 3086 1324 3145 δὶ
1371 3091 1559 3163 μήτηρ
1617 3088 1783 3159 αὐτῆς
1838 3089 1965 3145 ἐκα-

290 3177 458 3235 λεῖτο
490 3182 687 3247 Ἀννα,
714 3179 788 3249 ἦν
821 3176 877 3234 δὶ
910 3177 999 3234 καὶ
1030 3178 1167 3247 αύτή
1199 3184 1404 3253 στεῖρα,
1462 3179 1553 3235 καὶ
1610 3176 1827 3255 ἄγονος,
1887 3178 1962 3241 ὠς

2074 1990 2200 2062 ipse
2232 2008 2303 2047 ex
2331 2008 2549 2064 genere
2580 1992 2934 2047 sacerdotali
2969 1998 3145 2048 esset.
3195 1994 3335 2048 Erat
3389 1997 3590 2048 autem
3622 1994 3736 2063 Ag-

2072 2097 2234 2152 gaeus
2263 2081 2429 2136 canis
2459 2081 2717 2152 capillis,
2778 2087 2981 2138 mento
3038 2081 3318 2153 rotundo,
3375 2081 3450 2136 ob
3477 2081 3721 2137 virtutes

2073 2187 2211 2225 suas
2238 2169 2311 2226 ab
2343 2169 2622 2226 omnibus
2653 2172 2715 2226 in
2749 2188 2983 2226 summa
3013 2171 3450 2227 existimatione
3464 2170 3725 2240 habitus,

2072 2260 2233 2315 velut
2258 2260 2512 2332 insignis
2544 2266 2603 2316 et
2632 2276 2885 2333 magnus
2917 2262 3019 2316 Dei
3054 2261 3365 2333 propheta.

2727 2470 2949 2526 Eodem
2980 2470 3075 2525 die

2074 2570 2177 2626 ³4
2207 2571 2663 2625 Commemoratio
2719 2571 2901 2625 Beata
2952 2570 3318 2642 Theophanus
3347 2571 3537 2625 uxoris
3585 2572 3723 2624 Leo-

2143 2644 2229 2696 nis
2314 2643 2605 2697 clarissimi
2660 2657 2723 2696 ac
2779 2644 3169 2712 sapientissimi
3216 2643 3570 2712 imperatoris
3626 2656 3723 2695 no-

2143 2716 2266 2769 stri.

2144 2819 2319 2870 Beata
2340 2814 2585 2870 domina
2629 2814 2990 2885 Theophano
3047 2812 3723 2884 Constantinopolitanae

2074 2904 2238 2960 urbis
2268 2909 2328 2959 et
2351 2904 2595 2960 alumna
2616 2904 3067 2976 et'imperatrix,
3091 2901 3729 2958 Constantiniillustris

2075 2996 2201 3065 viri,
2234 3012 2301 3051 ac
2341 3011 2477 3051 cum
2508 2994 2698 3050 tribus
2750 2993 3211 3067 imperatoribus
3274 2992 3723 3064 propinquitate

2073 3085 2378 3157 conjuncti
2413 3084 2556 3151 ﬁlia,
2591 3088 2842 3139 matrem
2873 3082 3082 3139 habuit
3129 3085 3383 3146 Annam,
3417 3096 3549 3151 quae
3606 3085 3726 3135 ste-’

2074 3175 2200 3231 rilis
2232 3180 2379 3241 erat,
2413 3179 2473 3228 et
2530 3172 2871 3240 infecunda,
2931 3178 2998 3228 ut
3052 3174 3226 3227 Anna
3273 3170 3379 3227 illa
3436 3169 3728 3226 Samuelis

280 3271 323 3339 ἡ
366 3270 569 3343 πρώην
630 3270 804 3323 Ἀννα
851 3270 888 3337 ἡ
950 3269 1137 3344 μήτηρ
1179 3272 1276 3324 τοῦ
1320 3270 1609 3346 προφήτου
1659 3254 1961 3342 γΣαμουήΛ.

2083 3266 2382 3337 prophetas
2416 3269 2626 3319 mater.
2661 3264 2771 3318 Sed
2803 3279 2940 3319 cum
2965 3262 3223 3318 assiduis
3268 3276 3388 3315 una
3416 3276 3552 3315 cum
3603 3258 3727 3313 viro

280 3356 468 3417 Λλλᾶ
500 3361 726 3419 πυκνῶς
766 3356 1151 3433 ἀπερχομένη,
1208 3358 1296 3412 καὶ
1354 3357 1770 3431 παρακαλοῦσα,
1830 3359 1969 3431 μετὰ

277 3452 395 3501 τοῦ
425 3444 629 3521 ἀνδρὸς
659 3448 761 3514 τήν
788 3447 945 3522 ἁγίαν
1008 3444 1289 3502 δέσποιναν
1319 3449 1483 3521 ἡμῶν
1516 3447 1805 3517 Θεοτόκον,
1864 3448 1965 3516 τὴν

295 3534 360 3589 ἒν
390 3542 519 3598 τοῖς
546 3536 761 3593 Βάσσου
806 3538 1133 3610 τιμωμὲιην
1191 3532 1480 3593 συνέλαϐεν
1540 3537 1592 3593 ἐν
1625 3537 1817 3613 γαστρὶ
1869 3542 1971 3610 τήν

306 3625 481 3701 ἁγίαν
558 3630 829 3703 Θεοοανώ·
892 3628 984 3683 καὶ
1045 3630 1341 3703 γεννήσασα
1426 3627 1701 3704 ἐξέθρεψεν
1787 3627 1968 3704 ἐναρέ-

292 3735 453 3783 τως,
478 3711 729 3785 διδάξασα
756 3716 919 3787 αὐτὴν
946 3717 1037 3772 καὶ
1095 3718 1417 3793 γράμματα,
1484 3718 1574 3774 καὶ
1630 3717 1746 3774 ἐπεὶ
1809 3720 1968 3777 Βασί-

300 3804 471 3865 λειος
500 3805 530 3859 ὁ
588 3801 912 3879 περιϐόητος
973 3805 1229 3883 βασιλεὺς
1318 3812 1548 3884 γυναῖκα
1604 3804 1970 3868 ἐϐουλεύσατο

294 3893 500 3949 δοῦναι
526 3899 611 3967 τῷ
636 3895 737 3967 υἱῷ
787 3895 952 3951 αὐτοῦ
997 3897 1187 3951 Λέοντι
1230 3901 1311 3970 τῷ
1364 3899 1667 3972 σοφωτάτῳ
1726 3897 1968 3974 βασιλεῖ,

284 3988 452 4061 παρᾶ
509 3987 718 4058 ταύτην
772 3985 1057 4063 κρείττονα
1117 3988 1196 4060 μή
1266 3988 1467 4065 εὑρὼν,
1528 3987 1761 4046 δέδωκεν
1825 3990 1973 4065 αύτῷ

278 4076 532 4148 ταύτην.
596 4078 897 4154 Στεφθεῖσα
954 4074 1012 4131 δὲ
1062 4076 1155 4131 καὶ
1217 4075 1604 4153 βασιλεύσασα,
1652 4080 1807 4154 ὅμως
1858 4083 1968 4136 τῶν

288 4171 549 4243 πτωχῶν
575 4165 680 4221 οὐκ
708 4164 1024 4221 ἐπελάθετο·
1059 4165 1209 4222 αλλὰ
1262 4173 1363 4237 τῆς
1425 4170 1695 4239 συνήθους
1724 4166 1969 4245 ἐχομένη

290 4258 501 4332 ἀρετῆς
528 4255 623 4310 καὶ
659 4253 1064 4328 ἒλεημοσύνης,
1097 4255 1389 4332 ἐθεράπευε
1416 4259 1509 4315 τὸν
1542 4260 1673 4315 Θεὸν
1703 4259 1796 4315 τὸν
1828 4259 1970 4334 αὐτῇ

281 4344 705 4420 δωρησάμενον
735 4346 835 4415 τήν
880 4343 1162 4421 βασιλείαν
1200 4346 1476 4421 οὐράνῶν.

872 4464 1055 4522 ΜΗΝΙ
1087 4466 1183 4521 ΤΩ
1210 4465 1409 4522 ΑΥΊὮ.

851 4581 941 4638 Ἐν
973 4582 1162 4657 ἡμέρᾳ
1182 4582 1431 4657 Κυριακῇ

366 4675 505 4728 Ὅτε
538 4668 696 4744 λάχῃ
734 4664 1590 4800 μνήρὶἒαὲκῶνκξγίΐέκὲοὲτέρων,
1616 4667 1894 4749 Ἀϐραάμ,

376 4861 513 4935 Περὶ
542 4859 757 4915 τούτων
786 4863 896 4913 τῶν
955 4858 1128 4933 ἁγίων
1172 4859 1422 4934 Πατὲρων
1480 4861 1644 4932 ἡμῶν
1705 4861 1733 4915 ὁ
1795 4864 1965 4937 μὲγας

298 4955 547 5018 Πωϋσῆς
580 4947 636 5003 ἐν
666 4954 736 5017 τῆ
800 4941 984 5024 βίϐλῳ
1006 4953 1109 5017 τῆς
1170 4948 1452 5018 Γενὲσεως,
1512 4943 1752 5024 ἀκριϐῶς
1806 4947 1967 5025 ἔγρα.

300 5044 421 5112 dav.
453 5038 662 5113 Ὀλίγα
695 5035 756 5093 δὲ
809 5035 903 5092 καὶ
961 5035 1118 5091 αὐτοὶ
1170 5034 1221 5108 ἐξ
1270 5034 1440 5106 αὐτῆς
1494 5043 1595 5106 τῆς
1653 5032 1854 5113 βίϐλου
1883 5037 1967 5095 δι·

306 5129 644 5204 ητησόμεθα.
694 5128 874 5187 Οὗτος
923 5123 1035 5179 ἀπὸ
1088 5121 1365 5186 Χαλδαίας
1404 5124 1646 5201 γέγονεν,
1696 5126 1964 5200 ἀστρονό-

309 5238 408 5289 μος
457 5214 646 5287 ἄκρος
705 5217 833 5290 εἶχε
908 5209 971 5267 δὲ
1025 5210 1233 5286 πατέρα
1290 5210 1728 5289 εἶδωλολάτρην.
1789 5214 1965 5278 Αὐτὸς

308 5303 748 5380 δὲκατανοήσας,
816 5302 906 5359 ὅτι
942 5299 1075 5356 οὐδὲ
1128 5297 1183 5355 ἓν
1246 5300 1306 5356 ἐκ
1358 5305 1469 5357 τῶν
1517 5299 1767 5358 εἷὸὠλων
1853 5302 1965 5359 ἐστί

300 5400 433 5469 θεὸς,
464 5399 817 5460 mra-1,1501;
850 5392 1013 5463 αὐτὰ,
1075 5389 1277 5461 ἤκουσε
1339 5396 1484 5469 παρὰ
1535 5398 1634 5449 τοῦ
1699 5394 1966 5464 ἀληθινοῦ

289 5500 428 5553 Θεοῦ·
458 5524 484 5550 α
522 5490 820 5570 Ἀϐραὰμ,
859 5481 1056 5555 ἔξελθε
1085 5481 1279 5570 ἔδξτῆςν
1303 5489 1408 5557 γῆς
1440 5504 1559 5551 σου,
1617 5482 1708 5539 καὶ
1758 5485 1818 5540 ἐκ
1862 5487 1962 5555 τῆς

272 5590 568 5670 συγγενείας
602 5568 735 5655 σου,
773 5575 879 5635 καί
944 5570 1006 5627 ἐκ
1064 5568 1161 5625 τοῦ
1221 5569 1377 5627 οἷ’κου
1433 5577 1531 5627 τοῦ
1590 5574 1796 5649 πατρός
1843 5596 1963 5646 σου,

264 5656 488 5744 uiae;
520 5680 607 5745 εἷς
644 5680 797 5754 γῆν,
830 5665 933 5754 αελίνΔ
974 5658 1090 5736 ἐγώ
1120 5681 1205 5754 σοι
1261 5656 1440 5732 δείξω.
1495 5686 1524 5714 ι»
1575 5662 1832 5754 ΪΑφῆκενῄ
1871 5661 1961 5718 οῦν

252 5778 420 5854 πάντα,
515 5770 621 5833 καὶ
656 5746 1036 5824 ’ἀναλάϐετο
1086 5750 1189 5822 τήν
1239 5755 1473 5828 γυναῖκα
1530 5752 1699 5809 αὐτοῦ
1760 5752 1959 5831 Σάραν,

2075 3370 2181 3409 suo
2195 3353 2470 3426 precibus
2493 3356 2759 3408 sanctam
2777 3351 3083 3407 dominam
3107 3356 3380 3406 nostram
3398 3349 3729 3420 Deiparam,

2076 3460 2208 3515 quas
2240 3444 2301 3497 in
2334 3442 2460 3497 inde
2486 3442 2645 3496 Bassi
2678 3438 3581 3510 colitur,sollicitaret,concepit
3597 3453 3732 3493 san-

2076 3537 2232 3588 ctam
2265 3529 3042 3603 TheOpbano,genitamque
3067 3529 3322 3601 ingenue
3357 3525 3650 3593 educavit,
3676 3530 3736 3581 et

2075 3620 2427 3676 liberalibus
2457 3619 2793 3691 disciplinis
2824 3618 3103 3673 instituit.
3138 3622 3282 3673 Cum
3309 3633 3445 3671 vero
3478 3615 3732 3672 Basilius

2075 3711 2332 3768 celebris
2355 3711 2682 3781 imperator
2708 3708 2832 3763 filio
2890 3724 2996 3763 suo
3056 3702 3234 3763 Le'oni
3285 3705 3730 3778 sapientissimo

2076 3800 2423 3873 imperatori
2445 3815 2688 3854 uxorem
2725 3803 3039 3869 quaereret,
3081 3797 3192 3853 hac
3250 3797 3560 3852 meliorem
3608 3811 3729 3850 non

2075 3889 2583 3959 inveniens,illam
2615 3888 2668 3943 ei
2699 3888 2761 3942 in
2792 3886 3242 3943 matrimonium
3265 3884 3589 3941 collocavit.
3621 3884 3728 3938 Co-

2076 3984 2290 4035 ronata
2311 3979 2535 4049 itaque,
2571 3982 2631 4032 et
2661 3975 3007 4048 imperatrix
3037 3976 3356 4044 declarata,
3375 3990 3497 4029 non
3527 3979 3730 4029 tamen

2078 4084 2409 4140 pauperum
2440 4082 2643 4122 curam
2675 4065 2935 4138 abjecit;
2969 4066 3073 4121 sed
3122 4069 3438 4121 consuetas
3482 4063 3731 4118 virtutes

2079 4164 2137 4215 et
2168 4158 2564 4230 eleemosynaa
2597 4156 2860 4212 studium
2894 4154 3311 4225 retinens,Deo
3344 4153 3666 4221 inservivit,
3698 4168 3734 4207 a

2077 4266 2195 4320 quo
2226 4248 2466 4304 cmleste
2490 4261 2737 4319 regnum
2771 4250 3092 4301 consecuta
3120 4248 3229 4299 est.

2640 4451 2886 4507 EODEM
2928 4451 3162 4506 MENSE

2684 4568 2787 4624 Die
2815 4568 3120 4624 dominica

1998 4622 2046 4688 Β
2077 4662 2174 4720 85
2206 4659 2438 4727 Quando
2494 4659 2735 4714 occurrit
2792 4659 3241 4713 commemoratio
3270 4661 3582 4711 sanctorum
3618 4657 3727 4709 Pa-

2399 4737 2545 4785 trum
2574 4730 2880 4797 Abraham,
2923 4731 3100 4797 lsaac,
3133 4735 3185 4783 et
3214 4728 3402 4784 Iacob.

2149 4858 2229 4911 De
2248 4855 2343 4910 his
2376 4853 2599 4910 sanctis
2628 4852 2897 4925 patribus
2947 4853 3167 4908 nostris
3211 4866 3462 4925 magnus
3494 4852 3723 4922 Moyses

2075 4946 2138 5001 in
2168 4947 2427 5002 Geneseos
2455 4942 2608 4997 libro
2638 4947 2913 4998 accurate
2958 4942 3218 5013 scripsit.
3254 4942 3368 4996 Nos
3401 4945 3602 4996 tamen
3656 4955 3728 4993 ex

2075 5038 2283 5095 eodem
2318 5037 2470 5094 libro
2498 5052 2688 5109 pauca
2710 5034 2781 5091 de
2805 5035 3019 5091 iisdem
3052 5034 3647 5091 dicemus.Abraham
3660 5049 3733 5087 ex

2074 5129 2351 5185 Chaldma
2378 5127 2510 5196 fuit,
2537 5126 2917 5183 astronomia)
2948 5125 3369 5197 peritissimus,
3400 5129 3569 5196 patre
3597 5120 3731 5177 ido-

2074 5219 2290 5274 lolatra
2320 5222 2497 5273 natus
2531 5233 2544 5271 :
2577 5232 2711 5271 cum
2735 5220 2935 5271 autem
2966 5216 3337 5288 cognovisset
3391 5212 3619 5268 nullam
3671 5211 3731 5265 in

2075 5308 2253 5364 idolis
2287 5324 2415 5362 esse
2447 5305 2838 5372 divinitatem,
2896 5309 3072 5376 atque
3128 5304 3349 5360 idcirco
3410 5300 3733 5356 simulacra

2076 5395 2759 5459 combussisset,audivit
2790 5395 2976 5449 Deum
3015 5410 3216 5449 verum
3252 5391 3362 5447 sibi
3387 5390 3684 5446 dicentem
3719 5405 3732 5443 :

2078 5508 2103 5539 σι
2140 5485 2458 5550 Abraham,
2481 5484 2761 5557 egredere
2780 5484 2851 5538 de
2887 5488 3042 5537 terra
3066 5486 3251 5545 lua,et
3280 5478 3351 5535 de
3381 5478 3731 5549 cognatione

2077 5582 2196 5641 tua,
2231 5580 2287 5631 et
2319 5573 2390 5630 de
2409 5574 2585 5630 domo
2619 5573 2803 5646 patris
2826 5572 2931 5638 tui,
2962 5576 3019 5625 et
3042 5570 3175 5624 veni
3207 5569 3265 5622 in
3301 5574 3517 5623 terram
3550 5582 3729 5637 quam

2074 5669 2480 5721 monstravero
2513 5663 2638 5718 tibi.
2692 5684 2721 5712 »
2779 5661 2886 5726 Qui
2940 5658 3138 5714 statim
3201 5656 3478 5711 omnibus
3532 5656 3728 5712 valere

2066 5754 2277 5829 jussis,
2310 5758 2735 5827 assumptaque
2765 5764 2949 5806 uxore
2977 5761 3086 5804 sua
3113 5747 3277 5818 Sara,
3300 5751 3360 5804 et
3387 5745 3493 5803 Lot
3521 5746 3725 5804 fratris
