  <div class='ocr_page' id='page_1' title='image "/cluster/home/n/w/nwhite01/storage/ocr_20150623/117/coo.31924054870211/115.png"; bbox 0 0 4124 6460; ppageno 0'>
   <div class='ocr_carea' id='block_1_1' title="bbox 431 364 547 426">
    <p class='ocr_par' dir='ltr' id='par_1_1' title="bbox 431 364 547 426">
     <span class='ocr_line' id='line_1_1' title="bbox 431 364 547 426; baseline -0.017 0"><span class='ocrx_word' id='word_1_1' title='bbox 431 364 547 426; x_wconf 72' lang='grc'><strong>211</strong></span> 
     </span>
    </p>
   </div>
   <div class='ocr_carea' id='block_1_2' title="bbox 1718 355 2524 420">
    <p class='ocr_par' dir='ltr' id='par_1_2' title="bbox 1718 355 2524 420">
     <span class='ocr_line' id='line_1_2' title="bbox 1718 355 2524 420; baseline -0.006 -2"><span class='ocrx_word' id='word_1_2' title='bbox 1718 359 2154 420; x_wconf 87' lang='lat' dir='ltr'><strong>MENOLOGII</strong></span> <span class='ocrx_word' id='word_1_3' title='bbox 2192 355 2403 418; x_wconf 83' lang='lat' dir='ltr'><strong>PARS</strong></span> <span class='ocrx_word' id='word_1_4' title='bbox 2446 355 2524 414; x_wconf 89' lang='grc' dir='ltr'><strong>ΙΙ.</strong></span> 
     </span>
    </p>
   </div>
   <div class='ocr_carea' id='block_1_3' title="bbox 3730 353 3850 415">
    <p class='ocr_par' dir='ltr' id='par_1_3' title="bbox 3730 353 3850 415">
     <span class='ocr_line' id='line_1_3' title="bbox 3730 353 3850 415; baseline 0 -1"><span class='ocrx_word' id='word_1_5' title='bbox 3730 353 3850 415; x_wconf 77' lang='grc'><strong>212</strong></span> 
     </span>
    </p>
   </div>
   <div class='ocr_carea' id='block_1_4' title="bbox 434 485 2096 573">
    <p class='ocr_par' dir='ltr' id='par_1_4' title="bbox 434 496 2082 573">
     <span class='ocr_line' id='line_1_4' title="bbox 434 496 2082 573; baseline -0.004 -16"><span class='ocrx_word' id='word_1_6' title='bbox 434 500 829 573; x_wconf 83' lang='lat' dir='ltr'><strong>ﬁlio.peregre</strong></span> <span class='ocrx_word' id='word_1_7' title='bbox 852 499 1151 572; x_wconf 89' lang='lat' dir='ltr'><strong>profectus</strong></span> <span class='ocrx_word' id='word_1_8' title='bbox 1183 501 1560 569; x_wconf 90' lang='lat' dir='ltr'><strong>est,sequens</strong></span> <span class='ocrx_word' id='word_1_9' title='bbox 1583 496 1794 563; x_wconf 90' lang='lat' dir='ltr'><strong>Deum,</strong></span> <span class='ocrx_word' id='word_1_10' title='bbox 1827 510 2082 566; x_wconf 89' lang='lat' dir='ltr'><strong>eumque</strong></span> 
     </span>
    </p>
   </div>
   <div class='ocr_carea' id='block_1_5' title="bbox 2210 485 3857 573">
    <p class='ocr_par' dir='ltr' id='par_1_5' title="bbox 2210 485 3857 564">
     <span class='ocr_line' id='line_1_5' title="bbox 2210 485 3857 564; baseline -0.002 -19"><span class='ocrx_word' id='word_1_11' title='bbox 2210 490 2288 545; x_wconf 83' lang='grc' dir='ltr'><strong>ιαὶ</strong></span> <span class='ocrx_word' id='word_1_12' title='bbox 2342 493 2405 545; x_wconf 88' lang='grc' dir='ltr'>τὸ</span> <span class='ocrx_word' id='word_1_13' title='bbox 2460 488 2680 564; x_wconf 82' lang='grc' dir='ltr'>ἀνεψιὸν</span> <span class='ocrx_word' id='word_1_14' title='bbox 2724 487 2889 543; x_wconf 73' lang='grc' dir='ltr'>αὐτοῦ</span> <span class='ocrx_word' id='word_1_15' title='bbox 2974 489 3120 557; x_wconf 85' lang='grc' dir='ltr'>Λὼτ,</span> <span class='ocrx_word' id='word_1_16' title='bbox 3180 488 3269 544; x_wconf 88' lang='grc' dir='ltr'><strong>καὶ</strong></span> <span class='ocrx_word' id='word_1_17' title='bbox 3330 485 3658 561; x_wconf 76' lang='grc' dir='ltr'>ὲξενίτευσεν</span> <span class='ocrx_word' id='word_1_18' title='bbox 3735 488 3857 543; x_wconf 81' lang='grc' dir='ltr'>ἀκο-</span> 
     </span>
    </p>
   </div>
   <div class='ocr_carea' id='block_1_6' title="bbox 431 585 2080 661">
    <p class='ocr_par' dir='ltr' id='par_1_6' title="bbox 431 585 2080 661">
     <span class='ocr_line' id='line_1_6' title="bbox 431 585 2080 661; baseline -0.003 -17"><span class='ocrx_word' id='word_1_19' title='bbox 431 590 637 645; x_wconf 89' lang='lat' dir='ltr'><strong>videns</strong></span> <span class='ocrx_word' id='word_1_20' title='bbox 669 608 785 661; x_wconf 91' lang='lat' dir='ltr'><strong>quo</strong></span> <span class='ocrx_word' id='word_1_21' title='bbox 816 594 1047 661; x_wconf 83' lang='lat' dir='ltr'><strong>poterat</strong></span> <span class='ocrx_word' id='word_1_22' title='bbox 1074 588 1274 655; x_wconf 88' lang='lat' dir='ltr'><strong>modo,</strong></span> <span class='ocrx_word' id='word_1_23' title='bbox 1307 588 1555 659; x_wconf 87' lang='lat' dir='ltr'><strong>ejusque</strong></span> <span class='ocrx_word' id='word_1_24' title='bbox 1588 585 1872 642; x_wconf 89' lang='lat' dir='ltr'><strong>mandata</strong></span> <span class='ocrx_word' id='word_1_25' title='bbox 1923 585 2080 640; x_wconf 90' lang='lat' dir='ltr'><strong>exci-</strong></span> 
     </span>
    </p>
   </div>
   <div class='ocr_carea' id='block_1_7' title="bbox 436 675 2087 751">
    <p class='ocr_par' dir='ltr' id='par_1_7' title="bbox 436 675 2087 751">
     <span class='ocr_line' id='line_1_7' title="bbox 436 675 2087 751; baseline -0.004 -18"><span class='ocrx_word' id='word_1_26' title='bbox 436 680 627 751; x_wconf 86' lang='lat' dir='ltr'><strong>piens.</strong></span> <span class='ocrx_word' id='word_1_27' title='bbox 654 677 867 733; x_wconf 90' lang='lat' dir='ltr'><strong>Genuit</strong></span> <span class='ocrx_word' id='word_1_28' title='bbox 924 684 1122 732; x_wconf 88' lang='lat' dir='ltr'><strong>autem</strong></span> <span class='ocrx_word' id='word_1_29' title='bbox 1179 678 1445 731; x_wconf 87' lang='lat' dir='ltr'><strong>Isaacum</strong></span> <span class='ocrx_word' id='word_1_30' title='bbox 1494 676 1621 747; x_wconf 89' lang='lat' dir='ltr'><strong>jam</strong></span> <span class='ocrx_word' id='word_1_31' title='bbox 1676 691 1876 731; x_wconf 88' lang='lat' dir='ltr'><strong>senex.</strong></span> <span class='ocrx_word' id='word_1_32' title='bbox 1902 675 2087 739; x_wconf 91' lang='lat' dir='ltr'><strong>Quem</strong></span> 
     </span>
    </p>
   </div>
   <div class='ocr_carea' id='block_1_8' title="bbox 435 763 2089 837">
    <p class='ocr_par' dir='ltr' id='par_1_8' title="bbox 435 763 2089 837">
     <span class='ocr_line' id='line_1_8' title="bbox 435 763 2089 837; baseline -0.004 -15"><span class='ocrx_word' id='word_1_33' title='bbox 435 774 671 822; x_wconf 89' lang='lat' dir='ltr'><strong>tentans</strong></span> <span class='ocrx_word' id='word_1_34' title='bbox 699 765 1255 837; x_wconf 72' lang='lat' dir='ltr'><strong>Deus.prcecepit,ut</strong></span> <span class='ocrx_word' id='word_1_35' title='bbox 1271 764 1445 819; x_wconf 90' lang='lat' dir='ltr'><strong>illum</strong></span> <span class='ocrx_word' id='word_1_36' title='bbox 1469 764 1837 819; x_wconf 90' lang='lat' dir='ltr'><strong>immolaret:</strong></span> <span class='ocrx_word' id='word_1_37' title='bbox 1856 763 2089 818; x_wconf 88' lang='lat' dir='ltr'><strong>videns-</strong></span> 
     </span>
    </p>
   </div>
   <div class='ocr_carea' id='block_1_9' title="bbox 435 851 2088 925">
    <p class='ocr_par' dir='ltr' id='par_1_9' title="bbox 435 851 2088 925">
     <span class='ocr_line' id='line_1_9' title="bbox 435 851 2088 925; baseline -0.002 -16"><span class='ocrx_word' id='word_1_38' title='bbox 435 871 551 925; x_wconf 90' lang='lat' dir='ltr'><strong>que</strong></span> <span class='ocrx_word' id='word_1_39' title='bbox 581 854 710 925; x_wconf 88' lang='lat' dir='ltr'><strong>ejus</strong></span> <span class='ocrx_word' id='word_1_40' title='bbox 769 853 1195 917; x_wconf 84' lang='lat' dir='ltr'><strong>obedientiam,</strong></span> <span class='ocrx_word' id='word_1_41' title='bbox 1243 869 1277 907; x_wconf 86' lang='lat' dir='ltr'><strong>a</strong></span> <span class='ocrx_word' id='word_1_42' title='bbox 1326 852 1486 907; x_wconf 64' lang='lat' dir='ltr'><strong>caede</strong></span> <span class='ocrx_word' id='word_1_43' title='bbox 1537 852 1724 906; x_wconf 87' lang='lat' dir='ltr'><strong>Isaaci</strong></span> <span class='ocrx_word' id='word_1_44' title='bbox 1785 851 2088 906; x_wconf 85' lang='lat' dir='ltr'><strong>abstinere</strong></span> 
     </span>
    </p>
   </div>
   <div class='ocr_carea' id='block_1_10' title="bbox 426 941 2085 1015">
    <p class='ocr_par' dir='ltr' id='par_1_10' title="bbox 426 941 2085 1015">
     <span class='ocr_line' id='line_1_10' title="bbox 426 941 2085 1015; baseline -0.004 -17"><span class='ocrx_word' id='word_1_45' title='bbox 426 943 626 1015; x_wconf 87' lang='lat' dir='ltr'><strong>jussit.</strong></span> <span class='ocrx_word' id='word_1_46' title='bbox 660 944 822 997; x_wconf 85' lang='lat' dir='ltr'><strong>Isaac</strong></span> <span class='ocrx_word' id='word_1_47' title='bbox 846 946 1045 997; x_wconf 90' lang='lat' dir='ltr'><strong>autem</strong></span> <span class='ocrx_word' id='word_1_48' title='bbox 1095 941 1302 1013; x_wconf 80' lang='lat' dir='ltr'><strong>genuit</strong></span> <span class='ocrx_word' id='word_1_49' title='bbox 1328 941 1529 996; x_wconf 79' lang='lat' dir='ltr'><strong>Jacob.</strong></span> <span class='ocrx_word' id='word_1_50' title='bbox 1563 942 1826 1005; x_wconf 90' lang='lat' dir='ltr'><strong>Quorum</strong></span> <span class='ocrx_word' id='word_1_51' title='bbox 1858 955 2085 995; x_wconf 87' lang='lat' dir='ltr'><strong>memo-</strong></span> 
     </span>
    </p>
   </div>
   <div class='ocr_carea' id='block_1_11' title="bbox 435 1028 2090 1101">
    <p class='ocr_par' dir='ltr' id='par_1_11' title="bbox 435 1028 2090 1101">
     <span class='ocr_line' id='line_1_11' title="bbox 435 1028 2090 1101; baseline -0.002 -15"><span class='ocrx_word' id='word_1_52' title='bbox 435 1034 583 1087; x_wconf 85' lang='lat' dir='ltr'><strong>riam</strong></span> <span class='ocrx_word' id='word_1_53' title='bbox 612 1032 866 1087; x_wconf 86' lang='lat' dir='ltr'><strong>facimus</strong></span> <span class='ocrx_word' id='word_1_54' title='bbox 896 1037 1035 1087; x_wconf 83' lang='lat' dir='ltr'><strong>ante</strong></span> <span class='ocrx_word' id='word_1_55' title='bbox 1062 1032 1434 1087; x_wconf 86' lang='lat' dir='ltr'><strong>nativitatem</strong></span> <span class='ocrx_word' id='word_1_56' title='bbox 1457 1030 1697 1095; x_wconf 84' lang='lat' dir='ltr'><strong>Christi,</strong></span> <span class='ocrx_word' id='word_1_57' title='bbox 1729 1028 1887 1101; x_wconf 92' lang='lat' dir='ltr'><strong>quod</strong></span> <span class='ocrx_word' id='word_1_58' title='bbox 1912 1045 1982 1084; x_wconf 84' lang='lat' dir='ltr'><strong>ex</strong></span> <span class='ocrx_word' id='word_1_59' title='bbox 2014 1028 2090 1083; x_wconf 89' lang='lat' dir='ltr'><strong>iis</strong></span> 
     </span>
    </p>
   </div>
   <div class='ocr_carea' id='block_1_12' title="bbox 437 1121 1696 1177">
    <p class='ocr_par' dir='ltr' id='par_1_12' title="bbox 437 1121 1696 1177">
     <span class='ocr_line' id='line_1_12' title="bbox 437 1121 1696 1177; baseline -0.001 -2"><span class='ocrx_word' id='word_1_60' title='bbox 437 1121 704 1177; x_wconf 86' lang='lat' dir='ltr'><strong>Christus</strong></span> <span class='ocrx_word' id='word_1_61' title='bbox 736 1122 1065 1177; x_wconf 89' lang='lat' dir='ltr'><strong>secundum</strong></span> <span class='ocrx_word' id='word_1_62' title='bbox 1097 1137 1337 1177; x_wconf 87' lang='lat' dir='ltr'><strong>carnem</strong></span> <span class='ocrx_word' id='word_1_63' title='bbox 1370 1125 1546 1176; x_wconf 87' lang='lat' dir='ltr'><strong>natus</strong></span> <span class='ocrx_word' id='word_1_64' title='bbox 1588 1125 1696 1175; x_wconf 87' lang='lat' dir='ltr'><strong>est.</strong></span> 
     </span>
    </p>
   </div>
   <div class='ocr_carea' id='block_1_13' title="bbox 1010 1238 1523 1295">
    <p class='ocr_par' dir='ltr' id='par_1_13' title="bbox 1010 1238 1523 1295">
     <span class='ocr_line' id='line_1_13' title="bbox 1010 1238 1523 1295; baseline 0 -2"><span class='ocrx_word' id='word_1_65' title='bbox 1010 1240 1250 1294; x_wconf 82' lang='lat' dir='ltr'><strong>EODEM</strong></span> <span class='ocrx_word' id='word_1_66' title='bbox 1283 1238 1523 1295; x_wconf 88' lang='lat' dir='ltr'><strong>MENSE</strong></span> 
     </span>
    </p>
   </div>
   <div class='ocr_carea' id='block_1_14' title="bbox 974 1356 1631 1429">
    <p class='ocr_par' dir='ltr' id='par_1_14' title="bbox 974 1356 1631 1429">
     <span class='ocr_line' id='line_1_14' title="bbox 974 1356 1631 1429; baseline -0.003 -16"><span class='ocrx_word' id='word_1_67' title='bbox 974 1357 1078 1413; x_wconf 90' lang='lat' dir='ltr'><strong>Die</strong></span> <span class='ocrx_word' id='word_1_68' title='bbox 1117 1357 1348 1413; x_wconf 88' lang='lat' dir='ltr'><strong>decima</strong></span> <span class='ocrx_word' id='word_1_69' title='bbox 1376 1356 1631 1429; x_wconf 90' lang='lat' dir='ltr'><strong>septima</strong></span> 
     </span>
    </p>
   </div>
   <div class='ocr_carea' id='block_1_15' title="bbox 438 1474 2088 1544">
    <p class='ocr_par' dir='ltr' id='par_1_15' title="bbox 438 1474 2088 1544">
     <span class='ocr_line' id='line_1_15' title="bbox 438 1474 2088 1544; baseline -0.002 -14"><span class='ocrx_word' id='word_1_70' title='bbox 438 1475 540 1530; x_wconf 75' lang='lat'><strong>86</strong></span> <span class='ocrx_word' id='word_1_71' title='bbox 571 1475 853 1531; x_wconf 72' lang='lat' dir='ltr'><strong>Certamen</strong></span> <span class='ocrx_word' id='word_1_72' title='bbox 894 1481 1210 1529; x_wconf 78' lang='lat' dir='ltr'><strong>sanctorum</strong></span> <span class='ocrx_word' id='word_1_73' title='bbox 1264 1477 1431 1529; x_wconf 74' lang='lat' dir='ltr'><strong>trium</strong></span> <span class='ocrx_word' id='word_1_74' title='bbox 1479 1489 1805 1544; x_wconf 75' lang='lat' dir='ltr'><strong>puerorum,</strong></span> <span class='ocrx_word' id='word_1_75' title='bbox 1838 1474 2088 1540; x_wconf 67' lang='lat' dir='ltr'><strong>Ananiae,</strong></span> 
     </span>
    </p>
   </div>
   <div class='ocr_carea' id='block_1_16' title="bbox 935 1545 1586 1613">
    <p class='ocr_par' dir='ltr' id='par_1_16' title="bbox 935 1545 1586 1613">
     <span class='ocr_line' id='line_1_16' title="bbox 935 1545 1586 1613; baseline -0.003 -12"><span class='ocrx_word' id='word_1_76' title='bbox 935 1548 1174 1613; x_wconf 65' lang='lat' dir='ltr'><strong>Azarim,</strong></span> <span class='ocrx_word' id='word_1_77' title='bbox 1219 1552 1271 1600; x_wconf 78' lang='lat' dir='ltr'><strong>et</strong></span> <span class='ocrx_word' id='word_1_78' title='bbox 1326 1545 1586 1603; x_wconf 79' lang='lat' dir='ltr'><strong>Misaelis.</strong></span> 
     </span>
    </p>
   </div>
   <div class='ocr_carea' id='block_1_17' title="bbox 516 1660 2091 1733">
    <p class='ocr_par' dir='ltr' id='par_1_17' title="bbox 516 1660 2091 1733">
     <span class='ocr_line' id='line_1_17' title="bbox 516 1660 2091 1733; baseline -0.001 -16"><span class='ocrx_word' id='word_1_79' title='bbox 516 1663 712 1717; x_wconf 85' lang='lat' dir='ltr'><strong>Sancti</strong></span> <span class='ocrx_word' id='word_1_80' title='bbox 744 1667 863 1717; x_wconf 90' lang='lat' dir='ltr'><strong>tres</strong></span> <span class='ocrx_word' id='word_1_81' title='bbox 896 1662 1065 1733; x_wconf 88' lang='lat' dir='ltr'><strong>pueri</strong></span> <span class='ocrx_word' id='word_1_82' title='bbox 1100 1678 1169 1716; x_wconf 85' lang='lat' dir='ltr'><strong>ex</strong></span> <span class='ocrx_word' id='word_1_83' title='bbox 1199 1662 1345 1717; x_wconf 85' lang='lat' dir='ltr'><strong>urbe</strong></span> <span class='ocrx_word' id='word_1_84' title='bbox 1391 1660 1725 1717; x_wconf 84' lang='lat' dir='ltr'><strong>Jerusalem</strong></span> <span class='ocrx_word' id='word_1_85' title='bbox 1755 1661 1942 1730; x_wconf 90' lang='lat' dir='ltr'><strong>fuere,</strong></span> <span class='ocrx_word' id='word_1_86' title='bbox 1983 1661 2091 1716; x_wconf 84' lang='lat' dir='ltr'><strong>filii</strong></span> 
     </span>
    </p>
   </div>
   <div class='ocr_carea' id='block_1_18' title="bbox 445 1750 2090 1823">
    <p class='ocr_par' dir='ltr' id='par_1_18' title="bbox 445 1750 2090 1823">
     <span class='ocr_line' id='line_1_18' title="bbox 445 1750 2090 1823; baseline 0 -17"><span class='ocrx_word' id='word_1_87' title='bbox 445 1752 701 1807; x_wconf 66' lang='lat' dir='ltr'><strong>Ezechiae</strong></span> <span class='ocrx_word' id='word_1_88' title='bbox 730 1752 886 1823; x_wconf 88' lang='lat' dir='ltr'><strong>regis</strong></span> <span class='ocrx_word' id='word_1_89' title='bbox 913 1750 1382 1822; x_wconf 70' lang='lat' dir='ltr'><strong>Judaeorum,qui</strong></span> <span class='ocrx_word' id='word_1_90' title='bbox 1414 1768 1599 1819; x_wconf 87' lang='lat' dir='ltr'><strong>ausus</strong></span> <span class='ocrx_word' id='word_1_91' title='bbox 1617 1757 1706 1806; x_wconf 90' lang='lat' dir='ltr'><strong>est</strong></span> <span class='ocrx_word' id='word_1_92' title='bbox 1726 1751 1925 1806; x_wconf 88' lang='lat' dir='ltr'><strong>dicere</strong></span> <span class='ocrx_word' id='word_1_93' title='bbox 1948 1752 2090 1820; x_wconf 91' lang='lat' dir='ltr'><strong>Deo,</strong></span> 
     </span>
    </p>
   </div>
   <div class='ocr_carea' id='block_1_19' title="bbox 2194 574 3854 653">
    <p class='ocr_par' dir='ltr' id='par_1_19' title="bbox 2194 574 3854 653">
     <span class='ocr_line' id='line_1_19' title="bbox 2194 574 3854 653; baseline -0.002 -18"><span class='ocrx_word' id='word_1_94' title='bbox 2194 580 2411 645; x_wconf 89' lang='grc' dir='ltr'>λουθῶν</span> <span class='ocrx_word' id='word_1_95' title='bbox 2457 584 2538 653; x_wconf 81' lang='grc' dir='ltr'><strong>τῷ</strong></span> <span class='ocrx_word' id='word_1_96' title='bbox 2595 584 2741 652; x_wconf 77' lang='grc' dir='ltr'>Θεῷ,</span> <span class='ocrx_word' id='word_1_97' title='bbox 2816 578 3036 652; x_wconf 74' lang='grc' dir='ltr'>βλέπων</span> <span class='ocrx_word' id='word_1_98' title='bbox 3090 578 3256 634; x_wconf 82' lang='grc' dir='ltr'>αὐτὸν</span> <span class='ocrx_word' id='word_1_99' title='bbox 3313 578 3390 640; x_wconf 86' lang='grc' dir='ltr'>ὡς</span> <span class='ocrx_word' id='word_1_100' title='bbox 3442 574 3707 647; x_wconf 83' lang='grc' dir='ltr'>ἠδύνατο,</span> <span class='ocrx_word' id='word_1_101' title='bbox 3762 577 3854 632; x_wconf 82' lang='grc' dir='ltr'><strong>καὶ</strong></span> 
     </span>
    </p>
   </div>
   <div class='ocr_carea' id='block_1_20' title="bbox 2193 664 3862 745">
    <p class='ocr_par' dir='ltr' id='par_1_20' title="bbox 2193 664 3862 745">
     <span class='ocr_line' id='line_1_20' title="bbox 2193 664 3862 745; baseline -0.002 -20"><span class='ocrx_word' id='word_1_102' title='bbox 2193 669 2674 745; x_wconf 85' lang='grc' dir='ltr'>προστασσόμενος</span> <span class='ocrx_word' id='word_1_103' title='bbox 2740 669 2830 723; x_wconf 81' lang='grc' dir='ltr'><strong>ὑπ’</strong></span> <span class='ocrx_word' id='word_1_104' title='bbox 2892 667 3078 723; x_wconf 79' lang='grc' dir='ltr'>αὐτοῦ.</span> <span class='ocrx_word' id='word_1_105' title='bbox 3138 667 3429 744; x_wconf 80' lang='grc' dir='ltr'>Ἐγὲννησε</span> <span class='ocrx_word' id='word_1_106' title='bbox 3465 664 3523 722; x_wconf 74' lang='grc' dir='ltr'>δὲ</span> <span class='ocrx_word' id='word_1_107' title='bbox 3550 666 3642 722; x_wconf 85' lang='grc' dir='ltr'>τὸν</span> <span class='ocrx_word' id='word_1_108' title='bbox 3674 667 3862 723; x_wconf 82' lang='grc' dir='ltr'>Ἰσαὰκ</span> 
     </span>
    </p>
   </div>
   <div class='ocr_carea' id='block_1_21' title="bbox 2194 755 3858 834">
    <p class='ocr_par' dir='ltr' id='par_1_21' title="bbox 2194 755 3858 834">
     <span class='ocr_line' id='line_1_21' title="bbox 2194 755 3858 834; baseline -0.003 -19"><span class='ocrx_word' id='word_1_109' title='bbox 2194 761 2245 815; x_wconf 79' lang='grc' dir='ltr'>ἐν</span> <span class='ocrx_word' id='word_1_110' title='bbox 2294 761 2458 834; x_wconf 83' lang='grc' dir='ltr'>γήρᾳ.</span> <span class='ocrx_word' id='word_1_111' title='bbox 2520 759 2619 815; x_wconf 86' lang='grc' dir='ltr'><strong>Καὶ</strong></span> <span class='ocrx_word' id='word_1_112' title='bbox 2676 755 2988 829; x_wconf 80' lang='grc' dir='ltr'><strong>δοκιμάζων</strong></span> <span class='ocrx_word' id='word_1_113' title='bbox 3049 756 3209 813; x_wconf 84' lang='grc' dir='ltr'>αὐτὸν</span> <span class='ocrx_word' id='word_1_114' title='bbox 3265 756 3296 811; x_wconf 80' lang='grc' dir='ltr'><strong>ὁ</strong></span> <span class='ocrx_word' id='word_1_115' title='bbox 3353 756 3507 823; x_wconf 86' lang='grc' dir='ltr'>Θεὸς,</span> <span class='ocrx_word' id='word_1_116' title='bbox 3561 756 3858 831; x_wconf 71' lang='grc' dir='ltr'>προσέταξε</span> 
     </span>
    </p>
   </div>
   <div class='ocr_carea' id='block_1_22' title="bbox 2194 844 3851 926">
    <p class='ocr_par' dir='ltr' id='par_1_22' title="bbox 2194 844 3851 926">
     <span class='ocr_line' id='line_1_22' title="bbox 2194 844 3851 926; baseline 0 -23"><span class='ocrx_word' id='word_1_117' title='bbox 2194 849 2387 926; x_wconf 79' lang='grc' dir='ltr'><strong>σφάξαι</strong></span> <span class='ocrx_word' id='word_1_118' title='bbox 2420 847 2604 906; x_wconf 81' lang='grc' dir='ltr'>αὐτόν.</span> <span class='ocrx_word' id='word_1_119' title='bbox 2635 847 2743 902; x_wconf 85' lang='grc' dir='ltr'><strong>Καὶ</strong></span> <span class='ocrx_word' id='word_1_120' title='bbox 2785 844 2914 902; x_wconf 75' lang='grc' dir='ltr'>ἰδὼν</span> <span class='ocrx_word' id='word_1_121' title='bbox 2960 846 3124 901; x_wconf 79' lang='grc' dir='ltr'>αὐτὸν</span> <span class='ocrx_word' id='word_1_122' title='bbox 3160 844 3523 915; x_wconf 80' lang='grc' dir='ltr'><strong>ὑπακούοντα,</strong></span> <span class='ocrx_word' id='word_1_123' title='bbox 3555 844 3851 903; x_wconf 75' lang='grc' dir='ltr'><strong>ἐκώλυσεν.</strong></span> 
     </span>
    </p>
   </div>
   <div class='ocr_carea' id='block_1_23' title="bbox 2193 931 3887 1013">
    <p class='ocr_par' dir='ltr' id='par_1_23' title="bbox 2193 931 3887 1013">
     <span class='ocr_line' id='line_1_23' title="bbox 2193 931 3887 1013; baseline -0.001 -19"><span class='ocrx_word' id='word_1_124' title='bbox 2193 934 2255 995; x_wconf 76' lang='grc' dir='ltr'>Ὀ</span> <span class='ocrx_word' id='word_1_125' title='bbox 2285 935 2343 993; x_wconf 73' lang='grc' dir='ltr'>δὶ</span> <span class='ocrx_word' id='word_1_126' title='bbox 2375 937 2557 993; x_wconf 79' lang='grc' dir='ltr'>Ἰσαάκ</span> <span class='ocrx_word' id='word_1_127' title='bbox 2586 932 2840 1013; x_wconf 73' lang='grc' dir='ltr'><strong>ἐγέννησε</strong></span> <span class='ocrx_word' id='word_1_128' title='bbox 2887 938 2982 992; x_wconf 90' lang='grc' dir='ltr'>τὸν</span> <span class='ocrx_word' id='word_1_129' title='bbox 3029 931 3248 994; x_wconf 84' lang='grc' dir='ltr'>Ἰακώϐ.</span> <span class='ocrx_word' id='word_1_130' title='bbox 3306 940 3402 990; x_wconf 84' lang='grc' dir='ltr'>Ὧν</span> <span class='ocrx_word' id='word_1_131' title='bbox 3459 938 3563 1006; x_wconf 86' lang='grc' dir='ltr'><strong>τὴν</strong></span> <span class='ocrx_word' id='word_1_132' title='bbox 3624 938 3887 1011; x_wconf 82' lang='grc' dir='ltr'><strong>μνήμην.</strong></span> 
     </span>
    </p>
   </div>
   <div class='ocr_carea' id='block_1_24' title="bbox 2195 1023 3859 1103">
    <p class='ocr_par' dir='ltr' id='par_1_24' title="bbox 2195 1023 3859 1103">
     <span class='ocr_line' id='line_1_24' title="bbox 2195 1023 3859 1103; baseline -0.004 -18"><span class='ocrx_word' id='word_1_133' title='bbox 2195 1027 2575 1101; x_wconf 78' lang='grc' dir='ltr'><strong>ἐπιτελοῦμεν,</strong></span> <span class='ocrx_word' id='word_1_134' title='bbox 2606 1029 2712 1103; x_wconf 90' lang='grc' dir='ltr'><strong>πρὸ</strong></span> <span class='ocrx_word' id='word_1_135' title='bbox 2731 1030 2833 1097; x_wconf 75' lang='grc' dir='ltr'><strong>τῆς</strong></span> <span class='ocrx_word' id='word_1_136' title='bbox 2864 1028 3102 1098; x_wconf 79' lang='grc' dir='ltr'><strong>Χριστοῦ</strong></span> <span class='ocrx_word' id='word_1_137' title='bbox 3131 1028 3463 1101; x_wconf 82' lang='grc' dir='ltr'>γεννήσεως,</span> <span class='ocrx_word' id='word_1_138' title='bbox 3496 1023 3588 1081; x_wconf 73' lang='grc' dir='ltr'>διὰ</span> <span class='ocrx_word' id='word_1_139' title='bbox 3639 1026 3702 1080; x_wconf 88' lang='grc' dir='ltr'>τὸ</span> <span class='ocrx_word' id='word_1_140' title='bbox 3730 1046 3859 1099; x_wconf 84' lang='grc' dir='ltr'>γεν-</span> 
     </span>
    </p>
   </div>
   <div class='ocr_carea' id='block_1_25' title="bbox 2194 1115 3494 1194">
    <p class='ocr_par' dir='ltr' id='par_1_25' title="bbox 2194 1115 3494 1194">
     <span class='ocr_line' id='line_1_25' title="bbox 2194 1115 3494 1194; baseline -0.002 -20"><span class='ocrx_word' id='word_1_141' title='bbox 2194 1124 2428 1189; x_wconf 85' lang='grc' dir='ltr'>νηθῆναι</span> <span class='ocrx_word' id='word_1_142' title='bbox 2457 1117 2597 1172; x_wconf 84' lang='grc' dir='ltr'>κατὰ</span> <span class='ocrx_word' id='word_1_143' title='bbox 2623 1115 2793 1190; x_wconf 86' lang='grc' dir='ltr'>σάρκα</span> <span class='ocrx_word' id='word_1_144' title='bbox 2820 1116 2913 1172; x_wconf 89' lang='grc' dir='ltr'>τὸν</span> <span class='ocrx_word' id='word_1_145' title='bbox 2944 1117 3178 1194; x_wconf 88' lang='grc' dir='ltr'>Χριστὸν</span> <span class='ocrx_word' id='word_1_146' title='bbox 3212 1115 3265 1187; x_wconf 80' lang='grc' dir='ltr'><strong>ἐξ</strong></span> <span class='ocrx_word' id='word_1_147' title='bbox 3295 1115 3494 1171; x_wconf 86' lang='grc' dir='ltr'>αὐτῶν.</span> 
     </span>
    </p>
   </div>
   <div class='ocr_carea' id='block_1_26' title="bbox 2747 1236 3301 1293">
    <p class='ocr_par' dir='ltr' id='par_1_26' title="bbox 2747 1236 3301 1293">
     <span class='ocr_line' id='line_1_26' title="bbox 2747 1236 3301 1293; baseline 0 -2"><span class='ocrx_word' id='word_1_148' title='bbox 2747 1237 2931 1293; x_wconf 81' lang='lat' dir='ltr'><strong>MllNI</strong></span> <span class='ocrx_word' id='word_1_149' title='bbox 2969 1237 3058 1293; x_wconf 86' lang='grc' dir='ltr'><strong>ΤΩ</strong></span> <span class='ocrx_word' id='word_1_150' title='bbox 3097 1236 3301 1293; x_wconf 78' lang='grc' dir='ltr'>ΑΥΤΩ.</span> 
     </span>
    </p>
   </div>
   <div class='ocr_carea' id='block_1_27' title="bbox 2987 1360 3065 1413">
    <p class='ocr_par' dir='ltr' id='par_1_27' title="bbox 2987 1360 3065 1413">
     <span class='ocr_line' id='line_1_27' title="bbox 2987 1360 3065 1413; baseline -0.051 0"><span class='ocrx_word' id='word_1_151' title='bbox 2987 1360 3065 1413; x_wconf 88' lang='lat' dir='ltr'><strong>IZ‘</strong></span> 
     </span>
    </p>
   </div>
   <div class='ocr_carea' id='block_1_28' title="bbox 2338 1467 3709 1547">
    <p class='ocr_par' dir='ltr' id='par_1_28' title="bbox 2338 1467 3709 1547">
     <span class='ocr_line' id='line_1_28' title="bbox 2338 1467 3709 1547; baseline -0.004 -18"><span class='ocrx_word' id='word_1_152' title='bbox 2338 1470 2611 1543; x_wconf 75' lang='grc' dir='ltr'>’Ἃθλησις</span> <span class='ocrx_word' id='word_1_153' title='bbox 2641 1476 2749 1547; x_wconf 83' lang='grc' dir='ltr'><strong>τῶν</strong></span> <span class='ocrx_word' id='word_1_154' title='bbox 2800 1470 2970 1547; x_wconf 82' lang='grc' dir='ltr'>ἁγίων</span> <span class='ocrx_word' id='word_1_155' title='bbox 3010 1475 3180 1547; x_wconf 73' lang='grc' dir='ltr'>τριῶν</span> <span class='ocrx_word' id='word_1_156' title='bbox 3207 1467 3442 1547; x_wconf 75' lang='grc' dir='ltr'>παίδων,</span> <span class='ocrx_word' id='word_1_157' title='bbox 3475 1467 3709 1536; x_wconf 73' lang='grc' dir='ltr'>Ἀνανία,</span> 
     </span>
    </p>
   </div>
   <div class='ocr_carea' id='block_1_29' title="bbox 2699 1541 3350 1621">
    <p class='ocr_par' dir='ltr' id='par_1_29' title="bbox 2699 1541 3350 1621">
     <span class='ocr_line' id='line_1_29' title="bbox 2699 1541 3350 1621; baseline 0 -19"><span class='ocrx_word' id='word_1_158' title='bbox 2699 1545 2760 1602; x_wconf 85' lang='grc' dir='ltr'>’Δ</span> <span class='ocrx_word' id='word_1_159' title='bbox 2769 1541 2947 1621; x_wconf 82' lang='grc' dir='ltr'>ζαρία,</span> <span class='ocrx_word' id='word_1_160' title='bbox 2978 1541 3069 1601; x_wconf 65' lang='grc' dir='ltr'><strong>κιιιῖ⁵</strong></span> <span class='ocrx_word' id='word_1_161' title='bbox 3100 1541 3350 1614; x_wconf 86' lang='grc' dir='ltr'>Μισαήλ.</span> 
     </span>
    </p>
   </div>
   <div class='ocr_carea' id='block_1_30' title="bbox 2267 1655 3858 1738">
    <p class='ocr_par' dir='ltr' id='par_1_30' title="bbox 2267 1655 3858 1738">
     <span class='ocr_line' id='line_1_30' title="bbox 2267 1655 3858 1738; baseline -0.005 -20"><span class='ocrx_word' id='word_1_162' title='bbox 2267 1662 2335 1718; x_wconf 79' lang='lat' dir='ltr'><strong>Ol</strong></span> <span class='ocrx_word' id='word_1_163' title='bbox 2367 1662 2511 1738; x_wconf 84' lang='grc' dir='ltr'><strong>ἅγιοι</strong></span> <span class='ocrx_word' id='word_1_164' title='bbox 2564 1666 2711 1737; x_wconf 80' lang='grc' dir='ltr'>τρεῖς</span> <span class='ocrx_word' id='word_1_165' title='bbox 2768 1658 2958 1724; x_wconf 82' lang='grc' dir='ltr'>παῖδες</span> <span class='ocrx_word' id='word_1_166' title='bbox 3018 1659 3260 1737; x_wconf 75' lang='grc' dir='ltr'>ἐγένοντο</span> <span class='ocrx_word' id='word_1_167' title='bbox 3316 1658 3423 1713; x_wconf 81' lang='grc' dir='ltr'><strong>ἀπὸ</strong></span> <span class='ocrx_word' id='word_1_168' title='bbox 3482 1655 3858 1730; x_wconf 81' lang='grc' dir='ltr'>Ἰερουσαλὴμ</span> 
     </span>
    </p>
   </div>
   <div class='ocr_carea' id='block_1_31' title="bbox 2197 1743 3864 1824">
    <p class='ocr_par' dir='ltr' id='par_1_31' title="bbox 2197 1743 3864 1824">
     <span class='ocr_line' id='line_1_31' title="bbox 2197 1743 3864 1824; baseline -0.005 -16"><span class='ocrx_word' id='word_1_169' title='bbox 2197 1760 2297 1824; x_wconf 86' lang='grc' dir='ltr'>τῆς</span> <span class='ocrx_word' id='word_1_170' title='bbox 2329 1750 2567 1822; x_wconf 87' lang='grc' dir='ltr'>πόλεως,</span> <span class='ocrx_word' id='word_1_171' title='bbox 2629 1753 2740 1807; x_wconf 82' lang='grc' dir='ltr'>υἱοὶ</span> <span class='ocrx_word' id='word_1_172' title='bbox 2788 1753 3036 1821; x_wconf 80' lang='grc' dir='ltr'><strong>Ἐζεκίου</strong></span> <span class='ocrx_word' id='word_1_173' title='bbox 3093 1755 3192 1806; x_wconf 93' lang='grc' dir='ltr'><strong>τοῦ</strong></span> <span class='ocrx_word' id='word_1_174' title='bbox 3252 1743 3864 1820; x_wconf 76' lang='grc' dir='ltr'>βασιλέωςἸουδαίων.</span> 
     </span>
    </p>
   </div>
   <div class='ocr_carea' id='block_1_32' title="bbox 451 1835 2096 1917">
    <p class='ocr_par' dir='ltr' id='par_1_32' title="bbox 451 1840 2091 1913">
     <span class='ocr_line' id='line_1_32' title="bbox 451 1840 2091 1913; baseline -0.001 -16"><span class='ocrx_word' id='word_1_175' title='bbox 451 1858 511 1897; x_wconf 88' lang='lat' dir='ltr'><strong>se</strong></span> <span class='ocrx_word' id='word_1_176' title='bbox 545 1841 873 1897; x_wconf 88' lang='lat' dir='ltr'><strong>custodisse</strong></span> <span class='ocrx_word' id='word_1_177' title='bbox 905 1858 1038 1912; x_wconf 65' lang='lat' dir='ltr'><strong>quae</strong></span> <span class='ocrx_word' id='word_1_178' title='bbox 1069 1840 1289 1911; x_wconf 88' lang='lat' dir='ltr'><strong>placita</strong></span> <span class='ocrx_word' id='word_1_179' title='bbox 1314 1846 1485 1895; x_wconf 89' lang='lat' dir='ltr'><strong>erant</strong></span> <span class='ocrx_word' id='word_1_180' title='bbox 1513 1841 1574 1895; x_wconf 90' lang='lat' dir='ltr'><strong>in</strong></span> <span class='ocrx_word' id='word_1_181' title='bbox 1605 1846 1927 1913; x_wconf 88' lang='lat' dir='ltr'><strong>conspectu</strong></span> <span class='ocrx_word' id='word_1_182' title='bbox 1940 1842 2091 1913; x_wconf 85' lang='lat' dir='ltr'><strong>ejus;</strong></span> 
     </span>
    </p>
   </div>
   <div class='ocr_carea' id='block_1_33' title="bbox 2210 1835 3869 1917">
    <p class='ocr_par' dir='ltr' id='par_1_33' title="bbox 2210 1835 3869 1917">
     <span class='ocr_line' id='line_1_33' title="bbox 2210 1835 3869 1917; baseline -0.006 -17"><span class='ocrx_word' id='word_1_183' title='bbox 2210 1846 2390 1905; x_wconf 84' lang='grc' dir='ltr'>Ὅστις</span> <span class='ocrx_word' id='word_1_184' title='bbox 2424 1843 2666 1912; x_wconf 85' lang='grc' dir='ltr'>Ἐζεκίας</span> <span class='ocrx_word' id='word_1_185' title='bbox 2696 1842 3003 1917; x_wconf 78' lang='grc' dir='ltr'>ἐτόλμησεν</span> <span class='ocrx_word' id='word_1_186' title='bbox 3061 1842 3235 1898; x_wconf 81' lang='grc' dir='ltr'>εἰπεῖν</span> <span class='ocrx_word' id='word_1_187' title='bbox 3291 1846 3371 1913; x_wconf 74' lang='grc' dir='ltr'><strong>τῷ</strong></span> <span class='ocrx_word' id='word_1_188' title='bbox 3427 1843 3564 1911; x_wconf 77' lang='grc' dir='ltr'>Θεῷ,</span> <span class='ocrx_word' id='word_1_189' title='bbox 3623 1835 3869 1916; x_wconf 80' lang='grc' dir='ltr'>φυλάξαι</span> 
     </span>
    </p>
   </div>
   <div class='ocr_carea' id='block_1_34' title="bbox 450 1930 2097 2003">
    <p class='ocr_par' dir='ltr' id='par_1_34' title="bbox 450 1930 2097 2003">
     <span class='ocr_line' id='line_1_34' title="bbox 450 1930 2097 2003; baseline -0.001 -17"><span class='ocrx_word' id='word_1_190' title='bbox 450 1949 519 1986; x_wconf 88' lang='lat' dir='ltr'><strong>cu</strong></span> <span class='ocrx_word' id='word_1_191' title='bbox 530 1946 706 2001; x_wconf 91' lang='lat' dir='ltr'><strong>mque</strong></span> <span class='ocrx_word' id='word_1_192' title='bbox 737 1931 813 1986; x_wconf 90' lang='lat' dir='ltr'><strong>ad</strong></span> <span class='ocrx_word' id='word_1_193' title='bbox 843 1935 1097 1985; x_wconf 90' lang='lat' dir='ltr'><strong>mortem</strong></span> <span class='ocrx_word' id='word_1_194' title='bbox 1120 1934 1518 2003; x_wconf 74' lang='lat' dir='ltr'><strong>aagrotaret,et</strong></span> <span class='ocrx_word' id='word_1_195' title='bbox 1537 1930 1947 2001; x_wconf 62' lang='lat' dir='ltr'><strong>paenitentiam</strong></span> <span class='ocrx_word' id='word_1_196' title='bbox 1962 1946 2097 2003; x_wconf 86' lang='lat' dir='ltr'><strong>age-</strong></span> 
     </span>
    </p>
   </div>
   <div class='ocr_carea' id='block_1_35' title="bbox 448 2019 2098 2093">
    <p class='ocr_par' dir='ltr' id='par_1_35' title="bbox 448 2019 2098 2093">
     <span class='ocr_line' id='line_1_35' title="bbox 448 2019 2098 2093; baseline 0 -18"><span class='ocrx_word' id='word_1_197' title='bbox 448 2024 561 2087; x_wconf 88' lang='lat' dir='ltr'><strong>ret,</strong></span> <span class='ocrx_word' id='word_1_198' title='bbox 594 2020 773 2075; x_wconf 90' lang='lat' dir='ltr'><strong>vitam</strong></span> <span class='ocrx_word' id='word_1_199' title='bbox 805 2019 916 2075; x_wconf 90' lang='lat' dir='ltr'><strong>sibi</strong></span> <span class='ocrx_word' id='word_1_200' title='bbox 948 2019 1023 2075; x_wconf 90' lang='lat' dir='ltr'><strong>ad</strong></span> <span class='ocrx_word' id='word_1_201' title='bbox 1044 2019 1387 2090; x_wconf 85' lang='lat' dir='ltr'><strong>quindecim</strong></span> <span class='ocrx_word' id='word_1_202' title='bbox 1418 2036 1607 2075; x_wconf 87' lang='lat' dir='ltr'><strong>annos</strong></span> <span class='ocrx_word' id='word_1_203' title='bbox 1638 2020 1942 2093; x_wconf 90' lang='lat' dir='ltr'><strong>prorogari</strong></span> <span class='ocrx_word' id='word_1_204' title='bbox 1985 2020 2098 2075; x_wconf 83' lang='lat' dir='ltr'><strong>im-</strong></span> 
     </span>
    </p>
   </div>
   <div class='ocr_carea' id='block_1_36' title="bbox 2203 1930 3867 2007">
    <p class='ocr_par' dir='ltr' id='par_1_36' title="bbox 2203 1930 3867 2007">
     <span class='ocr_line' id='line_1_36' title="bbox 2203 1930 3867 2007; baseline 0.001 -18"><span class='ocrx_word' id='word_1_205' title='bbox 2203 1934 2269 1989; x_wconf 75' lang='grc' dir='ltr'><strong>τᾶι</strong></span> <span class='ocrx_word' id='word_1_206' title='bbox 2297 1933 2497 2007; x_wconf 75' lang='grc' dir='ltr'>ἀρεστὰ</span> <span class='ocrx_word' id='word_1_207' title='bbox 2526 1933 2760 1990; x_wconf 72' lang='grc' dir='ltr'>ἐνώπιον</span> <span class='ocrx_word' id='word_1_208' title='bbox 2786 1936 2978 2002; x_wconf 82' lang='grc' dir='ltr'>αὐτοῦ,</span> <span class='ocrx_word' id='word_1_209' title='bbox 3017 1935 3110 1989; x_wconf 79' lang='grc' dir='ltr'>καὶ</span> <span class='ocrx_word' id='word_1_210' title='bbox 3168 1933 3469 2003; x_wconf 84' lang='grc' dir='ltr'>ἀσθενὴσας</span> <span class='ocrx_word' id='word_1_211' title='bbox 3531 1930 3702 2003; x_wconf 67' lang='grc' dir='ltr'>μέχρι</span> <span class='ocrx_word' id='word_1_212' title='bbox 3762 1938 3867 1991; x_wconf 80' lang='grc' dir='ltr'><strong>θα·-</strong></span> 
     </span>
    </p>
   </div>
   <div class='ocr_carea' id='block_1_37' title="bbox 2204 2014 3871 2100">
    <p class='ocr_par' dir='ltr' id='par_1_37' title="bbox 2204 2014 3871 2100">
     <span class='ocr_line' id='line_1_37' title="bbox 2204 2014 3871 2100; baseline -0.004 -21"><span class='ocrx_word' id='word_1_213' title='bbox 2204 2024 2390 2092; x_wconf 89' lang='grc' dir='ltr'>νάτου,</span> <span class='ocrx_word' id='word_1_214' title='bbox 2423 2026 2538 2081; x_wconf 79' lang='grc' dir='ltr'>εἶτα</span> <span class='ocrx_word' id='word_1_215' title='bbox 2570 2028 2934 2099; x_wconf 80' lang='grc' dir='ltr'>μετανοήσας,</span> <span class='ocrx_word' id='word_1_216' title='bbox 2978 2019 3142 2080; x_wconf 84' lang='grc' dir='ltr'>ἔλαϐε</span> <span class='ocrx_word' id='word_1_217' title='bbox 3193 2025 3516 2100; x_wconf 79' lang='grc' dir='ltr'>προσθήκην</span> <span class='ocrx_word' id='word_1_218' title='bbox 3575 2020 3711 2075; x_wconf 73' lang='grc' dir='ltr'>ἑτῶν</span> <span class='ocrx_word' id='word_1_219' title='bbox 3770 2014 3871 2073; x_wconf 82' lang='grc' dir='ltr'>δε-</span> 
     </span>
    </p>
   </div>
   <div class='ocr_carea' id='block_1_38' title="bbox 448 2108 2096 2190">
    <p class='ocr_par' dir='ltr' id='par_1_38' title="bbox 448 2108 2096 2181">
     <span class='ocr_line' id='line_1_38' title="bbox 448 2108 2096 2181; baseline 0.001 -18"><span class='ocrx_word' id='word_1_220' title='bbox 448 2109 717 2181; x_wconf 89' lang='lat' dir='ltr'><strong>petravit.</strong></span> <span class='ocrx_word' id='word_1_221' title='bbox 754 2110 855 2163; x_wconf 88' lang='lat' dir='ltr'><strong>Isti</strong></span> <span class='ocrx_word' id='word_1_222' title='bbox 884 2108 1083 2180; x_wconf 79' lang='lat' dir='ltr'><strong>igitur,</strong></span> <span class='ocrx_word' id='word_1_223' title='bbox 1115 2109 1467 2180; x_wconf 82' lang='lat' dir='ltr'><strong>expugnatis</strong></span> <span class='ocrx_word' id='word_1_224' title='bbox 1499 2126 1534 2163; x_wconf 88' lang='lat' dir='ltr'><strong>a</strong></span> <span class='ocrx_word' id='word_1_225' title='bbox 1563 2108 2096 2164; x_wconf 85' lang='lat' dir='ltr'><strong>Nabuchodonosor</strong></span> 
     </span>
    </p>
   </div>
   <div class='ocr_carea' id='block_1_39' title="bbox 2210 2108 3864 2190">
    <p class='ocr_par' dir='ltr' id='par_1_39' title="bbox 2210 2108 3864 2190">
     <span class='ocr_line' id='line_1_39' title="bbox 2210 2108 3864 2190; baseline -0.005 -17"><span class='ocrx_word' id='word_1_226' title='bbox 2210 2117 2448 2174; x_wconf 78' lang='grc' dir='ltr'>καπὲντε.</span> <span class='ocrx_word' id='word_1_227' title='bbox 2506 2119 2621 2183; x_wconf 78' lang='grc' dir='ltr'><strong>Τῆς</strong></span> <span class='ocrx_word' id='word_1_228' title='bbox 2686 2116 2744 2173; x_wconf 77' lang='grc' dir='ltr'>δὲ</span> <span class='ocrx_word' id='word_1_229' title='bbox 2808 2113 3175 2190; x_wconf 81' lang='grc' dir='ltr'>Ἰερουσαλὴμ</span> <span class='ocrx_word' id='word_1_230' title='bbox 3242 2117 3344 2170; x_wconf 87' lang='grc' dir='ltr'>ὑπὸ</span> <span class='ocrx_word' id='word_1_231' title='bbox 3398 2117 3496 2169; x_wconf 90' lang='grc' dir='ltr'><strong>τοῦ</strong></span> <span class='ocrx_word' id='word_1_232' title='bbox 3582 2108 3864 2187; x_wconf 81' lang='grc' dir='ltr'>βασιλέως</span> 
     </span>
    </p>
   </div>
   <div class='ocr_carea' id='block_1_40' title="bbox 453 2196 2099 2270">
    <p class='ocr_par' dir='ltr' id='par_1_40' title="bbox 453 2196 2099 2270">
     <span class='ocr_line' id='line_1_40' title="bbox 453 2196 2099 2270; baseline 0.002 -21"><span class='ocrx_word' id='word_1_233' title='bbox 453 2197 829 2267; x_wconf 81' lang='lat' dir='ltr'><strong>Assyriorum</strong></span> <span class='ocrx_word' id='word_1_234' title='bbox 856 2213 993 2268; x_wconf 83' lang='lat' dir='ltr'><strong>rege</strong></span> <span class='ocrx_word' id='word_1_235' title='bbox 1022 2196 1723 2266; x_wconf 84' lang='lat' dir='ltr'><strong>Hierosolymis,abducti</strong></span> <span class='ocrx_word' id='word_1_236' title='bbox 1756 2204 1895 2252; x_wconf 88' lang='lat' dir='ltr'><strong>sunt</strong></span> <span class='ocrx_word' id='word_1_237' title='bbox 1916 2198 2099 2270; x_wconf 87' lang='lat' dir='ltr'><strong>Baby-</strong></span> 
     </span>
    </p>
   </div>
   <div class='ocr_carea' id='block_1_41' title="bbox 452 2285 2101 2359">
    <p class='ocr_par' dir='ltr' id='par_1_41' title="bbox 452 2285 2101 2359">
     <span class='ocr_line' id='line_1_41' title="bbox 452 2285 2101 2359; baseline 0.002 -21"><span class='ocrx_word' id='word_1_238' title='bbox 452 2285 651 2339; x_wconf 83' lang='lat' dir='ltr'><strong>lonem</strong></span> <span class='ocrx_word' id='word_1_239' title='bbox 683 2285 894 2356; x_wconf 86' lang='lat' dir='ltr'><strong>captivi</strong></span> <span class='ocrx_word' id='word_1_240' title='bbox 922 2285 1049 2339; x_wconf 91' lang='lat' dir='ltr'><strong>:ubi</strong></span> <span class='ocrx_word' id='word_1_241' title='bbox 1073 2285 1146 2339; x_wconf 91' lang='lat' dir='ltr'><strong>ob</strong></span> <span class='ocrx_word' id='word_1_242' title='bbox 1180 2286 1455 2340; x_wconf 85' lang='lat' dir='ltr'><strong>virtutem</strong></span> <span class='ocrx_word' id='word_1_243' title='bbox 1478 2285 1615 2340; x_wconf 82' lang='lat' dir='ltr'><strong>facti</strong></span> <span class='ocrx_word' id='word_1_244' title='bbox 1647 2287 2101 2359; x_wconf 89' lang='lat' dir='ltr'><strong>suntprincipes</strong></span> 
     </span>
    </p>
   </div>
   <div class='ocr_carea' id='block_1_42' title="bbox 448 2373 2099 2446">
    <p class='ocr_par' dir='ltr' id='par_1_42' title="bbox 448 2373 2099 2446">
     <span class='ocr_line' id='line_1_42' title="bbox 448 2373 2099 2446; baseline 0.003 -19"><span class='ocrx_word' id='word_1_245' title='bbox 448 2374 708 2446; x_wconf 82' lang='lat' dir='ltr'><strong>regionis</strong></span> <span class='ocrx_word' id='word_1_246' title='bbox 738 2373 920 2429; x_wconf 90' lang='lat' dir='ltr'><strong>illius.</strong></span> <span class='ocrx_word' id='word_1_247' title='bbox 955 2374 1070 2429; x_wconf 92' lang='lat' dir='ltr'><strong>Sed</strong></span> <span class='ocrx_word' id='word_1_248' title='bbox 1098 2379 1305 2445; x_wconf 86' lang='lat' dir='ltr'><strong>postea</strong></span> <span class='ocrx_word' id='word_1_249' title='bbox 1325 2381 1667 2430; x_wconf 87' lang='lat' dir='ltr'><strong>recusantes</strong></span> <span class='ocrx_word' id='word_1_250' title='bbox 1689 2381 1944 2432; x_wconf 87' lang='lat' dir='ltr'><strong>statuam</strong></span> <span class='ocrx_word' id='word_1_251' title='bbox 1992 2393 2099 2432; x_wconf 86' lang='lat' dir='ltr'><strong>au-</strong></span> 
     </span>
    </p>
   </div>
   <div class='ocr_carea' id='block_1_43' title="bbox 445 2464 2100 2534">
    <p class='ocr_par' dir='ltr' id='par_1_43' title="bbox 445 2464 2100 2534">
     <span class='ocr_line' id='line_1_43' title="bbox 445 2464 2100 2534; baseline 0.002 -18"><span class='ocrx_word' id='word_1_252' title='bbox 445 2479 629 2529; x_wconf 84' lang='lat' dir='ltr'><strong>ream,</strong></span> <span class='ocrx_word' id='word_1_253' title='bbox 662 2480 842 2534; x_wconf 89' lang='lat' dir='ltr'><strong>quam</strong></span> <span class='ocrx_word' id='word_1_254' title='bbox 870 2480 973 2517; x_wconf 81' lang='lat' dir='ltr'><strong>rex</strong></span> <span class='ocrx_word' id='word_1_255' title='bbox 994 2464 1233 2531; x_wconf 75' lang='lat' dir='ltr'><strong>fecerat,</strong></span> <span class='ocrx_word' id='word_1_256' title='bbox 1271 2464 1540 2532; x_wconf 89' lang='lat' dir='ltr'><strong>adorare,</strong></span> <span class='ocrx_word' id='word_1_257' title='bbox 1577 2465 1637 2518; x_wconf 92' lang='lat' dir='ltr'><strong>in</strong></span> <span class='ocrx_word' id='word_1_258' title='bbox 1670 2465 1974 2520; x_wconf 89' lang='lat' dir='ltr'><strong>caminum</strong></span> <span class='ocrx_word' id='word_1_259' title='bbox 2006 2466 2100 2520; x_wconf 89' lang='lat' dir='ltr'><strong>in-</strong></span> 
     </span>
    </p>
   </div>
   <div class='ocr_carea' id='block_1_44' title="bbox 437 2553 2102 2626">
    <p class='ocr_par' dir='ltr' id='par_1_44' title="bbox 437 2553 2102 2626">
     <span class='ocr_line' id='line_1_44' title="bbox 437 2553 2102 2626; baseline 0.003 -21"><span class='ocrx_word' id='word_1_260' title='bbox 437 2553 583 2625; x_wconf 88' lang='lat' dir='ltr'><strong>jecti</strong></span> <span class='ocrx_word' id='word_1_261' title='bbox 613 2553 875 2617; x_wconf 81' lang='lat' dir='ltr'><strong>fuerunt,</strong></span> <span class='ocrx_word' id='word_1_262' title='bbox 910 2570 1059 2624; x_wconf 89' lang='lat' dir='ltr'><strong>quos</strong></span> <span class='ocrx_word' id='word_1_263' title='bbox 1092 2553 1462 2609; x_wconf 89' lang='lat' dir='ltr'><strong>descendens</strong></span> <span class='ocrx_word' id='word_1_264' title='bbox 1494 2554 1741 2626; x_wconf 84' lang='lat' dir='ltr'><strong>angelus</strong></span> <span class='ocrx_word' id='word_1_265' title='bbox 1772 2555 2102 2610; x_wconf 91' lang='lat' dir='ltr'><strong>incolumet</strong></span> 
     </span>
    </p>
   </div>
   <div class='ocr_carea' id='block_1_45' title="bbox 447 2641 2099 2714">
    <p class='ocr_par' dir='ltr' id='par_1_45' title="bbox 447 2641 2099 2714">
     <span class='ocr_line' id='line_1_45' title="bbox 447 2641 2099 2714; baseline 0.002 -18"><span class='ocrx_word' id='word_1_266' title='bbox 447 2641 714 2699; x_wconf 86' lang='lat' dir='ltr'><strong>servavit.</strong></span> <span class='ocrx_word' id='word_1_267' title='bbox 743 2642 1137 2707; x_wconf 83' lang='lat' dir='ltr'><strong>Quamobrem</strong></span> <span class='ocrx_word' id='word_1_268' title='bbox 1168 2660 1271 2697; x_wconf 83' lang='lat' dir='ltr'><strong>rex</strong></span> <span class='ocrx_word' id='word_1_269' title='bbox 1328 2649 1386 2697; x_wconf 91' lang='lat' dir='ltr'><strong>et</strong></span> <span class='ocrx_word' id='word_1_270' title='bbox 1413 2660 1631 2714; x_wconf 89' lang='lat' dir='ltr'><strong>pueros</strong></span> <span class='ocrx_word' id='word_1_271' title='bbox 1674 2644 2004 2712; x_wconf 84' lang='lat' dir='ltr'><strong>honoravit,</strong></span> <span class='ocrx_word' id='word_1_272' title='bbox 2037 2662 2099 2700; x_wconf 88' lang='lat' dir='ltr'><strong>es</strong></span> 
     </span>
    </p>
   </div>
   <div class='ocr_carea' id='block_1_46' title="bbox 447 2731 2102 2803">
    <p class='ocr_par' dir='ltr' id='par_1_46' title="bbox 447 2731 2102 2803">
     <span class='ocr_line' id='line_1_46' title="bbox 447 2731 2102 2803; baseline 0.002 -18"><span class='ocrx_word' id='word_1_273' title='bbox 447 2731 633 2785; x_wconf 90' lang='lat' dir='ltr'><strong>Deum</strong></span> <span class='ocrx_word' id='word_1_274' title='bbox 666 2731 795 2786; x_wconf 75' lang='lat' dir='ltr'><strong>cceli</strong></span> <span class='ocrx_word' id='word_1_275' title='bbox 831 2748 1113 2803; x_wconf 88' lang='lat' dir='ltr'><strong>magnum</strong></span> <span class='ocrx_word' id='word_1_276' title='bbox 1144 2731 1453 2787; x_wconf 81' lang='lat' dir='ltr'><strong>confessus</strong></span> <span class='ocrx_word' id='word_1_277' title='bbox 1483 2733 1713 2788; x_wconf 90' lang='lat' dir='ltr'><strong>est.Sed</strong></span> <span class='ocrx_word' id='word_1_278' title='bbox 1735 2750 1869 2788; x_wconf 90' lang='lat' dir='ltr'><strong>cum</strong></span> <span class='ocrx_word' id='word_1_279' title='bbox 1883 2750 1988 2789; x_wconf 89' lang='lat' dir='ltr'><strong>rex</strong></span> <span class='ocrx_word' id='word_1_280' title='bbox 2018 2734 2102 2790; x_wconf 89' lang='lat' dir='ltr'><strong>al-</strong></span> 
     </span>
    </p>
   </div>
   <div class='ocr_carea' id='block_1_47' title="bbox 446 2820 2097 2894">
    <p class='ocr_par' dir='ltr' id='par_1_47' title="bbox 446 2820 2097 2894">
     <span class='ocr_line' id='line_1_47' title="bbox 446 2820 2097 2894; baseline 0.004 -20"><span class='ocrx_word' id='word_1_281' title='bbox 446 2823 538 2875; x_wconf 91' lang='lat' dir='ltr'><strong>ter</strong></span> <span class='ocrx_word' id='word_1_282' title='bbox 566 2820 1180 2889; x_wconf 87' lang='lat' dir='ltr'><strong>successisset,videns</strong></span> <span class='ocrx_word' id='word_1_283' title='bbox 1200 2826 1319 2876; x_wconf 91' lang='lat' dir='ltr'><strong>tres</strong></span> <span class='ocrx_word' id='word_1_284' title='bbox 1349 2827 1584 2879; x_wconf 88' lang='lat' dir='ltr'><strong>sanctos</strong></span> <span class='ocrx_word' id='word_1_285' title='bbox 1605 2824 1897 2894; x_wconf 90' lang='lat' dir='ltr'><strong>puerosin</strong></span> <span class='ocrx_word' id='word_1_286' title='bbox 1912 2825 2097 2880; x_wconf 91' lang='lat' dir='ltr'><strong>Deum</strong></span> 
     </span>
    </p>
   </div>
   <div class='ocr_carea' id='block_1_48' title="bbox 446 2910 2102 2984">
    <p class='ocr_par' dir='ltr' id='par_1_48' title="bbox 446 2910 2102 2984">
     <span class='ocr_line' id='line_1_48' title="bbox 446 2910 2102 2984; baseline 0.002 -19"><span class='ocrx_word' id='word_1_287' title='bbox 446 2910 1087 2977; x_wconf 89' lang='lat' dir='ltr'><strong>credentes,mandavit</strong></span> <span class='ocrx_word' id='word_1_288' title='bbox 1105 2911 1242 2966; x_wconf 91' lang='lat' dir='ltr'><strong>illos</strong></span> <span class='ocrx_word' id='word_1_289' title='bbox 1264 2911 1550 2967; x_wconf 86' lang='lat' dir='ltr'><strong>decollari</strong></span> <span class='ocrx_word' id='word_1_290' title='bbox 1587 2928 1600 2965; x_wconf 90' lang='lat'><strong>:</strong></span> <span class='ocrx_word' id='word_1_291' title='bbox 1632 2929 1891 2984; x_wconf 90' lang='lat' dir='ltr'><strong>cumque</strong></span> <span class='ocrx_word' id='word_1_292' title='bbox 1907 2913 2102 2969; x_wconf 82' lang='lat' dir='ltr'><strong>decol-</strong></span> 
     </span>
    </p>
   </div>
   <div class='ocr_carea' id='block_1_49' title="bbox 448 2998 2098 3074">
    <p class='ocr_par' dir='ltr' id='par_1_49' title="bbox 448 2998 2098 3074">
     <span class='ocr_line' id='line_1_49' title="bbox 448 2998 2098 3074; baseline 0.004 -22"><span class='ocrx_word' id='word_1_293' title='bbox 448 2998 739 3067; x_wconf 88' lang='lat' dir='ltr'><strong>larentur,</strong></span> <span class='ocrx_word' id='word_1_294' title='bbox 759 2999 910 3054; x_wconf 89' lang='lat' dir='ltr'><strong>alter</strong></span> <span class='ocrx_word' id='word_1_295' title='bbox 930 2998 1179 3055; x_wconf 89' lang='lat' dir='ltr'><strong>alterius</strong></span> <span class='ocrx_word' id='word_1_296' title='bbox 1196 3005 1375 3071; x_wconf 87' lang='lat' dir='ltr'><strong>caput</strong></span> <span class='ocrx_word' id='word_1_297' title='bbox 1399 3001 1650 3073; x_wconf 85' lang='lat' dir='ltr'><strong>excepit,</strong></span> <span class='ocrx_word' id='word_1_298' title='bbox 1685 3007 1744 3057; x_wconf 92' lang='lat' dir='ltr'><strong>et</strong></span> <span class='ocrx_word' id='word_1_299' title='bbox 1760 3007 2098 3074; x_wconf 89' lang='lat' dir='ltr'><strong>postremus</strong></span> 
     </span>
    </p>
   </div>
   <div class='ocr_carea' id='block_1_50' title="bbox 445 3088 2098 3164">
    <p class='ocr_par' dir='ltr' id='par_1_50' title="bbox 445 3088 2098 3164">
     <span class='ocr_line' id='line_1_50' title="bbox 445 3088 2098 3164; baseline 0.003 -21"><span class='ocrx_word' id='word_1_300' title='bbox 445 3088 653 3143; x_wconf 89' lang='lat' dir='ltr'><strong>Daniel</strong></span> <span class='ocrx_word' id='word_1_301' title='bbox 682 3095 1055 3159; x_wconf 86' lang='lat' dir='ltr'><strong>amputatum</strong></span> <span class='ocrx_word' id='word_1_302' title='bbox 1093 3090 1344 3145; x_wconf 76' lang='lat' dir='ltr'><strong>Ananiae</strong></span> <span class='ocrx_word' id='word_1_303' title='bbox 1375 3095 1553 3161; x_wconf 87' lang='lat' dir='ltr'><strong>caput</strong></span> <span class='ocrx_word' id='word_1_304' title='bbox 1583 3092 1885 3163; x_wconf 86' lang='lat' dir='ltr'><strong>suscepit:</strong></span> <span class='ocrx_word' id='word_1_305' title='bbox 1919 3097 2098 3164; x_wconf 88' lang='lat' dir='ltr'><strong>atque</strong></span> 
     </span>
    </p>
   </div>
   <div class='ocr_carea' id='block_1_51' title="bbox 445 3177 1073 3235">
    <p class='ocr_par' dir='ltr' id='par_1_51' title="bbox 445 3177 1073 3235">
     <span class='ocr_line' id='line_1_51' title="bbox 445 3177 1073 3235; baseline 0 -3"><span class='ocrx_word' id='word_1_306' title='bbox 445 3177 528 3233; x_wconf 87' lang='lat' dir='ltr'><strong>ita</strong></span> <span class='ocrx_word' id='word_1_307' title='bbox 556 3178 737 3235; x_wconf 89' lang='lat' dir='ltr'><strong>vitam</strong></span> <span class='ocrx_word' id='word_1_308' title='bbox 769 3179 1073 3234; x_wconf 84' lang='lat' dir='ltr'><strong>ﬁnierunt.</strong></span> 
     </span>
    </p>
   </div>
   <div class='ocr_carea' id='block_1_52' title="bbox 1096 3374 1444 3431">
    <p class='ocr_par' dir='ltr' id='par_1_52' title="bbox 1096 3374 1444 3431">
     <span class='ocr_line' id='line_1_52' title="bbox 1096 3374 1444 3431; baseline -0.003 0"><span class='ocrx_word' id='word_1_309' title='bbox 1096 3374 1317 3431; x_wconf 87' lang='lat' dir='ltr'><strong>Eodem</strong></span> <span class='ocrx_word' id='word_1_310' title='bbox 1349 3375 1444 3431; x_wconf 91' lang='lat' dir='ltr'><strong>die</strong></span> 
     </span>
    </p>
   </div>
   <div class='ocr_carea' id='block_1_53' title="bbox 592 3506 1877 3584">
    <p class='ocr_par' dir='ltr' id='par_1_53' title="bbox 592 3506 1877 3584">
     <span class='ocr_line' id='line_1_53' title="bbox 592 3506 1877 3584; baseline 0.003 -24"><span class='ocrx_word' id='word_1_311' title='bbox 592 3581 595 3584; x_wconf 16' lang='grc' dir='ltr'>ν</span> <span class='ocrx_word' id='word_1_312' title='bbox 658 3506 754 3561; x_wconf 73' lang='lat'><strong>87</strong></span> <span class='ocrx_word' id='word_1_313' title='bbox 791 3507 1076 3562; x_wconf 80' lang='lat' dir='ltr'><strong>Certamen</strong></span> <span class='ocrx_word' id='word_1_314' title='bbox 1096 3508 1282 3563; x_wconf 72' lang='lat' dir='ltr'><strong>sancti</strong></span> <span class='ocrx_word' id='word_1_315' title='bbox 1304 3508 1553 3564; x_wconf 79' lang='lat' dir='ltr'><strong>Danielis</strong></span> <span class='ocrx_word' id='word_1_316' title='bbox 1574 3508 1877 3579; x_wconf 74' lang='lat' dir='ltr'><strong>prophetae.</strong></span> 
     </span>
    </p>
   </div>
   <div class='ocr_carea' id='block_1_54' title="bbox 515 3624 2107 3699">
    <p class='ocr_par' dir='ltr' id='par_1_54' title="bbox 515 3624 2107 3699">
     <span class='ocr_line' id='line_1_54' title="bbox 515 3624 2107 3699; baseline 0.002 -20"><span class='ocrx_word' id='word_1_317' title='bbox 515 3626 631 3680; x_wconf 89' lang='lat' dir='ltr'><strong>Iste</strong></span> <span class='ocrx_word' id='word_1_318' title='bbox 665 3630 905 3680; x_wconf 89' lang='lat' dir='ltr'><strong>sanctus</strong></span> <span class='ocrx_word' id='word_1_319' title='bbox 935 3624 1148 3680; x_wconf 91' lang='lat' dir='ltr'><strong>Daniel</strong></span> <span class='ocrx_word' id='word_1_320' title='bbox 1179 3624 1452 3681; x_wconf 84' lang='lat' dir='ltr'><strong>eamdem</strong></span> <span class='ocrx_word' id='word_1_321' title='bbox 1502 3641 1638 3681; x_wconf 89' lang='lat' dir='ltr'><strong>cum</strong></span> <span class='ocrx_word' id='word_1_322' title='bbox 1681 3627 1873 3683; x_wconf 91' lang='lat' dir='ltr'><strong>tribus</strong></span> <span class='ocrx_word' id='word_1_323' title='bbox 1895 3628 2107 3699; x_wconf 82' lang='lat' dir='ltr'><strong>pueris</strong></span> 
     </span>
    </p>
   </div>
   <div class='ocr_carea' id='block_1_55' title="bbox 446 3714 2094 3788">
    <p class='ocr_par' dir='ltr' id='par_1_55' title="bbox 446 3714 2094 3788">
     <span class='ocr_line' id='line_1_55' title="bbox 446 3714 2094 3788; baseline 0.002 -20"><span class='ocrx_word' id='word_1_324' title='bbox 446 3714 804 3784; x_wconf 87' lang='lat' dir='ltr'><strong>captivitatis</strong></span> <span class='ocrx_word' id='word_1_325' title='bbox 825 3714 1127 3768; x_wconf 87' lang='lat' dir='ltr'><strong>fortunam</strong></span> <span class='ocrx_word' id='word_1_326' title='bbox 1151 3730 1381 3783; x_wconf 88' lang='lat' dir='ltr'><strong>passus,</strong></span> <span class='ocrx_word' id='word_1_327' title='bbox 1398 3714 1823 3785; x_wconf 86' lang='lat' dir='ltr'><strong>Hierosolymis</strong></span> <span class='ocrx_word' id='word_1_328' title='bbox 1845 3716 2063 3788; x_wconf 89' lang='lat' dir='ltr'><strong>Babylo</strong></span> <span class='ocrx_word' id='word_1_329' title='bbox 2078 3748 2094 3757; x_wconf 87' lang='lat'><strong>-</strong></span> 
     </span>
    </p>
   </div>
   <div class='ocr_carea' id='block_1_56' title="bbox 446 3802 2095 3877">
    <p class='ocr_par' dir='ltr' id='par_1_56' title="bbox 446 3802 2095 3877">
     <span class='ocr_line' id='line_1_56' title="bbox 446 3802 2095 3877; baseline 0.001 -19"><span class='ocrx_word' id='word_1_330' title='bbox 446 3808 587 3858; x_wconf 80' lang='lat' dir='ltr'><strong>nem’</strong></span> <span class='ocrx_word' id='word_1_331' title='bbox 644 3802 807 3856; x_wconf 89' lang='lat' dir='ltr'><strong>abiit.</strong></span> <span class='ocrx_word' id='word_1_332' title='bbox 868 3802 1247 3872; x_wconf 86' lang='lat' dir='ltr'><strong>Prophetavit</strong></span> <span class='ocrx_word' id='word_1_333' title='bbox 1301 3806 1500 3856; x_wconf 89' lang='lat' dir='ltr'><strong>autem</strong></span> <span class='ocrx_word' id='word_1_334' title='bbox 1552 3805 1726 3859; x_wconf 91' lang='lat' dir='ltr'><strong>annis</strong></span> <span class='ocrx_word' id='word_1_335' title='bbox 1771 3805 2095 3877; x_wconf 87' lang='lat' dir='ltr'><strong>sexaginta,</strong></span> 
     </span>
    </p>
   </div>
   <div class='ocr_carea' id='block_1_57' title="bbox 449 3891 2098 3964">
    <p class='ocr_par' dir='ltr' id='par_1_57' title="bbox 449 3891 2098 3964">
     <span class='ocr_line' id='line_1_57' title="bbox 449 3891 2098 3964; baseline 0.002 -18"><span class='ocrx_word' id='word_1_336' title='bbox 449 3891 788 3961; x_wconf 87' lang='lat' dir='ltr'><strong>Christique</strong></span> <span class='ocrx_word' id='word_1_337' title='bbox 834 3891 1202 3945; x_wconf 88' lang='lat' dir='ltr'><strong>nativitatem</strong></span> <span class='ocrx_word' id='word_1_338' title='bbox 1244 3892 1565 3946; x_wconf 88' lang='lat' dir='ltr'><strong>antecessit</strong></span> <span class='ocrx_word' id='word_1_339' title='bbox 1615 3893 1789 3947; x_wconf 90' lang='lat' dir='ltr'><strong>annis</strong></span> <span class='ocrx_word' id='word_1_340' title='bbox 1812 3894 2098 3964; x_wconf 89' lang='lat' dir='ltr'><strong>quadrin-</strong></span> 
     </span>
    </p>
   </div>
   <div class='ocr_carea' id='block_1_58' title="bbox 450 3977 2091 4052">
    <p class='ocr_par' dir='ltr' id='par_1_58' title="bbox 450 3977 2091 4052">
     <span class='ocr_line' id='line_1_58' title="bbox 450 3977 2091 4052; baseline 0.003 -20"><span class='ocrx_word' id='word_1_341' title='bbox 450 3977 644 4051; x_wconf 89' lang='lat' dir='ltr'><strong>gentis</strong></span> <span class='ocrx_word' id='word_1_342' title='bbox 680 3978 1002 4050; x_wconf 86' lang='lat' dir='ltr'><strong>sexaginta,</strong></span> <span class='ocrx_word' id='word_1_343' title='bbox 1037 3978 1126 4031; x_wconf 88' lang='lat' dir='ltr'><strong>vir</strong></span> <span class='ocrx_word' id='word_1_344' title='bbox 1181 3979 1520 4046; x_wconf 89' lang='lat' dir='ltr'><strong>continens,</strong></span> <span class='ocrx_word' id='word_1_345' title='bbox 1554 3980 1929 4052; x_wconf 81' lang='lat' dir='ltr'><strong>etjejunans,</strong></span> <span class='ocrx_word' id='word_1_346' title='bbox 1964 3981 2091 4036; x_wconf 89' lang='lat' dir='ltr'><strong>nul-</strong></span> 
     </span>
    </p>
   </div>
   <div class='ocr_carea' id='block_1_59' title="bbox 448 4067 2098 4141">
    <p class='ocr_par' dir='ltr' id='par_1_59' title="bbox 448 4067 2098 4141">
     <span class='ocr_line' id='line_1_59' title="bbox 448 4067 2098 4141; baseline 0.004 -20"><span class='ocrx_word' id='word_1_347' title='bbox 448 4068 695 4138; x_wconf 89' lang='lat' dir='ltr'><strong>lumque</strong></span> <span class='ocrx_word' id='word_1_348' title='bbox 726 4067 926 4122; x_wconf 87' lang='lat' dir='ltr'><strong>cibum</strong></span> <span class='ocrx_word' id='word_1_349' title='bbox 958 4072 1176 4138; x_wconf 72' lang='lat' dir='ltr'><strong>praeter</strong></span> <span class='ocrx_word' id='word_1_350' title='bbox 1203 4067 1507 4139; x_wconf 82' lang='lat' dir='ltr'><strong>legumina</strong></span> <span class='ocrx_word' id='word_1_351' title='bbox 1538 4069 1877 4141; x_wconf 79' lang='lat' dir='ltr'><strong>degustans.</strong></span> <span class='ocrx_word' id='word_1_352' title='bbox 1907 4072 2098 4137; x_wconf 89' lang='lat' dir='ltr'><strong>Quare</strong></span> 
     </span>
    </p>
   </div>
   <div class='ocr_carea' id='block_1_60' title="bbox 449 4156 2097 4233">
    <p class='ocr_par' dir='ltr' id='par_1_60' title="bbox 449 4156 2097 4233">
     <span class='ocr_line' id='line_1_60' title="bbox 449 4156 2097 4233; baseline 0.003 -22"><span class='ocrx_word' id='word_1_353' title='bbox 449 4156 552 4211; x_wconf 90' lang='lat' dir='ltr'><strong>Dei</strong></span> <span class='ocrx_word' id='word_1_354' title='bbox 584 4173 849 4211; x_wconf 89' lang='lat' dir='ltr'><strong>amorem</strong></span> <span class='ocrx_word' id='word_1_355' title='bbox 881 4156 994 4211; x_wconf 89' lang='lat' dir='ltr'><strong>sibi</strong></span> <span class='ocrx_word' id='word_1_356' title='bbox 1020 4156 1417 4228; x_wconf 86' lang='lat' dir='ltr'><strong>conciliavit,a</strong></span> <span class='ocrx_word' id='word_1_357' title='bbox 1446 4175 1562 4228; x_wconf 91' lang='lat' dir='ltr'><strong>quo</strong></span> <span class='ocrx_word' id='word_1_358' title='bbox 1596 4158 1814 4215; x_wconf 88' lang='lat' dir='ltr'><strong>missus</strong></span> <span class='ocrx_word' id='word_1_359' title='bbox 1828 4159 2097 4233; x_wconf 88' lang='lat' dir='ltr'><strong>angelus,</strong></span> 
     </span>
    </p>
   </div>
   <div class='ocr_carea' id='block_1_61' title="bbox 448 4245 2100 4322">
    <p class='ocr_par' dir='ltr' id='par_1_61' title="bbox 448 4245 2100 4322">
     <span class='ocr_line' id='line_1_61' title="bbox 448 4245 2100 4322; baseline 0.004 -22"><span class='ocrx_word' id='word_1_360' title='bbox 448 4245 681 4300; x_wconf 85' lang='lat' dir='ltr'><strong>occulta</strong></span> <span class='ocrx_word' id='word_1_361' title='bbox 704 4245 875 4299; x_wconf 88' lang='lat' dir='ltr'><strong>illum</strong></span> <span class='ocrx_word' id='word_1_362' title='bbox 897 4245 1182 4318; x_wconf 89' lang='lat' dir='ltr'><strong>mysteria</strong></span> <span class='ocrx_word' id='word_1_363' title='bbox 1207 4245 1715 4303; x_wconf 89' lang='lat' dir='ltr'><strong>edocuit.Somnia</strong></span> <span class='ocrx_word' id='word_1_364' title='bbox 1730 4249 1933 4320; x_wconf 90' lang='lat' dir='ltr'><strong>itaque</strong></span> <span class='ocrx_word' id='word_1_365' title='bbox 1947 4250 2100 4322; x_wconf 84' lang='lat' dir='ltr'><strong>regis</strong></span> 
     </span>
    </p>
   </div>
   <div class='ocr_carea' id='block_1_62' title="bbox 450 4335 2099 4410">
    <p class='ocr_par' dir='ltr' id='par_1_62' title="bbox 450 4335 2099 4410">
     <span class='ocr_line' id='line_1_62' title="bbox 450 4335 2099 4410; baseline 0.003 -21"><span class='ocrx_word' id='word_1_366' title='bbox 450 4335 624 4390; x_wconf 91' lang='lat' dir='ltr'><strong>solvit</strong></span> <span class='ocrx_word' id='word_1_367' title='bbox 645 4352 712 4390; x_wconf 88' lang='lat' dir='ltr'><strong>ac</strong></span> <span class='ocrx_word' id='word_1_368' title='bbox 734 4335 1156 4406; x_wconf 86' lang='lat' dir='ltr'><strong>interpretatus</strong></span> <span class='ocrx_word' id='word_1_369' title='bbox 1184 4342 1290 4405; x_wconf 91' lang='lat' dir='ltr'><strong>est,</strong></span> <span class='ocrx_word' id='word_1_370' title='bbox 1325 4336 1517 4408; x_wconf 83' lang='lat' dir='ltr'><strong>deque</strong></span> <span class='ocrx_word' id='word_1_371' title='bbox 1565 4338 1933 4410; x_wconf 89' lang='lat' dir='ltr'><strong>singularum</strong></span> <span class='ocrx_word' id='word_1_372' title='bbox 1956 4356 2099 4410; x_wconf 83' lang='lat' dir='ltr'><strong>gen-</strong></span> 
     </span>
    </p>
   </div>
   <div class='ocr_carea' id='block_1_63' title="bbox 453 4423 2098 4499">
    <p class='ocr_par' dir='ltr' id='par_1_63' title="bbox 453 4423 2098 4499">
     <span class='ocr_line' id='line_1_63' title="bbox 453 4423 2098 4499; baseline 0.002 -21"><span class='ocrx_word' id='word_1_373' title='bbox 453 4424 601 4479; x_wconf 89' lang='lat' dir='ltr'><strong>tium</strong></span> <span class='ocrx_word' id='word_1_374' title='bbox 632 4423 852 4496; x_wconf 84' lang='lat' dir='ltr'><strong>regnis,</strong></span> <span class='ocrx_word' id='word_1_375' title='bbox 885 4424 1210 4493; x_wconf 87' lang='lat' dir='ltr'><strong>Medorum,</strong></span> <span class='ocrx_word' id='word_1_376' title='bbox 1238 4425 1485 4493; x_wconf 85' lang='lat' dir='ltr'><strong>scilicet,</strong></span> <span class='ocrx_word' id='word_1_377' title='bbox 1520 4428 1923 4499; x_wconf 85' lang='lat' dir='ltr'><strong>Assyriorum,</strong></span> <span class='ocrx_word' id='word_1_378' title='bbox 1957 4431 2098 4484; x_wconf 84' lang='lat' dir='ltr'><strong>Per-</strong></span> 
     </span>
    </p>
   </div>
   <div class='ocr_carea' id='block_1_64' title="bbox 451 4513 2099 4589">
    <p class='ocr_par' dir='ltr' id='par_1_64' title="bbox 451 4513 2099 4589">
     <span class='ocr_line' id='line_1_64' title="bbox 451 4513 2099 4589; baseline 0.003 -21"><span class='ocrx_word' id='word_1_379' title='bbox 451 4531 674 4583; x_wconf 87' lang='lat' dir='ltr'><strong>sarum,</strong></span> <span class='ocrx_word' id='word_1_380' title='bbox 701 4513 1108 4584; x_wconf 86' lang='lat' dir='ltr'><strong>Macedonum,</strong></span> <span class='ocrx_word' id='word_1_381' title='bbox 1140 4520 1197 4568; x_wconf 88' lang='lat' dir='ltr'><strong>et</strong></span> <span class='ocrx_word' id='word_1_382' title='bbox 1225 4516 1651 4582; x_wconf 78' lang='lat' dir='ltr'><strong>Romanorum,</strong></span> <span class='ocrx_word' id='word_1_383' title='bbox 1680 4518 2054 4589; x_wconf 90' lang='lat' dir='ltr'><strong>prophetavit</strong></span> <span class='ocrx_word' id='word_1_384' title='bbox 2085 4535 2099 4586; x_wconf 89' lang='lat'><strong>;</strong></span> 
     </span>
    </p>
   </div>
   <div class='ocr_carea' id='block_1_65' title="bbox 2205 2197 3866 2282">
    <p class='ocr_par' dir='ltr' id='par_1_65' title="bbox 2205 2197 3866 2282">
     <span class='ocr_line' id='line_1_65' title="bbox 2205 2197 3866 2282; baseline -0.007 -20"><span class='ocrx_word' id='word_1_385' title='bbox 2205 2206 2506 2279; x_wconf 76' lang='grc' dir='ltr'>Ἀσσυρίων</span> <span class='ocrx_word' id='word_1_386' title='bbox 2539 2202 3038 2282; x_wconf 80' lang='grc' dir='ltr'>Ναϐουχοδονόσορ</span> <span class='ocrx_word' id='word_1_387' title='bbox 3091 2201 3580 2278; x_wconf 85' lang='grc' dir='ltr'>πολιορκηθείσης,</span> <span class='ocrx_word' id='word_1_388' title='bbox 3607 2197 3866 2268; x_wconf 83' lang='grc' dir='ltr'>ἀπῆλθον</span> 
     </span>
    </p>
   </div>
   <div class='ocr_carea' id='block_1_66' title="bbox 2206 2289 3868 2373">
    <p class='ocr_par' dir='ltr' id='par_1_66' title="bbox 2206 2289 3868 2373">
     <span class='ocr_line' id='line_1_66' title="bbox 2206 2289 3868 2373; baseline -0.007 -19"><span class='ocrx_word' id='word_1_389' title='bbox 2206 2297 2563 2373; x_wconf 77' lang='grc' dir='ltr'>αἰχμάλωτοι</span> <span class='ocrx_word' id='word_1_390' title='bbox 2616 2297 2694 2362; x_wconf 74' lang='grc' dir='ltr'>εἷς</span> <span class='ocrx_word' id='word_1_391' title='bbox 2761 2293 3072 2354; x_wconf 84' lang='grc' dir='ltr'>Βαϐυλῶνα.</span> <span class='ocrx_word' id='word_1_392' title='bbox 3169 2296 3267 2350; x_wconf 79' lang='grc' dir='ltr'>Καὶ</span> <span class='ocrx_word' id='word_1_393' title='bbox 3326 2292 3415 2349; x_wconf 77' lang='grc' dir='ltr'>διὰ</span> <span class='ocrx_word' id='word_1_394' title='bbox 3469 2293 3569 2361; x_wconf 82' lang='grc' dir='ltr'><strong>τὴν</strong></span> <span class='ocrx_word' id='word_1_395' title='bbox 3658 2289 3868 2363; x_wconf 76' lang='grc' dir='ltr'>ἀρετὴν</span> 
     </span>
    </p>
   </div>
   <div class='ocr_carea' id='block_1_67' title="bbox 2205 2380 3867 2464">
    <p class='ocr_par' dir='ltr' id='par_1_67' title="bbox 2205 2380 3867 2464">
     <span class='ocr_line' id='line_1_67' title="bbox 2205 2380 3867 2464; baseline -0.007 -21"><span class='ocrx_word' id='word_1_396' title='bbox 2205 2388 2405 2458; x_wconf 85' lang='grc' dir='ltr'>αὐτῶν,</span> <span class='ocrx_word' id='word_1_397' title='bbox 2438 2388 2684 2464; x_wconf 73' lang='grc' dir='ltr'>ἐγένοντο</span> <span class='ocrx_word' id='word_1_398' title='bbox 2738 2388 3003 2464; x_wconf 80' lang='grc' dir='ltr'>ἄρχοντες</span> <span class='ocrx_word' id='word_1_399' title='bbox 3060 2394 3161 2458; x_wconf 82' lang='grc' dir='ltr'>τῆς</span> <span class='ocrx_word' id='word_1_400' title='bbox 3206 2387 3394 2461; x_wconf 84' lang='grc' dir='ltr'>χώρας</span> <span class='ocrx_word' id='word_1_401' title='bbox 3450 2382 3685 2452; x_wconf 82' lang='grc' dir='ltr'>ἐκείνης.</span> <span class='ocrx_word' id='word_1_402' title='bbox 3720 2380 3867 2436; x_wconf 79' lang='grc' dir='ltr'>Εἶτα</span> 
     </span>
    </p>
   </div>
   <div class='ocr_carea' id='block_1_68' title="bbox 2208 2468 3857 2556">
    <p class='ocr_par' dir='ltr' id='par_1_68' title="bbox 2208 2468 3857 2556">
     <span class='ocr_line' id='line_1_68' title="bbox 2208 2468 3857 2556; baseline -0.008 -21"><span class='ocrx_word' id='word_1_403' title='bbox 2208 2481 2283 2552; x_wconf 87' lang='grc' dir='ltr'><strong>μὴ</strong></span> <span class='ocrx_word' id='word_1_404' title='bbox 2308 2478 2613 2545; x_wconf 70' lang='grc' dir='ltr'>πεισθέντες</span> <span class='ocrx_word' id='word_1_405' title='bbox 2654 2482 3029 2556; x_wconf 71' lang='grc' dir='ltr'>προσκυνῆσαι</span> <span class='ocrx_word' id='word_1_406' title='bbox 3080 2479 3179 2546; x_wconf 87' lang='grc' dir='ltr'><strong>τὴν</strong></span> <span class='ocrx_word' id='word_1_407' title='bbox 3241 2481 3452 2552; x_wconf 73' lang='grc' dir='ltr'>χρυσῆν</span> <span class='ocrx_word' id='word_1_408' title='bbox 3512 2472 3717 2540; x_wconf 73' lang='grc' dir='ltr'>εἰκόνα,</span> <span class='ocrx_word' id='word_1_409' title='bbox 3784 2468 3857 2538; x_wconf 73' lang='grc' dir='ltr'>ἢν</span> 
     </span>
    </p>
   </div>
   <div class='ocr_carea' id='block_1_69' title="bbox 2203 2559 3860 2645">
    <p class='ocr_par' dir='ltr' id='par_1_69' title="bbox 2203 2559 3860 2645">
     <span class='ocr_line' id='line_1_69' title="bbox 2203 2559 3860 2645; baseline -0.008 -20"><span class='ocrx_word' id='word_1_410' title='bbox 2203 2569 2453 2640; x_wconf 69' lang='grc' dir='ltr'>εποίησεν</span> <span class='ocrx_word' id='word_1_411' title='bbox 2486 2572 2513 2624; x_wconf 88' lang='grc' dir='ltr'><strong>ὁ</strong></span> <span class='ocrx_word' id='word_1_412' title='bbox 2549 2568 2826 2645; x_wconf 76' lang='grc' dir='ltr'>βασιλεὺς,</span> <span class='ocrx_word' id='word_1_413' title='bbox 2859 2565 3232 2639; x_wconf 75' lang='grc' dir='ltr'>ἐνεϐλήθησαν</span> <span class='ocrx_word' id='word_1_414' title='bbox 3292 2566 3371 2627; x_wconf 82' lang='grc' dir='ltr'>εἷς</span> <span class='ocrx_word' id='word_1_415' title='bbox 3429 2565 3684 2636; x_wconf 80' lang='grc' dir='ltr'>κάμινον.</span> <span class='ocrx_word' id='word_1_416' title='bbox 3744 2559 3860 2615; x_wconf 82' lang='grc' dir='ltr'><strong>Καὶ</strong></span> 
     </span>
    </p>
   </div>
   <div class='ocr_carea' id='block_1_70' title="bbox 2200 2648 3858 2735">
    <p class='ocr_par' dir='ltr' id='par_1_70' title="bbox 2200 2648 3858 2735">
     <span class='ocr_line' id='line_1_70' title="bbox 2200 2648 3858 2735; baseline -0.008 -21"><span class='ocrx_word' id='word_1_417' title='bbox 2200 2653 2400 2729; x_wconf 68' lang='grc' dir='ltr'>κατέϐη</span> <span class='ocrx_word' id='word_1_418' title='bbox 2434 2656 2689 2735; x_wconf 76' lang='grc' dir='ltr'>ἅγγελος,</span> <span class='ocrx_word' id='word_1_419' title='bbox 2718 2659 2808 2714; x_wconf 86' lang='grc' dir='ltr'><strong>καὶ</strong></span> <span class='ocrx_word' id='word_1_420' title='bbox 2838 2655 3155 2735; x_wconf 77' lang='grc' dir='ltr'>διεφύλαξεν</span> <span class='ocrx_word' id='word_1_421' title='bbox 3187 2654 3381 2717; x_wconf 79' lang='grc' dir='ltr'>αὐτοὺς</span> <span class='ocrx_word' id='word_1_422' title='bbox 3444 2654 3635 2729; x_wconf 81' lang='grc' dir='ltr'>ὑγιεῖς.</span> <span class='ocrx_word' id='word_1_423' title='bbox 3686 2648 3790 2708; x_wconf 86' lang='grc' dir='ltr'>Καὶ</span> <span class='ocrx_word' id='word_1_424' title='bbox 3826 2649 3858 2703; x_wconf 87' lang='grc' dir='ltr'>ὁ</span> 
     </span>
    </p>
   </div>
   <div class='ocr_carea' id='block_1_71' title="bbox 2206 2736 3863 2823">
    <p class='ocr_par' dir='ltr' id='par_1_71' title="bbox 2206 2736 3863 2823">
     <span class='ocr_line' id='line_1_71' title="bbox 2206 2736 3863 2823; baseline -0.007 -20"><span class='ocrx_word' id='word_1_425' title='bbox 2206 2746 2460 2823; x_wconf 84' lang='grc' dir='ltr'>βασιλεὺς</span> <span class='ocrx_word' id='word_1_426' title='bbox 2489 2747 2713 2821; x_wconf 78' lang='grc' dir='ltr'>ἐτίμησε</span> <span class='ocrx_word' id='word_1_427' title='bbox 2766 2747 2856 2803; x_wconf 85' lang='grc' dir='ltr'><strong>καὶ</strong></span> <span class='ocrx_word' id='word_1_428' title='bbox 2912 2746 3038 2809; x_wconf 79' lang='grc' dir='ltr'>τοὺς</span> <span class='ocrx_word' id='word_1_429' title='bbox 3094 2742 3312 2808; x_wconf 76' lang='grc' dir='ltr'>παῖδαςο</span> <span class='ocrx_word' id='word_1_430' title='bbox 3367 2742 3457 2799; x_wconf 77' lang='grc' dir='ltr'><strong>καὶ</strong></span> <span class='ocrx_word' id='word_1_431' title='bbox 3515 2736 3863 2813; x_wconf 80' lang='grc' dir='ltr'>ὡμολόγησε</span> 
     </span>
    </p>
   </div>
   <div class='ocr_carea' id='block_1_72' title="bbox 2201 2826 3857 2915">
    <p class='ocr_par' dir='ltr' id='par_1_72' title="bbox 2201 2826 3857 2915">
     <span class='ocr_line' id='line_1_72' title="bbox 2201 2826 3857 2915; baseline 0.001 -20"><span class='ocrx_word' id='word_1_432' title='bbox 2201 2838 2290 2895; x_wconf 84' lang='grc' dir='ltr'><strong>καὶ</strong></span> <span class='ocrx_word' id='word_1_433' title='bbox 2317 2838 2409 2894; x_wconf 87' lang='grc' dir='ltr'>τὸν</span> <span class='ocrx_word' id='word_1_434' title='bbox 2443 2840 2574 2895; x_wconf 87' lang='grc' dir='ltr'>Θεὸν</span> <span class='ocrx_word' id='word_1_435' title='bbox 2604 2844 2702 2895; x_wconf 89' lang='grc' dir='ltr'><strong>τοῦ</strong></span> <span class='ocrx_word' id='word_1_436' title='bbox 2732 2839 2968 2915; x_wconf 81' lang='grc' dir='ltr'>ούρανοῦ</span> <span class='ocrx_word' id='word_1_437' title='bbox 3001 2835 3168 2911; x_wconf 71' lang='grc' dir='ltr'>μεγαν</span> <span class='ocrx_word' id='word_1_438' title='bbox 3226 2835 3380 2890; x_wconf 79' lang='grc' dir='ltr'>εἶναι.</span> <span class='ocrx_word' id='word_1_439' title='bbox 3437 2828 3613 2895; x_wconf 80' lang='grc' dir='ltr'>’Πλθε</span> <span class='ocrx_word' id='word_1_440' title='bbox 3637 2826 3695 2883; x_wconf 62' lang='grc' dir='ltr'><strong>δὶ</strong></span> <span class='ocrx_word' id='word_1_441' title='bbox 3753 2827 3857 2915; x_wconf 68' lang='grc' dir='ltr'><strong>βπ·</strong></span> 
     </span>
    </p>
   </div>
   <div class='ocr_carea' id='block_1_73' title="bbox 2201 2913 3850 3008">
    <p class='ocr_par' dir='ltr' id='par_1_73' title="bbox 2201 2913 3850 3008">
     <span class='ocr_line' id='line_1_73' title="bbox 2201 2913 3850 3008; baseline -0.012 -19"><span class='ocrx_word' id='word_1_442' title='bbox 2201 2932 2385 2996; x_wconf 82' lang='grc' dir='ltr'>σιλεὺς</span> <span class='ocrx_word' id='word_1_443' title='bbox 2414 2931 2621 3008; x_wconf 80' lang='grc' dir='ltr'>ἔτερος,</span> <span class='ocrx_word' id='word_1_444' title='bbox 2677 2932 2769 2986; x_wconf 83' lang='grc' dir='ltr'><strong>καὶ</strong></span> <span class='ocrx_word' id='word_1_445' title='bbox 2817 2931 2988 3006; x_wconf 81' lang='grc' dir='ltr'>εὑρὼν</span> <span class='ocrx_word' id='word_1_446' title='bbox 3034 2928 3161 2990; x_wconf 86' lang='grc' dir='ltr'>τοὺς</span> <span class='ocrx_word' id='word_1_447' title='bbox 3218 2926 3403 3003; x_wconf 80' lang='grc' dir='ltr'>ἁγίους</span> <span class='ocrx_word' id='word_1_448' title='bbox 3458 2925 3604 2997; x_wconf 79' lang='grc' dir='ltr'>τρεῖς</span> <span class='ocrx_word' id='word_1_449' title='bbox 3646 2913 3850 3008; x_wconf 79' lang='grc' dir='ltr'>παῖδας</span> 
     </span>
    </p>
   </div>
   <div class='ocr_carea' id='block_1_74' title="bbox 2199 3003 3839 3094">
    <p class='ocr_par' dir='ltr' id='par_1_74' title="bbox 2199 3003 3839 3094">
     <span class='ocr_line' id='line_1_74' title="bbox 2199 3003 3839 3094; baseline -0.007 -16"><span class='ocrx_word' id='word_1_450' title='bbox 2199 3022 2550 3085; x_wconf 81' lang='grc' dir='ltr'>πιστεύοντας</span> <span class='ocrx_word' id='word_1_451' title='bbox 2598 3021 2675 3084; x_wconf 85' lang='grc' dir='ltr'><strong>είς</strong></span> <span class='ocrx_word' id='word_1_452' title='bbox 2716 3021 2811 3077; x_wconf 87' lang='grc' dir='ltr'><strong>τὸν</strong></span> <span class='ocrx_word' id='word_1_453' title='bbox 2870 3019 3020 3089; x_wconf 86' lang='grc' dir='ltr'>Θεὸν,</span> <span class='ocrx_word' id='word_1_454' title='bbox 3079 3013 3589 3094; x_wconf 80' lang='grc' dir='ltr'>ἆποκεφαλισθῆναι</span> <span class='ocrx_word' id='word_1_455' title='bbox 3643 3003 3839 3066; x_wconf 67' lang='grc' dir='ltr'>αὐτοὺς</span> 
     </span>
    </p>
   </div>
   <div class='ocr_carea' id='block_1_75' title="bbox 2198 3100 3844 3188">
    <p class='ocr_par' dir='ltr' id='par_1_75' title="bbox 2198 3100 3844 3188">
     <span class='ocr_line' id='line_1_75' title="bbox 2198 3100 3844 3188; baseline -0.011 -20"><span class='ocrx_word' id='word_1_456' title='bbox 2198 3112 2507 3188; x_wconf 71' lang='grc' dir='ltr'>προσέταξε.</span> <span class='ocrx_word' id='word_1_457' title='bbox 2544 3112 2645 3169; x_wconf 87' lang='grc' dir='ltr'>Καὶ</span> <span class='ocrx_word' id='word_1_458' title='bbox 2687 3108 2976 3186; x_wconf 80' lang='grc' dir='ltr'>δεξάμενος</span> <span class='ocrx_word' id='word_1_459' title='bbox 3016 3107 3196 3185; x_wconf 86' lang='grc' dir='ltr'>ἔτερος</span> <span class='ocrx_word' id='word_1_460' title='bbox 3251 3103 3351 3162; x_wconf 82' lang='grc' dir='ltr'><strong>τοῦ</strong></span> <span class='ocrx_word' id='word_1_461' title='bbox 3407 3104 3593 3177; x_wconf 73' lang='grc' dir='ltr'>ἑτερου</span> <span class='ocrx_word' id='word_1_462' title='bbox 3620 3100 3720 3188; x_wconf 83' lang='grc' dir='ltr'><strong>τὴν</strong></span> <span class='ocrx_word' id='word_1_463' title='bbox 3747 3114 3844 3188; x_wconf 78' lang='grc' dir='ltr'>κε·-</span> 
     </span>
    </p>
   </div>
   <div class='ocr_carea' id='block_1_76' title="bbox 2122 3185 3867 3289">
    <p class='ocr_par' dir='ltr' id='par_1_76' title="bbox 2122 3185 3867 3289">
     <span class='ocr_line' id='line_1_76' title="bbox 2122 3185 3867 3289; baseline -0.023 -11"><span class='ocrx_word' id='word_1_464' title='bbox 2122 3222 2166 3289; x_wconf 80' lang='lat' dir='ltr'><strong>C</strong></span> <span class='ocrx_word' id='word_1_465' title='bbox 2205 3185 2408 3282; x_wconf 50' lang='grc' dir='ltr'>φάλῆν,</span> <span class='ocrx_word' id='word_1_466' title='bbox 2441 3200 2673 3278; x_wconf 79' lang='grc' dir='ltr'>ἔσχατος</span> <span class='ocrx_word' id='word_1_467' title='bbox 2706 3199 2766 3257; x_wconf 73' lang='grc' dir='ltr'>δὲ</span> <span class='ocrx_word' id='word_1_468' title='bbox 2795 3202 2823 3256; x_wconf 85' lang='grc' dir='ltr'>ὁ</span> <span class='ocrx_word' id='word_1_469' title='bbox 2880 3199 3087 3269; x_wconf 80' lang='grc' dir='ltr'>Δανιὴλ</span> <span class='ocrx_word' id='word_1_470' title='bbox 3144 3202 3242 3254; x_wconf 90' lang='grc' dir='ltr'><strong>τοῦ</strong></span> <span class='ocrx_word' id='word_1_471' title='bbox 3299 3194 3542 3261; x_wconf 79' lang='grc' dir='ltr'>Ἀνανία,</span> <span class='ocrx_word' id='word_1_472' title='bbox 3597 3185 3867 3245; x_wconf 81' lang='grc' dir='ltr'>ἐτελειώ-</span> 
     </span>
    </p>
   </div>
   <div class='ocr_carea' id='block_1_77' title="bbox 2205 3295 2394 3363">
    <p class='ocr_par' dir='ltr' id='par_1_77' title="bbox 2205 3295 2394 3363">
     <span class='ocr_line' id='line_1_77' title="bbox 2205 3295 2394 3363; baseline 0.011 -15"><span class='ocrx_word' id='word_1_473' title='bbox 2205 3295 2394 3363; x_wconf 86' lang='grc' dir='ltr'>θησαν.</span> 
     </span>
    </p>
   </div>
   <div class='ocr_carea' id='block_1_78' title="bbox 2775 3379 3287 3456">
    <p class='ocr_par' dir='ltr' id='par_1_78' title="bbox 2775 3379 3287 3456">
     <span class='ocr_line' id='line_1_78' title="bbox 2775 3379 3287 3456; baseline -0.01 0"><span class='ocrx_word' id='word_1_474' title='bbox 2775 3385 2855 3456; x_wconf 56' lang='lat' dir='ltr'><strong>Tit</strong></span> <span class='ocrx_word' id='word_1_475' title='bbox 2914 3383 3055 3455; x_wconf 70' lang='grc' dir='ltr'>αὐτῇ</span> <span class='ocrx_word' id='word_1_476' title='bbox 3102 3379 3287 3454; x_wconf 71' lang='grc' dir='ltr'><strong>ἡμέρᾳ</strong></span> 
     </span>
    </p>
   </div>
   <div class='ocr_carea' id='block_1_79' title="bbox 2347 3490 3709 3574">
    <p class='ocr_par' dir='ltr' id='par_1_79' title="bbox 2347 3490 3709 3574">
     <span class='ocr_line' id='line_1_79' title="bbox 2347 3490 3709 3574; baseline -0.011 -17"><span class='ocrx_word' id='word_1_477' title='bbox 2347 3497 2620 3568; x_wconf 65' lang='grc' dir='ltr'>νΔθλησις</span> <span class='ocrx_word' id='word_1_478' title='bbox 2648 3503 2746 3554; x_wconf 87' lang='grc' dir='ltr'><strong>τοῦ</strong></span> <span class='ocrx_word' id='word_1_479' title='bbox 2777 3496 2934 3574; x_wconf 81' lang='grc' dir='ltr'>ἁγίου</span> <span class='ocrx_word' id='word_1_480' title='bbox 2984 3492 3184 3565; x_wconf 88' lang='grc' dir='ltr'>Δανιὴλ</span> <span class='ocrx_word' id='word_1_481' title='bbox 3242 3496 3341 3549; x_wconf 91' lang='grc' dir='ltr'><strong>τοῦ</strong></span> <span class='ocrx_word' id='word_1_482' title='bbox 3390 3490 3709 3567; x_wconf 82' lang='grc' dir='ltr'>προφήτου.</span> 
     </span>
    </p>
   </div>
   <div class='ocr_carea' id='block_1_80' title="bbox 2278 3600 3865 3691">
    <p class='ocr_par' dir='ltr' id='par_1_80' title="bbox 2278 3600 3865 3691">
     <span class='ocr_line' id='line_1_80' title="bbox 2278 3600 3865 3691; baseline -0.01 -19"><span class='ocrx_word' id='word_1_483' title='bbox 2278 3618 2445 3679; x_wconf 80' lang='grc' dir='ltr'>Οὗτος</span> <span class='ocrx_word' id='word_1_484' title='bbox 2504 3618 2532 3672; x_wconf 88' lang='grc' dir='ltr'>ὁ</span> <span class='ocrx_word' id='word_1_485' title='bbox 2592 3617 2743 3691; x_wconf 80' lang='grc' dir='ltr'>ἅγιος</span> <span class='ocrx_word' id='word_1_486' title='bbox 2795 3612 3003 3685; x_wconf 88' lang='grc' dir='ltr'>Δανιὴλ</span> <span class='ocrx_word' id='word_1_487' title='bbox 3068 3612 3203 3687; x_wconf 84' lang='grc' dir='ltr'>μετὰ</span> <span class='ocrx_word' id='word_1_488' title='bbox 3248 3615 3357 3667; x_wconf 90' lang='grc' dir='ltr'><strong>τῶν</strong></span> <span class='ocrx_word' id='word_1_489' title='bbox 3415 3609 3580 3684; x_wconf 84' lang='grc' dir='ltr'>τριῶν</span> <span class='ocrx_word' id='word_1_490' title='bbox 3641 3600 3865 3660; x_wconf 81' lang='grc' dir='ltr'>παίδων</span> 
     </span>
    </p>
   </div>
   <div class='ocr_carea' id='block_1_81' title="bbox 2206 3690 3874 3784">
    <p class='ocr_par' dir='ltr' id='par_1_81' title="bbox 2206 3690 3874 3784">
     <span class='ocr_line' id='line_1_81' title="bbox 2206 3690 3874 3784; baseline -0.024 0"><span class='ocrx_word' id='word_1_491' title='bbox 2206 3690 2647 3784; x_wconf 66' lang='grc' dir='ltr'>ᾗχμαλωτίσθη.</span> <span class='ocrx_word' id='word_1_492' title='bbox 2703 3704 2800 3760; x_wconf 84' lang='grc' dir='ltr'><strong>Καὶ</strong></span> <span class='ocrx_word' id='word_1_493' title='bbox 2880 3703 3119 3773; x_wconf 79' lang='grc' dir='ltr'>ἀπῆλθεν</span> <span class='ocrx_word' id='word_1_494' title='bbox 3192 3700 3302 3756; x_wconf 81' lang='grc' dir='ltr'><strong>ἀπὸ</strong></span> <span class='ocrx_word' id='word_1_495' title='bbox 3365 3694 3731 3774; x_wconf 81' lang='grc' dir='ltr'>Ἰερουσαλὴμ</span> <span class='ocrx_word' id='word_1_496' title='bbox 3785 3690 3874 3753; x_wconf 82' lang='grc' dir='ltr'>ε’ίς</span> 
     </span>
    </p>
   </div>
   <div class='ocr_carea' id='block_1_82' title="bbox 2207 3788 3865 3870">
    <p class='ocr_par' dir='ltr' id='par_1_82' title="bbox 2207 3788 3865 3870">
     <span class='ocr_line' id='line_1_82' title="bbox 2207 3788 3865 3870; baseline -0.01 -18"><span class='ocrx_word' id='word_1_497' title='bbox 2207 3792 2529 3853; x_wconf 86' lang='grc' dir='ltr'>Βαϐυλῶνα·</span> <span class='ocrx_word' id='word_1_498' title='bbox 2590 3794 2679 3849; x_wconf 86' lang='grc' dir='ltr'><strong>καὶ</strong></span> <span class='ocrx_word' id='word_1_499' title='bbox 2733 3795 3135 3870; x_wconf 79' lang='grc' dir='ltr'>προεφήτευσεν</span> <span class='ocrx_word' id='word_1_500' title='bbox 3206 3788 3299 3861; x_wconf 79' lang='grc' dir='ltr'>ἔτη</span> <span class='ocrx_word' id='word_1_501' title='bbox 3360 3789 3641 3859; x_wconf 76' lang='grc' dir='ltr'>ἑξήκοντα.</span> <span class='ocrx_word' id='word_1_502' title='bbox 3704 3790 3865 3859; x_wconf 88' lang='grc' dir='ltr'>Προ-</span> 
     </span>
    </p>
   </div>
   <div class='ocr_carea' id='block_1_83' title="bbox 2207 3875 3875 3959">
    <p class='ocr_par' dir='ltr' id='par_1_83' title="bbox 2207 3875 3875 3959">
     <span class='ocr_line' id='line_1_83' title="bbox 2207 3875 3875 3959; baseline -0.006 -17"><span class='ocrx_word' id='word_1_503' title='bbox 2207 3882 2373 3942; x_wconf 80' lang='grc' dir='ltr'>ἐλαϐε</span> <span class='ocrx_word' id='word_1_504' title='bbox 2404 3883 2461 3941; x_wconf 67' lang='grc' dir='ltr'><strong>δί</strong></span> <span class='ocrx_word' id='word_1_505' title='bbox 2490 3885 2587 3955; x_wconf 87' lang='grc' dir='ltr'><strong>τὴν</strong></span> <span class='ocrx_word' id='word_1_506' title='bbox 2638 3887 2885 3959; x_wconf 67' lang='grc' dir='ltr'>γέννησιν</span> <span class='ocrx_word' id='word_1_507' title='bbox 2934 3887 3033 3939; x_wconf 90' lang='grc' dir='ltr'><strong>τοῦ</strong></span> <span class='ocrx_word' id='word_1_508' title='bbox 3090 3884 3325 3958; x_wconf 83' lang='grc' dir='ltr'>Χριστοῦ</span> <span class='ocrx_word' id='word_1_509' title='bbox 3381 3875 3476 3951; x_wconf 78' lang='grc' dir='ltr'>ἔτη</span> <span class='ocrx_word' id='word_1_510' title='bbox 3535 3876 3875 3953; x_wconf 80' lang='grc' dir='ltr'>τετρακόσια</span> 
     </span>
    </p>
   </div>
   <div class='ocr_carea' id='block_1_84' title="bbox 2206 3966 3871 4050">
    <p class='ocr_par' dir='ltr' id='par_1_84' title="bbox 2206 3966 3871 4050">
     <span class='ocr_line' id='line_1_84' title="bbox 2206 3966 3871 4050; baseline -0.007 -19"><span class='ocrx_word' id='word_1_511' title='bbox 2206 3975 2486 4047; x_wconf 77' lang='grc' dir='ltr'>ἐξήκοντα.</span> <span class='ocrx_word' id='word_1_512' title='bbox 2519 3975 2763 4050; x_wconf 68' lang='grc' dir='ltr'>Ἐγένετο</span> <span class='ocrx_word' id='word_1_513' title='bbox 2824 3971 2882 4028; x_wconf 76' lang='grc' dir='ltr'>δὲ</span> <span class='ocrx_word' id='word_1_514' title='bbox 2937 3972 3076 4047; x_wconf 83' lang='grc' dir='ltr'>ἀνὴρ</span> <span class='ocrx_word' id='word_1_515' title='bbox 3128 3973 3358 4048; x_wconf 79' lang='grc' dir='ltr'>σώφρων</span> <span class='ocrx_word' id='word_1_516' title='bbox 3411 3967 3500 4025; x_wconf 81' lang='grc' dir='ltr'><strong>καὶ</strong></span> <span class='ocrx_word' id='word_1_517' title='bbox 3540 3966 3871 4037; x_wconf 82' lang='grc' dir='ltr'>νηστευτὴς·</span> 
     </span>
    </p>
   </div>
   <div class='ocr_carea' id='block_1_85' title="bbox 2212 4054 3879 4141">
    <p class='ocr_par' dir='ltr' id='par_1_85' title="bbox 2212 4054 3879 4141">
     <span class='ocr_line' id='line_1_85' title="bbox 2212 4054 3879 4141; baseline -0.007 -19"><span class='ocrx_word' id='word_1_518' title='bbox 2212 4066 2287 4140; x_wconf 86' lang='grc' dir='ltr'><strong>μὴ</strong></span> <span class='ocrx_word' id='word_1_519' title='bbox 2317 4064 2613 4141; x_wconf 85' lang='grc' dir='ltr'>γευόμενος</span> <span class='ocrx_word' id='word_1_520' title='bbox 2665 4071 2878 4139; x_wconf 72' lang='grc' dir='ltr'>τροφῆς</span> <span class='ocrx_word' id='word_1_521' title='bbox 2937 4060 3141 4131; x_wconf 81' lang='grc' dir='ltr'>ἄλλης,</span> <span class='ocrx_word' id='word_1_522' title='bbox 3200 4061 3245 4115; x_wconf 83' lang='grc' dir='ltr'>εἰ</span> <span class='ocrx_word' id='word_1_523' title='bbox 3321 4062 3398 4134; x_wconf 86' lang='grc' dir='ltr'><strong>μὴ</strong></span> <span class='ocrx_word' id='word_1_524' title='bbox 3450 4056 3708 4133; x_wconf 83' lang='grc' dir='ltr'>ὀσπρίων·</span> <span class='ocrx_word' id='word_1_525' title='bbox 3770 4054 3879 4114; x_wconf 71' lang='grc' dir='ltr'><strong>διὰ</strong></span> 
     </span>
    </p>
   </div>
   <div class='ocr_carea' id='block_1_86' title="bbox 2205 4145 3875 4230">
    <p class='ocr_par' dir='ltr' id='par_1_86' title="bbox 2205 4145 3875 4230">
     <span class='ocr_line' id='line_1_86' title="bbox 2205 4145 3875 4230; baseline -0.005 -20"><span class='ocrx_word' id='word_1_526' title='bbox 2205 4159 2368 4210; x_wconf 87' lang='grc' dir='ltr'>τοῦτο</span> <span class='ocrx_word' id='word_1_527' title='bbox 2400 4156 2664 4230; x_wconf 70' lang='grc' dir='ltr'>ἠγαπήθη</span> <span class='ocrx_word' id='word_1_528' title='bbox 2699 4154 2847 4224; x_wconf 72' lang='grc' dir='ltr'>παρὰ</span> <span class='ocrx_word' id='word_1_529' title='bbox 2868 4156 2966 4208; x_wconf 90' lang='grc' dir='ltr'><strong>τοῦ</strong></span> <span class='ocrx_word' id='word_1_530' title='bbox 2999 4148 3154 4207; x_wconf 83' lang='grc' dir='ltr'>Θεοῦ.</span> <span class='ocrx_word' id='word_1_531' title='bbox 3216 4149 3321 4206; x_wconf 78' lang='grc' dir='ltr'>Καὶ</span> <span class='ocrx_word' id='word_1_532' title='bbox 3383 4146 3662 4219; x_wconf 78' lang='grc' dir='ltr'>ἀπεστάλη</span> <span class='ocrx_word' id='word_1_533' title='bbox 3695 4145 3875 4223; x_wconf 78' lang='grc' dir='ltr'>ἃγγε-</span> 
     </span>
    </p>
   </div>
   <div class='ocr_carea' id='block_1_87' title="bbox 2208 4237 3884 4317">
    <p class='ocr_par' dir='ltr' id='par_1_87' title="bbox 2208 4237 3884 4317">
     <span class='ocr_line' id='line_1_87' title="bbox 2208 4237 3884 4317; baseline -0.004 -18"><span class='ocrx_word' id='word_1_534' title='bbox 2208 4243 2331 4315; x_wconf 90' lang='grc' dir='ltr'>λος,</span> <span class='ocrx_word' id='word_1_535' title='bbox 2364 4244 2455 4299; x_wconf 83' lang='grc' dir='ltr'><strong>καὶ</strong></span> <span class='ocrx_word' id='word_1_536' title='bbox 2487 4241 2723 4317; x_wconf 81' lang='grc' dir='ltr'>ἐδίδαξεν</span> <span class='ocrx_word' id='word_1_537' title='bbox 2758 4242 2917 4297; x_wconf 77' lang='grc' dir='ltr'>αὐτὸν</span> <span class='ocrx_word' id='word_1_538' title='bbox 2946 4243 3015 4297; x_wconf 73' lang='grc' dir='ltr'><strong>τά</strong></span> <span class='ocrx_word' id='word_1_539' title='bbox 3043 4240 3351 4317; x_wconf 81' lang='grc' dir='ltr'>άπὸκρυφα.</span> <span class='ocrx_word' id='word_1_540' title='bbox 3382 4241 3538 4305; x_wconf 88' lang='grc' dir='ltr'>Ὃθεν</span> <span class='ocrx_word' id='word_1_541' title='bbox 3591 4237 3678 4293; x_wconf 81' lang='grc' dir='ltr'><strong>καὶ</strong></span> <span class='ocrx_word' id='word_1_542' title='bbox 3730 4238 3884 4303; x_wconf 75' lang='grc' dir='ltr'>τοὺς</span> 
     </span>
    </p>
   </div>
   <div class='ocr_carea' id='block_1_88' title="bbox 2210 4327 3883 4410">
    <p class='ocr_par' dir='ltr' id='par_1_88' title="bbox 2210 4327 3883 4410">
     <span class='ocr_line' id='line_1_88' title="bbox 2210 4327 3883 4410; baseline -0.001 -21"><span class='ocrx_word' id='word_1_543' title='bbox 2210 4333 2455 4410; x_wconf 70' lang='grc' dir='ltr'>ὀνείρους</span> <span class='ocrx_word' id='word_1_544' title='bbox 2481 4339 2582 4389; x_wconf 90' lang='grc' dir='ltr'><strong>τοῦ</strong></span> <span class='ocrx_word' id='word_1_545' title='bbox 2618 4330 2892 4410; x_wconf 70' lang='grc' dir='ltr'>βασιλέως</span> <span class='ocrx_word' id='word_1_546' title='bbox 2951 4327 3131 4399; x_wconf 70' lang='grc' dir='ltr'>ἔλυσε,</span> <span class='ocrx_word' id='word_1_547' title='bbox 3193 4330 3282 4386; x_wconf 81' lang='grc' dir='ltr'>καὶ</span> <span class='ocrx_word' id='word_1_548' title='bbox 3341 4332 3705 4407; x_wconf 81' lang='grc' dir='ltr'>ἡρμήνευσεν.</span> <span class='ocrx_word' id='word_1_549' title='bbox 3760 4333 3883 4387; x_wconf 75' lang='grc' dir='ltr'>Καὶ</span> 
     </span>
    </p>
   </div>
   <div class='ocr_carea' id='block_1_89' title="bbox 2210 4416 3885 4498">
    <p class='ocr_par' dir='ltr' id='par_1_89' title="bbox 2210 4416 3885 4498">
     <span class='ocr_line' id='line_1_89' title="bbox 2210 4416 3885 4498; baseline -0.002 -19"><span class='ocrx_word' id='word_1_550' title='bbox 2210 4424 2336 4497; x_wconf 85' lang='grc' dir='ltr'>περὶ</span> <span class='ocrx_word' id='word_1_551' title='bbox 2393 4427 2500 4478; x_wconf 91' lang='grc' dir='ltr'><strong>τῶν</strong></span> <span class='ocrx_word' id='word_1_552' title='bbox 2543 4421 2836 4498; x_wconf 87' lang='grc' dir='ltr'>βασιλειῶν</span> <span class='ocrx_word' id='word_1_553' title='bbox 2897 4421 3124 4477; x_wconf 66' lang='grc' dir='ltr'>ἑκάστου</span> <span class='ocrx_word' id='word_1_554' title='bbox 3174 4419 3379 4488; x_wconf 78' lang='grc' dir='ltr'>ἔθνους,</span> <span class='ocrx_word' id='word_1_555' title='bbox 3460 4416 3690 4490; x_wconf 83' lang='grc' dir='ltr'>Μήδων,</span> <span class='ocrx_word' id='word_1_556' title='bbox 3736 4421 3885 4478; x_wconf 76' lang='grc' dir='ltr'>Ἀσ-</span> 
     </span>
    </p>
   </div>
   <div class='ocr_carea' id='block_1_90' title="bbox 2212 4508 3884 4589">
    <p class='ocr_par' dir='ltr' id='par_1_90' title="bbox 2212 4508 3884 4589">
     <span class='ocr_line' id='line_1_90' title="bbox 2212 4508 3884 4589; baseline -0.004 -20"><span class='ocrx_word' id='word_1_557' title='bbox 2212 4512 2437 4589; x_wconf 86' lang='grc' dir='ltr'>συρίων,</span> <span class='ocrx_word' id='word_1_558' title='bbox 2498 4516 2740 4586; x_wconf 82' lang='grc' dir='ltr'>Περσῶν,</span> <span class='ocrx_word' id='word_1_559' title='bbox 2801 4508 3151 4579; x_wconf 82' lang='grc' dir='ltr'>Μακεδόνων,</span> <span class='ocrx_word' id='word_1_560' title='bbox 3214 4509 3528 4583; x_wconf 88' lang='grc' dir='ltr'>Ῥωμαίων,</span> <span class='ocrx_word' id='word_1_561' title='bbox 3614 4513 3884 4587; x_wconf 69' lang='grc' dir='ltr'>προεφή-</span> 
     </span>
    </p>
   </div>
   <div class='ocr_carea' id='block_1_91' title="bbox 454 4595 2096 4674">
    <p class='ocr_par' dir='ltr' id='par_1_91' title="bbox 454 4603 2096 4673">
     <span class='ocr_line' id='line_1_91' title="bbox 454 4603 2096 4673; baseline 0.004 -17"><span class='ocrx_word' id='word_1_562' title='bbox 454 4604 731 4673; x_wconf 87' lang='lat' dir='ltr'><strong>quodque</strong></span> <span class='ocrx_word' id='word_1_563' title='bbox 763 4603 965 4657; x_wconf 87' lang='lat' dir='ltr'><strong>omnia</strong></span> <span class='ocrx_word' id='word_1_564' title='bbox 992 4618 1176 4672; x_wconf 75' lang='lat' dir='ltr'><strong>regna</strong></span> <span class='ocrx_word' id='word_1_565' title='bbox 1196 4604 1573 4660; x_wconf 90' lang='lat' dir='ltr'><strong>dissolvenda</strong></span> <span class='ocrx_word' id='word_1_566' title='bbox 1592 4604 1875 4672; x_wconf 80' lang='lat' dir='ltr'><strong>forent,et</strong></span> <span class='ocrx_word' id='word_1_567' title='bbox 1903 4609 2096 4663; x_wconf 79' lang='lat' dir='ltr'><strong>Roma-</strong></span> 
     </span>
    </p>
   </div>
   <div class='ocr_carea' id='block_1_92' title="bbox 2210 4595 3883 4674">
    <p class='ocr_par' dir='ltr' id='par_1_92' title="bbox 2213 4598 3883 4674">
     <span class='ocr_line' id='line_1_92' title="bbox 2213 4598 3883 4674; baseline -0.002 -14"><span class='ocrx_word' id='word_1_568' title='bbox 2213 4622 2386 4661; x_wconf 83' lang='grc' dir='ltr'>τευσε·</span> <span class='ocrx_word' id='word_1_569' title='bbox 2457 4605 2546 4658; x_wconf 79' lang='grc' dir='ltr'><strong>καὶ</strong></span> <span class='ocrx_word' id='word_1_570' title='bbox 2605 4600 2689 4658; x_wconf 76' lang='grc' dir='ltr'><strong>ὅτι</strong></span> <span class='ocrx_word' id='word_1_571' title='bbox 2742 4601 3214 4672; x_wconf 78' lang='grc' dir='ltr'>καταλυθήσονται</span> <span class='ocrx_word' id='word_1_572' title='bbox 3245 4606 3410 4656; x_wconf 77' lang='grc' dir='ltr'>πᾶσαι</span> <span class='ocrx_word' id='word_1_573' title='bbox 3465 4601 3521 4654; x_wconf 79' lang='grc' dir='ltr'>αἱ</span> <span class='ocrx_word' id='word_1_574' title='bbox 3564 4598 3883 4674; x_wconf 84' lang='grc' dir='ltr'>βασιλεῖαι,</span> 
     </span>
    </p>
   </div>
   <div class='ocr_carea' id='block_1_93' title="bbox 455 4691 2100 4766">
    <p class='ocr_par' dir='ltr' id='par_1_93' title="bbox 455 4691 2100 4766">
     <span class='ocr_line' id='line_1_93' title="bbox 455 4691 2100 4766; baseline 0.004 -22"><span class='ocrx_word' id='word_1_575' title='bbox 455 4707 692 4757; x_wconf 88' lang='lat' dir='ltr'><strong>norum,</strong></span> <span class='ocrx_word' id='word_1_576' title='bbox 724 4691 1314 4763; x_wconf 88' lang='lat' dir='ltr'><strong>Christianorumque</strong></span> <span class='ocrx_word' id='word_1_577' title='bbox 1346 4694 1665 4766; x_wconf 89' lang='lat' dir='ltr'><strong>imperium</strong></span> <span class='ocrx_word' id='word_1_578' title='bbox 1695 4695 2100 4766; x_wconf 88' lang='lat' dir='ltr'><strong>obtenturum,</strong></span> 
     </span>
    </p>
   </div>
   <div class='ocr_carea' id='block_1_94' title="bbox 457 4780 2100 4854">
    <p class='ocr_par' dir='ltr' id='par_1_94' title="bbox 457 4780 2100 4854">
     <span class='ocr_line' id='line_1_94' title="bbox 457 4780 2100 4854; baseline 0.005 -22"><span class='ocrx_word' id='word_1_579' title='bbox 457 4780 688 4834; x_wconf 83' lang='lat' dir='ltr'><strong>Christo</strong></span> <span class='ocrx_word' id='word_1_580' title='bbox 721 4781 781 4834; x_wconf 93' lang='lat' dir='ltr'><strong>in</strong></span> <span class='ocrx_word' id='word_1_581' title='bbox 813 4786 1101 4835; x_wconf 66' lang='lat' dir='ltr'><strong>aeternum</strong></span> <span class='ocrx_word' id='word_1_582' title='bbox 1132 4788 1435 4854; x_wconf 88' lang='lat' dir='ltr'><strong>regnante.</strong></span> <span class='ocrx_word' id='word_1_583' title='bbox 1461 4784 1766 4840; x_wconf 88' lang='lat' dir='ltr'><strong>Demissus</strong></span> <span class='ocrx_word' id='word_1_584' title='bbox 1797 4792 1996 4841; x_wconf 87' lang='lat' dir='ltr'><strong>autem</strong></span> <span class='ocrx_word' id='word_1_585' title='bbox 2039 4786 2100 4841; x_wconf 94' lang='lat' dir='ltr'><strong>in</strong></span> 
     </span>
    </p>
   </div>
   <div class='ocr_carea' id='block_1_95' title="bbox 458 4868 2100 4948">
    <p class='ocr_par' dir='ltr' id='par_1_95' title="bbox 458 4868 2100 4948">
     <span class='ocr_line' id='line_1_95' title="bbox 458 4868 2100 4948; baseline 0.004 -26"><span class='ocrx_word' id='word_1_586' title='bbox 458 4868 654 4923; x_wconf 88' lang='lat' dir='ltr'><strong>lacum</strong></span> <span class='ocrx_word' id='word_1_587' title='bbox 684 4869 948 4937; x_wconf 91' lang='lat' dir='ltr'><strong>leonum,</strong></span> <span class='ocrx_word' id='word_1_588' title='bbox 981 4869 1205 4926; x_wconf 65' lang='lat' dir='ltr'><strong>illaesus</strong></span> <span class='ocrx_word' id='word_1_589' title='bbox 1234 4871 1373 4927; x_wconf 89' lang='lat' dir='ltr'><strong>inde</strong></span> <span class='ocrx_word' id='word_1_590' title='bbox 1424 4874 1625 4938; x_wconf 88' lang='lat' dir='ltr'><strong>evasit,</strong></span> <span class='ocrx_word' id='word_1_591' title='bbox 1663 4878 1721 4928; x_wconf 91' lang='lat' dir='ltr'><strong>et</strong></span> <span class='ocrx_word' id='word_1_592' title='bbox 1749 4891 1784 4929; x_wconf 87' lang='lat' dir='ltr'><strong>a</strong></span> <span class='ocrx_word' id='word_1_593' title='bbox 1812 4890 1947 4948; x_wconf 91' lang='lat' dir='ltr'><strong>rege</strong></span> <span class='ocrx_word' id='word_1_594' title='bbox 1974 4875 2100 4931; x_wconf 83' lang='lat' dir='ltr'><strong>Bal-</strong></span> 
     </span>
    </p>
   </div>
   <div class='ocr_carea' id='block_1_96' title="bbox 457 4958 2101 5020">
    <p class='ocr_par' dir='ltr' id='par_1_96' title="bbox 457 4958 2101 5020">
     <span class='ocr_line' id='line_1_96' title="bbox 457 4958 2101 5020; baseline 0.005 -8"><span class='ocrx_word' id='word_1_595' title='bbox 457 4958 691 5013; x_wconf 87' lang='lat' dir='ltr'><strong>thasare</strong></span> <span class='ocrx_word' id='word_1_596' title='bbox 723 4960 831 5013; x_wconf 85' lang='lat' dir='ltr'><strong>ﬁlii</strong></span> <span class='ocrx_word' id='word_1_597' title='bbox 891 4960 1020 5015; x_wconf 90' lang='lat' dir='ltr'><strong>loco</strong></span> <span class='ocrx_word' id='word_1_598' title='bbox 1070 4961 1417 5018; x_wconf 88' lang='lat' dir='ltr'><strong>honoratus.</strong></span> <span class='ocrx_word' id='word_1_599' title='bbox 1476 4963 1783 5018; x_wconf 89' lang='lat' dir='ltr'><strong>Postremo</strong></span> <span class='ocrx_word' id='word_1_600' title='bbox 1814 4963 1887 5019; x_wconf 88' lang='lat' dir='ltr'><strong>ab</strong></span> <span class='ocrx_word' id='word_1_601' title='bbox 1913 4965 2101 5020; x_wconf 88' lang='lat' dir='ltr'><strong>Attico</strong></span> 
     </span>
    </p>
   </div>
   <div class='ocr_carea' id='block_1_97' title="bbox 453 5048 1743 5120">
    <p class='ocr_par' dir='ltr' id='par_1_97' title="bbox 453 5048 1743 5120">
     <span class='ocr_line' id='line_1_97' title="bbox 453 5048 1743 5120; baseline 0.005 -18"><span class='ocrx_word' id='word_1_602' title='bbox 453 5063 591 5119; x_wconf 86' lang='lat' dir='ltr'><strong>rege</strong></span> <span class='ocrx_word' id='word_1_603' title='bbox 622 5064 759 5103; x_wconf 90' lang='lat' dir='ltr'><strong>cum</strong></span> <span class='ocrx_word' id='word_1_604' title='bbox 793 5048 979 5105; x_wconf 90' lang='lat' dir='ltr'><strong>tribus</strong></span> <span class='ocrx_word' id='word_1_605' title='bbox 1018 5050 1219 5120; x_wconf 88' lang='lat' dir='ltr'><strong>pueris</strong></span> <span class='ocrx_word' id='word_1_606' title='bbox 1248 5050 1579 5107; x_wconf 88' lang='lat' dir='ltr'><strong>decollatus</strong></span> <span class='ocrx_word' id='word_1_607' title='bbox 1610 5052 1743 5108; x_wconf 84' lang='lat' dir='ltr'><strong>fuit.</strong></span> 
     </span>
    </p>
   </div>
   <div class='ocr_carea' id='block_1_98' title="bbox 1090 5228 1449 5285">
    <p class='ocr_par' dir='ltr' id='par_1_98' title="bbox 1090 5228 1449 5285">
     <span class='ocr_line' id='line_1_98' title="bbox 1090 5228 1449 5285; baseline 0.003 -1"><span class='ocrx_word' id='word_1_608' title='bbox 1090 5228 1313 5285; x_wconf 91' lang='lat' dir='ltr'><strong>Eodem</strong></span> <span class='ocrx_word' id='word_1_609' title='bbox 1353 5229 1449 5285; x_wconf 91' lang='lat' dir='ltr'><strong>die</strong></span> 
     </span>
    </p>
   </div>
   <div class='ocr_carea' id='block_1_99' title="bbox 555 5343 1993 5417">
    <p class='ocr_par' dir='ltr' id='par_1_99' title="bbox 555 5343 1993 5417">
     <span class='ocr_line' id='line_1_99' title="bbox 555 5343 1993 5417; baseline 0.001 -18"><span class='ocrx_word' id='word_1_610' title='bbox 555 5343 656 5399; x_wconf 73' lang='lat'><strong>88</strong></span> <span class='ocrx_word' id='word_1_611' title='bbox 690 5345 975 5401; x_wconf 80' lang='lat' dir='ltr'><strong>Certamen</strong></span> <span class='ocrx_word' id='word_1_612' title='bbox 996 5348 1176 5401; x_wconf 82' lang='lat' dir='ltr'><strong>sancti</strong></span> <span class='ocrx_word' id='word_1_613' title='bbox 1202 5345 1469 5417; x_wconf 76' lang='lat' dir='ltr'><strong>martyris</strong></span> <span class='ocrx_word' id='word_1_614' title='bbox 1498 5347 1702 5402; x_wconf 85' lang='lat' dir='ltr'><strong>Bacchi</strong></span> <span class='ocrx_word' id='word_1_615' title='bbox 1725 5349 1993 5403; x_wconf 80' lang='lat' dir='ltr'><strong>Junioris.</strong></span> 
     </span>
    </p>
   </div>
   <div class='ocr_carea' id='block_1_100' title="bbox 523 5460 2103 5532">
    <p class='ocr_par' dir='ltr' id='par_1_100' title="bbox 523 5460 2103 5532">
     <span class='ocr_line' id='line_1_100' title="bbox 523 5460 2103 5532; baseline 0.003 -19"><span class='ocrx_word' id='word_1_616' title='bbox 523 5462 603 5513; x_wconf 85' lang='lat' dir='ltr'><strong>Ex</strong></span> <span class='ocrx_word' id='word_1_617' title='bbox 636 5460 877 5532; x_wconf 89' lang='lat' dir='ltr'><strong>regione</strong></span> <span class='ocrx_word' id='word_1_618' title='bbox 898 5461 1233 5516; x_wconf 62' lang='lat' dir='ltr'><strong>Palaestinae</strong></span> <span class='ocrx_word' id='word_1_619' title='bbox 1263 5461 1377 5516; x_wconf 80' lang='lat' dir='ltr'><strong>fuit</strong></span> <span class='ocrx_word' id='word_1_620' title='bbox 1395 5461 1526 5531; x_wconf 88' lang='lat' dir='ltr'><strong>iste,</strong></span> <span class='ocrx_word' id='word_1_621' title='bbox 1544 5465 1711 5518; x_wconf 87' lang='lat' dir='ltr'><strong>Irene</strong></span> <span class='ocrx_word' id='word_1_622' title='bbox 1735 5468 1793 5518; x_wconf 89' lang='lat' dir='ltr'><strong>et</strong></span> <span class='ocrx_word' id='word_1_623' title='bbox 1814 5464 2103 5520; x_wconf 88' lang='lat' dir='ltr'><strong>Constan-</strong></span> 
     </span>
    </p>
   </div>
   <div class='ocr_carea' id='block_1_101' title="bbox 456 5549 2106 5625">
    <p class='ocr_par' dir='ltr' id='par_1_101' title="bbox 456 5549 2106 5625">
     <span class='ocr_line' id='line_1_101' title="bbox 456 5549 2106 5625; baseline 0.004 -24"><span class='ocrx_word' id='word_1_624' title='bbox 456 5549 580 5603; x_wconf 88' lang='lat' dir='ltr'><strong>tino</strong></span> <span class='ocrx_word' id='word_1_625' title='bbox 613 5549 1067 5621; x_wconf 86' lang='lat' dir='ltr'><strong>imperantibus,</strong></span> <span class='ocrx_word' id='word_1_626' title='bbox 1100 5551 1466 5606; x_wconf 86' lang='lat' dir='ltr'><strong>Christianos</strong></span> <span class='ocrx_word' id='word_1_627' title='bbox 1485 5558 1785 5624; x_wconf 87' lang='lat' dir='ltr'><strong>parentes,</strong></span> <span class='ocrx_word' id='word_1_628' title='bbox 1836 5570 2106 5625; x_wconf 87' lang='lat' dir='ltr'><strong>proavos-</strong></span> 
     </span>
    </p>
   </div>
   <div class='ocr_carea' id='block_1_102' title="bbox 461 5638 2103 5711">
    <p class='ocr_par' dir='ltr' id='par_1_102' title="bbox 461 5638 2103 5711">
     <span class='ocr_line' id='line_1_102' title="bbox 461 5638 2103 5711; baseline 0.004 -20"><span class='ocrx_word' id='word_1_629' title='bbox 461 5655 575 5707; x_wconf 89' lang='lat' dir='ltr'><strong>que</strong></span> <span class='ocrx_word' id='word_1_630' title='bbox 603 5638 850 5704; x_wconf 89' lang='lat' dir='ltr'><strong>habens,</strong></span> <span class='ocrx_word' id='word_1_631' title='bbox 873 5640 974 5694; x_wconf 88' lang='lat' dir='ltr'><strong>sed</strong></span> <span class='ocrx_word' id='word_1_632' title='bbox 1007 5640 1136 5710; x_wconf 84' lang='lat' dir='ltr'><strong>ejus</strong></span> <span class='ocrx_word' id='word_1_633' title='bbox 1167 5645 1336 5711; x_wconf 85' lang='lat' dir='ltr'><strong>pater</strong></span> <span class='ocrx_word' id='word_1_634' title='bbox 1367 5657 1402 5696; x_wconf 91' lang='lat' dir='ltr'><strong>a</strong></span> <span class='ocrx_word' id='word_1_635' title='bbox 1430 5641 1802 5697; x_wconf 68' lang='lat' dir='ltr'><strong>daemonibus</strong></span> <span class='ocrx_word' id='word_1_636' title='bbox 1826 5642 2103 5697; x_wconf 87' lang='lat' dir='ltr'><strong>seductus</strong></span> 
     </span>
    </p>
   </div>
   <div class='ocr_carea' id='block_1_103' title="bbox 460 5726 2102 5804">
    <p class='ocr_par' dir='ltr' id='par_1_103' title="bbox 460 5726 2102 5804">
     <span class='ocr_line' id='line_1_103' title="bbox 460 5726 2102 5804; baseline 0.005 -24"><span class='ocrx_word' id='word_1_637' title='bbox 460 5726 534 5780; x_wconf 89' lang='lat' dir='ltr'><strong>ad</strong></span> <span class='ocrx_word' id='word_1_638' title='bbox 564 5726 860 5798; x_wconf 89' lang='lat' dir='ltr'><strong>impuram</strong></span> <span class='ocrx_word' id='word_1_639' title='bbox 892 5729 1320 5784; x_wconf 86' lang='lat' dir='ltr'><strong>Saracenorum</strong></span> <span class='ocrx_word' id='word_1_640' title='bbox 1364 5736 1585 5786; x_wconf 85' lang='lat' dir='ltr'><strong>sectam</strong></span> <span class='ocrx_word' id='word_1_641' title='bbox 1618 5731 1872 5804; x_wconf 86' lang='lat' dir='ltr'><strong>transiit,</strong></span> <span class='ocrx_word' id='word_1_642' title='bbox 1904 5737 1963 5787; x_wconf 89' lang='lat' dir='ltr'><strong>et</strong></span> <span class='ocrx_word' id='word_1_643' title='bbox 1992 5732 2102 5787; x_wconf 83' lang='lat' dir='ltr'><strong>Ha-</strong></span> 
     </span>
    </p>
   </div>
   <div class='ocr_carea' id='block_1_104' title="bbox 2212 4688 3879 4769">
    <p class='ocr_par' dir='ltr' id='par_1_104' title="bbox 2212 4688 3879 4769">
     <span class='ocr_line' id='line_1_104' title="bbox 2212 4688 3879 4769; baseline -0.003 -21"><span class='ocrx_word' id='word_1_644' title='bbox 2212 4694 2300 4748; x_wconf 80' lang='grc' dir='ltr'><strong>καὶ</strong></span> <span class='ocrx_word' id='word_1_645' title='bbox 2347 4694 2603 4769; x_wconf 85' lang='grc' dir='ltr'>κρατήσει</span> <span class='ocrx_word' id='word_1_646' title='bbox 2656 4695 2691 4763; x_wconf 76' lang='grc' dir='ltr'>ἡ</span> <span class='ocrx_word' id='word_1_647' title='bbox 2748 4690 2996 4768; x_wconf 85' lang='grc' dir='ltr'>βασιλεία</span> <span class='ocrx_word' id='word_1_648' title='bbox 3052 4695 3161 4746; x_wconf 89' lang='grc' dir='ltr'><strong>τῶν</strong></span> <span class='ocrx_word' id='word_1_649' title='bbox 3221 4688 3535 4762; x_wconf 84' lang='grc' dir='ltr'>Ῥωμαίων,</span> <span class='ocrx_word' id='word_1_650' title='bbox 3604 4688 3694 4743; x_wconf 81' lang='grc' dir='ltr'><strong>καὶ</strong></span> <span class='ocrx_word' id='word_1_651' title='bbox 3747 4692 3879 4744; x_wconf 76' lang='grc' dir='ltr'><strong>τῶν</strong></span> 
     </span>
    </p>
   </div>
   <div class='ocr_carea' id='block_1_105' title="bbox 2212 4773 3889 4857">
    <p class='ocr_par' dir='ltr' id='par_1_105' title="bbox 2212 4773 3889 4857">
     <span class='ocr_line' id='line_1_105' title="bbox 2212 4773 3889 4857; baseline -0.004 -18"><span class='ocrx_word' id='word_1_652' title='bbox 2212 4784 2600 4857; x_wconf 80' lang='grc' dir='ltr'>Χριστιανῶν,</span> <span class='ocrx_word' id='word_1_653' title='bbox 2712 4783 2879 4837; x_wconf 82' lang='grc' dir='ltr'>αὐτοῦ</span> <span class='ocrx_word' id='word_1_654' title='bbox 2963 4783 3199 4856; x_wconf 77' lang='grc' dir='ltr'>Χριστοῦ</span> <span class='ocrx_word' id='word_1_655' title='bbox 3292 4777 3675 4854; x_wconf 85' lang='grc' dir='ltr'>βασιλεύοντος</span> <span class='ocrx_word' id='word_1_656' title='bbox 3756 4773 3889 4845; x_wconf 75' lang='grc' dir='ltr'>ἕως</span> 
     </span>
    </p>
   </div>
   <div class='ocr_carea' id='block_1_106' title="bbox 2210 4865 3881 4941">
    <p class='ocr_par' dir='ltr' id='par_1_106' title="bbox 2210 4865 3881 4941">
     <span class='ocr_line' id='line_1_106' title="bbox 2210 4865 3881 4941; baseline -0.003 -13"><span class='ocrx_word' id='word_1_657' title='bbox 2210 4870 2430 4933; x_wconf 82' lang='grc' dir='ltr'>αἰῶνος.</span> <span class='ocrx_word' id='word_1_658' title='bbox 2482 4865 2722 4941; x_wconf 73' lang='grc' dir='ltr'>Ἐϐλήθη</span> <span class='ocrx_word' id='word_1_659' title='bbox 2785 4868 2842 4925; x_wconf 75' lang='grc' dir='ltr'>δὲ</span> <span class='ocrx_word' id='word_1_660' title='bbox 2899 4868 2974 4931; x_wconf 80' lang='grc' dir='ltr'>εἷς</span> <span class='ocrx_word' id='word_1_661' title='bbox 3031 4868 3231 4925; x_wconf 85' lang='grc' dir='ltr'>λάκκον</span> <span class='ocrx_word' id='word_1_662' title='bbox 3289 4872 3399 4923; x_wconf 89' lang='grc' dir='ltr'><strong>τῶν</strong></span> <span class='ocrx_word' id='word_1_663' title='bbox 3450 4866 3703 4923; x_wconf 56' lang='grc' dir='ltr'>λεόντων</span> <span class='ocrx_word' id='word_1_664' title='bbox 3764 4869 3881 4923; x_wconf 66' lang='grc' dir='ltr'><strong>καὶ</strong></span> 
     </span>
    </p>
   </div>
   <div class='ocr_carea' id='block_1_107' title="bbox 2212 4956 3887 5037">
    <p class='ocr_par' dir='ltr' id='par_1_107' title="bbox 2212 4956 3887 5037">
     <span class='ocr_line' id='line_1_107' title="bbox 2212 4956 3887 5037; baseline -0.002 -20"><span class='ocrx_word' id='word_1_665' title='bbox 2212 4960 2435 5035; x_wconf 80' lang='grc' dir='ltr'>ἐξῆλθεν</span> <span class='ocrx_word' id='word_1_666' title='bbox 2465 4961 2650 5037; x_wconf 76' lang='grc' dir='ltr'>ὑγιήςσ</span> <span class='ocrx_word' id='word_1_667' title='bbox 2706 4961 2796 5015; x_wconf 87' lang='grc' dir='ltr'><strong>καὶ</strong></span> <span class='ocrx_word' id='word_1_668' title='bbox 2846 4960 3084 5033; x_wconf 71' lang='grc' dir='ltr'>ἐτιμήθη</span> <span class='ocrx_word' id='word_1_669' title='bbox 3145 4958 3235 5015; x_wconf 74' lang='grc' dir='ltr'><strong>ἴσα</strong></span> <span class='ocrx_word' id='word_1_670' title='bbox 3288 4963 3391 5014; x_wconf 91' lang='grc' dir='ltr'><strong>τοῦ</strong></span> <span class='ocrx_word' id='word_1_671' title='bbox 3429 4958 3552 5013; x_wconf 75' lang='grc' dir='ltr'>υἱοῦ</span> <span class='ocrx_word' id='word_1_672' title='bbox 3579 4956 3685 5013; x_wconf 83' lang='grc' dir='ltr'>ὑπὸ</span> <span class='ocrx_word' id='word_1_673' title='bbox 3761 4962 3887 5013; x_wconf 75' lang='grc' dir='ltr'><strong>τοῦ</strong></span> 
     </span>
    </p>
   </div>
   <div class='ocr_carea' id='block_1_108' title="bbox 2218 5047 3897 5127">
    <p class='ocr_par' dir='ltr' id='par_1_108' title="bbox 2218 5047 3897 5127">
     <span class='ocr_line' id='line_1_108' title="bbox 2218 5047 3897 5127; baseline -0.004 -19"><span class='ocrx_word' id='word_1_674' title='bbox 2218 5050 2485 5127; x_wconf 74' lang='grc' dir='ltr'>βασιλέως</span> <span class='ocrx_word' id='word_1_675' title='bbox 2519 5048 2828 5118; x_wconf 85' lang='grc' dir='ltr'>Βαλτάσαρ.</span> <span class='ocrx_word' id='word_1_676' title='bbox 2880 5053 3134 5124; x_wconf 82' lang='grc' dir='ltr'>Ὕστερον</span> <span class='ocrx_word' id='word_1_677' title='bbox 3169 5047 3227 5104; x_wconf 75' lang='grc' dir='ltr'>δὲ</span> <span class='ocrx_word' id='word_1_678' title='bbox 3277 5047 3685 5127; x_wconf 83' lang='grc' dir='ltr'>ἀπεκεφαλίσθη</span> <span class='ocrx_word' id='word_1_679' title='bbox 3719 5047 3897 5120; x_wconf 75' lang='grc' dir='ltr'>παρὰ</span> 
     </span>
    </p>
   </div>
   <div class='ocr_carea' id='block_1_109' title="bbox 2213 5135 3646 5216">
    <p class='ocr_par' dir='ltr' id='par_1_109' title="bbox 2213 5135 3646 5216">
     <span class='ocr_line' id='line_1_109' title="bbox 2213 5135 3646 5216; baseline -0.003 -17"><span class='ocrx_word' id='word_1_680' title='bbox 2213 5142 2465 5199; x_wconf 87' lang='grc' dir='ltr'>Ἀττικοῦ</span> <span class='ocrx_word' id='word_1_681' title='bbox 2496 5138 2768 5216; x_wconf 69' lang='grc' dir='ltr'>βασιλέως</span> <span class='ocrx_word' id='word_1_682' title='bbox 2802 5139 2939 5213; x_wconf 83' lang='grc' dir='ltr'>μετᾶ</span> <span class='ocrx_word' id='word_1_683' title='bbox 2966 5143 3077 5196; x_wconf 88' lang='grc' dir='ltr'><strong>τῶν</strong></span> <span class='ocrx_word' id='word_1_684' title='bbox 3105 5142 3274 5215; x_wconf 81' lang='grc' dir='ltr'>τριῶν</span> <span class='ocrx_word' id='word_1_685' title='bbox 3306 5135 3539 5195; x_wconf 86' lang='grc' dir='ltr'>παίδων.</span> <span class='ocrx_word' id='word_1_686' title='bbox 3642 5190 3646 5195; x_wconf 36' lang='grc' dir='ltr'><em>ι</em></span> 
     </span>
    </p>
   </div>
   <div class='ocr_carea' id='block_1_110' title="bbox 2805 5229 3281 5305">
    <p class='ocr_par' dir='ltr' id='par_1_110' title="bbox 2805 5229 3281 5305">
     <span class='ocr_line' id='line_1_110' title="bbox 2805 5229 3281 5305; baseline -0.011 0"><span class='ocrx_word' id='word_1_687' title='bbox 2805 5233 2893 5305; x_wconf 70' lang='grc' dir='ltr'>Τῇ</span> <span class='ocrx_word' id='word_1_688' title='bbox 2925 5229 3064 5304; x_wconf 72' lang='grc' dir='ltr'><strong>αὖτῇ</strong></span> <span class='ocrx_word' id='word_1_689' title='bbox 3093 5230 3281 5303; x_wconf 71' lang='grc' dir='ltr'><strong>ἡμέρᾳ</strong></span> 
     </span>
    </p>
   </div>
   <div class='ocr_carea' id='block_1_111' title="bbox 2282 5341 3794 5424">
    <p class='ocr_par' dir='ltr' id='par_1_111' title="bbox 2282 5341 3794 5424">
     <span class='ocr_line' id='line_1_111' title="bbox 2282 5341 3794 5424; baseline -0.001 -21"><span class='ocrx_word' id='word_1_690' title='bbox 2282 5347 2553 5419; x_wconf 78' lang='grc' dir='ltr'>’Ἃθλησις</span> <span class='ocrx_word' id='word_1_691' title='bbox 2581 5352 2679 5405; x_wconf 90' lang='grc' dir='ltr'><strong>τοῦ</strong></span> <span class='ocrx_word' id='word_1_692' title='bbox 2708 5347 2866 5424; x_wconf 84' lang='grc' dir='ltr'>ἁγίου</span> <span class='ocrx_word' id='word_1_693' title='bbox 2902 5347 3175 5424; x_wconf 85' lang='grc' dir='ltr'>μάρτυρος</span> <span class='ocrx_word' id='word_1_694' title='bbox 3214 5347 3439 5423; x_wconf 88' lang='grc' dir='ltr'>Βάκχου</span> <span class='ocrx_word' id='word_1_695' title='bbox 3485 5348 3583 5400; x_wconf 91' lang='grc' dir='ltr'><strong>τοῦ</strong></span> <span class='ocrx_word' id='word_1_696' title='bbox 3628 5341 3794 5402; x_wconf 75' lang='grc' dir='ltr'>Νέου.</span> 
     </span>
    </p>
   </div>
   <div class='ocr_carea' id='block_1_112' title="bbox 2287 5463 3895 5542">
    <p class='ocr_par' dir='ltr' id='par_1_112' title="bbox 2287 5463 3895 5542">
     <span class='ocr_line' id='line_1_112' title="bbox 2287 5463 3895 5542; baseline -0.002 -22"><span class='ocrx_word' id='word_1_697' title='bbox 2287 5467 2381 5520; x_wconf 82' lang='grc' dir='ltr'>Ἐκ</span> <span class='ocrx_word' id='word_1_698' title='bbox 2407 5472 2508 5535; x_wconf 78' lang='grc' dir='ltr'><strong>τῆς</strong></span> <span class='ocrx_word' id='word_1_699' title='bbox 2542 5467 2732 5542; x_wconf 84' lang='grc' dir='ltr'>χώρας</span> <span class='ocrx_word' id='word_1_700' title='bbox 2789 5473 2890 5535; x_wconf 78' lang='grc' dir='ltr'><strong>τῆς</strong></span> <span class='ocrx_word' id='word_1_701' title='bbox 2949 5464 3316 5536; x_wconf 82' lang='grc' dir='ltr'>Παλαιστίνης</span> <span class='ocrx_word' id='word_1_702' title='bbox 3377 5464 3626 5538; x_wconf 80' lang='grc' dir='ltr'>ὑπῆρχεν</span> <span class='ocrx_word' id='word_1_703' title='bbox 3680 5463 3895 5535; x_wconf 68' lang='grc' dir='ltr'><strong>οὗτος³</strong></span> 
     </span>
    </p>
   </div>
   <div class='ocr_carea' id='block_1_113' title="bbox 2212 5553 3893 5631">
    <p class='ocr_par' dir='ltr' id='par_1_113' title="bbox 2212 5553 3893 5631">
     <span class='ocr_line' id='line_1_113' title="bbox 2212 5553 3893 5631; baseline -0.001 -22"><span class='ocrx_word' id='word_1_704' title='bbox 2212 5553 2303 5609; x_wconf 75' lang='grc' dir='ltr'>ἐπὶ</span> <span class='ocrx_word' id='word_1_705' title='bbox 2331 5562 2430 5625; x_wconf 82' lang='grc' dir='ltr'>τῆς</span> <span class='ocrx_word' id='word_1_706' title='bbox 2465 5555 2746 5631; x_wconf 83' lang='grc' dir='ltr'>βασιλείας</span> <span class='ocrx_word' id='word_1_707' title='bbox 2787 5555 3031 5630; x_wconf 81' lang='grc' dir='ltr'>Εἰρήνης</span> <span class='ocrx_word' id='word_1_708' title='bbox 3080 5556 3170 5610; x_wconf 74' lang='grc' dir='ltr'><strong>καὶ</strong></span> <span class='ocrx_word' id='word_1_709' title='bbox 3231 5553 3657 5610; x_wconf 80' lang='grc' dir='ltr'>Κωνσταντίνου.</span> <span class='ocrx_word' id='word_1_710' title='bbox 3689 5555 3893 5609; x_wconf 81' lang='grc' dir='ltr'>Ἦσαν</span> 
     </span>
    </p>
   </div>
   <div class='ocr_carea' id='block_1_114' title="bbox 2215 5639 3885 5722">
    <p class='ocr_par' dir='ltr' id='par_1_114' title="bbox 2215 5639 3885 5722">
     <span class='ocr_line' id='line_1_114' title="bbox 2215 5639 3885 5722; baseline -0.001 -24"><span class='ocrx_word' id='word_1_711' title='bbox 2215 5642 2274 5699; x_wconf 75' lang='grc' dir='ltr'>δὲ</span> <span class='ocrx_word' id='word_1_712' title='bbox 2304 5645 2354 5698; x_wconf 73' lang='grc' dir='ltr'>οἱ</span> <span class='ocrx_word' id='word_1_713' title='bbox 2384 5650 2557 5720; x_wconf 87' lang='grc' dir='ltr'>γονεῖς</span> <span class='ocrx_word' id='word_1_714' title='bbox 2586 5645 2751 5700; x_wconf 83' lang='grc' dir='ltr'>αὐτοῦ</span> <span class='ocrx_word' id='word_1_715' title='bbox 2809 5644 2867 5700; x_wconf 83' lang='grc' dir='ltr'>ἐκ</span> <span class='ocrx_word' id='word_1_716' title='bbox 2925 5644 3210 5722; x_wconf 90' lang='grc' dir='ltr'>προγόνων</span> <span class='ocrx_word' id='word_1_717' title='bbox 3267 5641 3611 5720; x_wconf 77' lang='grc' dir='ltr'>Χριστιανοί’</span> <span class='ocrx_word' id='word_1_718' title='bbox 3673 5639 3805 5696; x_wconf 83' lang='grc' dir='ltr'>ἀλλ’</span> <span class='ocrx_word' id='word_1_719' title='bbox 3839 5644 3885 5697; x_wconf 82' lang='grc' dir='ltr'>ὀ</span> 
     </span>
    </p>
   </div>
   <div class='ocr_carea' id='block_1_115' title="bbox 2212 5731 3883 5811">
    <p class='ocr_par' dir='ltr' id='par_1_115' title="bbox 2212 5731 3883 5811">
     <span class='ocr_line' id='line_1_115' title="bbox 2212 5731 3883 5811; baseline -0.001 -23"><span class='ocrx_word' id='word_1_720' title='bbox 2212 5733 2401 5811; x_wconf 76' lang='grc' dir='ltr'>πατὴρ</span> <span class='ocrx_word' id='word_1_721' title='bbox 2426 5733 2590 5792; x_wconf 79' lang='grc' dir='ltr'>αὐτοῦ</span> <span class='ocrx_word' id='word_1_722' title='bbox 2618 5734 2720 5789; x_wconf 85' lang='grc' dir='ltr'><strong>ὑπὸ</strong></span> <span class='ocrx_word' id='word_1_723' title='bbox 2752 5731 3028 5808; x_wconf 85' lang='grc' dir='ltr'>δαιμόνων</span> <span class='ocrx_word' id='word_1_724' title='bbox 3077 5732 3373 5806; x_wconf 80' lang='grc' dir='ltr'>πλανηθεὶς</span> <span class='ocrx_word' id='word_1_725' title='bbox 3428 5735 3563 5809; x_wconf 84' lang='grc' dir='ltr'>πρὸς</span> <span class='ocrx_word' id='word_1_726' title='bbox 3616 5732 3716 5803; x_wconf 84' lang='grc' dir='ltr'><strong>τὴν</strong></span> <span class='ocrx_word' id='word_1_727' title='bbox 3749 5735 3883 5787; x_wconf 88' lang='grc' dir='ltr'><strong>τῶν</strong></span> 
     </span>
    </p>
   </div>
  </div>
