  <div class='ocr_page' id='page_1' title='image "/cluster/home/n/w/nwhite01/storage/ocr_20150623/117/coo.31924054870211/116.png"; bbox 0 0 4124 6448; ppageno 0'>
   <div class='ocr_carea' id='block_1_1' title="bbox 314 384 434 442">
    <p class='ocr_par' dir='ltr' id='par_1_1' title="bbox 314 384 434 442">
     <span class='ocr_line' id='line_1_1' title="bbox 314 384 434 442; baseline -0.017 0"><span class='ocrx_word' id='word_1_1' title='bbox 314 384 434 442; x_wconf 76' lang='grc'>213</span> 
     </span>
    </p>
   </div>
   <div class='ocr_carea' id='block_1_2' title="bbox 1869 391 2308 452">
    <p class='ocr_par' dir='ltr' id='par_1_2' title="bbox 1869 391 2308 452">
     <span class='ocr_line' id='line_1_2' title="bbox 1869 391 2308 452; baseline -0.005 0"><span class='ocrx_word' id='word_1_2' title='bbox 1869 391 2308 452; x_wconf 74' lang='lat' dir='ltr'>DECEMBER.</span> 
     </span>
    </p>
   </div>
   <div class='ocr_carea' id='block_1_3' title="bbox 3677 391 3797 449">
    <p class='ocr_par' dir='ltr' id='par_1_3' title="bbox 3677 391 3797 449">
     <span class='ocr_line' id='line_1_3' title="bbox 3677 391 3797 449; baseline -0.008 0"><span class='ocrx_word' id='word_1_3' title='bbox 3677 391 3797 449; x_wconf 78' lang='grc'>214</span> 
     </span>
    </p>
   </div>
   <div class='ocr_carea' id='block_1_4' title="bbox 324 521 2000 598">
    <p class='ocr_par' dir='ltr' id='par_1_4' title="bbox 324 521 1999 598">
     <span class='ocr_line' id='line_1_4' title="bbox 324 521 1999 598; baseline 0.004 -26"><span class='ocrx_word' id='word_1_4' title='bbox 324 521 670 589; x_wconf 74' lang='grc' dir='ltr'>Σαρακηνῶν</span> <span class='ocrx_word' id='word_1_5' title='bbox 745 521 1025 592; x_wconf 75' lang='grc' dir='ltr'>μετετέθη</span> <span class='ocrx_word' id='word_1_6' title='bbox 1113 521 1341 598; x_wconf 72' lang='grc' dir='ltr'>αἰσχρὰν</span> <span class='ocrx_word' id='word_1_7' title='bbox 1424 523 1600 580; x_wconf 84' lang='grc' dir='ltr'>πίστιν</span> <span class='ocrx_word' id='word_1_8' title='bbox 1669 525 1760 580; x_wconf 83' lang='grc' dir='ltr'>καὶ</span> <span class='ocrx_word' id='word_1_9' title='bbox 1820 522 1999 598; x_wconf 83' lang='grc' dir='ltr'>έμαγά</span> 
     </span>
    </p>
   </div>
   <div class='ocr_carea' id='block_1_5' title="bbox 2120 521 3794 598">
    <p class='ocr_par' dir='ltr' id='par_1_5' title="bbox 2140 523 3794 597">
     <span class='ocr_line' id='line_1_5' title="bbox 2140 523 3794 597; baseline -0.001 -18"><span class='ocrx_word' id='word_1_10' title='bbox 2140 525 2431 597; x_wconf 75' lang='lat' dir='ltr'>garenicaa</span> <span class='ocrx_word' id='word_1_11' title='bbox 2445 523 2855 596; x_wconf 84' lang='lat' dir='ltr'>superstitioni</span> <span class='ocrx_word' id='word_1_12' title='bbox 2871 523 3400 594; x_wconf 88' lang='lat' dir='ltr'>addictus,septem</span> <span class='ocrx_word' id='word_1_13' title='bbox 3414 524 3794 596; x_wconf 87' lang='lat' dir='ltr'>pueris,quos</span> 
     </span>
    </p>
   </div>
   <div class='ocr_carea' id='block_1_6' title="bbox 922 610 2024 690">
    <p class='ocr_par' dir='ltr' id='par_1_6' title="bbox 922 610 2024 690">
     <span class='ocr_line' id='line_1_6' title="bbox 922 610 2024 690; baseline 0.002 -24"><span class='ocrx_word' id='word_1_14' title='bbox 922 610 982 667; x_wconf 72' lang='grc' dir='ltr'>δὲ</span> <span class='ocrx_word' id='word_1_15' title='bbox 1067 610 1256 667; x_wconf 82' lang='grc' dir='ltr'>παιδία</span> <span class='ocrx_word' id='word_1_16' title='bbox 1334 613 1486 669; x_wconf 76' lang='grc' dir='ltr'>ἑπτά·</span> <span class='ocrx_word' id='word_1_17' title='bbox 1571 613 1662 670; x_wconf 80' lang='grc' dir='ltr'>καὶ</span> <span class='ocrx_word' id='word_1_18' title='bbox 1739 611 2024 690; x_wconf 72' lang='grc' dir='ltr'>ἀνέτρεφεν</span> 
     </span>
    </p>
   </div>
   <div class='ocr_carea' id='block_1_7' title="bbox 1601 703 2023 758">
    <p class='ocr_par' dir='ltr' id='par_1_7' title="bbox 1601 703 2023 758">
     <span class='ocr_line' id='line_1_7' title="bbox 1601 703 2023 758; baseline 0 0"><span class='ocrx_word' id='word_1_19' title='bbox 1601 704 1712 758; x_wconf 75' lang='grc' dir='ltr'>εἶτα</span> <span class='ocrx_word' id='word_1_20' title='bbox 1769 703 2023 758; x_wconf 82' lang='grc' dir='ltr'>ἀπέθανε.</span> 
     </span>
    </p>
   </div>
   <div class='ocr_carea' id='block_1_8' title="bbox 332 609 830 685">
    <p class='ocr_par' dir='ltr' id='par_1_8' title="bbox 332 609 830 685">
     <span class='ocr_line' id='line_1_8' title="bbox 332 609 830 685; baseline 0.006 -23"><span class='ocrx_word' id='word_1_21' title='bbox 332 629 461 685; x_wconf 83' lang='grc' dir='ltr'>ρισε.</span> <span class='ocrx_word' id='word_1_22' title='bbox 540 609 830 679; x_wconf 77' lang='grc' dir='ltr'>Ἐποίησε</span> 
     </span>
    </p>
   </div>
   <div class='ocr_carea' id='block_1_9' title="bbox 346 697 1522 775">
    <p class='ocr_par' dir='ltr' id='par_1_9' title="bbox 346 697 1522 775">
     <span class='ocr_line' id='line_1_9' title="bbox 346 697 1522 775; baseline 0.003 -22"><span class='ocrx_word' id='word_1_23' title='bbox 346 698 469 753; x_wconf 67' lang='grc' dir='ltr'>αὕτα</span> <span class='ocrx_word' id='word_1_24' title='bbox 548 697 638 752; x_wconf 78' lang='grc' dir='ltr'>ἐπὶ</span> <span class='ocrx_word' id='word_1_25' title='bbox 703 703 780 772; x_wconf 78' lang='grc' dir='ltr'>τῇ</span> <span class='ocrx_word' id='word_1_26' title='bbox 871 701 1045 773; x_wconf 84' lang='grc' dir='ltr'>ὁμοία</span> <span class='ocrx_word' id='word_1_27' title='bbox 1111 706 1250 775; x_wconf 81' lang='grc' dir='ltr'>κακῇ</span> <span class='ocrx_word' id='word_1_28' title='bbox 1325 703 1522 758; x_wconf 70' lang='grc' dir='ltr'>πίστειο</span> 
     </span>
    </p>
   </div>
   <div class='ocr_carea' id='block_1_10' title="bbox 358 787 2026 868">
    <p class='ocr_par' dir='ltr' id='par_1_10' title="bbox 358 787 2026 868">
     <span class='ocr_line' id='line_1_10' title="bbox 358 787 2026 868; baseline -0.001 -22"><span class='ocrx_word' id='word_1_29' title='bbox 358 791 455 846; x_wconf 61' lang='grc' dir='ltr'>Καὶ</span> <span class='ocrx_word' id='word_1_30' title='bbox 530 787 996 868; x_wconf 70' lang='grc' dir='ltr'>κατελείφθησαν</span> <span class='ocrx_word' id='word_1_31' title='bbox 1067 792 1136 846; x_wconf 86' lang='grc' dir='ltr'>τά</span> <span class='ocrx_word' id='word_1_32' title='bbox 1192 789 1378 846; x_wconf 83' lang='grc' dir='ltr'>παιδία</span> <span class='ocrx_word' id='word_1_33' title='bbox 1438 792 1571 865; x_wconf 82' lang='grc' dir='ltr'>μετά</span> <span class='ocrx_word' id='word_1_34' title='bbox 1627 800 1726 862; x_wconf 82' lang='grc' dir='ltr'>τῆς</span> <span class='ocrx_word' id='word_1_35' title='bbox 1790 793 2026 867; x_wconf 84' lang='grc' dir='ltr'>μητέρος</span> 
     </span>
    </p>
   </div>
   <div class='ocr_carea' id='block_1_11' title="bbox 369 879 2026 954">
    <p class='ocr_par' dir='ltr' id='par_1_11' title="bbox 369 879 2026 954">
     <span class='ocr_line' id='line_1_11' title="bbox 369 879 2026 954; baseline 0.002 -21"><span class='ocrx_word' id='word_1_36' title='bbox 369 881 528 933; x_wconf 64' lang='grc' dir='ltr'>αὐτῶν</span> <span class='ocrx_word' id='word_1_37' title='bbox 564 922 577 935; x_wconf 93' lang='grc'><strong>.</strong></span> <span class='ocrx_word' id='word_1_38' title='bbox 641 881 735 952; x_wconf 77' lang='grc' dir='ltr'>Ἐξ</span> <span class='ocrx_word' id='word_1_39' title='bbox 798 881 876 934; x_wconf 83' lang='grc' dir='ltr'>ὧν</span> <span class='ocrx_word' id='word_1_40' title='bbox 936 881 964 934; x_wconf 89' lang='lat'>6</span> <span class='ocrx_word' id='word_1_41' title='bbox 1044 883 1120 942; x_wconf 82' lang='grc' dir='ltr'>είς</span> <span class='ocrx_word' id='word_1_42' title='bbox 1188 879 1442 944; x_wconf 83' lang='grc' dir='ltr'>Γελάσιος</span> <span class='ocrx_word' id='word_1_43' title='bbox 1517 881 1903 954; x_wconf 82' lang='grc' dir='ltr'>καλούμενος,</span> <span class='ocrx_word' id='word_1_44' title='bbox 1960 882 2026 936; x_wconf 79' lang='grc' dir='ltr'>τά</span> 
     </span>
    </p>
   </div>
   <div class='ocr_carea' id='block_1_12' title="bbox 367 965 2021 1044">
    <p class='ocr_par' dir='ltr' id='par_1_12' title="bbox 367 965 2021 1044">
     <span class='ocr_line' id='line_1_12' title="bbox 367 965 2021 1044; baseline -0.001 -19"><span class='ocrx_word' id='word_1_45' title='bbox 367 967 717 1042; x_wconf 66' lang='grc' dir='ltr'>Ἰεροσόλυμα</span> <span class='ocrx_word' id='word_1_46' title='bbox 747 965 1078 1026; x_wconf 77' lang='grc' dir='ltr'>κατέλαϐεν.</span> <span class='ocrx_word' id='word_1_47' title='bbox 1142 973 1274 1027; x_wconf 83' lang='grc' dir='ltr'>Εἶτα</span> <span class='ocrx_word' id='word_1_48' title='bbox 1328 970 1493 1040; x_wconf 76' lang='grc' dir='ltr'>ἦλθεν</span> <span class='ocrx_word' id='word_1_49' title='bbox 1554 972 1630 1034; x_wconf 78' lang='grc' dir='ltr'>εἰς</span> <span class='ocrx_word' id='word_1_50' title='bbox 1687 971 1787 1040; x_wconf 74' lang='grc' dir='ltr'>τήν</span> <span class='ocrx_word' id='word_1_51' title='bbox 1819 969 2021 1044; x_wconf 79' lang='grc' dir='ltr'>λαύραν</span> 
     </span>
    </p>
   </div>
   <div class='ocr_carea' id='block_1_13' title="bbox 362 1054 2020 1137">
    <p class='ocr_par' dir='ltr' id='par_1_13' title="bbox 362 1054 2020 1137">
     <span class='ocr_line' id='line_1_13' title="bbox 362 1054 2020 1137; baseline 0.001 -24"><span class='ocrx_word' id='word_1_52' title='bbox 362 1064 456 1113; x_wconf 83' lang='grc' dir='ltr'>τοῦ</span> <span class='ocrx_word' id='word_1_53' title='bbox 482 1059 634 1133; x_wconf 69' lang='grc' dir='ltr'>ἁγίου</span> <span class='ocrx_word' id='word_1_54' title='bbox 673 1054 856 1127; x_wconf 73' lang='grc' dir='ltr'>Σάῦα,</span> <span class='ocrx_word' id='word_1_55' title='bbox 884 1060 978 1114; x_wconf 81' lang='grc' dir='ltr'>καὶ</span> <span class='ocrx_word' id='word_1_56' title='bbox 1033 1062 1237 1134; x_wconf 87' lang='grc' dir='ltr'>γίνεται</span> <span class='ocrx_word' id='word_1_57' title='bbox 1291 1061 1558 1137; x_wconf 83' lang='grc' dir='ltr'>μοναχὸς.</span> <span class='ocrx_word' id='word_1_58' title='bbox 1617 1060 1835 1136; x_wconf 76' lang='grc' dir='ltr'>Βάκχος</span> <span class='ocrx_word' id='word_1_59' title='bbox 1896 1061 2020 1115; x_wconf 81' lang='grc' dir='ltr'>ὀνοο</span> 
     </span>
    </p>
   </div>
   <div class='ocr_carea' id='block_1_14' title="bbox 360 1147 2026 1226">
    <p class='ocr_par' dir='ltr' id='par_1_14' title="bbox 360 1147 2026 1226">
     <span class='ocr_line' id='line_1_14' title="bbox 360 1147 2026 1226; baseline 0.001 -24"><span class='ocrx_word' id='word_1_60' title='bbox 360 1161 575 1220; x_wconf 79' lang='grc' dir='ltr'>μασθεις</span> <span class='ocrx_word' id='word_1_61' title='bbox 608 1193 622 1204; x_wconf 93' lang='grc'><strong>.</strong></span> <span class='ocrx_word' id='word_1_62' title='bbox 691 1147 893 1211; x_wconf 75' lang='grc' dir='ltr'>Καλῶς</span> <span class='ocrx_word' id='word_1_63' title='bbox 953 1147 1417 1222; x_wconf 78' lang='grc' dir='ltr'>πολιτευσάμενος</span> <span class='ocrx_word' id='word_1_64' title='bbox 1451 1195 1464 1220; x_wconf 91' lang='grc'>,</span> <span class='ocrx_word' id='word_1_65' title='bbox 1521 1149 1800 1220; x_wconf 78' lang='grc' dir='ltr'>ἀπεστάλη</span> <span class='ocrx_word' id='word_1_66' title='bbox 1878 1151 2026 1226; x_wconf 82' lang='grc' dir='ltr'>παρά</span> 
     </span>
    </p>
   </div>
   <div class='ocr_carea' id='block_1_15' title="bbox 351 1237 2024 1316">
    <p class='ocr_par' dir='ltr' id='par_1_15' title="bbox 351 1237 2024 1316">
     <span class='ocr_line' id='line_1_15' title="bbox 351 1237 2024 1316; baseline 0.001 -24"><span class='ocrx_word' id='word_1_67' title='bbox 351 1244 447 1293; x_wconf 82' lang='grc' dir='ltr'>τοῦ</span> <span class='ocrx_word' id='word_1_68' title='bbox 480 1239 804 1314; x_wconf 73' lang='grc' dir='ltr'>ἡγουμένου</span> <span class='ocrx_word' id='word_1_69' title='bbox 865 1244 1079 1316; x_wconf 79' lang='grc' dir='ltr'>φυγεῖν,</span> <span class='ocrx_word' id='word_1_70' title='bbox 1107 1237 1193 1294; x_wconf 78' lang='grc' dir='ltr'>’ἱνα</span> <span class='ocrx_word' id='word_1_71' title='bbox 1225 1247 1302 1312; x_wconf 83' lang='grc' dir='ltr'>μή</span> <span class='ocrx_word' id='word_1_72' title='bbox 1333 1242 1528 1314; x_wconf 78' lang='grc' dir='ltr'>νοηθῇ,</span> <span class='ocrx_word' id='word_1_73' title='bbox 1563 1241 1646 1295; x_wconf 80' lang='grc' dir='ltr'>δτι</span> <span class='ocrx_word' id='word_1_74' title='bbox 1709 1239 2024 1314; x_wconf 85' lang='grc' dir='ltr'>Σαρακηνὸν</span> 
     </span>
    </p>
   </div>
   <div class='ocr_carea' id='block_1_16' title="bbox 355 1323 2022 1402">
    <p class='ocr_par' dir='ltr' id='par_1_16' title="bbox 355 1323 2022 1402">
     <span class='ocr_line' id='line_1_16' title="bbox 355 1323 2022 1402; baseline 0.001 -20"><span class='ocrx_word' id='word_1_75' title='bbox 355 1323 684 1385; x_wconf 74' lang='grc' dir='ltr'>ἐπϐάπτισε.</span> <span class='ocrx_word' id='word_1_76' title='bbox 718 1327 817 1383; x_wconf 75' lang='grc' dir='ltr'>Καὶ</span> <span class='ocrx_word' id='word_1_77' title='bbox 873 1327 1048 1392; x_wconf 77' lang='grc' dir='ltr'>ἐλθὼν</span> <span class='ocrx_word' id='word_1_78' title='bbox 1100 1328 1176 1392; x_wconf 82' lang='grc' dir='ltr'>εἷς</span> <span class='ocrx_word' id='word_1_79' title='bbox 1203 1330 1271 1385; x_wconf 88' lang='grc' dir='ltr'>τά</span> <span class='ocrx_word' id='word_1_80' title='bbox 1328 1328 1524 1400; x_wconf 75' lang='grc' dir='ltr'>οἰκεῖα,</span> <span class='ocrx_word' id='word_1_81' title='bbox 1553 1328 1685 1393; x_wconf 78' lang='grc' dir='ltr'>τοὺς</span> <span class='ocrx_word' id='word_1_82' title='bbox 1742 1329 1836 1402; x_wconf 73' lang='grc' dir='ltr'>μὲν</span> <span class='ocrx_word' id='word_1_83' title='bbox 1868 1331 2022 1385; x_wconf 89' lang='grc' dir='ltr'>πέντε</span> 
     </span>
    </p>
   </div>
   <div class='ocr_carea' id='block_1_17' title="bbox 344 1413 2016 1493">
    <p class='ocr_par' dir='ltr' id='par_1_17' title="bbox 344 1413 2016 1493">
     <span class='ocr_line' id='line_1_17' title="bbox 344 1413 2016 1493; baseline 0.001 -20"><span class='ocrx_word' id='word_1_84' title='bbox 344 1417 636 1492; x_wconf 72' lang='grc' dir='ltr'>ἀδελφοὺς</span> <span class='ocrx_word' id='word_1_85' title='bbox 684 1413 991 1474; x_wconf 67' lang='grc' dir='ltr'>ἐϐάπτισενο</span> <span class='ocrx_word' id='word_1_86' title='bbox 1029 1419 1162 1481; x_wconf 74' lang='grc' dir='ltr'>ὁεῖς</span> <span class='ocrx_word' id='word_1_87' title='bbox 1222 1417 1280 1474; x_wconf 81' lang='grc' dir='ltr'>δὲ</span> <span class='ocrx_word' id='word_1_88' title='bbox 1338 1422 1415 1493; x_wconf 77' lang='grc' dir='ltr'>μή</span> <span class='ocrx_word' id='word_1_89' title='bbox 1479 1419 1813 1491; x_wconf 81' lang='grc' dir='ltr'>Βαπτισθεὶς,</span> <span class='ocrx_word' id='word_1_90' title='bbox 1871 1419 2016 1475; x_wconf 78' lang='grc' dir='ltr'>ἐλοι-</span> 
     </span>
    </p>
   </div>
   <div class='ocr_carea' id='block_1_18' title="bbox 352 1505 2018 1585">
    <p class='ocr_par' dir='ltr' id='par_1_18' title="bbox 352 1505 2018 1585">
     <span class='ocr_line' id='line_1_18' title="bbox 352 1505 2018 1585; baseline 0.001 -22"><span class='ocrx_word' id='word_1_91' title='bbox 352 1505 587 1582; x_wconf 75' lang='grc' dir='ltr'>δόρησεν</span> <span class='ocrx_word' id='word_1_92' title='bbox 647 1509 724 1569; x_wconf 84' lang='grc' dir='ltr'>εἷς</span> <span class='ocrx_word' id='word_1_93' title='bbox 782 1508 874 1563; x_wconf 88' lang='grc' dir='ltr'>τὸν</span> <span class='ocrx_word' id='word_1_94' title='bbox 935 1509 1154 1584; x_wconf 77' lang='grc' dir='ltr'>Βάκχον</span> <span class='ocrx_word' id='word_1_95' title='bbox 1210 1509 1288 1573; x_wconf 79' lang='grc' dir='ltr'>εἷς</span> <span class='ocrx_word' id='word_1_96' title='bbox 1349 1511 1440 1564; x_wconf 83' lang='grc' dir='ltr'>τὸν</span> <span class='ocrx_word' id='word_1_97' title='bbox 1500 1510 1716 1585; x_wconf 85' lang='grc' dir='ltr'>ἀμηρᾶν</span> <span class='ocrx_word' id='word_1_98' title='bbox 1749 1553 1761 1566; x_wconf 92' lang='grc'><strong>.</strong></span> <span class='ocrx_word' id='word_1_99' title='bbox 1827 1512 1927 1567; x_wconf 83' lang='grc' dir='ltr'>Καὶ</span> <span class='ocrx_word' id='word_1_100' title='bbox 1990 1511 2018 1564; x_wconf 95' lang='lat'>6</span> 
     </span>
    </p>
   </div>
   <div class='ocr_carea' id='block_1_19' title="bbox 361 1595 1915 1673">
    <p class='ocr_par' dir='ltr' id='par_1_19' title="bbox 361 1595 1915 1673">
     <span class='ocr_line' id='line_1_19' title="bbox 361 1595 1915 1673; baseline 0.005 -24"><span class='ocrx_word' id='word_1_101' title='bbox 361 1597 578 1670; x_wconf 72' lang='grc' dir='ltr'>ἀμηρᾶς</span> <span class='ocrx_word' id='word_1_102' title='bbox 612 1595 1009 1673; x_wconf 73' lang='grc' dir='ltr'>ἀπεκεφάλισεν</span> <span class='ocrx_word' id='word_1_103' title='bbox 1043 1597 1222 1655; x_wconf 81' lang='grc' dir='ltr'>αὐτόν.</span> <span class='ocrx_word' id='word_1_104' title='bbox 1260 1599 1365 1655; x_wconf 82' lang='grc' dir='ltr'>Καὶ</span> <span class='ocrx_word' id='word_1_105' title='bbox 1395 1597 1568 1662; x_wconf 80' lang='grc' dir='ltr'>οὕτως</span> <span class='ocrx_word' id='word_1_106' title='bbox 1599 1597 1915 1670; x_wconf 79' lang='grc' dir='ltr'>ἐτελειώθη.</span> 
     </span>
    </p>
   </div>
   <div class='ocr_carea' id='block_1_20' title="bbox 922 1714 1441 1772">
    <p class='ocr_par' dir='ltr' id='par_1_20' title="bbox 922 1714 1441 1772">
     <span class='ocr_line' id='line_1_20' title="bbox 922 1714 1441 1772; baseline 0.002 -2"><span class='ocrx_word' id='word_1_107' title='bbox 922 1714 1101 1770; x_wconf 80' lang='grc' dir='ltr'><strong>ΜΗΝΙ</strong></span> <span class='ocrx_word' id='word_1_108' title='bbox 1125 1719 1208 1770; x_wconf 84' lang='grc' dir='ltr'>ΤΩ</span> <span class='ocrx_word' id='word_1_109' title='bbox 1241 1719 1441 1772; x_wconf 76' lang='grc' dir='ltr'>ΛΓΤΩ.</span> 
     </span>
    </p>
   </div>
   <div class='ocr_carea' id='block_1_21' title="bbox 1143 1806 1230 1860">
    <p class='ocr_par' dir='ltr' id='par_1_21' title="bbox 1143 1806 1230 1860">
     <span class='ocr_line' id='line_1_21' title="bbox 1143 1806 1230 1860; baseline 0.023 -2"><span class='ocrx_word' id='word_1_110' title='bbox 1143 1806 1230 1860; x_wconf 83' lang='lat' dir='ltr'>IH&#39;</span> 
     </span>
    </p>
   </div>
   <div class='ocr_carea' id='block_1_22' title="bbox 371 1890 2095 1983">
    <p class='ocr_par' dir='ltr' id='par_1_22' title="bbox 371 1890 2095 1983">
     <span class='ocr_line' id='line_1_22' title="bbox 371 1890 2095 1983; baseline 0.003 -38"><span class='ocrx_word' id='word_1_111' title='bbox 371 1893 572 1961; x_wconf 69' lang='grc' dir='ltr'>Μνήμη</span> <span class='ocrx_word' id='word_1_112' title='bbox 651 1896 750 1945; x_wconf 88' lang='grc' dir='ltr'>τοῦ</span> <span class='ocrx_word' id='word_1_113' title='bbox 825 1890 979 1946; x_wconf 84' lang='grc' dir='ltr'>ὁσίου</span> <span class='ocrx_word' id='word_1_114' title='bbox 1060 1893 1264 1983; x_wconf 64' lang='grc' dir='ltr'>πατρὸς</span> <span class='ocrx_word' id='word_1_115' title='bbox 1340 1894 1525 1965; x_wconf 80' lang='grc' dir='ltr'>ἡμῶν,</span> <span class='ocrx_word' id='word_1_116' title='bbox 1585 1895 1672 1948; x_wconf 81' lang='grc' dir='ltr'>καὶ</span> <span class='ocrx_word' id='word_1_117' title='bbox 1751 1893 2095 1970; x_wconf 74' lang='grc' dir='ltr'>ἱεράρχοοΒ</span> 
     </span>
    </p>
   </div>
   <div class='ocr_carea' id='block_1_23' title="bbox 1054 1962 1317 2039">
    <p class='ocr_par' dir='ltr' id='par_1_23' title="bbox 1054 1962 1317 2039">
     <span class='ocr_line' id='line_1_23' title="bbox 1054 1962 1317 2039; baseline 0.011 -21"><span class='ocrx_word' id='word_1_118' title='bbox 1054 1962 1317 2039; x_wconf 83' lang='grc' dir='ltr'>Φλώρου.</span> 
     </span>
    </p>
   </div>
   <div class='ocr_carea' id='block_1_24' title="bbox 426 2050 2020 2126">
    <p class='ocr_par' dir='ltr' id='par_1_24' title="bbox 426 2050 2020 2126">
     <span class='ocr_line' id='line_1_24' title="bbox 426 2050 2020 2126; baseline 0.003 -19"><span class='ocrx_word' id='word_1_119' title='bbox 426 2050 549 2107; x_wconf 80' lang='grc' dir='ltr'>Έπί</span> <span class='ocrx_word' id='word_1_120' title='bbox 581 2058 681 2120; x_wconf 76' lang='grc' dir='ltr'>τῆς</span> <span class='ocrx_word' id='word_1_121' title='bbox 711 2051 994 2126; x_wconf 83' lang='grc' dir='ltr'>βασιλείας</span> <span class='ocrx_word' id='word_1_122' title='bbox 1044 2053 1336 2109; x_wconf 79' lang='grc' dir='ltr'>Ἰουστίνου</span> <span class='ocrx_word' id='word_1_123' title='bbox 1391 2058 1489 2109; x_wconf 90' lang='grc' dir='ltr'>τοῦ</span> <span class='ocrx_word' id='word_1_124' title='bbox 1549 2055 1712 2125; x_wconf 87' lang='grc' dir='ltr'>Νέου,</span> <span class='ocrx_word' id='word_1_125' title='bbox 1740 2056 1828 2111; x_wconf 84' lang='grc' dir='ltr'>καὶ</span> <span class='ocrx_word' id='word_1_126' title='bbox 1858 2053 2020 2114; x_wconf 81' lang='grc' dir='ltr'>Τιϐε-</span> 
     </span>
    </p>
   </div>
   <div class='ocr_carea' id='block_1_25' title="bbox 349 2142 2021 2223">
    <p class='ocr_par' dir='ltr' id='par_1_25' title="bbox 349 2142 2021 2223">
     <span class='ocr_line' id='line_1_25' title="bbox 349 2142 2021 2223; baseline 0.005 -29"><span class='ocrx_word' id='word_1_127' title='bbox 349 2142 496 2216; x_wconf 74' lang='grc' dir='ltr'>ρίου,</span> <span class='ocrx_word' id='word_1_128' title='bbox 531 2142 623 2196; x_wconf 76' lang='grc' dir='ltr'>καὶ</span> <span class='ocrx_word' id='word_1_129' title='bbox 656 2143 960 2218; x_wconf 71' lang='grc' dir='ltr'>Μαυριιιίου</span> <span class='ocrx_word' id='word_1_130' title='bbox 1010 2145 1077 2213; x_wconf 80' lang='grc' dir='ltr'>ἦν</span> <span class='ocrx_word' id='word_1_131' title='bbox 1131 2142 1290 2206; x_wconf 80' lang='grc' dir='ltr'>οὗτος</span> <span class='ocrx_word' id='word_1_132' title='bbox 1323 2146 1351 2200; x_wconf 87' lang='grc' dir='ltr'>ὁ</span> <span class='ocrx_word' id='word_1_133' title='bbox 1383 2146 1534 2219; x_wconf 76' lang='grc' dir='ltr'>ἅγιος</span> <span class='ocrx_word' id='word_1_134' title='bbox 1586 2144 1841 2221; x_wconf 76' lang='grc' dir='ltr'>Φλῶρος⁸</span> <span class='ocrx_word' id='word_1_135' title='bbox 1875 2145 2021 2223; x_wconf 82' lang='grc' dir='ltr'>ἔχων</span> 
     </span>
    </p>
   </div>
   <div class='ocr_carea' id='block_1_26' title="bbox 347 2231 2019 2311">
    <p class='ocr_par' dir='ltr' id='par_1_26' title="bbox 347 2231 2019 2311">
     <span class='ocr_line' id='line_1_26' title="bbox 347 2231 2019 2311; baseline 0.003 -25"><span class='ocrx_word' id='word_1_136' title='bbox 347 2232 556 2305; x_wconf 80' lang='grc' dir='ltr'>πατέρα</span> <span class='ocrx_word' id='word_1_137' title='bbox 590 2231 826 2308; x_wconf 81' lang='grc' dir='ltr'>Φλῶρον</span> <span class='ocrx_word' id='word_1_138' title='bbox 859 2233 949 2288; x_wconf 80' lang='grc' dir='ltr'>καὶ</span> <span class='ocrx_word' id='word_1_139' title='bbox 1009 2233 1169 2289; x_wconf 77' lang='grc' dir='ltr'>αὐτὸν</span> <span class='ocrx_word' id='word_1_140' title='bbox 1231 2235 1598 2308; x_wconf 74' lang='grc' dir='ltr'>καλούμενον,</span> <span class='ocrx_word' id='word_1_141' title='bbox 1658 2236 1748 2290; x_wconf 83' lang='grc' dir='ltr'>καὶ</span> <span class='ocrx_word' id='word_1_142' title='bbox 1809 2236 2019 2311; x_wconf 86' lang='grc' dir='ltr'>μητέρα</span> 
     </span>
    </p>
   </div>
   <div class='ocr_carea' id='block_1_27' title="bbox 344 2320 2019 2401">
    <p class='ocr_par' dir='ltr' id='par_1_27' title="bbox 344 2320 2019 2401">
     <span class='ocr_line' id='line_1_27' title="bbox 344 2320 2019 2401; baseline 0.004 -27"><span class='ocrx_word' id='word_1_143' title='bbox 344 2320 770 2393; x_wconf 79' lang='grc' dir='ltr'>ὀνομαζομένην</span> <span class='ocrx_word' id='word_1_144' title='bbox 799 2321 1104 2398; x_wconf 71' lang='grc' dir='ltr'>Εὐφηρίανο</span> <span class='ocrx_word' id='word_1_145' title='bbox 1167 2321 1409 2397; x_wconf 79' lang='grc' dir='ltr'>ἐδίδαξαν</span> <span class='ocrx_word' id='word_1_146' title='bbox 1471 2322 1529 2379; x_wconf 75' lang='grc' dir='ltr'>δὲ</span> <span class='ocrx_word' id='word_1_147' title='bbox 1564 2324 1724 2380; x_wconf 76' lang='grc' dir='ltr'>αὐτὸν</span> <span class='ocrx_word' id='word_1_148' title='bbox 1755 2327 1807 2380; x_wconf 73' lang='grc' dir='ltr'>οἱ</span> <span class='ocrx_word' id='word_1_149' title='bbox 1837 2333 2019 2401; x_wconf 80' lang='grc' dir='ltr'>γονεῖς</span> 
     </span>
    </p>
   </div>
   <div class='ocr_carea' id='block_1_28' title="bbox 345 2410 2016 2492">
    <p class='ocr_par' dir='ltr' id='par_1_28' title="bbox 345 2410 2016 2492">
     <span class='ocr_line' id='line_1_28' title="bbox 345 2410 2016 2492; baseline 0.004 -28"><span class='ocrx_word' id='word_1_150' title='bbox 345 2410 515 2465; x_wconf 69' lang='grc' dir='ltr'>αὐτοῦ</span> <span class='ocrx_word' id='word_1_151' title='bbox 549 2410 638 2464; x_wconf 78' lang='grc' dir='ltr'>καὶ</span> <span class='ocrx_word' id='word_1_152' title='bbox 674 2412 771 2480; x_wconf 71' lang='grc' dir='ltr'>τὴν</span> <span class='ocrx_word' id='word_1_153' title='bbox 831 2416 939 2466; x_wconf 90' lang='grc' dir='ltr'>τῶν</span> <span class='ocrx_word' id='word_1_154' title='bbox 991 2410 1276 2484; x_wconf 71' lang='grc' dir='ltr'>Ἑλλήνων</span> <span class='ocrx_word' id='word_1_155' title='bbox 1338 2415 1578 2492; x_wconf 68' lang='grc' dir='ltr'>γραφὴν,</span> <span class='ocrx_word' id='word_1_156' title='bbox 1639 2415 1728 2469; x_wconf 79' lang='grc' dir='ltr'>καὶ</span> <span class='ocrx_word' id='word_1_157' title='bbox 1775 2415 1878 2484; x_wconf 78' lang='grc' dir='ltr'>τὴν</span> <span class='ocrx_word' id='word_1_158' title='bbox 1909 2420 2016 2470; x_wconf 89' lang='grc' dir='ltr'>τῶν</span> 
     </span>
    </p>
   </div>
   <div class='ocr_carea' id='block_1_29' title="bbox 347 2500 2016 2578">
    <p class='ocr_par' dir='ltr' id='par_1_29' title="bbox 347 2500 2016 2578">
     <span class='ocr_line' id='line_1_29' title="bbox 347 2500 2016 2578; baseline 0.002 -22"><span class='ocrx_word' id='word_1_159' title='bbox 347 2504 696 2574; x_wconf 78' lang='grc' dir='ltr'>Χριστιανῶν</span> <span class='ocrx_word' id='word_1_160' title='bbox 731 2520 744 2532; x_wconf 89' lang='grc'><strong>·</strong></span> <span class='ocrx_word' id='word_1_161' title='bbox 786 2501 900 2556; x_wconf 76' lang='grc' dir='ltr'>εἶτα</span> <span class='ocrx_word' id='word_1_162' title='bbox 956 2500 1169 2576; x_wconf 78' lang='grc' dir='ltr'>ἐγένετο</span> <span class='ocrx_word' id='word_1_163' title='bbox 1228 2503 1479 2570; x_wconf 79' lang='grc' dir='ltr'>νοτάριος</span> <span class='ocrx_word' id='word_1_164' title='bbox 1547 2507 1653 2557; x_wconf 86' lang='grc' dir='ltr'>τῶν</span> <span class='ocrx_word' id='word_1_165' title='bbox 1722 2503 2016 2578; x_wconf 84' lang='grc' dir='ltr'>βασιλέων⁹</span> 
     </span>
    </p>
   </div>
   <div class='ocr_carea' id='block_1_30' title="bbox 351 2585 2017 2666">
    <p class='ocr_par' dir='ltr' id='par_1_30' title="bbox 351 2585 2017 2666">
     <span class='ocr_line' id='line_1_30' title="bbox 351 2585 2017 2666; baseline 0.003 -22"><span class='ocrx_word' id='word_1_166' title='bbox 351 2594 463 2644; x_wconf 77' lang='grc' dir='ltr'>εἶτα</span> <span class='ocrx_word' id='word_1_167' title='bbox 532 2589 863 2666; x_wconf 82' lang='grc' dir='ltr'>πατρίκιος.</span> <span class='ocrx_word' id='word_1_168' title='bbox 926 2589 1022 2645; x_wconf 74' lang='grc' dir='ltr'>Καὶ</span> <span class='ocrx_word' id='word_1_169' title='bbox 1083 2585 1268 2645; x_wconf 77' lang='grc' dir='ltr'>λαϐὼν</span> <span class='ocrx_word' id='word_1_170' title='bbox 1323 2597 1589 2666; x_wconf 82' lang='grc' dir='ltr'>γυναῖκα,</span> <span class='ocrx_word' id='word_1_171' title='bbox 1651 2592 1873 2664; x_wconf 84' lang='grc' dir='ltr'>ἐποίησε</span> <span class='ocrx_word' id='word_1_172' title='bbox 1927 2595 2017 2649; x_wconf 81' lang='grc' dir='ltr'>καὶ</span> 
     </span>
    </p>
   </div>
   <div class='ocr_carea' id='block_1_31' title="bbox 343 2677 2014 2755">
    <p class='ocr_par' dir='ltr' id='par_1_31' title="bbox 343 2677 2014 2755">
     <span class='ocr_line' id='line_1_31' title="bbox 343 2677 2014 2755; baseline 0.001 -22"><span class='ocrx_word' id='word_1_173' title='bbox 343 2677 567 2743; x_wconf 82' lang='grc' dir='ltr'>παῖδας.</span> <span class='ocrx_word' id='word_1_174' title='bbox 634 2678 1042 2751; x_wconf 76' lang='grc' dir='ltr'>Ἀποθανοῦσης</span> <span class='ocrx_word' id='word_1_175' title='bbox 1077 2677 1134 2736; x_wconf 86' lang='grc' dir='ltr'>δε</span> <span class='ocrx_word' id='word_1_176' title='bbox 1164 2687 1382 2751; x_wconf 75' lang='grc' dir='ltr'>καὶτῆς</span> <span class='ocrx_word' id='word_1_177' title='bbox 1441 2682 1715 2755; x_wconf 85' lang='grc' dir='ltr'>γυναικὸς,</span> <span class='ocrx_word' id='word_1_178' title='bbox 1763 2683 1852 2737; x_wconf 72' lang='grc' dir='ltr'>καὶ</span> <span class='ocrx_word' id='word_1_179' title='bbox 1905 2688 2014 2738; x_wconf 86' lang='grc' dir='ltr'>τῶν</span> 
     </span>
    </p>
   </div>
   <div class='ocr_carea' id='block_1_32' title="bbox 341 2766 2016 2842">
    <p class='ocr_par' dir='ltr' id='par_1_32' title="bbox 341 2766 2016 2842">
     <span class='ocr_line' id='line_1_32' title="bbox 341 2766 2016 2842; baseline 0.002 -19"><span class='ocrx_word' id='word_1_180' title='bbox 341 2766 580 2823; x_wconf 64' lang='grc' dir='ltr'>παιδίω]</span> <span class='ocrx_word' id='word_1_181' title='bbox 616 2767 676 2823; x_wconf 78' lang='grc' dir='ltr'>ἐκ</span> <span class='ocrx_word' id='word_1_182' title='bbox 705 2776 806 2838; x_wconf 74' lang='grc' dir='ltr'>τῆς</span> <span class='ocrx_word' id='word_1_183' title='bbox 848 2769 1115 2842; x_wconf 73' lang='grc' dir='ltr'>λοιμικῆς</span> <span class='ocrx_word' id='word_1_184' title='bbox 1169 2771 1352 2841; x_wconf 81' lang='grc' dir='ltr'>νόσου,</span> <span class='ocrx_word' id='word_1_185' title='bbox 1407 2770 1566 2833; x_wconf 73' lang='grc' dir='ltr'>αὐτὸς</span> <span class='ocrx_word' id='word_1_186' title='bbox 1611 2771 1894 2842; x_wconf 80' lang='grc' dir='ltr'>λυπηθεῖς,</span> <span class='ocrx_word' id='word_1_187' title='bbox 1925 2773 2016 2828; x_wconf 68' lang='grc' dir='ltr'>καὶ</span> 
     </span>
    </p>
   </div>
   <div class='ocr_carea' id='block_1_33' title="bbox 343 2855 2011 2935">
    <p class='ocr_par' dir='ltr' id='par_1_33' title="bbox 343 2855 2011 2935">
     <span class='ocr_line' id='line_1_33' title="bbox 343 2855 2011 2935; baseline 0.003 -23"><span class='ocrx_word' id='word_1_188' title='bbox 343 2860 606 2935; x_wconf 57' lang='grc' dir='ltr'>ἀφορμήν</span> <span class='ocrx_word' id='word_1_189' title='bbox 645 2857 840 2931; x_wconf 77' lang='grc' dir='ltr'>εὑρὼν,</span> <span class='ocrx_word' id='word_1_190' title='bbox 877 2855 969 2911; x_wconf 69' lang='grc' dir='ltr'>’ἱνα</span> <span class='ocrx_word' id='word_1_191' title='bbox 1029 2859 1201 2932; x_wconf 81' lang='grc' dir='ltr'>σωθῇ,</span> <span class='ocrx_word' id='word_1_192' title='bbox 1253 2860 1486 2928; x_wconf 70' lang='grc' dir='ltr'>ἀπῆνθεν</span> <span class='ocrx_word' id='word_1_193' title='bbox 1520 2860 1596 2922; x_wconf 85' lang='grc' dir='ltr'>εἰς</span> <span class='ocrx_word' id='word_1_194' title='bbox 1629 2858 1680 2914; x_wconf 85' lang='grc' dir='ltr'>ἔν</span> <span class='ocrx_word' id='word_1_195' title='bbox 1707 2866 1814 2916; x_wconf 90' lang='grc' dir='ltr'>τῶν</span> <span class='ocrx_word' id='word_1_196' title='bbox 1874 2883 2011 2932; x_wconf 88' lang='grc' dir='ltr'>κτη-</span> 
     </span>
    </p>
   </div>
   <div class='ocr_carea' id='block_1_34' title="bbox 348 2945 2015 3020">
    <p class='ocr_par' dir='ltr' id='par_1_34' title="bbox 348 2945 2015 3020">
     <span class='ocr_line' id='line_1_34' title="bbox 348 2945 2015 3020; baseline 0.003 -19"><span class='ocrx_word' id='word_1_197' title='bbox 348 2949 536 3018; x_wconf 69' lang='grc' dir='ltr'>μάτων</span> <span class='ocrx_word' id='word_1_198' title='bbox 569 2947 741 3002; x_wconf 72' lang='grc' dir='ltr'>αὐτοῦ</span> <span class='ocrx_word' id='word_1_199' title='bbox 773 2946 825 3001; x_wconf 85' lang='grc' dir='ltr'>έν</span> <span class='ocrx_word' id='word_1_200' title='bbox 858 2951 938 3018; x_wconf 81' lang='grc' dir='ltr'>τῷ</span> <span class='ocrx_word' id='word_1_201' title='bbox 987 2945 1239 3020; x_wconf 85' lang='grc' dir='ltr'>ἀνάπλῳ,</span> <span class='ocrx_word' id='word_1_202' title='bbox 1296 2949 1384 3003; x_wconf 83' lang='grc' dir='ltr'>καὶ</span> <span class='ocrx_word' id='word_1_203' title='bbox 1445 2947 1730 3020; x_wconf 85' lang='grc' dir='ltr'>ἐκαθέσθη.</span> <span class='ocrx_word' id='word_1_204' title='bbox 1767 2951 1894 3007; x_wconf 74' lang='grc' dir='ltr'>Εἶτα</span> <span class='ocrx_word' id='word_1_205' title='bbox 1925 2949 2015 3006; x_wconf 84' lang='grc' dir='ltr'>’διά</span> 
     </span>
    </p>
   </div>
   <div class='ocr_carea' id='block_1_35' title="bbox 346 3036 2009 3116">
    <p class='ocr_par' dir='ltr' id='par_1_35' title="bbox 346 3036 2009 3116">
     <span class='ocr_line' id='line_1_35' title="bbox 346 3036 2009 3116; baseline 0.004 -26"><span class='ocrx_word' id='word_1_206' title='bbox 346 3039 450 3104; x_wconf 68' lang='grc' dir='ltr'>τὴν</span> <span class='ocrx_word' id='word_1_207' title='bbox 489 3036 710 3106; x_wconf 79' lang='grc' dir='ltr'>πολλήν</span> <span class='ocrx_word' id='word_1_208' title='bbox 776 3037 972 3113; x_wconf 73' lang='grc' dir='ltr'>ἀρετὴν</span> <span class='ocrx_word' id='word_1_209' title='bbox 1029 3038 1195 3092; x_wconf 81' lang='grc' dir='ltr'>αὐτοῦ</span> <span class='ocrx_word' id='word_1_210' title='bbox 1248 3037 1541 3103; x_wconf 78' lang='grc' dir='ltr'>ἐπίσκοπος</span> <span class='ocrx_word' id='word_1_211' title='bbox 1597 3043 2009 3116; x_wconf 83' lang='grc' dir='ltr'>προχειρίζεται</span> 
     </span>
    </p>
   </div>
   <div class='ocr_carea' id='block_1_36' title="bbox 354 3126 2013 3203">
    <p class='ocr_par' dir='ltr' id='par_1_36' title="bbox 354 3126 2013 3203">
     <span class='ocr_line' id='line_1_36' title="bbox 354 3126 2013 3203; baseline 0.002 -18"><span class='ocrx_word' id='word_1_212' title='bbox 354 3131 597 3200; x_wconf 78' lang='grc' dir='ltr'>Ἀμισοῦ.</span> <span class='ocrx_word' id='word_1_213' title='bbox 635 3131 727 3185; x_wconf 84' lang='grc' dir='ltr'>Ἑν</span> <span class='ocrx_word' id='word_1_214' title='bbox 767 3127 905 3201; x_wconf 79' lang='grc' dir='ltr'>αὐτῇ</span> <span class='ocrx_word' id='word_1_215' title='bbox 939 3126 998 3183; x_wconf 74' lang='grc' dir='ltr'>δὲ</span> <span class='ocrx_word' id='word_1_216' title='bbox 1026 3132 1094 3202; x_wconf 79' lang='grc' dir='ltr'>τῇ</span> <span class='ocrx_word' id='word_1_217' title='bbox 1131 3131 1340 3203; x_wconf 83' lang='grc' dir='ltr'>Ἀμισῷ</span> <span class='ocrx_word' id='word_1_218' title='bbox 1379 3129 1651 3203; x_wconf 86' lang='grc' dir='ltr'>ἀπελθῶν,</span> <span class='ocrx_word' id='word_1_219' title='bbox 1691 3132 1779 3186; x_wconf 83' lang='grc' dir='ltr'>καὶ</span> <span class='ocrx_word' id='word_1_220' title='bbox 1826 3131 2013 3198; x_wconf 86' lang='grc' dir='ltr'>καλῶς</span> 
     </span>
    </p>
   </div>
   <div class='ocr_carea' id='block_1_37' title="bbox 340 3215 2004 3292">
    <p class='ocr_par' dir='ltr' id='par_1_37' title="bbox 340 3215 2004 3292">
     <span class='ocr_line' id='line_1_37' title="bbox 340 3215 2004 3292; baseline 0.002 -20"><span class='ocrx_word' id='word_1_221' title='bbox 340 3219 400 3272; x_wconf 87' lang='grc' dir='ltr'>τὸ</span> <span class='ocrx_word' id='word_1_222' title='bbox 427 3216 849 3280; x_wconf 74' lang='grc' dir='ltr'>καταπιστευθὶν</span> <span class='ocrx_word' id='word_1_223' title='bbox 871 3215 1020 3288; x_wconf 79' lang='grc' dir='ltr'>αὐτῷ</span> <span class='ocrx_word' id='word_1_224' title='bbox 1051 3216 1332 3288; x_wconf 82' lang='grc' dir='ltr'>ποίμενιον</span> <span class='ocrx_word' id='word_1_225' title='bbox 1364 3217 1636 3290; x_wconf 89' lang='grc' dir='ltr'>ποιμάνας</span> <span class='ocrx_word' id='word_1_226' title='bbox 1667 3219 1758 3274; x_wconf 86' lang='grc' dir='ltr'>καὶ</span> <span class='ocrx_word' id='word_1_227' title='bbox 1791 3217 2004 3292; x_wconf 76' lang='grc' dir='ltr'>διδάξας</span> 
     </span>
    </p>
   </div>
   <div class='ocr_carea' id='block_1_38' title="bbox 333 3305 1999 3384">
    <p class='ocr_par' dir='ltr' id='par_1_38' title="bbox 333 3305 1999 3384">
     <span class='ocr_line' id='line_1_38' title="bbox 333 3305 1999 3384; baseline 0.003 -23"><span class='ocrx_word' id='word_1_228' title='bbox 333 3309 425 3361; x_wconf 84' lang='grc' dir='ltr'>τὸν</span> <span class='ocrx_word' id='word_1_229' title='bbox 455 3307 590 3360; x_wconf 75' lang='grc' dir='ltr'>λαὸν</span> <span class='ocrx_word' id='word_1_230' title='bbox 631 3305 812 3378; x_wconf 82' lang='grc' dir='ltr'>ὀρθῶς</span> <span class='ocrx_word' id='word_1_231' title='bbox 845 3311 1160 3381; x_wconf 84' lang='grc' dir='ltr'>περιπατεῖν</span> <span class='ocrx_word' id='word_1_232' title='bbox 1187 3307 1276 3361; x_wconf 86' lang='grc' dir='ltr'>καὶ</span> <span class='ocrx_word' id='word_1_233' title='bbox 1309 3305 1654 3384; x_wconf 80' lang='grc' dir='ltr'>ὁρθοδόξους,</span> <span class='ocrx_word' id='word_1_234' title='bbox 1684 3309 1770 3365; x_wconf 81' lang='grc' dir='ltr'>καὶ</span> <span class='ocrx_word' id='word_1_235' title='bbox 1821 3317 1999 3366; x_wconf 87' lang='grc' dir='ltr'>ποιεῖν</span> 
     </span>
    </p>
   </div>
   <div class='ocr_carea' id='block_1_39' title="bbox 335 3394 1997 3473">
    <p class='ocr_par' dir='ltr' id='par_1_39' title="bbox 335 3394 1997 3473">
     <span class='ocr_line' id='line_1_39' title="bbox 335 3394 1997 3473; baseline 0.001 -21"><span class='ocrx_word' id='word_1_236' title='bbox 335 3401 433 3452; x_wconf 86' lang='grc' dir='ltr'>τοῦ</span> <span class='ocrx_word' id='word_1_237' title='bbox 465 3401 606 3452; x_wconf 87' lang='grc' dir='ltr'>Θεοῦ</span> <span class='ocrx_word' id='word_1_238' title='bbox 633 3396 700 3450; x_wconf 71' lang='grc' dir='ltr'>τὰ</span> <span class='ocrx_word' id='word_1_239' title='bbox 759 3394 1050 3469; x_wconf 76' lang='grc' dir='ltr'>θελήματα</span> <span class='ocrx_word' id='word_1_240' title='bbox 1106 3397 1194 3451; x_wconf 80' lang='grc' dir='ltr'>καὶ</span> <span class='ocrx_word' id='word_1_241' title='bbox 1240 3397 1336 3459; x_wconf 72' lang='grc' dir='ltr'>τὰς</span> <span class='ocrx_word' id='word_1_242' title='bbox 1395 3397 1638 3471; x_wconf 71' lang='grc' dir='ltr'>ἐντολὰς,</span> <span class='ocrx_word' id='word_1_243' title='bbox 1700 3397 1997 3473; x_wconf 76' lang='grc' dir='ltr'>ἐκοιμήθηο</span> 
     </span>
    </p>
   </div>
   <div class='ocr_carea' id='block_1_40' title="bbox 340 3479 1890 3566">
    <p class='ocr_par' dir='ltr' id='par_1_40' title="bbox 340 3479 1890 3566">
     <span class='ocr_line' id='line_1_40' title="bbox 340 3479 1890 3566; baseline 0.003 -26"><span class='ocrx_word' id='word_1_244' title='bbox 340 3487 770 3562; x_wconf 67' lang='grc' dir='ltr'>θαυματουργὼν</span> <span class='ocrx_word' id='word_1_245' title='bbox 799 3479 901 3549; x_wconf 86' lang='grc' dir='ltr'>ἔως</span> <span class='ocrx_word' id='word_1_246' title='bbox 927 3492 1029 3555; x_wconf 80' lang='grc' dir='ltr'>τῆς</span> <span class='ocrx_word' id='word_1_247' title='bbox 1057 3488 1298 3558; x_wconf 76' lang='grc' dir='ltr'>σήμερον</span> <span class='ocrx_word' id='word_1_248' title='bbox 1331 3485 1382 3541; x_wconf 83' lang='grc' dir='ltr'>ἐν</span> <span class='ocrx_word' id='word_1_249' title='bbox 1414 3492 1494 3560; x_wconf 80' lang='grc' dir='ltr'>τῷ</span> <span class='ocrx_word' id='word_1_250' title='bbox 1521 3486 1675 3566; x_wconf 79' lang='grc' dir='ltr'>τάφῳ</span> <span class='ocrx_word' id='word_1_251' title='bbox 1704 3488 1890 3546; x_wconf 82' lang='grc' dir='ltr'>αὐτοῦ.</span> 
     </span>
    </p>
   </div>
   <div class='ocr_carea' id='block_1_41' title="bbox 906 3603 1445 3662">
    <p class='ocr_par' dir='ltr' id='par_1_41' title="bbox 906 3603 1445 3662">
     <span class='ocr_line' id='line_1_41' title="bbox 906 3603 1445 3662; baseline 0.002 -2"><span class='ocrx_word' id='word_1_252' title='bbox 906 3603 1091 3660; x_wconf 84' lang='grc' dir='ltr'>ΜΗΝΙ</span> <span class='ocrx_word' id='word_1_253' title='bbox 1121 3605 1211 3660; x_wconf 86' lang='grc' dir='ltr'>ΤΩ</span> <span class='ocrx_word' id='word_1_254' title='bbox 1246 3607 1445 3662; x_wconf 86' lang='grc' dir='ltr'><strong>ΑΥΤΩ.</strong></span> 
     </span>
    </p>
   </div>
   <div class='ocr_carea' id='block_1_42' title="bbox 1135 3694 1210 3748">
    <p class='ocr_par' dir='ltr' id='par_1_42' title="bbox 1135 3694 1210 3748">
     <span class='ocr_line' id='line_1_42' title="bbox 1135 3694 1210 3748; baseline 0.027 -2"><span class='ocrx_word' id='word_1_255' title='bbox 1135 3694 1210 3748; x_wconf 80' lang='grc' dir='ltr'>ΙΘ“</span> 
     </span>
    </p>
   </div>
   <div class='ocr_carea' id='block_1_43' title="bbox 348 3779 1992 3860">
    <p class='ocr_par' dir='ltr' id='par_1_43' title="bbox 348 3779 1992 3860">
     <span class='ocr_line' id='line_1_43' title="bbox 348 3779 1992 3860; baseline 0.004 -27"><span class='ocrx_word' id='word_1_256' title='bbox 348 3779 623 3847; x_wconf 77' lang='grc' dir='ltr'>’Ἃθλησις</span> <span class='ocrx_word' id='word_1_257' title='bbox 676 3787 771 3836; x_wconf 81' lang='grc' dir='ltr'>τῶν</span> <span class='ocrx_word' id='word_1_258' title='bbox 830 3781 1001 3857; x_wconf 80' lang='grc' dir='ltr'>ἁγίων</span> <span class='ocrx_word' id='word_1_259' title='bbox 1066 3801 1354 3860; x_wconf 65' lang='grc' dir='ltr'>μαρτρρων</span> <span class='ocrx_word' id='word_1_260' title='bbox 1415 3785 1646 3858; x_wconf 82' lang='grc' dir='ltr'>Πρόμου</span> <span class='ocrx_word' id='word_1_261' title='bbox 1683 3827 1696 3852; x_wconf 91' lang='grc'>,</span> <span class='ocrx_word' id='word_1_262' title='bbox 1757 3788 1992 3860; x_wconf 80' lang='grc' dir='ltr'>Ἀρεως,</span> 
     </span>
    </p>
   </div>
   <div class='ocr_carea' id='block_1_44' title="bbox 1012 3852 1323 3911">
    <p class='ocr_par' dir='ltr' id='par_1_44' title="bbox 1012 3852 1323 3911">
     <span class='ocr_line' id='line_1_44' title="bbox 1012 3852 1323 3911; baseline 0.01 -4"><span class='ocrx_word' id='word_1_263' title='bbox 1012 3852 1102 3908; x_wconf 70' lang='grc' dir='ltr'>καὶ</span> <span class='ocrx_word' id='word_1_264' title='bbox 1145 3852 1323 3911; x_wconf 81' lang='grc' dir='ltr'>Ἠλία.</span> 
     </span>
    </p>
   </div>
   <div class='ocr_carea' id='block_1_45' title="bbox 412 3942 1994 4020">
    <p class='ocr_par' dir='ltr' id='par_1_45' title="bbox 412 3942 1994 4020">
     <span class='ocr_line' id='line_1_45' title="bbox 412 3942 1994 4020; baseline 0.001 -22"><span class='ocrx_word' id='word_1_265' title='bbox 412 3942 579 3998; x_wconf 73' lang='grc' dir='ltr'>Οὗτοι</span> <span class='ocrx_word' id='word_1_266' title='bbox 615 3944 711 4014; x_wconf 76' lang='grc' dir='ltr'>μὲν</span> <span class='ocrx_word' id='word_1_267' title='bbox 740 3943 1031 4016; x_wconf 70' lang='grc' dir='ltr'>Αἰγύπτιοι</span> <span class='ocrx_word' id='word_1_268' title='bbox 1097 3945 1351 4020; x_wconf 81' lang='grc' dir='ltr'>ὑπῆρχον</span> <span class='ocrx_word' id='word_1_269' title='bbox 1379 3945 1442 3999; x_wconf 85' lang='grc' dir='ltr'>τὸ</span> <span class='ocrx_word' id='word_1_270' title='bbox 1473 3943 1650 4017; x_wconf 83' lang='grc' dir='ltr'>γένος,</span> <span class='ocrx_word' id='word_1_271' title='bbox 1682 3947 1994 4020; x_wconf 82' lang='grc' dir='ltr'>Χρίστιανοὶ</span> 
     </span>
    </p>
   </div>
   <div class='ocr_carea' id='block_1_46' title="bbox 333 4029 1992 4110">
    <p class='ocr_par' dir='ltr' id='par_1_46' title="bbox 333 4029 1992 4110">
     <span class='ocr_line' id='line_1_46' title="bbox 333 4029 1992 4110; baseline 0.002 -24"><span class='ocrx_word' id='word_1_272' title='bbox 333 4029 411 4088; x_wconf 81' lang='grc' dir='ltr'>δέ.</span> <span class='ocrx_word' id='word_1_273' title='bbox 471 4032 652 4100; x_wconf 74' lang='grc' dir='ltr'>Ζῆλον</span> <span class='ocrx_word' id='word_1_274' title='bbox 706 4029 764 4087; x_wconf 80' lang='grc' dir='ltr'>δὲ</span> <span class='ocrx_word' id='word_1_275' title='bbox 819 4029 1042 4108; x_wconf 80' lang='grc' dir='ltr'>ἔχοντες</span> <span class='ocrx_word' id='word_1_276' title='bbox 1113 4034 1316 4106; x_wconf 78' lang='grc' dir='ltr'>θεῖκὸν,</span> <span class='ocrx_word' id='word_1_277' title='bbox 1375 4033 1702 4110; x_wconf 78' lang='grc' dir='ltr'>ἀπήρχοντα</span> <span class='ocrx_word' id='word_1_278' title='bbox 1762 4034 1839 4098; x_wconf 72' lang='grc' dir='ltr'>εἷς</span> <span class='ocrx_word' id='word_1_279' title='bbox 1897 4037 1992 4096; x_wconf 72' lang='grc' dir='ltr'>τὰς</span> 
     </span>
    </p>
   </div>
   <div class='ocr_carea' id='block_1_47' title="bbox 328 4120 1992 4198">
    <p class='ocr_par' dir='ltr' id='par_1_47' title="bbox 328 4120 1992 4198">
     <span class='ocr_line' id='line_1_47' title="bbox 328 4120 1992 4198; baseline 0.002 -23"><span class='ocrx_word' id='word_1_280' title='bbox 328 4120 580 4197; x_wconf 69' lang='grc' dir='ltr'>φυλακὰς</span> <span class='ocrx_word' id='word_1_281' title='bbox 617 4167 631 4189; x_wconf 90' lang='grc'>,</span> <span class='ocrx_word' id='word_1_282' title='bbox 703 4123 792 4176; x_wconf 84' lang='grc' dir='ltr'>καὶ</span> <span class='ocrx_word' id='word_1_283' title='bbox 877 4123 1268 4178; x_wconf 82' lang='grc' dir='ltr'>ἐπεσκέπτοντο</span> <span class='ocrx_word' id='word_1_284' title='bbox 1347 4121 1475 4184; x_wconf 79' lang='grc' dir='ltr'>τοὺς</span> <span class='ocrx_word' id='word_1_285' title='bbox 1535 4124 1667 4198; x_wconf 73' lang='grc' dir='ltr'>ὑπὲρ</span> <span class='ocrx_word' id='word_1_286' title='bbox 1753 4129 1992 4198; x_wconf 79' lang='grc' dir='ltr'>Χριστοῦ</span> 
     </span>
    </p>
   </div>
   <div class='ocr_carea' id='block_1_48' title="bbox 332 4210 1985 4288">
    <p class='ocr_par' dir='ltr' id='par_1_48' title="bbox 332 4210 1985 4288">
     <span class='ocr_line' id='line_1_48' title="bbox 332 4210 1985 4288; baseline 0.002 -24"><span class='ocrx_word' id='word_1_287' title='bbox 332 4210 634 4271; x_wconf 80' lang='grc' dir='ltr'>αθλοῦντας</span> <span class='ocrx_word' id='word_1_288' title='bbox 713 4212 899 4285; x_wconf 77' lang='grc' dir='ltr'>ἁγίους</span> <span class='ocrx_word' id='word_1_289' title='bbox 994 4210 1318 4286; x_wconf 75' lang='grc' dir='ltr'>μάρτυρας,</span> <span class='ocrx_word' id='word_1_290' title='bbox 1442 4213 1528 4267; x_wconf 84' lang='grc' dir='ltr'>καὶ</span> <span class='ocrx_word' id='word_1_291' title='bbox 1647 4211 1985 4288; x_wconf 70' lang='grc' dir='ltr'>ἐθεράπευον.</span> 
     </span>
    </p>
   </div>
   <div class='ocr_carea' id='block_1_49' title="bbox 331 4297 1988 4375">
    <p class='ocr_par' dir='ltr' id='par_1_49' title="bbox 331 4297 1988 4375">
     <span class='ocr_line' id='line_1_49' title="bbox 331 4297 1988 4375; baseline 0 -19"><span class='ocrx_word' id='word_1_292' title='bbox 331 4299 611 4368; x_wconf 76' lang='grc' dir='ltr'>Ἀπῆλθον</span> <span class='ocrx_word' id='word_1_293' title='bbox 646 4297 706 4354; x_wconf 75' lang='grc' dir='ltr'>δὲ</span> <span class='ocrx_word' id='word_1_294' title='bbox 756 4301 845 4355; x_wconf 84' lang='grc' dir='ltr'>καὶ</span> <span class='ocrx_word' id='word_1_295' title='bbox 902 4301 978 4364; x_wconf 84' lang='grc' dir='ltr'>εἰς</span> <span class='ocrx_word' id='word_1_296' title='bbox 1031 4301 1132 4368; x_wconf 73' lang='grc' dir='ltr'>τὴν</span> <span class='ocrx_word' id='word_1_297' title='bbox 1185 4301 1372 4375; x_wconf 78' lang='grc' dir='ltr'>χώραν</span> <span class='ocrx_word' id='word_1_298' title='bbox 1429 4308 1528 4370; x_wconf 85' lang='grc' dir='ltr'>τῆς</span> <span class='ocrx_word' id='word_1_299' title='bbox 1591 4301 1865 4370; x_wconf 83' lang='grc' dir='ltr'>Κιλικίας,</span> <span class='ocrx_word' id='word_1_300' title='bbox 1897 4304 1988 4358; x_wconf 83' lang='grc' dir='ltr'>καὶ</span> 
     </span>
    </p>
   </div>
   <div class='ocr_carea' id='block_1_50' title="bbox 331 4388 1990 4469">
    <p class='ocr_par' dir='ltr' id='par_1_50' title="bbox 331 4388 1990 4469">
     <span class='ocr_line' id='line_1_50' title="bbox 331 4388 1990 4469; baseline 0.001 -24"><span class='ocrx_word' id='word_1_301' title='bbox 331 4388 636 4463; x_wconf 83' lang='grc' dir='ltr'>μέλλοντες</span> <span class='ocrx_word' id='word_1_302' title='bbox 669 4389 928 4454; x_wconf 76' lang='grc' dir='ltr'>εἰσελθεῖν</span> <span class='ocrx_word' id='word_1_303' title='bbox 960 4390 1037 4454; x_wconf 81' lang='grc' dir='ltr'>εἰς</span> <span class='ocrx_word' id='word_1_304' title='bbox 1097 4391 1418 4448; x_wconf 74' lang='grc' dir='ltr'>Ἀσκάλωνα</span> <span class='ocrx_word' id='word_1_305' title='bbox 1465 4393 1565 4461; x_wconf 80' lang='grc' dir='ltr'>τήν</span> <span class='ocrx_word' id='word_1_306' title='bbox 1611 4391 1797 4464; x_wconf 87' lang='grc' dir='ltr'>πόλιν,</span> <span class='ocrx_word' id='word_1_307' title='bbox 1831 4392 1990 4469; x_wconf 83' lang='grc' dir='ltr'>ἐκρα-</span> 
     </span>
    </p>
   </div>
   <div class='ocr_carea' id='block_1_51' title="bbox 327 4479 1988 4559">
    <p class='ocr_par' dir='ltr' id='par_1_51' title="bbox 327 4479 1988 4559">
     <span class='ocr_line' id='line_1_51' title="bbox 327 4479 1988 4559; baseline 0.002 -24"><span class='ocrx_word' id='word_1_308' title='bbox 327 4482 579 4550; x_wconf 68' lang='grc' dir='ltr'>θήθησαν</span> <span class='ocrx_word' id='word_1_309' title='bbox 638 4480 714 4542; x_wconf 71' lang='grc' dir='ltr'>εἷς</span> <span class='ocrx_word' id='word_1_310' title='bbox 790 4481 888 4548; x_wconf 76' lang='grc' dir='ltr'>τήν</span> <span class='ocrx_word' id='word_1_311' title='bbox 947 4479 1130 4550; x_wconf 71' lang='grc' dir='ltr'>πύλην</span> <span class='ocrx_word' id='word_1_312' title='bbox 1189 4480 1337 4554; x_wconf 87' lang='grc' dir='ltr'>παρά</span> <span class='ocrx_word' id='word_1_313' title='bbox 1387 4485 1494 4535; x_wconf 84' lang='grc' dir='ltr'>τῶν</span> <span class='ocrx_word' id='word_1_314' title='bbox 1555 4479 1837 4559; x_wconf 71' lang='grc' dir='ltr'>φυλάκων,</span> <span class='ocrx_word' id='word_1_315' title='bbox 1897 4485 1988 4538; x_wconf 86' lang='grc' dir='ltr'>ἀν-</span> 
     </span>
    </p>
   </div>
   <div class='ocr_carea' id='block_1_52' title="bbox 323 4565 1990 4648">
    <p class='ocr_par' dir='ltr' id='par_1_52' title="bbox 323 4565 1990 4648">
     <span class='ocr_line' id='line_1_52' title="bbox 323 4565 1990 4648; baseline 0.001 -24"><span class='ocrx_word' id='word_1_316' title='bbox 323 4567 474 4644; x_wconf 81' lang='grc' dir='ltr'>δρῶν</span> <span class='ocrx_word' id='word_1_317' title='bbox 531 4565 821 4644; x_wconf 73' lang='grc' dir='ltr'>βαρϐάρων</span> <span class='ocrx_word' id='word_1_318' title='bbox 877 4570 966 4624; x_wconf 78' lang='grc' dir='ltr'>καὶ</span> <span class='ocrx_word' id='word_1_319' title='bbox 1023 4569 1251 4645; x_wconf 85' lang='grc' dir='ltr'>ἀγρίων,</span> <span class='ocrx_word' id='word_1_320' title='bbox 1301 4571 1664 4642; x_wconf 84' lang='grc' dir='ltr'>νομισάντων,</span> <span class='ocrx_word' id='word_1_321' title='bbox 1719 4573 1803 4626; x_wconf 85' lang='grc' dir='ltr'>ὅτι</span> <span class='ocrx_word' id='word_1_322' title='bbox 1851 4593 1990 4648; x_wconf 88' lang='grc' dir='ltr'>προ-</span> 
     </span>
    </p>
   </div>
   <div class='ocr_carea' id='block_1_53' title="bbox 325 4633 2069 4736">
    <p class='ocr_par' dir='ltr' id='par_1_53' title="bbox 325 4633 2069 4736">
     <span class='ocr_line' id='line_1_53' title="bbox 325 4633 2069 4736; baseline 0.001 -21"><span class='ocrx_word' id='word_1_323' title='bbox 325 4633 486 4715; x_wconf 62' lang='grc' dir='ltr'>δοται</span> <span class='ocrx_word' id='word_1_324' title='bbox 518 4633 644 4716; x_wconf 65' lang='grc' dir='ltr'>εἰσί.</span> <span class='ocrx_word' id='word_1_325' title='bbox 679 4633 780 4715; x_wconf 62' lang='grc' dir='ltr'>Καὶ</span> <span class='ocrx_word' id='word_1_326' title='bbox 825 4633 1198 4734; x_wconf 66' lang='grc' dir='ltr'>παρεδόθησαν</span> <span class='ocrx_word' id='word_1_327' title='bbox 1349 4633 1578 4735; x_wconf 77' lang='grc' dir='ltr'>ὁίρχοντι</span> <span class='ocrx_word' id='word_1_328' title='bbox 1613 4633 1984 4736; x_wconf 50' lang='grc' dir='ltr'>ιιίιρμιλιανῷ.</span> <span class='ocrx_word' id='word_1_329' title='bbox 2023 4633 2069 4694; x_wconf 82' lang='lat' dir='ltr'><strong>D</strong></span> 
     </span>
    </p>
   </div>
   <div class='ocr_carea' id='block_1_54' title="bbox 327 4745 1991 4825">
    <p class='ocr_par' dir='ltr' id='par_1_54' title="bbox 327 4745 1991 4825">
     <span class='ocr_line' id='line_1_54' title="bbox 327 4745 1991 4825; baseline 0 -21"><span class='ocrx_word' id='word_1_330' title='bbox 327 4745 557 4818; x_wconf 79' lang='grc' dir='ltr'>Ἐπειδή</span> <span class='ocrx_word' id='word_1_331' title='bbox 593 4746 648 4803; x_wconf 78' lang='grc' dir='ltr'>δὲ</span> <span class='ocrx_word' id='word_1_332' title='bbox 694 4748 1032 4823; x_wconf 83' lang='grc' dir='ltr'>παρέστησαν</span> <span class='ocrx_word' id='word_1_333' title='bbox 1100 4748 1267 4820; x_wconf 79' lang='grc' dir='ltr'>αὐτῷ,</span> <span class='ocrx_word' id='word_1_334' title='bbox 1315 4748 1405 4803; x_wconf 86' lang='grc' dir='ltr'>καὶ</span> <span class='ocrx_word' id='word_1_335' title='bbox 1461 4747 1823 4824; x_wconf 82' lang='grc' dir='ltr'>ἐρωτηθέντες</span> <span class='ocrx_word' id='word_1_336' title='bbox 1858 4757 1991 4825; x_wconf 85' lang='grc' dir='ltr'>Χρι-</span> 
     </span>
    </p>
   </div>
   <div class='ocr_carea' id='block_1_55' title="bbox 327 4837 1990 4915">
    <p class='ocr_par' dir='ltr' id='par_1_55' title="bbox 327 4837 1990 4915">
     <span class='ocr_line' id='line_1_55' title="bbox 327 4837 1990 4915; baseline 0 -21"><span class='ocrx_word' id='word_1_337' title='bbox 327 4840 578 4902; x_wconf 74' lang='grc' dir='ltr'>στιανοὺς</span> <span class='ocrx_word' id='word_1_338' title='bbox 617 4839 840 4900; x_wconf 76' lang='grc' dir='ltr'>ἑαυτοὺς</span> <span class='ocrx_word' id='word_1_339' title='bbox 869 4837 1269 4912; x_wconf 78' lang='grc' dir='ltr'>ὡμολόγησαν,</span> <span class='ocrx_word' id='word_1_340' title='bbox 1301 4843 1667 4913; x_wconf 75' lang='grc' dir='ltr'>τιμωροῦνται</span> <span class='ocrx_word' id='word_1_341' title='bbox 1699 4839 1785 4893; x_wconf 78' lang='grc' dir='ltr'>καὶ</span> <span class='ocrx_word' id='word_1_342' title='bbox 1821 4841 1990 4915; x_wconf 90' lang='grc' dir='ltr'>βασα-</span> 
     </span>
    </p>
   </div>
   <div class='ocr_carea' id='block_1_56' title="bbox 325 4926 1989 5004">
    <p class='ocr_par' dir='ltr' id='par_1_56' title="bbox 325 4926 1989 5004">
     <span class='ocr_line' id='line_1_56' title="bbox 325 4926 1989 5004; baseline 0.001 -23"><span class='ocrx_word' id='word_1_343' title='bbox 325 4930 561 4998; x_wconf 79' lang='grc' dir='ltr'>νίζονται</span> <span class='ocrx_word' id='word_1_344' title='bbox 595 4930 862 5004; x_wconf 81' lang='grc' dir='ltr'>ἱσχυρῶς.</span> <span class='ocrx_word' id='word_1_345' title='bbox 917 4926 1014 4984; x_wconf 82' lang='grc' dir='ltr'>Καὶ</span> <span class='ocrx_word' id='word_1_346' title='bbox 1041 4929 1069 4982; x_wconf 85' lang='lat'>6</span> <span class='ocrx_word' id='word_1_347' title='bbox 1101 4927 1196 4999; x_wconf 70' lang='grc' dir='ltr'>μὲν</span> <span class='ocrx_word' id='word_1_348' title='bbox 1225 4929 1400 5002; x_wconf 82' lang='grc' dir='ltr'>Ἀρης</span> <span class='ocrx_word' id='word_1_349' title='bbox 1448 4926 1713 5002; x_wconf 82' lang='grc' dir='ltr'>πρότερον</span> <span class='ocrx_word' id='word_1_350' title='bbox 1774 4929 1989 5004; x_wconf 84' lang='grc' dir='ltr'>μυρίοις</span> 
     </span>
    </p>
   </div>
   <div class='ocr_carea' id='block_1_57' title="bbox 331 5013 1984 5094">
    <p class='ocr_par' dir='ltr' id='par_1_57' title="bbox 331 5013 1984 5094">
     <span class='ocr_line' id='line_1_57' title="bbox 331 5013 1984 5094; baseline -0.001 -19"><span class='ocrx_word' id='word_1_351' title='bbox 331 5021 582 5094; x_wconf 70' lang='grc' dir='ltr'>βασάνοις</span> <span class='ocrx_word' id='word_1_352' title='bbox 611 5016 980 5093; x_wconf 83' lang='grc' dir='ltr'>τιμωρηθεὶς,</span> <span class='ocrx_word' id='word_1_353' title='bbox 1035 5013 1254 5090; x_wconf 66' lang='grc' dir='ltr'>ὕστερνν</span> <span class='ocrx_word' id='word_1_354' title='bbox 1289 5014 1379 5071; x_wconf 84' lang='grc' dir='ltr'>διά</span> <span class='ocrx_word' id='word_1_355' title='bbox 1436 5017 1608 5091; x_wconf 87' lang='grc' dir='ltr'>πυρὸς</span> <span class='ocrx_word' id='word_1_356' title='bbox 1665 5015 1984 5088; x_wconf 77' lang='grc' dir='ltr'>ἐτελειώθηο</span> 
     </span>
    </p>
   </div>
   <div class='ocr_carea' id='block_1_58' title="bbox 323 5103 1987 5186">
    <p class='ocr_par' dir='ltr' id='par_1_58' title="bbox 323 5103 1987 5186">
     <span class='ocr_line' id='line_1_58' title="bbox 323 5103 1987 5186; baseline -0.001 -21"><span class='ocrx_word' id='word_1_357' title='bbox 323 5111 348 5165; x_wconf 88' lang='lat'>6</span> <span class='ocrx_word' id='word_1_358' title='bbox 403 5107 458 5166; x_wconf 82' lang='grc' dir='ltr'>δὲ</span> <span class='ocrx_word' id='word_1_359' title='bbox 518 5113 673 5186; x_wconf 79' lang='grc' dir='ltr'>ἅγιος</span> <span class='ocrx_word' id='word_1_360' title='bbox 739 5106 990 5182; x_wconf 80' lang='grc' dir='ltr'>Ηρόμος,</span> <span class='ocrx_word' id='word_1_361' title='bbox 1048 5105 1139 5161; x_wconf 84' lang='grc' dir='ltr'>καὶ</span> <span class='ocrx_word' id='word_1_362' title='bbox 1197 5106 1363 5168; x_wconf 80' lang='grc' dir='ltr'>αὐτὸς</span> <span class='ocrx_word' id='word_1_363' title='bbox 1423 5103 1612 5161; x_wconf 89' lang='grc' dir='ltr'>πολλά</span> <span class='ocrx_word' id='word_1_364' title='bbox 1669 5105 1987 5179; x_wconf 75' lang='grc' dir='ltr'>ἐξετασθείς,</span> 
     </span>
    </p>
   </div>
   <div class='ocr_carea' id='block_1_59' title="bbox 319 5193 1983 5276">
    <p class='ocr_par' dir='ltr' id='par_1_59' title="bbox 319 5193 1983 5276">
     <span class='ocr_line' id='line_1_59' title="bbox 319 5193 1983 5276; baseline 0 -21"><span class='ocrx_word' id='word_1_365' title='bbox 319 5202 402 5256; x_wconf 84' lang='grc' dir='ltr'><strong>καί</strong></span> <span class='ocrx_word' id='word_1_366' title='bbox 457 5203 550 5258; x_wconf 83' lang='grc' dir='ltr'>τὸν</span> <span class='ocrx_word' id='word_1_367' title='bbox 605 5197 853 5276; x_wconf 86' lang='grc' dir='ltr'>Χριστὸν</span> <span class='ocrx_word' id='word_1_368' title='bbox 918 5196 997 5268; x_wconf 80' lang='grc' dir='ltr'>μὴ</span> <span class='ocrx_word' id='word_1_369' title='bbox 1068 5193 1463 5269; x_wconf 79' lang='grc' dir='ltr'>ἀρνησάμενος,</span> <span class='ocrx_word' id='word_1_370' title='bbox 1548 5195 1983 5271; x_wconf 75' lang='grc' dir='ltr'>ἀπεκεφαλίσθη.</span> 
     </span>
    </p>
   </div>
   <div class='ocr_carea' id='block_1_60' title="bbox 311 5283 1988 5362">
    <p class='ocr_par' dir='ltr' id='par_1_60' title="bbox 311 5283 1988 5362">
     <span class='ocr_line' id='line_1_60' title="bbox 311 5283 1988 5362; baseline -0.006 -8"><span class='ocrx_word' id='word_1_371' title='bbox 311 5294 452 5354; x_wconf 74' lang='grc' dir='ltr'>Μετά</span> <span class='ocrx_word' id='word_1_372' title='bbox 478 5298 650 5351; x_wconf 87' lang='grc' dir='ltr'>τοῦτο</span> <span class='ocrx_word' id='word_1_373' title='bbox 683 5288 744 5346; x_wconf 85' lang='grc' dir='ltr'>δὲ</span> <span class='ocrx_word' id='word_1_374' title='bbox 798 5286 894 5343; x_wconf 74' lang='grc' dir='ltr'>καὶ</span> <span class='ocrx_word' id='word_1_375' title='bbox 929 5287 957 5340; x_wconf 87' lang='lat'>6</span> <span class='ocrx_word' id='word_1_376' title='bbox 990 5286 1146 5360; x_wconf 74' lang='grc' dir='ltr'>ἅγιος</span> <span class='ocrx_word' id='word_1_377' title='bbox 1173 5284 1370 5348; x_wconf 82' lang='grc' dir='ltr'>Ἠλίας</span> <span class='ocrx_word' id='word_1_378' title='bbox 1400 5283 1590 5340; x_wconf 64' lang='grc' dir='ltr'>προλλά</span> <span class='ocrx_word' id='word_1_379' title='bbox 1645 5287 1988 5362; x_wconf 85' lang='grc' dir='ltr'>βασανισθεὶς</span> 
     </span>
    </p>
   </div>
   <div class='ocr_carea' id='block_1_61' title="bbox 292 5377 1220 5470">
    <p class='ocr_par' dir='ltr' id='par_1_61' title="bbox 292 5377 1220 5470">
     <span class='ocr_line' id='line_1_61' title="bbox 292 5377 1220 5470; baseline -0.014 -24"><span class='ocrx_word' id='word_1_380' title='bbox 292 5389 425 5470; x_wconf 66' lang='grc' dir='ltr'>ξίφει</span> <span class='ocrx_word' id='word_1_381' title='bbox 458 5391 561 5457; x_wconf 76' lang='grc' dir='ltr'>τήν</span> <span class='ocrx_word' id='word_1_382' title='bbox 596 5379 864 5461; x_wconf 77' lang='grc' dir='ltr'>κεφαλὴν</span> 
     </span>
    </p>
   </div>
   <div class='ocr_carea' id='block_1_62' title="bbox 917 5465 1396 5542">
    <p class='ocr_par' dir='ltr' id='par_1_62' title="bbox 917 5465 1396 5542">
     <span class='ocr_line' id='line_1_62' title="bbox 917 5465 1396 5542; baseline -0.002 -3"><span class='ocrx_word' id='word_1_383' title='bbox 917 5469 1008 5539; x_wconf 73' lang='grc' dir='ltr'>Τῇ</span> <span class='ocrx_word' id='word_1_384' title='bbox 1040 5465 1178 5540; x_wconf 73' lang='grc' dir='ltr'>αὐτῇ</span> <span class='ocrx_word' id='word_1_385' title='bbox 1212 5465 1396 5542; x_wconf 71' lang='grc' dir='ltr'>ἡμέρᾳ</span> 
     </span>
    </p>
   </div>
   <div class='ocr_carea' id='block_1_63' title="bbox 273 5555 1994 5681">
    <p class='ocr_par' dir='ltr' id='par_1_63' title="bbox 273 5555 1994 5681">
     <span class='ocr_line' id='line_1_63' title="bbox 273 5555 1994 5681; baseline -0.009 -96"><span class='ocrx_word' id='word_1_386' title='bbox 273 5570 549 5646; x_wconf 73' lang='grc' dir='ltr'>υΑθλησις</span> <span class='ocrx_word' id='word_1_387' title='bbox 610 5571 720 5623; x_wconf 75' lang='grc' dir='ltr'>τοῦ</span> <span class='ocrx_word' id='word_1_388' title='bbox 788 5557 970 5634; x_wconf 75' lang='grc' dir='ltr'>ἁγίου</span> <span class='ocrx_word' id='word_1_389' title='bbox 1033 5555 1307 5681; x_wconf 53' lang='grc' dir='ltr'>μὲἕῖζεος</span> <span class='ocrx_word' id='word_1_390' title='bbox 1393 5557 1665 5630; x_wconf 59' lang='grc' dir='ltr'>Τιμοθέου</span> <span class='ocrx_word' id='word_1_391' title='bbox 1722 5563 1819 5614; x_wconf 60' lang='grc' dir='ltr'>τοῦ</span> <span class='ocrx_word' id='word_1_392' title='bbox 1873 5557 1994 5615; x_wconf 43' lang='grc' dir='ltr'>δια-</span> 
     </span>
    </p>
   </div>
   <div class='ocr_carea' id='block_1_64' title="bbox 1074 5647 1256 5682">
    <p class='ocr_par' dir='ltr' id='par_1_64' title="bbox 1074 5647 1256 5682">
     <span class='ocr_line' id='line_1_64' title="bbox 1074 5647 1256 5682; baseline 0.011 -2"><span class='ocrx_word' id='word_1_393' title='bbox 1074 5647 1256 5682; x_wconf 88' lang='grc' dir='ltr'>κονου.</span> 
     </span>
    </p>
   </div>
   <div class='ocr_carea' id='block_1_65' title="bbox 323 5716 1992 5820">
    <p class='ocr_par' dir='ltr' id='par_1_65' title="bbox 323 5716 1992 5820">
     <span class='ocr_line' id='line_1_65' title="bbox 323 5716 1992 5820; baseline -0.011 -23"><span class='ocrx_word' id='word_1_394' title='bbox 323 5733 675 5820; x_wconf 76' lang='grc' dir='ltr'>Τιμόθεοςὸ</span> <span class='ocrx_word' id='word_1_395' title='bbox 750 5716 1115 5797; x_wconf 70' lang='grc' dir='ltr'>ἱερομάρτυς</span> <span class='ocrx_word' id='word_1_396' title='bbox 1179 5718 1398 5795; x_wconf 75' lang='grc' dir='ltr'>ὑπῆρχε</span> <span class='ocrx_word' id='word_1_397' title='bbox 1455 5719 1552 5793; x_wconf 74' lang='grc' dir='ltr'>μὲν</span> <span class='ocrx_word' id='word_1_398' title='bbox 1611 5717 1665 5776; x_wconf 79' lang='grc' dir='ltr'>ἐν</span> <span class='ocrx_word' id='word_1_399' title='bbox 1713 5725 1992 5800; x_wconf 77' lang='grc' dir='ltr'>Μαυριτα-</span> 
     </span>
    </p>
   </div>
   <div class='ocr_carea' id='block_1_66' title="bbox 2137 612 3793 685">
    <p class='ocr_par' dir='ltr' id='par_1_66' title="bbox 2137 612 3793 685">
     <span class='ocr_line' id='line_1_66' title="bbox 2137 612 3793 685; baseline -0.001 -16"><span class='ocrx_word' id='word_1_400' title='bbox 2137 618 2500 685; x_wconf 87' lang='lat' dir='ltr'>susceperat,</span> <span class='ocrx_word' id='word_1_401' title='bbox 2521 613 2728 668; x_wconf 88' lang='lat' dir='ltr'>eadem</span> <span class='ocrx_word' id='word_1_402' title='bbox 2763 629 2938 684; x_wconf 86' lang='lat' dir='ltr'>prava</span> <span class='ocrx_word' id='word_1_403' title='bbox 2963 612 3078 667; x_wconf 83' lang='lat' dir='ltr'>ﬁde</span> <span class='ocrx_word' id='word_1_404' title='bbox 3112 612 3377 676; x_wconf 90' lang='lat' dir='ltr'>imbutis,</span> <span class='ocrx_word' id='word_1_405' title='bbox 3411 613 3659 681; x_wconf 87' lang='lat' dir='ltr'>interiit,</span> <span class='ocrx_word' id='word_1_406' title='bbox 3694 630 3793 668; x_wconf 89' lang='lat' dir='ltr'>re-</span> 
     </span>
    </p>
   </div>
   <div class='ocr_carea' id='block_1_67' title="bbox 2134 701 3788 774">
    <p class='ocr_par' dir='ltr' id='par_1_67' title="bbox 2134 701 3788 774">
     <span class='ocr_line' id='line_1_67' title="bbox 2134 701 3788 774; baseline -0.001 -17"><span class='ocrx_word' id='word_1_407' title='bbox 2134 703 2290 758; x_wconf 86' lang='lat' dir='ltr'>lictis</span> <span class='ocrx_word' id='word_1_408' title='bbox 2321 703 2520 774; x_wconf 90' lang='lat' dir='ltr'>pueris</span> <span class='ocrx_word' id='word_1_409' title='bbox 2551 719 2688 758; x_wconf 89' lang='lat' dir='ltr'>cum</span> <span class='ocrx_word' id='word_1_410' title='bbox 2718 719 2924 758; x_wconf 92' lang='lat' dir='ltr'>eorum</span> <span class='ocrx_word' id='word_1_411' title='bbox 2949 708 3252 758; x_wconf 83' lang='lat' dir='ltr'>matre:ex</span> <span class='ocrx_word' id='word_1_412' title='bbox 3283 702 3498 773; x_wconf 85' lang='lat' dir='ltr'>quibus</span> <span class='ocrx_word' id='word_1_413' title='bbox 3520 701 3788 758; x_wconf 88' lang='lat' dir='ltr'>Gelasius</span> 
     </span>
    </p>
   </div>
   <div class='ocr_carea' id='block_1_68' title="bbox 2135 792 3785 864">
    <p class='ocr_par' dir='ltr' id='par_1_68' title="bbox 2135 792 3785 864">
     <span class='ocr_line' id='line_1_68' title="bbox 2135 792 3785 864; baseline -0.001 -17"><span class='ocrx_word' id='word_1_414' title='bbox 2135 793 2545 864; x_wconf 86' lang='lat' dir='ltr'>Hierosolyma</span> <span class='ocrx_word' id='word_1_415' title='bbox 2569 792 3134 864; x_wconf 87' lang='lat' dir='ltr'>profectus,lauram</span> <span class='ocrx_word' id='word_1_416' title='bbox 3167 792 3365 847; x_wconf 81' lang='lat' dir='ltr'>Sancti</span> <span class='ocrx_word' id='word_1_417' title='bbox 3398 792 3561 847; x_wconf 73' lang='lat' dir='ltr'>Sabw</span> <span class='ocrx_word' id='word_1_418' title='bbox 3596 793 3785 863; x_wconf 88' lang='lat' dir='ltr'>petiit,</span> 
     </span>
    </p>
   </div>
   <div class='ocr_carea' id='block_1_69' title="bbox 2133 882 3786 952">
    <p class='ocr_par' dir='ltr' id='par_1_69' title="bbox 2133 882 3786 952">
     <span class='ocr_line' id='line_1_69' title="bbox 2133 882 3786 952; baseline 0 -15"><span class='ocrx_word' id='word_1_419' title='bbox 2133 888 2193 937; x_wconf 91' lang='lat' dir='ltr'>et</span> <span class='ocrx_word' id='word_1_420' title='bbox 2221 884 2547 938; x_wconf 77' lang='lat' dir='ltr'>monachus</span> <span class='ocrx_word' id='word_1_421' title='bbox 2571 886 2758 938; x_wconf 85' lang='lat' dir='ltr'>factus</span> <span class='ocrx_word' id='word_1_422' title='bbox 2793 887 2903 949; x_wconf 88' lang='lat' dir='ltr'>est,</span> <span class='ocrx_word' id='word_1_423' title='bbox 2935 888 3238 952; x_wconf 89' lang='lat' dir='ltr'>assumpto</span> <span class='ocrx_word' id='word_1_424' title='bbox 3273 882 3484 937; x_wconf 90' lang='lat' dir='ltr'>Bacchi</span> <span class='ocrx_word' id='word_1_425' title='bbox 3517 883 3786 937; x_wconf 87' lang='lat' dir='ltr'>nomine.</span> 
     </span>
    </p>
   </div>
   <div class='ocr_carea' id='block_1_70' title="bbox 2132 971 3788 1044">
    <p class='ocr_par' dir='ltr' id='par_1_70' title="bbox 2132 971 3788 1044">
     <span class='ocr_line' id='line_1_70' title="bbox 2132 971 3788 1044; baseline 0.001 -18"><span class='ocrx_word' id='word_1_426' title='bbox 2132 973 2395 1044; x_wconf 88' lang='lat' dir='ltr'>Cumque</span> <span class='ocrx_word' id='word_1_427' title='bbox 2428 979 2630 1028; x_wconf 84' lang='lat' dir='ltr'>sancte</span> <span class='ocrx_word' id='word_1_428' title='bbox 2661 972 2922 1038; x_wconf 81' lang='lat' dir='ltr'>vixisset,</span> <span class='ocrx_word' id='word_1_429' title='bbox 2946 989 2981 1026; x_wconf 91' lang='lat' dir='ltr'>a</span> <span class='ocrx_word' id='word_1_430' title='bbox 3012 971 3358 1026; x_wconf 84' lang='lat' dir='ltr'>monasterii</span> <span class='ocrx_word' id='word_1_431' title='bbox 3391 972 3668 1043; x_wconf 72' lang='lat' dir='ltr'>prmfecto</span> <span class='ocrx_word' id='word_1_432' title='bbox 3692 972 3788 1028; x_wconf 91' lang='lat' dir='ltr'>di-</span> 
     </span>
    </p>
   </div>
   <div class='ocr_carea' id='block_1_71' title="bbox 2131 1061 3788 1131">
    <p class='ocr_par' dir='ltr' id='par_1_71' title="bbox 2131 1061 3788 1131">
     <span class='ocr_line' id='line_1_71' title="bbox 2131 1061 3788 1131; baseline 0.002 -17"><span class='ocrx_word' id='word_1_433' title='bbox 2131 1061 2350 1116; x_wconf 87' lang='lat' dir='ltr'>missus</span> <span class='ocrx_word' id='word_1_434' title='bbox 2380 1061 2512 1128; x_wconf 90' lang='lat' dir='ltr'>fuit,</span> <span class='ocrx_word' id='word_1_435' title='bbox 2565 1078 2640 1116; x_wconf 91' lang='lat' dir='ltr'>ne</span> <span class='ocrx_word' id='word_1_436' title='bbox 2699 1061 2991 1116; x_wconf 89' lang='lat' dir='ltr'>rescirent</span> <span class='ocrx_word' id='word_1_437' title='bbox 3048 1061 3346 1127; x_wconf 83' lang='lat' dir='ltr'>Saraceni,</span> <span class='ocrx_word' id='word_1_438' title='bbox 3406 1061 3565 1131; x_wconf 91' lang='lat' dir='ltr'>quod</span> <span class='ocrx_word' id='word_1_439' title='bbox 3619 1061 3788 1117; x_wconf 89' lang='lat' dir='ltr'>illum</span> 
     </span>
    </p>
   </div>
   <div class='ocr_carea' id='block_1_72' title="bbox 2131 1149 3789 1222">
    <p class='ocr_par' dir='ltr' id='par_1_72' title="bbox 2131 1149 3789 1222">
     <span class='ocr_line' id='line_1_72' title="bbox 2131 1149 3789 1222; baseline 0.001 -18"><span class='ocrx_word' id='word_1_440' title='bbox 2131 1149 2502 1221; x_wconf 82' lang='lat' dir='ltr'>baptizasset.</span> <span class='ocrx_word' id='word_1_441' title='bbox 2528 1151 2636 1216; x_wconf 90' lang='lat' dir='ltr'>Qui</span> <span class='ocrx_word' id='word_1_442' title='bbox 2669 1151 2916 1206; x_wconf 91' lang='lat' dir='ltr'>domum</span> <span class='ocrx_word' id='word_1_443' title='bbox 2948 1167 3243 1214; x_wconf 83' lang='lat' dir='ltr'>reversus,</span> <span class='ocrx_word' id='word_1_444' title='bbox 3278 1150 3545 1222; x_wconf 90' lang='lat' dir='ltr'>quinque</span> <span class='ocrx_word' id='word_1_445' title='bbox 3575 1150 3789 1206; x_wconf 79' lang='lat' dir='ltr'>fratres</span> 
     </span>
    </p>
   </div>
   <div class='ocr_carea' id='block_1_73' title="bbox 2130 1238 3792 1312">
    <p class='ocr_par' dir='ltr' id='par_1_73' title="bbox 2130 1238 3792 1312">
     <span class='ocr_line' id='line_1_73' title="bbox 2130 1238 3792 1312; baseline 0.002 -19"><span class='ocrx_word' id='word_1_446' title='bbox 2130 1238 2460 1311; x_wconf 87' lang='lat' dir='ltr'>baptizavit.</span> <span class='ocrx_word' id='word_1_447' title='bbox 2494 1239 2607 1295; x_wconf 89' lang='lat' dir='ltr'>Sed</span> <span class='ocrx_word' id='word_1_448' title='bbox 2631 1241 2732 1312; x_wconf 89' lang='lat' dir='ltr'>qui</span> <span class='ocrx_word' id='word_1_449' title='bbox 2767 1257 2925 1295; x_wconf 89' lang='lat' dir='ltr'>unus</span> <span class='ocrx_word' id='word_1_450' title='bbox 2959 1257 3164 1295; x_wconf 90' lang='lat' dir='ltr'>eorum</span> <span class='ocrx_word' id='word_1_451' title='bbox 3200 1239 3568 1310; x_wconf 89' lang='lat' dir='ltr'>Baptismum</span> <span class='ocrx_word' id='word_1_452' title='bbox 3600 1242 3792 1296; x_wconf 86' lang='lat' dir='ltr'>susci—</span> 
     </span>
    </p>
   </div>
   <div class='ocr_carea' id='block_1_74' title="bbox 2130 1329 3788 1400">
    <p class='ocr_par' dir='ltr' id='par_1_74' title="bbox 2130 1329 3788 1400">
     <span class='ocr_line' id='line_1_74' title="bbox 2130 1329 3788 1400; baseline 0.001 -17"><span class='ocrx_word' id='word_1_453' title='bbox 2130 1345 2269 1400; x_wconf 89' lang='lat' dir='ltr'>pere</span> <span class='ocrx_word' id='word_1_454' title='bbox 2301 1335 2696 1400; x_wconf 90' lang='lat' dir='ltr'>recusaverat,</span> <span class='ocrx_word' id='word_1_455' title='bbox 2729 1329 2803 1386; x_wconf 89' lang='lat' dir='ltr'>ad</span> <span class='ocrx_word' id='word_1_456' title='bbox 2864 1332 3143 1385; x_wconf 86' lang='lat' dir='ltr'>Ameram</span> <span class='ocrx_word' id='word_1_457' title='bbox 3202 1330 3496 1384; x_wconf 88' lang='lat' dir='ltr'>Bacchum</span> <span class='ocrx_word' id='word_1_458' title='bbox 3555 1329 3788 1385; x_wconf 87' lang='lat' dir='ltr'>detulit.</span> 
     </span>
    </p>
   </div>
   <div class='ocr_carea' id='block_1_75' title="bbox 2129 1418 3787 1490">
    <p class='ocr_par' dir='ltr' id='par_1_75' title="bbox 2129 1418 3787 1490">
     <span class='ocr_line' id='line_1_75' title="bbox 2129 1418 3787 1490; baseline 0.002 -19"><span class='ocrx_word' id='word_1_459' title='bbox 2129 1423 2376 1473; x_wconf 84' lang='lat' dir='ltr'>Ameras</span> <span class='ocrx_word' id='word_1_460' title='bbox 2407 1423 2606 1474; x_wconf 71' lang='lat' dir='ltr'>autem</span> <span class='ocrx_word' id='word_1_461' title='bbox 2634 1419 2802 1474; x_wconf 90' lang='lat' dir='ltr'>illum</span> <span class='ocrx_word' id='word_1_462' title='bbox 2834 1419 3120 1474; x_wconf 85' lang='lat' dir='ltr'>decollari</span> <span class='ocrx_word' id='word_1_463' title='bbox 3147 1419 3352 1490; x_wconf 81' lang='lat' dir='ltr'>jussit,</span> <span class='ocrx_word' id='word_1_464' title='bbox 3380 1422 3559 1490; x_wconf 89' lang='lat' dir='ltr'>atque</span> <span class='ocrx_word' id='word_1_465' title='bbox 3588 1418 3668 1474; x_wconf 90' lang='lat' dir='ltr'>ita</span> <span class='ocrx_word' id='word_1_466' title='bbox 3683 1419 3787 1474; x_wconf 83' lang='lat' dir='ltr'>de-</span> 
     </span>
    </p>
   </div>
   <div class='ocr_carea' id='block_1_76' title="bbox 2127 1509 2324 1564">
    <p class='ocr_par' dir='ltr' id='par_1_76' title="bbox 2127 1509 2324 1564">
     <span class='ocr_line' id='line_1_76' title="bbox 2127 1509 2324 1564; baseline 0.005 -2"><span class='ocrx_word' id='word_1_467' title='bbox 2127 1509 2324 1564; x_wconf 89' lang='lat' dir='ltr'>cessit.</span> 
     </span>
    </p>
   </div>
   <div class='ocr_carea' id='block_1_77' title="bbox 2684 1697 3218 1753">
    <p class='ocr_par' dir='ltr' id='par_1_77' title="bbox 2684 1697 3218 1753">
     <span class='ocr_line' id='line_1_77' title="bbox 2684 1697 3218 1753; baseline 0 -1"><span class='ocrx_word' id='word_1_468' title='bbox 2684 1697 2924 1753; x_wconf 81' lang='lat' dir='ltr'><strong>EODEM</strong></span> <span class='ocrx_word' id='word_1_469' title='bbox 2967 1699 3218 1753; x_wconf 84' lang='lat' dir='ltr'><strong>MENSE.</strong></span> 
     </span>
    </p>
   </div>
   <div class='ocr_carea' id='block_1_78' title="bbox 2629 1794 3278 1851">
    <p class='ocr_par' dir='ltr' id='par_1_78' title="bbox 2629 1794 3278 1851">
     <span class='ocr_line' id='line_1_78' title="bbox 2629 1794 3278 1851; baseline 0.002 -3"><span class='ocrx_word' id='word_1_470' title='bbox 2629 1795 2732 1850; x_wconf 90' lang='lat' dir='ltr'>Die</span> <span class='ocrx_word' id='word_1_471' title='bbox 2773 1794 3007 1850; x_wconf 90' lang='lat' dir='ltr'>decima</span> <span class='ocrx_word' id='word_1_472' title='bbox 3054 1801 3278 1851; x_wconf 87' lang='lat' dir='ltr'>octava.</span> 
     </span>
    </p>
   </div>
   <div class='ocr_carea' id='block_1_79' title="bbox 2233 1884 3679 1941">
    <p class='ocr_par' dir='ltr' id='par_1_79' title="bbox 2233 1884 3679 1941">
     <span class='ocr_line' id='line_1_79' title="bbox 2233 1884 3679 1941; baseline 0.001 -2"><span class='ocrx_word' id='word_1_473' title='bbox 2233 1885 2333 1939; x_wconf 76' lang='lat'>89</span> <span class='ocrx_word' id='word_1_474' title='bbox 2366 1884 2818 1941; x_wconf 82' lang='lat' dir='ltr'>Commemoratio</span> <span class='ocrx_word' id='word_1_475' title='bbox 2850 1887 3028 1939; x_wconf 84' lang='lat' dir='ltr'>sancti</span> <span class='ocrx_word' id='word_1_476' title='bbox 3080 1887 3262 1940; x_wconf 87' lang='lat' dir='ltr'>Patris</span> <span class='ocrx_word' id='word_1_477' title='bbox 3309 1888 3488 1941; x_wconf 82' lang='lat' dir='ltr'>nostri</span> <span class='ocrx_word' id='word_1_478' title='bbox 3522 1886 3679 1941; x_wconf 81' lang='lat' dir='ltr'>Flori</span> 
     </span>
    </p>
   </div>
   <div class='ocr_carea' id='block_1_80' title="bbox 2800 1958 3102 2026">
    <p class='ocr_par' dir='ltr' id='par_1_80' title="bbox 2800 1958 3102 2026">
     <span class='ocr_line' id='line_1_80' title="bbox 2800 1958 3102 2026; baseline -0.01 -16"><span class='ocrx_word' id='word_1_479' title='bbox 2800 1958 3102 2026; x_wconf 83' lang='lat' dir='ltr'>pontiﬁcis.</span> 
     </span>
    </p>
   </div>
   <div class='ocr_carea' id='block_1_81' title="bbox 2194 2055 3778 2126">
    <p class='ocr_par' dir='ltr' id='par_1_81' title="bbox 2194 2055 3778 2126">
     <span class='ocr_line' id='line_1_81' title="bbox 2194 2055 3778 2126; baseline 0.001 -17"><span class='ocrx_word' id='word_1_480' title='bbox 2194 2056 2581 2126; x_wconf 90' lang='lat' dir='ltr'>Temporibus</span> <span class='ocrx_word' id='word_1_481' title='bbox 2611 2055 2827 2110; x_wconf 86' lang='lat' dir='ltr'>Justini</span> <span class='ocrx_word' id='word_1_482' title='bbox 2858 2055 3389 2125; x_wconf 84' lang='lat' dir='ltr'>Junioris,Tiberii,</span> <span class='ocrx_word' id='word_1_483' title='bbox 3423 2061 3482 2112; x_wconf 91' lang='lat' dir='ltr'>et</span> <span class='ocrx_word' id='word_1_484' title='bbox 3515 2057 3778 2112; x_wconf 83' lang='lat' dir='ltr'>Mauricii</span> 
     </span>
    </p>
   </div>
   <div class='ocr_carea' id='block_1_82' title="bbox 2124 2145 3782 2217">
    <p class='ocr_par' dir='ltr' id='par_1_82' title="bbox 2124 2145 3782 2217">
     <span class='ocr_line' id='line_1_82' title="bbox 2124 2145 3782 2217; baseline 0.002 -20"><span class='ocrx_word' id='word_1_485' title='bbox 2124 2145 2572 2215; x_wconf 88' lang='lat' dir='ltr'>imperatorum,</span> <span class='ocrx_word' id='word_1_486' title='bbox 2624 2145 2840 2198; x_wconf 89' lang='lat' dir='ltr'>claruit</span> <span class='ocrx_word' id='word_1_487' title='bbox 2893 2145 3004 2198; x_wconf 91' lang='lat' dir='ltr'>iste</span> <span class='ocrx_word' id='word_1_488' title='bbox 3065 2149 3305 2199; x_wconf 87' lang='lat' dir='ltr'>sanctus</span> <span class='ocrx_word' id='word_1_489' title='bbox 3355 2145 3586 2213; x_wconf 88' lang='lat' dir='ltr'>Florus,</span> <span class='ocrx_word' id='word_1_490' title='bbox 3619 2152 3782 2217; x_wconf 84' lang='lat' dir='ltr'>patre</span> 
     </span>
    </p>
   </div>
   <div class='ocr_carea' id='block_1_83' title="bbox 2123 2233 3785 2306">
    <p class='ocr_par' dir='ltr' id='par_1_83' title="bbox 2123 2233 3785 2306">
     <span class='ocr_line' id='line_1_83' title="bbox 2123 2233 3785 2306; baseline 0.001 -17"><span class='ocrx_word' id='word_1_491' title='bbox 2123 2234 2330 2289; x_wconf 89' lang='lat' dir='ltr'>itidem</span> <span class='ocrx_word' id='word_1_492' title='bbox 2362 2234 2554 2301; x_wconf 92' lang='lat' dir='ltr'>Floro,</span> <span class='ocrx_word' id='word_1_493' title='bbox 2591 2239 2650 2288; x_wconf 88' lang='lat' dir='ltr'>et</span> <span class='ocrx_word' id='word_1_494' title='bbox 2679 2239 2865 2288; x_wconf 89' lang='lat' dir='ltr'>matre</span> <span class='ocrx_word' id='word_1_495' title='bbox 2913 2233 3242 2304; x_wconf 88' lang='lat' dir='ltr'>Euphemia</span> <span class='ocrx_word' id='word_1_496' title='bbox 3273 2239 3468 2302; x_wconf 89' lang='lat' dir='ltr'>natus,</span> <span class='ocrx_word' id='word_1_497' title='bbox 3502 2252 3537 2290; x_wconf 90' lang='lat' dir='ltr'>a</span> <span class='ocrx_word' id='word_1_498' title='bbox 3568 2235 3785 2306; x_wconf 88' lang='lat' dir='ltr'>quibus</span> 
     </span>
    </p>
   </div>
   <div class='ocr_carea' id='block_1_84' title="bbox 2123 2322 3780 2396">
    <p class='ocr_par' dir='ltr' id='par_1_84' title="bbox 2123 2322 3780 2396">
     <span class='ocr_line' id='line_1_84' title="bbox 2123 2322 3780 2396; baseline 0.001 -19"><span class='ocrx_word' id='word_1_499' title='bbox 2123 2328 2248 2378; x_wconf 92' lang='lat' dir='ltr'>tum</span> <span class='ocrx_word' id='word_1_500' title='bbox 2297 2326 2659 2390; x_wconf 70' lang='lat' dir='ltr'>Grmcorum,</span> <span class='ocrx_word' id='word_1_501' title='bbox 2721 2329 2846 2377; x_wconf 78' lang='lat' dir='ltr'>tum</span> <span class='ocrx_word' id='word_1_502' title='bbox 2906 2323 3380 2379; x_wconf 88' lang='lat' dir='ltr'>Christianorum</span> <span class='ocrx_word' id='word_1_503' title='bbox 3441 2322 3780 2396; x_wconf 87' lang='lat' dir='ltr'>disciplinis</span> 
     </span>
    </p>
   </div>
   <div class='ocr_carea' id='block_1_85' title="bbox 2123 2412 3781 2484">
    <p class='ocr_par' dir='ltr' id='par_1_85' title="bbox 2123 2412 3781 2484">
     <span class='ocr_line' id='line_1_85' title="bbox 2123 2412 3781 2484; baseline 0.001 -17"><span class='ocrx_word' id='word_1_504' title='bbox 2123 2413 2728 2480; x_wconf 86' lang='lat' dir='ltr'>institutus,notarius</span> <span class='ocrx_word' id='word_1_505' title='bbox 2759 2414 3186 2484; x_wconf 86' lang='lat' dir='ltr'>imperatorum</span> <span class='ocrx_word' id='word_1_506' title='bbox 3202 2412 3392 2468; x_wconf 88' lang='lat' dir='ltr'>factus</span> <span class='ocrx_word' id='word_1_507' title='bbox 3413 2420 3503 2468; x_wconf 81' lang='lat' dir='ltr'>est</span> <span class='ocrx_word' id='word_1_508' title='bbox 3533 2413 3781 2469; x_wconf 83' lang='lat' dir='ltr'>:deinde</span> 
     </span>
    </p>
   </div>
   <div class='ocr_carea' id='block_1_86' title="bbox 2121 2504 3778 2575">
    <p class='ocr_par' dir='ltr' id='par_1_86' title="bbox 2121 2504 3778 2575">
     <span class='ocr_line' id='line_1_86' title="bbox 2121 2504 3778 2575; baseline 0.001 -17"><span class='ocrx_word' id='word_1_509' title='bbox 2121 2504 2183 2560; x_wconf 88' lang='lat' dir='ltr'>in</span> <span class='ocrx_word' id='word_1_510' title='bbox 2216 2505 2604 2575; x_wconf 88' lang='lat' dir='ltr'>palriciorum</span> <span class='ocrx_word' id='word_1_511' title='bbox 2637 2504 2912 2560; x_wconf 86' lang='lat' dir='ltr'>ordinem</span> <span class='ocrx_word' id='word_1_512' title='bbox 2944 2509 3277 2575; x_wconf 87' lang='lat' dir='ltr'>cooptatus,</span> <span class='ocrx_word' id='word_1_513' title='bbox 3313 2521 3559 2560; x_wconf 85' lang='lat' dir='ltr'>uxorem</span> <span class='ocrx_word' id='word_1_514' title='bbox 3591 2505 3778 2575; x_wconf 85' lang='lat' dir='ltr'>duxit,</span> 
     </span>
    </p>
   </div>
   <div class='ocr_carea' id='block_1_87' title="bbox 2125 2593 3776 2666">
    <p class='ocr_par' dir='ltr' id='par_1_87' title="bbox 2125 2593 3776 2666">
     <span class='ocr_line' id='line_1_87' title="bbox 2125 2593 3776 2666; baseline 0.001 -18"><span class='ocrx_word' id='word_1_515' title='bbox 2125 2593 2398 2664; x_wconf 82' lang='lat' dir='ltr'>filiosque</span> <span class='ocrx_word' id='word_1_516' title='bbox 2431 2595 2777 2665; x_wconf 89' lang='lat' dir='ltr'>procreavit.</span> <span class='ocrx_word' id='word_1_517' title='bbox 2819 2594 2931 2649; x_wconf 90' lang='lat' dir='ltr'>Sed</span> <span class='ocrx_word' id='word_1_518' title='bbox 2957 2611 3239 2662; x_wconf 86' lang='lat' dir='ltr'>uxore,ac</span> <span class='ocrx_word' id='word_1_519' title='bbox 3273 2594 3414 2649; x_wconf 85' lang='lat' dir='ltr'>ﬁliis</span> <span class='ocrx_word' id='word_1_520' title='bbox 3441 2600 3606 2666; x_wconf 89' lang='lat' dir='ltr'>peste</span> <span class='ocrx_word' id='word_1_521' title='bbox 3631 2611 3776 2649; x_wconf 87' lang='lat' dir='ltr'>con-</span> 
     </span>
    </p>
   </div>
   <div class='ocr_carea' id='block_1_88' title="bbox 2122 2684 3774 2755">
    <p class='ocr_par' dir='ltr' id='par_1_88' title="bbox 2122 2684 3774 2755">
     <span class='ocr_line' id='line_1_88' title="bbox 2122 2684 3774 2755; baseline -0.001 -16"><span class='ocrx_word' id='word_1_522' title='bbox 2122 2685 2395 2755; x_wconf 84' lang='lat' dir='ltr'>sumptis,</span> <span class='ocrx_word' id='word_1_523' title='bbox 2421 2685 2545 2755; x_wconf 89' lang='lat' dir='ltr'>ipse</span> <span class='ocrx_word' id='word_1_524' title='bbox 2577 2685 2984 2749; x_wconf 85' lang='lat' dir='ltr'>contristatus,</span> <span class='ocrx_word' id='word_1_525' title='bbox 3014 2684 3388 2739; x_wconf 89' lang='lat' dir='ltr'>occasionem</span> <span class='ocrx_word' id='word_1_526' title='bbox 3421 2685 3774 2740; x_wconf 88' lang='lat' dir='ltr'>consulendi</span> 
     </span>
    </p>
   </div>
   <div class='ocr_carea' id='block_1_89' title="bbox 2120 2773 3773 2846">
    <p class='ocr_par' dir='ltr' id='par_1_89' title="bbox 2120 2773 3773 2846">
     <span class='ocr_line' id='line_1_89' title="bbox 2120 2773 3773 2846; baseline 0.001 -18"><span class='ocrx_word' id='word_1_527' title='bbox 2120 2773 2294 2828; x_wconf 89' lang='lat' dir='ltr'>saluti</span> <span class='ocrx_word' id='word_1_528' title='bbox 2333 2790 2455 2828; x_wconf 67' lang='lat' dir='ltr'>sua)</span> <span class='ocrx_word' id='word_1_529' title='bbox 2499 2773 2817 2844; x_wconf 90' lang='lat' dir='ltr'>arripiens,</span> <span class='ocrx_word' id='word_1_530' title='bbox 2877 2790 3004 2828; x_wconf 90' lang='lat' dir='ltr'>sese</span> <span class='ocrx_word' id='word_1_531' title='bbox 3070 2774 3130 2828; x_wconf 90' lang='lat' dir='ltr'>in</span> <span class='ocrx_word' id='word_1_532' title='bbox 3189 2773 3510 2844; x_wconf 85' lang='lat' dir='ltr'>quemdam</span> <span class='ocrx_word' id='word_1_533' title='bbox 3567 2791 3773 2846; x_wconf 81' lang='lat' dir='ltr'>agrum</span> 
     </span>
    </p>
   </div>
   <div class='ocr_carea' id='block_1_90' title="bbox 2119 2862 3780 2934">
    <p class='ocr_par' dir='ltr' id='par_1_90' title="bbox 2119 2862 3780 2934">
     <span class='ocr_line' id='line_1_90' title="bbox 2119 2862 3780 2934; baseline 0 -16"><span class='ocrx_word' id='word_1_534' title='bbox 2119 2862 2424 2933; x_wconf 90' lang='lat' dir='ltr'>suum,qui</span> <span class='ocrx_word' id='word_1_535' title='bbox 2458 2863 2517 2916; x_wconf 92' lang='lat' dir='ltr'>in</span> <span class='ocrx_word' id='word_1_536' title='bbox 2551 2863 2778 2933; x_wconf 83' lang='lat' dir='ltr'>Anaplo</span> <span class='ocrx_word' id='word_1_537' title='bbox 2815 2867 2962 2928; x_wconf 88' lang='lat' dir='ltr'>erat,</span> <span class='ocrx_word' id='word_1_538' title='bbox 2991 2863 3236 2934; x_wconf 87' lang='lat' dir='ltr'>recepit.</span> <span class='ocrx_word' id='word_1_539' title='bbox 3272 2863 3496 2918; x_wconf 91' lang='lat' dir='ltr'>Deinde</span> <span class='ocrx_word' id='word_1_540' title='bbox 3541 2863 3615 2918; x_wconf 92' lang='lat' dir='ltr'>ob</span> <span class='ocrx_word' id='word_1_541' title='bbox 3648 2864 3780 2918; x_wconf 66' lang='lat' dir='ltr'>vita)</span> 
     </span>
    </p>
   </div>
   <div class='ocr_carea' id='block_1_91' title="bbox 2117 2951 3781 3023">
    <p class='ocr_par' dir='ltr' id='par_1_91' title="bbox 2117 2951 3781 3023">
     <span class='ocr_line' id='line_1_91' title="bbox 2117 2951 3781 3023; baseline 0.001 -17"><span class='ocrx_word' id='word_1_542' title='bbox 2117 2953 2494 3007; x_wconf 89' lang='lat' dir='ltr'>sanctitatem</span> <span class='ocrx_word' id='word_1_543' title='bbox 2530 2951 2846 3023; x_wconf 88' lang='lat' dir='ltr'>episcopus</span> <span class='ocrx_word' id='word_1_544' title='bbox 2899 2952 3082 3007; x_wconf 85' lang='lat' dir='ltr'>Amisi</span> <span class='ocrx_word' id='word_1_545' title='bbox 3145 2953 3476 3017; x_wconf 88' lang='lat' dir='ltr'>ordinatus,</span> <span class='ocrx_word' id='word_1_546' title='bbox 3510 2970 3646 3008; x_wconf 91' lang='lat' dir='ltr'>cum</span> <span class='ocrx_word' id='word_1_547' title='bbox 3699 2953 3781 3007; x_wconf 91' lang='lat' dir='ltr'>ibi</span> 
     </span>
    </p>
   </div>
   <div class='ocr_carea' id='block_1_92' title="bbox 2116 3040 3784 3113">
    <p class='ocr_par' dir='ltr' id='par_1_92' title="bbox 2116 3040 3784 3113">
     <span class='ocr_line' id='line_1_92' title="bbox 2116 3040 3784 3113; baseline 0 -17"><span class='ocrx_word' id='word_1_548' title='bbox 2116 3040 2408 3096; x_wconf 90' lang='lat' dir='ltr'>creditum</span> <span class='ocrx_word' id='word_1_549' title='bbox 2453 3041 2564 3095; x_wconf 89' lang='lat' dir='ltr'>sibi</span> <span class='ocrx_word' id='word_1_550' title='bbox 2624 3057 2864 3113; x_wconf 84' lang='lat' dir='ltr'>gregem</span> <span class='ocrx_word' id='word_1_551' title='bbox 2932 3047 3091 3095; x_wconf 90' lang='lat' dir='ltr'>recte</span> <span class='ocrx_word' id='word_1_552' title='bbox 3149 3041 3558 3113; x_wconf 87' lang='lat' dir='ltr'>gubernasset,</span> <span class='ocrx_word' id='word_1_553' title='bbox 3594 3058 3784 3112; x_wconf 85' lang='lat' dir='ltr'>popu-</span> 
     </span>
    </p>
   </div>
   <div class='ocr_carea' id='block_1_93' title="bbox 2114 3128 3782 3202">
    <p class='ocr_par' dir='ltr' id='par_1_93' title="bbox 2114 3128 3782 3202">
     <span class='ocr_line' id='line_1_93' title="bbox 2114 3128 3782 3202; baseline 0.001 -19"><span class='ocrx_word' id='word_1_554' title='bbox 2114 3128 2360 3201; x_wconf 88' lang='lat' dir='ltr'>lumque</span> <span class='ocrx_word' id='word_1_555' title='bbox 2389 3130 2652 3202; x_wconf 90' lang='lat' dir='ltr'>optimos</span> <span class='ocrx_word' id='word_1_556' title='bbox 2691 3147 2910 3192; x_wconf 88' lang='lat' dir='ltr'>mores,</span> <span class='ocrx_word' id='word_1_557' title='bbox 2947 3135 3289 3200; x_wconf 87' lang='lat' dir='ltr'>rectamque</span> <span class='ocrx_word' id='word_1_558' title='bbox 3322 3129 3501 3184; x_wconf 79' lang='lat' dir='ltr'>fidem</span> <span class='ocrx_word' id='word_1_559' title='bbox 3548 3128 3782 3185; x_wconf 81' lang='lat' dir='ltr'>docuis-</span> 
     </span>
    </p>
   </div>
   <div class='ocr_carea' id='block_1_94' title="bbox 2119 3219 3777 3292">
    <p class='ocr_par' dir='ltr' id='par_1_94' title="bbox 2119 3219 3777 3292">
     <span class='ocr_line' id='line_1_94' title="bbox 2119 3219 3777 3292; baseline 0 -18"><span class='ocrx_word' id='word_1_560' title='bbox 2119 3226 2227 3284; x_wconf 90' lang='lat' dir='ltr'>set,</span> <span class='ocrx_word' id='word_1_561' title='bbox 2263 3225 2444 3292; x_wconf 92' lang='lat' dir='ltr'>atque</span> <span class='ocrx_word' id='word_1_562' title='bbox 2475 3219 2547 3275; x_wconf 89' lang='lat' dir='ltr'>ad</span> <span class='ocrx_word' id='word_1_563' title='bbox 2599 3220 2896 3291; x_wconf 83' lang='lat' dir='ltr'>explenda</span> <span class='ocrx_word' id='word_1_564' title='bbox 2957 3219 3057 3274; x_wconf 89' lang='lat' dir='ltr'>Dei</span> <span class='ocrx_word' id='word_1_565' title='bbox 3110 3219 3392 3274; x_wconf 88' lang='lat' dir='ltr'>mandata</span> <span class='ocrx_word' id='word_1_566' title='bbox 3441 3219 3777 3288; x_wconf 82' lang='lat' dir='ltr'>excitasset,</span> 
     </span>
    </p>
   </div>
   <div class='ocr_carea' id='block_1_95' title="bbox 2119 3307 3776 3380">
    <p class='ocr_par' dir='ltr' id='par_1_95' title="bbox 2119 3307 3776 3380">
     <span class='ocr_line' id='line_1_95' title="bbox 2119 3307 3776 3380; baseline -0.001 -16"><span class='ocrx_word' id='word_1_567' title='bbox 2119 3309 2496 3377; x_wconf 82' lang='lat' dir='ltr'>obdormivit,</span> <span class='ocrx_word' id='word_1_568' title='bbox 2531 3309 2838 3365; x_wconf 89' lang='lat' dir='ltr'>miraculis</span> <span class='ocrx_word' id='word_1_569' title='bbox 2869 3327 2940 3364; x_wconf 85' lang='lat' dir='ltr'>ex</span> <span class='ocrx_word' id='word_1_570' title='bbox 2996 3310 3127 3379; x_wconf 80' lang='lat' dir='ltr'>ejus</span> <span class='ocrx_word' id='word_1_571' title='bbox 3177 3309 3451 3380; x_wconf 89' lang='lat' dir='ltr'>sepulcro</span> <span class='ocrx_word' id='word_1_572' title='bbox 3497 3325 3682 3379; x_wconf 88' lang='lat' dir='ltr'>usque</span> <span class='ocrx_word' id='word_1_573' title='bbox 3714 3307 3776 3363; x_wconf 90' lang='lat' dir='ltr'>in</span> 
     </span>
    </p>
   </div>
   <div class='ocr_carea' id='block_1_96' title="bbox 2111 3398 3090 3468">
    <p class='ocr_par' dir='ltr' id='par_1_96' title="bbox 2111 3398 3090 3468">
     <span class='ocr_line' id='line_1_96' title="bbox 2111 3398 3090 3468; baseline 0 -16"><span class='ocrx_word' id='word_1_574' title='bbox 2111 3405 2465 3468; x_wconf 64' lang='lat' dir='ltr'>praesentem</span> <span class='ocrx_word' id='word_1_575' title='bbox 2497 3399 2657 3452; x_wconf 89' lang='lat' dir='ltr'>diem</span> <span class='ocrx_word' id='word_1_576' title='bbox 2684 3398 3090 3453; x_wconf 84' lang='lat' dir='ltr'>manantibus.</span> 
     </span>
    </p>
   </div>
   <div class='ocr_carea' id='block_1_97' title="bbox 2671 3603 3200 3657">
    <p class='ocr_par' dir='ltr' id='par_1_97' title="bbox 2671 3603 3200 3657">
     <span class='ocr_line' id='line_1_97' title="bbox 2671 3603 3200 3657; baseline 0 -1"><span class='ocrx_word' id='word_1_577' title='bbox 2671 3603 2910 3657; x_wconf 86' lang='lat' dir='ltr'><strong>EODEM</strong></span> <span class='ocrx_word' id='word_1_578' title='bbox 2951 3603 3200 3656; x_wconf 84' lang='lat' dir='ltr'>MENSE.</span> 
     </span>
    </p>
   </div>
   <div class='ocr_carea' id='block_1_98' title="bbox 2666 3690 3208 3747">
    <p class='ocr_par' dir='ltr' id='par_1_98' title="bbox 2666 3690 3208 3747">
     <span class='ocr_line' id='line_1_98' title="bbox 2666 3690 3208 3747; baseline 0.002 -1"><span class='ocrx_word' id='word_1_579' title='bbox 2666 3692 2765 3746; x_wconf 90' lang='lat' dir='ltr'>Die</span> <span class='ocrx_word' id='word_1_580' title='bbox 2794 3690 3024 3746; x_wconf 90' lang='lat' dir='ltr'>decima</span> <span class='ocrx_word' id='word_1_581' title='bbox 3050 3708 3208 3747; x_wconf 91' lang='lat' dir='ltr'>nona</span> 
     </span>
    </p>
   </div>
   <div class='ocr_carea' id='block_1_99' title="bbox 2108 3791 3759 3916">
    <p class='ocr_par' dir='ltr' id='par_1_99' title="bbox 2108 3791 3759 3916">
     <span class='ocr_line' id='line_1_99' title="bbox 2108 3791 3759 3916; baseline -0.001 -69"><span class='ocrx_word' id='word_1_582' title='bbox 2108 3792 2209 3847; x_wconf 61' lang='grc' dir='ltr'>,ιο</span> <span class='ocrx_word' id='word_1_583' title='bbox 2250 3791 2532 3846; x_wconf 84' lang='lat' dir='ltr'>Certamen</span> <span class='ocrx_word' id='word_1_584' title='bbox 2563 3796 3213 3916; x_wconf 54' lang='lat' dir='ltr'>sanctorumEpiartg/rum</span> <span class='ocrx_word' id='word_1_585' title='bbox 3262 3793 3470 3862; x_wconf 81' lang='lat' dir='ltr'>Promi,</span> <span class='ocrx_word' id='word_1_586' title='bbox 3524 3793 3659 3845; x_wconf 81' lang='lat' dir='ltr'>Arei</span> <span class='ocrx_word' id='word_1_587' title='bbox 3706 3799 3759 3846; x_wconf 89' lang='lat' dir='ltr'>et</span> 
     </span>
     <span class='ocr_line' id='line_1_100' title="bbox 2932 3879 3018 3916; baseline 0 0"><span class='ocrx_word' id='word_1_588' title='bbox 2932 3879 3018 3916; x_wconf 71' lang='lat' dir='ltr'>tae.</span> 
     </span>
    </p>
   </div>
   <div class='ocr_carea' id='block_1_100' title="bbox 2932 3879 3018 3917">
    <p class='ocr_par' dir='ltr' id='par_1_100' title="bbox 2932 3879 3018 3917">
     <span class='ocr_line' id='line_1_101' title="bbox 2932 3879 3018 3917; baseline 0 -1"><span class='ocrx_word' id='word_1_589' title='bbox 2932 3879 3018 3917; x_wconf 77' lang='grc' dir='ltr'>τεε.</span> 
     </span>
    </p>
   </div>
   <div class='ocr_carea' id='block_1_101' title="bbox 2179 3961 3761 4034">
    <p class='ocr_par' dir='ltr' id='par_1_101' title="bbox 2179 3961 3761 4034">
     <span class='ocr_line' id='line_1_102' title="bbox 2179 3961 3761 4034; baseline 0.001 -18"><span class='ocrx_word' id='word_1_590' title='bbox 2179 3962 2278 4017; x_wconf 87' lang='lat' dir='ltr'>Isti</span> <span class='ocrx_word' id='word_1_591' title='bbox 2327 3979 2544 4034; x_wconf 84' lang='lat' dir='ltr'>genere</span> <span class='ocrx_word' id='word_1_592' title='bbox 2598 3961 2841 4032; x_wconf 90' lang='lat' dir='ltr'>quidem</span> <span class='ocrx_word' id='word_1_593' title='bbox 2899 3961 3174 4034; x_wconf 67' lang='lat' dir='ltr'>zEgyptii,</span> <span class='ocrx_word' id='word_1_594' title='bbox 3212 3962 3314 4016; x_wconf 90' lang='lat' dir='ltr'>sed</span> <span class='ocrx_word' id='word_1_595' title='bbox 3393 3962 3761 4032; x_wconf 87' lang='lat' dir='ltr'>professione</span> 
     </span>
    </p>
   </div>
   <div class='ocr_carea' id='block_1_102' title="bbox 2103 4050 3763 4121">
    <p class='ocr_par' dir='ltr' id='par_1_102' title="bbox 2103 4050 3763 4121">
     <span class='ocr_line' id='line_1_103' title="bbox 2103 4050 3763 4121; baseline 0.001 -17"><span class='ocrx_word' id='word_1_596' title='bbox 2103 4050 2441 4116; x_wconf 87' lang='lat' dir='ltr'>Christiani,</span> <span class='ocrx_word' id='word_1_597' title='bbox 2476 4050 2672 4105; x_wconf 90' lang='lat' dir='ltr'>divino</span> <span class='ocrx_word' id='word_1_598' title='bbox 2703 4050 2825 4104; x_wconf 89' lang='lat' dir='ltr'>zelo</span> <span class='ocrx_word' id='word_1_599' title='bbox 2859 4051 3109 4118; x_wconf 89' lang='lat' dir='ltr'>incensi,</span> <span class='ocrx_word' id='word_1_600' title='bbox 3144 4067 3246 4105; x_wconf 88' lang='lat' dir='ltr'>eos</span> <span class='ocrx_word' id='word_1_601' title='bbox 3283 4051 3385 4121; x_wconf 91' lang='lat' dir='ltr'>qui</span> <span class='ocrx_word' id='word_1_602' title='bbox 3415 4051 3476 4105; x_wconf 90' lang='lat' dir='ltr'>in</span> <span class='ocrx_word' id='word_1_603' title='bbox 3509 4053 3763 4106; x_wconf 86' lang='lat' dir='ltr'>carceri-</span> 
     </span>
    </p>
   </div>
   <div class='ocr_carea' id='block_1_103' title="bbox 2103 4140 3762 4213">
    <p class='ocr_par' dir='ltr' id='par_1_103' title="bbox 2103 4140 3762 4213">
     <span class='ocr_line' id='line_1_104' title="bbox 2103 4140 3762 4213; baseline 0.002 -19"><span class='ocrx_word' id='word_1_604' title='bbox 2103 4141 2214 4195; x_wconf 89' lang='lat' dir='ltr'>bus</span> <span class='ocrx_word' id='word_1_605' title='bbox 2242 4158 2344 4212; x_wconf 90' lang='lat' dir='ltr'>pro</span> <span class='ocrx_word' id='word_1_606' title='bbox 2393 4141 2624 4195; x_wconf 89' lang='lat' dir='ltr'>Christo</span> <span class='ocrx_word' id='word_1_607' title='bbox 2681 4140 3126 4208; x_wconf 86' lang='lat' dir='ltr'>detinebantur,</span> <span class='ocrx_word' id='word_1_608' title='bbox 3177 4146 3415 4195; x_wconf 86' lang='lat' dir='ltr'>sanctos</span> <span class='ocrx_word' id='word_1_609' title='bbox 3465 4147 3762 4213; x_wconf 84' lang='lat' dir='ltr'>martyres</span> 
     </span>
    </p>
   </div>
   <div class='ocr_carea' id='block_1_104' title="bbox 2101 4229 3763 4301">
    <p class='ocr_par' dir='ltr' id='par_1_104' title="bbox 2101 4229 3763 4301">
     <span class='ocr_line' id='line_1_105' title="bbox 2101 4229 3763 4301; baseline 0.001 -16"><span class='ocrx_word' id='word_1_610' title='bbox 2101 4230 2366 4297; x_wconf 89' lang='lat' dir='ltr'>adibant,</span> <span class='ocrx_word' id='word_1_611' title='bbox 2401 4232 2604 4301; x_wconf 89' lang='lat' dir='ltr'>eisque</span> <span class='ocrx_word' id='word_1_612' title='bbox 2637 4247 2767 4300; x_wconf 79' lang='lat' dir='ltr'>quae</span> <span class='ocrx_word' id='word_1_613' title='bbox 2801 4229 2875 4284; x_wconf 89' lang='lat' dir='ltr'>ad</span> <span class='ocrx_word' id='word_1_614' title='bbox 2895 4230 3177 4284; x_wconf 89' lang='lat' dir='ltr'>tuendam</span> <span class='ocrx_word' id='word_1_615' title='bbox 3209 4231 3389 4285; x_wconf 89' lang='lat' dir='ltr'>vitam</span> <span class='ocrx_word' id='word_1_616' title='bbox 3416 4235 3763 4288; x_wconf 86' lang='lat' dir='ltr'>necessaria</span> 
     </span>
    </p>
   </div>
   <div class='ocr_carea' id='block_1_105' title="bbox 2100 4319 3758 4392">
    <p class='ocr_par' dir='ltr' id='par_1_105' title="bbox 2100 4319 3758 4392">
     <span class='ocr_line' id='line_1_106' title="bbox 2100 4319 3758 4392; baseline 0.001 -18"><span class='ocrx_word' id='word_1_617' title='bbox 2100 4325 2288 4386; x_wconf 88' lang='lat' dir='ltr'>erant,</span> <span class='ocrx_word' id='word_1_618' title='bbox 2322 4319 2802 4390; x_wconf 86' lang='lat' dir='ltr'>suppeditabant.</span> <span class='ocrx_word' id='word_1_619' title='bbox 2837 4319 3087 4373; x_wconf 84' lang='lat' dir='ltr'>Profecti</span> <span class='ocrx_word' id='word_1_620' title='bbox 3136 4319 3315 4389; x_wconf 89' lang='lat' dir='ltr'>igitur</span> <span class='ocrx_word' id='word_1_621' title='bbox 3348 4320 3407 4372; x_wconf 89' lang='lat' dir='ltr'>in</span> <span class='ocrx_word' id='word_1_622' title='bbox 3461 4319 3758 4392; x_wconf 88' lang='lat' dir='ltr'>Ciliciam,</span> 
     </span>
    </p>
   </div>
   <div class='ocr_carea' id='block_1_106' title="bbox 2100 4409 3754 4481">
    <p class='ocr_par' dir='ltr' id='par_1_106' title="bbox 2100 4409 3754 4481">
     <span class='ocr_line' id='line_1_107' title="bbox 2100 4409 3754 4481; baseline -0.001 -15"><span class='ocrx_word' id='word_1_623' title='bbox 2100 4411 2454 4466; x_wconf 86' lang='lat' dir='ltr'>Ascalonam</span> <span class='ocrx_word' id='word_1_624' title='bbox 2471 4415 2677 4481; x_wconf 88' lang='lat' dir='ltr'>postea</span> <span class='ocrx_word' id='word_1_625' title='bbox 2698 4409 2907 4463; x_wconf 89' lang='lat' dir='ltr'>urbem</span> <span class='ocrx_word' id='word_1_626' title='bbox 2931 4409 3278 4479; x_wconf 79' lang='lat' dir='ltr'>ingressuri,</span> <span class='ocrx_word' id='word_1_627' title='bbox 3294 4426 3328 4463; x_wconf 90' lang='lat' dir='ltr'>a</span> <span class='ocrx_word' id='word_1_628' title='bbox 3356 4415 3540 4480; x_wconf 62' lang='lat' dir='ltr'>portas</span> <span class='ocrx_word' id='word_1_629' title='bbox 3558 4416 3754 4465; x_wconf 87' lang='lat' dir='ltr'>custo-</span> 
     </span>
    </p>
   </div>
   <div class='ocr_carea' id='block_1_107' title="bbox 2099 4496 3745 4569">
    <p class='ocr_par' dir='ltr' id='par_1_107' title="bbox 2099 4496 3745 4569">
     <span class='ocr_line' id='line_1_108' title="bbox 2099 4496 3745 4569; baseline 0 -16"><span class='ocrx_word' id='word_1_630' title='bbox 2099 4498 2292 4565; x_wconf 88' lang='lat' dir='ltr'>dibus,</span> <span class='ocrx_word' id='word_1_631' title='bbox 2328 4499 2576 4554; x_wconf 87' lang='lat' dir='ltr'>barbaro</span> <span class='ocrx_word' id='word_1_632' title='bbox 2608 4499 2916 4552; x_wconf 89' lang='lat' dir='ltr'>hominum</span> <span class='ocrx_word' id='word_1_633' title='bbox 2947 4496 3281 4569; x_wconf 84' lang='lat' dir='ltr'>agrestique</span> <span class='ocrx_word' id='word_1_634' title='bbox 3304 4514 3540 4569; x_wconf 84' lang='lat' dir='ltr'>genere,</span> <span class='ocrx_word' id='word_1_635' title='bbox 3574 4514 3745 4554; x_wconf 90' lang='lat' dir='ltr'>com-</span> 
     </span>
    </p>
   </div>
   <div class='ocr_carea' id='block_1_108' title="bbox 2100 4587 3766 4660">
    <p class='ocr_par' dir='ltr' id='par_1_108' title="bbox 2100 4587 3766 4660">
     <span class='ocr_line' id='line_1_109' title="bbox 2100 4587 3766 4660; baseline 0.001 -17"><span class='ocrx_word' id='word_1_636' title='bbox 2100 4587 2552 4660; x_wconf 88' lang='lat' dir='ltr'>prehenduntur</span> <span class='ocrx_word' id='word_1_637' title='bbox 2584 4591 2868 4658; x_wconf 89' lang='lat' dir='ltr'>tanquam</span> <span class='ocrx_word' id='word_1_638' title='bbox 2901 4587 3335 4658; x_wconf 86' lang='lat' dir='ltr'>proditores,et</span> <span class='ocrx_word' id='word_1_639' title='bbox 3363 4587 3438 4642; x_wconf 88' lang='lat' dir='ltr'>ad</span> <span class='ocrx_word' id='word_1_640' title='bbox 3471 4588 3766 4645; x_wconf 85' lang='lat' dir='ltr'>Firmilia-</span> 
     </span>
    </p>
   </div>
   <div class='ocr_carea' id='block_1_109' title="bbox 2100 4675 3760 4750">
    <p class='ocr_par' dir='ltr' id='par_1_109' title="bbox 2100 4675 3760 4750">
     <span class='ocr_line' id='line_1_110' title="bbox 2100 4675 3760 4750; baseline 0.002 -18"><span class='ocrx_word' id='word_1_641' title='bbox 2100 4693 2245 4732; x_wconf 90' lang='lat' dir='ltr'>num</span> <span class='ocrx_word' id='word_1_642' title='bbox 2305 4675 2620 4749; x_wconf 71' lang='lat' dir='ltr'>praesidem</span> <span class='ocrx_word' id='word_1_643' title='bbox 2674 4676 2943 4742; x_wconf 90' lang='lat' dir='ltr'>adducti,</span> <span class='ocrx_word' id='word_1_644' title='bbox 3001 4676 3072 4731; x_wconf 91' lang='lat' dir='ltr'>ab</span> <span class='ocrx_word' id='word_1_645' title='bbox 3144 4692 3332 4746; x_wconf 92' lang='lat' dir='ltr'>eoque</span> <span class='ocrx_word' id='word_1_646' title='bbox 3393 4677 3760 4750; x_wconf 86' lang='lat' dir='ltr'>interrogati,</span> 
     </span>
    </p>
   </div>
   <div class='ocr_carea' id='block_1_110' title="bbox 2100 4765 3763 4841">
    <p class='ocr_par' dir='ltr' id='par_1_110' title="bbox 2100 4765 3763 4841">
     <span class='ocr_line' id='line_1_111' title="bbox 2100 4765 3763 4841; baseline 0.002 -20"><span class='ocrx_word' id='word_1_647' title='bbox 2100 4765 2466 4821; x_wconf 88' lang='lat' dir='ltr'>Christianos</span> <span class='ocrx_word' id='word_1_648' title='bbox 2495 4783 2557 4820; x_wconf 88' lang='lat' dir='ltr'>se</span> <span class='ocrx_word' id='word_1_649' title='bbox 2616 4783 2745 4821; x_wconf 89' lang='lat' dir='ltr'>esse</span> <span class='ocrx_word' id='word_1_650' title='bbox 2802 4765 3055 4837; x_wconf 89' lang='lat' dir='ltr'>professi</span> <span class='ocrx_word' id='word_1_651' title='bbox 3115 4770 3276 4820; x_wconf 89' lang='lat' dir='ltr'>sunt.</span> <span class='ocrx_word' id='word_1_652' title='bbox 3312 4767 3504 4832; x_wconf 88' lang='lat' dir='ltr'>Quare</span> <span class='ocrx_word' id='word_1_653' title='bbox 3563 4767 3763 4841; x_wconf 86' lang='lat' dir='ltr'>ﬂagris</span> 
     </span>
    </p>
   </div>
   <div class='ocr_carea' id='block_1_111' title="bbox 2101 4855 3763 4926">
    <p class='ocr_par' dir='ltr' id='par_1_111' title="bbox 2101 4855 3763 4926">
     <span class='ocr_line' id='line_1_112' title="bbox 2101 4855 3763 4926; baseline 0.002 -16"><span class='ocrx_word' id='word_1_654' title='bbox 2101 4855 2425 4910; x_wconf 63' lang='lat' dir='ltr'>saevissime</span> <span class='ocrx_word' id='word_1_655' title='bbox 2451 4855 2763 4910; x_wconf 72' lang='lat' dir='ltr'>caaduntur</span> <span class='ocrx_word' id='word_1_656' title='bbox 2795 4872 2808 4908; x_wconf 89' lang='lat'><strong>:</strong></span> <span class='ocrx_word' id='word_1_657' title='bbox 2843 4860 2902 4908; x_wconf 91' lang='lat' dir='ltr'>et</span> <span class='ocrx_word' id='word_1_658' title='bbox 2931 4858 3118 4910; x_wconf 84' lang='lat' dir='ltr'>Areus</span> <span class='ocrx_word' id='word_1_659' title='bbox 3150 4855 3392 4926; x_wconf 91' lang='lat' dir='ltr'>quidem</span> <span class='ocrx_word' id='word_1_660' title='bbox 3430 4857 3763 4914; x_wconf 90' lang='lat' dir='ltr'>innumeris</span> 
     </span>
    </p>
   </div>
   <div class='ocr_carea' id='block_1_112' title="bbox 2100 4945 3761 5017">
    <p class='ocr_par' dir='ltr' id='par_1_112' title="bbox 2100 4945 3761 5017">
     <span class='ocr_line' id='line_1_113' title="bbox 2100 4945 3761 5017; baseline 0.003 -19"><span class='ocrx_word' id='word_1_661' title='bbox 2100 4945 2361 5017; x_wconf 89' lang='lat' dir='ltr'>primum</span> <span class='ocrx_word' id='word_1_662' title='bbox 2382 4946 2693 5000; x_wconf 89' lang='lat' dir='ltr'>tormentis</span> <span class='ocrx_word' id='word_1_663' title='bbox 2717 4945 3237 5017; x_wconf 87' lang='lat' dir='ltr'>excruciatus,igni</span> <span class='ocrx_word' id='word_1_664' title='bbox 3253 4945 3492 5001; x_wconf 90' lang='lat' dir='ltr'>demum</span> <span class='ocrx_word' id='word_1_665' title='bbox 3509 4947 3761 5004; x_wconf 86' lang='lat' dir='ltr'>traditus</span> 
     </span>
    </p>
   </div>
   <div class='ocr_carea' id='block_1_113' title="bbox 2100 5032 3755 5106">
    <p class='ocr_par' dir='ltr' id='par_1_113' title="bbox 2100 5032 3755 5106">
     <span class='ocr_line' id='line_1_114' title="bbox 2100 5032 3755 5106; baseline 0.002 -19"><span class='ocrx_word' id='word_1_666' title='bbox 2100 5032 2374 5088; x_wconf 90' lang='lat' dir='ltr'>decessit.</span> <span class='ocrx_word' id='word_1_667' title='bbox 2410 5033 2660 5088; x_wconf 89' lang='lat' dir='ltr'>Sanctus</span> <span class='ocrx_word' id='word_1_668' title='bbox 2707 5050 2843 5087; x_wconf 83' lang='lat' dir='ltr'>vero</span> <span class='ocrx_word' id='word_1_669' title='bbox 2878 5035 3128 5087; x_wconf 88' lang='lat' dir='ltr'>Promus</span> <span class='ocrx_word' id='word_1_670' title='bbox 3172 5033 3442 5105; x_wconf 88' lang='lat' dir='ltr'>pluribus</span> <span class='ocrx_word' id='word_1_671' title='bbox 3475 5041 3755 5106; x_wconf 86' lang='lat' dir='ltr'>tentatus,</span> 
     </span>
    </p>
   </div>
   <div class='ocr_carea' id='block_1_114' title="bbox 2101 5123 3759 5196">
    <p class='ocr_par' dir='ltr' id='par_1_114' title="bbox 2101 5123 3759 5196">
     <span class='ocr_line' id='line_1_115' title="bbox 2101 5123 3759 5196; baseline 0.002 -20"><span class='ocrx_word' id='word_1_672' title='bbox 2101 5138 2454 5193; x_wconf 89' lang='lat' dir='ltr'>semperque</span> <span class='ocrx_word' id='word_1_673' title='bbox 2487 5123 2548 5177; x_wconf 91' lang='lat' dir='ltr'>in</span> <span class='ocrx_word' id='word_1_674' title='bbox 2577 5123 2791 5178; x_wconf 89' lang='lat' dir='ltr'>Christi</span> <span class='ocrx_word' id='word_1_675' title='bbox 2829 5123 2945 5177; x_wconf 79' lang='lat' dir='ltr'>ﬁde</span> <span class='ocrx_word' id='word_1_676' title='bbox 2969 5129 3272 5191; x_wconf 87' lang='lat' dir='ltr'>constans,</span> <span class='ocrx_word' id='word_1_677' title='bbox 3304 5125 3496 5196; x_wconf 90' lang='lat' dir='ltr'>capite</span> <span class='ocrx_word' id='word_1_678' title='bbox 3548 5124 3759 5195; x_wconf 86' lang='lat' dir='ltr'>plexus</span> 
     </span>
    </p>
   </div>
   <div class='ocr_carea' id='block_1_115' title="bbox 2102 5213 3752 5282">
    <p class='ocr_par' dir='ltr' id='par_1_115' title="bbox 2102 5213 3752 5282">
     <span class='ocr_line' id='line_1_116' title="bbox 2102 5213 3752 5282; baseline 0.001 -14"><span class='ocrx_word' id='word_1_679' title='bbox 2102 5218 2210 5268; x_wconf 90' lang='lat' dir='ltr'>est.</span> <span class='ocrx_word' id='word_1_680' title='bbox 2246 5215 2551 5268; x_wconf 87' lang='lat' dir='ltr'>Postremo</span> <span class='ocrx_word' id='word_1_681' title='bbox 2575 5219 2817 5269; x_wconf 88' lang='lat' dir='ltr'>sanctus</span> <span class='ocrx_word' id='word_1_682' title='bbox 2876 5213 3033 5269; x_wconf 90' lang='lat' dir='ltr'>Elias</span> <span class='ocrx_word' id='word_1_683' title='bbox 3093 5215 3480 5269; x_wconf 87' lang='lat' dir='ltr'>multifariam</span> <span class='ocrx_word' id='word_1_684' title='bbox 3543 5221 3752 5282; x_wconf 90' lang='lat' dir='ltr'>tortus,</span> 
     </span>
    </p>
   </div>
   <div class='ocr_carea' id='block_1_116' title="bbox 2100 5302 3352 5376">
    <p class='ocr_par' dir='ltr' id='par_1_116' title="bbox 2100 5302 3352 5376">
     <span class='ocr_line' id='line_1_117' title="bbox 2100 5302 3352 5376; baseline 0.002 -20"><span class='ocrx_word' id='word_1_685' title='bbox 2100 5302 2295 5375; x_wconf 87' lang='lat' dir='ltr'>gladio</span> <span class='ocrx_word' id='word_1_686' title='bbox 2318 5308 2376 5357; x_wconf 90' lang='lat' dir='ltr'>et</span> <span class='ocrx_word' id='word_1_687' title='bbox 2408 5304 2531 5376; x_wconf 91' lang='lat' dir='ltr'>ipse</span> <span class='ocrx_word' id='word_1_688' title='bbox 2563 5304 2755 5375; x_wconf 89' lang='lat' dir='ltr'>capite</span> <span class='ocrx_word' id='word_1_689' title='bbox 2794 5304 3189 5359; x_wconf 88' lang='lat' dir='ltr'>obtruncatus</span> <span class='ocrx_word' id='word_1_690' title='bbox 3223 5305 3352 5360; x_wconf 85' lang='lat' dir='ltr'>fuit.</span> 
     </span>
    </p>
   </div>
   <div class='ocr_carea' id='block_1_117' title="bbox 2743 5483 3116 5538">
    <p class='ocr_par' dir='ltr' id='par_1_117' title="bbox 2743 5483 3116 5538">
     <span class='ocr_line' id='line_1_118' title="bbox 2743 5483 3116 5538; baseline 0.003 -1"><span class='ocrx_word' id='word_1_691' title='bbox 2743 5484 2964 5538; x_wconf 92' lang='lat' dir='ltr'>Eodem</span> <span class='ocrx_word' id='word_1_692' title='bbox 3021 5483 3116 5538; x_wconf 90' lang='lat' dir='ltr'>die</span> 
     </span>
    </p>
   </div>
   <div class='ocr_carea' id='block_1_118' title="bbox 2174 5571 3676 5641">
    <p class='ocr_par' dir='ltr' id='par_1_118' title="bbox 2174 5571 3676 5641">
     <span class='ocr_line' id='line_1_119' title="bbox 2174 5571 3676 5641; baseline -0.001 -13"><span class='ocrx_word' id='word_1_693' title='bbox 2174 5575 2267 5628; x_wconf 75' lang='lat'>4|</span> <span class='ocrx_word' id='word_1_694' title='bbox 2309 5574 2595 5628; x_wconf 83' lang='lat' dir='ltr'>Certamen</span> <span class='ocrx_word' id='word_1_695' title='bbox 2638 5575 2815 5628; x_wconf 88' lang='lat' dir='ltr'>sancti</span> <span class='ocrx_word' id='word_1_696' title='bbox 2846 5575 3103 5641; x_wconf 79' lang='lat' dir='ltr'>martyris</span> <span class='ocrx_word' id='word_1_697' title='bbox 3135 5571 3404 5625; x_wconf 82' lang='lat' dir='ltr'>Timothei</span> <span class='ocrx_word' id='word_1_698' title='bbox 3433 5571 3676 5628; x_wconf 82' lang='lat' dir='ltr'>diaconi.</span> 
     </span>
    </p>
   </div>
   <div class='ocr_carea' id='block_1_119' title="bbox 2174 5723 3750 5798">
    <p class='ocr_par' dir='ltr' id='par_1_119' title="bbox 2174 5723 3750 5798">
     <span class='ocr_line' id='line_1_120' title="bbox 2174 5723 3750 5798; baseline -0.002 -15"><span class='ocrx_word' id='word_1_699' title='bbox 2174 5726 2516 5784; x_wconf 89' lang='lat' dir='ltr'>Timotheus</span> <span class='ocrx_word' id='word_1_700' title='bbox 2547 5729 2944 5797; x_wconf 81' lang='lat' dir='ltr'>sacromartyr</span> <span class='ocrx_word' id='word_1_701' title='bbox 2999 5725 3060 5780; x_wconf 90' lang='lat' dir='ltr'>in</span> <span class='ocrx_word' id='word_1_702' title='bbox 3115 5723 3476 5779; x_wconf 62' lang='lat' dir='ltr'>Mauritania:</span> <span class='ocrx_word' id='word_1_703' title='bbox 3509 5725 3750 5798; x_wconf 89' lang='lat' dir='ltr'>regione</span> 
     </span>
    </p>
   </div>
  </div>
