4124 6440
357 402 474 461 215

1612 398 2055 458 MENOLOGII
2100 398 2299 461 PARS
2344 399 2425 459 II.

3661 398 3782 458 216

354 540 541 605 ortus,
572 536 755 606 atque
781 532 852 588 ab
884 531 1154 603 ejusdem
1208 530 1320 586 loci
1382 530 1661 603 episcopo
1720 530 2006 586 diaconus

2157 527 2209 602 ίᾳ
2285 532 2354 605 τῇ
2432 531 2611 607 χώρῳ
2675 531 3076 609 ἐχειροτονήθη
3146 529 3204 586 8t
3257 529 3406 606 παρά
3453 534 3550 586 τοῦ
3607 530 3780 587 ἐκεῖσε

353 624 515 679 illius
546 623 824 679 Ecclesia?
847 621 1319 685 ordinatus,cum
1350 619 1567 675 Christi
1599 619 1799 689 fidem,
1824 617 2004 675 caelo-

354 730 607 786 rumque
628 727 878 784 regnum
911 710 1200 782 p0pulum
1233 709 1494 777 doceret,
1525 710 1863 781 multosque
1893 709 2007 765 ba-

356 804 1087 877 ptizaret,Grzecorumque
1117 816 1381 855 errorem
1400 799 1678 855 falsitatis
1694 799 1976 854 convince
1990 829 2011 841 -

356 889 999 964 ret,comprehenditur
1012 889 1085 945 ab
1106 889 1421 944 idololatra
1440 888 1699 961 regionis
1712 888 2010 960 praefecto:

355 983 729 1052 multumque
760 985 947 1035 tortus
973 984 1033 1033 et
1062 980 1525 1047 excruciatus,in
1549 995 1845 1035 carcerem
1871 996 2011 1035 con-

348 1072 578 1144 jicitur,
609 1071 765 1125 fame
800 1070 1022 1139 sitique
1053 1068 1484 1123 conﬁciendus.
1517 1071 1782 1139 Cumque
1813 1068 2012 1123 induci

354 1160 650 1230 nequiret,
680 1164 767 1225 ut,
817 1158 1052 1212 Christo
1112 1158 1365 1228 ejurato,
1400 1157 1653 1229 impuris
1702 1158 2016 1213 daemoniis

356 1248 741 1315 sacrificaret,
775 1248 838 1301 in
871 1263 1227 1302 succensum
1260 1247 1565 1319 ingentem
1589 1262 1795 1319 rogum
1819 1246 2019 1318 injici-

356 1344 452 1393 tur
478 1354 490 1393 :
526 1338 627 1392 ubi
660 1353 795 1392 cum
828 1336 1153 1405 gratiarum
1178 1334 1412 1390 actione
1435 1334 1796 1406 psallens,et
1815 1351 2020 1402 orans,

357 1426 636 1498 spiritum
658 1424 907 1480 Domino
940 1424 1147 1478 tradit.
1187 1424 1468 1479 Pretiosa)
1502 1428 1700 1478 autem
1724 1423 1853 1495 ejus
1884 1422 2021 1478 reli-

360 1516 515 1586 quiis
546 1515 607 1569 in
639 1513 769 1586 ipsa
791 1513 1154 1569 Mauritaniae
1176 1513 1418 1586 regione
1436 1530 1471 1568 a
1489 1511 1766 1568 ﬁdelibus
1788 1511 2021 1584 piisque

362 1604 503 1659 viris
535 1603 608 1659 ad
646 1603 894 1676 gloriam
943 1603 1160 1657 Christi
1195 1602 1293 1657 Dei
1327 1602 1514 1657 nostri
1573 1602 1860 1673 depositae
1891 1601 2022 1656 fue-

366 1698 528 1750 runt.

2114 618 2415 674 ἐπισκόπου
2501 617 2751 683 διάκονος
2827 627 2927 691 τῆς
3008 620 3060 674 ἐν
3109 624 3177 695 τῇ
3238 621 3399 695 χώρᾳ
3456 618 3779 692 ἐκκλησίας.

2124 706 2402 764 Διδάσκων
2438 706 2496 764 δὲ
2549 711 2641 765 τὸν
2702 709 2833 766 λαὸν
2885 710 2983 779 τήν
3043 709 3118 774 εἷς
3169 711 3400 785 Χριστὸν
3458 709 3661 781 πίστιν,
3686 708 3782 765 καὶ

2122 800 2224 868 τήν
2251 802 2359 854 τῶν
2395 797 2637 874 οὐρανῶν
2702 797 3007 875 βασιλείαν,
3066 798 3155 855 καὶ
3206 796 3297 855 διὰ
3350 803 3514 854 τοῦτο
3539 797 3785 863 πολλοὺς

2128 886 2427 963 βαπτίζων,
2475 888 2565 943 καὶ
2602 890 2703 958 τήν
2757 894 2866 943 τῶν
2923 886 3210 960 Ἑλλήνων
3262 888 3477 959 πλάνην
3509 890 3584 954 ὡς
3612 888 3785 964 ψευδη

2125 971 2466 1043 διαϐάλλων,
2522 976 2793 1053 ἐκρατήθη
2852 977 2998 1052 παρᾶ
3042 982 3141 1033 τοῦ
3195 985 3295 1047 τῆς
3357 979 3547 1054 χώρας
3579 976 3791 1054 ἄρχον-

2123 1086 2217 1129 τος
2249 1109 2263 1134 ,
2325 1062 2735 1141 είδωλολάτρου
2792 1065 2985 1127 ὄντος.
3023 1067 3126 1122 Καὶ
3181 1064 3373 1121 πολλά
3426 1065 3791 1140 τιμωρηθεὶς,

2125 1153 2216 1208 καὶ
2280 1153 2637 1229 βασανισθεὶς,
2686 1155 2776 1210 καὶ
2834 1153 2886 1209 ἐν
2935 1154 3205 1229 φυλακαῖς
3263 1153 3667 1227 ἀποκλεισθεὶς,
3698 1154 3789 1209 καὶ

2132 1242 2287 1317 λιμῷ
2341 1243 2432 1298 καὶ
2484 1241 2627 1318 δίψει
2675 1243 3122 1321 ταλαιπωρηθεὶς
3171 1244 3372 1318 καὶμὴ
3434 1244 3646 1309 πισθεὶς
3682 1246 3787 1318 ἀρ-

2128 1334 2395 1403 νήσασθαι
2448 1334 2542 1389 τὸν
2594 1334 2826 1409 Χριστὸν
2865 1377 2880 1403 ,
2937 1334 3029 1388 καὶ
3087 1337 3241 1399 θῦσαι
3291 1340 3411 1399 τοῖς
3465 1334 3794 1409 ἀκαθάρτοις

2132 1418 2403 1495 δαίμοσι,
2461 1421 2620 1485 τέλος
2654 1467 2670 1494 ,
2733 1422 3032 1498 γενομένης
3089 1428 3260 1497 πυρᾶς
3340 1423 3600 1500 μεγάλης,
3680 1422 3796 1478 ἐκεῖ

2133 1506 2427 1583 ἐνεϐλήθη·
2512 1515 2681 1578 Ἔνθα
2743 1512 2833 1567 καὶ
2915 1511 3174 1568 εἰσελθὼν
3209 1556 3224 1571 .
3281 1514 3374 1568 καὶ
3452 1513 3796 1590 εὐχαρίστως

2134 1598 2365 1673 ψάλλων
2402 1645 2415 1671 ,
2466 1601 2556 1658 καὶ
2608 1602 3073 1677 προσευχόμενος,
3130 1599 3414 1678 παρέδωκε
3458 1603 3521 1658 τὸ
3577 1608 3801 1676 πνεῦμα

2133 1694 2214 1762 τῷ
2246 1689 2444 1766 Κυρίῳ.
2480 1692 2562 1749 Τά
2593 1689 2650 1746 δὲ
2708 1690 3104 1770 ὑπολειφθέντα
3144 1692 3299 1766 τίμια
3346 1691 3579 1767 λείψανα
3630 1693 3800 1749 αὐτοῦ

365 1777 723 1851 κατετέθησαν
755 1779 809 1835 έν
840 1779 975 1854 αὐτῇ
1004 1783 1073 1853 τῇ
1108 1781 1269 1854 χώρᾳ
1315 1777 1708 1852 Μαυριτανίας,
1770 1779 1873 1833 ὑπὸ
1931 1782 2139 1835 πιστῶν
2192 1779 2281 1834 καὶ
2343 1778 2563 1837 ὐλαϐῶν
2622 1779 2854 1857 ἀνδρων,
2913 1781 2992 1844 εἷς
3051 1779 3204 1855 δόξαν
3255 1784 3490 1858 Χριστοῦ
3536 1787 3634 1838 τοῦ
3660 1786 3798 1838 Θεοῦ

367 1876 547 1945 ήμῶψ

1008 1987 1231 2044 Eodem
1280 1986 1374 2042 die
2051 1988 2103 2052 B

475 2078 578 2134 42
619 2080 903 2133 Certamen
958 2080 1135 2133 sancti
1194 2078 1475 2147 Polyeucti
1528 2076 1905 2133 Caesareensis.

436 2241 793 2311 Polyeuctus
826 2243 1053 2309 martyr
1072 2239 1360 2292 Cmsareae
1382 2236 1615 2291 claruit.
1649 2236 1815 2301 Quod
1831 2241 2029 2291 autem

371 2328 744 2386 Christianus
777 2326 1379 2397 esset,Cbristumque
1394 2325 1746 2397 praedicans,
1772 2325 1901 2397 ejus
1915 2326 2031 2380 ﬁde

375 2434 587 2474 omnes
618 2417 932 2484 imbueret,
966 2417 1287 2488 pluresque
1347 2417 1683 2471 Graecorum
1724 2417 1799 2471 ab
1831 2432 2031 2473 errore

379 2508 452 2565 ad
482 2507 767 2579 pietatem
798 2506 1154 2570 traduceret,
1186 2504 1342 2576 apud
1374 2503 1721 2575 prmfectum
1750 2510 2032 2563 Cassarcaa

379 2597 712 2661 delatus,ab
744 2614 811 2651 eo
840 2595 1040 2651 missis
1070 2595 1362 2650 militibus
1394 2595 1942 2666 comprehenditur,
1976 2601 2035 2651 et

382 2688 443 2741 in
477 2685 811 2740 custodiam
835 2685 1192 2751 detruditur,
1224 2683 1425 2739 addito
1447 2683 1520 2738 ad
1550 2685 1805 2739 carceris
1845 2690 2036 2740 custo-

380 2775 517 2831 dem
552 2776 852 2842 mandato,
901 2780 969 2829 ut
1023 2775 1218 2845 ipsum
1274 2780 1432 2828 arcte
1490 2774 1835 2829 custodiret.
1888 2775 2032 2829 Cum

380 2883 516 2920 vero
550 2865 865 2937 praafectus
896 2882 929 2919 a
982 2863 1237 2935 publicis
1285 2864 1536 2936 negotiis
1584 2869 1837 2934 vacaret,
1870 2863 2036 2919 misit

381 2954 482 3025 qui
510 2960 781 3008 sanctum
811 2970 840 3008 e
871 2969 1105 3008 carcere
1139 2952 1415 3007 eductum
1436 2969 1540 3007 suo
1558 2952 2037 3007 tribunalisiste-

379 3048 472 3098 ret
503 3059 515 3096 :
551 3059 982 3115 aggressusque
1005 3058 1139 3096 eum
1174 3041 1246 3096 ad
1268 3041 1564 3095 Christum
1591 3040 2037 3113 ejurandum,et

380 3130 557 3185 idolis
590 3130 1048 3186 sacriﬁcandum
1072 3130 1377 3196 inducere,
1403 3146 1538 3184 cum
1569 3145 1812 3201 Operam
1835 3128 2034 3200 perdi-

383 3220 586 3286 disset,
615 3221 875 3292 primum
904 3220 1147 3291 quidem
1173 3220 1361 3290 jussit
1406 3224 1594 3274 totum
1626 3219 1790 3275 illius
1819 3235 2037 3290 corpus

2738 1992 2817 2063 τῇ
2846 1987 2982 2063 αὐτῇ
3004 1989 3189 2065 ἡμέρᾳ

2141 2074 2411 2147 Ἀθλησις
2495 2081 2591 2132 τοῦ
2640 2076 2795 2154 ἁγίου
2853 2079 3130 2154 μάρτυρος
3190 2075 3537 2134 Πολυεύκτου
3592 2082 3688 2133 τοῦ
3743 2076 3797 2133 ὲν

2804 2167 3126 2243 Καισαρείᾳ.

2211 2255 2273 2311 Ὁ
2327 2256 2530 2330 μάρτυς
2621 2255 2962 2320 Πολύευκτος
3051 2258 3297 2333 ὑπῆρχεν
3367 2257 3419 2313 ἐν
3486 2256 3803 2333 Καισαρείᾳ·

2142 2344 2467 2418 Χριστιανὸς
2499 2343 2557 2401 δὲ
2614 2343 2711 2416 ὣν,
2772 2348 2861 2402 καὶ
2920 2347 3010 2401 τὸν
3072 2346 3311 2422 Χριστὸν
3369 2348 3677 2423 κηρύττων,
3708 2347 3805 2402 καὶ

2141 2436 2346 2496 πάντας
2378 2431 2648 2490 διδάσκων
2678 2437 2779 2505 τὴν
2830 2436 2907 2499 εἷς
2958 2435 3117 2491 αὐτὸν
3179 2438 3384 2508 πίστιν,
3424 2436 3512 2491 καὶ
3548 2433 3810 2500 πολλοὺς

2139 2527 2247 2580 τῶν
2284 2522 2568 2596 Ἐλλήνων
2602 2525 2708 2580 ἀπὸ
2753 2531 2854 2595 τῆς
2908 2524 3121 2597 πλάνης
3182 2525 3517 2602 ἐπιστρέφων
3576 2524 3667 2580 ἐπὶ
3696 2527 3803 2595 τὴν

2144 2610 2438 2687 εὐσέϐειαν,
2483 2613 2816 2692 ἐλοιδορήθη
2850 2615 2926 2679 εἰς
2980 2617 3071 2672 τὸν
3130 2614 3369 2693 ἄρχοντα
3424 2624 3525 2687 τῆς
3580 2616 3809 2682 πόλεως

2146 2704 2483 2781 Καισαρείας.
2542 2705 2605 2762 Ὀ
2664 2703 2721 2760 δὲ
2800 2703 2986 2781 ἅρχων
3061 2705 3387 2770 ἀποστείλας
3464 2710 3807 2783 στρατιώτας

2144 2792 2433 2868 ἐκράτησεν
2492 2792 2687 2865 αὐτὸν,
2743 2793 2833 2848 καὶ
2891 2789 3080 2850 ἔϐαλεν
3136 2793 3213 2855 εἷς
3267 2792 3543 2872 φυλακην,
3594 2816 3807 2873 παραγ-

2141 2880 2326 2955 γείλας
2352 2886 2433 2955 τῷ
2454 2880 2829 2959 δεσμοφύλακι
2876 2882 3133 2961 ἀσφαλῶς
3188 2888 3375 2956 τηρεῖν
3430 2883 3612 2941 αὐτόν.
3666 2889 3802 2942 Ὅτε

2145 2968 2203 3025 δὶ
2232 2969 2547 3044 εὐκαίρησεν
2576 2971 2683 3025 ἀπὸ
2710 2975 2819 3025 τῶν
2869 2971 3225 3047 πραγμάτων,
3281 2975 3501 3048 πέμψας
3560 2974 3633 3037 εὶς
3685 2977 3793 3045 τήν

2145 3060 2394 3140 φυλακὴν
2430 3105 2444 3130 ,
2499 3059 2673 3136 ἤγαγε
2743 3061 2836 3116 τὸν
2895 3061 3046 3137 ἅγιον
3098 3060 3406 3137 ἔμπροσθεν
3467 3065 3657 3134 αὐτοῦ,
3704 3069 3807 3122 καὶ

2144 3151 2550 3226 κατηνάγκασεν
2611 3150 2771 3205 αὐτὸν
2852 3151 3182 3223 ἀρνήσασθαι
3238 3153 3330 3207 τὸν
3389 3154 3652 3230 Χριστὸν,
3711 3154 3810 3208 καὶ

2147 3241 2299 3294 θῦσαι
2327 3245 2444 3302 τοῖς
2504 3236 2781 3301 εἰδώλοις.
2836 3240 2898 3296 ὐ
2938 3238 2995 3295 δὲ
3030 3241 3105 3313 μὴ
3166 3240 3422 3305 πεισθεὶς.
3456 3246 3671 3317 πρῶτον
3709 3243 3813 3314 μὶν

384 3310 681 3383 unguibus
702 3310 912 3365 ferreis
943 3310 1509 3376 excarniﬁcari,tum
1524 3309 1733 3364 dentes
1754 3309 1807 3363 ei
1833 3308 2034 3363 evelli:

2154 3330 2323 3401 ξέεται
2389 3327 2520 3384 ὅλον
2556 3330 2618 3384 τὸ
2676 3333 2837 3402 σῶμα
2894 3330 3027 3402 μετά
3078 3327 3319 3404 σιδηρῶν
3379 3330 3616 3407 ὀνύχων.
3677 3333 3819 3388 Εἶτα

387 3404 687 3471 postremo
720 3398 780 3452 in
818 3414 1165 3453 succensam
1200 3398 1503 3470 ingentem
1534 3396 1838 3453 fornacem
1868 3396 2043 3451 illum

387 3486 639 3560 projici:
658 3486 756 3541 ubi
788 3487 1052 3559 gaudens
1082 3491 1139 3541 et
1164 3486 1337 3541 laatus
1364 3484 1640 3557 spiritum
1663 3485 1913 3541 Domino
1929 3488 2049 3539 tra-

392 3575 561 3632 didit.

949 3763 1189 3817 EODEM
1229 3762 1483 3816 MENSE.

1010 3888 1113 3942 Die
1146 3886 1424 3941 vicesima

405 4018 507 4073 43
539 4018 824 4073 Certamen
855 4016 1195 4071 sacrosancti
1220 4017 1485 4087 martyris
1531 4015 1750 4087 Ignatii
1799 4016 2052 4084 patriar-

858 4087 971 4141 chae
1002 4086 1318 4143 Antiochia
1349 4086 1583 4155 magnae.

466 4276 753 4348 Trajanus
786 4275 1113 4345 imperator
1139 4278 1415 4346 suscepta
1445 4274 1507 4329 in
1534 4273 1785 4328 Parthos
1810 4271 2054 4343 expedi-

398 4367 578 4429 tione,
612 4382 746 4420 cum
788 4365 852 4419 in
882 4364 1029 4419 urbe
1090 4364 1270 4436 Syriae
1324 4362 1641 4418 Antiochia
1698 4366 2055 4429 versaretur,

403 4458 675 4530 cognovit
707 4457 927 4512 multos
959 4458 1297 4511 Graecorum
1332 4472 1365 4511 a
1395 4461 1599 4510 sancto
1629 4455 1858 4527 Ignatio
1898 4453 2058 4508 Chri-

406 4547 557 4603 stian
573 4565 637 4602 os
671 4546 986 4601 ﬁeri.Misit
1015 4550 1245 4617 ergo.et
1265 4543 1721 4615 comprehendit
1743 4548 1966 4609 eum,et
1996 4542 2057 4595 in

409 4652 708 4691 carcerem
742 4634 1026 4688 detrusit:
1052 4650 1183 4688 mox
1220 4649 1249 4686 e
1281 4633 1549 4688 custodia
1579 4631 2058 4691 eductum,man-

2155 3417 2619 3493 ἐκριζοῦταιτοὺς
2674 3416 2917 3482 ὀδόντας·
2977 3419 3065 3473 καὶ
3123 3420 3246 3475 τότε
3300 3423 3601 3495 γενομένης
3634 3419 3815 3493 καμέ-

2153 3529 2248 3563 νου
2283 3507 2545 3582 μεγάλης,
2579 3503 2846 3579 ἐνεϐλήθη
2898 3506 2976 3572 εἰς
3021 3507 3188 3578 αὐτὴν
3244 3510 3481 3585 χαίρων,
3511 3510 3601 3565 καὶ
3633 3509 3815 3586 ἀγαλ-

2155 3596 2390 3671 λόμενος
2420 3597 2511 3653 καὶ
2558 3597 2731 3660 οὕτως
2789 3595 3073 3674 παρέδωκε
3125 3599 3190 3654 τὸ
3239 3603 3452 3673 πνεῦμα
3508 3598 3673 3655 αὐτοῦ
3725 3605 3820 3675 τῷ

2156 3687 2368 3763 Κυρίῳ.

2714 3776 2865 3833 ΜΗΝ
2874 3778 2896 3833 Ι
2925 3781 3010 3831 ΤΩ
3046 3778 3246 3834 ΑΥΤΩ.

2952 3893 3007 3949 Κ.

2155 4010 2426 4082 νΑθλησις
2455 4014 2557 4068 τοῦ
2592 4010 2749 4087 ἁγίου
2795 4009 3192 4087 ἱερομάρτυρος
3251 4012 3514 4088 Ἰγνατίου
3544 4015 3824 4087 πατριάρ-

2515 4119 2620 4175 χου
2649 4106 2751 4171 τῆς
2804 4099 3055 4176 μεγάλης
3090 4101 3453 4179 ’Δντιοχείας.

2228 4287 2490 4361 Τραϊανὸς
2543 4289 2573 4343 ὁ
2635 4287 2890 4365 βασιλεὺς
2938 4288 3226 4364 ἀπήρχετο
3256 4290 3395 4365 πρὸς
3452 4289 3515 4344 τὸ
3571 4289 3839 4363 πολεμῆ-

2160 4397 2246 4431 σαι
2267 4375 2396 4439 τοὺς
2430 4377 2695 4451 Πάρθους.
2754 4377 2851 4432 Καὶ
2912 4376 3270 4452 διερχόμενος
3331 4378 3407 4441 είς
3469 4380 3832 4455 Ἀντιόχειαν

2159 4469 2258 4532 τῆς
2339 4467 2538 4543 Συρίας
2597 4467 2764 4539 ἔμαθε
2848 4467 2971 4538 περὶ
3018 4472 3117 4523 τοῦ
3174 4468 3331 4545 ἁγίου
3387 4468 3670 4543 Ἰγνατίου,
3732 4470 3835 4526 ὅτι

2161 4556 2409 4619 πολλοὺς
2437 4561 2544 4611 τῶν
2603 4554 2889 4627 Ἐλλήνων
2943 4563 3093 4612 ποιεῖ
3132 4558 3515 4635 Χριστιανούς.
3548 4558 3648 4614 Καὶ
3679 4560 3837 4615 ἀπο.

2166 4643 2379 4707 στείλας
2415 4691 2427 4709 ,
2489 4645 2641 4707 εὐθὺς
2698 4646 2988 4720 ἐκράτησεν
3043 4646 3201 4703 αὐτὸν
3240 4690 3255 4715 ,
3309 4647 3399 4703 καὶ
3458 4646 3784 4704 ἀπέκλεισεν
3819 4695 3835 4707 .

413 4725 572 4779 davit
602 4727 847 4778 Romam
879 4722 1144 4793 perduci,
1180 4727 1240 4777 ut
1302 4739 1335 4777 a
1395 4721 1600 4777 bestiis
1661 4722 2037 4776 devoraretur

2174 4735 2299 4791 Εἶτα
2353 4730 2599 4791 ἐκϐαλὼν
2660 4734 3002 4791 κατεδίκασεν
3056 4737 3215 4792 αὐτὸν
3257 4737 3509 4802 ἀπελθεῖν
3569 4737 3645 4799 εἷς
3688 4740 3843 4793 Ῥώσ-

411 4816 601 4879 Quare
633 4812 887 4867 decuriae
916 4811 1171 4866 militum
1196 4810 1721 4877 traditur,Romam
1750 4811 2062 4881 deportan-

409 4904 554 4959 dus:
589 4919 621 4956 a
654 4901 869 4972 quibus
900 4900 1187 4955 initinere
1222 4918 1478 4972 pessime
1511 4901 2058 4971 acceptus.Romam

410 4991 646 5046 tandem
680 4989 1015 5051 adducitur,
1050 5006 1118 5044 ac
1152 4990 1392 5043 Senatui
1426 4989 1675 5044 sistitur.
1711 4991 1784 5042 At
1813 4989 2063 5043 Senatus

403 5070 475 5136 de
508 5080 887 5152 imperatoris
912 5078 1191 5134 mandato
1211 5079 1380 5133 illum
1398 5078 1472 5133 ad
1489 5078 1709 5133 bestias
1740 5076 2059 5132 damnavit.

402 5170 464 5225 Id
495 5174 694 5224 autem
722 5174 781 5222 et
810 5172 1051 5223 sanctus
1084 5172 1410 5238 optaverat,
1444 5168 1633 5223 Deum
1668 5181 1905 5239 rogans,
1937 5171 2003 5220 ut
2032 5182 2066 5220 a

398 5261 604 5316 bestiis
636 5260 1037 5325 devoraretur,
1071 5275 1139 5314 ac
1181 5258 1343 5313 velut
1406 5259 1579 5330 panis
1638 5257 1898 5313 mundus
1946 5259 2064 5314 Deo

399 5353 751 5422 appareret;
778 5349 938 5420 quod
969 5354 1028 5403 et
1057 5348 1324 5419 contigit.
1357 5347 1490 5402 Fuit
1538 5347 1804 5419 Ignatius
1837 5353 2065 5403 sancto-

404 5459 539 5496 rum
599 5440 1010 5513 apostolorum
1074 5454 1407 5507 successor,
1467 5443 1524 5493 et
1580 5438 1767 5493 sancti
1823 5438 2067 5493 Joannis

414 5530 692 5603 Theologi
719 5528 1069 5601 discipulus.

2173 4846 2301 4895 μην,
2332 4825 2424 4880 ἳνα
2452 4827 2837 4901 καταφάγωσιν
2895 4826 3055 4882 αὐτὸν
3111 4829 3181 4882 τὰ
3229 4827 3412 4903 θηρία.
3472 4831 3630 4892 ’Όθεν
3680 4849 3840 4903 παρ-

2171 4917 2369 4976 έδωκεν
2431 4915 2588 4971 αὐτὸν
2646 4913 2801 4987 ῖδέκα
2856 4916 3250 4991 στρατιώταις,
3304 4916 3395 4971 ’ἱνα
3476 4915 3839 4991 ἀπαγάγωσιν

2171 5007 2331 5063 αὐτὸν
2368 5004 2442 5065 είς
2472 5004 2718 5077 Ῥώμην
2753 5004 2947 5067 οἳτινες
2984 5005 3119 5060 κατὰ
3145 5006 3245 5073 τὴν
3300 5002 3425 5060 ὁδὸν
3454 5007 3555 5061 πο)
3572 5006 3641 5060 Αά
3687 5009 3847 5062 κακά

2173 5093 2496 5168 ἐνεδείξαντο
2556 5093 2631 5156 εἷς
2690 5092 2873 5152 αὐτόν.
2942 5093 3037 5149 Καὶ
3081 5093 3390 5150 τελευταῖον
3452 5093 3844 5170 ἀπαγαγόντες

2173 5185 2251 5249 είς
2304 5184 2521 5258 Ρ’ώμην
2556 5226 2572 5253 ,
2630 5180 2949 5257 παρέδωκαν
2997 5187 3065 5255 τῇ
3124 5181 3439 5258 συγκλήτῳ.
3492 5185 3553 5239 Ἦ
3587 5181 3644 5239 δὲ
3695 5182 3848 5259 σύγ-

2172 5272 2406 5344 κλητος,
2435 5273 2574 5327 κατά
2602 5273 2700 5341 τὴν
2741 5273 2959 5347 γραφὴν
3004 5277 3101 5328 τοῦ
3164 5270 3455 5346 βασιλέως,
3514 5269 3844 5342 παρέδωκεν

2176 5363 2335 5418 αὐτὸν
2392 5362 2626 5437 θηρίοις·
2676 5367 2837 5417 τοῦτο
2893 5364 2994 5438 γάρ
3052 5359 3259 5437 ηὔχετο
3311 5362 3400 5416 καὶ
3460 5364 3488 5417 ὁ
3547 5364 3700 5438 ἅγιος
3730 5362 3853 5419 ὑπὸ

2180 5451 2386 5526 θηρίων
2436 5452 2737 5525 βρωθῆναι,
2795 5451 2887 5505 ἳνα
2943 5452 3019 5514 ὡς
3067 5448 3231 5524 ἄρτος
3279 5451 3517 5527 καθαρὸς
3555 5455 3697 5526 φανῇ
3753 5457 3853 5525 τῷ

2175 5546 2314 5614 Θεῷ.
2373 5543 2544 5615 Ὅπερ
2601 5540 2692 5595 καὶ
2744 5541 2991 5616 γέγονεν.
3059 5546 3154 5596 Ἠν
3208 5538 3266 5595 δὲ
3305 5537 3622 5615 διάδοχοςὸ
3680 5542 3850 5612 ἅγιος

2189 5637 2299 5686 τῶν
2332 5631 2500 5707 ἁγίων
2532 5628 2882 5701 ἀποστόλων,
2942 5631 3193 5704 μαθητὴς
3219 5630 3318 5685 τοῦ
3372 5631 3533 5706 ἁγίου
3590 5627 3863 5688 Ἰωάννου

2173 5724 2272 5778 τοῦ
2319 5719 2612 5799 Θεολόγου.
