4124 6468
302 396 419 456 117

954 531 1040 602 Τῇ
1072 527 1213 603 αὐτῇ
1240 529 1421 604 ἡμέρᾳ

455 645 740 715 ’ΔΘΛησις
773 648 895 699 τῶν
930 643 1108 722 ἁγίων
1143 663 1430 722 μαρτυρων
1457 641 1748 719 Εὖγενίου,
1778 640 1867 696 καὶ

1023 717 1335 793 Μακαρίουξ

407 831 522 887 Ἐπὶ
569 835 677 893 τῆς
766 826 1062 905 βασιλείας
1146 826 1448 885 Ἰουλιανοῦ
1519 830 1616 881 τοῦ
1685 818 2010 901 Παραϐάτου

356 921 508 991 ἦλθον
536 918 689 972 οὗτοι
727 916 788 971 οἳ
840 916 1022 993 ἆγιοι,
1080 918 1168 971 καὶ
1229 912 1455 986 ἔστησαν
1488 909 1791 990 ἔμπροσθεν
1822 911 2008 983 αὐτοῦ,

352 1009 434 1065 καὶ
488 1009 627 1062 εἷπον
696 1006 875 1079 αὐτῷ·
937 1000 1289 1063 Ἀσεϐέστατε
1343 1005 1433 1060 καὶ
1490 1004 1792 1076 παράνομε,
1824 999 1915 1057 διὰ
1957 1000 2009 1054 τί

344 1098 619 1158 κατέλιπες
678 1097 775 1151 τὸν
840 1095 1107 1166 ἀληθινὸν
1170 1095 1325 1163 Θεὸν,
1378 1094 1470 1149 καὶ
1527 1090 1838 1165 προσῆλθες
1889 1094 2009 1151 τοῖς

335 1187 659 1261 ἀκαθάρτοις
692 1185 997 1260 δαίμοσινς
1029 1188 1092 1244 Ὀ
1141 1183 1200 1241 δί
1245 1184 1585 1262 πικρανθεῖς,
1618 1177 1868 1239 ἐνέϐαλεν
1901 1181 2008 1235 αὐ-

330 1278 458 1341 τοὺς
493 1276 572 1341 εἷς
599 1276 837 1346 λάκκον,
869 1276 1011 1332 ὅπου
1067 1275 1205 1345 ἦσαν
1268 1274 1468 1349 ἑρπετᾶ
1502 1270 1712 1339 πολλὰ,
1743 1265 1895 1349 ὄφεις
1916 1267 2007 1324 καὶ

330 1366 648 1437 σκώληκες,
693 1367 787 1421 καὶ
840 1363 1013 1420 λοιπά
1051 1362 1169 1435 εῗδη
1204 1363 1435 1437 θηρίων.
1468 1362 1568 1417 Καὶ
1600 1359 2009 1440 διαφυλαχθενκ

322 1478 419 1519 τας
474 1455 530 1527 ἐξ
588 1457 775 1511 αὐτῶν
832 1448 1121 1525 ἀϐλαϐεῖς,
1203 1451 1459 1525 δεσμίους
1516 1452 1868 1525 παρέπεμψεν
1930 1447 2006 1510 εἰς

328 1549 428 1615 τὴν
493 1546 690 1621 χώραν
748 1551 853 1613 τῆς
906 1543 1277 1617 Μαυριτανίας
1336 1540 1411 1603 εἰς
1478 1537 1645 1595 πόλιν
1704 1537 2010 1613 λεγομένην

337 1632 668 1705 Ἀνδηδόνα.
704 1632 887 1689 Ἀλλὰ
940 1631 1072 1694 τοὺς
1129 1631 1182 1686 ἐν
1238 1634 1309 1705 τῇ
1362 1629 1525 1685 πόλει
1582 1627 1755 1700 ἐκείνῃ
1793 1626 2006 1700 ἀνθρώ-

353 1745 486 1787 πους
522 1720 934 1796 εἰδωλολάτραις
993 1717 1151 1784 ὄντας
1202 1717 1695 1795 καταφωτίσαντες,
1753 1717 1845 1772 καὶ
1877 1715 2006 1771 διά-

356 1833 497 1891 φορα
548 1812 873 1881 ποιήσαντες
933 1808 1203 1884 θαύματα,
1252 1809 1342 1864 καὶ
1402 1806 1633 1883 ἔσχατον
1672 1806 1890 1861 πάντων
1915 1805 2008 1860 τὸν

1787 390 2057 454 DECEM
2071 392 2244 454 BER.

2047 529 2097 594 A

3658 400 3777 458 218

2764 524 2981 579 Eodcm
3012 524 3126 581 die.

2201 646 2302 699 44
2334 644 2621 699 Certamen
2650 650 2963 719 sanctorum
3012 650 3321 719 martyrum
3369 648 3625 719 Eugenii,
3659 658 3711 705 et

2835 718 3071 770 Macarii

2196 834 2528 904 [mperante
2556 830 2788 886 Juliano
2824 835 3124 903 Apostata,
3151 840 3443 890 venerunt
3472 837 3532 890 hi
3565 839 3779 906 sancti,

2124 928 2183 975 et
2210 937 2408 976 coram
2438 920 2540 975 illo
2581 926 2809 976 stantes
2867 920 3180 977 dixerunt:
3241 924 3425 995 Impie
3459 929 3517 979 et
3547 925 3775 998 inique,

2123 1028 2229 1066 cur
2258 1027 2458 1065 verum
2495 1011 2676 1065 Deum
2708 1010 3046 1078 deseruisti,
3072 1018 3131 1066 et
3150 1012 3225 1067 ad
3258 1013 3525 1084 impuros
3556 1015 3779 1072 daemo—

2124 1117 2229 1156 nes
2262 1106 2316 1155 te
2338 1099 2664 1169 adjunxisti
2682 1099 2709 1155 ‘?
2728 1100 2951 1166 Quibus
2975 1101 3170 1156 verbis
3198 1102 3298 1157 ille
3321 1104 3776 1174 excandescens,

2122 1190 2185 1245 in
2220 1191 2414 1246 lacum
2444 1207 2547 1246 eos
2576 1191 2787 1263 projici
2812 1191 3014 1262 jussit,
3047 1192 3255 1248 multis
3301 1197 3680 1267 serpentibus
3710 1214 3778 1251 ac

2123 1278 2298 1333 variis
2324 1277 2587 1334 ferarum
2635 1278 2946 1350 speciebus
2995 1278 3262 1350 plenum.
3314 1281 3425 1336 Sed
3473 1299 3608 1338 cum
3639 1283 3777 1339 inde

2124 1366 2296 1421 illaasi
2323 1368 2672 1434 evasissent,
2726 1368 2951 1422 vinctos
2982 1367 3043 1421 in
3073 1369 3378 1440 regionem
3412 1372 3778 1427 Mauritania)

2123 1456 2408 1528 relegavit
2437 1456 2499 1511 in
2532 1457 2741 1511 urbem
2768 1456 3149 1513 Andedonem
3178 1476 3189 1513 :
3214 1459 3315 1514 ubi
3342 1460 3570 1515 incolas
3600 1461 3793 1516 idolo-

2124 1547 2307 1603 latras
2351 1547 2794 1614 illuminarunt,
2841 1548 3075 1604 diversa
3121 1549 3413 1606 miracula
3445 1556 3787 1623 patrantes:

2124 1654 2192 1693 ac
2235 1637 2556 1692 novissime
2590 1637 2935 1705 draconem,
2986 1639 3088 1710 qui
3138 1639 3201 1694 in
3250 1646 3455 1695 monte
3486 1642 3785 1712 manebat,

2128 1726 2454 1797 multisque
2477 1725 2761 1782 damnum
2789 1726 3101 1791 inferebat.
3120 1729 3395 1799 precibus
3418 1730 3788 1787 interﬁcien-

2132 1820 2242 1882 tes,
2275 1814 2614 1886 complures
2644 1814 2719 1869 ad
2748 1816 2963 1870 Christi
3012 1815 3193 1871 ﬁdem
3234 1817 3646 1877 traduxerunt.
3680 1823 3791 1876 Po-

348 1901 403 1957 ἑν
424 1907 503 1974 τῷ
544 1898 655 1977 ὄρει
684 1900 1064 1974 καταμένοντα
1121 1896 1414 1974 δράκοντα,
1466 1897 1558 1952 καὶ
1613 1893 1863 1956 πολλοὺς
1917 1915 2011 1949 κα-

2128 1907 2347 1957 stremo
2406 1902 2671 1973 quietam
2732 1907 2789 1956 et
2845 1904 3233 1974 tranquillam
3263 1906 3442 1961 vitam
3484 1907 3787 1980 degentes,

342 1987 757 2062 ταὸλάπτοντα,
834 1987 924 2043 διὰ
997 1991 1314 2063 προσευχῆς
1372 1985 1808 2055 ἀποκτείναντες,
1869 1980 2014 2038 πολ-

339 2080 473 2143 λοὺς
529 2077 752 2136 ἔπεισαν
805 2081 1085 2135 πιστεῦσαι
1141 2080 1222 2149 τῷ
1280 2079 1522 2151 Χριστῷ.
1582 2075 1716 2131 Εἶτα
1756 2073 1811 2129 ἐν
1837 2071 2013 2128 ἀνέσει

342 2166 650 2241 διάγοντες,
705 2167 845 2221 κατᾶ
905 2162 1202 2241 διαφόρους
1256 2164 1504 2240 καιροὺς,
1563 2162 1617 2218 ἐν
1669 2162 1861 2237 εἰρήνῃ
1917 2161 2015 2222 τὰς

338 2257 520 2313 αὐτῶν
574 2252 899 2331 παρέδωκαν
953 2254 1158 2330 ψυχὰς,
1219 2248 1593 2315 ἀπολαϐόντες
1622 2252 1716 2308 τὸν
1751 2252 1883 2327 ὑπὲρ
1914 2256 2013 2321 τῆς

338 2347 654 2421 ὁμολογίας
682 2350 783 2401 τοῦ
814 2348 1055 2420 Χριστοῦ
1084 2343 1366 2421 στέφανον.

945 2464 1031 2536 Τῇ
1061 2459 1200 2535 αὖτῇ
1230 2459 1414 2537 ἡμέρᾳ

482 2581 764 2651 ἈθΛησις
820 2581 917 2633 τοῦ
973 2576 1133 2653 ἁγίου
1195 2578 1469 2652 μάρτυρος
1520 2574 1863 2655 Βονιφατίου.

406 2697 586 2758 Οὗτος
644 2694 736 2750 ἐπὶ
789 2701 890 2763 τῆς
975 2692 1253 2769 βασιλείας
1335 2691 1735 2763 Διοκλητιανοῦ
1813 2688 2013 2753 δοῦλος

340 2787 572 2861 ὑπῆρχε
611 2783 875 2859 γυναικός
923 2803 1071 2844 τινος
1120 2781 1348 2854 ὀνόματι
1397 2778 1714 2856 ’Δγλαΐδος,
1746 2780 2012 2854 θυγατρὸς

336 2875 604 2934 ’Δκακίου
656 2877 758 2928 τοῦ
814 2872 1126 2927 ἀνθυπάτου
1183 2870 1426 2945 Ῥώμης.
1484 2878 1673 2944 Ὅμως
1723 2867 1782 2924 δὲ
1813 2867 2014 2931 δοῦλος

338 2960 444 3034 ὧν,
498 2967 571 3038 τῇ
630 2962 794 3038 κυρίᾳ
846 2961 1013 3017 αὐτοῦ
1093 2962 1468 3039 συνεφθείρετο
1546 2959 1622 3022 εἷς
1688 2960 2010 3032 σωματικὴν

346 3054 513 3127 μίξιν.
545 3055 648 3109 Ἦν
707 3049 768 3107 δὲ
826 3051 1080 3124 μέθυσος,
1139 3049 1285 3105 ἀλλᾶ
1340 3049 1621 3121 ἐλεήμωνο
1677 3047 1888 3121 ὁμοίως
1921 3047 2011 3103 καὶ

342 3144 377 3213 ἠ
411 3142 569 3216 κυρία
601 3140 774 3196 αὐτοῦ
806 3139 894 3194 καὶ
928 3139 1181 3212 ἐλεήμων
1242 3138 1333 3193 καὶ
1388 3137 1757 3215 φιλομάρτυς.
1792 3139 1880 3193 Ἐν
1913 3137 2013 3209 μίᾷ

336 3232 431 3288 οὖν
484 3237 597 3286 τῶν
658 3233 885 3305 ἡμερῶν
946 3230 1065 3284 εἷπε
1136 3233 1216 3301 τῷ
1273 3228 1609 3300 Βονιφατίῳ·
1670 3226 1735 3283 Εἰ
1789 3224 2003 3295 ἤθελες,

336 3323 488 3397 εἶχες
526 3317 789 3383 ἀπελθεῖν)
819 3318 895 3379 εἷς
951 3318 1049 3385 τήν
1113 3316 1431 3385 Ἀνατολήν,
1464 3316 1603 3371 ’ὅπου
1636 3318 2002 3388 μαρτυροῦσιν

339 3413 394 3466 οἳ
426 3412 599 3486 ἅγιοι,
632 3409 722 3464 καὶ
753 3406 979 3481 κομίσαι
1013 3406 1243 3477 λείψανα
1274 3405 1467 3482 ἁγίων,
1496 3404 1590 3459 ἳνα
1617 3402 1835 3479 ἔχωμεν
1879 3402 2015 3459 αὐτά

345 3504 426 3565 εἷς
456 3502 704 3578 ψυχικήν
760 3500 1061 3577 σωτηρίαν.
1120 3500 1181 3556 Ὁ
1238 3497 1296 3553 δὲ
1354 3498 1679 3570 Βονιφὰίτιος
1730 3494 1907 3569 λέγων
1938 3497 2012 3551 εἶα

355 3609 475 3647 πενο
502 3592 626 3648 Ἐὰν
656 3590 805 3666 φέρω
834 3589 897 3644 τὸ
928 3587 1060 3662 ἐμὸν
1095 3586 1372 3661 λείψανον,
1398 3586 1453 3641 τί
1482 3607 1497 3656 ;
1528 3587 1594 3643 Ἦ
1626 3583 1685 3640 δὶ
1720 3584 2013 3661 γελάσασα,

361 3679 457 3735 καὶ
516 3678 731 3754 μέθυσον
781 3678 943 3735 αὐτὸν
1007 3677 1257 3750 εἰποῦσα,
1316 3675 1623 3735 ἀπέστειλε.
1681 3675 1788 3733 Καὶ
1841 3673 2014 3730 ἀπελ-

362 3769 474 3825 θὼν
506 3769 642 3843 μετᾶ
693 3765 908 3825 δούλων
964 3763 1200 3839 δώδεκα,
1256 3766 1347 3822 καὶ
1396 3764 1630 3842 χρυσίου
1687 3762 1906 3820 πολλοῦ
1935 3762 2014 3827 εἷς

356 3856 626 3927 Κιλικίαν,
656 3856 796 3912 ὅπου
827 3849 1212 3925 ἐϐασανίζοντο
1271 3855 1329 3910 οἱ
1385 3853 1559 3930 ἅγιοι,
1589 3846 1719 3925 ἔστη
1768 3848 2012 3928 ἔμπροσ-

340 3958 431 4013 θεν
462 3951 564 4002 τοῦ
591 3947 894 4022 ἡγεμόνος,
951 3943 1043 4000 καὶ
1103 3941 1442 4017 ὡμολόγησε
1497 3944 1589 3999 τὸν
1622 3943 1883 4019 Χριστόν.
1913 3940 2013 3996 Καὶ

337 4033 710 4105 ϐασανισθεὶς,
770 4034 1204 4113 ἀπεκεφαλίσθη.
1262 4035 1340 4092 Τὸ
1423 4030 1482 4089 Si
1538 4032 1794 4108 λείψανον
1846 4031 2014 4087 αὐτοῦ

336 4126 711 4202 ὀνακομισθὶν
761 4125 912 4200 παρὰ
964 4127 1073 4179 τῶν
1150 4120 1466 4178 συνδούλων
1521 4121 1713 4195 αὐτοῦ,
1768 4118 2011 4191 ἀπεδόθη

333 4221 407 4293 τῇ
438 4215 605 4293 κυρία
634 4213 824 4286 αὐτοῦ,
855 4212 945 4268 καὶ
977 4213 1150 4290 ἐτάφη
1182 4212 1311 4288 παρ’
1340 4211 1509 4282 αὐτῆς
1540 4209 1798 4285 ἐντίμως.

914 4327 1091 4388 ΜΗΝΙ
1121 4330 1212 4386 ΤΩ
1252 4330 1446 4387 ΔΥΤΩ.

1133 4446 1238 4501 KA‘

556 4536 829 4607 Ἀθλησις
855 4541 955 4605 τῆς
984 4534 1142 4609 ἁγίας
1179 4534 1454 4610 μάρτυρος
1499 4532 1804 4602 Ῑουλιανῆς.

2126 1991 2377 2047 diversis
2406 1991 2776 2062 temporibus
2834 1992 2896 2046 in
2949 2009 3094 2063 pace
3152 1994 3385 2050 animas
3426 2012 3563 2051 suas
3602 1997 3793 2052 tradi-

2126 2075 2364 2144 derunt,
2397 2092 2680 2132 coronam
2711 2094 2818 2149 pro
2848 2078 3065 2134 Christi
3095 2081 3470 2138 confessione
3498 2083 3789 2154 recipien-

2126 2170 2234 2221 tes.

2779 2462 2999 2519 Eodem
3031 2464 3127 2519 die

2329 2580 2425 2638 45
2463 2582 2748 2636 Certamen
2772 2581 2955 2639 sancti
2982 2581 3253 2653 martyris
3276 2583 3581 2652 Bonifacii.

2198 2697 2321 2765 Hic,
2356 2696 2722 2752 Diocletiano
2755 2698 3138 2769 imperatore,
3173 2716 3375 2754 servus
3404 2700 3667 2771 Aglaidis
3698 2702 3775 2755 ﬁ-

2123 2786 2218 2842 lim
2249 2787 2444 2842 Acacii
2474 2788 2850 2858 proconsulis
2881 2790 3081 2844 Romee
3135 2789 3268 2857 iuit,
3299 2789 3598 2860 simulque
3627 2790 3785 2845 heris

2125 2892 2245 2930 sum
2277 2874 2709 2931 consuetudine
2731 2876 3191 2948 concubituque,
3219 2877 3380 2933 velut
3400 2877 3787 2949 ebrius,frue-

2122 2963 2313 3019 batur.
2350 2965 2533 3019 Erant
2563 2970 2763 3019 tamen
2797 2965 2970 3020 ambo
3003 2966 3203 3020 animo
3230 2965 3291 3021 in
3322 2983 3613 3038 pauperes
3643 2985 3781 3040 pro-

2121 3052 2481 3125 pensissimo
2507 3073 2523 3119 ;
2555 3069 2623 3108 ac
2654 3054 2985 3125 praesertim
3008 3054 3203 3126 Aglais
3227 3071 3461 3109 summo
3492 3062 3785 3127 martyres

2121 3159 2324 3198 amore
2354 3142 2846 3214 prosequebatur.
2879 3142 3144 3208 Quadam
3173 3143 3352 3216 igitur
3376 3144 3471 3199 die
3504 3143 3655 3200 dixit
3684 3148 3788 3201 Bo-

2066 3270 2084 3291 τ
2129 3231 2366 3301 nifacio,
2397 3236 2483 3300 ut,
2516 3232 2565 3287 si
2596 3232 2680 3287 ita
2710 3232 3032 3300 videretur,
3083 3234 3199 3288 iret
3238 3234 3300 3288 in
3333 3232 3654 3301 Orientem,
3684 3218 3785 3290 ubi

2130 3321 2318 3377 sancti
2349 3321 2703 3392 martyrium
2726 3322 3290 3393 subibant,indeque
3321 3329 3663 3380 sanctorum
3694 3342 3790 3380 re-

2122 3410 2342 3481 liquias
2372 3410 2650 3477 deferret,
2679 3427 2827 3480 quas
2861 3411 3018 3482 apud
3068 3429 3129 3466 se
3180 3412 3253 3467 ad
3284 3412 3500 3467 animae
3534 3414 3785 3469 salutem

2125 3500 2429 3555 retineret.
2460 3498 2565 3553 Cui
2599 3498 2939 3554 Bonifacius
2965 3516 2978 3552 :
3002 3499 3151 3564 Quid
3174 3500 3201 3555 ?
3228 3500 3276 3555 si
3299 3517 3461 3556 meas
3485 3502 3611 3573 ipse
3641 3503 3785 3557 reli-

2124 3589 2294 3659 quias
2310 3586 2615 3642 deferam?
2635 3588 2786 3643 Risit
2805 3586 2880 3642 ad
2903 3587 3028 3643 hmo
3048 3589 3530 3661 Aglais,eumque
3552 3590 3781 3646 ebrium

2124 3675 2496 3749 compellans
2519 3676 2766 3731 dimisit.
2781 3675 2889 3731 Ille
2907 3676 3087 3748 igitur
3103 3694 3239 3733 cum
3261 3677 3577 3734 duodecim
3601 3680 3785 3735 servis

2125 3766 2436 3836 multoque
2459 3781 2605 3821 auro
2629 3765 2693 3820 in
2714 3764 2982 3820 Ciliciam
3000 3765 3321 3837 profectus,
3335 3766 3438 3822 ubi
3457 3768 3646 3822 sancti
3671 3773 3788 3823 tor-

2124 3856 2483 3928 quebantur,
2534 3854 2693 3910 ultro
2752 3871 2814 3910 se
2873 3855 3152 3927 praefecto
3211 3857 3451 3925 sistens,
3485 3858 3783 3914 Christum

2123 3944 2425 4017 professus
2456 3949 2564 3999 est.
2617 3946 2808 4011 Quare
2864 3943 3251 4001 acerbissime
3281 3951 3491 4013 tortus,
3524 3947 3783 4004 decolla-

2123 4038 2253 4089 tur:
2286 4033 2459 4105 cujus
2488 4032 2760 4105 reliquias
2817 4033 2890 4089 ab
2941 4033 3071 4106 ejus
3121 4036 3422 4091 conservis
3453 4036 3781 4106 translatas,

2124 4123 2501 4194 dominasque
2549 4122 2740 4194 ipsius
2782 4123 3032 4191 traditaa,
3080 4124 3410 4180 honorifice
3457 4124 3531 4180 ab
3572 4124 3781 4181 eadem

2125 4213 2374 4285 sepultae
2405 4218 2563 4269 sunt.

2686 4328 2926 4383 EODEM
2967 4329 3219 4384 MENSE.

2624 4442 2730 4496 Die
2774 4442 3054 4498 vicesima
3092 4443 3287 4514 prima

2337 4534 2439 4589 46
2469 4535 2755 4589 Certamen
2783 4538 2984 4587 sancta:
3018 4535 3278 4603 martyris
3305 4534 3561 4589 Juliance.

417 4650 703 4720 Ἰουλιανὴ
760 4654 796 4721 ἡ
857 4654 1063 4727 μάρτυς
1121 4650 1368 4726 ὑπῆρχεν
1424 4649 1512 4704 ἐπὶ
1542 4652 1888 4722 Μαξιμιανοῦ
1917 4653 2011 4703 τοῦ

2193 4649 2428 4705 Juliana
2454 4654 2700 4719 martyr,
2733 4647 3083 4703 Maximiano
3114 4648 3495 4720 imperatore,
3529 4667 3599 4704 ex
3630 4650 3775 4705 urbe

343 4741 651 4820 βασιλέως,
702 4740 812 4814 ἀμὸ
867 4747 967 4810 τῆς
1021 4738 1240 4803 πόλεως
1299 4736 1691 4813 Νικομηδείας.
1725 4738 2014 4794 Πλουσίων

342 4832 407 4888 δῖε
468 4827 643 4886 ὄντων
697 4835 804 4885 τῶν
864 4831 1070 4904 γονέων
1128 4827 1321 4899 αὐτῆς,
1379 4827 1721 4902 ἐμνηστεύθη
1756 4827 2020 4900 Ἐλευσίῳ

342 4926 430 4993 τῷ
485 4919 864 4997 συγκλητικῷ,
918 4919 1066 4981 ὅστις
1124 4912 1384 4973 ἐϐούλετο
1438 4920 1663 4982 ποιῆσαι
1695 4917 1788 4973 τὸν
1819 4918 2017 4991 γάμον.

343 5010 516 5070 Ἀλλ’
547 5013 583 5080 ἡ
618 5010 741 5086 ἁγία
794 5008 857 5064 οὐ
914 5005 1258 5081 κατεδέξατο,
1308 5009 1556 5075 εἰποῦσα,
1588 5009 1714 5065 Ἐὰν
1750 5009 1826 5080 μὴ
1858 5008 2015 5083 γένη-

344 5124 437 5157 ται
495 5108 600 5171 τῆς
654 5098 873 5159 πόλεως
931 5092 1202 5174 ἔπαρχος,
1258 5095 1427 5172 ἄνδρα
1485 5098 1646 5153 αὐτὸν
1730 5096 1828 5151 οὐκ
1879 5094 2016 5171 ἔχω.

342 5191 529 5250 Ἀλλὰ
582 5190 673 5245 καὶ
725 5188 931 5243 τούτου
986 5185 1306 5260 γενομένου,
1364 5185 1531 5243 πάλιν
1575 5187 1743 5254 εἶπεν,
1776 5187 1859 5241 ὅτι
1891 5186 2017 5242 Ἐὰν

347 5283 429 5357 μὴ
481 5281 704 5354 γένηται
767 5275 1118 5351 Χριστιανὸς,
1175 5276 1238 5331 οὗ
1299 5272 1568 5349 λαμϐάνω
1601 5275 1787 5333 αὐτόν.
1820 5274 1985 5331 Ἀκού

341 5394 441 5436 σας
499 5370 558 5428 δὲ
610 5376 785 5426 ταῦτα
842 5368 874 5423 ὁ
931 5368 1113 5439 πατὴρ
1170 5367 1363 5437 αὐτῆς,
1423 5367 1697 5439 ἐλυπήθη,
1752 5366 1843 5422 καὶ
1889 5386 2018 5421 κατ·

341 5463 617 5539 ηνάγκασε
675 5457 898 5534 μᾶλλον
975 5454 1141 5524 αὐτὴν
1219 5458 1552 5532 ἀρνήσασθαι
1608 5457 1700 5511 τὸν
1759 5456 2016 5530 Χριστὸν,

342 5557 432 5613 καὶ
462 5550 650 5611 λαϐεῖν
681 5553 779 5608 τὸν
821 5544 1001 5621 ἄνδρα
1055 5546 1242 5617 αὐτῆς.
1302 5549 1392 5612 Ὦς
1450 5546 1508 5603 δὲ
1538 5547 1638 5603 οὐκ
1666 5545 1868 5613 ἔπεισε,
1896 5541 2020 5601 τότε

340 5642 622 5724 παρέδωκε
675 5639 821 5699 κατὰ
876 5635 1013 5699 τοὺς
1067 5636 1267 5709 νόμους
1323 5636 1400 5700 εἰς
1457 5636 1691 5708 ἐξέτασιν
1723 5634 1812 5690 καὶ
1849 5635 2017 5711 βάσαο

339 5722 431 5797 νον
482 5741 567 5813 τῷ
622 5730 920 5812 μνηστῆρι
974 5722 1166 5797 αὐτῆς,
1219 5726 1312 5783 καὶ
1369 5726 1624 5803 ἐπάρχῳ,
1655 5726 1718 5784 Ὀ
1764 5722 1823 5782 δὲ
1851 5722 2017 5801 ἔπαρο

2129 4738 2470 4794 Nicomedia
2496 4737 2628 4804 fuit,
2652 4736 3050 4809 locupletibus
3074 4737 3422 4810 parentibus
3448 4744 3607 4795 nata.
3632 4741 3777 4795 Cum

2128 4834 2327 4884 autem
2344 4827 2580 4883 Eleusio
2598 4826 2880 4883 senatorii
2900 4827 3128 4883 ordinis
3146 4828 3270 4883 viro
3289 4828 3586 4900 desponsa
3603 4836 3780 4898 esset,

2119 4920 2368 4991 jamque
2398 4916 2620 4989 nuptias
2647 4934 2681 4973 α
2702 4934 2919 4989 sponso
2942 4917 3077 4972 ador
3090 4923 3399 4986 narentur,
3418 4918 3654 4975 Iuliana
3685 4936 3784 4975 ne-

2128 5008 2304 5081 gabat
2333 5024 2394 5063 se
2425 5023 2562 5062 eum
2590 5006 2760 5074 velle,
2795 5006 2912 5061 nisi
2942 5006 3106 5062 urbis
3141 5007 3558 5079 praefecturam
3587 5009 3783 5081 adipi-
3834 5024 3841 5029 '

2130 5102 2395 5154 sceretur
2419 5111 2433 5152 :
2465 5113 2642 5168 quam
2674 5112 2810 5151 cum
2834 5096 2935 5151 ille
2959 5103 3270 5153 assecutus
3291 5103 3680 5169 esset,rursus
3703 5098 3787 5154 ait

2125 5187 2398 5242 Juliana:
2433 5185 2555 5240 Nisi
2585 5185 2956 5241 Christianus
2986 5186 3109 5254 ﬁat,
3144 5204 3240 5242 me
3271 5204 3650 5260 nequaquam
3683 5187 3792 5243 du-

2129 5282 2224 5332 cet
2250 5293 2518 5332 uxorem.
2571 5275 2967 5340 Quamobrem
3025 5282 3195 5348 pater
3251 5277 3308 5332 id
3358 5293 3511 5345 aegre
3563 5276 3785 5345 ferens,

2130 5365 2307 5439 ccepit
2331 5365 2652 5421 sollicitare
2682 5365 2891 5432 ﬁliam,
2933 5369 2998 5421 ut
3056 5382 3090 5421 τι
3143 5366 3374 5420 Christo
3405 5365 3784 5432 descisceret,

2128 5457 2369 5527 viroque
2403 5472 2510 5511 suo
2539 5454 2813 5511 nuberet.
2868 5456 3260 5510 Recusantem
3299 5453 3542 5509 tradidit
3566 5469 3786 5523 sponso

2129 5563 2234 5601 suo
2267 5550 2327 5600 et
2354 5543 2653 5616 praefecto,
2677 5548 2744 5597 ut
2762 5558 2833 5597 ex
2855 5542 3082 5615 legibus
3105 5542 3418 5612 quaestioni
3444 5542 3786 5598 tormentis-

2129 5651 2244 5706 que
2274 5633 2687 5706 subjiceretur.
2713 5630 3034 5686 Prmfectus
3062 5629 3240 5698 igitur
3271 5635 3457 5686 totum
3489 5631 3620 5702 ejus
3648 5647 3780 5687 cor-

2128 5740 2242 5797 pus
2270 5740 2301 5780 e
2333 5722 2568 5796 capillis
2594 5735 2954 5795 suspensum
2972 5718 3225 5775 lacerari
3235 5718 3442 5790 jussit,
3467 5727 3787 5793 cutemque
