4124 6472
359 355 478 415 219
522 306 529 311 .

1702 349 2117 413 MENOLOGH
2164 350 2368 410 PARS
2411 350 2491 411 ll.

3564 418 3577 421 Α
3654 353 3799 413 220

359 484 571 558 capitis
594 485 826 542 detrahi
850 503 862 540 :
890 502 1024 541 mox
1047 485 1212 542 illam
1234 485 1295 541 in
1317 486 1517 559 ignem
1540 486 1706 561 injici
1731 506 1746 555 ;
1773 485 2016 541 demum

2133 498 2231 554 χος
2262 475 2431 550 ἔξεσεν
2463 478 2592 535 ὅλον
2622 477 2685 534 τὸ
2715 483 2874 552 σῶμα
2904 477 3093 548 αὐτῆς,
3152 478 3244 534 καὶ
3302 479 3410 534 ἀπὸ
3434 483 3542 534 τῶν
3574 485 3788 556 τριχῶν

361 578 646 633 decollari
671 593 807 634 cum
829 578 1033 633 multis
1055 578 1319 649 aliis,qui
1339 578 1468 650 ejus
1487 595 1665 635 causa
1683 578 1862 634 ﬁdem
1886 593 2014 632 sus-

365 673 670 738 ceperant.

1000 846 1219 901 Eodem
1278 846 1375 902 die

504 964 601 1019 47
642 962 925 1018 Certamen
952 966 1134 1019 sancti
1176 966 1438 1033 martyris
1486 964 1875 1018 Themistoclis.

435 1081 686 1135 Sanctus
715 1081 828 1134 iste
853 1080 1300 1147 Themistocles,
1333 1080 1508 1134 Decio
1539 1079 1918 1151 imperatore,
1953 1094 2025 1132 ex

364 1170 607 1243 regione
630 1171 839 1242 Lyciae,
863 1186 998 1225 oves
1024 1170 1306 1241 pascebat
1334 1170 1395 1224 in
1426 1186 1495 1225 eo
1520 1175 1744 1235 monte,
1766 1169 1868 1225 ubi
1888 1184 2022 1240 per-

367 1259 694 1314 secutionis
723 1258 977 1314 vitandae
1002 1275 1184 1315 causa
1212 1263 1451 1315 sanctus
1480 1258 1851 1314 Dioscorides
1877 1257 2028 1313 late-

363 1347 485 1404 bat.
517 1349 783 1419 Cumque
815 1348 1038 1403 milites
1068 1348 1235 1403 missi
1275 1366 1309 1404 a
1354 1348 1614 1419 regionis
1643 1346 1921 1420 praafecto
1952 1347 2026 1401 ad

357 1436 993 1507 comprehendendum
1007 1442 1280 1492 sanctum
1298 1436 1889 1502 Dioscoridem,hunc
1904 1451 2026 1490 non

358 1524 749 1595 invenissent,
783 1525 1126 1581 inciderunt
1166 1526 1229 1580 in
1261 1524 1719 1581 Themistoclem
1746 1541 1885 1579 oves
1916 1539 2024 1595 pa-

363 1620 653 1682 scentem,
685 1632 941 1685 eumque
970 1615 1043 1670 de
1074 1614 1417 1671 Dioscoride
1450 1614 1920 1687 iuterrogarunt.
1951 1614 2026 1668 At

358 1703 484 1770 ille,
511 1704 613 1774 qui
646 1703 826 1775 probe
853 1710 1117 1772 noverat,
1151 1704 1254 1759 ubi
1299 1705 1351 1759 is
1402 1704 1637 1771 lateret,
1672 1720 1791 1759 non
1823 1708 2023 1759 tamen

357 1792 545 1848 voluit
574 1793 746 1848 illum
781 1793 1051 1864 prodere,
1086 1793 1190 1848 sed
1221 1794 1485 1865 seipsum
1516 1810 1623 1864 pro
1656 1810 1724 1850 eo
1756 1792 2020 1859 tradidit,

2124 568 2409 645 ἐκρέμασε.
2471 570 2569 624 Καὶ
2622 566 2853 644 ἐξέδειρε
2902 570 2965 624 τὸ
3025 566 3201 643 δέρμα
3256 576 3359 639 τῆς
3419 569 3665 647 κεφαλῆς
3702 572 3802 626 αύ-

2122 665 2247 727 τῆς.
2284 661 2419 714 Εἶτα
2448 654 2702 715 ἐνέϐαλεν
2767 658 2844 722 εἰς
2900 663 3027 734 πῦρ·
3088 658 3178 714 καὶ
3208 657 3369 721 τέλος
3399 657 3795 737 ἀπεκεφάλισεν

2129 747 2295 817 αὐτὴν
2334 748 2468 821 μετᾶ
2497 749 2589 803 καὶ
2639 745 2825 804 ἄλλων
2880 753 2988 803 τῶν
3047 746 3116 803 δι’
3165 748 3331 818 αὐτὴν
3364 749 3793 809 πιστευσάντων.

2698 839 2781 910 Τῇ
2828 836 2964 911 αὖτῇ
3010 836 3212 912 ἡμέρᾳ.

2274 950 2540 1025 ’Άθλησις
2571 956 2668 1008 τοῦ
2701 954 2857 1029 ἁγίου
2887 956 3159 1031 μάρτυρος
3189 955 3643 1029 Θεμιστοκλέους.

2204 1071 2310 1127 Επὶ
2340 1078 2440 1141 τῆς
2477 1071 2756 1145 βασιλείας
2814 1074 3008 1128 Δεκίου
3064 1075 3131 1143 ἦν
3187 1074 3347 1138 οὗτος
3383 1076 3410 1130 ὁ
3441 1074 3593 1150 ἅγιος
3623 1082 3799 1150 Θεμι-

2134 1160 2393 1231 στοκλῆς,
2441 1162 2548 1217 άπὸ
2592 1168 2693 1232 τῆς
2742 1163 2931 1239 χώρας
2981 1163 3202 1227 Λυκίας.
3261 1160 3497 1222 Ἔϐοσκε
3549 1163 3607 1221 δὲ
3661 1166 3801 1243 πρό-

2134 1244 2272 1305 ϐατα
2300 1249 2351 1305 ἐν
2380 1256 2461 1323 τῷ
2486 1248 2624 1326 ὄρει,
2679 1249 2820 1306 ὅπου
2871 1252 3165 1328 ἐκρύπτετο
3225 1255 3254 1309 ὁ
3302 1256 3457 1328 ἅγιος
3504 1253 3803 1331 Διοσκορί-

2136 1337 2258 1412 δης,
2311 1338 2402 1396 διὰ
2455 1343 2549 1397 τὸν
2609 1338 2882 1418 διωγμόν.
2941 1343 3351 1414 Ἀπεστάλησαν
3380 1343 3438 1400 δὲ
3469 1350 3804 1422 στρατιῶται

2134 1430 2282 1504 παρὰ
2308 1434 2406 1486 τοῦ
2435 1434 2535 1500 τῆς
2573 1432 2763 1506 χώρας
2817 1430 3109 1509 ἄρχοντος,
3133 1431 3228 1490 ⁹ίνα
3255 1435 3493 1491 πιάσωσι
3516 1436 3608 1492 τὸν
3640 1437 3802 1512 ἅγιον

2136 1518 2524 1596 Διοσκορίδην.
2559 1522 2657 1578 Καὶ
2721 1523 2798 1595 μὴ
2858 1521 3195 1599 εὑρίσκοντες
3253 1523 3480 1595 ἐκεῖνον,
3512 1526 3667 1601 εὗρον
3696 1525 3802 1580 τὸν

2134 1608 2508 1683 Θεμιστοκλέα
2566 1609 2834 1688 βόσκοντα
2903 1612 2970 1667 τὰ
3023 1608 3295 1688 πρόϐατα,
3351 1614 3442 1670 καὶ
3500 1616 3806 1690 ἠρώτησαν

2132 1700 2256 1775 περί
2313 1704 2411 1755 τοῦ
2460 1698 2837 1777 Διοσκορίδου.
2900 1703 3141 1765 Ἐκεῖνος
3194 1701 3253 1759 δὲ
3307 1705 3615 1779 γινώσκων,
3653 1704 3805 1760 ὅπου

2132 1789 2451 1863 κρύπτεται,
2512 1792 2667 1864 ὅμως
2726 1790 2827 1847 οὐκ
2880 1790 3149 1863 ἠθέλησεν
3208 1792 3556 1868 ὁμολογῆσαι
3609 1794 3807 1866 αὐτὸν,

361 1884 670 1939 confessus
696 1900 757 1937 se
776 1884 1179 1939 Christianum
1207 1900 1357 1940 esse.
1382 1885 1573 1949 Quare
1604 1883 1858 1939 vinculis
1888 1899 2020 1938 con-

2135 1862 2322 1935 ὲαυτὸν
2371 1877 2430 1935 δὲ
2477 1862 2584 1936 ἀντ’
2634 1880 2842 1937 ἐκείνου
2897 1862 3635 1959 παρέδωκενξὸμολογήσας
3668 1862 3813 1958 Χρι.

361 1974 620 2040 strictus,
680 1974 755 2028 ad
812 1973 1160 2045 praefectum
1212 1974 2025 2044 adducitur:Christumque

354 2080 558 2118 coram
589 2063 718 2135 ipso
750 2064 1076 2136 professus,
1118 2065 1369 2135 supinus
1415 2064 1585 2119 humi
1617 2065 1925 2133 sternitur,
1956 2079 2025 2119 ac

356 2153 567 2209 tandiu
599 2153 660 2208 in
683 2158 885 2209 ventre
907 2154 1175 2223 caeditur,
1203 2155 1343 2210 dum
1371 2155 1434 2210 in
1464 2155 1610 2210 duas
1637 2160 1835 2227 partes
1866 2155 2026 2210 scin!-

357 2241 689 2309 deretur,et
704 2243 991 2297 intestina
1006 2242 1603 2298 difﬂuerent.Deinde
1622 2243 1683 2297 in
1701 2243 2021 2314 equuleum

359 2335 548 2400 actus,
585 2337 643 2386 et
694 2337 899 2403 postea
942 2332 1270 2404 depositus,
1319 2349 1498 2404 super
1543 2331 1756 2388 ferreis
1786 2330 2027 2387 tribulis

357 2424 663 2491 raptatur:
694 2425 875 2493 atque
907 2421 989 2477 ita
1016 2421 1291 2493 spiritum
1330 2421 1583 2477 Domino
1615 2421 1878 2477 tradidit.

1000 2687 1221 2743 Eodem
1253 2687 1374 2743 die.

357 2777 457 2833 48
501 2776 962 2833 Commemoratio
1010 2776 1194 2831 sancti
1244 2778 1428 2832 Patris
1479 2779 1658 2832 nostri
1704 2763 2028 2847 Philogenii

859 2866 928 2903 ea:
950 2848 1234 2904 causidico
1254 2850 1517 2918 episcopi.

427 2939 677 2993 Sanctus
698 2939 808 2993 iste
830 2938 1218 3010 Philogonius
1246 2938 1320 2993 ab
1351 2937 1607 2993 infantia
1631 2938 1872 3010 pietatis
1895 2938 2029 2994 cul-

353 3033 468 3094 tor,
502 3026 706 3083 adulta
736 3025 954 3082 deinde
987 3031 1158 3082 aetate
1204 3043 1449 3081 uxorem
1480 3026 1671 3095 duxit,
1706 3027 2031 3098 ﬁliumque

350 3116 723 3189 procreavit:
758 3115 1073 3187 factusque
1129 3114 1470 3185 advocatus,
1506 3117 1554 3171 si
1589 3133 1768 3187 quem
1799 3117 2025 3188 injuste

2132 1970 2346 2024 στιανὸν
2381 1972 2540 2029 εἷναι.
2594 1970 2700 2027 Καὶ
2753 1968 2926 2036 δεθεὶς
2981 1969 3257 2047 παρεδόθη
3302 1978 3381 2046 τῷ
3411 1972 3661 2048 ἄρχοντι·
3694 1975 3796 2030 καὶ

2129 2059 2221 2114 τὸν
2282 2060 2514 2134 Χριστὸν
2572 2059 2809 2134 κηρύξας
2868 2060 3095 2116 ἐνώπιον
3163 2061 3349 2134 αὐτοῦ,
3410 2062 3645 2134 ήπλώθη
3705 2063 3809 2123 ἐπὶ

2129 2150 2228 2216 τήν
2279 2150 2402 2224 τῆν’
2460 2149 2552 2205 καὶ
2631 2150 2835 2225 ἐτυφθη
2914 2154 3054 2207 κατὰ
3120 2158 3224 2221 τῆς
3279 2151 3516 2219 κοιλίας,
3564 2150 3670 2216 ’έως
3732 2156 3807 2210 οὗ

2133 2236 2485 2316 διαῤῥαγεῖσα
2536 2238 2768 2315 ἐσχίσθη
2830 2239 2906 2303 εἰς
2967 2239 3088 2296 δύο⁸
3144 2242 3235 2296 καὶ
3290 2241 3359 2297 τὰ
3405 2238 3594 2319 ἔντερα
3622 2242 3805 2300 αὐτοῦ

2131 2326 2482 2402 ἐξεχύθησαν.
2559 2329 2693 2384 Εἶτα
2774 2328 3081 2404 ἐκρεμάσθη
3144 2328 3234 2386 ἐπὶ
3298 2329 3396 2386 τοῦ
3454 2330 3640 2405 ξύλου·
3700 2334 3805 2389 καὶ

2130 2410 2570 2489 καταϐιϐασθεὶς,
2627 2415 2844 2493 σύρεται
2928 2416 3109 2474 ἐπάνω
3189 2413 3465 2494 τριϐόλων
3524 2418 3805 2495 σιδηρῶν.

2133 2506 2233 2560 Καὶ
2291 2503 2467 2568 οὕτως
2552 2506 2872 2583 συρόμενος,
2957 2506 3241 2585 παρέδωκε
3290 2514 3392 2578 τὴν
3467 2512 3654 2585 ψυχὴν
3711 2516 3803 2585 τῷ

2132 2593 2338 2670 Κυρίῳ.

2733 2690 2818 2761 Τῇ
2850 2686 2987 2760 αὐτῇ
3019 2688 3203 2764 ἡμέρᾳ

2134 2775 2344 2846 Μνήμη
2404 2776 2501 2830 τοῦ
2565 2776 2721 2831 ὁσίου
2793 2777 3009 2850 Πατρὸς
3083 2779 3248 2851 ἡμῶν
3306 2775 3647 2855 Φιλογονίου
3702 2783 3804 2835 τοῦ

2375 2864 2697 2940 γενομένου,
2730 2865 2838 2921 ἀπὸ
2878 2863 3195 2943 δικολογου,
3229 2867 3550 2925 ἐπισκόπου.

2206 2955 2381 3018 Οὗτος
2427 2956 2456 3009 ὁ
2514 2954 2669 3029 ἅγιος
2730 2953 3087 3031 Φιλογόνιος,
3129 2957 3387 3027 νηπιόθεν
3419 2953 3654 3026 εὐλαϐὴς
3685 2955 3802 3033 ἐγέ-

2135 3064 2278 3113 νετο,
2336 3043 2426 3099 καὶ
2484 3042 2658 3108 ἐλθὼν
2710 3043 2791 3106 εἷς
2864 3045 3113 3117 ἡλικίαν,
3165 3041 3331 3102 ἔλαϐε
3400 3048 3492 3102 καὶ
3546 3052 3803 3123 γυναῖκα,

2134 3135 2370 3204 ποιήσας
2424 3135 2512 3189 καὶ
2573 3132 2812 3190 παιδίον.
2874 3138 3011 3192 Εἴτὰ
3068 3135 3277 3211 ἐγένετο
3335 3139 3657 3212 συνήγορος.
3691 3138 3807 3193 Καὶ

351 3221 706 3277 oppressum
738 3203 1233 3275 laborantemque
1282 3204 1544 3273 vidisset,
1577 3210 1853 3277 suscepta
1882 3207 2012 3279 ejus

2134 3223 2224 3279 ὅτε
2282 3222 2523 3298 εὕρισκεν
2580 3222 2943 3299 ἀδικούμενον
3016 3223 3328 3302 ἄνθρωπον,
3385 3230 3810 3302 καταπονούμε-

354 3310 533 3351 causa
584 3292 867 3366 injuriam
925 3293 1330 3365 propulsabat.
1364 3296 1592 3349 Mortua
1636 3311 1771 3350 vero
1805 3312 2011 3366 uxore,

353 3385 427 3440 ob
461 3383 1026 3439 excellentissimam
1052 3383 1333 3439 virtutem
1363 3401 1534 3439 suam
1563 3388 1742 3455 atque
1763 3384 2016 3456 justitiaa

353 3491 640 3541 amorem,
701 3490 772 3529 ex
830 3473 1111 3529 advocato
1172 3473 1470 3546 suffragiis
1512 3474 1693 3530 totius
1723 3475 1925 3546 populi
1959 3480 2018 3530 et

352 3565 771 3637 episcoporum
824 3561 1138 3619 ordinatur
1204 3564 1545 3635 episcopus,
1607 3563 2015 3636 virtutumque

354 3654 623 3710 omnium
655 3656 935 3723 recteque
965 3652 1258 3708 factorum
1289 3651 1609 3723 splendore
1635 3651 1838 3708 lumen
1872 3653 2016 3710 solis

354 3741 672 3813 superavit.
705 3740 839 3795 Fuit
866 3745 1064 3796 autem
1097 3746 1157 3796 et
1186 3740 1502 3811 sapientia,
1533 3744 1592 3794 et
1610 3739 1883 3796 doctrina
1912 3739 2015 3796 ad-

359 3830 671 3901 mirabilis.
696 3830 877 3885 Multa
901 3830 1063 3885 enim
1084 3834 1227 3885 tunc
1249 3833 1376 3884 erat
1394 3844 1632 3884 morum
1654 3828 2012 3900 corruptela,

355 3924 627 3976 cessante
646 3935 838 3990 nuper
859 3918 1295 3989 persecutione,
1320 3922 1381 3973 et
1408 3916 1622 3972 hmresi
1643 3917 1885 3972 initium
1906 3917 2018 3974 du-

360 4014 552 4066 cente.
577 4008 686 4064 Sed
717 4008 871 4063 hanc
897 4007 1093 4063 divino
1120 4006 1413 4063 beneﬁcio
1440 4007 1720 4063 coercuit.
1748 4008 2016 4079 Cumque

360 4098 657 4155 creditum
688 4098 802 4153 sibi
840 4113 1077 4170 gregem
1134 4096 1355 4169 optime
1412 4096 1682 4164 rexisset,
1714 4097 2015 4169 vitamque

358 4188 687 4261 angelicam
720 4187 782 4242 in
824 4192 980 4242 terra
1026 4187 1311 4255 duxisset,
1343 4187 1405 4242 in
1434 4202 1578 4258 pace
1610 4187 1854 4259 quievit,
1885 4188 2017 4244 ani—

362 4295 523 4336 mam
555 4296 724 4335 suam
754 4278 1005 4335 Domino
1038 4277 1301 4334 tradens.

914 4548 1157 4604 EODEM
1211 4548 1463 4604 MENSE.

826 4662 930 4717 Die
957 4662 1240 4718 vicesima
1270 4663 1550 4718 secunda.

362 4782 463 4837 49
501 4781 785 4836 Certamen
836 4785 1036 4834 sancta:
1095 4781 1354 4847 martyris
1404 4779 1736 4850 Anastasius,
1783 4788 1837 4834 et
1887 4797 2015 4837 san-

755 4857 969 4905 ctarum
1008 4851 1280 4905 sociarum
1311 4850 1622 4907 mulierum.

431 4967 747 5023 Anastasia
766 4970 1012 5038 martyr,
1036 4966 1401 5022 Diocletiano
1423 4967 1803 5041 imperatore,
1818 4971 2017 5025 Romae

364 5058 598 5126 claruit,
659 5056 938 5113 divitibus
997 5073 1064 5112 ac
1121 5056 1424 5113 nobilibus
1479 5058 1825 5129 parentibus
1857 5065 2021 5132 nata,

361 5152 539 5220 atque
568 5163 605 5203 δ,
633 5150 824 5202 matre
854 5145 1035 5201 ﬁdem
1065 5144 1281 5201 Christi
1314 5145 1543 5213 edocta,
1576 5163 1610 5202 a
1638 5147 2017 5221 Chrysogono

361 5265 498 5305 vero
522 5245 990 5303 Christianorum
1016 5244 1255 5302 doctore
1280 5245 1463 5302 sacris
1486 5246 1701 5302 litteris
1723 5248 2015 5306 instituta.

364 5338 566 5393 Virum
596 5340 797 5392 autem
847 5334 1117 5402 duxerat,
1160 5335 1439 5390 Publium
1482 5337 1746 5405 nomine,
1778 5338 2019 5395 divitem

362 5427 626 5498 quidem,
646 5425 751 5482 sed
775 5423 1101 5480 ethnicum.
1126 5425 1291 5490 Quod
1308 5424 1487 5498 igitur
1505 5426 1875 5484 Christianus
1896 5446 2018 5487 non

364 5525 541 5587 esset,
575 5535 711 5574 eum
744 5516 1059 5573 Anastasia
1077 5516 1303 5583 oderat,
1329 5533 1441 5573 nec
1460 5517 1647 5574 ullam
1670 5518 1724 5574 ei
1752 5521 2018 5592 corporis

365 5609 457 5662 sui
485 5611 837 5679 potestatem
892 5604 1186 5662 faciebat:
1245 5611 1373 5662 erat
1427 5612 1626 5663 autem
1678 5607 1937 5682 benigna
1960 5615 2019 5666 et

364 5696 600 5752 liberali
630 5696 692 5752 in
721 5712 1035 5770 pauperes,
1081 5713 1324 5770 eosque,
1358 5697 1459 5769 qui
1488 5697 1553 5754 in
1581 5697 1834 5756 vinculis
1862 5699 2018 5757 deti-

2121 3333 2233 3384 νον,
2296 3310 2576 3383 ἐδικάζετο
2656 3315 2790 3389 ὑπὲρ
2868 3313 3099 3385 ἐκείνου,
3158 3315 3261 3371 ’καὶ
3333 3315 3555 3389 ἐξεδίκει
3612 3318 3808 3377 αὐτόν.

2121 3402 2424 3478 Προϊόντος
2457 3400 2516 3459 δὲ
2543 3402 2641 3460 τοῖ’)
2700 3404 2925 3480 χρόνου,
2978 3403 3325 3477 ἐτελεύτησεν
3354 3409 3389 3474 ἡ
3421 3410 3555 3483 γυνή
3607 3408 3805 3467 αὐτοῦ.

2122 3495 2363 3555 Ἐκεῖνος
2423 3489 2483 3547 δὲ
2541 3490 2630 3548 διὰ
2685 3494 2785 3563 τὴν
2846 3491 3302 3570 ὑπερϐάλλουσαν
3351 3497 3549 3572 ἀρετὴν
3600 3499 3806 3571 αὐτοῦ,

2119 3582 2212 3636 καὶ
2239 3583 2341 3651 τήν
2376 3580 2757 3654 δικαιοσύνην,
2804 3582 2926 3639 ἀντὶ
2975 3584 3300 3661 συνηγόρου,
3333 3587 3481 3661 παρὰ
3527 3593 3625 3643 τοῦ
3655 3587 3807 3645 λαοῦ

2120 3672 2320 3733 παντὸς
2349 3674 2440 3726 καί
2497 3676 2608 3727 τῶν
2663 3672 2978 3728 ἐπισκόπων
3029 3673 3426 3750 ἐχειροτονήθη
3461 3676 3793 3741 ἐπίσκοπος.

2123 3760 2220 3815 Καὶ
2255 3756 2497 3834 ἔλαμψεν
2549 3760 2628 3823 εἰς
2686 3762 2883 3836 ἀρετὴν
2940 3762 3031 3818 καὶ
3079 3763 3147 3818 τὰ
3190 3764 3361 3820 λοιπὰ
3388 3767 3800 3843 κατορθώματα

2125 3849 2259 3924 ὑπὲρ
2287 3850 2379 3904 τὸν
2413 3848 2597 3919 ἥλιον.
2633 3850 2878 3924 Ἐγένετο
2927 3849 2987 3907 δὶ
3033 3853 3343 3927 θαυμαστὸς
3381 3856 3469 3910 καὶ
3503 3854 3592 3911 ἐπὶ
3623 3857 3803 3934 σοφίᾳ

2121 3941 2208 3996 καὶ
2243 3940 2329 3995 ἐπὶ
2364 3937 2707 4012 διδασκαλίᾳ.
2769 3940 2958 4010 πολλὴ
3015 3942 3117 4018 γὰρ
3180 3943 3249 4013 ἦν
3281 3943 3405 4000 τότε
3433 3948 3467 4015 ἠ
3502 3942 3802 4019 δυσκολία,

2119 4029 2313 4084 νεωστὶ
2359 4033 2457 4084 τοῦ
2511 4026 2766 4103 διωγμοῦ
2796 4031 3168 4104 παυσαμένου,
3224 4035 3316 4089 καὶ
3377 4041 3479 4105 τῆς
3533 4036 3806 4111 αἱρέσεως

2121 4118 2448 4192 ἀρξαμένης.
2484 4118 2664 4175 Ἀλλά
2719 4120 2810 4174 καὶ
2863 4123 2897 4190 ἡ
2960 4123 3187 4197 αἳρεσις,
3244 4127 3380 4179 Θεοῦ
3429 4123 3639 4200 χάριτι,
3684 4127 3803 4182 ὑπὸ

2118 4207 2315 4263 τούτου
2381 4208 2679 4280 κατελύθη.
2738 4208 2927 4272 Οὕτως
2986 4210 3175 4274 καλῶς
3222 4212 3497 4287 ποιμάνας
3526 4215 3589 4271 τὸ
3620 4214 3803 4287 ἐμπί-

2122 4301 2336 4363 στευθὲν
2396 4299 2544 4372 αύτῷ
2598 4298 2886 4373 ποίμνιον,
2967 4301 3059 4357 καὶ
3140 4303 3257 4379 βίον
3318 4307 3483 4376 ζήσας
3535 4304 3625 4360 ἐπὶ
3682 4313 3798 4382 γῆς

2123 4387 2395 4465 ἀγγέλων,
2427 4389 2481 4444 ἐν
2529 4389 2722 4466 εῗρήνῃ
2772 4390 3131 4461 ἀνεπαύσατο,
3181 4391 3309 4457 δοὺς
3356 4395 3457 4463 τὴν
3489 4396 3674 4470 ψυχὴν
3705 4401 3798 4469 τῷ

2123 4479 2334 4551 Κυρίῳ.

2683 4571 2866 4626 ΜΗΝΙ
2905 4575 2990 4623 ΤΩ
3029 4576 3226 4627 ΑΥΤΩ.

2909 4689 3014 4744 ΚΒ“

2198 4803 2461 4873 Ἀθλησις
2489 4809 2599 4881 τῆς.
2622 4802 2775 4881 ἁγίοις
2802 4804 3110 4881 μμάρμτυρος
3166 4808 3522 4870 ’Λναστασίας
3552 4812 3641 4866 καὶ
3671 4815 3791 4867 τῶν

2554 4874 2647 4930 σὺν
2668 4873 2680 4879 ⁷
2695 4873 2846 4950 αύτῇ
2864 4873 3030 4951 ἁγίων
3059 4883 3351 4953 γυναικῶν.

2196 4991 2256 5042 Ἡ
2319 4988 2524 5061 μάρτυς
2579 4987 2904 5044 ’Δναστασία
2961 4989 3209 5065 ὑπῆρχεν
3256 4989 3346 5046 ἐπὶ
3385 4991 3790 5066 Διοκλητιανοῢ

2131 5073 2399 5151 βασιλέως
2431 5073 2482 5130 ἐν
2514 5076 2700 5151 Ῥώμῃ
2754 5080 2823 5150 τῇ
2863 5074 3048 5149 πόλει,
3108 5080 3347 5156 θυγάτηρ
3381 5080 3657 5139 πλουσίων
3690 5085 3788 5141 καὶ

2127 5165 2359 5240 εὐγενῶν
2385 5160 2609 5240 γονέων.
2640 5163 2745 5221 Καὶ
2805 5164 2910 5220 ὑπὸ
2969 5167 3065 5240 μὲν
3122 5174 3224 5238 τῆς
3260 5173 3497 5246 μητέρος
3530 5171 3787 5246 μανθάνει

2124 5253 2226 5322 τήν
2284 5252 2360 5315 εἷς
2416 5254 2649 5328 Χριστὸν
2703 5252 2907 5309 πίστινο
2980 5255 3084 5310 ὑπὸ
3143 5252 3201 5311 δὲ
3256 5258 3631 5334 Χρυσογόνου,
3686 5266 3789 5317 τοῦ

2126 5345 2464 5415 Χριστιανῶν
2526 5339 2882 5414 διδασκάλου,
2935 5344 3004 5399 τὰ
3052 5344 3173 5419 ἱερὰ
3221 5345 3536 5421 γράμματα.
3579 5347 3789 5408 Ἐλαϐε

2127 5428 2184 5487 δὲ
2212 5428 2380 5506 ἄνδρα
2409 5428 2654 5488 Πόπλιον
2699 5431 3015 5509 λεγόμενον,
3060 5431 3327 5490 πλούσιον
3381 5437 3501 5510 μὲν,
3531 5437 3789 5512 Ἕλληνα

2126 5519 2204 5577 δέ.
2232 5521 2390 5579 Ὀθεν
2422 5519 2511 5576 καὶ
2543 5517 2636 5577 διὰ
2680 5522 2742 5576 τὸ
2779 5523 2856 5594 μὴ
2901 5522 3038 5578 εἶναι
3088 5525 3445 5597 Χριστιανὸν,
3477 5526 3653 5601 ἐμίσει
3685 5531 3784 5585 αύ-

2122 5609 2240 5679 τὺν,
2266 5609 2357 5665 καὶ
2414 5609 2476 5666 οὐ
2536 5611 2841 5686 συνήρχετο
2896 5610 3043 5684 αὐτῷ
3096 5611 3173 5675 είς
3231 5615 3540 5692 συνάφειαν.
3603 5618 3780 5675 Ἠλέει

2125 5696 2183 5755 δὲ
2211 5697 2337 5761 τοὺς
2384 5699 2667 5775 πτωχοὺς,
2724 5700 2813 5755 καὶ
2874 5696 3231 5763 ἐπεσκέπτετο
3277 5700 3407 5767 τοὺς
3452 5703 3505 5761 ἐν
3535 5704 3780 5785 φυλακῇ.
