4124 6504
247 362 367 426 223

1557 366 1995 428 MENOLOGII
2038 365 2240 428 PARS
2282 366 2357 427 II.

3554 362 3671 426 224

251 501 471 553 sanctae
500 500 623 552 tres
653 513 886 553 sorores
910 497 1127 571 Agape,
1159 497 1429 567 Chionia,
1466 503 1525 554 et
1566 500 1755 567 Irene,
1785 513 1907 555 una

2044 515 2070 550 ν
2130 498 2169 567 ᾗ
2222 497 2516 570 κατέμενον
2575 495 2633 552 αἲ
2688 493 2836 573 ἅγιαι
2910 501 3058 571 τρεῖς
3118 492 3373 569 ἀδελφαὶ,
3434 492 3673 570 Ἀγάπη,

251 602 387 642 cum
420 586 575 642 Zoilo
602 586 860 658 quodam
883 588 982 642 Dei
1009 604 1174 644 servo
1199 606 1213 655 ;
1248 588 1525 660 apparuit
1547 588 1708 643 idem
1729 588 1910 660 Chry-

255 690 514 747 sogonus
543 676 604 729 in
640 677 869 731 somnis
926 677 1107 743 Zoilo,
1168 677 1399 749 dicens,
1430 678 1556 733 fore
1611 682 1677 732 ut
1707 683 1913 734 sancta

252 765 567 819 Anastasia
620 769 921 820 certamen
983 765 1213 821 subiret
1264 783 1397 822 cum
1459 767 1683 822 sanctis
1721 767 1912 821 tribus

256 852 583 918 sororibus,
607 870 737 925 qua:
760 855 910 910 citra
929 872 1160 911 nonum
1184 856 1340 911 diem
1367 873 1617 929 agonem
1643 856 1911 928 martyrii

256 948 756 998 consummaturaa
790 949 1009 1000 essent.
1063 947 1202 1010 Qum
1248 962 1383 1001 cum
1414 946 1681 1002 audisset
1710 950 1916 1002 sancta

256 1032 587 1099 Anastasia,
621 1037 890 1087 sanctum
916 1035 1358 1105 Chrysogonum
1386 1042 1607 1100 secuta,
1641 1036 1917 1091 convenit

255 1125 492 1175 sanctas
512 1121 669 1188 illas,
696 1138 917 1192 easque
948 1124 1257 1194 complexa
1278 1130 1386 1191 est,
1413 1128 1466 1178 et
1497 1123 1911 1192 serviebateis_

254 1211 319 1264 Id
350 1228 484 1266 vero
542 1213 642 1267 ubi
690 1214 926 1268 rescivit
976 1215 1399 1282 Diocletianus,
1451 1216 1917 1287 comprehensas

258 1300 506 1355 tradidit
554 1302 814 1373 regionis
872 1303 1189 1374 praefecto:
1244 1321 1278 1360 a
1334 1321 1451 1375 quo
1484 1310 1674 1372 tortae,
1708 1321 1915 1359 rursus

259 1388 429 1443 alteri
461 1391 761 1461 praefecto,
813 1392 1072 1448 Sisinnio
1119 1394 1384 1460 nomine,
1428 1394 1778 1449 traduntur:
1816 1394 1917 1465 qui

264 1484 501 1533 sanctas
534 1478 774 1549 quidem
799 1484 1060 1552 Agapen,
1085 1488 1142 1536 et
1161 1483 1467 1537 Chioniam
1490 1483 1610 1556 igni
1645 1483 1916 1538 consumi

255 1567 473 1639 jussit:
508 1574 774 1624 sanctam
806 1587 942 1626 vero
974 1572 1206 1627 Irenem
1247 1572 1488 1643 quidam
1520 1573 1695 1628 miles
1723 1572 1918 1645 gladio

264 1654 538 1710 confecit.

926 1925 1144 1981 Eodem
1176 1927 1270 1981 die

337 2014 438 2069 53
471 2015 755 2098 Certamen
791 2021 994 2070 sancte
1044 2019 1304 2098 martyris
1359 2017 1645 2073 Theodotae
1675 2026 1728 2073 et
1774 2020 1923 2088 ﬁlio-

614 2097 625 2106 ‘
940 2104 1064 2142 rum
1103 2097 1242 2157 ejus.

335 2172 635 2228 Theodota
662 2180 889 2247 martyr
921 2176 982 2230 in
1014 2176 1289 2249 Bithynia
1316 2184 1476 2247 nata,
1509 2178 1730 2233 celebri
1763 2181 1921 2235 Ana-

263 2260 459 2314 stasiaa
491 2259 648 2316 fama
672 2268 992 2331 commota,
1017 2280 1149 2319 eam
1171 2265 1337 2333 adiit,
1366 2271 1580 2321 etcum
1604 2283 1675 2321 ea
1694 2274 1926 2323 versata

265 2354 356 2403 est
386 2350 563 2404 simul
594 2367 731 2406 cum
789 2352 931 2407 ﬁliis
989 2354 1112 2409 suis
1139 2372 1151 2409 :
1213 2356 1384 2428 cujus
1415 2357 1757 2431 conjugium
1790 2375 1924 2413 cum

266 2443 499 2509 peteret
548 2439 875 2497 Leucadius
922 2443 1262 2514 praafectus,
1322 2450 1382 2500 et
1439 2446 1544 2502 illa
1600 2452 1925 2517 recusaret,

268 2529 474 2585 volens
506 2546 643 2585 eum
694 2531 921 2605 fugere,
966 2535 1210 2606 rogavit,
1255 2540 1323 2591 ut
1368 2536 1675 2609 paulisper
1716 2554 1926 2610 exspe-

269 2623 478 2685 ctaret,
512 2635 573 2674 se
604 2636 743 2675 mox
776 2621 1061 2678 voluntati
1093 2625 1222 2696 ejus
1245 2625 1675 2683 obsecuturam.
1709 2630 1926 2701 Exspe-

271 2712 471 2762 ctante
503 2708 703 2780 itaque
733 2711 1036 2782 praefecto,
1070 2714 1218 2785 ipsa,
1259 2716 1514 2788 erogatis
1543 2717 1605 2771 in
1635 2732 1927 2789 pauperes

268 2795 676 2865 facultatibus,
697 2802 919 2855 sanctis
949 2802 1344 2859 ministrabat.
1369 2804 1772 2861 Diocletianus
1794 2823 1926 2861 vero

269 2901 406 2940 cum
438 2888 808 2958 cognovisset
846 2907 1114 2947 carceres
1145 2898 1205 2947 et
1232 2895 1530 2966 ergastula
1576 2896 1928 2952 Christianis

270 2974 451 3045 plena
481 2991 631 3042 esse,
666 2978 851 3032 edixit
893 2984 958 3034 ut
1004 2996 1211 3036 omnes
1259 2988 1432 3037 nocte
1462 3000 1606 3052 una,
1638 2985 1739 3039 alii
1770 2986 1928 3058 igne,

272 3061 374 3116 alii
407 3079 579 3134 aqua,
612 3066 712 3119 alii
744 3066 900 3121 ferro
934 3068 1306 3126 tollerentur.
1355 3073 1748 3137 Quamobrem
1784 3075 1931 3128 Leu-

273 3151 480 3208 cadius
514 3155 757 3210 tradidit
787 3162 1053 3213 sanctam
1100 3160 1462 3216 Theodotam
1494 3178 1628 3216 cum
1663 3162 1802 3217 filiis
1835 3163 1928 3218 Ni-

2012 583 2228 657 Χιονία,
2259 587 2347 642 καὶ
2385 585 2616 659 Εἷρήνη,
2680 586 2814 659 μετὰ
2867 586 3086 643 Ζωῒλου
3139 584 3286 649 τινὸς
3343 581 3545 640 δούλου
3577 587 3676 638 τοῦ

2016 677 2171 741 Θεοῦ,
2233 673 2400 750 ἐφάνη
2458 676 2485 730 6
2544 675 2896 751 Χρυσόγονος
2952 679 3032 747 τῷ
3092 673 3288 748 Ζωΐλῳ
3343 674 3482 729 κατᾶ
3545 672 3675 735 τοὺς

2016 761 2216 826 ὕπνους
2250 762 2423 838 λέγων
2473 765 2643 836 αὐτῷ,
2703 763 2787 819 ὅτι
2837 762 3043 820 Μέλλει
3100 766 3135 833 ἡ
3196 762 3323 839 ἁγία
3350 761 3680 821 ’Δναστασία

2016 852 2477 927 συναγωνίσασθαι
2508 858 2627 917 ταῖς
2677 853 2852 930 ἁγίαις
2899 853 3073 929 τρισὶν
3118 850 3398 930 ἀδελφαῖς,
3434 849 3679 925 μελλού-

2019 963 2137 1005 σαις
2166 941 2313 997 ἐντὸς
2369 941 2522 997 ἐννέα
2578 945 2804 1019 ἡμερῶν
2862 941 3040 997 τελεῖν
3081 943 3172 996 τὸν
3202 941 3386 1016 ἀγῶνα
3413 946 3510 997 τοῦ
3543 960 3682 1014 μαρ-

2017 1032 2227 1103 τυρίου.
2262 1036 2436 1086 Ταῦτα
2468 1032 2742 1088 ἀκούσασα
2780 1036 2813 1101 ἡ
2862 1032 2993 1107 ἁγία
3048 1033 3391 1100 ’Λναστασία,
3425 1030 3680 1101 ἠκολού-

2020 1122 2153 1191 θησε
2179 1126 2257 1193 τῷ
2287 1121 2428 1195 ἁγίῳ
2468 1121 2818 1197 Χρυσογόνῳ,
2871 1123 2961 1177 καὶ
3010 1121 3263 1191 εἲσῆλθεν
3295 1121 3369 1182 είς
3404 1121 3494 1183 τὰς
3527 1120 3682 1196 ἁγίας

2020 1211 2108 1265 καὶ
2166 1212 2447 1280 ἠσπάσατο
2507 1212 2696 1283 αὐτὰς,
2766 1212 2853 1266 καὶ
2939 1210 3226 1267 ἐδούλευεν
3279 1210 3485 1272 αὐταῖς.
3546 1212 3685 1267 Εἶτα

2026 1299 2210 1372 μαθὼν
2274 1301 2302 1355 6
2360 1299 2779 1371 Διοκλητιανὸς,
2839 1299 3132 1376 ἐκράτησεν
3191 1299 3376 1369 αὐτὰς,
3407 1298 3496 1354 καὶ
3544 1318 3684 1371 παρ-

2024 1385 2192 1442 ἑδωκε
2220 1392 2301 1461 τῷ
2329 1396 2429 1458 τῆς
2458 1390 2646 1464 χώρας
2686 1386 2938 1463 ἄρχοντι,
2995 1389 3081 1443 καὶ
3142 1388 3563 1462 ἐτιμωρήθησαν
3596 1386 3688 1441 ὑπ’

2024 1476 2210 1546 αὐτοῦ,
2244 1478 2334 1531 καὶ
2380 1475 2548 1532 πάλιν
2602 1476 2980 1553 παρεδόθησαν
3032 1474 3190 1550 ἄλλῳ
3247 1478 3474 1552 ἄρχοντι
3521 1476 3687 1551 λεγο-

2029 1569 2178 1641 μένῳ
2211 1565 2488 1640 Σισιννίῳ.
2525 1568 2622 1623 Καὶ
2661 1568 2689 1622 6
2722 1566 2934 1643 ἄρχων,
3001 1569 3102 1636 τὴν
3167 1568 3262 1641 μὲν
3320 1568 3473 1642 ἁγίαν
3506 1564 3689 1640 Ἀγά-

2025 1679 2157 1727 πην,
2207 1659 2293 1713 καὶ
2327 1658 2426 1726 τήν
2474 1657 2632 1733 ἁγίαν
2692 1656 2914 1713 Χιονίαν
2974 1657 3106 1731 πυρὶ
3162 1654 3465 1734 παρέδωκε,
3497 1658 3596 1725 τήν
3632 1652 3690 1709 δὲ

2028 1746 2183 1821 ἁγίαν
2218 1744 2459 1821 Εἰρήνην
2491 1747 2551 1802 ἐκ
2577 1750 2685 1801 τῶν
2737 1750 3084 1822 στρατιωτῶν
3136 1749 3213 1809 εἷς
3277 1746 3410 1819 μετᾶ
3453 1745 3688 1799 σπαθίου

1951 1851 1998 1915 Β
2027 1834 2328 1911 ἐφόνευσεν.

2624 1930 2705 2001 Τῇ
2737 1927 2872 2000 αὐτῇ
2917 1925 3101 2002 ἡμέρᾳ

2032 2018 2299 2085 ἈθΛησις
2354 2023 2454 2086 τῆς
2512 2015 2687 2092 ἁγίας-
2733 2014 3006 2092 μάρτυρος
3080 2011 3373 2086 Θεοδότης,
3432 2013 3521 2069 καὶ
3579 2016 3689 2067 τῶν

2634 2088 2836 2144 τέκνων
2891 2088 3083 2154 αὐτῆς.

2106 2174 2344 2248 Θεοδότη
2378 2180 2412 2247 ἡ
2450 2177 2654 2254 μάρτυς
2708 2179 2955 2254 ὑπῆρχεν
3015 2176 3122 2232 ἀπὸ
3160 2181 3261 2242 τῆς
3303 2178 3493 2253 χώρας
3524 2180 3695 2239 Βιθυ-

2035 2266 2171 2327 νίας.
2234 2266 2537 2324 ’Δκούσασα
2591 2264 2649 2322 δὲ
2730 2266 2855 2341 περὶ
2944 2272 3046 2336 τῆς
3100 2265 3256 2342 ἁγίας
3313 2263 3700 2332 Ἀναστασίας,

2036 2354 2251 2422 ἀπῆλθε
2307 2357 2446 2431 πρὸς
2492 2357 2683 2428 αὐτὴν,
2734 2357 2823 2412 καὶ
2884 2353 3119 2432 διέτριϐε
3179 2357 3295 2430 μετ’
3351 2354 3540 2424 αὐτῆς,
3586 2353 3707 2425 ἅμα

2036 2450 2153 2507 τοῖς
2204 2444 2413 2506 τέκνοις
2466 2446 2658 2514 αὐτῆς.
2721 2445 2990 2519 Πρότερον
3051 2440 3109 2498 δὲ
3154 2445 3190 2513 ἠ
3250 2441 3377 2518 ἁγία
3428 2439 3569 2506 αὐτή
3601 2437 3705 2494 ἐπ·-

2040 2539 2282 2605 εζητεῖτο
2340 2534 2477 2609 πρὸς
2531 2536 2708 2610 γάμον
2770 2534 2875 2589 ὑπὸ
2937 2530 3233 2588 Λευκαδίου
3261 2536 3359 2586 τοῦ
3400 2529 3695 2605 ἄρχοντος.

2036 2624 2193 2682 ’Λλλ’
2248 2624 2348 2679 οὐκ
2405 2623 2665 2679 ἐπείθετο·
2727 2623 2880 2696 ὅμως
2937 2619 3171 2678 θέλουσα
3224 2620 3382 2675 αὑτὸν
3425 2618 3699 2694 ἐκφυγεῖν,

2042 2715 2306 2787 ἐμήνυσεν
2366 2713 2513 2785 αὐτῷ
2572 2714 2764 2787 μικρὸν
2838 2714 3120 2786 ἀναμεῖναι
3179 2710 3373 2781 αὐτὴν,
3429 2708 3520 2765 καὶ
3574 2707 3703 2762 τότε

2041 2807 2274 2868 ποιῆσαι
2304 2803 2366 2857 τὸ
2398 2801 2619 2875 θέλημα
2646 2802 2832 2858 αὐτοῦ.
2865 2803 2977 2859 Τοῦ
3008 2799 3065 2856 δὲ
3096 2799 3363 2877 ἄρχοντος
3406 2798 3700 2870 ἆναμένονο

2042 2913 2158 2962 τος,
2191 2891 2326 2961 αὐτὴ
2358 2893 2450 2947 τὸν
2500 2893 2738 2947 πλοῦτον
2799 2890 2967 2960 αὐτῆς
3022 2887 3188 2945 δοῦσα
3236 2892 3511 2964 πτωχοῖς,
3544 2883 3696 2941 £606-

2047 2993 2172 3035 Λευε
2217 2986 2334 3042 τοῖς
2386 2980 2582 3056 ἁγίοις.
2627 2980 2889 3043 Ἀκούσας
2948 2977 3006 3035 δὲ
3055 2978 3450 3048 Διοκλητιανὸς
3481 2977 3563 3030 ὅτι
3593 2977 3694 3029 πᾶ-

2047 3090 2133 3124 σαι
2193 3073 2244 3124 αἶ
2300 3069 2538 3142 φυλακαὶ
2595 3069 2685 3124 καὶ
2761 3070 2825 3125 τὰ
2908 3069 3241 3145 ἐργαστήρια
3302 3067 3531 3142 γέμουσι
3588 3067 3698 3117 τῶν

2049 3163 2404 3234 Χριστιανῶν,
2465 3158 2713 3214 ἐκέλευσε
2767 3159 2971 3220 πάντας
3027 3158 3081 3213 ἐν
3138 3162 3237 3231 μιᾷ
3293 3155 3445 3211 νυκτὶ
3513 3174 3707 3232 φονευ-

274 3240 425 3295 cetio
449 3242 737 3312 Bithyniae
760 3245 1057 3314 praefecto,
1081 3252 1147 3301 ut
1173 3264 1275 3303 eos
1298 3254 1601 3320 torqueret
1624 3267 1637 3304 :
1672 3252 1773 3322 qui
1797 3268 1929 3306 eum

2049 3209 2404 3234 "t'"""'""
2466 3209 2711 3214 ’“”’⁷⁷”’
2774 3209 2969 3220 """""
3029 3209 3072 3213 ’⁷
3138 3209 3236 3231 r"‘r
3304 3209 3414 3211 'V'7'
3526 3209 3537 3232 ι

2047 3250 2229 3316 θῆναι,
2260 3248 2386 3312 τοὺς
2437 3250 2531 3322 μὲν
2591 3247 2682 3304 διὰ
2736 3249 2927 3324 πυρὸς,
2978 3248 3107 3312 τοὺς
3138 3245 3196 3302 δὲ
3225 3246 3294 3301 δι’
3326 3244 3543 3313 ὕδατος,
3575 3241 3704 3305 τοῦς

273 3328 346 3382 ab
378 3330 570 3384 Evodo
601 3332 914 3388 Theodotus
958 3336 1351 3408 primogenita
1383 3338 1815 3411 objurgaretur,
1848 3340 1937 3394 ira

278 3421 740 3489 excandescens,
772 3425 1070 3497 ingentem
1124 3430 1429 3484 fornacem
1463 3430 1703 3485 ascendi
1730 3430 1933 3501 jussit,

274 3509 460 3580 inque
493 3528 623 3566 eam
655 3514 867 3586 projici
900 3516 1259 3572 Theodotam
1292 3535 1424 3573 cum
1462 3519 1621 3575 ﬁliis.

2046 3335 2103 3392 δὲ
2136 3336 2225 3393 διὰ
2256 3338 2463 3412 ξίφους.
2498 3338 2637 3395 Τότε
2677 3339 2705 3393 ὁ
2758 3334 3059 3400 Λευκάδιος
3106 3334 3388 3408 παρέδωκε
3416 3337 3513 3404 τὴν
3546 3333 3706 3407 ἁγίαν

2045 3425 2338 3499 Θεοδότην,
2369 3427 2459 3482 καὶ
2488 3426 2556 3483 τὰ
2610 3426 2804 3483 παιδία
2858 3428 3031 3496 αὐτῆς
3085 3426 3329 3499 Νικητίῳ
3356 3428 3437 3497 τῷ
3466 3421 3701 3498 ἄρχοντι

2045 3517 2314 3585 Βιθυνίας,
2371 3517 2466 3571 ἳνα
2550 3516 2810 3593 βασανίσῃ
2896 3516 3114 3578 αὐτούς.
3191 3516 3292 3573 Καὶ
3352 3516 3379 3569 6
3437 3515 3712 3584 Νικήτιος

277 3594 560 3672 ἐλεγχθεὶς
591 3601 695 3655 ὑπὸ
728 3599 958 3657 Εὐώδου
986 3609 1084 3658 τοῦ
1115 3606 1337 3681 πρώτου
1367 3607 1490 3661 υἱοῦ
1519 3608 1691 3677 αὐτῆς
1724 3607 1993 3684 ὠργίσθη.
2026 3608 2125 3662 Καὶ
2156 3607 2361 3682 ἀνάψας
2393 3605 2638 3682 μεγάλην
2663 3607 2918 3679 κάμινον,
2949 3603 3168 3662 ἔκαυσεν
3199 3606 3289 3661 καὶ
3322 3606 3486 3676 αὐτῆν
3519 3605 3610 3661 καὶ
3640 3606 3711 3659 τά

280 3685 472 3741 παιδία
502 3687 690 3758 αὐτῆς.

846 3796 1092 3865 EODEM
1124 3813 1376 3868 MENSE.

784 3898 887 3953 Die
918 3900 1200 3957 vicesima
1230 3903 1421 3957 tertia.

292 3984 393 4040 54
434 3984 716 4041 Certamen
746 3994 1057 4044 sanctorum
1096 3991 1280 4046 decem
1331 3998 1637 4063 martyrum
1667 3996 1727 4049 in
1758 3995 1938 4050 Creta.

354 4162 478 4229 Isti,
516 4164 688 4219 Decio
719 4165 1102 4237 imperatore,
1161 4188 1232 4225 ex
1288 4172 1489 4229 insula
1539 4174 1724 4229 Cretas
1751 4174 1940 4250 fuere,

287 4269 406 4307 non
442 4257 640 4310 tamen
662 4272 733 4311 ex
755 4257 964 4314 eadem
994 4260 1249 4330 civitate,
1272 4263 1375 4319 sed
1402 4281 1471 4319 ex
1504 4264 1751 4321 diversis
1781 4266 1939 4335 ejus~

288 4342 425 4398 dem
448 4344 706 4416 regionis
726 4345 895 4402 locis.
915 4350 986 4403 Et
1005 4365 1075 4405 ex
1096 4353 1414 4424 metropoli
1429 4354 1670 4425 quidem
1684 4356 1944 4427 Gortyna

289 4433 553 4504 quinque
591 4439 787 4491 ortum
846 4438 1089 4509 duxere,
1147 4441 1506 4509 Theodulus,
1565 4445 1941 4514 Saturninus,

2587 3815 2774 3873 ΜΗΝΙ
2828 3818 2913 3868 ΤΩ
2969 3815 3168 3870 ΑΥΤΩ.

2811 3903 2933 3962 Kl".

2192 3997 2458 4064 nAﬁA'qcu;
2488 3998 2596 4048 τῶν
2642 3992 2816 4121 ἀγίωᾶ
2855 3990 2994 4136 Ίῗέκα
3048 3992 3335 4068 μαρτύρων
3369 3993 3479 4046 τῶν
3509 3991 3560 4046 ἐν

2822 4086 2850 4136 Ρ
2894 4086 2984 4136 τῃ·

2822 4086 2962 4140 ρητιι
2973 4108 2984 4119 ·

2122 4158 2285 4213 Οὗτοι
2312 4156 2449 4226 ἦσαν
2511 4156 2599 4211 ἐπὶ
2657 4161 2756 4225 τῆς
2816 4152 3095 4231 βασιλείας
3156 4152 3346 4208 Δεκίου
3377 4152 3429 4207 ἐν
3456 4155 3527 4226 τῇ
3556 4154 3713 4225 νήσῳ

2048 4250 2149 4317 τῆς
2180 4248 2421 4323 Κρήτης,
2454 4245 2554 4301 ούκ
2582 4244 2689 4302 ἀπὸ
2743 4249 2869 4318 μιᾶς
2910 4242 3151 4315 πόλεως,
3183 4239 3310 4297 ἀλλ’
3340 4240 3402 4297 ἐκ
3431 4239 3713 4317 διαφόρων

2049 4341 2147 4401 τῆς
2199 4337 2389 4412 χώρας
2442 4339 2642 4410 μερῶν·
2698 4335 2787 4389 καὶ
2837 4332 2944 4389 ὰπὸ
3001 4332 3096 4406 μὲν
3144 4338 3244 4402 τῆς
3307 4328 3711 4405 μητροπόλεως

2054 4426 2329 4503 Γορτύνης
2384 4425 2521 4495 ἦσαν
2579 4424 2758 4494 πέντε,
2808 4419 3133 4491 ΘεόδουΛος,
3195 4418 3578 4495 Σατουρνίνος,
3609 4415 3715 4475 Εὕ-

284 4523 574 4592 Euporus,
609 4524 895 4594 Gelasius,
955 4531 1353 4586 Eunicianus:
1414 4550 1486 4588 ex
1541 4535 1765 4590 Gnosso
1804 4551 1929 4589 verc

2052 4493 2243 4591 πορος,
2284 4493 2578 4586 ⁷Ιέλοίοίος,
2637 4493 2979 4575 Εὐνιοιιαινός⁸
3025 4511 3134 4566 ἀπὸ
3199 4508 3256 4566 δὲ
3322 4493 3543 4566 κνωσοῦ
3591 4514 3712 4563 Ζω-

289 4612 521 4667 Zoticus
547 4630 558 4666 :
584 4630 652 4668 ex
676 4616 884 4686 Epinio
910 4618 1232 4675 Leomenes
1246 4622 1522 4677 Pontius:
1550 4640 1621 4678 ex
1645 4625 1939 4679 Panormo

289 4701 671 4773 Agathopus:
707 4720 775 4758 ex
808 4705 1071 4776 Cydonia
1104 4710 1388 4766 Basilides
1415 4729 1428 4765 :
1462 4717 1521 4767 et
1560 4730 1628 4767 ex
1661 4714 1947 4769 Heraclea

286 4790 1629 4867 Evarestus.Quicomprehensiabinfidelibus,
1665 4802 1944 4874 praefecto

286 4877 501 4932 insulae
537 4879 887 4938 traduntur:
923 4889 983 4938 at
1007 4884 1109 4939 ille
1141 4888 1361 4958 populo
1394 4889 1797 4961 imperavit,ut
1824 4893 1948 4945 vin-

289 4971 416 5020 ctos
475 4965 550 5022 ad
607 4984 739 5024 aras
798 4969 1096 5028 idolorum
1156 4976 1693 5047 circumducerent,
1728 4985 1787 5035 et
1828 4980 1943 5036 nisi

290 5055 694 5128 immolarent,
725 5061 1068 5131 gravissime
1102 5080 1223 5131 eos,
1281 5072 1345 5121 ut
1391 5068 1607 5140 cuique
1651 5068 1945 5137 libuisset,

288 5150 659 5216 torquerent.
695 5149 954 5222 Triginta
984 5152 1184 5224 itaque
1217 5154 1448 5212 dierum
1478 5158 1669 5229 spatio
1703 5159 1950 5214 circum-

288 5234 607 5306 ducuntur,
642 5237 1000 5312 illuduntur,
1034 5243 1442 5314 verberantur,
1474 5246 1951 5318 lapidantur,per

287 5328 551 5380 stercora
575 5332 884 5397 raptantur
909 5347 920 5383 :
946 5329 1188 5386 demum
1217 5333 1494 5404 praefecto
1525 5352 1631 5407 pro
1667 5335 1950 5396 tribunali

288 5410 558 5482 sedente,
582 5432 783 5472 coram
810 5433 877 5472 eo
901 5417 1294 5490 decollantur,
1314 5422 1389 5478 ad
1412 5429 1746 5480 extremum
1770 5425 1949 5496 spiri-

292 5504 416 5555 tum
447 5504 665 5573 gratias
697 5507 815 5561 Deo
844 5514 1107 5580 agentes.

2051 4606 2224 4667 τικός·
2281 4603 2389 4659 ἀπὸ
2447 4601 2506 4658 δὲ
2556 4607 2655 4659 τοῦ
2710 4603 2984 4659 Ἐπινείου
3038 4599 3315 4675 Λεομὲνης
3366 4598 3619 4661 Ηόντιος·
3652 4598 3715 4653 ἐκ

2054 4694 2113 4751 δὲ
2156 4699 2255 4750 τοῦ
2304 4692 2594 4769 Πανόρμου
2642 4694 3000 4768 Ἀγαθόπους·
3046 4691 3153 4746 ἀπὸ
3202 4688 3260 4745 δὲ
3290 4686 3567 4751 Κυδωνίας
3603 4691 3710 4746 Βα-

2055 4781 2323 4853 σιλείδης·
2355 4782 2445 4837 καὶ
2497 4782 2604 4837 ἀπὸ
2659 4786 2761 4838 τοῦ
2818 4780 3151 4857 Ἡρακλείου
3184 4778 3510 4855 Εὐάρεστος.
3543 4779 3713 4836 Οὗτοι

2054 4870 2413 4947 κρατηθέντες
2472 4871 2621 4945 παρὰ
2675 4875 2784 4925 τῶν
2837 4870 3097 4939 ἀπίστων,
3145 4873 3225 4941 τῷ
3278 4870 3380 4937 τῆς
3411 4871 3581 4937 νήσου
3611 4864 3711 4941 ἅρ-

2057 4983 2215 5040 χοντι
2245 4958 2649 5036 παρεδόθησαν
2716 4958 2920 5022 ἐκεῖνος
2980 4956 3040 5015 δὶ
3083 4962 3164 5028 τῷ
3220 4957 3418 5028 πλήθει
3448 4960 3545 5011 τοῦ
3577 4956 3717 5011 λαοῦ

2054 5051 2375 5128 προσέταξεν
2432 5048 2595 5119 δῆσαι
2673 5049 2893 5118 αὐτοὺς,
2969 5049 3059 5103 καὶ
3126 5049 3403 5123 περιάγειν
3455 5047 3530 5108 εἷς
3585 5044 3715 5109 τοὺς

2060 5143 2282 5220 βωμοὺς
2310 5147 2420 5198 τῶν
2470 5138 2741 5211 εἰδώλων,
2799 5140 2889 5196 καὶ
2943 5139 2991 5194 εἷ
3048 5140 3125 5213 μὴ
3158 5138 3416 5209 θύσωσιν,
3450 5138 3718 5213 ἰσχυρῶς,

2057 5235 2131 5297 ὡς
2190 5232 2465 5299 θέλουσιν,
2521 5231 2716 5293 αὐτοὺς
2770 5230 3211 5306 τιμωρήσασθαι.
3264 5229 3385 5283 Ἐπὶ
3426 5228 3723 5303 τριάκοντα

2058 5322 2115 5379 δὲ
2144 5325 2383 5399 ἡμέραις
2431 5319 2938 5398 περιελαυνόμενοι,
2986 5318 3330 5389 παιζόπενοι,
3361 5317 3720 5389 τυπτόμενοι,

2060 5408 2544 5486 λιθοϐολούμενοι,
2605 5410 2738 5465 κατὰ
2797 5411 2895 5479 τῆς
2974 5408 3033 5464 ἐκ
3090 5407 3344 5483 κοπρίαις
3401 5407 3721 5483 συρόμενοι⁹

2061 5503 2280 5579 ὕστερον
2311 5508 2409 5560 τοῦ
2467 5502 2739 5578 ἄρΧοντος
2796 5499 3249 5576 προκαθίσαντος,
3281 5497 3515 5554 ἐνώπιον
3548 5497 3721 5553 αὐτοῦ

2058 5593 2590 5671 ἀπεκεφαλίσθησαν,
2646 5593 3098 5667 εὐχαριστοῦντες
3161 5590 3328 5665 μέχρι
3376 5592 3474 5643 τοῦ
3521 5584 3719 5649 τὲλους

2057 5691 2136 5761 τῷ
2166 5689 2303 5759 Θεῷ.
