4124 6432
380 423 500 484 225
1932 429 2062 490 DEC

2178 431 2368 494 lBER.
3705 442 3825 504 226

950 560 1138 617 MIINI
1169 560 1261 616 ἸὮ
1295 560 1493 617 ΑΥΤΩ.

2730 573 2970 629 EODEM
3010 574 3157 629 MEN
3164 574 3263 630 SE.

1184 677 1287 732 KA‘
2675 691 2777 746 Die
2808 692 3088 747 vicesima
3108 696 3327 762 quarta

420 761 662 834 Αθλησις
734 770 838 835 τῆς
899 764 1055 842 ἆγίας
1116 785 1388 857 μαρτυρες
1458 766 1745 843 Εὐγενίας,
1799 768 1891 823 καὶ
1953 772 2059 824 τῶν

1088 860 1181 893 συν
1221 859 1382 912 αυτῃ.

2178 780 2276 837 Εὖ
2310 780 2595 836 Certamen
2623 788 2824 836 sancta
2849 785 3109 849 martyris
3128 761 3415 851 Eugeniw,
3447 788 3499 837 et
3522 785 3826 839 sociorum.

472 925 724 994 Ἐπὶτῆς
760 925 1048 1002 βασιλείας
1096 925 1377 1000 Κομόδου,
1406 930 1473 997 ἦν
1526 930 1560 997 ἡ
1620 928 1751 1003 ἁγία
1808 927 2061 1002 Εὖγενία,

407 1017 640 1090 θυγάτηρ
676 1014 966 1072 Φιλίππου
997 1022 1094 1072 τοῦ
1130 1018 1380 1093 ἐπάρχου
1430 1016 1674 1091 Ῥώμης·
1732 1022 1829 1073 τοῦ
1869 1015 1926 1074 δὲ
1954 1039 2064 1073 πα-

403 1105 557 1181 τέρος
618 1104 790 1175 αὐτῆς
848 1105 927 1168 εἰς
995 1105 1404 1184 Ἀλεξάνδρειαν
1463 1105 1860 1169 ἀποσταλέντος
1917 1108 2063 1170 παρᾶ

400 1191 690 1266 Κομόδου,
720 1194 811 1249 ἳνα
838 1195 1060 1270 γένηται
1087 1195 1178 1251 καί
1233 1194 1348 1251 ἐκεῖ
1402 1193 1668 1272 ἔπαρχος,
1730 1195 1846 1252 ἐπεὶ
1903 1197 1991 1251 καὶ
2023 1197 2059 1267 ἠ

394 1284 539 1358 γυνή
564 1283 753 1354 αὐτοῦ,
812 1285 904 1340 καὶ
954 1285 1022 1341 τὰ
1079 1283 1273 1340 παιδία
1328 1283 1604 1357 ἀπῆλθον,
1661 1284 1875 1355 ἀπῆλθε
1903 1285 2060 1356 καὶὴ

403 1370 535 1448 ἀγία
566 1372 817 1448 Εὖγενία·
851 1372 943 1429 καὶ
991 1373 1103 1429 ἐκεῖ
1128 1371 1297 1449 ’ἔμαθε
1351 1380 1525 1431 πᾶσαν
1581 1377 1793 1453 γραφὴν
1855 1375 2063 1446 Ἐλλη-

396 1463 556 1531 νικήν
586 1462 679 1518 καὶ
732 1465 1143 1538 Χριστιανικὴν.
1204 1463 1353 1520 Ἐπεὶ
1385 1461 1443 1519 δὲ
1469 1463 1536 1519 τὰ
1592 1459 1783 1541 βιϐλία
1838 1464 2063 1539 ἡρεύνα,

396 1550 627 1625 ἐνέτυχε
655 1550 745 1607 καὶ
789 1556 908 1614 ταῖς
966 1551 1317 1614 Ἐπιστολαῖς
1376 1555 1473 1608 τοῦ
1539 1553 1695 1627 ἁγίου
1750 1550 2062 1608 ἀποστόλου

404 1638 651 1696 Παύλου·
705 1641 797 1696 καὶ
856 1640 908 1711 ἐξ
964 1642 1138 1697 αὐτῶν
1195 1644 1461 1719 γενομένη
1520 1642 1836 1717 Χριπιανή,
1896 1638 2064 1715 ἔμαθε

411 1735 573 1785 πᾶσαν
606 1731 827 1806 ἀρετὴν.
868 1730 1002 1788 Εἶτα
1049 1732 1224 1808 ἀφῆκε
1280 1732 1379 1800 τήν
1439 1731 1675 1804 παρικὴν
1736 1727 1914 1803 δόξαν,
1972 1730 2063 1785 καὶ

418 1819 645 1889 ἀπῆλθεν
680 1819 761 1884 εἷς
816 1822 1198 1895 μοναστήριον,
1229 1821 1319 1875 καὶ
1351 1815 1675 1893 ἐϐαπτίσθη,
1731 1821 1820 1876 καὶ
1879 1820 2065 1895 γέγονε

2242 941 2456 996 Sancta
2472 941 2753 1014 Eugenio,
2784 941 3106 997 Commodo
3138 942 3518 1014 imperatore,
3562 943 3825 1015 Philippi

2171 1031 2433 1102 praefecti
2463 1037 2666 1088 Romae
2701 1032 2843 1097 lilia,
2880 1049 3013 1087 cum
3046 1034 3175 1105 ejus
3207 1038 3375 1104 pater
3407 1032 3825 1088 Alexandriam

2170 1138 2205 1176 a
2234 1122 2578 1190 Commodo,
2611 1126 2675 1176 ut
2706 1121 2866 1176 illius
2897 1121 3062 1176 urbis
3093 1121 3407 1192 praefectus
3440 1128 3615 1187 esset,
3637 1122 3828 1176 mitte-

2169 1216 2352 1278 retur,
2377 1227 2701 1281 secumque
2722 1227 2967 1267 uxorem
2987 1215 3044 1265 et
3076 1210 3229 1265 ﬁlios
3279 1209 3541 1275 duceret,
3597 1210 3742 1264 abiit
3773 1215 3831 1263 et

2171 1300 2318 1371 ipsa,
2351 1300 2550 1371 ibique
2592 1302 2927 1356 Graecorum
2959 1300 3549 1371 Christianorumque
3597 1299 3827 1354 litteras

2171 1406 2379 1445 omnes
2405 1389 2632 1444 didicit.
2669 1390 2935 1460 Cumque
2970 1389 3301 1460 Scripturas
3333 1387 3659 1456 evolvisset,
3691 1388 3833 1442 inci-

2171 1479 2257 1533 dit
2285 1479 2347 1532 in
2378 1478 2672 1550 Epistolas
2703 1478 2890 1533 sancti
2921 1477 3177 1550 apostoli
3208 1476 3396 1547 Pauli,
3456 1493 3708 1547 quarum
3742 1476 3830 1532 le-

2172 1568 2368 1625 ctione
2386 1568 2785 1635 Christianam
2810 1567 2989 1623 fidem
3015 1565 3836 1639 amplectens,virtutumom-

2171 1659 2337 1713 uium
2361 1657 2770 1713 exercitationi
2793 1674 2855 1711 se
2870 1656 3286 1713 tradidit.Tum
3302 1655 3495 1728 patrio
3516 1655 3832 1726 splendore

2171 1746 2381 1802 relicto
2414 1751 2768 1817 sumptoque
2800 1744 2953 1799 virili
3014 1744 3222 1799 habitu
3278 1745 3341 1798 in
3399 1742 3830 1799 monasterium

2173 1836 2442 1904 secessit,
2478 1835 2680 1907 ibique
2711 1834 3024 1906 baptizata,
3058 1833 3458 1888 monasticum
3491 1832 3831 1888 institutum

416 1911 658 1985 μοναχῆ,
692 1907 824 2011 ἀλλ’
870 1908 925 1965 ἐν
957 1911 1207 1986 σχήματι
1255 1907 1508 1987 ἀνδρείαν
1542 1909 1649 2011 ,καὶ
1704 1911 1807 1987 γὰρ
1865 1911 2059 1980 ἑαυτὴν

2178 1924 2454 1997 suscepit,
2488 1940 2623 1981 cum
2656 1941 2717 1979 se
2778 1922 3120 1979 eunuchum
3169 1921 3436 1977 dixisset.
3496 1923 3709 1977 Postea
3756 1921 3833 1977 ad

402 2000 668 2076 εὖνοῦχον
726 1998 909 2076 ἔλεγεν
966 1999 1099 2056 εἷνα.
1157 2002 1252 2072 Τῷ
1294 1999 1486 2077 χρόνῳ
1538 1997 1595 2056 δὶ
1643 1998 2056 2078 διαγνωσθεῖσα,

400 2089 491 2144 καὶ
551 2089 1016 2166 ἀναγνωρισθεῖσα
1100 2087 1366 2164 Φιλίππῳ
1445 2093 1526 2163 τῷ
1598 2090 1789 2166 πατέρι
1869 2089 2059 2160 αὐτῆς,

399 2178 633 2250 εποίησε
657 2179 751 2234 καὶ
774 2177 977 2235 ἐκεῖνον
1009 2177 1359 2256 Χριστιανὸν,
1389 2179 1602 2253 ὁμοίως
1642 2181 1732 2236 καὶ
1790 2180 1890 2249 τὴν
1949 2202 2061 2254 μη-

396 2266 551 2344 τέρα,
584 2267 676 2323 καὶ
713 2267 843 2331 τοὺς
904 2273 1207 2344 συγγενεῖς.
1265 2268 1420 2326 Μετὰ
1481 2268 1678 2343 μικρὸν
1733 2266 1846 2324 δὲὸ
1876 2270 2058 2343 πατὴρ

394 2361 572 2429 αὐτῆς
599 2356 897 2421 ἐπίσκοπος
936 2355 1139 2434 γέγονε,
1189 2357 1282 2413 καὶ
1338 2358 1473 2432 μετά
1526 2362 1693 2415 ταῦτα
1738 2360 1968 2421 ἅπαντες
1995 2359 2060 2413 τὸ

392 2445 488 2503 διὰ
520 2447 829 2523 μαρτυρίου
859 2442 1019 2512 τέλος
1040 2444 1307 2517 ἐδέξαντο.

968 2568 1146 2622 ΜΗΝΙ
1181 2567 1271 2622 ΤΩ
1295 2567 1492 2623 ΑΥΤΩ.

1184 2684 1281 2739 KE'

391 2776 460 2830 Ἣ
498 2772 812 2846 ἀνάμνησις
863 2778 963 2841 τῆς
1012 2772 1284 2867 ἀχράντου
1374 2792 1643 2845 εννησεως
1701 2778 1804 2830 τοῦ
1863 2776 2059 2852 Κυρίου

870 2846 1032 2903 ἡμῶν
1103 2846 1270 2903 Ιησοῦ
1326 2794 1595 2903 immoti.

870 2846 1032 2918 ἡμῶν
1052 2846 1055 2847 ⁷
1078 2846 1270 2916 Ἰησοῦ
1326 2846 1562 2917 Χριστοῦ
1582 2890 1595 2903 .

466 2932 626 2992 Ἰδὼν
658 2935 688 2989 ὁ
714 2932 1100 3012 φιλάνθρωπος
1131 2936 1262 2999 Θεὸς
1296 2935 1360 2991 τὸ
1386 2936 1539 3010 γένος
1591 2941 1699 2991 τῶν
1758 2938 2059 3010 ἀνθρώπων

402 3026 506 3080 ὕπὸ
533 3029 635 3080 τοῦ
677 3019 944 3079 διαϐόλου
991 3024 1439 3098 τυραννούμενον,
1474 3023 1914 3102 ἐσπλαγχνίσθη.
1957 3028 2061 3084 Καὶ

403 3112 733 3177 ἀποστείλας
786 3113 881 3169 τὸν
948 3110 1182 3189 ἄγγελον
1240 3113 1408 3169 αὐτοῦ
1468 3109 1713 3192 Γαϐριὴλ
1741 3160 1755 3185 ,
1815 3118 1934 3171 εἶπε
1988 3120 2058 3192 τῇ

397 3203 670 3276 Θεοτόκῳ·
734 3206 924 3279 Χαῖρε,
970 3204 1419 3278 κεχαριτωμένη,
1452 3204 1480 3258 ὁ
1510 3204 1713 3282 Κύριος
1776 3206 1912 3279 μετά
1943 3212 2059 3266 σοῦ.

2172 2014 2514 2087 Philippum
2538 2018 2769 2085 patrem
2791 2011 3008 2079 delata,
3026 2009 3175 2066 etab
3194 2010 3298 2065 illo
3321 2009 3831 2083 agnita,eumdem

2168 2121 2305 2160 cum
2338 2108 2548 2174 matre,
2580 2120 2648 2159 ac
2674 2101 3033 2175 propinquis
3064 2099 3138 2155 ad
3160 2099 3376 2154 Christi
3408 2097 3591 2153 ﬁdem
3626 2098 3834 2154 tradu-

2168 2193 2271 2248 xit.
2306 2191 2489 2247 Paulo
2520 2197 2655 2264 post
2692 2195 2865 2262 pater
2922 2188 3236 2260 episcOpus
3297 2187 3398 2255 ﬁt;
3462 2202 3529 2241 ac
3589 2184 3832 2241 tandem

2167 2298 2377 2339 omnes
2412 2281 2697 2352 martyrio
2729 2283 3111 2336 coronantur.

2729 2581 2967 2636 EODEM
3012 2579 3263 2632 MENSE.

2662 2701 2764 2755 Die
2791 2699 3073 2754 vicesima
3099 2698 3328 2768 unnta.

2170 2791 2272 2847 56
2307 2792 2760 2846 t'ommemoratio
2792 2787 3171 2844 immaculatw
3231 2783 3557 2839 Nativitatis
3608 2782 3832 2837 Domini

2692 2863 2868 2916 nostri
2891 2862 3018 2915 Iesu
3049 2859 3283 2913 Christi.

2241 2953 2678 3008 Clementissim
2689 2969 2757 3007 us
2774 2957 3084 3013 Deuscum
3100 2964 3286 3020 genus
3302 2947 3617 3001 humanum
3635 2951 3827 3017 tyran-

2171 3041 2309 3097 nide
2348 3041 2567 3097 diaboli
2601 3056 2954 3114 oppressum
3000 3041 3290 3100 cerneret,
3338 3035 3619 3090 misertus
3668 3033 3822 3104 ejus,

2170 3131 2336 3187 misit
2364 3131 2641 3204 angelum
2667 3146 2839 3186 suum
2865 3124 3328 3195 Gabrielem,qui
3352 3124 3616 3194 Deiparm
3635 3122 3786 3177 dixit
3812 3138 3823 3175 :

2169 3224 2288 3277 Ave
2308 3220 2704 3293 gratiaplena,
2744 3222 3005 3275 Dominus
3034 3225 3229 3273 tecum.
3266 3213 3594 3284 Statimque
3626 3212 3684 3265 in
3719 3228 3827 3282 pu-

395 3293 500 3349 Καὶ
532 3291 738 3356 εὐθέως
760 3289 1078 3368 συνελήφθη
1138 3293 1167 3346 ὁ
1221 3291 1425 3367 Κύριος
1479 3294 1640 3366 ἡμῶν
1691 3295 1779 3350 καὶ
1839 3296 1971 3360 Θεὸς
1999 3296 2051 3350 ἐν

2178 3312 2406 3367 rissimo
2434 3311 2563 3383 ejus
2593 3316 2762 3366 utero
2795 3312 3117 3379 conceptus
3150 3310 3241 3360 est
3270 3303 3557 3358 Dominus
3583 3318 3651 3356 ac
3674 3302 3830 3355 Deus

392 3386 465 3456 τῇ
523 3382 787 3458 ἀχράντῳ
849 3383 1033 3455 μήτρᾳ
1086 3381 1277 3450 αὐτῆς*
1337 3382 1427 3437 καὶ
1486 3385 1892 3459 πληρωθέντων
1950 3390 2058 3441 τῶν

400 3470 552 3526 ἒννὲα
585 3476 779 3544 μηνῶν
813 3471 919 3526 ἀπὸ
967 3478 1068 3540 τῆς
1130 3470 1486 3546 συλλήψεως,
1549 3471 1772 3543 ἐξῆλθεν
1831 3475 2060 3552 ὁρισμὸς

408 3561 553 3635 παρᾶ
631 3561 900 3634 Καίσαρος
984 3562 1325 3637 Αὐγούστου,
1418 3561 1827 3639 ἀπογράφεσθαι
1886 3571 2058 3619 πᾶσαν

417 3651 516 3718 τὴν
548 3648 892 3723 οὶκουμένην.
918 3650 1021 3707 Καὶ
1054 3650 1331 3722 ἀπεστάλη
1367 3654 1617 3726 Κυρίνιος
1665 3653 1745 3717 εἰς
1800 3654 1868 3710 τὰ
1897 3656 2061 3731 Ἱερο-

424 3735 652 3810 σόλυμα,
714 3740 792 3803 εἷς
854 3737 1135 3812 Βηθλεὲμ,
1194 3746 1402 3810 ποῆσαι
1461 3743 1806 3820 ἀπογραφήν.
1862 3740 2058 3817 Ἀνέϐη

417 3825 474 3883 δὲ
530 3829 617 3883 καί
668 3831 874 3908 Ἰωσὴφ
931 3831 960 3885 δ
1022 3829 1195 3906 φύλαξ
1243 3836 1343 3899 τῆς
1400 3833 1679 3908 Παρθένου
1730 3831 1823 3888 σὺν
1874 3833 2061 3909 αὐτῇ,

406 3919 788 3998 ἀπογραφῆναι
820 3919 898 3982 εἷς
943 3916 1223 3992 Βηθλεέμ.
1285 3919 1384 3977 Καὶ
1421 3918 1538 3976 ἐπεὶ
1593 3919 1796 3997 ἔμελλε
1824 3929 1997 3980 τεκεῖν
2025 3926 2061 3995 ἡ

411 4009 686 4083 Παρθενος
720 4054 736 4079 ,
800 4011 878 4084 μή
964 4007 1289 4084 εὗρίσκουσα
1344 4006 1553 4085 οἷὀιημα
1602 4007 1693 4067 διὰ
1735 4012 1828 4067 τὸν
1885 4011 2061 4069 πολὺν

399 4101 561 4169 λαὸν,
588 4097 838 4165 εἰσῆλθεν
872 4099 949 4163 εἷς
981 4098 1245 4176 πενιχρὸν
1273 4097 1566 4170 σπήλαιον·
1598 4101 1690 4156 καὶ
1729 4099 1840 4158 ἐκεῖ
1886 4096 2062 4160 ἔτεκεν

394 4190 658 4267 ἀφθόρως
727 4189 821 4244 τὸν
908 4189 1105 4266 Κύριον
1177 4190 1339 4263 ἡμῶν
1397 4194 1607 4259 Ἰησοῦν
1666 4192 1917 4266 Χριστόν
1971 4194 2061 4249 καὶ

394 4279 841 4356 ἐσπαργάνωσεν,
872 4279 947 4342 ὡς
990 4278 1210 4357 βρέφος,
1244 4281 1339 4335 τὸν
1387 4284 1495 4335 τῶν
1528 4279 1777 4336 ἀπάντων
1803 4282 2063 4356 Κτίστην,

396 4372 490 4426 καὶ
524 4366 715 4440 ἔθηκεν
749 4369 804 4425 ἐν
833 4374 903 4445 τῇ
955 4374 1065 4427 τῶν
1128 4370 1343 4448 ἀλόγων
1395 4372 1592 4449 φάτνῃ,
1652 4375 1727 4434 ὼς
1790 4368 2065 4446 μέλλοντα

401 4459 671 4537 ῥύσασθαι
704 4462 851 4535 ἡμᾶς
880 4462 978 4526 τῆς
1008 4458 1264 4535 ἀλογίας.

999 4581 1082 4652 Τῇ
1127 4577 1265 4653 αὐτῇ
1315 4580 1498 4654 ἥμερα

799 4670 864 4726 Ἦ
892 4673 999 4723 τῶν
1032 4668 1241 4743 Μάγων
1278 4667 1668 4743 προσκύνησις.

476 4760 551 4816 Εν
610 4763 730 4821 ταῖς
791 4759 1027 4836 ἡμέραις
1076 4756 1305 4818 ἐκείναις
1361 4756 1568 4833 ἐγένετό
1620 4778 1705 4821 τις
1763 4757 1951 4832 μάντις
1981 4757 2066 4814 λεο

398 4850 637 4923 γόμενος
696 4845 953 4922 Βαλαὰμ,
1035 4847 1088 4903 ἂν
1173 4850 1243 4912 τῆ
1304 4851 1412 4901 τῶν
1472 4850 1691 4921 Ιιερσῶν
1746 4849 1925 4924 χώρᾳ·
1976 4849 2066 4904 καὶ

404 4939 850 5012 μαντευσάμενος
930 4936 1021 4993 καὶ
1082 4934 1228 4993 ἄλλᾶ
1293 4935 1500 5007 πολλὰ,
1559 4939 1677 4992 εἷπε
1732 4938 1824 4991 καὶ
1882 4942 2063 4993 τοῦτο’

402 5026 695 5087 Ἀνατελεῖ
778 5023 975 5102 ἄστρον
1061 5026 1111 5097 ἐξ
1195 5020 1395 5083 Ἰακὼϐ
1479 5024 1570 5080 καὶ
1658 5025 1875 5101 θραύσει
1938 5026 2067 5091 τοὺς

402 5117 563 5181 υἱοὺς
591 5111 785 5174 limite.
817 5116 1078 5177 Ἔχοντες
1111 5115 1204 5169 οὗν
1236 5115 1287 5169 οἱ
1318 5111 1484 5170 ἄλλοι
1520 5114 1736 5188 μάντεις
1764 5117 1854 5170 καὶ
1904 5115 2064 5191 μάγοι

400 5211 505 5278 τήν
533 5206 796 5277 τοιαύτην
845 5204 1185 5284 προφητείαν
1244 5205 1380 5260 κατὰ
1442 5201 1736 5281 διαδοχήν,
1786 5204 2067 5262 ἐδίδασκον

404 5300 610 5360 πάντας
638 5297 767 5359 τοῦς
797 5302 906 5352 τῶν
952 5299 1172 5370 Περσῶν
1232 5296 1472 5367 μοιὶντεις⁸
1533 5294 1622 5349 καὶ
1681 5295 1950 5368 περιῆλθε
1978 5315 2069 5370 καὶ

402 5390 483 5452 εἷς
512 5388 642 5451 τοὺς
675 5387 808 5462 μετά
862 5389 1031 5441 ταῦτα
1090 5385 1311 5458 Μάγους
1356 5385 1499 5457 ὁμοῦ
1556 5383 1646 5440 καὶ
1682 5384 1931 5461 βασιλεῖς
1958 5393 2070 5443 τῶν

406 5481 652 5553 Περσῶν,
707 5481 854 5554 τρεῖς
910 5472 1096 5545 ὄντας,
1150 5473 1241 5528 καὶ
1300 5474 1663 5549 παρετήρουν,
1721 5475 1854 5531 πότε
1912 5474 2068 5534 ἴδωσι

398 5570 493 5624 τὸν
524 5568 722 5642 ἀστέρα
748 5569 1025 5624 τοιοῦτον.
1081 5564 1172 5626 Ὧς
1228 5562 1564 5640 ἀστρόνομοι
1624 5560 1682 5619 δὲ
1748 5562 1953 5630 ἰδόντες
1979 5568 2072 5624 τὸν

399 5662 496 5714 τοῦ
525 5659 763 5735 Χριστοῦ
793 5657 1023 5731 ἀστέρα,
1048 5653 1133 5708 ὅτι
1176 5651 1274 5707 οὐκ
1330 5652 1504 5709 ἐποίει
1559 5654 1658 5720 τήν
1711 5656 1961 5730 πορείαν,
1993 5659 2069 5722 ὡς

403 5750 457 5806 οἱ
496 5747 688 5804 λοιποὶ
719 5748 971 5823 ἀστέρες,
1014 5741 1127 5798 ἀπὸ
1155 5740 1429 5799 ἀνατολῶν
1462 5739 1547 5797 ἐπὶ
1604 5739 1776 5820 δύσιν,
1809 5752 1935 5810 ἀλλ’
1995 5755 2071 5821 ὡς

2171 3407 2394 3456 noster.
2428 3400 2661 3455 Exactis
2677 3404 2876 3454 autem
2910 3414 2942 3452 a
2966 3394 3355 3465 conceptione
3378 3407 3588 3445 novem
3613 3389 3834 3444 mensi-

2172 3490 2303 3558 bus,
2332 3491 2475 3545 exiit
2504 3490 2764 3545 edictum
2796 3505 2831 3543 a
2863 3489 3089 3543 Caesare
3116 3487 3401 3555 Augusto,
3434 3486 3498 3535 ut
3529 3479 3830 3534 describe-

2172 3584 2336 3635 retur
2367 3585 2523 3635 totus
2554 3578 2737 3633 orbis.
2770 3578 3099 3646 Missusque
3132 3579 3222 3628 est
3248 3570 3500 3642 Cyrinus
3549 3569 3827 3623 Hierosoo

2173 3669 2333 3741 lyma
2363 3668 2424 3725 in
2456 3668 2823 3735 Bethlehem,
2856 3671 2921 3721 ut
2952 3663 3415 3735 descriptionem
3446 3660 3686 3715 faceret.
3723 3663 3830 3711 As-

2172 3760 2374 3816 cendit
2398 3764 2597 3815 autem
2630 3762 2690 3813 et
2714 3757 2931 3828 Ioseph
2993 3753 3246 3826 Virginis
3288 3757 3487 3806 custos
3530 3764 3653 3803 una
3695 3763 3831 3802 cum

2173 3849 2279 3904 illa
2308 3850 2369 3905 in
2405 3848 2771 3916 Bethlehem,
2805 3852 2872 3901 ut
2900 3843 3359 3900 describeretur.
3375 3840 3641 3910 Cumque
3662 3836 3832 3906 Virgo

2173 3940 2442 4012 paritura
2472 3943 2650 4006 esset,
2678 3954 2790 3993 nec
2818 3935 3068 3991 haberet
3087 3933 3148 3987 in
3174 3929 3497 3985 diversorio
3528 3928 3727 3982 locum
3759 3925 3834 3979 ob

2174 4028 2519 4085 afﬂuentem
2541 4026 2812 4098 undique
2827 4021 3296 4088 multitudinem,
3322 4022 3633 4091 angustam
3657 4013 3841 4070 subiit

2175 4119 2546 4191 speluncam,
2579 4117 2780 4189 ibique
2832 4116 3174 4184 incorrupte
3232 4109 3464 4183 peperit
3514 4105 3835 4163 Dominum

2175 4216 2446 4266 nostrum
2467 4211 2668 4265 Jesum
2691 4207 3012 4272 Christum,
3043 4220 3109 4259 ac
3131 4202 3294 4257 velut
3316 4198 3605 4253 infantem
3628 4195 3832 4251 fasciis

2173 4300 2416 4356 involvit
2435 4298 2703 4353 omnium
2724 4296 3191 4359 Conditorem,et
3210 4292 3271 4345 in
3302 4286 3654 4343 animalium
3673 4285 3794 4339 irra
3810 4314 3829 4323 -

2175 4389 2490 4445 tionalium
2517 4385 2768 4459 praesepi
2791 4382 3100 4439 collocavit
3121 4396 3275 4443 eum,
3312 4376 3411 4448 qui
3431 4392 3540 4429 nos
3563 4373 3635 4428 ab
3665 4372 3825 4426 irra-

2177 4477 2574 4534 tionabilitate
2606 4475 2967 4530 liberaturus
2999 4476 3144 4526 erat.

2828 4587 3049 4644 Eodem
3080 4585 3176 4641 die

2643 4681 2736 4737 57
2774 4682 3063 4749 Magorum
3092 4674 3370 4731 adoratio.

2250 4777 2315 4828 In
2347 4774 2557 4829 diebus
2586 4773 2705 4827 illis
2733 4770 2849 4826 fuit
2876 4774 3057 4832 vates,
3091 4764 3328 4821 Balaam
3362 4760 3624 4826 nomine,
3657 4759 3719 4812 in
3742 4773 3841 4811 re-

2177 4865 2351 4934 gione
2382 4866 2730 4919 Persarum:
2765 4859 2865 4931 qui
2899 4874 3031 4913 cum
3069 4853 3255 4910 multa
3308 4851 3427 4907 alia
3483 4847 3835 4904 vaticinatus

2177 4954 2409 5022 fuisset,
2438 4953 2553 5008 hoc
2586 4952 2764 5007 etiam
2798 4945 3107 5020 praadixit:
3144 4941 3365 4999 Orietur
3415 4938 3573 4994 stella
3620 4952 3690 4990 ea:
3729 4935 3838 4987 Ja-

2179 5044 2297 5109 cob,
2333 5049 2383 5097 et
2413 5047 2650 5098 conteret
2705 5040 2845 5108 ﬁlios
2876 5036 3055 5093 Moab.
3089 5036 3274 5100 Quam
3314 5026 3691 5102 prophetiam
3730 5022 3830 5077 alii

2179 5137 2340 5189 vates
2372 5136 2431 5186 et
2460 5131 2614 5203 magi
2647 5146 2751 5201 per
2782 5143 2994 5182 manus
3029 5123 3303 5179 traditam
3337 5117 3719 5187 accipientes,
3754 5111 3828 5166 ad

2180 5238 2389 5276 omnes
2410 5222 2726 5276 Persarum
2750 5222 2908 5273 vates
2928 5215 3093 5270 illam
3113 5210 3455 5267 traduxere:
3481 5203 3669 5257 donec
3700 5215 3837 5269 per-

2180 5311 2341 5367 venit
2369 5309 2443 5366 ad
2469 5315 2586 5365 tres
2618 5308 2752 5363 illos
2783 5308 2977 5379 Magos
3004 5302 3184 5360 simul
3215 5303 3273 5354 et
3299 5299 3625 5379 Persarum;
3642 5304 3833 5358 reges,

2181 5400 2283 5472 qui
2310 5399 2516 5455 sedulo
2548 5377 2940 5454 observabant
2971 5393 3159 5449 stellas
3181 5387 3359 5459 hujus
3376 5377 3838 5474 apparitionem,

2180 5492 2325 5546 Cum
2346 5494 2546 5545 autem
2566 5488 2741 5561 periti
2764 5483 3091 5543 astronomi
3117 5464 3842 5561 essent,videntesChristi

2183 5578 2420 5636 stellam
2452 5558 2755 5633 diversum
2785 5593 2820 5631 a
2850 5572 3100 5644 reliquis
3132 5564 3323 5623 stellis
3351 5572 3600 5651 cursum.
3617 5558 3841 5651 tenere,

2183 5670 2409 5742 quippe
2440 5686 2573 5740 qua:
2603 5683 2726 5723 non
2757 5664 2830 5721 ab
2860 5667 2993 5718 ortu
3026 5661 3087 5715 in
3120 5668 3419 5721 occasum,
3453 5645 3563 5742 sed
3587 5644 3648 5699 in
3671 5644 3847 5742 meri-

2181 5736 2669 5824 diem-tenderet,
2698 5753 3120 5826 cognoverunt,
3182 5742 3379 5816 magni
3425 5736 3600 5809 Regis
3649 5736 3846 5788 ortum
