4124 6448
386 446 504 507 227

1694 436 2128 503 MENULOGII
2174 440 2375 501 PARS
2420 443 2499 503 ΙΙ.

3695 449 3819 509 228

384 579 552 635 illam
583 578 942 649 signiﬁcare.
971 577 1160 642 Quare
1194 573 1430 631 stellam
1461 574 1675 631 ducem
1696 573 1907 641 secuti,
1939 574 2002 628 in

2144 571 2281 645 πρὸς
2316 566 2687 648 μεσημϐρίαν,
2730 566 2989 648 ἔγνωσαν,
3049 574 3132 629 ὅτι
3164 575 3418 648 γέννησιν
3476 579 3575 631 toﬁ
3635 580 3815 654 μεγά-

384 675 676 724 venerunt
705 669 999 723 Christum
1032 666 1373 735 Dominum,
1407 671 1466 722 et
1495 666 1874 739 procidentes
1897 664 2038 721 ado-

383 765 850 819 raverunteum,
892 762 950 810 et
975 755 1321 811 obtulerunt
1379 757 1430 811 ei
1483 740 1754 824 munera,
1802 772 2036 820 aurum,

383 849 540 914 thus,
574 854 632 902 et
662 847 963 919 myrrham
989 862 1003 898 :
1040 845 1369 916 monitique
1402 846 1475 901 ab
1497 845 1731 917 angelo,
1754 846 1816 899 in
1846 845 2040 916 regio—

380 954 517 993 nem
547 952 712 991 suam
745 952 880 990 cum
910 934 1124 1007 gaudio
1160 935 1375 990 reversi
1409 940 1570 990 sunt.

1037 1203 1259 1259 Eodem
1291 1202 1387 1258 die

373 1295 473 1353 58
503 1295 701 1366 Joseph
727 1309 953 1364 sponsus
979 1300 1033 1348 et
1062 1299 1238 1420 exustos
1267 1291 1524 1418 tVirginis
1581 1291 1650 1347 ab
1698 1292 1895 1361 angelo
1938 1292 2039 1346 Dei

1029 1382 1064 1420 a
1106 1381 1263 1420 mone
1288 1381 1375 1420 ur.

1029 1381 1375 1421 admonetur.

442 1483 703 1540 Herodes
724 1482 1061 1539 Judaaorum
1090 1498 1194 1537 rex
1224 1498 1360 1538 cum
1391 1480 1700 1537 didicisset
1729 1496 1800 1535 ex
1830 1482 2035 1556 Magis,

370 1579 580 1631 natum
611 1589 742 1630 esse
770 1588 1053 1645 magnum
1083 1588 1303 1645 regem,
1338 1571 1438 1642 qui
1462 1571 1667 1626 orbem
1684 1571 2033 1628 universum

377 1664 734 1719 subacturus
766 1666 943 1727 esset,
978 1661 1197 1717 vocatis
1229 1661 1407 1733 Magis
1438 1660 1589 1716 dixit
1616 1677 1634 1715 :
1669 1663 1773 1727 lte,
1808 1665 1867 1716 et
1896 1660 2035 1716 dili-

369 1758 577 1825 genter
604 1751 952 1824 investigate
980 1750 1053 1806 de
1082 1767 1309 1822 puero:
1354 1755 1413 1805 et
1462 1766 1596 1805 cum
1647 1750 2018 1821 inveneritis,

368 1842 708 1897 renuntiate
738 1840 909 1907 mihi,
942 1845 1008 1895 ut
1037 1845 1096 1895 et
1124 1856 1229 1912 ego
1286 1840 1532 1895 veniens
1577 1837 1818 1894 adorem
1870 1856 2026 1896 eum.

2147 659 2252 716 λου
2281 660 2565 724 Βασιλέως
2599 659 2788 733 δηλοῖ,
2822 663 2913 718 καὶ
2953 661 3344 732 ἠκολούθησαν
3371 669 3451 737 τῷ
3482 666 3685 743 ἀστέρι,
3714 667 3813 723 καὶ

2148 750 2302 826 εὗρον
2335 753 2565 824 Χριστὸν
2596 752 2688 806 τὸν
2722 751 2939 827 Κύριον.
3002 754 3100 807 Καὶ
3158 754 3412 816 πεσόντες
3468 756 3812 829 προσεκύνη-

2146 858 2241 893 σαν
2282 838 2448 912 αύτῷ’
2502 841 2590 895 καὶ
2650 843 3024 916 προσήνεγκαν
3086 840 3256 917 δῶρα,
3308 846 3537 919 χρυσὸν,
3568 846 3658 900 καὶ
3718 845 3816 902 λί-

2146 922 2310 983 6ανον
2370 929 2459 983 καὶ
2518 929 2784 1006 σμύρναν,
2835 933 2927 985 καὶ
2985 930 3185 1003 οὕτως,
3241 937 3311 1007 τῇ
3365 935 3653 1007 προστάξει
3703 939 3809 991 toﬁ

2146 1015 2402 1091 ἀγγέλου,
2438 1018 2771 1094 ὑπέστρεψαν
2809 1020 2945 1093 μετὰ
2983 1026 3159 1096 χαρᾶς
3215 1021 3292 1083 είς
3347 1023 3449 1092 τήν
3494 1023 3682 1098 χώραν
3706 1024 3808 1080 αὖ-

2143 1128 2274 1165 των.

2715 1202 2801 1274 Τῇ
2862 1198 2998 1275 αὖτῇ
3051 1200 3236 1278 ἡμέρᾳ

2146 1286 2350 1365 Ἰωσὴφ
2396 1288 2424 1342 ὁ
2460 1290 2721 1370 μνῆςῖῑωρ
2778 1288 2870 1370 κυεῖ
2911 1289 3103 1370 ,φύλαξ
3153 1294 3274 1370 τῆς.
3319 1293 3601 1370 “spot-vo»
3655 1313 3806 1370 χρη-

2433 1356 2795 1434 ματιζόμενος
2830 1356 3051 1417 ὑπὸτοῦ
3083 1356 3231 1427 θείου
3250 1356 3512 1441 ἀγγέλου.

2214 1477 2412 1540 Μαθὼν
2474 1474 2729 1553 Ἡρώδης
2765 1478 2792 1532 ὁ
2830 1481 2938 1533 τῶν
3001 1476 3285 1536 Ἰουδαίων
3340 1479 3596 1556 ἀρχηγὸς
3652 1483 3806 1556 παρὰ

2145 1563 2378 1640 Μάγων,
2412 1563 2495 1621 ὅτι
2535 1565 2800 1641 Βρσιλεὺς
2856 1565 3115 1641 ἐγεννήθη
3170 1567 3354 1646 μέγας,
3416 1569 3564 1633 ὅστις
3598 1568 3799 1644 μέλλει

2137 1652 2231 1708 τὸν
2263 1651 2393 1709 ὅλον
2437 1654 2645 1728 κόσμον
2703 1655 2979 1729 ὑποτάξαι,
3011 1655 3457 1732 προσικαλάσατο
3487 1658 3615 1722 τοὺς
3676 1658 3802 1718 Μά-

2139 1764 2271 1818 γους
2308 1788 2321 1814 ,
2393 1744 2483 1800 καὶ
2533 1747 2682 1800 εἶπεν
2715 1766 2729 1778 ·
2791 1747 3145 1810 Ἀπελθόντες
3224 1743 3465 1823 ἀκριϐῶς
3518 1749 3801 1821 ἐξετάσατε

2138 1834 2260 1906 περὲ
2318 1839 2417 1888 toﬁ
2469 1832 2736 1890 παιδίου⁶
2824 1836 2953 1891 ἐπάν
3016 1835 3074 1892 δὲ
3131 1837 3345 1914 εὕρητε,
3433 1839 3801 1916 ἀπαγγείλατέ

368 1932 488 1986 Hoc
512 1936 710 1986 autem
741 1930 993 1995 dicebat,
1036 1934 1103 1984 ut
1131 1936 1536 2002 cognosceret.
1578 1929 1681 1984 ubi
1737 1936 1913 1996 esset,
1964 1946 2005 1985 e‘

2142 1945 2259 1997 μοι,
2318 1923 2469 1989 ὅπως
2522 1926 2678 2001 κάγὼ
2735 1924 2906 1982 ἐλθὼν
2968 1931 3338 2001 προσκυνήσω
3396 1930 3570 2001 αὐτῷ.
3624 1934 3801 1986 Τοῦτο

366 2020 631 2075 mitteret
650 2020 723 2075 ad
742 2019 1227 2075 interﬁciendum
1254 2035 1410 2074 eum.
1429 2018 1651 2074 Deinde
1682 2020 2023 2075 convocatis

368 2108 602 2175 scribis,
648 2109 1055 2181 interrogavit.
1112 2109 1215 2163 ubi
1269 2109 1602 2164 secundum
1660 2109 2025 2180 Scripturam

366 2197 635 2251 Christus
658 2203 1023 2253 nasceretur.
1050 2200 1125 2252 At
1143 2198 1230 2252 illi
1252 2197 1557 2253 dixerunt:
1588 2198 1655 2251 In
1677 2198 2022 2253 Bethlehem

362 2288 599 2342 Iudaeae.
634 2290 780 2343 Tum
825 2288 1046 2342 milites
1091 2304 1230 2343 suos
1277 2288 1459 2353 misit,
1504 2292 1570 2341 ut
1617 2288 2025 2344 interficerent

361 2393 578 2448 pueros
610 2394 818 2433 omnes
850 2378 912 2431 in
944 2377 1291 2433 Bethlehem
1323 2394 1359 2432 a
1384 2377 1611 2432 bimatu
1639 2382 1698 2432 et
1727 2377 1901 2449 infra,
1935 2395 2021 2434 se-

360 2468 625 2524 cundum
656 2474 914 2540 tempus,
947 2468 1105 2540 quod
1144 2469 1507 2539 exquisierat
1536 2486 1570 2525 a
1599 2470 1796 2541 Magis.
1831 2472 2019 2535 Quare

363 2556 586 2611 missus
608 2573 643 2611 a
671 2557 791 2612 Deo
824 2557 1072 2629 angelus
1102 2558 1251 2613 dixit
1276 2559 1564 2630 Josepho:
1608 2560 1804 2629 Surge,
1846 2567 1894 2614 et
1925 2578 2019 2615 ac-

362 2647 485 2715 cipe
504 2662 759 2715 puerum,
819 2653 871 2701 et
916 2653 1150 2701 matrem
1180 2650 1317 2718 ejus,
1350 2657 1401 2703 et
1449 2652 1584 2718 fuge
1612 2651 1671 2703 in
1698 2649 2013 2718 zEgyplum.

357 2735 584 2807 Joseph
611 2741 812 2791 autem
843 2736 901 2791 id
932 2743 1234 2803 executus,
1269 2738 1499 2809 accepit
1518 2755 1791 2810 puerum,
1821 2744 1879 2793 et
1898 2755 2015 2794 ma-

368 2828 520 2878 trem
551 2823 700 2895 ejus,
735 2830 792 2878 et
822 2824 968 2879 abiit
996 2825 1058 2879 in
1098 2828 1429 2897 AEgyptum.

2138 2011 2196 2067 δὲ
2224 2012 2427 2089 ἔλεγεν,
2473 2013 2567 2069 *ίνα
2627 2016 2790 2090 μάθῃ,
2842 2017 2981 2071 ὅπου
3029 2011 3195 2088 ἔστιν,
3257 2016 3409 2081 ὅπως
3470 2017 3798 2095 ἀποστείλῃ,

2134 2104 2224 2159 καὶ
2282 2105 2513 2183 φονεύσῃ
2596 2105 2755 2162 αὐτόν
2789 2150 2802 2163 .
2885 2109 3017 2163 Εἶτα
3090 2106 3607 2183 προσκαλεσάμενος
3666 2111 3799 2174 τοὺς

2132 2201 2519 2271 γραμματεῖς,
2604 2197 2908 2270 ἠρώτησε·
2972 2201 3084 2251 Ποῦ
3160 2196 3306 2272 λέγει
3363 2201 3399 2269 ἡ
3463 2200 3650 2277 Γραφή
3700 2200 3794 2255 τὸν

2133 2286 2360 2360 Χριστὸν
2405 2288 2753 2362 γεννηθῆναι.
2788 2287 2855 2344 Οἱ
2914 2284 2972 2341 δὲ
3020 2291 3194 2341 εἶπον
3230 2289 3319 2344 Ἐν
3372 2287 3633 2361 Βηθλεὲμ
3689 2295 3793 2360 τῆς

2134 2374 2397 2437 Ἰουδαίας
2430 2420 2443 2433 .
2516 2376 2648 2432 Τότε
2721 2374 3008 2431 ἀπέστειλε
3047 2377 3116 2431 τὰ
3171 2377 3545 2453 στρατεύματα
3603 2378 3794 2448 αύτοῦ,

2130 2469 2381 2541 φονεῦσαι
2412 2463 2610 2528 πάντας
2633 2463 2759 2527 τοὺς
2815 2463 3036 2536 παῖδας,
3066 2465 3198 2529 τοὺς
3262 2466 3314 2521 ἐν
3374 2465 3652 2541 Βηθλεὲμ,
3685 2467 3796 2523 ἀπὸ

2129 2553 2339 2617 διετοῦς
2394 2556 2481 2610 καὶ
2541 2556 2858 2631 κατωτέρω,
2912 2560 3048 2610 κατὰ
3100 2557 3194 2611 τὸν
3255 2556 3458 2630 χρόνον
3519 2555 3576 2610 ὅν
3622 2556 3794 2630 ἠκρί-

2127 2638 2271 2699 ϐωσε
2300 2644 2447 2720 παρὰ
2474 2648 2582 2699 τῶν
2645 2646 2869 2720 Μάγων.
2940 2644 3037 2699 Διὰ
3094 2648 3255 2700 τοῦτο
3315 2644 3594 2715 ἀπεστάλη
3629 2647 3794 2721 ἅγγε-

2126 2732 2223 2796 λος
2253 2734 2311 2788 έκ
2343 2738 2499 2802 Θεοῦ,
2556 2733 2647 2788 καὶ
2707 2734 2822 2789 εἶπε
2883 2735 3108 2810 Ἰωσήφο
3168 2735 3444 2810 Ἐγερθεὶς
3500 2730 3790 2811 παράλαϐε

2121 2825 2184 2878 τὸ
2216 2822 2455 2895 παιδίον,
2515 2823 2605 2878 καὶ
2666 2825 2766 2892 τὴν
2828 2823 3048 2899 μητέρτ
3096 2823 3282 2892 αὐτοῦ,
3342 2823 3433 2878 καὶ
3492 2829 3651 2902 φεῦγε
3707 2825 3788 2887 εἷς

362 2908 655 2984 Ατίγυπτον.
688 2912 744 2965 Ὃ
785 2908 841 2965 δὲ
901 2911 1103 2990 Ἰωσὴφ
1160 2912 1414 2984 ἐποίησεν
1459 2913 1652 2984 οὕτως,
1707 2914 1796 2969 καὶ
1854 2909 2192 2989 παραλαϐὼν
2253 2912 2314 2968 td
2378 2911 2605 2970 muﬁiov
2639 2912 2728 2967 καὶ
2760 2914 2858 2981 τήν
2925 2913 3136 2989 μητέρᾳ
3186 2911 3350 2968 αὐτοῦ
3408 2911 3649 2984 ἀπῆλθεν
3705 2914 3785 2977 είς

354 2998 646 3075 Αἴγυπτον.

908 3121 1151 3176 EODEM
1192 3122 1442 3176 MENSE.

862 3211 966 3264 Die
998 3210 1280 3266 vicesima
1309 3216 1492 3267 sexta.

688 3299 786 3354 59
813 3298 1055 3369 Deipara
1082 3302 1142 3355 in
1169 3303 1469 3371 £gyptum
1491 3303 1662 3371 fugit.

412 3415 479 3469 In
513 3416 821 3487 Egyptum
853 3416 1104 3487 Deipara
1132 3417 1283 3490 fugit
1313 3433 1448 3472 cum
1498 3417 1746 3486 infante,
1796 3422 1855 3473 et
1897 3418 2002 3473 Jo-

341 3503 546 3575 sepho,
570 3503 800 3559 duabus
828 3521 897 3559 ex
918 3506 1144 3561 causis:
1170 3512 1296 3561 tum
1318 3513 1385 3562 ut
1434 3506 1808 3579 impleretur,
1843 3507 2003 3579 quod

342 3591 567 3647 dictum
598 3598 689 3648 est
720 3610 754 3648 a
782 3596 1109 3666 propheta:
1154 3598 1240 3651 Ea:
1279 3600 1516 3669 Egypto
1561 3600 1753 3653 vocavi
1797 3598 2002 3653 Filium

339 3696 557 3747 meum;
592 3686 716 3735 tum
743 3682 921 3737 etiam
953 3692 1019 3738 ut
1047 3685 1464 3740 haereticorum
1495 3687 1764 3741 omnium
1796 3704 1862 3740 os
1892 3686 1997 3741 ob-

341 3773 623 3824 struatur.
651 3770 772 3825 Nisi
797 3772 957 3826 enim
977 3772 1173 3828 infans
1192 3774 1459 3846 fugisset,
1484 3775 1587 3829 sed
1609 3776 2001 3845 comprehen-

340 3872 441 3911 sus
470 3857 602 3925 fuit,
637 3864 696 3913 et
725 3860 979 3927 occisus,
1012 3861 1213 3916 nullus
1254 3867 1413 3917 certe
1447 3863 1621 3917 saluti
1683 3863 1996 3918 hominum

335 3945 582 4001 relictus
611 3947 822 4003 fuisset
850 3949 1037 4007 locus.
1076 3950 1130 4005 Si
1164 3967 1299 4006 vero
1333 3968 1525 4023 neque
1551 3952 1767 4025 gladio,
1800 3970 1995 4025 neque

332 4035 450 4091 alio
477 4037 754 4107 supplicii
777 4054 994 4109 genere
1020 4041 1314 4113 exstingui
1338 4042 1720 4113 potuisset,ut
1747 4042 1989 4114 dispen-

337 4126 629 4180 sationem
660 4126 962 4198 impleret,
994 4130 1168 4184 multi
1220 4131 1685 4203 existimassent,
1736 4133 1992 4204 phanta-

337 4214 633 4282 stice,non
657 4232 790 4271 vere
807 4232 943 4272 eum
968 4235 1206 4274 carnem
1223 4220 1545 4275 humanam
1561 4222 1985 4293 assumpsisse:

334 4303 390 4357 Si
426 4320 665 4359 carnem
687 4305 933 4362 haberet
966 4309 1315 4380 (inquiunt),
1350 4309 1548 4381 gladio
1580 4316 1738 4366 certe
1789 4312 1988 4367 conci-

2658 3119 2838 3174 MHNI
2889 3122 2973 3172 ΤΩ
3027 3121 3243 3175 ΑΥΤΩ.

2892 3207 3000 3275 κζ’.

2361 3296 2429 3352 Ἠ
2463 3295 2726 3358 Θεοτόκος
2777 3295 3045 3373 φεύγουσα
3095 3295 3172 3359 εἷς
3225 3295 3526 3374 Αἵγυπτον.

2185 3414 2277 3476 Εἷς
2325 3413 2598 3489 Αἴγυπτον
2649 3413 2897 3492 φεύγειή
2952 3414 3241 3487 Θεοτόκος,
3297 3418 3433 3489 μετᾶ
3488 3420 3585 3472 τοῦ
3647 3418 3780 3493 βρέ-

2111 3504 2375 3583 φους,καῖ
2405 3508 2503 3559 toﬁ
2549 3506 2775 3582 Ἰωσὴφ,
2834 3500 2925 3559 διὰ
2982 3502 3079 3559 δύο
3136 3504 3454 3583 προφάσεις.
3503 3507 3594 3561 ἳνα
3622 3506 3780 3578 πλη-

2111 3597 2263 3669 ρῶθῇ
2294 3594 2356 3649 τὸ
2384 3594 2544 3669 ῥηθὲν
2577 3593 2680 3648 ὑπὸ
2709 3597 2812 3647 toﬁ
2876 3595 3186 3671 προφήτου,
3220 3595 3301 3649 ὅτι
3333 3595 3423 3666 Ἐξ
3483 3595 3773 3671 Αἰγύπτου

2109 3682 2341 3739 ἐκάλεσα
2371 3684 2464 3739 τὸν
2498 3682 2622 3738 Υἱόν
2660 3704 2765 3754 μου
2822 3681 2911 3738 καὶ
2969 3683 3063 3738 ἳνα
3112 3682 3371 3760 ἐμφραγῇ
3426 3689 3532 3740 πᾶν
3594 3686 3775 3758 στόμα

2105 3777 2211 3827 τῶν
2248 3775 2557 3847 αἱρετικῶν.
2617 3772 2685 3828 Εἴ
2742 3772 2846 3847 γὰρ
2910 3772 3008 3827 οὐκ
3049 3768 3264 3849 ἔφυγεν,
3324 3773 3452 3829 ἀλλ’
3490 3771 3769 3848 ἐκρατήθη

2102 3862 2166 3917 τὸ
2199 3863 2418 3937 βρέφος,
2469 3861 2515 3916 εί
2569 3861 2663 3934 μὲν
2718 3860 3004 3938 ἐφονεύθη,
3063 3859 3406 3931 ἐνεποδίζετο
3442 3864 3477 3931 ἡ
3529 3867 3635 3918 τῶν
3681 3865 3776 3920 άν-

2104 3951 2339 4027 θρώπων
2369 3950 2634 4028 σωτηρία·
2672 3949 2723 4006 εἷ’
2751 3948 2809 4005 δὲ
2839 3950 2939 4005 οὐκ
2968 3949 3255 4029 ἐφονεύθη,
3322 3953 3463 4023 μήτε
3524 3953 3627 4007 ὑπὸ
3670 3957 3774 4008 toﬁ

2105 4041 2335 4105 σπαθίου
2364 4041 2726 4114 κοπτόμενον,
2765 4041 2904 4114 μήτε
2945 4040 3048 4094 ὑπὸ
3080 4038 3255 4095 ἄλλου
3284 4041 3433 4103 τινὸς
3491 4040 3698 4119 ξίφους,
3732 4044 3768 4114 ἦ

2102 4128 2285 4201 ἄλλης
2312 4132 2607 4206 τιμωρίας,
2631 4126 2719 4184 διὰ
2738 4128 2800 4184 τὸ
2814 4128 3220 4205 πληρῶσαιτήν
3248 4129 3587 4203 οἷκονομίαν,
3614 4129 3768 4203 δόξαι

2101 4220 2220 4294 εἷχε
2247 4224 2365 4282 τοῖς
2422 4218 2685 4286 πολλοῖς,
2743 4216 2828 4272 ὅτι
2869 4216 3006 4272 κατᾶ
3057 4217 3351 4293 φαντασίαν
3407 4217 3638 4293 ἐγένετο,
3671 4220 3766 4275 καὶ

2099 4309 2163 4363 ού
2211 4310 2349 4364 κατὰ
2392 4309 2652 4379 ἀλήθειαν
2712 4305 2935 4385 ἐφόρεσε
2990 4308 3090 4377 τήν
3155 4307 3504 4381 ἀνθρωπίνην
3566 4309 3759 4384 σάρκαι

329 4392 607 4447 deretur:
637 4411 771 4449 cum
804 4396 972 4451 nullo
1004 4404 1293 4468 prmtextu
1343 4398 1469 4454 ausi
1527 4406 1667 4455 sunt
1714 4401 1985 4456 infelices

2122 4396 2161 4454 ὖῖ
2211 4400 2316 4474 γὰρ
2383 4397 2565 4475 ἐφόρει
2621 4397 2810 4473 σάρκα,
2863 4396 3051 4474 φησὶν,
3106 4396 3361 4453 ἐκόπτετο
3417 4397 3476 4452 ἂν
3530 4399 3632 4453 ὑπὸ
3662 4404 3761 4455 τοῦ

326 4479 589 4536 haeretici
624 4483 846 4551 dicere,
891 4501 1027 4540 eum
1087 4487 1459 4557 phantastice
1519 4494 1721 4543 natum
1779 4489 1981 4545 fuisse.
2015 4499 2061 4561 D
2095 4488 2324 4542 σπαθίου
2358 4507 2370 4519 ·

2094 4575 2405 4651 ἐτόλμησαν
2485 4578 2537 4633 οἱ
2618 4576 2799 4633 ἄθλιοι
2851 4576 3117 4650 αἱρετικοὶ
3174 4581 3336 4632 τοῦτο
3418 4576 3612 4644 εἰπεῖν,
3670 4578 3757 4633 ὅτι

2093 4668 2230 4722 κατᾶ
2273 4668 2566 4745 φαντασίαν
2623 4664 2913 4742 ἐγεννήθη’
2974 4662 3066 4720 διὰ
3114 4669 3277 4721 τοῦτο
3333 4665 3513 4744 φεύγει
3546 4667 3623 4729 εἰς
3655 4667 3757 4723 Δί’-

326 4571 515 4636 Quare
546 4572 695 4645 fugit
727 4592 789 4630 in
820 4578 1152 4649 Aﬂgyptum,
1184 4584 1251 4632 ut
1279 4584 1338 4633 et
1366 4578 1525 4635 idola
1579 4582 1983 4653 [Egyptiorum

322 4661 748 4734 confringeret,
781 4669 841 4719 et
858 4667 963 4721 toti
991 4667 1211 4722 mundo
1232 4668 1487 4723 salutem
1510 4671 1985 4738 atl'erret,secun-

2457 4490 2663 4562 ὃπουγε
2721 4484 2809 4542 καί
2883 4487 3209 4564 προφάσεως
3276 4490 3351 4561 μὴ
3410 4489 3758 4562 γενομένης,

326 4748 470 4805 dum
504 4755 764 4824 tempus,
797 4770 915 4824 quo
947 4755 1107 4810 cruci
1139 4756 1490 4829 affigendus,
1525 4764 1584 4814 et
1612 4765 1983 4815 resurrectu-

2122 4777 2320 4827 ὐπτον,
2348 4756 2438 4811 ἳνα
2465 4756 2650 4813 καὶτὰ
2705 4756 2879 4811 ἐκεῖσε
2932 4755 3195 4830 συντρίψῃ
3252 4752 3480 4827 εἷ’δωλα,
3531 4757 3621 4811 καὶ
3650 4758 3752 4827 τὴν

326 4854 429 4893 rus
461 4845 641 4896 esset.

884 5027 1123 5082 EODEM
1164 5030 1416 5084 MENSE.

808 5141 912 5197 Die
942 5143 1206 5217 vigesina
1237 5147 1490 5217 septima

321 5223 424 5279 θο
455 5225 741 5285 Certamen
772 5231 1475 5308 gloriosiPro/omartyris,
1502 5244 1553 5292 et
1576 5238 1976 5294 Archidiaconi

1001 5307 1294 5376 Stephani.

391 5387 727 5460 Stephanus
755 5399 1157 5467 protomartyr
1186 5402 1527 5453 sanctorum
1567 5399 1969 5470 apostolorum

318 5473 648 5549 discipulus
675 5489 810 5553 post
839 5484 1073 5539 Domini
1103 5487 1290 5541 nostri
1318 5488 1454 5542 Jesu
1481 5488 1697 5543 Christi
1743 5491 1969 5545 Ascen-

2092 4844 2420 4919 οἰκουμένην
2454 4843 2591 4916 ὅλην
2623 4845 2793 4918 σώσῃ,
2820 4845 2956 4899 κατᾶ
2979 4843 3074 4899 τὸν
3105 4844 3295 4918 καιρὸν
3324 4850 3429 4915 τῆς
3473 4844 3752 4920 σωτηρίου

2089 4934 2467 5008 σταυρώσεως,
2498 4935 2587 4989 καί
2618 4939 2718 5002 τῆς
2741 4929 3101 4993 ἀναστάσεως.

2642 5028 2815 5079 ΜΗΝΙ
2848 5025 2940 5080 ΤΩ
2973 5024 3178 5080 ΑΥΤΩ.

2870 5144 2965 5199 KZ'

2084 5232 2350 5306 ’Ἀθλησις
2378 5240 2476 5291 toﬁ
2507 5236 2539 5290 ά
2584 5234 2665 5288 ίου
2694 5232 2785 5288 καὶ
2835 5229 3050 5302 ἐνδόξου
3105 5231 3613 5309 Πρωτομάρτυρος,
3643 5233 3733 5289 καὶ

2543 5253 2945 5363 άογιδιακόνου
2978 5302 3277 5363 Στεφάνου.

2589 5303 2945 5382 ρχιδιακόνου
2978 5302 3277 5381 Στεφάνου.

2156 5393 2425 5473 Στέφανος
2448 5398 2476 5451 ὁ
2498 5392 2900 5471 πρωτομάρτυς
2929 5392 3136 5467 ἐγένετο
3164 5393 3416 5465 μαθητὴς
3438 5397 3549 5449 τῶν
3575 5393 3746 5470 ἁγίων

2077 5483 2424 5541 ἀποστόλων·
2457 5484 2592 5559 μετὰ
2623 5481 2681 5539 δὲ
2707 5484 2825 5551 τῆν’
2854 5478 3131 5554 ἀνάληψιν
3185 5484 3283 5535 toﬁ
3340 5483 3547 5557 Κυρίου
3578 5484 3743 5556 ἡμῶν

2079 5577 2263 5647 Ἰησοῦ
2311 5578 2574 5649 Χριστοῦ,
2642 5570 3044 5648 προεχειρίσθη
3099 5571 3234 5642 μετά
3293 5570 3383 5626 καὶ
3440 5569 3630 5629 ἄλλων
3662 5567 3741 5644 ἕξ,

2077 5665 2157 5727 εἰς
2213 5665 2277 5720 τὸ
2337 5662 2608 5719 διασοοεῖν
2658 5667 2775 5723 τοῖς
2841 5663 3059 5720 πιστοῖς
3112 5657 3166 5714 ἐν
3221 5663 3343 5721 ταῖς
3417 5663 3737 5735 τραπέζαις.

2075 5755 2364 5832 Ὑπάρχων
2450 5753 2509 5810 δὲ
2565 5753 2788 5827 πλήρης
2847 5749 3102 5821 πίστεως,
3146 5750 3236 5806 καὶ
3288 5751 3501 5830 σοφίας,
3559 5754 3734 5809 ἐποίει

319 5564 549 5621 sionem
582 5570 893 5629 ordinatus
922 5581 1011 5631 est
1028 5592 1163 5631 cum
1184 5576 1320 5631 aliis
1352 5592 1473 5645 sex,
1496 5584 1563 5633 ut
1591 5578 1869 5634 fidelibus
1894 5580 1969 5636 ad

316 5667 554 5711 mensas
583 5660 969 5722 ministraret.
1002 5669 1144 5720 Cum
1175 5671 1334 5721 esset
1357 5671 1557 5722 autem
1605 5668 1818 5740 plenus
1851 5668 1967 5725 fide

318 5746 377 5796 et
411 5745 722 5820 sapientia,
750 5752 1010 5811 faciebat
1038 5755 1307 5829 prodigia
1336 5761 1395 5812 et
1424 5758 1592 5830 signa
1642 5776 1859 5833 magna
1903 5761 1966 5815 in
