4124 6446
322 393 444 457 229

1845 399 2291 469 DECEMBER.

3671 440 3791 500 230

340 528 548 597 σημεῖα
604 523 704 580 καὶ
762 523 971 605 τέρατα
1029 525 1250 605 μεγάλα
1305 528 1358 585 ἐν
1412 534 1493 603 τῷ
1551 531 1683 604 λεῷ,
1758 528 2013 588 διδάσκωι

367 613 557 641 _.’,_-_‘.-
589 614 684 641 ---ἓ
755 614 805 641 -.2
824 638 863 641 ,η
891 616 978 641 ~_.\
1002 615 1165 641 .v1_s_.
1197 639 1210 641 _
1236 637 1251 641 Α
1304 616 1366 641 _.‘.
1430 617 1549 641 _--\
1614 623 1701 641 ξίν
1766 623 1811 641 υ
1834 640 1839 641 ,
1960 624 2004 641 ,~

2146 540 2387 641 populo,
2440 545 2662 606 docens
2720 568 2841 622 eos,
2898 560 2958 611 et
3011 557 3310 617 Christum
3368 568 3792 641 evangelizans.

362 613 559 677 αὐτοὺς
589 614 689 670 καὶ
752 614 1251 693 εὐαγγελιζόμενος
1302 616 1369 672 τὰ
1425 617 1550 694 περὶ
1608 623 1705 674 τοῦ
1765 623 2026 695 Χριστοῦ.

354 704 658 777 Γενομένης
722 702 785 761 δὲ
837 707 1126 778 ζητήσεως
1179 707 1327 782 παρά
1380 711 1490 762 τῶν
1548 703 1880 785 Λιϐερτίνων
1938 711 2029 765 καὶ

349 798 453 850 τῦιν
534 791 904 869 Κυρηναίων,
992 796 1320 866 συνέστησαν
1376 793 1468 850 ἐπὶ
1530 795 1806 873 Στεφάνῳ,
1861 802 2027 868 συζη-

368 888 569 944 τοῦντες
625 881 804 956 αὐτῷ’
865 884 956 938 καὶ
1018 884 1348 957 νικηθέντες,
1433 883 1776 961 ὠργίσθησαν
1842 884 2029 943 διαλε-

364 973 573 1047 χθέντος
603 972 699 1026 καὶ
763 970 1085 1046 διδάξαντος
1139 978 1237 1028 τοῦ
1298 971 1456 1049 ἁγίου
1504 976 1784 1052 Στεφάνου
1840 975 2028 1032 πολλὰ

364 1062 464 1117 ἀπὸ
504 1066 616 1116 τῶν
676 1061 846 1126 θείων
896 1066 1148 1140 Γραφῶν.
1203 1063 1308 1121 Καὶ
1372 1061 1736 1138 θυμωθέντες,
1790 1062 2025 1141 ἤρξαντο

351 1152 547 1228 τρίζειν
575 1152 709 1215 τοὺς
771 1149 1025 1224 ὀδόντας,
1081 1152 1172 1208 καὶ
1231 1148 1545 1210 λιθοϐολεῖν
1604 1154 1788 1215 αὐτόν.
1848 1157 1909 1214 Ὁ
1967 1154 2026 1212 δὲ

350 1236 864 1316 λιθοϐολούμενυς,
897 1244 1010 1306 θεὶς
1038 1242 1107 1297 τὰ
1134 1241 1354 1317 γόνατα,
1412 1243 1770 1320 προσηύχετο
1818 1242 2019 1321 λέγων⁸

349 1330 544 1407 Κύριε,
609 1333 687 1405 μή
745 1333 954 1406 στήσῃς
1012 1331 1198 1394 αὐτοῖς
1250 1332 1352 1402 τήν
1439 1332 1710 1408 ἁμαρτίαν
1794 1334 2019 1407 ταύτην.

344 1420 451 1477 Καὶ
487 1423 655 1476 τοῦτο
693 1419 887 1490 εἰπὼν,
944 1416 1053 1475 εἶδε
1118 1420 1485 1496 σχιζομένους
1539 1420 1671 1485 τοὺς
1727 1421 2018 1499 οὐρανοὺς,

2142 626 2318 728 Facta
2347 640 2547 692 autem
2581 655 2616 694 a
2646 640 2983 716 Libertinis,
3045 653 3103 703 et
3150 626 3588 722 Cyrenensibus
3627 626 3793 731 quas;

2142 716 2358 789 stione,
2392 729 2836 818 cpnstituerunt
2866 716 3254 807 Stephanum,
3307 748 3365 798 et
3410 716 3795 818 disputabant

2140 822 2274 862 cum
2298 825 2387 865 eo.
2409 813 2521 869 Sed
2544 817 2615 872 ab
2641 836 2710 874 eo
2731 821 2890 891 victi,
2916 825 2977 879 in
3006 826 3269 886 furorem
3292 833 3407 887 acti
3439 813 3597 905 sunt,
3632 840 3791 910 quod

2141 911 2242 953 eos
2261 901 2684 977 redarguisset,
2714 917 2774 966 et
2792 913 2989 969 allatis
3015 934 3318 976 sacrarum
3352 901 3790 996 Scripturarum

2139 988 2502 1084 testimoniis
2535 1001 2904 1058 convicisset.
2936 1005 3261 1065 Stridentes
3290 988 3498 1084 itaque
3514 1015 3795 1075 dentibus

2137 1075 2198 1130 in
2233 1094 2391 1177 eum,
2426 1083 2658 1177 lapides
2680 1090 3009 1162 jaciebant.
3032 1098 3224 1153 Atille
3246 1117 3380 1157 cum
3394 1075 3789 1177 lapidaretur,

2132 1167 2346 1263 positis
2375 1174 2629 1244 genibus
2654 1180 2882 1251 orabat,
2913 1182 3120 1241 dicens
3147 1203 3160 1241 :
3191 1188 3436 1263 Domine,
3460 1167 3549 1249 ,ηε
3574 1167 3789 1253 statuas

2132 1253 2248 1350 illis
2276 1257 2379 1314 hoc
2398 1271 2712 1331 peccatum.
2743 1270 2815 1325 Et
2843 1288 2975 1328 cum
3010 1274 3122 1331 hoc
3168 1253 3435 1350 dixisset,
3481 1283 3628 1340 vidit
3672 1303 3791 1343 cce-

2130 1341 2222 1434 los
2242 1355 2501 1421 apertos,
2526 1359 2587 1410 et
2613 1356 2827 1415 Filium
2852 1362 2955 1416 Dei
2988 1369 3243 1422 stantem
3266 1385 3301 1424 a
3320 1341 3542 1428 dextris
3562 1341 3793 1434 virtutis

2130 1432 2342 1507 Patris,
2378 1445 2436 1495 et
2463 1459 2524 1498 se
2555 1449 3017 1519 compellantem
3042 1470 3055 1509 :
3089 1460 3268 1527 atque
3296 1459 3380 1515 ita
3402 1461 3682 1524 decesait.

337 1512 433 1567 ναὶ
494 1512 592 1565 τὸν
648 1511 772 1565 mw
830 1513 933 1566 τοῦ
992 1514 1129 1566 Θεοῦ
1186 1511 1399 1567 ἑστῶτα
1455 1511 1516 1566 ἐκ
1573 1508 1762 1584 δεξιῶν
1819 1520 1925 1583 τῆς
1978 1513 2261 1593 δυνάμεως
2316 1531 2414 1581 τοῦ
2471 1534 2706 1609 Πατρὸς,
2758 1538 2848 1594 καὶ
2902 1508 3389 1618 προσκαλούμενον
3457 1550 3638 1621 αὐτὸν,
3698 1555 3787 1608 καὶ

383 1598 409 1619 ιι
557 1599 574 1621 Ί
646 1599 701 1621 ἵε
757 1600 811 1621 '-

354 1598 525 1662 οῦτως
555 1599 877 1672 ἐτελειώθη.

909 1700 1062 1757 MHN
1072 1699 1093 1755 Ι
1132 1701 1225 1757 ΤΩ
1263 1701 1463 1757 ΑΥΤΩ.

1130 1789 1241 1845 KH’

367 1875 628 1947 Ἀθλησις
682 1880 784 1932 τοῦ
849 1874 1002 1931 ὁσίου
1056 1876 1301 1956 ματρὸς*
1326 1878 1487 1950 ἡμῶν
1571 1874 1860 1956 Θεοδώρου
1924 1884 2022 1935 τοῦ

1056 1952 1327 2023 Γραπτοῦ.

423 2038 600 2098 Οὗτος
632 2035 849 2113 ἐγένετο
910 2036 1017 2091 ἀπὸ
1069 2035 1267 2110 Συρίας
1321 2037 1459 2110 μετᾶ
1496 2042 1593 2092 τοῦ
1641 2037 1882 2113 ἀδελφοῦ
1923 2040 2022 2095 αύ-

349 2130 451 2180 τοῦ
477 2126 790 2204 Θεοφάνους
820 2130 920 2180 τοῦ
979 2128 1218 2195 ποιητοῦ
1277 2129 1387 2180 τῶν
1443 2126 1707 2186 κανόνων.
1765 2130 2022 2195 Μονάσας

348 2215 406 2272 δὲ
434 2218 705 2291 πρότερον
737 2219 789 2273 ἐν
816 2222 887 2292 τῇ
918 2216 1097 2292 λαύρα
1124 2222 1223 2273 τοῦ
1273 2217 1428 2292 ἁγίου
1482 2213 1654 2287 Σάϐα,
1696 2220 1786 2276 καὶ
1830 2221 2020 2279 πολλά

346 2311 763 2386 ἀγωνισάμενος
819 2309 896 2373 εἷς
950 2311 1171 2386 ἀρετὴν,
1230 2309 1452 2385 ὕστερον
1510 2311 1679 2381 ἦλθεν
1754 2313 1806 2369 ἐν
1859 2321 2016 2371 Κων-

347 2397 800 2455 σταντινουπόλει
832 2397 918 2454 ἐπὶ
949 2404 1050 2469 τῆς
1085 2398 1363 2475 βασιλείας
1389 2397 1660 2478 Θεοφίλου
1704 2406 1803 2457 τοῦ
1853 2403 2017 2460 Εἰκο-

354 2488 638 2564 νομάχου.
670 2487 779 2545 Καὶ
837 2489 1294 2564 καταναγκασθεὶς
1336 2489 1661 2562 ἆρνήσασεαι
1709 2491 1809 2561 τήν
1853 2513 2019 2570 προσ-

346 2581 582 2652 κύνησιν
642 2586 755 2637 τῶν
808 2581 977 2657 ἁγίων
1031 2581 1279 2656 εἰκόνων,
1336 2582 1425 2638 καὶ
1483 2585 1559 2657 μή
1619 2585 1877 2655 πεισθεὶς,
1936 2589 2014 2650 εἷς

340 2670 560 2746 ἐξορίαν
623 2670 981 2744 ἐκπέμπεται,
1066 2669 1332 2746 πρότερον
1409 2674 1851 2748 κατακεντηθείς,
1923 2677 2015 2732 καὶ

334 2764 715 2841 καταγραφείς
741 2764 805 2819 τὸ
834 2764 1025 2838 τίμιον
1081 2763 1248 2819 αύτσῦ
1295 2763 1592 2839 πρόσωπον
1641 2763 1732 2821 διὰ
1781 2767 2017 2843 βελόνης

331 2858 423 2912 καὶ
460 2855 730 2930 μέλανος,
774 2856 866 2912 καὶ
926 2855 1002 2920 ὡς
1058 2858 1137 2921 εἷς
1192 2860 1299 2912 τῶν
1360 2859 1679 2934 κακούργων
1733 2859 1822 2914 καὶ
1882 2881 2014 2936 φευ-

336 2948 551 3022 γόντων
619 2943 842 3001 δούλων
900 2939 1305 3022 καθυϐρισθείς·
1368 2942 1511 3000 διότι
1569 2945 2013 3024 ἐπαρρησιάσατο

344 3035 478 3108 ὑπὲρ
502 3038 600 3090 τοῦ
632 3032 874 3103 δικαίου,
904 3032 994 3088 καὶ
1039 3032 1144 3088 οὐκ
1190 3032 1459 3105 ἠθέλησεν
1517 3034 1849 3110 ἀρνήσασθαι
1905 3039 2005 3107 τήν

347 3125 657 3199 τιμὴν,καὶ
717 3123 781 3179 τὸ
829 3119 997 3187 σέϐας
1051 3128 1161 3179 τῶν
1220 3123 1393 3200 ἁγίων
1445 3123 1537 3180 καί
1596 3131 1803 3182 σεπτῶν
1861 3128 2005 3183 εἰκό-

336 3213 643 3271 νων’ἆλλᾶ
676 3215 847 3291 μέχρι
904 3212 1101 3277 τέλους
1160 3215 1467 3285 ἆνειστῆναι
1528 3215 1660 3292 ὑπὲρ
1714 3223 1817 3287 τῆς
1874 3219 2009 3290 ἀλη-

333 3312 494 3376 θινῆς
522 3305 861 3381 ὁμολογίας.
895 3306 981 3361 Ἐν
1036 3306 1097 3360 τὲ
1142 3312 1210 3376 τῆ
1263 3304 1445 3380 ἐξορίᾳ
1492 3307 1764 3380 ἀπελθὼν,
1820 3308 2007 3367 πολλὰ

331 3395 505 3451 πάλιν
538 3395 953 3470 ἀγωνισάμενος
983 3394 1074 3450 καὶ
1108 3393 1360 3458 πολλοὺς
1390 3399 1498 3452 τῶν
1530 3395 1837 3473 ὀρθοδόξων
1880 3421 2005 3472 στη-

343 3486 517 3560 ρὶξας,
544 3488 683 3562 πρὸς
713 3486 910 3562 Κυρίον
942 3482 1298 3558 ἐξεδήμησεν.

937 3578 1019 3649 Τῇ
1051 3574 1190 3650 αὖτῇ
1221 3574 1404 3653 ἡμέρᾳ

358 3664 572 3736 κνήμη
623 3670 713 3720 τοῦ
768 3663 924 3746 ὁσίου
984 3664 1198 3746 ῌατρὸς
1254 3668 1414 3739 ἡμῶν
1475 3665 1765 3746 Θεοδώρου
1814 3670 2009 3746 ἀρχιε-

699 3736 968 3793 πισκόπου
999 3736 1656 3803 Κωνσταντινουπόλεως.

421 3897 597 3958 Οὗτος
655 3899 876 3975 ὑπῆρχε
942 3902 1043 3968 τῆς
1132 3898 1299 3971 αὐτῆς
1373 3901 2005 3967 Κωνσταντινουπόλεως

336 3990 433 4045 καὶ
459 3990 728 4067 γέννημα,
759 3992 849 4047 καὶ
880 3993 1121 4066 θρέμμα.
1187 3992 1429 4068 Ἐγένετο
1485 3990 1544 4048 δὲ
1591 3995 1859 4071 πρότερον
1918 3994 2009 4051 διὰ

336 4081 443 4148 τήν
503 4077 794 4135 εὐλάϐειαν
853 4080 1020 4136 αὐτοῦ
1071 4075 1440 4156 πρεσϐύτερος
1520 4090 1619 4153 τῆς
1693 4084 2010 4159 ἁγιωτάτης

340 4169 613 4245 Μεγάλης
645 4172 999 4243 Ἑκκλησίας’
1033 4171 1096 4227 ού
1133 4173 1298 4245 μόνον
1327 4168 1385 4228 δὲ
1417 4169 1806 4251 πρεσϐύτερος,
1860 4175 2009 4233 ἀλλά

338 4258 432 4314 καὶ
464 4259 800 4335 συγκελλος,
831 4262 923 4316 καὶ
982 4260 1338 4334 σκευοφύλαξ.
1399 4263 1673 4319 Τοσοῦτον
1732 4266 1835 4340 γὰρ
1889 4264 2007 4321 ἐτι-

337 4353 483 4419 μᾶτο
542 4349 696 4423 παρᾶ
738 4370 797 4404 τε
852 4354 969 4412 τοῖς
1025 4348 1330 4426 βασιλεῦσι,
1379 4351 1468 4406 καὶ
1528 4356 1608 4424 τῷ
1661 4355 2006 4430 πατριάρχῃ,

2050 1715 2102 1779 Β

2692 1726 2933 1784 EODEM
2968 1732 3221 1788 MENSE.

2635 1815 2738 1870 Die
2769 1818 3053 1877 vicesima
3084 1827 3292 1880 octava

2132 1893 2225 1950 6|
2262 1896 2542 1958 Certamen
2571 1911 2748 1963 sancti
2776 1910 2958 1967 Patris
2987 1915 3164 1970 nostri
3204 1916 3474 1973 Theodori
3530 1922 3785 1993 Graptaz.

2202 2059 2307 2114 Hic
2334 2061 2447 2117 fuit
2475 2081 2546 2119 ex
2578 2067 2744 2138 Syria
2768 2087 2887 2127 una
2915 2089 3051 2129 cum
3082 2074 3264 2132 fratre
3297 2096 3403 2134 suo
3434 2081 3790 2154 Theophane

2129 2147 2436 2207 Canonum
2470 2155 2778 2227 scriptore.
2816 2162 2887 2215 Et
2913 2163 3173 2233 primum
3207 2168 3451 2237 quidem
3492 2171 3552 2226 in
3594 2147 3791 2230 -Laura

2130 2239 2318 2294 sancti
2339 2240 2505 2298 Saba-2
2523 2249 2916 2306 monasticam
2939 2253 3121 2308 vitam
3138 2257 3790 2328 amplexus,virtutihus

2128 2328 2470 2388 excolendis
2496 2338 2687 2391 totum
2721 2355 2782 2393 se
2816 2340 3061 2396 addixit.
3113 2345 3340 2401 Deinde
3371 2348 3788 2407 Constantino-

2125 2416 2310 2488 polim
2330 2422 2633 2491 profectus
2657 2427 2984 2501 Theophilo
3005 2432 3401 2492 Iconomacho
3432 2438 3787 2511 imperante,

2125 2521 2260 2561 cum
2284 2515 2625 2569 sanctarum
2648 2516 2976 2589 imaginum
3003 2521 3228 2578 cultum
3249 2524 3481 2596 eju‘rare
3501 2527 3790 2586 detrecta-

2123 2598 2463 2665 ret,acubus
2479 2599 3265 2684 perfossus,atramentoque
3288 2614 3349 2668 in
3362 2614 3511 2671 facie
3524 2623 3784 2687 notatus,

2124 2701 2191 2740 ac
2212 2687 2393 2742 veluti
2428 2690 2732 2749 maleficus
2765 2700 2823 2750 et
2851 2697 3128 2770 fugitivus
3177 2719 3380 2758 servus
3424 2707 3788 2763 contumelia

2123 2776 2391 2867 affectus,
2439 2779 2501 2835 in
2561 2783 2835 2839 exsilium
2877 2787 3132 2858 ejicitur,
3186 2792 3343 2861 quod
3392 2811 3498 2865 pro
3549 2797 3784 2867 justitia

2122 2863 2309 2920 libere
2328 2866 2657 2938 decertans,
2680 2873 2972 2931 honorem
2995 2863 3558 2955 venerationemque
3592 2903 3783 2943 sacra-

2121 2973 2253 3012 rum
2284 2958 2612 3032 imaginum
2647 2962 2941 3035 abnegare
2973 2966 3183 3037 nollet,
3209 2968 3311 3024 sed
3334 2972 3407 3027 ad
3441 2978 3774 3031 extremum

2120 3048 2397 3119 spiritum
2427 3067 2534 3122 pro
2565 3069 2705 3108 vera
2731 3054 3110 3112 confessione
3141 3060 3509 3129 persisteret.
3562 3064 3628 3118 In
3680 3082 3782 3121 ex-

2121 3138 2254 3193 silio
2295 3144 2494 3196 autem
2518 3157 2652 3198 cum
2674 3143 2865 3200 multa
2887 3163 3095 3203 rursus
3119 3151 3447 3208 certamina
3478 3152 3782 3224 subiisset,

2112 3227 2436 3301 pluresque
2469 3231 2936 3290 orthodoxorum
2969 3236 3403 3310 conﬁrmasset,
3457 3242 3530 3297 ad
3576 3243 3777 3298 Domi-

2114 3334 2257 3374 num
2289 3321 2580 3394 migravit.

2767 3593 2988 3650 Eodem
3022 3595 3117 3650 die

2114 3677 2216 3734 62
2276 3679 2732 3737 Commemoratio
2790 3686 2967 3739 sancti
3023 3686 3206 3740 Patris
3257 3684 3438 3740 nostri
3505 3684 3776 3742 Theodori

2416 3751 2819 3825 archiepiscopi
2850 3755 3468 3827 Constantinopolitani.

2187 3921 2290 3976 Hic
2322 3922 2835 3997 Constantinopoli
2867 3931 3043 3983 natus
3071 3932 3128 3982 et
3158 3929 3464 4000 educatus,
3516 3929 3775 4001 primum

2122 4010 2198 4066 ob
2234 4027 2404 4068 suam
2436 4014 2790 4084 probitatem
2822 4017 3155 4091 presbyter,
3188 4020 3516 4091 Syncellus,
3552 4026 3610 4074 et
3639 4021 3778 4076 Sce-

2126 4101 2416 4172 vophylax
2445 4103 2559 4159 fuit
2588 4106 2982 4161 sanctissimae
3013 4124 3242 4181 magna}
3275 4109 3566 4177 ecclesias,
3598 4114 3778 4181 atque

2114 4189 2176 4243 in
2206 4206 2440 4246 summo
2473 4193 2703 4248 honore
2732 4195 2973 4250 habitus
3003 4196 3077 4249 ab
3131 4197 3614 4268 imperatoribus,
3669 4215 3775 4269 pa-

2117 4280 2400 4352 triarcha,
2446 4290 2678 4353 senatu,
2739 4285 3135 4356 universaque
3186 4288 3461 4358 synodo:
3516 4289 3778 4358 prudens

2114 4370 2276 4425 enim
2310 4376 2456 4438 erat,
2492 4373 2754 4444 sapiens,
2788 4373 3321 4445 eleemosynarius,
3384 4377 3777 4447 compatiens,

331 4437 429 4491 καὶ
615 4436 933 4514 συγκλήτῳ,
1017 4438 1107 4495 καὶ
1159 4442 1228 4513 τῇ
1284 4436 1498 4534 συνόδῳ
1553 4442 1723 4534 πάσης
1781 4443 1848 4513 ἦν
1899 4445 2002 4520 γὰρ

2128 4462 2175 4513 at
2203 4459 2424 4527 omnia,
2442 4477 2574 4530 quas
2606 4462 2723 4516 Deo
2746 4461 3005 4532 placent,
3022 4463 3084 4517 in
3108 4463 3302 4534 seipso
3325 4463 3775 4520 circumferens.

332 4529 586 4599 συνετὸς,
635 4530 728 4583 καὶ
778 4531 1099 4604 γνωστικὸς,
1154 4530 1241 4585 καὶ
1294 4528 1573 4604 ἐλεήμων,
1631 4531 1722 4588 καὶ
1775 4553 2002 4606 συμπα-

331 4620 467 4688 θής,
497 4619 591 4673 καὶ
620 4617 798 4674 πάντα
825 4620 892 4675 τὰ
931 4624 1047 4693 Θεῷ
1091 4619 1388 4694 ἀρέσκοντα
1440 4619 1493 4675 ἐν
1541 4621 1717 4694 ἑαυτῷ
1772 4626 2003 4703 περιφέ-

331 4728 474 4783 ρων,
506 4709 606 4763 Διά
633 4712 803 4765 ταῦτα
831 4707 891 4765 δὲ
934 4714 1032 4765 τοῦ
1074 4711 1182 4786 πρὸ
1228 4709 1395 4765 αὐτοῦ
1446 4712 1795 4788 πατριάρχου
1847 4717 2000 4773 Κων-

331 4803 620 4858 σταντίνου
676 4803 1128 4875 τελευτήσαντος,
1182 4806 1353 4881 ψήφῳ
1409 4807 1507 4859 τοῦ
1565 4804 1857 4880 βασιλέως,
1909 4809 2001 4864 καὶ

334 4903 438 4966 τῆς
470 4896 809 4973 συγκλήτου,
855 4896 947 4953 καὶ
1004 4901 1113 4952 τῶν
1169 4895 1502 4967 ἐπισκόπων,
1562 4898 1651 4954 καὶ
1706 4905 1805 4956 τοῦ
1862 4900 2003 4958 λαοῦ

333 4988 555 5056 παντὸς,
589 4987 1013 5065 προχειρίζεται
1056 4985 1408 5063 πατριάρχης
1453 4988 1553 5041 τοῦ
1605 4986 1802 5062 θρόνου
1850 4996 1999 5046 Κων-

333 5073 868 5136 σταντινουπόλεως.
906 5072 1011 5130 Καὶ
1059 5071 1247 5134 καλῶς
1303 5070 1581 5144 ποιμάνας
1632 5073 1697 5127 τὸ
1746 5073 2002 5148 ποίμνιον

2112 4549 2511 4613 Quamobrem
2579 4550 2860 4607 defuncto
2946 4553 3333 4609 Constantino
3412 4554 3773 4626 patriarcha,

2112 4637 2411 4711 suffragiis
2441 4639 2843 4711 imperatoris,
2902 4647 3167 4711 senatus,
3216 4647 3274 4698 et
3329 4643 3775 4715 episcoporum,

2113 4727 2415 4799 totiusque
2445 4730 2673 4802 populi,
2704 4731 3017 4788 ordinatur
3046 4733 3243 4788 throni
3273 4733 3774 4806 ConstantinOpo-

2112 4815 2283 4871 litani
2313 4817 2672 4889 patriarcha.
2705 4821 2972 4892 Cumque
3031 4838 3270 4895 gregem
3328 4839 3499 4879 suum
3552 4823 3775 4894 optime

2111 4904 2524 4977 gubernasset,
2547 4913 2935 4981 sanctamque
2950 4910 3264 4967 ecclesiam
3286 4911 3613 4968 orthodoxe
3634 4912 3776 4967 reli-

2110 4994 2392 5067 gioseque
2414 4997 2586 5052 annis
2609 4997 2841 5054 duobus
2863 5015 2931 5055 ac
2951 5000 3260 5056 mensibus
3282 5000 3475 5057 tribus
3494 5000 3767 5069 rexisset,

2111 5083 2385 5157 migravit
2413 5086 2488 5142 ad
2518 5087 2858 5143 Dominum.

332 5162 517 5234 αὐτοῦ,
547 5163 644 5220 καὶ
672 5158 1022 5240 κυϐερνήσας
1046 5162 1147 5231 τήν
1178 5160 1356 5236 ἁγίαν.
1391 5157 1718 5232 Ἐκκλησίαν
1754 5162 2057 5238 ὀρθοδόξως
2104 5171 2195 5226 καὶ
2241 5174 2544 5248 θεαρὲστως
2594 5174 2683 5230 ἐπὶ
2733 5172 2825 5245 ἔτη
2870 5173 2988 5249 δύο,
3037 5179 3125 5234 καὶ
3189 5182 3365 5252 μῆνας
3415 5183 3587 5254 τρεῖς,
3631 5177 3771 5251 πρὸς

329 5252 528 5331 Κύριον
559 5251 717 5327 έξεδή
723 5274 926 5329 μησεν.

925 5354 1010 5425 Τῆ
1044 5346 1180 5424 “ima
1206 5350 1390 5425 ἡμέρᾳ

392 5446 650 5522 ’Λθλήσις
681 5451 799 5504 τῶν
830 5441 1011 5519 ἁγίων
1046 5438 1336 5516 μαρτύρων
1355 5436 1532 5510 Ἰνδη,
1564 5441 1651 5495 καὶ
1688 5439 1924 5515 Δόμνας.

369 5638 434 5697 Ἡ
485 5639 710 5718 μάρτυς
777 5630 1016 5726 A695”:-
1048 5622 1296 5726 ὑῆρχεν
1355 5621 1844 5726 ἐπὶΜαξιμιφοξὶ
1898 5633 1998 5726 τοῦ

281 5708 645 5808 βασιλέωςΙέν
713 5724 899 5782 πόλει
964 5708 1371 5785 Νικομηδείας,
1423 5712 1596 5787 ἱέρεια
1658 5718 1757 5769 τοῦ
1812 5714 1865 5770 ἐν
1920 5722 2001 5791 τῷ

2767 5366 2990 5423 Eodem
3024 5368 3121 5423 die

2111 5451 2212 5505 68
2297 5455 2584 5510 Certamen
2666 5462 2981 5511 sanctorum
3056 5463 3364 5526 martyrum
3462 5456 3636 5521 Indis,
3717 5462 3771 5511 et

2815 5528 3066 5585 Damna.

2183 5631 2415 5689 Domna
2442 5638 2688 5706 martyr,
2720 5634 3073 5691 Maximiano
3103 5633 3483 5704 imperatore,
3532 5633 3593 5688 in
3622 5633 3770 5691 urbe

2114 5720 2465 5778 Nicomedia
2494 5722 2623 5792 fuit,
2655 5720 2932 5777 sacerdos
2963 5721 3275 5776 duodecim
3291 5719 3537 5777 deorum
3571 5721 3631 5777 in
3662 5725 3770 5780 Pa-
