4124 6462
450 408 563 471 231

1739 410 2180 472 MENOLOGII
2221 409 2432 472 PARS
2476 408 2557 469 II.

3758 414 3877 475 232

454 542 739 599 latio.Sed
760 559 896 599 cum
916 542 1065 599 forte
1086 544 1147 599 in
1171 546 1317 601 Acta
1338 549 1680 601 sanctorum
1696 546 2082 618 apostolorun

2214 538 2468 612 παλατίῳ
2527 538 2888 605 δωδεκαθέου.
2948 542 3291 617 Ἐνὸυχοῦσα
3349 539 3407 597 δὲ
3462 546 3583 608 ταῖς
3644 546 3878 620 Πράξεσι

455 640 513 689 et
535 636 723 690 sancti
750 636 913 691 Pauli
935 634 1228 706 Epistolas
1252 636 1587 706 incidisset,
1617 652 1822 692 earum
1847 636 2106 691 lectione

453 724 654 779 animo
679 725 1357 796 illuminata,veramque
1382 725 1561 781 fidem
1587 726 1915 789 discens,in
1938 726 2107 781 Chri-

451 818 608 867 stum
639 814 913 883 credidit,
949 820 1007 868 et
1063 832 1097 869 a
1145 815 1365 887 Cyrillo
1415 815 1773 871 Nicomediae
1827 817 2104 888 episcopo

448 901 737 973 baptizata
754 903 887 973 fuit,
912 921 1031 959 una
1054 921 1189 959 cum
1217 905 1360 960 lude
1384 906 1680 973 eunucho,
1707 910 1767 960 et
1787 906 1922 961 aliis
1943 922 2102 960 com-

446 991 737 1061 pluribus.
771 994 916 1047 Tum
941 1010 1077 1048 vero
1101 994 1148 1048 si
1182 994 1326 1065 quid
1350 1012 1384 1049 a
1413 994 1631 1050 Palatio
1658 994 2007 1066 accipiebat,
2040 994 2103 1048 in

443 1096 737 1151 pauperes
756 1081 908 1137 illud
934 1099 1174 1154 erogare
1199 1084 1395 1155 cmpit.
1421 1084 1587 1149 Quod
1610 1102 1746 1140 cum
1768 1084 2106 1139 rescivisset

445 1170 856 1225 eunuchorum
883 1172 1185 1244 princeps,
1246 1173 1700 1245 accingeretque
1747 1189 1810 1228 se
1857 1172 1929 1227 ad
1969 1188 2100 1227 eam

443 1259 1169 1329 torquendam,simulavit
1194 1262 1297 1318 illa
1314 1262 2101 1328 dementiam.Quamobrem

441 1351 507 1401 ut
545 1356 881 1415 sanaretur,
914 1351 1099 1407 missa
1147 1358 1237 1407 est
1289 1355 1363 1407 ad
1418 1353 1786 1423 episcopum,
1843 1358 1902 1407 et
1946 1352 2104 1406 inter

439 1436 810 1493 Christianos
845 1426 1209 1495 versabatur.
1245 1441 1356 1496 Sed
1406 1441 1796 1497 Maximianus
1827 1458 1862 1496 a
1891 1442 2101 1497 castris

441 1541 731 1595 reversus,
766 1534 1265 1600 percontatusque
1330 1530 1402 1586 de
1451 1530 1699 1597 Domna,
1751 1548 1885 1585 cum
1933 1530 2135 1587 illam.

442 1630 563 1670 non
581 1617 921 1687 reperisset,
946 1619 1033 1673 ira
1046 1618 1506 1691 excandescens,
1532 1620 1716 1691 jussit
1732 1621 2098 1675 Christianos

440 1723 647 1761 omnes
670 1708 948 1762 interﬁci.
981 1711 1142 1764 Tunc
1183 1715 1387 1765 sancta
1418 1711 1643 1766 Damna
1672 1716 1908 1782 sumpto
1940 1711 2094 1765 virili

438 1794 668 1863 habitu,
724 1797 1074 1853 Sanctorum
1108 1798 1393 1870 reliquias
1426 1805 1607 1854 noctu
1633 1799 1895 1855 sublatas
1927 1818 2097 1871 sepe-

436 1883 641 1940 liebat.
676 1886 925 1941 Demum
958 1887 1159 1955 agnita
1189 1888 1380 1959 capite
1411 1888 1586 1959 plexa
1614 1888 1745 1943 fuit.

1087 2116 1310 2173 Eodem
1341 2117 1437 2173 die

434 2263 537 2316 64
572 2262 856 2316 Certamen
899 2268 1215 2317 sanctorum
1242 2265 1447 2332 viginti
1492 2263 1730 2318 millium
1760 2270 2086 2333 martyrum.

504 2404 892 2461 Maximianus
923 2404 1270 2478 imperator,
1304 2407 1575 2463 confecto
1605 2408 1882 2480 feliciter,
1931 2408 2091 2481 quod

430 2495 711 2551 adversus
738 2497 1039 2569 Aithiopes
1068 2502 1354 2569 gesserat,
1386 2498 1569 2567 bello,
1600 2499 1806 2555 volens
1834 2500 2091 2572 epinicia

428 2585 605 2640 idolis
636 2586 960 2655 celebrare,
985 2586 1188 2655 edixit,
1209 2592 1271 2642 ut
1294 2588 1693 2660 undequaque
1712 2606 1920 2646 omnes
1946 2607 2087 2646 con-

427 2673 717 2742 venirent,
752 2674 913 2729 idola
941 2674 1262 2730 adoraturi.
1321 2677 1465 2732 Cum
1514 2683 1715 2733 autem
1763 2679 1825 2733 in
1885 2684 2087 2734 sancto

429 2763 649 2818 Natalis
680 2763 896 2818 Christi
928 2763 1079 2818 festo
1113 2764 1366 2820 ecclesia
1395 2766 1866 2822 Christianorum
1910 2768 2090 2839 plena

434 2851 655 2922 populo
681 2857 855 2919 esset,
875 2869 1108 2907 summa
1129 2870 1260 2908 cum
1278 2853 1487 2910 laetitia
1504 2855 1723 2911 festum
1746 2856 1905 2911 diem
1920 2857 2089 2911 Chri-

428 2940 606 2994 stiani
639 2940 1045 3009 celebrabant,
1080 2958 1189 2997 nec
1234 2943 1435 2999 induci
1489 2951 1783 3015 poterant,
1835 2951 1901 3000 ut
1948 2946 2085 3000 inde

425 3031 676 3099 exirent,
710 3037 770 3087 et
798 3032 1035 3104 impura
1086 3034 1382 3091 daemonia
1430 3036 1716 3092 colerent.
1768 3036 1934 3102 Quod
1982 3037 2082 3092 ubi

426 3120 664 3175 rescivit
693 3122 1104 3189 Maximianus,
1138 3125 1443 3195 praecepit,
1474 3130 1539 3180 ut
1580 3127 1739 3181 circa
1770 3126 2083 3181 ecclesiam

424 3210 698 3280 apposita
720 3210 1122 3281 undequaque
1146 3220 1462 3290 sarmenta.
1477 3216 1991 3284 comburerentur,
2026 3222 2085 3271 et

2121 1917 2170 1982 B

2212 632 2321 684 τῶν
2369 628 2540 704 ἁγίων
2600 628 2982 699 Ἀποστόλων,
3042 631 3134 685 καὶ
3190 635 3309 693 ταῖς
3368 630 3724 695 Ἐπιστολαῖς
3777 638 3878 689 τοῦ

2213 719 2370 793 ἁγίου
2402 717 2654 788 Παύλου,
2718 718 2807 775 καί
2867 721 2995 793 παρ’
3062 720 3239 775 αὐτῶν
3297 721 3397 789 τὴν
3456 724 3643 798 ψυχὴν
3701 739 3878 797 φωτι-

2214 809 2420 878 σθεῖσα,
2451 808 2540 862 καὶ
2571 808 2670 877 τὴν
2705 806 2887 879 ἂληθῆ
2920 809 3101 863 πίστιν
3161 814 3428 882 μαθοῦσα,
3485 810 3764 867 ἐπίστευσε
3791 816 3876 885 τῷ

2210 896 2446 970 Χριστῴ-
2492 897 2584 952 καὶ
2647 897 2961 972 βαπτίζεται
3018 898 3166 973 παρὰ
3226 897 3513 973 Κυρίλλου
3569 899 3876 956 ἐπισκόπου

2212 984 2610 1059 Νικομηδείας,
2636 989 2749 1059 ἅμα
2779 983 2928 1061 Ἵνδῃ
2959 991 3038 1058 τῷ
3069 986 3342 1062 εὑνούχῳ,
3375 986 3467 1042 καὶ
3499 986 3694 1052 ἄλλοις
3726 989 3881 1046 πολ-

2212 1073 2355 1136 λοῖς.
2390 1076 2491 1131 Καὶ
2526 1076 2633 1130 ἀπὸ
2682 1076 2809 1130 τότε
2856 1074 2910 1130 εἷ’
2949 1096 3002 1130 τι
3055 1072 3360 1150 ἐλάμϐανεν
3415 1076 3522 1132 ἀπὸ
3576 1078 3878 1149 παλατίου,

2208 1160 2388 1218 ἐδίδου
2448 1169 2564 1227 τοῖς
2622 1170 2897 1240 πτωχοῖς.
2987 1171 3393 1239 Διαγνωσθεῖσα
3450 1163 3508 1222 δὲ
3573 1168 3720 1245 παρᾶ
3772 1171 3880 1224 τοῦ

2207 1252 2640 1330 ἆρχιευνούχου,
2727 1254 2817 1309 καί
2901 1252 3184 1328 μέλλαυσα
3266 1262 3649 1331 τιμωρεῖσθαι,
3732 1256 3877 1332 πρὲ-

2209 1342 2495 1415 εφασίσατο
2580 1344 3026 1422 παραφροσύνην,
3110 1344 3203 1399 καὶ
3288 1344 3568 1418 ἀπεστάλη
3643 1346 3720 1410 εἰς
3775 1349 3881 1403 τὸν

2208 1431 2521 1502 ἐπίσκοπον,
2582 1431 2665 1488 ἵνα
2705 1438 3031 1510 θεραπευθῇ·
3090 1434 3180 1489 καὶ
3245 1435 3312 1503 ἦν
3373 1436 3506 1508 μετᾶ
3565 1441 3673 1491 τῶν
3732 1439 3879 1512 Χρι-

2205 1527 2457 1580 στιανῶν.
2489 1524 2552 1580 Ὀ
2584 1520 2642 1579 δέ
2672 1524 3041 1596 Μαξιμιαγὸς,
3103 1524 3442 1601 ὑποστρέψας
3491 1524 3599 1579 ἀπὸ
3645 1531 3742 1580 τοῦ
3772 1547 3881 1582 τα-

2206 1609 2427 1681 ξειδίου,
2484 1611 2666 1683 ἐζήτει
2720 1614 2821 1682 τήν
2882 1613 3118 1686 Δόμναν.
3179 1613 3273 1667 Καὶ
3338 1615 3414 1687 μή
3506 1615 3699 1689 εὑρὼν,
3756 1614 3884 1671 ἐπι-

2202 1702 2430 1775 κράνθη,
2485 1703 2571 1757 καὶ
2659 1703 2983 1778 προσέταξεν
3066 1702 3359 1768 ἀποθανεῖν
3450 1706 3650 1767 πάντας
3730 1704 3873 1770 τοὺς

2203 1791 2585 1866 Χριστιανούς.
2648 1793 2785 1849 Τότε
2845 1795 2879 1862 ἡ
2939 1791 3067 1868 ἁγία
3127 1792 3312 1865 Δὸμνα
3373 1790 3707 1867 ἐνδυσαμένη
3780 1794 3879 1849 ἆν-

2203 1877 2395 1954 ὃρικήν
2435 1880 2638 1949 στολὴν
2692 1880 2886 1944 νυκτὸς
2942 1876 3350 1954 ἀνελαμϐάνετο
3409 1886 3518 1935 τῶν
3579 1881 3745 1957 ἁγίων
3802 1881 3880 1937 τὰ

2203 1969 2459 2044 λείψανα,
2490 1969 2581 2025 καὶ
2613 1965 2827 2027 ἔθαπτε.
2861 1970 2963 2029 Καὶ
2992 1972 3316 2046 γνωσθεῖσα,
3349 1968 3782 2049 ἀπεκεφαλίσθη.

2792 2118 2871 2190 Τῇ
2912 2116 3052 2191 αὐτῇ
3092 2114 3274 2192 ἡμέρᾳ

2373 2258 2645 2331 Ἃθλησις
2670 2264 2780 2315 τῶν
2813 2258 2978 2334 ἁγίων
3012 2257 3325 2334 δυσμυρίων
3364 2258 3677 2335 μαρτύρων.

2274 2405 2618 2477 Μαξιμιανοῦ
2659 2408 2757 2460 τοῦ
2816 2401 3090 2480 βασιλέως
3149 2403 3209 2459 ἐκ
3262 2407 3359 2459 τοῦ
3416 2405 3551 2458 κατὰ
3605 2406 3715 2458 τῶν
3778 2403 3878 2462 Αἷ-

2200 2492 2407 2547 θιόπων
2442 2490 2877 2569 ὑποστρέψαντος
2908 2491 3162 2565 πολέμου
3197 2491 3333 2564 μετᾶ
3362 2490 3543 2561 νίκης,
3577 2490 3667 2545 καὶ
3729 2491 3873 2566 βου-

2200 2581 2441 2653 λομένου
2474 2581 2714 2637 ἐπινίκια
2746 2585 2899 2645 θῦσαι
2930 2585 3046 2642 τοῖς
3079 2577 3357 2650 εἷ’δώΛοις,
3414 2578 3678 2652 ἐμήνυσεν
3725 2600 3876 2634 παν-

2198 2675 2373 2747 ταχοῦ
2413 2668 2690 2735 συνελθεῖν
2751 2670 2988 2733 ἅπαντας
3044 2668 3121 2731 εἷς
3175 2670 3275 2738 τὴν
3332 2668 3699 2744 προσκύνησιν
3753 2672 3872 2723 τῶν

2199 2758 2468 2816 εῗδώλων·
2527 2766 2629 2830 τῆς
2689 2756 2746 2814 δὲ
2828 2757 3123 2830 ἐκκλησίας
3208 2762 3317 2811 τῶν
3377 2761 3712 2833 Χριστιανῶν
3773 2779 3872 2832 γε-

2201 2849 2415 2923 μούσης
2440 2855 2535 2904 τοῦ
2578 2849 2714 2905 λαοῦ
2768 2848 2855 2921 (ἧν
2908 2848 3013 2923 γὰρ
3043 2850 3078 2917 ἡ
3112 2848 3274 2923 ἐορτή
3320 2851 3429 2901 τῶν
3491 2846 3655 2921 ἁγίων
3716 2847 3869 2922 Χρι-

2196 2944 2325 2994 στοῦ
2372 2938 2616 3014 γέννων),
2676 2938 3023 3012 ἑορτάζοντες
3093 2938 3144 2990 οἱ
3202 2936 3548 3011 Χριστιανοὶ,
3606 2932 3858 3010 ἔχαιρον,

2196 3029 2284 3084 καὶ
2348 3029 2447 3083 οὐκ
2505 3028 2832 3098 ἐπεῖσθησαν
2919 3027 3153 3098 ἐξελθεῖν
3211 3034 3311 3096 τῆς
3376 3024 3685 3096 ἐκκλησίας,
3764 3024 3863 3079 καὶ

2196 3125 2574 3193 προσκυνῆσαι
2641 3125 2762 3180 τοῖς
2818 3117 3143 3192 ἀκαθάρτοις
3203 3113 3447 3188 δαίμοσι.
3510 3114 3606 3171 Καὶ
3675 3115 3868 3187 μαθὼν

2192 3214 2356 3265 τοῦτο
2391 3210 2418 3264 ὁ
2450 3208 2807 3282 Μαξιμιανὸς,
2841 3206 3133 3281 προσέταξε
3170 3202 3360 3277 κύκλῳ
3416 3211 3515 3275 τῆς
3564 3202 3871 3275 ἐκκλησίας

424 3298 1216 3368 Christianiconﬂagrarcnt.
1242 3304 1385 3357 Tum
1415 3320 1553 3360 vero
1584 3305 1899 3377 epiSCOpus
1919 3307 2081 3361 Catc.

2198 3306 2419 3368 τεθῆναι
2473 3299 2738 3376 φρύγανα,
2792 3297 2880 3351 καὶ
2970 3295 3287 3373 ἐξαφθῆναι,
3349 3295 3438 3349 καί
3523 3299 3871 3363 κατακαῆναι

428 3386 763 3442 chumenos
794 3405 1002 3443 omnes
1052 3389 1383 3462 baptizavit,
1436 3395 1738 3465 sacrisque
1783 3400 2082 3479 operatus,

420 3477 744 3547 purissima
768 3480 1051 3549 mysteria
1071 3480 1302 3535 cunctis
1329 3483 1619 3553 porrexit:
1646 3490 1823 3555 atque
1847 3485 1928 3539 ita
1941 3477 2080 3539 sub;

415 3567 578 3637 jecto
638 3566 758 3638 igni
817 3567 1127 3623 hominum
1188 3570 1391 3641 viginti
1460 3573 1652 3628 millia
1705 3579 2084 3630 concremata

422 3659 582 3721 sunt,
618 3660 860 3726 exceplo
894 3658 1193 3729 episcopo,
1229 3660 1328 3729 qui
1358 3661 1460 3715 Dei
1492 3661 1784 3717 beneficio
1817 3668 2083 3717 servatus

418 3748 529 3811 est,
561 3749 628 3797 ut
657 3743 805 3799 alios
828 3745 1085 3815 juvaret,
1118 3763 1186 3801 ac
1215 3748 1559 3818 baptizaret.

1074 4066 1295 4123 Eodem
1328 4067 1423 4123 die

424 4181 522 4238 65
560 4181 848 4260 Certamen,
886 4189 1224 4253 sanctorum,
1276 4187 1373 4255 qui
1428 4203 1498 4240 ea:
1541 4193 1677 4241 caztu
1730 4196 1781 4243 et
1825 4206 1895 4244 ea:
1939 4208 2076 4260 rogo

694 4259 1009 4308 sanctorum
1035 4262 1344 4325 martyrum
1372 4261 1786 4328 superfuerunt.

488 4371 622 4425 Haec
653 4387 789 4425 cum
821 4371 1094 4442 impurus
1126 4374 1517 4431 Maximianus
1533 4377 1794 4446 fecisset,
1817 4379 2068 4450 impera-

408 4460 491 4514 vit
520 4465 587 4514 ut
613 4459 654 4514 ii
702 4460 901 4528 etiam,
958 4463 1059 4533 qui
1120 4469 1284 4518 extra
1340 4482 1547 4538 rogum
1603 4467 1820 4538 reliqui
1879 4475 2069 4533 erant,

406 4549 730 4605 Christiani
764 4550 1266 4608 interﬁcerentur.
1299 4554 1483 4627 lgitur
1514 4563 1755 4613 sanctus
1784 4558 1979 4627 Indes,
2014 4565 2072 4613 et

2193 3388 2325 3451 τοὺς
2383 3386 2763 3463 Χριστιανούς.
2828 3386 2929 3442 Καὶ
2986 3385 3223 3446 ἀκούσας
3268 3388 3431 3439 τοῦτο
3473 3384 3500 3437 ὁ
3532 3381 3868 3453 ἐπίσκοπος,

2192 3476 2450 3533 ἐδάπτισε
2479 3479 2682 3540 πάντας
2728 3474 2856 3538 τοὺς
2911 3472 3389 3549 κατηχουμένους·
3451 3476 3540 3527 καὶ
3599 3469 3868 3549 λειτουρ-

2193 3572 2387 3645 γήσας,
2426 3565 2726 3642 μεσέδωκεν
2770 3567 2935 3621 ἅπασι
3000 3568 3107 3618 τῶν
3165 3564 3451 3639 ἀχράντων
3514 3560 3867 3635 μυστηρίων,

2191 3658 2294 3715 Καὶ
2328 3656 2502 3719 οὕτως
2534 3654 2876 3730 ἀναχθέντων
2938 3657 3046 3707 τῶν
3097 3654 3405 3729 φρυγάνων,
3455 3649 3866 3719 ἐτελειώθησαν

2192 3746 2422 3807 ἅπαντες
2455 3743 2748 3818 δυσμύριοι
2784 3739 2952 3804 ὄντες.
2995 3742 3055 3798 Ὁ
3108 3739 3163 3795 δὲ
3212 3740 3506 3801 ἐπίσκοπος
3557 3742 3693 3794 Θεοῦ
3747 3741 3866 3815 χά-

2189 3855 2300 3910 ριτι
2361 3830 2731 3911 διεφυλάχθη,
2815 3832 2903 3887 ἳνα
2970 3830 3059 3885 καὶ
3118 3829 3334 3906 ἐτερους
3392 3827 3680 3907 ὠφελήσῃ,
3764 3828 3868 3883 καὶ

2190 3923 2449 3997 βαπτίσῃ.

2768 4065 2852 4136 Τῇ
2894 4060 3031 4136 αὐτῇ
3062 4060 3246 4137 ἡμέρᾳ

2181 4186 2454 4254 ’Ἀθλησις
2485 4186 2593 4236 τῶν
2627 4179 2738 4254 ὀιπὺ
2763 4186 2863 4248 τῆς
2897 4178 3239 4254 συγκλήτου,
3289 4178 3378 4234 καὶ
3428 4181 3538 4254 τῷν
3587 4170 3690 4248 ἔξω
3739 4185 3861 4249 τῆς

2405 4259 2583 4329 πυρᾶς
2618 4249 3054 4329 ὑπολειφθέντων
3090 4249 3255 4327 ἁγίων
3298 4249 3611 4326 μαρτύρων.

2247 4378 2425 4432 Ταῦτα
2480 4370 2685 4448 πράξας
2745 4371 2772 4425 ὁ
2835 4371 3029 4445 μιαρὸς
3120 4368 3480 4442 Μαξιμιανὸς,
3541 4365 3859 4441 προσέταξε

2177 4462 2427 4525 καὶτοὺς
2453 4457 2556 4532 ἔξω
2603 4466 2703 4530 τῆς
2758 4464 2933 4536 πυρᾶς
2991 4458 3416 4535 ὑπολειφθέντας
3475 4456 3859 4533 Χριστιανοὺς

2178 4555 2523 4632 φονευθῆναι.
2560 4548 2894 4606 Φονεύονται
2928 4547 2985 4603 δὲ
3011 4550 3040 4602 ὁ
3074 4549 3224 4622 ἅγιος
3254 4544 3437 4617 ἰνδης
3491 4546 3583 4602 καὶ
3634 4547 3863 4622 Γοργό-

406 4639 759 4709 Gorgouius,
792 4645 852 4694 et
879 4642 1110 4709 Petrus,
1142 4643 1401 4717 alligatis
1433 4646 1506 4702 ad
1539 4647 1760 4703 collum
1792 4650 1970 4717 saxis,
2001 4649 2061 4703 in

2193 4664 2309 4716 ιιος,
2366 4642 2457 4697 καὶ
2521 4642 2748 4717 Πέτρος,
2808 4638 2988 4702 λίθοις
3041 4634 3449 4713 προοδεθέντες,
3508 4634 3681 4691 καὶέν
3732 4646 3863 4720 Δθοι-

402 4742 566 4782 mare
598 4727 854 4782 demersi
887 4736 1043 4785 sunt.
1071 4733 1267 4788 Zenon
1289 4735 1595 4805 copiarum
1628 4737 1766 4803 dux,
1796 4739 2061 4793 contusis

404 4830 542 4869 saxo
574 4814 764 4870 oculis
793 4833 860 4871 ac
892 4817 1193 4886 dentibus,
1225 4817 1345 4878 una
1375 4841 1508 4879 cum
1559 4826 1853 4881 Dorotheo
1904 4844 2060 4898 pra:-

402 4903 817 4974 posito,capite
838 4906 1147 4976 plectitur;
1165 4912 1501 4968 Mardonius
1526 4914 1645 4985 igni
1667 4915 2060 4983 comburitur;

402 4991 748 5064 Mygdonius
782 4995 842 5048 iu
873 4995 1101 5053 foveam
1134 4998 1402 5071 injicitur
1429 5020 1442 5067 ;
1478 5002 1781 5074 Glycerius
1810 5004 2058 5075 presby-

401 5086 491 5136 ter
508 5081 766 5137 ﬂammis
792 5085 1080 5154 traditur;
1115 5090 1478 5161 Theophilus
1500 5091 1788 5148 diaconus
1810 5095 2060 5164 praecisa

398 5170 603 5243 lingua
634 5172 695 5226 in
727 5189 935 5245 campo
966 5174 1302 5246 lapidatur:
1336 5181 1795 5251 compluresque
1828 5182 1927 5235 alii
1953 5198 2054 5236 eo-

397 5260 530 5315 dem
565 5260 659 5315 die
708 5264 973 5333 martyrii
1037 5282 1317 5323 coronam
1366 5276 1742 5340 acceperunt.
1794 5272 2055 5335 Quorum

398 5350 669 5404 omnium
703 5368 899 5407 sacras
931 5353 1215 5425 reliquias
1248 5357 1307 5411 in
1339 5374 1527 5412 unum
1548 5359 1829 5414 collectas
1853 5366 2057 5415 sancta

395 5439 623 5495 Domna
657 5440 968 5512 sepelivit:
1020 5444 1235 5501 deinde
1287 5448 1515 5518 navigio
1566 5449 1894 5519 impositas,
1946 5450 2052 5504 ho-

393 5532 563 5582 nesto
608 5527 740 5582 loco
793 5528 1191 5587 abscondidit.
1253 5536 1443 5600 Quare
1495 5536 1567 5589 ad
1631 5537 2051 5593 Maximianum

394 5613 610 5683 delata,
647 5615 915 5687 ejusdem
949 5620 1126 5692 jussu
1191 5624 1450 5695 primum
1506 5626 1698 5696 capite
1750 5626 2048 5698 plectitur,

396 5717 533 5759 mox
560 5703 681 5776 igni
713 5707 1099 5767 comburitur.

2171 4733 2347 4806 λάσσῃ
2382 4731 2648 4808 ῥιφέντες.
2686 4731 2747 4786 Ὁ
2805 4726 2864 4783 δὲ
2923 4727 3224 4803 στρατηγὸς
3266 4727 3477 4797 Ζήνων,
3529 4717 3858 4799 συντριϐεὶς

2171 4825 2269 4891 τήν
2304 4819 2426 4895 ὄψιν
2459 4818 2549 4875 καὶ
2575 4817 2703 4881 τοὺς
2735 4815 2959 4878 ὀδόντας
2992 4816 3128 4889 μετὰ
3176 4814 3369 4885 λίθων,
3422 4813 3514 4869 σὺν
3572 4814 3862 4887 Δωροθέῳ

2168 4913 2248 4984 τῷ
2297 4909 2644 4986 πραιποσίτῳ
2701 4908 2800 4977 τὴν
2863 4903 3106 4985 κεφαλὴν
3166 4905 3550 4977 ἀποτέμνεται.
3611 4900 3860 4976 Μαρδό-

2168 5022 2284 5063 νιος
2327 5000 2455 5074 πυρὶ
2513 4997 2788 5075 φλέγεται*
2851 4993 3173 5069 Μυγδώνιος
3230 4993 3304 5055 εἷς
3367 4994 3564 5069 βόθρον
3623 4986 3859 5064 ἐμϐάλ-

2168 5090 2342 5146 λεται·
2401 5087 2699 5162 Γλυκέριος
2761 5088 2789 5141 ὁ
2847 5079 3215 5161 πρεσϐύτερος
3284 5084 3415 5158 πυρὶ
3499 5081 3851 5137 τελειοῦται’

2165 5178 2481 5257 Θεόφιλοςὸ
2513 5174 2765 5237 διάκονος
2815 5177 2916 5251 τὴν
2975 5172 3225 5249 γλῶτταν
3282 5172 3594 5246 ἐκτμηθεὶς,
3643 5168 3695 5224 ἐν
3753 5176 3853 5246 τῷ

2163 5270 2369 5342 κάμπῳ
2401 5261 2802 5331 λιθοϐολεῐται·
2835 5265 2921 5320 καὶ
2955 5260 3132 5338 ἕτεροι
3193 5258 3400 5317 πολλοὶ
3451 5261 3568 5316 κατ’
3615 5258 3849 5332 ἐκείνην

2161 5359 2259 5427 τὴν
2292 5357 2504 5431 ἡμέραν
2551 5356 2642 5410 τὸν
2700 5362 2801 5425 τῆς
2866 5353 3164 5428 μαρτυρίας
3224 5349 3473 5422 ἐδέξαντο
3541 5348 3843 5425 στέφανον.

2160 5446 2383 5503 Τούτων
2446 5447 2661 5500 πάντων
2721 5444 2788 5498 τὰ
2847 5443 2970 5519 ἅγια
3059 5442 3283 5515 λείψανα
3339 5443 3374 5511 ἠ
3434 5439 3557 5512 ἁγία
3643 5438 3850 5510 Δὸμνα

2164 5537 2461 5611 συνάγουσα
2498 5533 2861 5610 ἐνεταφίασεν.
2913 5532 3044 5588 Εἶτα
3094 5528 3147 5585 ἐν
3206 5528 3389 5601 πλοίῳ
3447 5528 3679 5593 ἐνθεῖσα,
3736 5528 3849 5581 καὶ

2159 5627 2212 5682 ἐν
2234 5622 2535 5697 ἐπιτηδείῳ
2564 5623 2816 5700 κρύψασα
2842 5620 3018 5693 τόπῳ,
3053 5615 3321 5690 διεϐλήθη
3360 5622 3439 5690 τῷ
3470 5618 3847 5689 Μαξιμιανῳ,

2158 5717 2249 5773 καὶ
2277 5714 2346 5790 τῇ
2375 5716 2664 5789 προστάξει
2699 5710 2932 5785 ἐκείνου,
2959 5714 3177 5785 πρῶτον
3225 5710 3320 5783 μὲν
3377 5707 3671 5781 ἀπετμήθη
3716 5704 3839 5774 τὴν

2156 5804 2424 5886 κεφαλὴν,
2457 5805 2575 5860 εἶτα
2605 5804 2694 5859 καὶ
2725 5802 2856 5878 πυρὶ
2876 5802 3136 5872 κατεκάη.
