4124 6428
212 450 334 510 333

345 766 412 822 Ἥ
445 765 744 840 ἀναίρεσις
774 770 888 821 τῶν
915 764 969 820 ἐν
999 678 1353 840 τῇΚὲηθλεὶμ
1381 765 1546 842 ἁγίων
1576 764 1816 836 νηπίων.

333 881 646 956 Προστάξας
678 884 710 938 ὁ
745 882 1006 958 βασιλεὺς
1043 888 1152 938 τῶν
1211 881 1493 940 Ἰουδαίων
1522 878 1780 956 Ἢρώδης
1809 883 1928 941 τοῖς

277 975 492 1048 Μάγοις.
564 977 672 1028 τοῦ
756 975 1116 1046 ὑποστρέψαι,
1175 973 1264 1028 καὶ
1349 971 1723 1048 διαναγγεῖλαι
1783 969 1930 1040 αὐτῷ

275 1064 390 1132 περὶ
419 1067 520 1118 τοῦ
551 1061 915 1139 γεννηθέντος
954 1061 1241 1138 βασιλέως,
1275 1063 1332 1118 ὅν
1375 1065 1403 1118 ὁ
1435 1064 1630 1137 ἀστὴρ,
1696 1061 1743 1133 ᾧ
1796 1061 1932 1128 ἡκο-

270 1152 528 1221 λούθουν,
574 1153 837 1224 ἐμήνυεν,
898 1152 1050 1214 ’ὁπως
1123 1150 1216 1206 σὺν
1274 1151 1501 1214 ἐκείνοις
1582 1148 1934 1226 προσκυνήσῃ

268 1243 437 1314 αὐτῷ.
502 1241 610 1298 Καὶ
667 1245 768 1296 τοῦ
825 1241 1067 1314 ἀγγέΛυυ
1123 1240 1373 1304 εἰπόντος
1429 1241 1635 1310 αὐτοῖς,
1686 1239 1763 1312 μή
1814 1236 1936 1290 ἀνα-

269 1333 485 1406 κάμψαι
521 1333 660 1406 πρὸς
682 1327 959 1407 Ἡρώδην,
1009 1331 1156 1388 ἀλλά
1211 1329 1284 1386 δι’
1314 1330 1496 1402 ἄλλης
1529 1328 1660 1385 ὁδοῦ
1709 1328 1932 1401 ἂναχω-

270 1427 438 1494 ρῆσπι
467 1419 547 1482 εἷς
577 1421 679 1489 τήν
714 1421 902 1496 χώραν
941 1423 1140 1478 αὐτῶνθ
1202 1419 1294 1476 καὶ
1349 1423 1513 1474 τοῦτο
1561 1415 1934 1487 ποιησάντων,

273 1509 433 1579 ἰδὼν,
494 1508 582 1564 ὅτι
660 1509 960 1585 ἐνεπαίχθη
1024 1510 1110 1565 ὑπ’
1197 1510 1401 1575 αὐτῶν,
1463 1505 1781 1581 ἐπικράνθη·
1842 1501 1932 1558 καὶ

278 1599 582 1673 ἐψηφίσατο
611 1593 856 1674 ακριϐῶς
887 1600 978 1654 τὸν
1025 1599 1226 1675 χρόνον
1257 1603 1356 1654 τοῦ
1414 1597 1746 1675 φαινομένου
1776 1590 1933 1648 ἀστέο

291 1709 406 1762 ρος.
445 1690 548 1746 Καὶ
605 1687 935 1751 ἀποστείλας
1000 1690 1360 1764 στρατιώτας,
1419 1685 1674 1762 ἐφόνευσε
1731 1681 1936 1746 πάντας

294 1779 417 1839 τοὶις
463 1776 654 1841 παῖδας
681 1777 812 1842 τοὺς
874 1778 925 1834 ἐν
963 1777 1240 1849 Βηθλεέμ,
1292 1777 1399 1832 ἀπὸ
1431 1774 1661 1844 διετοῦς,
1693 1771 1784 1828 καὶ
1839 1793 1933 1826 κα-

293 1870 528 1941 τωτέρω.
555 1872 724 1924 Τοῦτο
759 1869 985 1941 θέμενος
1043 1867 1095 1921 ἐν
1153 1871 1224 1942 τῇ
1265 1864 1496 1937 διανοίᾳ,
1525 1863 1609 1920 ὅτι
1656 1863 1702 1918 εί
1733 1863 1937 1923 πάντας

1727 451 1984 514 DECEM
1996 451 2170 512 BER.

823 587 1010 643 MHNI
1040 585 1126 642 ΤΩ
1155 586 1358 643 ΑΥΤΩ.
1946 607 2002 673 Α

3568 459 3685 519 234

2596 588 2838 645 EODEM
2859 590 3113 647 MENSE.

2559 678 2664 733 Die
2693 679 2974 735 vicesima
3004 696 3163 735 nona

2146 763 2246 818 66
2281 764 2460 821 Caedes
2523 775 2839 824 sanctorum
2898 769 3202 838 infantium
3243 770 3579 825 Bethlchem.

2109 879 2253 935 Cum
2290 882 2550 939 Herodes
2579 885 2917 941 Judmorum
2951 904 3051 941 rex
3084 887 3262 959 Magis
3308 886 3692 958 praecepisset

2040 973 2107 1022 ut
2133 971 2484 1037 redirent,et
2512 975 3050 1030 renuntiarentsibi
3081 977 3153 1030 de
3180 983 3318 1031 nato
3349 993 3694 1048 rege.quem

2042 1058 2225 1114 Stella
2255 1061 2379 1126 illa,
2411 1079 2589 1134 quam
2643 1065 3067 1136 sequebantur,
3127 1072 3578 1132 monstraverat,
3631 1071 3698 1121 ut

2043 1147 2171 1218 ipse
2229 1167 2364 1205 cum
2421 1151 2495 1208 iis
2548 1153 2824 1210 adoraret
2881 1171 3062 1210 eum:
3139 1171 3392 1226 cumque
3446 1155 3696 1228 angelus

2043 1235 2291 1294 dixisset
2322 1240 2428 1310 eis,
2463 1258 2538 1297 ne
2568 1250 3011 1301 reverterentur
3031 1244 3107 1299 ad
3138 1244 3564 1312 Herodem,sed
3592 1263 3698 1317 per

2045 1326 2222 1382 aliam
2254 1327 2406 1384 viam
2437 1331 2596 1386 irent
2625 1332 2685 1386 in
2736 1334 3042 1406 regionem
3103 1350 3293 1401 suam,
3343 1333 3522 1405 idque
3581 1335 3693 1407 ipsi

2043 1416 2364 1486 fecissent;
2397 1421 2604 1477 videns
2636 1422 2760 1490 ille,
2790 1424 2947 1495 quod
2983 1424 3192 1479 irrisus
3223 1423 3435 1479 fuisset
3463 1423 3535 1479 ab
3587 1425 3697 1492 eis,

2047 1506 2136 1560 ira
2167 1509 2486 1564 excanduit
2533 1527 2546 1564 :
2589 1517 2648 1566 et
2695 1513 3016 1582 exquirens
3073 1512 3391 1585 diligenter
3441 1518 3698 1584 tempus,

2049 1612 2165 1666 quo
2197 1596 2380 1652 Stella
2402 1607 2777 1670 apparuerat,
2812 1601 3014 1657 missis
3064 1602 3356 1657 militibus
3405 1601 3706 1656 interfecit

2049 1701 2255 1740 omnes
2287 1704 2503 1759 pueros
2559 1690 2901 1746 Bethlehem
2953 1709 2987 1746 ει
3034 1692 3261 1747 bimatu
3293 1697 3352 1746 et
3402 1692 3577 1759 infra,
3636 1707 3703 1746 eo

2050 1776 2320 1842 consilio,
2345 1784 2412 1832 ut
2441 1781 2670 1834 caeteris
2711 1781 3088 1853 interemptis
3127 1782 3328 1853 pueris
3360 1782 3410 1836 is
3467 1797 3706 1853 quoque

2050 1865 2546 1937 exstingueretur,
2564 1869 2665 1940 qui
2697 1877 3052 1940 regnaturus
3081 1877 3228 1937 erat,
3258 1886 3367 1925 nec
3401 1870 3512 1925 sibi
3547 1870 3701 1924 insi~

297 1959 418 2019 τοὺς
447 1957 638 2020 παῖδας
667 1957 939 2035 φονεύσει,
987 1959 1202 2018 πάντως
1247 1957 1596 2010 ἀποθανεῖται
1646 1954 1674 2008 ὁ
1711 1949 1933 2024 μέλλων

2062 1956 2175 2011 lias
2235 1964 2514 2013 strueret.
2572 1959 2682 2014 Sed
2756 1960 2979 2015 frustra
3065 1961 3353 2016 laboravit
3430 1961 3698 2028 insanus,

286 2047 624 2123 βασιλεύσαι,
671 2047 759 2102 καὶ
819 2045 923 2102 οὐκ
975 2041 1351 2102 ἐπιϐουλεύσει
1408 2043 1576 2116 αὐτῷ.
1638 2040 1796 2098 Ἀλλ’
1856 2037 1936 2100 εἷς

288 2141 462 2211 μάτην
489 2137 772 2192 ἐκοπίασεν
827 2139 855 2192 ὁ
905 2137 1223 2212 παράφρων·
1289 2136 1365 2208 μή
1425 2131 1606 2202 εἰδὼς,
1665 2131 1750 2187 ὅτι
1803 2131 1937 2185 Θεοῦ

284 2227 469 2302 βουλῇ
504 2229 792 2303 ἄνθρωπος
821 2223 1116 2300 ἐμποδίσαι
1148 2225 1210 2281 06
1256 2223 1494 2281 δύναται.
1525 2225 1683 2287 Ὅθεν
1713 2219 1937 2281 ἐκείνοις

281 2318 380 2391 μὲν
415 2317 750 2390 προεξένησε
783 2312 1066 2393 βασιλείαν
1097 2313 1366 2390 οὐρανῶν,
1399 2315 1572 2386 ἑαυτῷ
1603 2309 1662 2367 δὲ
1713 2309 1940 2366 κόλασιν

278 2408 414 2463 αἲών
426 2428 532 2464 ιον.

891 2525 974 2597 τῇ
1005 2521 1143 2596 αὐτῇ
1164 2519 1348 2596 ἡμέρᾳ

286 2644 406 2714 In:
418 2664 497 2715 μη
531 2643 632 2696 τοῦ
664 2639 816 2696 ὁσίου
838 2639 1047 2715 Ιῐατρὸς
1076 2641 1237 2715 ἡμῷν
1267 2634 1599 2714 Μαρκέλλου
1632 2641 1806 2709 μονῆς
1831 2636 1941 2688 τῶν

934 2713 1306 2785 Ἄκοιμήτων.

354 2832 540 2893 Οὗτος
575 2831 604 2885 ὑ
636 2830 789 2894 ὅσιος
828 2831 1015 2904 Πατὴρ
1071 2830 1237 2902 ἡμῶν
1289 2823 1643 2903 Μάρκελλος,
1695 2825 1943 2898 ὑπῆρχεν

292 2921 352 2977 ὲκ
429 2918 654 2981 πόλεως
728 2917 1026 2991 Ἀπαμείας
1088 2918 1186 2986 τῆς
1287 2914 1508 2990 Συρίας’
1566 2913 1672 2968 ἀπὸ
1729 2909 1946 2985 ἐνδόξου

289 3013 485 3087 γένους
544 3009 638 3064 καί
715 3011 1068 3086 περιφανοῦς.
1129 3006 1336 3079 Ἐμαθε
1392 3002 1450 3060 δὲ
1524 3009 1695 3059 πᾶσαν
1748 3005 1946 3077 γνῶσιν

297 3102 394 3155 καὶ
424 3100 756 3172 ἐπιστήμην.
793 3096 922 3154 Εἶτα
949 3095 1210 3153 κατέλιπε
1265 3096 1358 3150 τὸν
1414 3095 1650 3167 κόσμον,
1709 3091 1799 3147 καὶ
1856 3091 1950 3146 τὸν

297 3191 450 3247 οἶκον
505 3190 596 3246 τὸν
656 3189 944 3263 πατρικὸν,
1015 3187 1104 3242 καὶ
1173 3182 1502 3262 παρεγένετο
1561 3183 1635 3246 είς
1693 3185 1946 3260 Ἔφεσον.

291 3284 388 3338 Καί
456 3281 537 3346 είς
628 3281 998 3353 μοναστήριον
1055 3276 1338 3345 εἰσελθὼν,
1397 3274 1581 3338 καλῶς
1667 3273 1944 3346 ἐμόνασεν.

292 3374 431 3429 Εἶτα
481 3369 807 3444 παρεγένετο
858 3368 996 3443 πρὸς
1053 3368 1143 3422 τὸν
1201 3367 1353 3422 ’ὀσιον
1409 3360 1764 3438 Ἀλέξανδρον
1821 3360 1950 3417 ὅντα

294 3460 347 3516 ἐν
483 3463 628 3532 μονῇ
675 3459 787 3513 τῶν
819 3459 1199 3530 ³Λκοιμήτων,
1231 3456 1416 3528 μαθὼν
1463 3454 1586 3528 περὶ
1616 3459 1718 3522 τῆς
1765 3451 1949 3507 ἐνθέου

294 3551 387 3605 καὶ
422 3548 642 3622 ὑψηλῆς
677 3549 844 3603 αὑτοῦ
876 3548 1093 3623 ἀρετῆς.
1128 3546 1232 3603 Καὶ
1265 3545 1315 3600 ἐν
1369 3547 1438 3618 τῇ
1494 3542 1719 3617 τοιαύτῃ
1808 3545 1947 3615 μονῇ

301 3641 404 3706 τὴν
439 3636 710 3712 διαγωγὴν
749 3637 1150 3710 ποιησάμενος,
1207 3635 1299 3690 καὶ
1357 3637 1560 3696 πάντας
1619 3626 1948 3707 ὑπερϐαλὼν

308 3729 389 3789 εἷς
422 3729 637 3802 ἀρετὴν,
661 3730 785 3799 μετά
801 3729 894 3784 τὸν
909 3727 1133 3782 θάνατον
1149 3723 1536 3799 Ἀλεξάνδρου,
1568 3724 1658 3780 καὶ
1685 3718 1951 3781 Ἰακώϐου

306 3821 414 3873 τοῦ
438 3817 574 3890 μετᾶ
605 3815 952 3891 Ἀλέξανδρον
989 3815 1474 3892 ἡγεμονεύσαντος,
1534 3814 1742 3890 ἐγένετο
1793 3812 1956 3889 ἡγού-

305 3928 492 3980 μενος.
529 3908 796 3963 Τοσοῦτον
832 3902 889 3960 δὲ
915 3904 1225 3980 ἠγωνίσατο
1256 3903 1333 3966 εἷς
1366 3904 1584 3978 ἀρετὴν,
1618 3900 1691 3963 ὠς
1718 3900 1808 3956 καὶ
1858 3903 1956 3976 χά-

291 4019 469 4073 ρισμα
497 3995 936 4070 θαυματουργίας
968 3992 1216 4064 δέξασθαι
1273 3994 1420 4061 παρὰ
1475 3997 1628 4049 Θεοῦσ
1692 3989 1838 4046 ἀλλὰ
1867 3992 1957 4046 καὶ

2043 2046 2318 2101 nesciens
2342 2047 2605 2102 divinum
2638 2049 2954 2104 consilium
3018 2050 3088 2105 ab
3143 2050 3388 2104 homine
3420 2048 3700 2121 impediri

2044 2154 2163 2193 non
2196 2155 2370 2210 posse
2419 2141 2606 2205 Quare
2632 2141 2750 2196 illis
2775 2141 3012 2212 quidem
3031 2142 3267 2197 cmleste
3298 2141 3703 2214 regnum,ipse

2043 2243 2179 2283 vero
2212 2228 2324 2283 sibi
2351 2235 2577 2286 aeterna
2607 2231 2900 2304 supplicia
2926 2233 3310 2304 comparavit.

2705 2528 2922 2584 Eodem
2952 2528 3046 2584 die

2051 2639 2146 2694 01
2207 2640 2658 2700 Commemoratio
2722 2647 2903 2701 sancti
2955 2643 3140 2701 Patris
3197 2643 3376 2700 nostri
3458 2642 3703 2700 Marcelli

2336 2713 2552 2769 abbatis
2621 2719 2944 2772 monasterii
3001 2721 3419 2774 Aczmetarum.

2122 2828 2372 2883 Sanctus
2396 2830 2569 2884 Pater
2598 2837 2805 2886 noster
2829 2833 3140 2888 Marcellus
3163 2836 3438 2904 Apamea!
3462 2832 3521 2886 in
3543 2831 3710 2903 Syria

2054 2918 2307 2974 honesto
2341 2923 2399 2972 et
2427 2918 2646 2976 illustri
2677 2938 2894 2994 genere
2936 2928 3136 2990 natus,
3195 2929 3373 2993 atque
3429 2921 3712 2978 omnibus

2057 3009 2323 3064 scientiis
2356 3010 2702 3080 instructus,
2736 3012 2957 3069 mundo
2985 3026 3350 3085 paternaque
3406 3013 3582 3068 domo
3614 3027 3714 3068 va-

2055 3099 2708 3174 lerejussis.Ephesum
2737 3104 3057 3176 profectus,
3075 3106 3135 3159 in
3159 3104 3590 3160 monasterium
3613 3119 3712 3158 se-

2059 3206 2121 3246 se
2155 3191 2466 3264 recepitet
2496 3195 2884 3249 monasticam
2909 3195 3082 3250 vitam
3098 3194 3409 3266 amplexus
3435 3199 3542 3249 est.
3563 3195 3709 3248 Tum

2061 3284 2332 3334 sanctum
2355 3279 2756 3337 Alexandrum
2779 3283 2928 3338 adiit
2958 3284 3018 3338 in
3050 3283 3414 3339 monasterio
3446 3285 3712 3337 Acoeme-

2009 3375 2024 3398 ⁴
2066 3374 2258 3423 tarum
2290 3376 2584 3442 agentem,
2608 3373 2780 3443 cujus
2812 3373 3144 3426 sanctitatis
3175 3372 3332 3428 fama
3360 3369 3716 3442 percrebue-

2060 3462 2206 3512 rat:
2267 3457 2327 3512 in
2379 3474 2567 3529 eoque
2627 3460 2990 3515 monasterio
3042 3467 3330 3521 versatus.
3388 3458 3717 3514 monachos

2060 3561 2268 3606 omnes
2298 3547 2612 3603 virtutibus
2646 3549 2996 3605 antecelluit
3028 3566 3040 3604 :
3071 3549 3170 3605 ubi
3226 3553 3362 3620 post
3389 3546 3716 3603 Alexandri

2063 3634 2311 3707 ejusque
2345 3640 2707 3693 successoris
2734 3638 2934 3694 Jacobi
2968 3638 3194 3694 obitum
3226 3637 3408 3694 abbas
3467 3636 3713 3704 electus,

2065 3741 2133 3780 ea
2164 3727 2546 3782 contentione
2577 3728 2824 3784 virtutes
2874 3729 3152 3795 excoluit,
3206 3734 3358 3784 utet
3397 3725 3718 3783 miraculo-

2065 3831 2220 3883 rum,
2249 3822 2308 3870 et
2338 3817 2666 3888 prophetiae
2697 3819 2921 3874 donum
2963 3836 2999 3874 a
3030 3819 3147 3874 Deo
3179 3817 3495 3890 acceperit.
3527 3818 3726 3882 Quare

2069 3904 2274 3960 multis
2305 3907 2554 3978 patratis
2578 3906 3722 3982 prodigiis,imperatorihus,populoque

2069 3995 2346 4050 universo
2380 3997 2771 4064 honorabilis,
2797 3998 2856 4052 in
2883 4014 3026 4070 pace
3053 3998 3329 4054 decessit.

288 4087 662 4165 προιρητείαςο
724 4086 845 4140 ’ὁθεν
903 4082 1134 4138 πολλῶν
1193 4083 1484 4155 θαυμὶιτων
1513 4077 1922 4154 ἐπιδειξάμενος
1951 4077 2205 4154 δύναμιν,
2237 4083 2325 4137 καὶ
2359 4088 2476 4146 τοῖς
2513 4082 2820 4160 βασιλεῦσι,
2878 4083 2968 4138 καὶ
3022 4083 3180 4139 παντὶ
3237 4087 3314 4156 τῷ
3373 4081 3492 4155 λαῷ
3535 4082 3724 4156 τίμιος

286 4179 503 4257 Ῡανείς,
539 4175 597 4232 ἐν
621 4175 813 4251 εἰρήνῃ
840 4171 1160 4243 ἐτελειώθη.

847 4290 1025 4348 ΜΗΝΙ
1054 4295 1142 4345 ΤΩ
1181 4291 1381 4348 ΔΥΤΩ.

1099 4407 1159 4462 Δ.

517 4499 796 4569 ’Δθλησις
841 4505 942 4569 τῆς
971 4496 1125 4574 ἁγίας
1169 4497 1440 4572 μάρτυρος
1475 4495 1740 4558 ’Λνυσίας.

2627 4292 2871 4347 EODEM
2911 4290 3145 4346 MENSE
3160 4332 3174 4346 .

2673 4407 2776 4463 Die
2808 4407 3112 4464 tricesima

2285 4496 2385 4554 68
2419 4498 2708 4553 Certamen
2728 4504 2932 4553 sancte
2969 4497 3230 4567 martyris
3260 4497 3504 4567 Anysiaz.

369 4621 438 4677 Ἦ
468 4617 604 4694 ἁγία
665 4618 869 4690 μάρτυς
917 4612 1140 4672 ’Δνυσία
1195 4613 1441 4688 ὑπῆρχεν
1501 4610 1587 4667 ἐπὶ
1617 4613 1949 4685 Μαξιμιανοί

2145 4613 2360 4670 Sancta
2387 4619 2614 4686 martyr
2643 4614 2878 4686 Anysia,
2939 4613 3296 4670 Maximiano
3346 4613 3730 4686 imperatore,

305 4707 588 4785 βασιλέως
649 4702 712 4760 ἐκ
761 4703 980 4767 πόλεως
1059 4699 1482 4773 Θεσσαλονίκης,
1528 4705 1706 4777 γονεῖς
1764 4697 1968 4776 ἔχουσα

293 4793 578 4867 εὐσεϐεῖς,
610 4792 701 4850 καί
731 4793 959 4854 πιστοὺς
987 4792 1080 4848 καὶ
1136 4789 1458 4854 πλουσίους.
1515 4786 1696 4846 Ἀλλὰ
1752 4788 1967 4846 ἐκείνων

301 4887 721 4955 ἀποθανόντων,
757 4881 1053 4962 ὑπελείφθη
1087 4884 1123 4952 ἡ
1156 4881 1284 4957 ἁγία
1336 4881 1672 4954 καταμόνας,
1728 4877 1816 4935 διὰ
1849 4880 1971 4957 βίου

303 4979 396 5033 καὶ
439 4976 694 5050 πράξεως
727 4973 1126 5049 εύχαριστοῦσα
1172 4975 1254 5044 τῷ
1301 4974 1441 5043 Θεῷ.
1502 4970 1592 5028 Ἐν
1625 4975 1724 5044 μιᾷ
1754 4967 1812 5025 δὲ
1859 4974 1969 5026 τῶν

308 5072 565 5140 ἡμερῶν,
599 5065 737 5120 κατὰ
791 5064 854 5119 τὸ
920 5058 1064 5130 ἔθος,
1097 5060 1452 5136 ἀπερχομένη
1502 5062 1580 5123 εἰς
1609 5063 1712 5130 τήν
1770 5058 1970 5131 ἐκκλη-

314 5158 459 5223 σίαν,
493 5157 828 5225 συνήντησεν
878 5151 1015 5227 αὐτῇ
1074 5151 1413 5226 στρατιώτης
1442 5172 1525 5213 τις
1556 5154 1664 5206 τῶν
1725 5149 1972 5206 εἶ’διυλων

313 5247 726 5320 προτκυνηττξς.
813 5243 910 5298 Καὶ
994 5244 1270 5315 κρατήσας
1399 5241 1588 5309 αὐτὴν,
1673 5241 1976 5314 ἠνάγκαζεν

307 5337 598 5406 ἀπελθεῖν,
631 5333 722 5388 καί
755 5335 912 5387 θῦσαι
942 5336 1061 5392 τοῖς
1086 5329 1360 5395 εἰδώλοις·
1401 5331 1476 5394 ὡς
1532 5325 1590 5384 δέ
1643 5328 1742 5384 οὐκ
1797 5325 1976 5386 ἔπεισε

310 5430 415 5497 τήν
477 5427 658 5502 ἁγίαν,
719 5422 966 5499 ἰσχυρῶς
1027 5420 1423 5496 ἀντεχομένην,
1481 5417 1572 5474 καὶ
1632 5417 1976 5492 ἐμπτύσασαν

312 5518 392 5579 εἷς
422 5516 489 5571 τὸ
548 5513 844 5587 πρόσωπον
902 5509 1094 5579 αὑτοῦ,
1139 5508 1412 5584 θυμωθεὶς
1469 5510 1608 5564 κατὰ
1660 5515 1760 5580 τῆς
1805 5509 1975 5566 πλευο

320 5611 421 5682 ρᾶς
454 5603 624 5673 αύτῆς
656 5599 932 5657 διελαύνει
987 5599 1053 5654 τὸ
1109 5600 1364 5664 σπαθίον.
1399 5599 1502 5656 Καὶ
1553 5595 1816 5672 δεξαμένη
1856 5602 1971 5670 ,τὴν

313 5692 600 5751 ἐπώδυνον
632 5692 721 5748 καἶ
754 5691 952 5766 πικρὰν
982 5688 1186 5759 ταύτην
1218 5687 1440 5764 πληγήν
1480 5689 1516 5758 ἡ
1573 5687 1722 5762 ἁγία,
1776 5686 1973 5755 εὐθέως

1399 5239 1588 5309 αὐτὴν,

2079 4720 2150 4760 ex
2171 4703 2318 4760 urbe
2349 4703 2793 4768 Thessalonica,
2823 4703 2961 4777 piis,
2992 4703 3298 4774 fidelibus,
3330 4701 3732 4776 divitibusque

2079 4793 2428 4866 parentibus
2441 4800 2746 4866 nata,post
2774 4793 2877 4850 illo
2887 4810 3016 4850 rum
3038 4793 3266 4849 obitum
3283 4793 3410 4850 sola
3425 4793 3736 4864 derelicta,

2080 4882 2197 4939 vita
2228 4883 2614 4954 moribusque
2645 4884 2764 4938 Deo
2811 4884 3031 4956 gratias
3070 4883 3298 4956 agebat.
3331 4881 3596 4950 Quadam
3629 4899 3737 4940 au-

2079 4977 2200 5028 tem
2232 4973 2349 5039 die,
2372 4990 2506 5028 cum
2525 4973 2596 5029 de
2629 4989 2794 5028 more
2821 4973 3134 5029 ecclesiam
3167 4974 3378 5038 adiret,
3413 4973 3646 5029 obviam
3680 4974 3734 5030 ei

2081 5062 2271 5118 factus
2293 5063 2465 5117 miles
2499 5062 2794 5118 idolorum
2818 5063 3032 5128 cultor,
3064 5065 3558 5135 comprehensam
3582 5079 3740 5117 com-

2082 5153 2347 5225 pellebat
2375 5153 2560 5215 abire.
2590 5152 2887 5223 idolisque
2933 5153 3290 5208 sacriﬁcare.
3327 5152 3744 5207 Reluctantem

2083 5259 2243 5310 vero,
2273 5250 2332 5298 et
2363 5243 2421 5297 in
2455 5243 2586 5313 ejus
2615 5260 2681 5296 os
2705 5249 3158 5314 conspuentem,
3193 5243 3380 5297 iratus
3434 5241 3607 5296 miles
3641 5247 3753 5296 tra-

2078 5334 2262 5407 jectis
2293 5332 2490 5406 gladio
2523 5331 2834 5394 lateribus.
2859 5333 3139 5403 gravique
3176 5331 3402 5386 inﬂicto
3425 5331 3671 5385 vulnere
3690 5329 3754 5386 in

2085 5431 2307 5479 terram
2340 5422 2577 5494 dejecit.
2621 5424 2696 5476 At
2727 5420 2831 5476 illa
2883 5421 2968 5476 sic
3027 5420 3279 5491 dejecta,
3342 5420 3527 5474 Deum
3563 5434 3756 5487 orare,

2086 5514 2260 5586 eique
2294 5513 2518 5586 gratias
2540 5527 2714 5584 agere
2756 5527 2877 5567 non
2911 5509 3185 5565 cessabat
3216 5526 3229 5564 :
3263 5514 3447 5578 atque
3473 5509 3633 5564 hunc
3693 5509 3757 5565 in

2086 5603 2330 5660 modum
2362 5621 2469 5676 per
2493 5603 2699 5675 plures
2730 5601 2907 5657 horas
2930 5599 3468 5670 faciens,spiritum
3496 5600 3748 5656 Domino

2083 5694 2350 5752 tradidit.

303 5781 494 5842 ἔπεσεν
526 5783 617 5840 ἐπὶ
641 5783 742 5852 τήν
772 5787 899 5859 γῆν.
935 5775 1118 5837 Ἀλλᾶ
1143 5778 1234 5833 καὶ
1264 5781 1526 5850 πεσοῦσα.
1579 5783 1679 5847 τῆς
1727 5779 1860 5854 πρὸς
1894 5783 2023 5840 Θεὸν
2049 5780 2406 5860 εὐχαριστίας
2437 5800 2496 5837 τε
2530 5781 2622 5836 καὶ
2658 5778 2830 5848 εὐχῆς
2883 5775 2982 5832 οὐκ
3015 5774 3302 5854 ἀφίστατο.
3339 5775 3442 5831 Καὶ
3475 5773 3647 5839 οὕτως
3677 5775 3747 5832 ἐπ

304 5873 554 5938 πολλαῖς
585 5877 707 5936 ταῖς
736 5869 906 5947 ὥραις
935 5871 1194 5940 ποιοῦσα,
1224 5863 1512 5944 παρίὸωκι
1542 5866 1604 5922 τὸ
1633 5871 1849 5943 πνεῦμα
1877 5871 2050 5944 αὐτῆς
2075 5879 2156 5948 τῷ
2187 5870 2394 5948 Κυρίῳ.

608 5993 872 6056 Parnm“
924 5991 1036 6053 Gn.
1086 5987 1318 6051 CXVII.

3440 5990 3478 6046 8
