4124 6486
357 404 476 464 239

995 537 1216 593 Eodem
1247 536 1345 593 die

367 658 405 712 7
419 658 464 714 8
522 657 982 714 Commemoratio
1037 657 1220 712 sancti
1273 656 1456 713 Patris
1509 655 1691 713 nostri
1760 653 2016 712 Silvestri

987 735 1156 800 Papae
1186 732 1390 786 Romae.

441 846 717 902 Silvester
747 846 1040 918 sapimtia
1071 864 1138 902 ac
1198 849 1414 902 virtute
1461 847 1677 906 clarus.
1716 850 1849 918 post
1879 843 2017 900 Mel-

369 935 597 990 chiadis
630 936 889 1006 episcopi
939 935 1165 990 obitum
1221 937 1533 991 ordinatur
1575 936 1789 990 veteris
1822 936 2021 988 Roma)

369 1026 851 1096 episcopus.Cum
887 1033 1085 1080 autem
1118 1025 1441 1081 Ecclesiam
1476 1026 1794 1100 regendam
1819 1039 2019 1079 susce-

370 1114 577 1184 pisset,
661 1120 719 1168 et
770 1131 1045 1187 magnum
1113 1133 1467 1186 sacrumque.
1549 1116 2022 1171 Christianorum

368 1219 602 1276 gregem
619 1205 1105 1273 pasceret,multa
1129 1206 1313 1260 subiit
1338 1206 1752 1272 certamina,et
1770 1206 2026 1276 plurima

369 1293 1414 1363 patravitmiracula.Constantinum
1443 1297 1738 1368 Magnum,
1773 1294 1873 1364 qui
1906 1293 2026 1364 pri-

368 1398 502 1436 mus
534 1383 958 1452 imperatorum
994 1385 1470 1440 Christianorum
1531 1388 1659 1452 t'uit,
1721 1383 1796 1438 ad
1845 1381 2025 1438 ﬁdem

369 1470 584 1525 Christi
607 1471 1164 1544 adduxit,sacroque
1199 1473 1554 1544 baptismate
1578 1475 1803 1544 lepram
1826 1488 2030 1543 corpo-

369 1560 453 1613 ris
481 1560 631 1629 ejus,
667 1561 983 1631 sumulque
1015 1563 1229 1617 anima:
1263 1563 1468 1618 sordes
1532 1563 1856 1624 mundavit,
1891 1576 2024 1615 cum

375 1647 563 1702 sancti
595 1649 861 1719 Apostoli
895 1651 1102 1705 Petrus
1127 1657 1183 1706 et
1216 1653 1435 1706 Paulus
1463 1653 1546 1706 illi
1573 1651 2023 1722 apparuissent;

370 1743 694 1808 auctorque
712 1739 901 1794 eidem
925 1741 1128 1805 t‘uit,ut
1149 1740 1466 1796 destructis
1491 1740 1789 1796 idolorum
1813 1740 2025 1794 dmmo-

371 1843 634 1897 numque
654 1827 1057 1901 fanis,templa
1073 1831 1300 1885 nomini
1325 1832 1541 1886 Christi
1570 1832 1790 1902 Deique
1813 1829 2023 1892 nostri,

1680 396 2117 464 MENOLOGII
2163 393 2362 456 PARS
2409 387 2482 452 ΙΙ.

2047 537 2100 603 Α

3668 383 3782 446 240

2728 523 2806 596 τῇ
2839 518 2976 594 αὕτῇ
3009 517 3191 594 ἡμέρᾳ

2125 645 2250 714 Μνή
2261 663 2337 716 μη
2359 645 2456 697 τοῦ
2488 639 2539 696 ἐν
2573 637 2753 714 ἁγίοις
2786 638 2997 716 Πατρὸς
3049 639 3212 710 ἡμῶν
3263 631 3600 709 Σιλϐἐστρου
3633 636 3783 692 πάπα

2829 711 3075 782 Ῥώμης.

2198 827 2527 903 Σίλϐεστρος
2571 829 2597 883 6
2629 829 2792 904 σοφὸς
2843 825 2930 882 διὰ
2979 824 3200 894 πολλὴν
3251 827 3471 903 ἆρετήν,
3531 825 3664 898 μετᾶ
3718 824 3778 879 τὸ

2124 921 2444 990 τελευτῆσαι
2494 917 2805 987 Μιλτιάδην
2858 916 2950 972 τόν
3011 915 3325 981 ἐπίσκοπον,
3386 919 3778 990 γειροτονεῖται

2125 1020 2226 1081 τῆς
2256 1007 2621 1084 πρεσϐυτέρας
2649 1011 2870 1080 Ῥώμης
2927 1007 3247 1068 ἐπίσκοπος.
3281 1009 3396 1075 Τὴν
3448 1005 3776 1073 Ἐκκλησίαν

2129 1103 2186 1156 δὲ
2218 1099 2587 1176 ἐγχοιρισθεῖς
2617 1099 2800 1153 καὶτὸ
2848 1097 2988 1170 μέγα
3035 1098 3121 1151 καὶ
3177 1097 3320 1171 ἱερὸν
3377 1097 3640 1169 ποίμνιον
3666 1098 3781 1148 τῶν

2130 1191 2493 1261 Χριστιανῶν,
2543 1186 2788 1248 πολλοὺς
2841 1188 3053 1260 ἀγῶνας
3112 1187 3386 1257 ὑπέμεινε,
3447 1186 3533 1240 καὶ
3595 1183 3778 1239 πολλὰ

2131 1281 2379 1352 θαύματα
2412 1277 2654 1347 ἐποίησε,
2710 1277 2797 1331 καὶ
2855 1277 2946 1330 τὸν
3004 1277 3173 1349 μέγαν
3233 1278 3664 1342 Κωνσταντῖνον,
3694 1274 3782 1327 τὸν

2129 1374 2347 1444 πρῶτον
2393 1368 2444 1423 ἐν
2505 1371 2855 1442 Χριστιανοῖς
2919 1363 3330 1441 βασιλεύσαντα,
3365 1365 3500 1437 πρὸς
3561 1364 3658 1430 τήν
3712 1361 3790 1426 είς

2135 1459 2367 1530 Χριστὸν
2427 1455 2608 1511 πίστιν
2671 1455 3066 1530 ὡγήγησε,καὶ
3125 1458 3204 1525 τῷ
3263 1453 3398 1528 ἁγίῳ
3457 1453 3784 1528 βαπτίσματι

2129 1547 2228 1614 τήν
2259 1549 2355 1600 τοῦ
2388 1543 2641 1617 σώματος
2685 1543 2909 1617 λέπραν,
2967 1543 3054 1596 καὶ
3114 1541 3180 1596 τα
3237 1545 3333 1604 τῆς
3381 1544 3567 1616 ψυχῆς
3617 1541 3788 1609 πάθη,

2133 1633 2221 1691 διὰ
2272 1643 2372 1704 τῆς
2432 1634 2747 1712 ἐπιφανείας
2813 1637 2919 1688 τῶν
2976 1631 3146 1706 ἁγίων
3206 1631 3530 1686 ἀποστόλων
3585 1632 3787 1705 Πὲτρου

2129 1723 2219 1778 καὶ
2284 1723 2524 1791 Παύλου,
2582 1723 2938 1794 ἁπεκαοηρε,
2987 1723 3078 1775 καὶ
3144 1721 3538 1795 παρεσκεύασεν
3603 1719 3786 1787 αὐτὸν,

2132 1815 2199 1866 τα
2234 1815 2326 1885 μὲν
2385 1809 2640 1865 είδωλεῐα
2696 1815 2803 1864 τῶν
2864 1808 3137 1882 δαιμόνων
3189 1809 3578 1882 καταστρέψαι,
3628 1807 3787 1869 ναοὺς

377 1915 661 1986 Deiparze,
697 1925 1036 1974 sanctorum
1092 1920 1521 1992 apostolorum,
1569 1938 1637 1975 ac
1695 1927 2018 1991 martyrum

2135 1899 2192 1957 δὲ
2221 1900 2302 1956 ἐπ’
2334 1901 2564 1974 ὀνόματι
2593 1904 2690 1954 τοῦ
2723 1901 2959 1973 Χριστοῦ
3015 1899 3104 1953 καὶ
3166 1901 3298 1954 Θεοῦ
3352 1898 3535 1970 ἡμῶν,
3567 1899 3653 1951 καὶ
3687 1903 3787 1965 τῆς

376 2005 676 2062 excitaret.
708 2007 818 2062 Sed
852 2013 909 2062 et
941 2009 1279 2081 Byzantium
1302 2027 1487 2082 usque
1511 2016 1748 2065 secutus
1771 2009 2026 2079 impera-

373 2099 586 2156 torem.
620 2097 958 2168 complures
993 2099 1237 2154 salutari
1271 2100 1544 2154 doctrina
1575 2098 1811 2153 imbuit.
1837 2101 2027 2167 Atque

372 2183 456 2238 ita
486 2182 548 2237 in
587 2185 884 2256 profunda
915 2194 1220 2243 senectute
1251 2188 1324 2243 ad
1347 2189 1660 2244 Dominum
1712 2187 1883 2242 laetus
1922 2184 2028 2240 mi-

374 2271 578 2344 gravit.

935 2485 1176 2543 EODEM
1216 2485 1467 2544 MENSE.

1048 2603 1152 2659 Die
1185 2603 1362 2660 tertia

596 2720 692 2776 79
731 2719 1024 2776 Certamen
1072 2721 1253 2776 sancti
1291 2723 1553 2792 martyris
1591 2721 1808 2779 Gordii.

447 2835 670 2892 Licinio
702 2835 1033 2907 imperante
1067 2837 1282 2892 claruit
1313 2844 1553 2893 sanctus
1601 2839 1873 2904 Gordius,
1905 2839 2024 2895 Cm-

379 2940 561 2979 sarem
596 2925 655 2980 in
687 2927 1056 2998 Cappadocia
1103 2934 1299 2995 natus,
1324 2928 1532 2983 ordine
1574 2945 1793 2994 comes,
1820 2935 2026 2984 centu-

383 3015 484 3068 riae
515 3015 775 3071 militum
798 3018 1132 3088 prmiectus.
1152 3017 1262 3073 Sed
1297 3036 1431 3074 cum
1463 3019 1782 3091 impiorum
1800 3021 2024 3075 Grmco-

382 3121 516 3159 rum
547 3105 908 3175 libertatem,
936 3114 993 3163 et
1023 3108 1424 3180 blasphemias
1457 3110 1516 3164 in
1537 3111 1838 3166 Christum
1861 3109 2026 3164 nullo

379 3193 554 3250 modo
585 3195 740 3250 ferre
771 3202 988 3268 posset,
1017 3196 1288 3254 abdicato
1317 3198 1543 3254 militia)
1563 3215 1830 3268 munere,
1850 3199 2028 3254 ﬂuxi-

378 3300 493 3356 que
523 3301 590 3340 ac
624 3288 1033 3342 evanescentis
1065 3288 1270 3342 saeculi
1301 3288 1507 3360 gloria,
1543 3289 1602 3343 in
1632 3294 1897 3344 montem
1933 3305 2026 3344 se-
2055 3294 2098 3360 ί]

376 3376 641 3441 cessit,et
679 3377 738 3431 in
769 3394 968 3433 eremo
1000 3379 1271 3434 consedit
1304 3396 1316 3434 :
1349 3379 1449 3434 ubi
1484 3380 1639 3435 inter
1658 3379 1812 3435 feras
1834 3396 2027 3434 versa-

375 3466 606 3528 tus,so|i
627 3467 745 3522 Deo
758 3467 983 3522 orando
1008 3467 1264 3524 vacabat.
1277 3471 1489 3524 Verum
1503 3469 1716 3525 Christi
1736 3469 2030 3524 desiderio

371 3554 754 3611 vehementer
778 3573 1085 3624 accensus,
1121 3564 1177 3614 et
1207 3559 1464 3630 quodam
1487 3560 1715 3630 impetu
1738 3559 1799 3614 in
1822 3576 2030 3630 super-

375 3644 678 3700 stitionem
729 3653 954 3718 raptus,
992 3649 1119 3704 haec
1148 3666 1349 3704 secum
1397 3651 1522 3721 ipse
1581 3649 1854 3704 dicebat:
1914 3651 2028 3705 Va-

374 3732 513 3788 dam
573 3735 634 3789 in
687 3735 920 3798 urbem,
984 3744 1041 3793 et
1096 3739 1446 3808 martyrium
1506 3756 1610 3810 pro
1642 3739 1857 3792 ('hristi
1908 3739 2024 3793 mei

372 3823 616 3876 nomine
651 3824 884 3885 subibo.
911 3832 978 3880 ut
1009 3827 1186 3879 vitam
1220 3826 1516 3896 adipiscar
1535 3835 1817 3881 aeternam
1849 3827 2030 3898 Igitur

375 3926 509 3965 cum
545 3911 845 3966 circenses
873 3913 995 3967 ludi
1031 3914 1288 3968 maxima
1310 3915 1510 3984 populi
1538 3915 1871 3986 frequentia
1901 3915 2023 3969 Cte-

376 4015 560 4054 sarem
595 4001 936 4068 ederentur,
985 4002 1046 4056 in
1105 4003 1367 4057 medium
1429 4004 1665 4074 prodiit,
1690 4019 2024 4076 magnaque

371 4105 510 4143 voce
541 4089 662 4144 ait:
693 4092 817 4145 Non
842 4092 1126 4162 quaesitus
1162 4093 1318 4147 ultro
1341 4092 1827 4164 advenio,meque
1859 4095 2023 4149 Chri-

374 4177 632 4234 stianum
665 4180 1154 4253 proﬁteor,atque
1186 4182 1518 4238 inanimata
1550 4182 1812 4239 detestor
1842 4183 2021 4252 idola,

373 4267 645 4340 quaejam
679 4269 815 4325 inde
849 4287 882 4327 a
912 4273 1171 4343 pueritia
1221 4278 1560 4329 exsecratus
1613 4289 1765 4330 sum.
1799 4273 2023 4340 Quibus

368 4356 560 4414 verbis
620 4367 954 4418 commotus
1015 4362 1349 4435 prwfectus,
1399 4363 1584 4437 jussit
1635 4379 1771 4419 eum
1829 4363 2022 4437 capite

366 4445 566 4518 plecti.

1010 4573 1228 4629 Eodem
1278 4574 1375 4630 die

2135 1990 2417 2061 Θεοτόκευ,
2457 1991 2547 2044 καὶ
2608 1993 2717 2044 τῶν
2774 1989 2940 2062 ἁγίων
2977 1985 3322 2055 ἀποστόλων,
3357 1988 3446 2041 καὶ
3499 1990 3606 2040 τῶν
3654 2005 3788 2060 μαρ-

2133 2080 2310 2154 τύρων
2342 2080 2542 2135 κτίσαι.
2577 2075 2759 2132 Ἀλλὰ
2796 2076 2882 2130 καὶ
2950 2076 3115 2152 μέχρι
3170 2080 3268 2131 ws
3327 2073 3624 2144 Βυζαντίου
3656 2077 3790 2143 ἡκο-

2135 2167 2372 2239 λούθήσε
2399 2173 2477 2237 τῷ
2513 2166 2749 2242 βασιλεῖ,
2801 2165 3051 2228 πολλοὺς
3107 2166 3175 2221 τᾶ
3227 2165 3364 2238 πρὸς
3397 2163 3670 2239 σωτηρίαν
3700 2160 3794 2217 δι-

2136 2254 2368 2313 δσὶσκων.
2395 2257 2492 2311 Καὶ
2526 2255 2700 2320 οὕτως
2728 2253 2780 2311 ἐν
2817 2255 2968 2332 βαθεὶ
2998 2257 3146 2330 γήρᾳ
3176 2253 3314 2329 πρὸς
3350 2252 3546 2328 Κύριον
3582 2251 3796 2328 χαίρων

2148 2343 2504 2420 ἐξεδήμησεν.

2669 2465 2842 2518 ΜΗΝΙ
2900 2463 2993 2519 ΤΩ
3046 2462 3254 2521 ΔΥΤΩ.

2939 2583 2991 2634 I"

2353 2695 2618 2763 Ἀθλησις
2647 2699 2746 2752 τοῦ
2778 2693 2939 2770 ἁγίου
2993 2695 3267 2769 μάρτυρος
3324 2689 3575 2769 Γορδίου.

2208 2815 2333 2871 Ἐπὶ
2373 2814 2656 2870 Λικιννίου
2707 2817 2804 2867 τοῦ
2860 2809 3129 2887 βασιλέως
3179 2809 3382 2887 ἐγένετο
3415 2811 3443 2865 6
3477 2810 3629 2886 ἅγιος
3659 2808 3794 2884 Γόρ-

2137 2902 2272 2972 διος,
2306 2905 2410 2958 ἀπὸ
2460 2910 2560 2972 τῆς
2614 2903 2932 2978 Καισαρείας
2988 2908 3088 2969 τῆς
3145 2897 3559 2965 Καππαδοκίας,
3609 2898 3789 2972 κόμης
3847 2930 3853 2933 -

2132 2993 2232 3062 τὴν
2265 2995 2436 3064 τάξιν,
2469 2991 2613 3070 ἔχων
2649 2993 2737 3048 ὑπ’
2767 2993 2929 3048 αὐτὸν
2965 2991 3298 3066 στρατιώτας
3330 2991 3539 3046 ἑκατόν.
3587 2989 3694 3056 Τὴν
3730 2984 3788 3041 δὲ

2133 3088 2239 3139 τῶν
2275 3077 2547 3138 δυσσεϐὦν
2579 3081 2868 3153 Ἑλλήνων
2922 3080 3252 3158 παρῥησίαν,
3307 3081 3396 3134 καὶ
3427 3081 3522 3144 τὰς
3553 3077 3626 3140 είς
3661 3080 3792 3153 Χρι-

2136 3173 2260 3228 στὸν
2299 3171 2655 3250 βλασφημίας
2703 3172 2778 3245 μή
2813 3170 2990 3246 φέρων
3025 3173 3176 3244 ὁρᾷν,
3209 3169 3477 3225 κατέλιπα
3505 3169 3604 3238 τήν
3636 3187 3798 3241 στρα-

2136 3263 2306 3331 τείαν,
2336 3263 2425 3316 καὶ
2463 3263 2564 3332 τὴν
2597 3280 2929 3336 πρόσκαιρον
2973 3258 3146 3332 δόξαν,
3208 3260 3298 3314 καὶ
3360 3257 3598 3327 ἀπῆλθεν
3631 3257 3706 3319 είς
3736 3257 3800 3312 τὸ

2141 3349 2288 3427 ὅρος,
2318 3353 2408 3406 καὶ
2439 3351 2671 3424 κατῴκει
2701 3352 2802 3420 τήν
2836 3348 3067 3424 ἔρημον,
3103 3350 3236 3422 μετα
3276 3353 3384 3404 τῶν
3427 3346 3633 3422 θηρίων
3667 3346 3799 3400 ἀνα-

2139 3442 2526 3518 στρεφόμενος,
2560 3439 2748 3512 καὶτῷ
2779 3443 2894 3510 Θεῴ
2933 3443 3082 3511 μόνῳ
3111 3438 3579 3513 προσευχόμενος.
3615 3431 3802 3489 Ἀλλά

2137 3527 2232 3583 τοῦ
2263 3531 2498 3604 Χριστοῦ
2538 3529 2565 3582 6
2588 3527 2754 3589 πόθος
2787 3527 2988 3599 ἀνήψεν
3020 3525 3204 3596 αύτὸν,
3235 3527 3322 3580 καὶ
3349 3525 3486 3580 κατᾶ
3515 3532 3614 3592 τῆς
3642 3521 3798 3576 πλά-

2135 3639 2234 3688 νης
2267 3620 2536 3692 ὁρμήσας,
2569 3617 2682 3671 εἶπε
2711 3617 2846 3688 πρὸς
2879 3617 3089 3674 ἑαυτόν.
3113 3615 3368 3678 Ἀπὲλθω
3400 3615 3537 3684 πρὸς
3566 3616 3664 3682 τὴν
3685 3611 3790 3667 πό-

2137 3718 2248 3773 Αιν,
2279 3708 2368 3762 καὶ
2406 3709 2733 3781 μαρττρήσω
2772 3707 2902 3778 ὑπὲρ
2930 3709 3026 3760 τού
3073 3710 3312 3778 Χριστοῦ
3355 3725 3483 3776 μου,
3512 3703 3600 3757 ἳνα
3644 3702 3793 3774 κλη-

2139 3800 2430 3872 ρονομήσω
2459 3799 2558 3866 τήν
2596 3799 2740 3865 ζωὴν
2785 3796 3028 3851 αἷώνιον.
3067 3792 3460 3868 ’ἱπποδρομίας
3493 3791 3550 3848 δὲ
3596 3791 3796 3847 τελου-

2139 3887 2306 3960 μένης
2336 3887 2386 3940 ἐν
2422 3887 2736 3958 Καισαρείᾳ,
2767 3885 2858 3939 καὶ
2890 3889 2986 3940 τοῦ
3047 3884 3180 3940 λαοῦ
3238 3883 3372 3939 ὅλου
3431 3883 3793 3958 συνηγμένου,

2134 3974 2402 4045 {cummi
2454 3971 2678 4044 ἐϐόησεν
2740 3973 2818 4038 είς
2871 3975 2935 4029 τὸ
2997 3971 3180 4047 μέσον·
3241 3973 3483 4048 Εὑρέθην
3537 3979 3654 4034 τοῖς
3712 3973 3790 4045 μὴ

2135 4069 2406 4134 ζητοῦσι,
2454 4065 2545 4119 καὶ
2605 4062 2722 4118 ἰδοὺ
2765 4063 3004 4118 πιστεύω
3061 4065 3300 4138 Χριστῷ,
3355 4061 3445 4117 καὶ
3492 4063 3666 4126 ἀθετῶ
3725 4062 3796 4117 τὰ

2130 4152 2319 4229 ἄψυχα
2351 4151 2577 4222 εἶ’δωλα,
2611 4153 2684 4215 ὥς
2734 4153 2829 4209 καὶ
2885 4152 2992 4207 ἀπὸ
3039 4152 3314 4222 νεότητος.
3375 4152 3473 4207 Καὶ
3523 4156 3682 4206 τοῦτο
3715 4150 3795 4205 εἷο

2129 4243 2272 4316 πὼν,
2302 4242 2391 4297 καὶ
2421 4243 2512 4298 τὸν
2545 4239 2793 4318 ἄρχοντα
2822 4243 3046 4311 κινήσας
3101 4241 3178 4305 εἷς
3235 4241 3431 4315 Θυμὸν,
3489 4241 3792 4314 ἀπετμήθη

2128 4333 2230 4402 τήν
2261 4329 2529 4407 κεψαλήν.

2697 4551 2773 4622 Τῇ
2832 4545 2969 4622 αὐτῇ
3027 4549 3212 4621 ἡμέρᾳ

365 4683 468 4739 80
501 4685 947 4746 Commemoratio
976 4694 1153 4766 sancti
1197 4699 1254 4766 et
1299 4692 1531 4762 gloriosi
1551 4693 1838 4766 prophetae
1893 4696 2016 4750 Μα-

2176 4667 2295 4736 Μνή
2307 4687 2382 4738 μη
2411 4669 2512 4720 τοῦ
2544 4665 2702 4740 ἁγίου
2730 4662 2820 4718 καὶ
2843 4661 3060 4737 ἐνδόξου
3086 4665 3376 4741 προφήτου
3406 4658 3726 4738 Μαλαχίου.

1101 4763 1318 4831 lachioe.

434 4871 1388 4950 Malachiaspropheta,postquam
1407 4881 2010 4953 populusJudmorum

364 4976 393 5012 ο
418 4961 754 5030 captivitate
781 4982 1081 5038 regressus
1113 4974 1290 5029 esset,
1325 4969 1381 5023 in
1402 4970 1616 5025 Iudaea)
1640 4972 1877 5044 regione
1898 4991 2006 5030 na-

362 5053 476 5113 tus,
504 5065 571 5104 ex
595 5051 748 5106 tribu
774 5055 902 5108 Levi
927 5055 1056 5110 fuit.
1090 5057 1567 5129 Adhucjuvenis,
1602 5078 1728 5116 eam
1763 5063 1892 5118 vitae
1913 5081 2008 5120 ra-

358 5137 583 5193 tionem
618 5147 674 5194 et
697 5141 1032 5197 institutum
1061 5147 1317 5203 tenebat.
1347 5166 1477 5219 quas
1502 5151 1618 5204 Deo
1653 5151 1956 5220 placerent
1989 5171 2002 5209 ε

357 5243 539 5292 quare
561 5245 594 5282 a
623 5229 842 5285 Judmis
868 5234 1130 5302 Angelus
1163 5235 1494 5306 appellatus
1518 5244 1645 5292 est:
1674 5246 1799 5293 erat
1844 5242 2003 5296 enim

352 5314 566 5371 decoro
595 5326 854 5390 aspectu.
885 5321 991 5375 Sed
1029 5329 1086 5375 et
1117 5341 1485 5396 qumcunque
1518 5327 1894 5396 prmdiCebat.
1931 5330 2002 5385 ab

349 5407 559 5477 angelo
593 5410 792 5462 statim
823 5411 1355 5472 confirmabantur.
1391 5423 1448 5468 et
1478 5433 1611 5470 vera
1642 5434 1769 5471 esse
1811 5425 2006 5474 osten-

345 5494 639 5551 debantur
664 5515 675 5550 :
701 5500 946 5571 angelus
975 5501 1131 5555 enim
1161 5519 1294 5556 cum
1317 5504 1441 5574 ipso
1468 5504 1819 5576 loquebatur
1850 5509 1998 5563 mul-

346 5583 508 5653 tique
543 5604 739 5642 vocem
774 5590 902 5660 ejus
950 5591 1289 5655 audiebant,
1335 5610 1464 5648 cum
1534 5595 1592 5648 in
1647 5599 1996 5668 prophetam

347 5672 678 5732 inciderent
705 5696 716 5733 :
743 5686 1148 5736 verumtamen
1184 5681 1238 5737 id
1263 5683 1331 5736 iis
1364 5689 1591 5740 tantum
1615 5687 1996 5761 contingebat

343 5760 444 5829 qui
476 5761 635 5834 digni
671 5774 900 5822 essent:
935 5777 1276 5840 peccatores
1307 5779 1503 5829 autem
1526 5792 1720 5847 neque
1753 5760 1887 5832 eum
1919 5779 1996 5832 vi-

2191 4869 2483 4947 Μαλαχίας
2539 4869 2566 4925 ό
2597 4872 2890 4947 προφήτης
2949 4871 3083 4944 μετὰ
3139 4872 3238 4940 τήν
3289 4869 3624 4948 ἐπιστροφὴν
3676 4875 3789 4940 τῆς

2119 4959 2506 5036 αίχμαλωσίας
2565 4964 2660 5013 τοῦ
2720 4959 2854 5015 λαοῦ
2909 4964 3017 5015 τῶν
3081 4957 3382 5032 Ἰουδαίων,
3431 4959 3688 5035 ἐγεννήθη
3725 4959 3785 5014 ἐν

2116 5053 2186 5123 τῇ
2223 5045 2459 5118 Ἰουδαίᾳ
2509 5048 2689 5124 χώρᾳ.
2737 5049 2835 5103 Ἦν
2894 5045 2952 5102 δὲ
2999 5048 3058 5103 ἐκ
3111 5055 3210 5117 τῆς
3255 5049 3435 5126 φυλῆς
3463 5053 3561 5104 τοῦ
3616 5046 3791 5103 Λευί-

2116 5138 2236 5201 νὲος
2271 5135 2328 5192 δὲ
2378 5139 2641 5212 ὑπάρχων
2699 5139 2798 5206 τήν
2859 5137 3104 5206 ἡλικίαν,
3167 5138 3430 5209 ἐκτήσατο
3490 5137 3784 5192 πολιτείαν

2118 5228 2421 5301 θεαρεστον,
2453 5227 2543 5280 καὶ
2578 5226 2693 5300 βίον
2725 5225 2993 5300 ἐνάρετον.
3047 5227 3152 5282 Καὶ
3187 5225 3274 5281 διὰ
3329 5232 3490 5282 τοῦτο
3529 5225 3787 5282 ἐκαλεῖτο

2120 5319 2261 5392 παρᾶ
2289 5321 2397 5371 τῶν
2431 5313 2706 5372 Ἰουδαίων
2738 5315 3022 5392 Ἄγγελος.
3056 5319 3158 5374 Ἦν
3211 5318 3316 5393 γὰρ
3368 5319 3431 5373 τὸ
3481 5318 3788 5392 πρόσωπον

2114 5408 2384 5483 εὐπρεπής
2422 5451 2435 5464 .
2495 5405 2670 5463 Ἀλλᾶ
2732 5407 2824 5461 καὶ
2885 5409 2983 5462 ὅσα
3035 5409 3196 5470 αὐτὸς
3255 5413 3631 5488 προεφήτευε,
3681 5410 3786 5466 καὶ

2113 5496 2299 5574 ἔλεγεν
2335 5544 2347 5567 ,
2407 5497 2602 5560 εύθέως
2653 5499 2680 5551 ὁ
2732 5495 2962 5573 ἅγγελος
3011 5494 3332 5554 ἓπεϐεὸαίου
3367 5545 3380 5569 ,
3444 5501 3535 5555 καὶ
3600 5500 3786 5556 ἐποίει

2109 5592 2314 5663 ἀληθῆ.
2347 5589 2566 5647 Ἐλαλει
2609 5591 2708 5664 γαρ
2765 5591 2880 5662 μετ’
2937 5590 3102 5645 αὐτοῦ
3161 5593 3188 5645 ὁ
3240 5589 3495 5667 ἅγγελος·
3555 5595 3788 5664 καὶτῆς

2109 5689 2296 5759 φῶν-ἧς
2328 5683 2424 5736 τοῦ
2455 5678 2697 5754 ἀγγέλου
2722 5677 2929 5734 πὸλλοί
2960 5669 3182 5748 ἢκουον,
3231 5682 3321 5736 ὅτε
3368 5683 3785 5760 συνετύγχανον

2103 5779 2182 5846 τῷ
2229 5772 2509 5848 προφήτῃ·
2573 5767 2719 5823 ἀλλὰ
2773 5767 2932 5842 μόνοι
2992 5770 3044 5824 οἱ
3104 5768 3243 5841 ἄξιοι
3302 5769 3529 5840 ἤκουον.
3585 5773 3651 5832 Oi
3717 5771 3788 5830 δὶ
