4124 6498
341 462 439 521 941

1838 448 2317 521 JANUABIUS.

3709 475 3826 535 2H

329 590 671 666 ἀμαρτωλοὶ
735 590 889 649 οὔτε
950 591 1215 666 ἐθεώρουν
1268 590 1452 661 αὐτὸν,
1512 587 1638 647 οὔτε
1692 596 1794 660 τῆς
1861 589 2025 668 φωνῆς

2164 589 2403 661 debant,
2437 610 2633 668 neque
2661 613 2864 655 vocem
2907 599 3037 671 ejus
3094 600 3437 659 audiebant.
3472 603 3687 662 Incidit
3706 622 3820 663 au-

326 682 486 737 εὖτοῦ
537 677 817 751 ἤκουον.
885 680 1029 737 Τότε
1085 679 1142 737 δὲ
1196 681 1563 759 προεφήτευεν
1596 677 2022 754 ὁπροοήτης,ἐ

2160 684 2280 737 tem
2315 683 2618 742 Malachiaa
2639 688 2951 759 prophetia
2982 688 3044 744 in
3077 689 3137 744 id
3168 693 3424 762 tempus,
3461 709 3579 765 quo
3619 695 3823 752 nullus

323 777 425 833 ταῖς
458 769 735 843 ἡμέραις
769 778 891 841 τῆς
953 769 1239 846 ἀναρχίας,
1294 770 1371 835 ὡς
1425 767 1728 846 γέγραπται
1769 768 1822 824 ἐν
1854 772 1923 841 τῇ
1959 768 2040 844 βί-

329 855 434 932 ϐλῳ
461 863 584 914 τῶν
618 862 912 935 Κριτῶν·
980 859 1168 916 πολλὰ
1224 856 1283 914 δὲ
1336 858 1738 936 προφητεύσας,
1794 856 2043 913 ἀπέθανε·

331 950 405 1006 καὶ
458 950 649 1028 ἐτάφη
728 950 896 1023 μετᾶ
956 955 1069 1006 τῶν
1124 951 1370 1024 πατέρων
1430 949 1597 1004 αὐτοῦ
1634 948 1687 1004 ἐν
1731 952 1813 1021 τῷ
1869 948 2043 1024 ἀγρῷ.

2159 777 2289 827 erat
2315 772 2652 831 Iudaeorum
2672 778 2971 849 princeps,
2992 778 3499 848 quemadmodum
3531 784 3819 855 scriptum

2159 866 2250 916 est
2278 861 2341 916 in
2371 862 2523 918 libro
2543 864 2840 920 Iudicum.
2867 867 3009 922 Cum
3042 884 3179 922 vero
3212 870 3404 925 multa
3424 871 3818 942 praedixisset,

2156 958 2429 1008 mortuus
2480 959 2589 1023 est,
2625 959 2684 1010 et
2740 956 3012 1027 sepultus
3070 974 3206 1013 cum
3256 960 3527 1030 patribus
3585 963 3709 1018 suis
3756 964 3821 1019 in

327 1042 405 1099 Ἦν
435 1038 515 1109 δέ,
553 1041 646 1104 ὦς
719 1040 1013 1115 εἴπομεν,
1072 1040 1371 1116 εὐπρεπὴς,
1428 1037 1769 1116 στρογγύλον
1811 1032 1959 1115 ἔχων
1980 1039 2025 1094 τὲ

2155 1059 2314 1116 agro.
2348 1045 2487 1100 Erat
2515 1051 2737 1114 autem,
2784 1052 2849 1101 ut
2879 1046 3108 1117 praefati
3170 1065 3400 1120 sumus,
3433 1052 3669 1125 egregia
3698 1052 3821 1109 for-

328 1129 648 1207 ιρόσωπον,
684 1128 992 1187 πλατεῖαν
1025 1132 1126 1200 τήν
1167 1127 1433 1207 κεφαλήν.

929 1251 1118 1309 MHNI
1154 1252 1246 1329 τᾳ
1284 1252 1485 1331 arra.

1167 1365 1241 1424 A'.

342 1484 606 1558 ’Ᾱθλησις
656 1488 775 1541 τοῦ
820 1483 991 1562 ἁγίου
1038 1482 1439 1562 ἱερομάρτυρος
1488 1483 1782 1561 Θεογὲνους
1812 1481 2037 1539 ἐπισκό-

1016 1556 1125 1613 που
1165 1556 1395 1630 Ιιαρίου.

432 1674 685 1750 θεογὲνης
721 1675 754 1730 ὁ
785 1672 1159 1751 ἱερομάρτυς,
1215 1674 1281 1743 ἦν
1339 1670 1637 1736 ἐπίσκοπος
1667 1677 1764 1728 τοῖ’)
1803 1672 2034 1749 Παρίου·

387 1764 469 1820 καὶ
514 1764 801 1839 κρατηθεὶς
838 1763 995 1839 παρᾶ
1022 1766 1120 1819 τοῦ
1164 1768 1268 1832 τῆς
1320 1761 1513 1839 χώρας
1569 1763 1865 1839 ἄρχοντος,
1896 1763 2035 1834 ἠνα-

386 1856 592 1928 γκάζετο
689 1853 1110 1932 στρατεύεσθαι.
1176 1853 1237 1911 Ὀ
1303 1849 1360 1908 δὲ
1425 1854 1744 1927 Χριστιανὸν
1846 1852 2032 1909 ἑαυτὸν

2150 1148 2271 1200 ma,
2304 1133 2564 1190 rotunda
2593 1133 2769 1202 facie,
2801 1136 2994 1207 capite
3026 1135 3167 1192 lato.

2706 1252 2948 1310 EODEM
2988 1254 3133 1309 ΜΕΝ
3139 1253 3221 1311 SE
3241 1297 3254 1309 .

2808 1368 2912 1424 Die
2940 1374 3154 1440 quarta

2150 1480 2245 1540 8|
2332 1484 2621 1540 Certamen
2722 1488 3061 1561 sacrosancti
3162 1491 3429 1561 martyris
3509 1489 3811 1561 Theogenis

2750 1557 2997 1629 episcopi
3017 1558 3199 1614 Parii.

2219 1671 2561 1745 Theogenes
2592 1679 2994 1745 sacromartyr
3037 1674 3196 1730 Parii
3250 1675 3586 1748 episcopus,
3643 1692 3805 1733 com-

2147 1761 2480 1834 prehensus
2511 1777 2547 1817 a
2574 1762 2837 1835 regionis
2860 1762 3161 1836 praefecto,
3193 1764 3452 1820 militare
3483 1765 3808 1838 compelle-

2145 1850 2358 1917 batur;
2391 1850 2548 1922 quod
2581 1850 2684 1905 ille
2716 1850 3074 1919 detrectans,
3100 1851 3409 1909 asserebat
3429 1869 3491 1909 se
3512 1852 3806 1909 Christia—

381 1942 548 2019 ἔλεγεν
603 1944 769 2015 εἶναι,
826 1944 921 1999 καὶ
980 1939 1179 1998 δοῦλον
1235 1940 1470 2017 Χριστοῦ
1525 1943 1615 1998 καὶ
1670 1941 2025 2019 στρατιώτην.

2143 1954 2286 1993 num
2319 1954 2470 2010 esse,
2504 1939 2841 2014 Christique
2893 1957 3125 1998 servum
3186 1946 3246 1998 et
3300 1937 3574 1997 militem.
3607 1942 3802 2007 Quare

368 2036 517 2090 Ὅθεν
570 2031 732 2105 ἐδέθη
793 2032 874 2097 είς
931 2034 1194 2107 τέσσαρας
1250 2031 1483 2101 πάλους,
1541 2030 1603 2088 ἐκ
1656 2036 1764 2088 τῶν
1798 2037 2024 2108 χειρῶν,

360 2124 581 2180 καὶτῶν
611 2121 828 2193 ποδῶν,
857 2122 949 2180 καὶ
982 2122 1237 2179 ἐτύπτετο
1286 2122 1390 2177 ὑπὸ
1438 2123 1583 2178 ὀκτὼ
1632 2120 1847 2195 δημίων
1892 2125 2028 2197 μετᾶ

358 2213 535 2286 ξῦλων
564 2210 843 2291 τραχέων.
889 2215 1006 2271 Τοῦ
1053 2208 1112 2267 δὲ
1157 2210 1459 2288 λεγομένου
1490 2213 1793 2277 Ὀπτίωνος
1822 2233 2026 2289 παρερ-

356 2302 639 2380 χομένου,
693 2302 787 2358 καὶ
878 2296 1201 2379 ὑϐρίζοντος
1281 2300 1465 2365 αὐτὸν,
1546 2303 1944 2379 προεφήτευσεν
1996 2302 2024 2358 ὁ

355 2394 513 2468 ἅγιος
544 2393 677 2468 περί
707 2393 897 2460 αὐτοῦ,
952 2389 1039 2445 ὅτι
1092 2391 1308 2465 ταχέως
1361 2389 1552 2465 μὲλλει
1584 2388 2021 2464 καταλαμϐάνειν

350 2482 513 2537 αὐτὸν
546 2481 824 2538 ἀπώλεια·
886 2480 917 2536 ’ὀ
972 2478 1062 2535 καὶ
1122 2478 1351 2555 ἐγένετο.
1407 2482 1500 2537 Ἐν
1551 2477 1610 2535 δὲ
1636 2485 1706 2555 τῇ
1738 2483 1890 2536 νυκτὶ
1924 2503 2027 2537 αα-

349 2572 460 2635 νεὶς
492 2576 575 2645 τῷ
616 2570 757 2645 ἁγίῳ
813 2571 843 2626 ὁ
898 2568 1119 2643 Κύριος,
1176 2569 1497 2646 προσέταξεν
1557 2570 1726 2643 αὐτῷ,
1788 2572 1864 2645 μὴ
1924 2572 2024 2628 λα-

351 2655 493 2731 ϐεῖν,
529 2658 682 2734 μηδὲ
710 2664 897 2737 φαγεῖν
961 2659 1228 2734 βρώματα
1283 2659 1390 2714 ἀπὸ
1443 2660 1636 2735 χειρὸς
1675 2664 1783 2715 τῶν
1816 2661 2027 2733 Ἐλλή-

344 2772 475 2808 νων.
537 2749 648 2808 Καὶ
699 2750 771 2819 ἧν
829 2745 1060 2824 ψάλλων
1122 2748 1256 2804 πετᾶ
1313 2748 1561 2824 ἀγγέλων
1593 2748 1646 2805 ἐν
1675 2754 1745 2825 τῇ
1782 2749 2022 2825 φυλακῇ,

338 2840 484 2899 εἶτα
518 2833 821 2908 ἐκϐληθεὶς
866 2844 969 2907 τῆς
1016 2836 1286 2916 φυλακῆς,
1337 2836 1532 2917 ἐῤῥίφη
1567 2838 1622 2893 ἐν
1656 2842 1725 2915 τῇ
1756 2840 2022 2916 θαλάσσῃ,

337 2932 432 2986 καὶ
512 2927 838 2998 ἐτελειώθη.
907 2927 976 2985 Ol
1037 2924 1118 2995 δὲ,
1191 2926 1440 3003 ῥίψαντες
1503 2927 1683 2998 αὐτὸν,
1763 2932 2025 3003 μετανοή-

344 3039 565 3089 σαντες,
624 3016 884 3079 ἐλθόντες
942 3016 995 3072 iv
1072 3020 1143 3091 τῇ
1199 3016 1385 3088 πόλει,
1454 3012 1877 3091 ἐϐαπτίσθησαν,
1935 3018 2025 3075 καὶ

358 3109 480 3182 μετ’
524 3108 696 3164 αὐτῶν
754 3103 931 3185 ὄχλος
986 3106 1184 3171 πολύς.
1239 3109 1342 3166 Καὶ
1398 3108 1533 3183 μετὰ
1585 3114 1732 3185 τρεῖς
1786 3110 2024 3187 ἡμέρας,

349 3196 611 3274 ἔεριὸίᾳη
671 3192 779 3269 ἔξω
827 3203 930 3266 τῆς
978 3196 1255 3267 θαλάσσης
1310 3199 1375 3254 τὸ
1427 3197 1683 3273 λείψανον
1716 3198 1902 3256 αὐτοῦ·
1933 3200 2024 3256 καὶ

344 3282 623 3350 λαϐόντες
654 3285 788 3343 αὐτὸ
819 3286 875 3342 οἳ
906 3286 1146 3361 μαθηταὶ
1180 3285 1342 3343 αὐτοῦ
1371 3282 1593 3363 ἔθαψαν.

937 3405 1025 3477 Τῇ
1069 3401 1208 3478 αὐτῇ
1252 3404 1456 3481 ἡμέρᾳ.

341 3490 635 3562 Ἀθλησις
691 3496 793 3548 τοῦ
852 3491 1012 3571 ἁγίου
1071 3492 1468 3571 ἱερομάρτυρος
1522 3497 1881 3571 Θεοπὲμπτου
1936 3501 2028 3556 καὶ

936 3564 1133 3620 Θεωνᾶ
1165 3564 1456 3639 μάρτυρος.

450 3676 632 3736 Οὗτος
674 3678 737 3745 ἦν
786 3677 873 3734 ἐπὶ
937 3678 1337 3747 Διοκλητιανοῦ
1386 3685 1484 3736 τοῦ
1545 3681 1838 3758 βασιλέως·
1871 3706 2028 3756 κινη-

370 3767 572 3827 θέντος
630 3762 685 3822 δὲ
735 3763 981 3843 διωγμοῦ
1031 3768 1171 3824 κατᾶ
1224 3774 1333 3825 τῶν
1390 3771 1748 3845 Χριστιανῶν,
1809 3779 2028 3850 πρῶτος

364 3854 467 3909 ἐπ’
493 3852 700 3910 ἐκείνου
727 3861 824 3911 τοῦ
855 3854 1111 3931 διωγμοῦ
1139 3858 1231 3913 τὸν
1272 3862 1510 3933 Χριστὸν
1553 3860 1912 3937 ὡμολόγησε,
1939 3862 2029 3920 καὶ

350 3946 457 4001 τὸν
512 3952 618 4014 τῆς
664 3944 951 4018 ἀθλήσεως
1003 3944 1218 4018 ἐδέξατο
1267 3948 1549 4028 στέφανον·
1580 3954 1873 4026 κρατηθεὶς
1903 3954 2030 4026 γὰρ,

348 4028 650 4105 ἐνεϐλήθη
681 4035 759 4097 εἰς
805 4040 1039 4114 φοῦρνον
1096 4036 1498 4110 ἐκπυρωθέντα.
1561 4040 1660 4096 Καὶ
1691 4041 1848 4115 ὑγιὴς
1878 4040 2028 4115 ἐξελο

343 4124 495 4193 θὼν,
554 4124 651 4179 τὸν
703 4122 798 4180 ἕνα
855 4124 1140 4204 ὀφθαλμὸν
1198 4126 1557 4202 ἐξορύττεται.
1609 4133 1670 4187 Ὁ
1702 4127 1761 4186 δὲ
1790 4137 2028 4205 Θεωνᾶς,

350 4213 535 4289 μάγος
564 4211 668 4283 ὢν,
714 4213 961 4270 ἐπότισεν
1019 4216 1183 4271 αὐτὸν
1241 4214 1587 4293 δηλητήριον
1645 4219 1932 4298 φάρμακον
1960 4225 2028 4296 τῇ

345 4304 656 4375 προστάξει
686 4303 786 4357 τοῦ
848 4303 1141 4379 βασιλέως,
1200 4304 1283 4361 ἵνα
1338 4307 1609 4384 ἀποθάνῃ.
1654 4309 1756 4367 Καὶ
1788 4310 1863 4372 ὡς
1891 4308 2027 4367 εἶδεν

339 4388 522 4445 αὐτὸν
605 4386 782 4462 μηδὲν
852 4389 1200 4462 ἀδικηθέντα,
1276 4393 1553 4451 ἐπίστευσε
1632 4402 1714 4471 τῷ
1786 4400 2024 4472 Χριστῷ.

340 4480 492 4535 Εἶτα
568 4477 815 4554 ὠργίσθη
892 4482 921 4536 ὁ
999 4482 1278 4555 βασιλεὺς,
1352 4484 1443 4540 καὶ
1515 4484 1881 4564 ἀπεκεφάλισε
1932 4488 2029 4545 τόν

338 4570 519 4643 ἅγιον
549 4567 929 4642 Θεόπεμπτον.
984 4571 1088 4628 Τὸν
1141 4568 1197 4626 δὲ
1247 4577 1457 4629 Θεωνᾶν
1511 4570 1764 4631 ἐνέϐαλεν
1795 4576 1871 4641 είς
1901 4572 2030 4655 ὄρυ-

2141 2028 2418 2085 manibus
2442 2030 2813 2104 pedibusque
2845 2031 2918 2088 ad
2952 2038 3209 2104 quatuor
3232 2031 3400 2104 palos
3421 2030 3698 2103 alligatis,
3723 2030 3797 2086 ab

2134 2123 2267 2174 octo
2289 2119 2670 2176 carnificibus
2696 2122 2926 2194 asperis
2958 2123 3134 2191 virgis
3179 2121 3445 2178 cazditur.
3476 2121 3788 2175 Pertrans-

2135 2213 2313 2263 eunte
2344 2213 2541 2264 autem
2592 2209 2865 2280 Optione,
2897 2226 2965 2265 ac
2994 2210 3366 2282 Theogenem
3405 2206 3786 2264 contumeliis

2133 2298 2450 2359 afﬁciente,
2484 2298 2760 2370 praedixit
2787 2305 3027 2354 sanctus
3065 2298 3190 2353 fore
3239 2303 3306 2353 ut
3334 2298 3435 2353 ille
3469 2298 3625 2353 brevi
3658 2313 3788 2352 mo-

2133 2393 2382 2443 reretur.
2417 2388 2582 2453 Quod
2615 2394 2672 2443 et
2702 2388 2967 2462 contigit.
3002 2390 3186 2444 Noctu
3234 2404 3374 2443 vero
3405 2404 3538 2443 cum
3592 2387 3791 2442 Domi-

2134 2492 2248 2532 nus
2280 2482 2484 2532 sancto
2543 2485 2876 2549 appareret.
2934 2478 3222 2550 prmCPpit
3252 2477 3328 2545 ei,
3361 2491 3436 2531 ne
3490 2476 3688 2531 cibum
3722 2474 3795 2529 de

2133 2581 2313 2621 manu
2338 2567 2673 2623 Grmcorum
2730 2575 2986 2638 caperet.
3038 2569 3104 2621 In
3154 2582 3390 2622 carcere
3423 2566 3624 2635 itaque
3657 2579 3795 2619 cum

2134 2654 2362 2723 angelis
2393 2654 2704 2728 psallebat.
2742 2657 2965 2712 Deinde
3024 2672 3054 2711 e
3109 2655 3379 2711 custodia
3427 2655 3697 2721 eductus,
3731 2654 3793 2707 in

2136 2761 2298 2802 mare
2330 2748 2663 2819 projicitur,
2703 2747 2906 2819 ibique
2955 2746 3187 2802 vivendi
3246 2745 3429 2802 ﬂnem
3488 2744 3647 2800 fecit.
3683 2744 3793 2808 Qui

2134 2852 2271 2891 vero
2295 2851 2428 2891 eum
2453 2835 2882 2902 demerserant,
2906 2835 3254 2909 paenitentia
3284 2834 3467 2895 ducti,
3500 2834 3560 2888 in
3583 2832 3794 2888 urbem

2135 2925 2442 2980 venientes
2472 2940 2604 2980 cum
2640 2924 2813 2981 turba
2844 2924 3102 2996 plurima
3129 2923 3404 2997 baptizati
3437 2928 3594 2978 sunt.
3647 2922 3791 2993 Ejus

2134 3015 2421 3087 reliquias
2453 3016 2630 3072 tertio‘
2656 3021 2791 3088 post
2837 3015 2932 3072 die
2993 3032 3023 3070 e
3081 3014 3232 3071 mari
3290 3014 3352 3070 in
3383 3013 3526 3069 litus
3578 3012 3788 3085 ejecta,

2135 3104 2413 3180 discipuli
2445 3105 2828 3179 sepelierunt.

2782 3400 3004 3458 Eodem
3053 3401 3151 3457 die

2135 3492 2237 3551 82
2269 3494 2555 3549 Certamen
2583 3493 2761 3549 sancti
2778 3490 3040 3560 martyris
3065 3488 3448 3560 Theopemptt,
3480 3493 3533 3542 et
3566 3487 3794 3543 Theonm

2825 3563 3109 3632 martyris.

2208 3683 2312 3738 Hic
2341 3680 2711 3753 temporibus
2741 3679 3094 3736 Diocletiani
3147 3677 3524 3751 imperatoris
3564 3676 3788 3734 floruit.

2132 3773 2279 3829 Cum
2309 3778 2508 3829 autem
2550 3771 2833 3827 adversus
2863 3769 3230 3826 Christianos
3262 3767 3596 3841 persecutio
3630 3771 3791 3823 mota

2130 3864 2363 3929 fuisset,
2396 3862 2627 3936 primus
2678 3862 2948 3919 omnium
3004 3862 3068 3917 in
3103 3860 3311 3917 eadem
3368 3859 3786 3934 persecutione

2132 3953 2434 4010 Christum
2464 3952 2790 4025 professus,
2840 3950 3111 4023 martyrii
3168 3966 3451 4006 coronam
3515 3949 3782 4020 accepit:

2132 4060 2275 4101 nam
2299 4042 2770 4115 comprehensus
2793 4041 2858 4097 in
2878 4040 3188 4097 ardentem
3218 4039 3462 4096 furnum
3484 4038 3782 4111 injicitur;

2133 4133 2237 4189 sed
2261 4132 2399 4189 inde
2422 4132 2650 4187 illaasus
2672 4131 2950 4199 evadens,
2983 4131 3198 4188 effosso
3231 4128 3541 4186 oculorum
3570 4127 3781 4195 altero,

2131 4222 2414 4295 poculum
2435 4237 2470 4276 a
2484 4222 2724 4277 Theona
2744 4236 2937 4293 mago.
2952 4218 3541 4291 jussuimperatoris,
3559 4233 3787 4273 veneno

2130 4311 2418 4367 infectum
2444 4309 2758 4364 exhaurire
2780 4308 3028 4380 cogitur,
3053 4313 3119 4363 ut
3144 4307 3230 4362 sic
3258 4306 3549 4363 interiret.
3570 4307 3785 4361 Verum

2132 4417 2267 4457 cum
2290 4400 2558 4455 Theonas
2580 4397 2750 4453 illum
2779 4397 2947 4452 nullo
2970 4395 3189 4452 damno
3220 4396 3499 4450 affectum
3520 4394 3784 4461 vidisset,

2131 4491 2196 4546 in
2222 4488 2522 4545 Christum
2551 4486 2825 4542 credidit.
2852 4486 2996 4540 Tum
3032 4485 3116 4540 ira
3137 4483 3574 4539 excandescens
3604 4484 3788 4556 impe-

2130 4585 2312 4647 rator,
2341 4584 2613 4634 sanctum
2635 4576 3102 4647 TheOpemptum
3135 4573 3419 4629 decollari
3450 4572 3785 4639 mandavit;

332 4677 471 4757 γμα
539 4656 771 4731 βόθρου.
826 4659 929 4757 Καὶ
984 4660 1279 4733 προσέταξε
1332 4667 1453 4725 τοῖς
1507 4660 1733 4737 δημίοις
1762 4664 2023 4732 ἐπιθεῖναι

2142 4670 2432 4725 I‘heonam
2454 4683 2591 4723 vero
2631 4666 2693 4721 in
2751 4664 3105 4721 altissimam
3156 4662 3383 4719 foveam
3441 4662 3694 4722 demitti.
3731 4667 3791 4719 et

334 4743 543 4800 ἐπάνω
576 4749 775 4821 χῶμα,
824 4746 910 4801 καί
960 4755 1310 4808 καταπατεῖν.
1344 4751 1443 4806 Καὶ
1478 4751 1676 4809 τούτου
1704 4752 2023 4830 γενομένου,

338 4833 640 4921 ἀπεπνίγη
673 4834 761 4890 καὶ
819 4834 979 4899 αὐτὸς
1037 4835 1091 4892 ἐν
1147 4843 1229 4911 τῷ
1285 4838 1499 4915 ῥηθέντι
1554 4843 1728 4917 τόπῳ·
1761 4844 1851 4899 καὶ
1881 4865 2023 4921 παρ-

338 4920 534 4979 έδωκε
586 4924 692 4992 τὴν
751 4925 1020 5000 μακαρίαν
1075 4928 1246 4984 αὐτοῦ
1302 4931 1489 5007 ψυχὴν
1546 4935 1626 5004 τῷ
1680 4937 1819 5007 Θεῷ·
1853 4931 1922 4990 δι’
1960 4920 2019 4991 δν

341 5012 667 5090 ἀμφότεροι
742 5014 798 5069 οἱ
865 5012 1034 5092 ἅγιοι,
1094 5017 1232 5089 μετᾶ
1292 5017 1515 5091 πολλῆς
1570 5021 1902 5096 προθυμίας,
1958 5026 2022 5082 τὸ

344 5100 496 5159 ἴδιον
530 5105 674 5178 αἷμα
699 5100 885 5181 ἔχεαν,
942 5106 1035 5161 καὶ
1084 5107 1175 5163 τὸν
1232 5107 1440 5183 κόσμον
1471 5111 1806 5187 ἠρνήσαντο,
1834 5114 1927 5172 καὶ
1955 5115 2024 5172 τὰ

344 5191 403 5247 ἐν
433 5192 660 5267 κόσμῳ.

928 5313 1008 5386 τῇ
1056 5311 1197 5387 αὐτῇ
1241 5315 1446 5391 ἡμέρᾳ.

334 5396 623 5482 Ἀθληισις
675 5404 789 5457 τῶν
844 5401 1023 5477 ἁγίων
1081 5400 1338 5482 Ζωσίμου
1393 5410 1665 5482 μοναχοῦ,
1720 5410 1812 5464 καὶ
1856 5411 2022 5476 Ἀθα-

415 5472 606 5602 animi
752 5472 1241 5549 κομένταρησίου’
1350 5472 1810 5554 μαρτυρησάντων
1933 5472 2019 5538 ⁷ἐν

464 5569 476 5600 τ
524 5568 653 5602 ικια.

464 5568 653 5621 macta.

406 5665 466 5729 ’0
518 5670 677 5750 ἅγιος
734 5666 1013 5741 Ζώσιμος
1091 5665 1340 5743 ὑπῆρχεν
1422 5667 1530 5725 ἀπὸ
1586 5671 1863 5741 Κιλικίας,
1914 5675 2018 5744 τήν

316 5752 526 5839 ἧοημον
559 5762 707 5838 μετὰ
736 5761 859 5818 τῶν
924 5753 1139 5830 θηρίων
1196 5754 1389 5816 οἷκῶν-
1443 5759 1751 5834 Κρατηθεὶς
1783 5759 1843 5818 δὲ
1869 5764 2019 5839 παρὰ

300 5859 651 5936 Δομετιανοῦ
710 5852 826 5910 τοῦ
885 5846 1195 5922 ἄρχοντος,
1269 5845 1362 5901 καὶ
1438 5847 1787 5926 ἀναγκασθεὶς
1845 5851 2014 5929 ἀρνή,

2134 4762 2414 4831 congesto
2440 4772 2475 4812 a
2501 4755 2811 4811 lictoribus
2832 4769 3041 4827 aggere
3074 4752 3267 4809 obrui.
3301 4752 3466 4818 Quod
3499 4769 3632 4808 cum
3661 4753 3782 4809 fac-

2131 4851 2258 4903 tum
2288 4851 2465 4913 esset,
2503 4846 2825 4901 suffocatus
2856 4844 2918 4899 in
2950 4859 3018 4898 eo
3066 4842 3195 4899 loco
3251 4841 3487 4899 beatam
3518 4843 3783 4898 animam

2131 4952 2299 4992 suam
2328 4936 2446 4993 Deo
2477 4933 2742 5001 tradidit,
2771 4949 2878 5006 pro
2909 4949 3026 5004 quo
3056 4938 3307 5004 uterque
3330 4938 3571 4988 sanctus
3600 4932 3782 4989 alacri

2128 5026 2329 5083 animo
2358 5025 2669 5099 proprium
2696 5022 3047 5097 sanguinem
3074 5021 3462 5095 profundens,
3491 5022 3780 5080 mundum

2128 5120 2190 5173 et
2212 5132 2346 5189 qua
2374 5115 2439 5173 in
2471 5131 2541 5171 eo
2571 5119 2731 5183 sunt,
2772 5112 3103 5187 abnegavit.

2767 5317 2994 5375 Eodem
3050 5317 3148 5374 die

2128 5412 2229 5469 88
2263 5412 2548 5469 Certamen
2571 5415 2886 5468 sanctorum
2936 5408 3133 5464 Zosimi
3187 5406 3461 5471 monachi,
3518 5410 3571 5459 et
3598 5403 3784 5459 Atha-

2198 5485 2345 5539 nasii
2395 5483 2914 5548 commentariensis,
2947 5481 3049 5550 qui
3101 5481 3161 5533 in
3222 5478 3417 5533 Cilicia
3453 5477 3784 5545 martyrium

2192 5558 2348 5627 passi
2374 5561 2523 5611 sunt.

2197 5673 2448 5730 Sanctus
2466 5671 2735 5729 Zosimus
2749 5669 2898 5726 Cilix
2929 5682 3200 5722 eremum
3231 5679 3367 5720 cum
3396 5661 3540 5719 feris
3570 5661 3774 5721 coluit.

2124 5762 2605 5835 Comprehensus
2634 5766 2837 5819 autem
2871 5774 2908 5814 a
2934 5755 3269 5813 Domitiano
3300 5752 3600 5826 prefecto.
3634 5770 3774 5812 cum

2125 5857 2436 5926 cogeretur
2461 5850 2761 5908 Christum
2786 5847 3102 5919 abnegare,
3131 5849 3192 5899 et
3209 5840 3386 5898 idolis
3414 5843 3774 5914 sacrificare,
