4124 6458
351 440 470 499 243

1678 430 2103 495 MENOLOGII
2149 433 2354 498 PARS
2396 434 2472 496 ll.

3654 437 3775 495 εει

351 591 463 632 nec
486 573 608 628 ulla
638 571 868 628 ratione
899 567 973 624 ad
1005 567 1063 623 id
1091 565 1289 622 induci
1315 573 1536 639 posset.
1557 567 1848 623 ambustis
1870 583 2002 623 can-

2126 567 2307 621 σασθαι
2365 568 2456 622 τὸν
2511 567 2763 644 Χριστὸν,
2822 566 2913 623 καὶ
2971 568 3126 622 θῦσαι
3183 571 3301 629 τοῖς
3360 563 3640 632 εἰδώλοις,
3685 569 3774 625 καὶ

355 664 516 720 denti
551 662 704 716 ferro
738 659 1001 724 auribus,
1035 659 1094 712 in
1129 658 1450 711 ferventem
1511 657 1768 713 lebetem
1801 658 1999 728 injici-

353 759 480 819 tur;
516 752 616 806 sed
647 751 869 804 illmsus
900 747 1174 803 evadens.
1204 747 1433 801 inverso
1465 747 1656 813 capite
1679 763 2004 818 suspensus

354 841 705 914 depectitur.
755 840 1020 908 Cumque
1065 843 1306 891 sanctus
1363 843 1755 906 torqueretur.
1793 837 1883 891 leo
1933 851 2004 890 ex

355 933 589 989 deserto
618 930 678 983 in
713 927 976 982 medium
1010 927 1307 980 theatrum
1341 942 1705 997 progressus.
1743 926 2006 980 humana

353 1037 492 1076 voce
524 1019 818 1074 (Lhristum
868 1017 1047 1071 Deum
1104 1016 1411 1070 confessus
1458 1021 1566 1070 est.
1602 1015 1791 1080 Quare
1823 1015 2002 1069 Atha-

354 1111 561 1166 nasius
618 1104 1178 1163 commentariensis
1234 1104 1449 1159 Christi
1483 1104 1662 1159 fidem
1721 1105 2002 1175 suscepit.

352 1203 513 1256 Tunc
549 1196 780 1252 dimissi
815 1201 956 1249 sunt
983 1211 1017 1250 a
1049 1193 1346 1265 praefecto,
1380 1200 1445 1247 ut
1476 1180 1710 1248 abirent
1739 1210 1854 1265 quo
1885 1193 2007 1248 vel-

355 1289 522 1345 lent:
558 1287 659 1358 qui
712 1286 774 1340 in
837 1289 1102 1338 montem
1154 1289 1552 1348 secesserunt,
1605 1282 1706 1337 ubi
1766 1288 2006 1337 sanctus

355 1379 624 1435 Zosimus
653 1373 1046 1431 Athanasium
1087 1372 1420 1445 baptizavit.
1455 1374 1774 1444 Postquam
1806 1378 2006 1428 autem

351 1470 416 1526 in
447 1472 649 1524 monte
707 1463 1056 1536 aliquandiu
1111 1461 1461 1518 commorati
1505 1462 1778 1528 fuissent,
1824 1461 2007 1518 altam

354 1558 702 1630 speluncam
734 1555 1080 1619 subeuntes,
1114 1552 1363 1608 Domino
1395 1552 1626 1607 animas
1658 1568 1795 1608 suas
1826 1550 2007 1606 tradi-

357 1646 594 1704 derunt.

1007 1820 1226 1896 Eodem
1261 1819 1356 1874 die

570 1912 674 1968 84
706 1897 1157 1966 Commemoratio
1185 1915 1388 1964 sancta:
1432 1908 1771 1979 Syncleticz.

426 2005 640 2058 Sancta
671 1999 1002 2072 Syncletica
1034 1999 1360 2064 nobilibus,
1417 1997 1719 2060 divitibus,
1772 1997 2007 2069 piisque

355 2092 704 2167 parentibus
735 2096 891 2146 nata.
929 2089 1002 2143 ob
1062 2088 1357 2161 insignem
1413 2087 1679 2159 corporis
1733 2086 2006 2155 formam,

357 2189 534 2254 atque
568 2196 712 2252 opes
743 2196 778 2234 a
807 2178 1012 2233 multis
1039 2178 1099 2231 in
1132 2177 1580 2232 matrimonium
1603 2175 1860 2247 expetita
1876 2175 2006 2229 fuit.

353 2275 428 2328 At
457 2271 580 2336 illa,
601 2286 732 2339 quas
762 2283 994 2322 summo
1028 2266 1088 2321 in
1123 2267 1304 2320 Deum
1338 2265 1624 2337 ﬂagrabat
1650 2280 1872 2328 amore,
1907 2280 2008 2318 ne-

354 2361 756 2422 minieorum,
789 2357 890 2427 qui
951 2356 1140 2426 ipsam
1192 2355 1252 2409 in
1284 2371 1528 2409 uxorem
1587 2352 2008 2425 deposcebant,

355 2465 530 2506 aures
561 2446 833 2519 praebuit.
870 2444 974 2499 sed
1004 2443 1247 2499 mundo.
1285 2442 1645 2514 temporaria
1689 2441 2009 2513 voluptate,

359 2544 419 2596 et
445 2538 635 2610 gloria
665 2536 856 2590 valere
882 2534 1089 2603 jussis,
1109 2549 1171 2587 se
1206 2538 1388 2587 totam
1414 2533 1695 2586 virtutum
1723 2531 2008 2586 exercita-

360 2628 507 2682 tioni
538 2623 1000 2681 etcontinentize
1059 2621 1241 2676 dedit.
1276 2623 1420 2675 Cum
1476 2628 1675 2675 autem
1739 2619 2011 2675 diabolus

359 2717 582 2772 multos
613 2715 776 2769 illius
806 2728 1025 2783 agones
1055 2710 1318 2766 vidisset.
1355 2726 1534 2779 seque
1561 2709 1634 2764 ab
1667 2709 1872 2763 eadem
1903 2725 2009 2763 su-

357 2812 652 2878 peratum,
682 2802 950 2873 pluribus
981 2801 1142 2854 illam
1179 2798 1625 2854 tentationibus.
1662 2815 1780 2852 non
1842 2814 2011 2852 secus

359 2913 427 2952 ac
450 2897 592 2952 olim
628 2909 904 2967 magnum
934 2891 1166 2951 Jobum.
1196 2895 1441 2944 vexavit.
1473 2889 1614 2944 Tam
1661 2889 1817 2961 gravi
1852 2887 2011 2944 enim

357 2986 760 3054 diuturnoque
789 2981 992 3036 morbo
1025 2979 1308 3034 afflictata
1337 2985 1446 3034 est.
1480 2985 1548 3033 ut
1578 2985 1764 3033 totum
1798 2994 2012 3049 corpus

357 3072 760 3128 exulceratum
819 3068 1016 3130 luerit,
1054 3073 1113 3120 et
1145 3066 1340 3120 lurida
1370 3065 1504 3120 tabe
1535 3064 1872 3131 deﬂuxerit,
1905 3080 2015 3120 nec

355 3162 673 3232 quisquam
703 3157 778 3212 ad
809 3173 936 3213 eam
970 3156 1253 3212 accedere
1307 3155 1379 3210 ob
1432 3154 1876 3210 intolerabilem
1907 3154 2011 3210 fm-

354 3256 547 3306 torem
579 3247 855 3320 potuerit.
899 3249 1092 3317 Atque
1131 3245 1292 3300 hunc
1340 3244 1402 3299 in
1460 3243 1704 3299 modum
1764 3249 2010 3311 tentata,

355 3339 716 3411 octogesimo
764 3335 956 3392 astatis
1033 3349 1191 3389 anno
1251 3339 1518 3388 sanctam
1569 3333 1833 3389 animam
1891 3333 2009 3388 Deo

360 3427 624 3485 tradidit.

917 3602 1159 3658 EODEM
1208 3601 1460 3657 MENSE.

1004 3693 1106 3747 Die
1163 3692 1376 3761 quinta.

470 3785 567 3841 85
606 3783 1053 3838 Commemoralio
1100 3783 1280 3836 sancti
1303 3781 1590 3850 propheta
1638 3779 1904 3835 Michaaaa.

432 3875 708 3930 Michmas
733 3873 1019 3943 propheta
1047 3887 1116 3924 ex
1139 3868 1378 3941 regione
1400 3868 1615 3923 Iudam!
1632 3868 1744 3923 fuit
1763 3867 1834 3921 de
1860 3866 2016 3922 tribu

362 3963 664 4035 Ephraim.
701 3964 845 4016 Cum
869 3967 1066 4014 autem
1094 3974 1288 4030 regem
1325 3957 1521 4011 Achab
1541 3957 1613 4011 ob
1637 3957 2015 4027 iniquitatem

358 4055 849 4126 impietatemque
918 4065 1084 4104 suam
1145 4047 1556 4119 vehementius
1615 4047 2015 4119 redargueret,

361 4145 436 4201 ad
460 4141 830 4198 iracundiam
856 4139 1446 4210 indignationemque
1470 4137 1636 4191 illum
1663 4136 2014 4202 concitavit;

363 4251 484 4290 non
518 4239 720 4287 tamen
753 4230 825 4286 ob
859 4246 927 4285 eo
957 4228 1305 4284 interfectus
1362 4227 1492 4293 fuit,
1527 4226 1683 4298 quod
1718 4243 1819 4282 rex
1843 4225 2016 4296 judi-

365 4327 524 4380 cium
557 4321 796 4379 veritus.
831 4319 1106 4374 virtutem
1159 4317 1464 4389 prophetas
1506 4316 1854 4388 suspiceret.
1905 4315 2017 4371 Sed

363 4420 600 4470 mortuo
634 4409 857 4476 Achab,
903 4425 1040 4464 cum
1075 4409 1271 4463 Joram
1305 4408 1436 4476 ejus
1467 4406 1626 4461 filius
1656 4422 1836 4478 regno
1865 4405 2016 4477 poti-

363 4509 480 4569 tus,
513 4502 717 4571 inique
750 4515 921 4562 agere
945 4498 1239 4568 coepisset.
1267 4496 1339 4551 ab
1368 4495 1576 4550 eodem
1608 4495 1896 4567 propheta
1926 4494 2018 4548 ob-

356 4591 630 4663 jurgatus
661 4595 788 4643 est:
818 4587 940 4658 qui,
969 4593 1172 4657 utpote
1220 4585 1482 4656 juvenis,
1517 4584 2017 4656 reprehensiones

2039 1927 2086 1992 B

2116 656 2192 728 μή
2251 656 2514 723 πεισθεὶς,
2578 658 2712 729 μετᾶ
2768 655 3009 728 σιδηρῶν
3069 659 3484 732 πεπυρωμένων
3535 658 3600 711 τὰ
3643 658 3779 714 ὠτία

2110 748 2368 817 κατεκάη.
2433 751 2567 803 Εἶτα
2643 748 2722 812 εὛς
2795 743 3002 818 λέϐητα
3057 747 3416 824 καχλάζοντα
3479 742 3780 817 ἐνεϐλήθη.

2114 835 2215 892 Καὶ
2269 834 2440 907 μηδὲν
2502 834 2803 906 ἀδικηθείς,
2863 837 3172 909 ἐκρεμάσθη
3225 839 3362 891 κατὰ
3393 833 3785 914 magal-ﬁgam?-

2113 923 2304 994 ἐξέετο.
2339 929 2772 1000 Τιμωρουμένου
2821 923 2879 980 δὲ
2935 930 3032 980 τοῦ
3086 926 3261 999 ἁγίου,
3317 926 3457 995 ἦλθε
3497 924 3636 981 λέων
3669 926 3780 981 ἀπὸ

2111 1021 2212 1082 τῆς
2274 1015 2485 1088 ἐρήμου
2544 1015 2622 1078 εἷς
2673 1017 2737 1071 τὸ
2794 1018 3038 1091 θέατρον·
3097 1016 3188 1070 καὶ
3237 1015 3504 1085 ἐλάλησεν
3565 1017 3786 1090 ἀνθρω-

2115 1103 2242 1179 πίνῃ
2305 1107 2480 1182 φωνῇ,
2537 1103 2896 1180 ὁμολογήσας
2973 1105 3102 1161 Θεὸν
3185 1107 3277 1160 τὸν
3356 1104 3610 1179 Χριστόν.
3672 1103 3784 1162 Καὶ

2117 1188 2296 1248 ἔπεισε
2395 1194 2638 1269 γενέσθαι
2738 1196 2831 1250 τὸν
2930 1197 3362 1268 κομενταρήσιον
3457 1196 3790 1258 Ἀθανάσιον

2117 1285 2380 1358 Χρισρόν.
2469 1285 2603 1341 Τότε
2680 1283 3028 1354 ἀπελύθησαν
3113 1284 3261 1361 παρὰ
3332 1287 3431 1339 τοῦ
3491 1285 3787 1360 ἂργοντος,

2113 1375 2210 1428 τοῦ
2259 1369 2581 1447 διατρίϐειν,
2635 1371 2775 1429 ὅπου
2835 1373 3148 1448 βούλονται.
3200 1371 3476 1443 Ἀπῆλθον
3510 1371 3567 1428 δὲ
3609 1372 3785 1448 ἐντῷ

2117 1458 2252 1538 ὄρει.
2312 1461 2418 1518 Καὶ
2477 1457 2761 1518 ἐϐάπτισεν
2820 1464 2848 1518 6
2906 1464 3062 1538 ἅγιος
3120 1463 3372 1537 Ζώσιμος
3425 1463 3516 1518 τὸν
3549 1463 3788 1520 Ἀθανά-

2117 1571 2258 1607 σιον.
2291 1550 2390 1606 Καὶ
2425 1553 2618 1627 μικρὸν
2654 1549 3031 1628 διατρίψαντες
3063 1551 3116 1607 ἐν
3147 1553 3226 1626 τῷ
3267 1551 3406 1627 ὀρει,
3438 1553 3554 1607 εἶτα
3588 1553 3791 1608 ὑπεισ-

2117 1639 2366 1704 ελθόντες
2425 1639 2502 1703 είς
2582 1643 2780 1716 πέτραν
2874 1643 3115 1719 βαθεῖαν,
3171 1641 3264 1698 καὶ
3315 1643 3786 1717 προσευχόμενοι,

2117 1732 2438 1806 παρέδωκαν
2469 1732 2565 1794 τὰς
2597 1733 2801 1787 ἑαυτῶν
2835 1733 3018 1807 ψυχας
3045 1737 3124 1803 τῷ
3155 1732 3363 1808 Κυρίῳ.

2186 1817 2198 1828 ’
2687 1823 2769 1894 Τῇ
2819 1820 2956 1896 αὖτῇ
3000 1823 3203 1896 ἡμέρᾳ·

2439 1911 2650 1981 Μνήμη
2700 1917 2802 1980 τῆς
2855 1910 3009 1974 ὁσίας
3052 1909 3454 1986 Συγκλητικῆς.

2186 2002 2245 2052 ’Π
2280 1997 2402 2072 ἁγία
2450 1998 2806 2073 Συγκλητικὴ
2868 1999 3114 2074 ὑπῆρχεν
3175 1999 3402 2074 εὐγενῆς
3457 2000 3547 2055 καὶ
3605 1997 3802 2055 πλουτ

2115 2086 2224 2157 σία,
2258 2089 2499 2162 θυγάτηρ
2541 2089 2743 2162 γονέων
2803 2084 3078 2157 εὐλαϐὧν,
3135 2088 3224 2142 καὶ
3285 2084 3545 2147 εὐσεϐῶν.
3577 2090 3789 2164 Ὑπάρ-

2114 2197 2291 2253 χουσα
2351 2174 2410 2232 δὲ
2467 2174 2766 2254 εὔμορφος,
2826 2177 3139 2247 ἐπεζητεῖτο
3195 2175 3332 2251 πρὸς
3390 2184 3572 2253 γάμον
3639 2177 3802 2252 παρᾶ

2115 2265 2366 2332 πολλῶν,
2400 2266 2462 2322 οὐ
2513 2268 2678 2340 μόνον
2736 2265 2794 2322 δὲ
2846 2265 2935 2322 διὰ
2985 2269 3048 2322 τὸ
3107 2270 3246 2324 εἶναι
3300 2265 3600 2346 εὔμορφος,
3634 2267 3794 2324 ἀλλὰ

2115 2357 2205 2410 καὶ
2265 2353 2353 2410 δια
2409 2357 2472 2411 τὸ
2525 2359 2661 2412 εἶναι
2720 2354 2976 2416 πλουσία.
3037 2358 3101 2414 Ἣ
3161 2355 3218 2412 δὲ
3275 2358 3398 2434 ἁγία
3447 2356 3650 2434 ἔχουσα
3691 2358 3792 2412 τὸν

2115 2445 2252 2518 πρὸς
2282 2447 2376 2500 τὸν
2406 2445 2533 2500 Θεὸν
2592 2445 2764 2509 πόθον
2825 2445 3021 2514 πολὺν,
3080 2447 3230 2509 τινὸς
3281 2453 3390 2502 τῶν
3436 2449 3571 2520 πρὸς
3604 2447 3792 2521 γάμον

2116 2534 2286 2601 αὐτην
2356 2533 2758 2604 ἐπιζητούντων
2820 2535 2919 2590 οὐκ
2975 2533 3195 2605 ἤκουεν·
3257 2535 3387 2592 ἄλλ’
3460 2537 3637 2614 ἀφῆκε
3692 2537 3796 2590 τὸν

2116 2623 2348 2695 κόσμον,
2379 2622 2470 2678 καὶ
2527 2625 2624 2690 τήν
2681 2625 3013 2698 πρόσκαιρον
3072 2623 3280 2694 ἡδονὴν
3321 2627 3414 2680 καὶ
3455 2627 3555 2694 τὴν
3596 2622 3783 2695 δόξανο

2115 2712 2202 2766 καὶ
2261 2709 2529 2768 ἐπέδωκεν
2591 2714 2785 2782 ἑαυτήν
2846 2714 2982 2786 πρὸς
3043 2712 3270 2782 ἄσκησιν
3335 2715 3532 2789 ἀρετῆς
3566 2715 3652 2769 καί
3695 2713 3796 2787 ἐγ-

2115 2803 2390 2876 κράτειαν.
2425 2799 2580 2858 Ἰδὼν
2635 2801 2692 2858 δὲ
2724 2804 2752 2857 ὁ
2785 2797 3051 2867 διάϐολος
3102 2803 3231 2866 τοὺς
3283 2802 3533 2866 πολλοὺς
3568 2805 3792 2879 ἀγῶνας

2118 2889 2310 2959 αὐτῆς,
2365 2891 2454 2945 καὶ
2513 2890 2595 2946 ὅτι
2648 2889 2872 2962 ἐνικήθη
2929 2892 3018 2947 ὑπ’
3071 2891 3260 2962 αὐτῆς,
3321 2892 3587 2966 ἐπήγαγεν
3639 2891 3786 2966 αὐτῇ

2118 2977 2367 3041 πολλοὺς
2408 2979 2768 3055 πειρασμοὺς,
2818 2979 2892 3042 ὠς
2951 2980 3042 3035 καὶ
3096 2985 3178 3053 τῷ
3237 2979 3463 3056 μεγάλῳ
3495 2975 3640 3039 ’[ώϐ.
3671 2985 3786 3034 Το-

2119 3072 2310 3122 σοῦτον
2365 3069 2468 3145 γάρ
2541 3069 2645 3124 ὑπὸ
2727 3068 3035 3145 ἀρρωστίας
3116 3072 3468 3140 κατεπονήθη
3529 3067 3794 3145 χρονίας,

2120 3152 2261 3212 ὥστε
2291 3157 2422 3213 ὅλον
2473 3157 2538 3213 τὸ
2597 3161 2759 3232 σῶμα
2813 3157 3196 3234 πληγωθῆναι,
3244 3159 3336 3214 καὶ
3379 3154 3798 3229 διαϐρωθῆναι,

2123 3248 2213 3302 καὶ
2271 3249 2348 3320 μή
2403 3245 2658 3302 δύνασθαι
2734 3248 2875 3322 αὐτῇ
2951 3249 3311 3324 προσεγγίσαι
3365 3247 3488 3304 τινὰ
3546 3245 3635 3302 διὰ
3683 3249 3794 3316 τὴν

2126 3333 2448 3410 δυσοσμίαν.
2536 3337 2638 3393 Καὶ
2721 3337 2895 3400 οὕτως
2978 3339 3369 3414 πειραζομένη,
3447 3335 3803 3411 ὀγδοήκοντα

2123 3425 2258 3480 ἐτῶν
2306 3424 2650 3502 ὑπάρχουσα,
2703 3425 2804 3494 τήν
2860 3425 3016 3502 ἁγίαν
3076 3427 3246 3497 αὐτῆς
3285 3427 3470 3504 ψυχὴν
3505 3424 3800 3502 παρέδωκε

2121 3518 2201 3587 τῷ
2231 3518 2370 3588 Θεῷ.

2667 3605 2855 3662 MHNI
2893 3607 2986 3703 [ο
3025 3609 3224 3686 ΑΥτφ.

2372 3775 2580 3848 Μνήμη
2612 3778 2710 3829 τοῦ
2753 3774 2908 3850 ἁγίου
2947 3777 3234 3853 προφήτου
3265 3776 3532 3851 Μιχαίου.

2194 3864 2440 3938 Μιχαίας
2491 3865 2520 3919 ὁ
2577 3866 2870 3942 προφήτης
2925 3863 3139 3940 ἐγένετο
3199 3866 3258 3920 ἐκ
3311 3872 3411 3934 τῆς
3461 3867 3648 3942 χώρας
3677 3871 3802 3923 τῶν

2125 3950 2404 4010 Ἰουδαίων
2466 3951 2526 4007 ἐκ
2580 3956 2682 4017 τῆς
2741 3953 2919 4029 φυλῆς
2979 3952 3238 4031 Ἐφραίμ.
3301 3954 3581 4031 Ἐλέγχων
3609 3953 3666 4011 δὲ
3695 3958 3803 4012 τὸν

2129 4043 2358 4118 βασιλέα
2415 4036 2648 4116 Ἀχαάϐ,
2707 4039 2796 4096 διά
2849 4042 2946 4106 τας
3002 4041 3232 4114 ἀδικίας,
3289 4044 3513 4106 καὶτὰς
3546 4046 3797 4119 παρανό-

2131 4152 2265 4204 μους
2325 4129 2490 4185 αὐτοῦ
2546 4130 2788 4204 πράξεις,
2847 4129 3011 4186 ἐκίνει
3063 4131 3222 4186 αὐτον
3257 4131 3334 4194 εἰς
3365 4132 3538 4208 ὀργῆν
3568 4134 3658 4188 καὶ
3692 4145 3802 4198 θυ-

2130 4220 2255 4294 μόν.
2310 4221 2504 4292 ’Όμως
2559 4221 2586 4275 ὁ
2647 4219 2904 4295 βασιλεὺς
2963 4217 3052 4276 διὰ
3104 4223 3202 4290 τήν
3267 4224 3462 4294 ἀρετὴν
3515 4227 3613 4278 τοῦ
3653 4244 3804 4299 προ-

2127 4313 2323 4388 φήτου,
2386 4311 2485 4365 οὐκ
2544 4310 2822 4388 ἐφόνευσεν
2884 4310 3067 4370 αὐτόν.
3125 4311 3302 4369 Ἀλλά
3359 4317 3636 4389 συνετήρει
3693 4336 3804 4391 φο-

2127 4395 2397 4473 ὅοῦμενος
2455 4400 2520 4455 τὸ
2567 4406 2762 4474 κρῖμα,
2817 4401 2907 4455 καὶ
2966 4396 3181 4456 ἐσέϐετο
3240 4401 3396 4457 αὐτὸν
3458 4405 3534 4466 ὡς
3584 4401 3806 4474 ἅνθρω-

2127 4511 2227 4544 πον
2283 4493 2381 4543 τοῦ
2435 4493 2593 4545 Θεοῦ.
2653 4495 2782 4544 *υτε
2839 4487 2897 4544 ὃὶ
2949 4489 3108 4551 αὐτὸς
3171 4492 3269 4562 μὲν
3325 4489 3666 4562 ἐτελεύτησε,
3694 4500 3805 4562 τῆς

2131 4576 2188 4634 δέ
2225 4576 2504 4654 βασιλείας
2553 4576 2818 4650 ἐκράτησε
2873 4579 3084 4651 Ἰωράμ
3139 4579 3166 4634 ὁ
3226 4581 3343 4640 υίὸς
3404 4579 3593 4650 αὐτοῦ,
3634 4582 3810 4654 ἀρξά-

368 4679 630 4735 Μίοὶπιδω
665 4693 817 4748 aegre
857 4676 1076 4737 ferens,
1136 4674 1334 4727 furore
1393 4675 1676 4744 percitus,
1737 4671 2011 4744 praucopil

2134 4687 2295 4741 μενος
2355 4671 2531 4722 ποιεῖν
2593 4667 2884 4739 παράνομα
2947 4665 3155 4726 πολλὰ.
3216 4667 3471 4744 ἠλέγχθη
3525 4669 3670 4739 παρὰ
3696 4674 3807 4724 τοῦ

366 4766 698 4826 lictoribus,
751 4771 817 4818 ut
873 4763 1171 4817 sublatum
1206 4770 1340 4816 eum
1389 4760 1462 4814 de
1521 4767 1816 4832 praerupta
1874 4773 2022 4830 rupe

369 4855 737 4931 praecipitem
760 4853 1105 4922 dejicerent.
1129 4851 1250 4915 Quo
1287 4850 1459 4915 facto,
1486 4848 1857 4904 admirabilis
1889 4865 2023 4920 pro-

370 4947 551 5020 pheta
587 4943 766 4999 flnem
822 4940 1131 5012 praesentis
1183 4940 1318 4994 vita:
1369 4939 1690 5009 accipiens,
1749 4938 2022 5008 spiritum

371 5038 491 5092 Deo
522 5032 780 5088 tradidit.
812 5033 950 5101 Ejus
981 5028 1265 5098 reliquias
1285 5027 1599 5099 propinqui
1624 5027 2024 5092 obvolventes,

374 5129 435 5183 in
471 5133 627 5180 terra
658 5123 846 5194 ipsius
878 5119 1262 5190 sepelierunt,
1309 5119 1629 5190 separatim
1685 5117 1926 5190 quidem
1953 5116 2025 5172 ab

373 5215 526 5278 aliis,
562 5210 666 5268 sed
691 5212 864 5282 juxta
893 5223 1208 5264 commune
1241 5207 1610 5278 sepulcrum.

2131 4757 2417 4832 προφήτου
2477 4755 2566 4809 καὶ
2625 4755 2811 4816 αὐτός·
2872 4755 2960 4810 καὶ
3021 4754 3098 4818 ὡς
3152 4758 3298 4817 νέος.
3367 4759 3442 4830 μή
3501 4755 3810 4830 ὑπομείνας

2130 4845 2222 4901 τὸν
2273 4849 2370 4900 τοῦ
2420 4847 2704 4922 προφήτου
2744 4841 2999 4919 ἔλεγχον,
3048 4846 3126 4906 είς
3167 4844 3335 4920 ὀργῆν
3387 4845 3658 4924 ἀφόρητον
3683 4845 3803 4902 ἐκι-

2132 4937 2298 5005 νήθη.
2333 4935 2432 4992 Καὶ
2480 4933 2801 5007 προσέταξεν
2851 4933 3049 4996 εὐθέως
3107 4940 3222 4996 τοῖς
3282 4932 3506 5008 δημίοις
3541 4936 3662 5010 ἆραι
3695 4935 3802 4991 αὖέ

2132 5026 2224 5081 τὸν
2271 5025 2360 5079 καὶ
2406 5023 2558 5098 ῥῖψαι
2601 5023 2737 5078 κατά
2782 5027 2879 5077 τοῦ
2923 5027 3194 5096 κρημνοῦ.
3251 5026 3352 5083 Καὶ
3400 5025 3598 5081 τούτου
3639 5046 3806 5100 γενο-

2141 5112 2326 5187 μένου,
2379 5113 2441 5169 τὸ
2493 5112 2651 5174 τέλος
2706 5119 2808 5181 τῆς
2865 5111 3146 5182 παρούσης
3207 5120 3352 5184 ζωῆς
3413 5119 3440 5169 ὁ
3489 5117 3808 5188 θαυμαστὸς

2138 5205 2430 5280 προφήτης
2497 5199 2734 5272 ἐδέξατο,
2792 5198 3068 5275 παραδοὺς
3125 5202 3187 5258 τὸ
3244 5207 3453 5276 πνεῦμα
3504 5203 3670 5259 αὑτοῦ
3719 5211 3811 5280 τῷ

374 5300 618 5374 Θεῷ.Τὸ
649 5295 706 5353 δε
732 5297 984 5370 λείψανον
1044 5293 1209 5348 αὐτοῦ
1268 5291 1704 5366 περιστείλαντες
1760 5291 1814 5347 οἱ
1865 5297 2138 5367 συγγενεῖς
2199 5292 2387 5360 αὐτοῦ,
2437 5289 2637 5366 ἔθαψαν
2688 5290 2741 5346 ἐν
2787 5293 2857 5365 τῇ
2885 5293 2958 5365 γῇ
2991 5290 3158 5347 αὐτοῦ
3193 5292 3384 5366 μόνον,
3417 5291 3676 5370 σύνεγγυς
3705 5299 3814 5351 τοῦ

375 5393 560 5449 κοινοῦ
588 5387 785 5462 τάφου.

932 5483 1179 5544 EODEM
1211 5483 1442 5541 MENSE
1455 5523 1467 5542 ς

1060 5572 1162 5629 Die
1191 5576 1358 5628 sexta

547 5668 648 5724 80
683 5670 990 5739 Baptismus
1023 5663 1242 5716 Domini
1269 5661 1446 5714 nostri
1473 5661 1600 5715 Jesu
1633 5659 1858 5715 Christi.

454 5757 601 5812 Cum
649 5757 935 5813 Dominus
980 5769 1049 5809 ac
1103 5752 1257 5807 Deus
1308 5755 1514 5807 noster
1557 5749 1739 5806 vellet
1791 5764 2032 5808 omnem

2693 5480 2876 5538 MHNI
2913 5483 3003 5638 1&9
3041 5480 3248 5562 arre-

2245 5659 2307 5715 ἸΙ
2341 5661 2600 5720 Βάπτισις
2629 5654 2726 5712 τοῦ
2775 5655 2976 5732 Κυρίου
3019 5657 3183 5728 ἡμῶν
3218 5657 3401 5728 Ἰησοῦ
3431 5659 3694 5734 Χριστοῦ.

2213 5745 2562 5820 Βουλόμενος
2609 5747 2639 5802 6
2696 5745 2894 5819 Κύριος
2951 5747 3116 5818 ἡμῶν
3173 5746 3264 5802 καὶ
3325 5747 3455 5806 Θεὸς
3504 5747 3809 5824 πληρῶσαι
