4124 6474
234 387 353 445 247

917 633 1020 688 Die
1056 647 1220 687 nona

423 752 522 810 89
561 754 848 811 Certamen
896 752 1075 807 sancti
1119 753 1380 821 martyris
1419 751 1721 820 Polyeucti.

316 867 493 924 Decio
526 871 585 920 et
617 865 934 920 Valeriano
994 865 1458 937 imperatoribus
1516 865 1732 921 claruit
1790 865 1900 920 iste

248 963 488 1014 sanctus
522 955 797 1010 Melitinaa
829 955 890 1010 in
919 957 1200 1011 Armenia
1250 962 1447 1019 natus,
1481 961 1540 1011 et
1600 957 1661 1011 in
1693 955 1901 1010 eadem

245 1049 483 1121 regione
515 1047 707 1101 miles.
741 1047 887 1101 Cum
918 1052 1117 1102 autem
1150 1064 1300 1102 sasva
1315 1047 1597 1102 adversus
1617 1046 1902 1102 Christia-

246 1155 356 1194 nos
387 1139 720 1210 persecutio
753 1143 913 1193 mota
944 1142 1118 1201 esset,
1152 1137 1314 1208 iique
1345 1137 1407 1192 in
1434 1136 1562 1191 dies
1591 1135 1902 1191 caederen-

246 1235 363 1292 tur,
396 1229 498 1300 qui
529 1229 592 1283 in
633 1229 932 1283 Christum
964 1243 1181 1300 negare
1239 1225 1692 1291 detrectabant;
1721 1241 1791 1280 ea
1840 1241 1903 1280 re

245 1325 548 1392 comperta
597 1325 838 1375 sanctus
895 1318 1274 1389 Polyeuctus,
1330 1316 1631 1371 Christum
1664 1313 1906 1386 quidem

244 1409 442 1482 palam
475 1413 533 1464 et
563 1407 800 1480 publice
844 1407 1029 1462 Deum
1061 1405 1364 1476 professus
1414 1410 1542 1472 est;
1603 1403 1905 1458 idolorum

246 1503 446 1554 autem
477 1497 685 1553 fanum
723 1498 1050 1569 ingressus,
1084 1495 1285 1550 omnia
1324 1493 1486 1549 idola
1534 1492 1903 1549 comminuit.

245 1587 723 1660 Comprehensus
764 1603 924 1657 ergo,
983 1584 1248 1656 praefecti
1295 1583 1472 1654 jussu
1527 1582 1904 1640 cmdebatur:

254 1693 512 1749 cumque
535 1677 849 1749 prmfectus
881 1692 1050 1730 socer
1079 1675 1209 1746 ejus
1240 1678 1416 1743 esset,
1445 1689 1582 1728 eum
1632 1671 1908 1728 hortaba-

253 1772 370 1832 tur,
406 1773 473 1823 ut
501 1767 734 1822 Christo
766 1765 1059 1836 abjurato,
1092 1763 1269 1820 saluti
1298 1781 1420 1818 sum
1449 1763 1810 1819 consuleret.
1847 1764 1911 1816 At

1569 379 2010 443 MENOLOGII
2053 381 2255 443 PARS
2302 382 2379 443 Il.

790 516 1032 572 EODEM
1065 514 1322 572 MENSE.
1925 516 1980 580 Α

3549 389 3676 448 248

2567 517 2748 574 MHNI
2777 521 2861 574 ΤΩ
2893 519 3098 575 ΑΥΤΩ.

2816 640 2870 690 θ,

2184 746 2460 820 ’Δθλησις
2490 754 2587 805 τοῦ
2613 752 2772 826 ἁγίου
2805 753 3080 828 μάρτυρος
3115 752 3488 810 Πολυεύκτου.

2080 865 2200 921 Ἐπὶ
2233 873 2334 935 τῆς
2365 865 2642 942 βασιλείας
2682 869 2870 924 Δεκίου
2926 871 3015 925 καὶ
3077 870 3453 946 Οὖαλεριανοῦ
3489 873 3674 951 ὑπῆρ-

2008 972 2103 1029 χεν
2165 955 2321 1017 οὗτος
2365 956 2604 1032 ὁᾶγιος,
2661 959 2765 1013 ἀπὸ
2824 957 3124 1030 Μελιτινῆς
3181 967 3283 1031 τῆς
3342 963 3664 1036 Ἀρμενίας,

2009 1045 2434 1118 στρατευόμενος
2487 1051 2706 1123 πρῶτον
2761 1049 2813 1103 ἐν
2865 1053 2933 1124 τῇ
2989 1049 3215 1126 τοιαότῃ
3275 1053 3455 1128 χώρᾳ.
3509 1052 3674 1129 Ἐγὲ·

2008 1152 2130 1187 νετο
2185 1130 2244 1188 δέ
2295 1131 2539 1208 διωγμὸς
2587 1140 2697 1191 τῶν
2757 1143 3094 1212 Χριστιανῶν
3159 1139 3343 1214 μέγας,
3397 1142 3486 1195 καὶ
3549 1141 3679 1196 καθ’

2011 1222 2221 1297 ἡμέραν
2274 1221 2572 1295 ἔσφαζοντο
2631 1228 2683 1280 οἱ
2739 1227 2831 1282 τὸν
2889 1228 3122 1303 Χριστὸν
3184 1230 3261 1302 μὴ
3320 1229 3676 1305 ἀρνούμενοι.

2012 1313 2210 1376 Μαθὼν
2272 1310 2330 1368 δε
2385 1319 2547 1370 τοῦτο
2579 1316 2606 1369 ὁ
2639 1317 2792 1392 ἅγιος
2843 1315 3209 1387 Πολύευκτος,
3266 1320 3362 1374 τὸν
3397 1320 3492 1392 μὲν
3527 1323 3676 1396 Χρι-

2013 1402 2138 1455 στὸν
2185 1401 2262 1463 εἷς
2314 1403 2377 1458 τὸ
2435 1406 2662 1479 φανερὸν
2723 1407 2854 1460 Θεὸν
2910 1404 3295 1480 ὡμολόγησιν,
3329 1408 3405 1471 εἰς
3465 1406 3524 1464 δὲ
3575 1410 3670 1465 τὸν

2011 1491 2132 1545 ναὸν
2178 1491 2285 1545 τῶν
2345 1490 2593 1548 είδώλων
2654 1493 2936 1564 εἰσελθὼν,
2969 1499 3142 1551 πάντα
3171 1499 3238 1553 τὰ
3285 1495 3489 1553 εἴδωλα
3547 1520 3682 1554 συν-

2013 1577 2226 1656 ἐτριψεν
2263 1624 2275 1637 .
2334 1581 2429 1636 Καὶ
2482 1583 2607 1637 τότε
2663 1585 2954 1658 κρατηθεὶς
3012 1586 3158 1659 παρὰ
3240 1591 3337 1642 τοῦ
3405 1585 3683 1664 ἄρχοντος

2014 1667 2310 1739 ἐκολάζετο
2345 1715 2359 1730 .
2419 1671 2480 1729 Ὁ
2535 1669 2593 1728 δὲ
2651 1671 2842 1750 ἄρχων
2896 1675 2962 1744 ἦν
3026 1677 3280 1749 πενθερὸς
3336 1677 3522 1748 αὑτοῦ,
3581 1681 3676 1735 καὶ

2013 1759 2312 1834 παρεκάλει
2364 1762 2526 1817 αὐτὸν
2586 1764 2919 1837 ἀρνήσασθαι
2976 1766 3069 1821 τὸν
3134 1767 3392 1841 Χριστὸν,
3445 1770 3537 1823 ἳνα
3596 1770 3678 1841 μή

255 1856 359 1911 ille
391 1856 758 1927 compellans
816 1854 1146 1909 Nearchum
1205 1853 1462 1907 amicum
1511 1868 1718 1907 suum:
1757 1851 1907 1919 Vidi,

2044 1848 2279 1926 εποθανη.
2339 1851 2393 1905 Ὀ
2448 1848 2506 1905 δὲ
2563 1852 2664 1907 οὐκ
2720 1851 2968 1923 ἐπείσθη,
3031 1851 3177 1908 ἀλλᾶ
3225 1858 3342 1911 εἷπε
3397 1857 3533 1932 πρὸς
3583 1857 3682 1912 τὸν

256 1946 472 2016 inquit.
506 1946 568 1999 in
621 1944 848 1999 somnis
879 1942 1179 1997 Christum
1235 1958 1434 1997 meum
1466 1943 1824 2008 venientem,
1858 1947 1916 1996 et

259 2034 591 2106 pretiosum
626 2032 772 2086 mihi
805 2047 1009 2104 sagum
1064 2031 1432 2085 al‘l'erentem.
1499 2032 1915 2086 Verumtamen

254 2127 557 2177 memento
580 2121 720 2176 mei.
755 2121 965 2176 amice.
996 2119 1217 2175 Aderat
1251 2121 1382 2190 ejus
1439 2136 1608 2188 uxor,
1660 2133 1917 2189 eumque

254 2211 556 2274 monebat,
589 2216 656 2266 ut
684 2210 747 2266 in
794 2210 911 2266 ﬁde
943 2209 1166 2264 Christi
1215 2215 1496 2265 constans
1517 2213 1694 2264 esset.
1727 2209 1917 2273 Quare

249 2301 474 2373 gratias
504 2317 684 2373 agens
716 2299 1047 2355 decollatus
1079 2303 1194 2353 est.

902 2416 1121 2472 Eodem
1174 2415 1270 2472 die

257 2537 361 2609 90
423 2538 883 2598 Commemoratio
909 2539 1246 2592 sacrosancti
1274 2535 1568 2606 martyris,
1619 2542 1671 2592 et
1714 2539 1923 2605 confes-

834 2611 972 2665 soris
1030 2609 1347 2665 Theoctisti.

991 2727 1184 2782 Deest.

911 2840 1135 2897 Eodem
1192 2840 1289 2896 die

335 2959 429 3015 91
470 2960 918 3016 Commemoratio
960 2961 1144 3086 sinzt'i
1203 2965 1257 3015 et
1314 2959 1544 3029 gloriosi
1569 2959 1852 3032 praphetce

1038 3048 1065 3085 c
1108 3047 1209 3086 ιω.

1038 3047 1176 3086 ϐηῑω
1197 3073 1209 3086 .

335 3147 450 3201 Iste
483 3149 725 3201 sanctus
754 3151 812 3201 et
857 3145 1159 3216 gloriosus
1219 3145 1515 3219 pr0pheta
1572 3145 1787 3202 Achias
1815 3145 1931 3202 fuit

2023 1937 2186 2013 φίλον
2224 1940 2391 1994 αὐτοῦ
2423 1941 2698 2018 Νέαρχον,
2733 1942 2815 1998 ὅτι
2851 1945 3154 2018 Ἐθεώρουν
3185 1946 3276 2001 τὸν
3305 1947 3536 2018 Χριστὸν
3573 1968 3684 2020 μου

2022 2025 2254 2108 ἐλθάντα
2286 2029 2337 2084 ἐν
2371 2029 2543 2102 ὕπνῳ,
2585 2032 2673 2086 καὶ
2719 2033 3021 2108 φορέσαντά
3068 2055 3160 2104 μοι
3189 2033 3425 2108 χλανίδα
3457 2035 3688 2108 ὡραίαν.

2020 2106 2201 2173 Ἀλλᾶ
2259 2117 2438 2191 μέμνη
2455 2140 2517 2174 σο
2581 2106 2740 2192 μου,-
2771 2121 2917 2195 φίλε.
2951 2123 3013 2179 ἹῙ
3048 2120 3106 2176 δὶ
3151 2106 3288 2199 γυνή
3349 2106 3516 2179 αὐτοῖς
3549 2144 3692 2200 παρα

2023 2205 2207 2260 εκᾶΑει
2238 2207 2420 2278 αὐτὸν,
2480 2207 2736 2282 ἐμμένειν
2785 2213 2854 2284 τῇ
2909 2211 3088 2266 πίστει
3146 2215 3243 2267 τοῦ
3294 2214 3553 2286 Χριστοῦ.
3591 2213 3696 2268 Διὰ

2024 2299 2190 2350 ταῦτα
2225 2299 2340 2369 μετ’
2373 2298 2726 2373 εὐχαριστίας
2751 2297 2964 2372 ἐτμήθη
2995 2301 3096 2369 τὴν
3129 2299 3396 2379 κεφαλήν.

2604 2419 2690 2491 Τῇ
2747 2415 2885 2491 αὐτῇ
2937 2416 3122 2493 ἡμέρᾳ

2032 2533 2242 2605 Μνήμη
2300 2537 2629 2589 Θεοκτιστου
2686 2533 3110 2610 ἱερομὰρτυρος,
3167 2532 3258 2590 καὶ
3318 2532 3700 2611 ὁμολογητοᾶ

2758 2721 2967 2779 Λείπει.

2626 2841 2704 2912 τῇ
2737 2841 2872 2913 αὐτῇ
2906 2838 3094 2916 ἡμέρᾳ

2140 2955 2262 3025 Μνή
2277 2975 2353 3028 μη
2380 2957 2478 3009 τοῦ
2507 2954 2669 3030 ἁγίου
2707 2955 2797 3010 καὶ
2828 2951 3047 3026 ἐνδόξου
3078 2956 3366 3034 προφήτου
3399 2954 3581 3030 ’Δχιιὶ

2104 3147 2278 3206 Οὗτος
2308 3144 2336 3197 ὁ
2366 3142 2519 3218 ἅγιος
2561 3143 2649 3197 καὶ
2708 3139 2922 3213 ἓνδοξος
2967 3144 3259 3220 προφήτης
3310 3142 3476 3219 Ἀχιᾶ
3531 3143 3713 3217 ὑπῆρ-

267 3251 336 3290 ex
358 3233 577 3289 Seloim
610 3249 680 3288 ex
710 3233 943 3289 civitate
975 3234 1085 3301 Eli,
1110 3233 1210 3289 ubi
1243 3234 1386 3289 olim
1418 3234 1658 3290 fuerant
1685 3235 1916 3291 Iudaeo-

2044 3253 2131 3308 χεν
2163 3232 2270 3288 ἀπὸ
2304 3231 2584 3304 Σηλωήμ,
2628 3229 2688 3286 ἐκ
2737 3239 2838 3301 τῆς
2896 3230 3116 3295 πόλεως
3171 3233 3347 3300 ἹΙλεί,
3399 3231 3538 3288 ὅπου
3567 3233 3634 3301 ἦν
3669 3233 3708 3301 ἡ

270 3340 406 3380 rum
437 3323 843 3378 tabernacula.
893 3323 1172 3378 Praedixit
1224 3329 1424 3379 autem
1485 3323 1556 3379 de
1618 3324 1934 3381 Salomone

271 3412 562 3485 propheta
592 3427 660 3467 ac
690 3428 847 3485 rege,
889 3411 1048 3483 quod
1080 3413 1574 3483 praevaricaturus
1607 3419 1784 3482 esset,
1819 3414 1936 3469 Do-

275 3502 626 3574 minumque
659 3502 998 3558 offensurus
1024 3518 1036 3556 :
1063 3502 1233 3573 cujus
1261 3501 1452 3557 verbis
1479 3502 1658 3557 fidem
1691 3509 1937 3559 eventus

276 3591 436 3648 fecit.
467 3591 886 3647 Jeroboamum
915 3591 1093 3647 etiam
1139 3592 1548 3664 reprehendit,
1583 3592 1742 3664 quod
1800 3609 1936 3648 cum

282 3680 416 3737 dolo
440 3680 775 3736 ambularet
795 3698 994 3735 coram
1019 3682 1157 3736 Deo.
1184 3683 1478 3737 Praeterea
1498 3681 1560 3736 in
1583 3683 1808 3737 visione
1831 3699 1938 3754 par

279 3769 459 3824 boum
492 3770 653 3827 vidit.
689 3771 787 3840 qui
814 3771 1100 3842 populum
1133 3772 1564 3827 conculcabant
1585 3778 1644 3826 et
1673 3779 1938 3843 protere-

278 3857 441 3924 bant,
459 3857 915 3927 sacerdotesque
939 3859 1420 3913 insectabantur:
1449 3860 1939 3930 prophetavitque

277 3945 403 4001 fore
435 3950 501 4000 ut
532 3945 785 4016 populus
814 3945 1153 4000 Judmorum
1183 3963 1215 4000 a
1245 3947 1523 4018 gentibus
1555 3949 1938 4003 conculcare-

279 4041 470 4098 retur,
493 4035 554 4089 in
585 4035 982 4106 captivitatem
1006 4035 1421 4092 abduceretur.
1447 4035 1600 4091 fame
1625 4037 1941 4092 conﬁcere-

280 4131 464 4188 retur,
497 4124 836 4179 sacerdotes
867 4142 988 4196 prae
1024 4126 1233 4181 timore
1266 4125 1462 4194 fugam
1494 4127 1848 4198 arriperent,
1882 4131 1942 4181 et

280 4212 487 4269 multis
529 4213 811 4268 aerumnis
866 4221 1236 4269 vexarentur.
1276 4215 1428 4279 Ηωο,
1482 4220 1542 4271 et
1596 4215 1768 4287 plura
1824 4215 1943 4271 alia

284 4303 580 4376 praedixit,
614 4310 671 4359 et
699 4310 970 4360 mortuus
993 4311 1104 4374 est,
1130 4305 1518 4378 sepultusque
1547 4322 1732 4378 prope
1765 4323 1942 4378 quer-

291 4411 432 4452 cum
452 4396 514 4452 in
546 4396 748 4452 Silom.

850 4601 1092 4658 EODEM
1121 4601 1378 4659 MENSE.

931 4718 1038 4774 Die
1075 4718 1310 4773 decima

363 4832 466 4889 02
497 4832 953 4887 Commemaratio
980 4835 1161 4888 sancti
1197 4824 1449 4903 Gregorii
1477 4833 1657 4904 Nyssm
1687 4833 1950 4904 episCOpi.

369 4947 568 5004 Casilii
598 4948 796 5021 magni
824 4949 1104 5005 Caesareas
1132 4949 1514 5021 Cappedocim
1538 4949 1798 5020 episcopi
1821 4965 1952 5021 ger-

298 5055 513 5097 manus
531 5039 712 5094 frater
740 5039 852 5093 fuit
882 5039 992 5093 iste
1013 5046 1252 5094 sanctus
1297 5041 1608 5111 Gregorius
1664 5039 1958 5111 sapientia

299 5142 368 5183 ac
389 5126 602 5181 virtute
633 5126 904 5197 insignis.
927 5133 1396 5198 eoquetempore
1411 5127 1729 5199 episcOpus
1757 5129 1955 5198 Nyssaa

301 5222 535 5273 creatus
566 5223 675 5283 est,
709 5233 826 5287 quo
859 5216 1029 5271 multi
1077 5217 1339 5272 haeretici
1373 5215 1738 5272 orthodoxos
1769 5231 1958 5286 oppu-

301 5305 582 5379 gnabant.
616 5305 865 5361 Sanctus
897 5306 1076 5379 igitur
1105 5323 1268 5364 nunc
1295 5323 1366 5361 ex
1392 5311 1734 5361 sanctarum
1768 5304 1958 5376 Scrip-

304 5401 575 5451 turarum
606 5395 965 5450 testimoniis
984 5411 1182 5450 coram
1215 5393 1598 5466 disputando,
1633 5409 1794 5448 nunc
1816 5392 1960 5448 scri-

301 5484 520 5546 bendo.
541 5485 677 5541 illos
700 5501 911 5540 omnes
933 5485 1249 5556 superavit.
1269 5485 1665 5554 hmresimque
1685 5482 1962 5538 extermi-

309 5575 507 5629 navit:
533 5591 787 5645 cumque
821 5574 1096 5628 secunda:
1122 5573 1370 5645 synodo,
1390 5590 1522 5644 quas
1553 5573 1968 5628 Constantino-

311 5663 436 5730 poli
469 5669 600 5718 acta
630 5669 737 5728 est,
782 5664 1122 5731 interesset,
1157 5669 1321 5718 tanta
1351 5678 1497 5716 usus
1529 5667 1619 5716 est
1671 5659 1967 5716 sermonis

309 5749 615 5819 facundia,
637 5757 702 5808 ut
721 5752 1138 5811 haareticorum
1167 5767 1270 5810 ora
1290 5751 1668 5821 obstruxerit,
1693 5750 1967 5808 etortho-

317 5841 502 5899 doxos
542 5855 775 5900 summo
805 5845 1019 5918 gaudio
1049 5845 1331 5902 effecerit.
1365 5842 1509 5902 Inde
1541 5842 1615 5901 ad
1647 5841 1966 5901 ecclesiam

2044 3325 2217 3393 σκηνὴ
2266 3326 2376 3378 τῶν
2436 3317 2713 3377 Ἰόόδαίων
2765 3323 2902 3378 κατᾶ
2955 3323 3018 3378 τὸ
3074 3321 3329 3398 ἀρχαῖον.
3383 3323 3557 3387 Οὗτος
3587 3318 3648 3377 δὲ
3681 3322 3712 3375 ὁ

2043 3413 2336 3490 προφήτης
2422 3411 2538 3467 εἶπε
2612 3412 2735 3486 περὶ
2812 3410 3183 3484 Σολομῶντος
3265 3416 3362 3467 τοῦ
3419 3413 3714 3490 προφήτου

2044 3503 2135 3558 καὶ
2191 3499 2512 3578 βασιλέως,
2597 3499 2677 3556 ὅτι
2769 3500 2963 3574 μέλλει
3049 3506 3271 3556 πταῖσαι
3352 3501 3441 3556 καὶ
3531 3521 3715 3576 προσ-

2042 3596 2270 3666 κροῦσαι
2355 3591 2436 3662 τῷ
2523 3590 2728 3665 Κυρίῳ.
2806 3590 2956 3660 Καὶ,
3039 3591 3218 3653 καθὼς
3293 3593 3483 3661 εἶπεν,
3561 3591 3711 3646 οὕτω

2041 3681 2132 3735 καὶ
2232 3679 2459 3754 ἐγένετο.
2539 3679 2769 3754 ’Ἠλεγξε
2845 3677 2902 3734 δὶ
3001 3679 3091 3735 καὶ
3191 3680 3286 3735 τὸν
3388 3675 3712 3755 Ἰεροϐοαμ,

2045 3771 2127 3825 δτι
2187 3770 2322 3842 μετὰ
2389 3766 2557 3823 δόλου
2643 3768 2930 3841 ἐπορεύετο
3005 3768 3234 3824 ἐνώπιον
3303 3770 3516 3843 Κυρίου
3575 3767 3710 3826 Εἶδε

2043 3858 2134 3913 καὶ
2193 3858 2243 3913 ἐν
2305 3857 2539 3928 ὀπτασίᾳ
2623 3861 2813 3933 ζεῦγος
2892 3859 3060 3933 βοῶν,
3119 3858 3202 3914 ὅτι
3259 3858 3547 3914 κατεπάτει
3607 3860 3707 3915 τὸν

2046 3945 2201 4015 λαὸν,
2233 3948 2322 4002 καὶ
2368 3941 2664 4019 συνέτριϐε,
2717 3946 2805 4002 καὶ
2861 3953 2970 4003 τῶν
3026 3947 3213 4019 ίερὲων
3268 3947 3578 4023 κατέτρεχε·
3614 3949 3713 4004 καὶ

2044 4039 2464 4113 προεφήτευσεν,
2525 4038 2611 4091 ἀτι
2673 4033 2866 4109 μέλλει
2903 4037 2930 4090 ὁ
2962 4034 3096 4099 λαὸς
3135 4041 3242 4092 τῶν
3296 4034 3567 4092 Ἰουδαίων
3602 4037 3715 4092 ὑπὸ

2045 4125 2208 4190 ἐθνῶν
2285 4126 2782 4195 καταπατηθῆναι,
2847 4125 2934 4179 καὶ
2996 4123 3513 4199 αἶ’χμαλωτισθῆναι
3549 4170 3564 4192 ,
3615 4125 3715 4180 καὶ

2050 4217 2153 4270 ὑπὸ
2191 4212 2361 4286 λιμοῦ
2413 4212 2796 4290 διαφθαρῆναι·
2848 4213 2936 4268 καὶ
2968 4213 3021 4267 οἱ
3053 4215 3216 4285 ἱερεῖς
3248 4213 3353 4267 ὑπὸ
3404 4217 3502 4267 τοῦ
3533 4206 3715 4290 φόϐου

2047 4309 2258 4380 φυγεῖν,
2305 4303 2394 4358 καὶ
2455 4303 2642 4358 πολλᾶ
2697 4303 3107 4377 τιμωρηθῆναι·
3167 4307 3338 4357 ταῦτα
3394 4299 3452 4357 δὲ
3491 4323 3719 4379 προφη-

2044 4394 2256 4463 τεύσας,
2287 4394 2377 4448 καὶ
2411 4391 2556 4448 ἄλλα
2585 4397 2839 4464 πλεῖστα,
2893 4391 3146 4462 ἀπέθανε,
3207 4391 3299 4447 καὶ
3355 4391 3525 4466 ἐταφη
3589 4391 3718 4446 σύν-

2049 4506 2212 4561 εγγυς
2241 4491 2344 4555 τῆς
2382 4481 2570 4561 δρυὸς,
2602 4483 2656 4542 ἐν
2687 4487 2757 4558 τῇ
2785 4481 3057 4560 λεγομένῃ
3087 4482 3326 4556 Σηλώμ.

1976 4603 2028 4666 D
2620 4601 2801 4658 MHNI
2831 4604 2920 4654 'ro
2955 4600 3154 4656 ArTn.

2873 4715 2910 4770 Ι,

2135 4832 2344 4902 Μνήμη
2400 4833 2496 4884 τοῦ
2528 4828 2682 4906 ἁγίου
2713 4830 3026 4905 Γρηγορίου
3074 4828 3375 4885 ἐπισκόπου
3405 4826 3648 4898 Νύσσης.

2134 4948 2246 5003 Τὸῦ
2330 4943 2577 5019 μεγάλου
2657 4944 2949 5003 Βασιλείου
3035 4945 3338 5000 ἐπισκόπου
3403 4940 3732 5018 Καισαρείας

2064 5037 2160 5107 τῆς
2188 5033 2574 5097 Καππαδοκίας
2623 5035 2689 5104 ἦν
2749 5032 2907 5096 οὗτος
2941 5036 2968 5090 ὁ
3021 5035 3174 5110 ἅγιος
3235 5033 3534 5110 Γρηγόριος
3564 5029 3732 5088 ἀδελ-

2067 5123 2166 5198 φὸς
2195 5124 2442 5197 γνήσιος·
2491 5122 2708 5197 ὑπῆρχε
2765 5119 2824 5176 δὲ
2874 5122 3039 5198 σοφὸς
3095 5120 3185 5176 καὶ
3245 5121 3515 5194 ἐνάρετος·
3579 5119 3629 5190 ἐξ
3665 5118 3731 5173 οὗ

2067 5215 2156 5270 καὶ
2214 5212 2426 5288 ἐγένετο
2511 5211 2587 5274 εἰς
2647 5212 2862 5282 Νύσσην
2953 5211 3268 5272 ἐπίσκοπος.
3330 5211 3475 5266 Κατά
3532 5207 3589 5263 δὲ
3633 5208 3730 5263 τὸν

2068 5303 2255 5374 καιρὸν
2311 5301 2519 5358 ἐκεῖνον
2577 5299 2823 5376 ὲγὲνοντο
2877 5299 3082 5356 πολλοὶ
3140 5300 3428 5374 αἱρετικοὶ,
3460 5299 3550 5353 καὶ
3595 5296 3731 5352 ἐπο-

2072 5388 2278 5462 λέμουν
2307 5387 2434 5450 τοὺς
2493 5385 2838 5462 ὀρθοδόξους’
2895 5385 3023 5443 ἀλλ’
3081 5387 3289 5448 οὗτοςὸ
3322 5387 3474 5461 ἅγιος
3526 5383 3734 5439 ἄλλοτε

2074 5477 2466 5551 διαλεγόμενος
2497 5477 2683 5540 αὐτοῖς
2713 5477 2818 5532 ἀπὸ
2846 5480 2955 5531 τῶν
3016 5475 3180 5550 ἁγίων
3240 5478 3492 5549 Γραφῶν,
3527 5471 3736 5528 ἄλλοτε

2074 5568 2320 5644 γράφων,
2354 5568 2557 5631 πάντας
2613 5564 2848 5635 ἐνίκησε,
2879 5565 2970 5619 καὶ
3029 5565 3129 5633 τήν
3189 5564 3395 5636 αἳρεσιν
3447 5564 3732 5640 ἠφάνισεν.

2075 5657 2328 5732 Εὐρεθεές
2362 5653 2420 5710 δὲ
2464 5655 2554 5711 καὶ
2612 5655 2687 5716 εἰς
2741 5656 2840 5724 τὴν
2904 5653 2954 5710 ἐν
3020 5651 3588 5710 Κωνσταντινουπόλει
3621 5649 3742 5707 δευ-

2075 5767 2228 5825 τεραν
2282 5743 2532 5815 σύνοδον,
2593 5741 2766 5808 οὕτως
2815 5741 2906 5801 διὰ
2962 5743 3128 5820 λόγου
3183 5739 3606 5820 ἡνδραγάθησεν,
3663 5741 3743 5806 ὡς

2077 5836 2346 5916 ἰμφράξαι
2376 5840 2485 5892 τῶν
2514 5835 2803 5914 αἱρετικῶν
2836 5833 2907 5891 τὰ
2963 5834 3229 5912 στόματα,
3289 5831 3424 5897 τοὺς
3457 5829 3517 5888 δὶ
3574 5830 3740 5911 ὀρθο-
