4124 6438
267 389 386 456 249

1729 398 2206 462 JANUABIUS.

3588 403 3707 464 250

269 521 460 596 δόξους
489 527 672 600 χαρᾶς
705 521 1038 599 πληρῶσαι.
1069 527 1334 599 Ἐξελθὼν
1368 526 1424 585 δὲ
1456 529 1533 594 εἰς
1585 533 1688 601 τὴν
1739 530 1943 601 ἐκκλη-

2064 548 2224 589 suam
2255 549 2548 596 reversus.
2579 538 2895 606 postquam
2953 549 3192 606 gregem
3247 549 3423 589 suum
3481 535 3708 605 optime

265 615 384 672 σίαν
442 615 615 670 αὐτοῦ
673 617 769 670 καὶ
827 617 894 672 τὸ
944 617 1222 691 ποίμνιον,
1278 623 1371 675 καὶ
1429 619 1618 684 καλῶς
1677 621 1939 696 ἐκθρέψας

265 703 395 761 αὐτὸ
421 704 512 760 καὶ
546 707 852 777 ποιμάνας,
885 707 978 762 καὶ
1010 706 1229 771 πολλάς
1267 704 1500 786 βίϐλους
1557 711 1943 776 θεοπνεύστους

263 796 363 852 καὶ
392 795 753 873 ψυχωῳελεῖς
788 798 1268 873 συγγραψάμενος,
1320 798 1371 855 ἐν
1421 801 1581 875 τιμίᾳ
1628 801 1801 873 πολιᾷ
1851 799 1940 854 καὶ

267 889 429 957 καλῷ
475 887 624 962 γήρᾳ
677 888 820 963 πρὸς
892 887 1086 963 Κύριον
1170 886 1474 963 ἐξεδήμησε
1553 892 1763 968 χαίρων
1851 889 1940 946 καὶ

274 975 485 1052 ἀγαλλό
495 996 625 1048 μενο
634 997 660 1038 ς
669 1021 682 1034 .

871 1096 952 1166 Τῇ
993 1091 1138 1166 αὖτῷ
1177 1095 1363 1168 ἡμέρᾳ
1648 1155 1655 1161 .

291 1183 490 1255 Μνήμη
546 1184 646 1236 τοῦ
703 1179 865 1236 ὁσίου
919 1182 1346 1258 ματρὸς-ἡμῶν
1422 1189 1757 1258 Δομετιανοῦ
1815 1184 1938 1240 ἐπι-

835 1252 1046 1308 σκόπου
1076 1252 1396 1325 Μελιτινῆς.

351 1365 476 1422 Ἐπὶ
510 1371 610 1433 τῆς
654 1361 936 1439 βασιλείας
998 1366 1293 1422 Ἰουστίνου
1351 1371 1448 1422 τοῦ
1505 1373 1717 1443 Μικροῦ
1783 1389 1945 1444 γεγο-

275 1474 361 1508 νεν
395 1454 562 1514 οὗτος
591 1455 620 1509 6
652 1456 824 1530 ἅγιος,
881 1455 999 1518 υἱὸς
1054 1456 1256 1530 γονέων
1305 1459 1640 1530 Χριστιανῶν
1693 1453 1942 1513 εύλαϐὦν

274 1545 365 1598 καὶ
398 1542 709 1600 πλουσίων.
743 1541 1043 1620 Ἐδιδάχθη
1081 1542 1139 1600 δὲ
1177 1546 1324 1620 παρᾶ
1368 1549 1478 1601 τῶν
1526 1543 1728 1618 γονέων
1779 1547 1943 1603 αὐτοῦ

275 1637 452 1688 πᾶσαν
495 1631 779 1688 παίδευσιν
837 1638 948 1688 τῶν
1001 1655 1062 1689 τε
1115 1633 1216 1708 ἔξω
1273 1637 1637 1712 γραμμάτων,
1696 1638 1786 1691 καὶ
1842 1644 1944 1707 τῆς

279 1722 427 1784 θείας
476 1728 716 1799 Γραφῆς.
772 1717 978 1778 Ἒλαὸε
1035 1719 1091 1777 δὲ
1145 1722 1234 1777 καὶ
1294 1729 1524 1798 γυναῖκα
1584 1719 1791 1795 εὐλαϐῆ
1849 1725 1940 1781 καὶ

290 1813 513 1880 πιστήν,
560 1809 734 1868 Ἀλλά
791 1810 1005 1887 ταχέως
1054 1810 1267 1882 ἐκείνης
1321 1812 1717 1885 ἀποθανούσης,
1777 1813 1939 1875 αὐτὸς

2052 622 2322 689 rexisset,
2353 624 2696 694 multosque
2722 623 2940 678 animas
2973 623 3266 678 salutares
3299 622 3484 678 libros
3507 624 3707 679 divino

2051 713 2289 770 afﬂatus
2320 714 2566 770 nurnine
2598 715 2955 786 scripsisset,
2989 715 3049 770 in
3077 715 3419 770 veneranda
3467 715 3710 784 canitie,

2052 809 2112 858 et
2129 805 2355 875 optima
2376 810 2680 860 senectute
2702 805 2775 860 ad
2797 805 3114 861 Dominum
3147 805 3322 860 laetus
3355 810 3413 860 et
3443 804 3709 877 gaudens

2054 895 2382 967 emigravit.

2695 1102 2919 1159 Eodem
2948 1102 3045 1159 die

2051 1195 2154 1251 98
2188 1195 2645 1251 Commemoratio
2690 1197 2867 1249 sancti
2920 1196 3103 1248 Patris
3159 1195 3336 1249 nostri
3403 1194 3714 1250 Domitiani

2604 1268 2846 1337 episcopi
2875 1268 3167 1323 Melatinae.

2125 1394 2354 1450 Justino
2379 1393 2621 1449 Juniore
2652 1393 2983 1464 imperante
3031 1392 3247 1448 claruit
3286 1392 3396 1447 iste
3445 1397 3709 1461 sanctus,

2052 1483 2426 1550 Christianis,
2486 1482 2622 1554 piis,
2675 1482 3072 1554 divitibusque
3116 1481 3465 1554 parentibus
3512 1486 3710 1546 natus,

2054 1577 2233 1642 atque
2264 1569 2336 1625 ab
2365 1570 2579 1626 iisdem
2637 1570 2920 1627 omnibus
2979 1577 3105 1626 tum
3158 1570 3424 1642 profanis
3471 1570 3712 1648 litteris,

2053 1663 2178 1714 tum
2203 1659 2390 1714 sacris
2415 1659 2750 1731 disciplinis
2771 1657 3007 1714 abunde
3031 1659 3379 1715 instructus.
3415 1657 3577 1714 Piam
3610 1675 3716 1713 au-

2054 1755 2174 1806 tem
2207 1749 2567 1822 ﬁdelemque
2598 1767 2848 1806 uxorem
2881 1750 3085 1806 duxit:
3121 1750 3224 1806 sed
3256 1750 3360 1805 illa
3382 1750 3558 1822 paulo
3580 1755 3719 1822 post

2057 1839 2358 1904 defuncta,
2388 1845 2576 1895 totum
2606 1856 2667 1895 se
2699 1839 2773 1896 ad
2804 1839 3116 1896 colendam
3174 1840 3458 1911 pietatem
3492 1840 3716 1910 Deique

300 1898 437 1973 πρὸς
467 1900 651 1972 ἀρετήν
683 1899 895 1955 καὶτὸν
935 1904 1032 1954 τοῦ
1083 1905 1224 1957 Θεοῦ
1285 1897 1458 1980 φόϐον
1519 1901 1774 1974 ἐξεδωκεν
1828 1904 1946 1959 ἑαυ-

2064 1897 2640 1984 timorem'contulit:
2667 1934 2844 1999 atque
2861 1927 2921 1982 in
2942 1897 3260 1983 virtutibus
3278 1927 3423 1982 adeo
3444 1897 3714 1998 profecit,

295 1985 406 2046 τόν.
448 1989 549 2047 Καὲ
609 1988 784 2052 οὕτως
841 1986 1055 2064 ἐγένετο
1108 1989 1382 2064 ἐνάρετος,
1443 1992 1518 2052 ὡς
1574 1993 1664 2048 καὶ
1724 1993 1946 2049 ἐπίσκο-

285 2099 390 2142 πος
418 2077 667 2152 γενέσθαι
696 2078 1017 2149 Μελιτινῆς.
1051 2082 1326 2138 Τοσοῦτον
1376 2078 1434 2136 δὲ
1489 2079 1741 2156 λέγουσιν
1783 2083 1945 2158 αὐτὸν

279 2163 615 2242 περιϐόητον
649 2169 920 2244 γενέσθαι,
954 2168 1029 2233 ὡς
1075 2168 1165 2224 καὶ
1212 2172 1307 2225 τὸν
1363 2169 1590 2246 βασιλέα
1639 2176 1748 2227 τῶν
1810 2159 1949 2247 Περ-

279 2263 388 2312 σῶν
417 2258 557 2332 πρὸς
585 2257 800 2332 ἀγάπην
830 2257 1074 2328 ἒλκῦσαι,
1123 2258 1210 2314 καὶ
1264 2260 1488 2335 ἀγαγεῖν
1540 2259 1618 2324 είς
1661 2261 1762 2328 τὴν
1818 2259 1946 2316 δού-

278 2343 448 2401 λωσιν
481 2351 582 2402 τοῦ
633 2347 923 2421 Ῥωμαίων
988 2347 1261 2423 βασιλὶως
1321 2348 1648 2424 Μαυρικίου.
1708 2351 1949 2425 Ἔγραψε

279 2438 387 2512 γάρ
418 2436 448 2491 6
503 2436 718 2512 Πέρσης
775 2437 912 2512 πρὸς
971 2431 1062 2494 τὸν
1117 2439 1418 2512 Ῥωμαῖον,
1473 2437 1556 2495 ὅτι
1625 2440 1750 2497 Ἐάν
1809 2442 1950 2496 ἄπο-

281 2523 500 2596 στείλῃς
554 2525 888 2598 Δομετιανὸν
949 2526 1039 2582 καὶ
1095 2525 1504 2604 πληροφορήσῃ
1559 2549 1646 2602 με,
1724 2529 1949 2604 γίνομαί

281 2633 366 2668 σοι
397 2613 462 2668 οὐ
498 2615 670 2687 μόνον
701 2613 888 2684 φίλος,
915 2614 1062 2670 ἀλλὰ
1089 2615 1179 2670 καὶ
1211 2613 1435 2679 δοῦλος.
1467 2616 1573 2673 Καὶ
1601 2616 1804 2672 τούτου
1858 2639 1951 2695 γε-

279 2704 544 2775 νομένου,
603 2701 782 2778 ἐχάρη
841 2709 988 2759 πᾶσα
1017 2706 1052 2773 ἡ
1087 2703 1278 2774 πόλις,
1329 2704 1418 2759 καὶ
1477 2703 1608 2767 ὅλος
1640 2706 1670 2761 6
1715 2706 1948 2780 κόσμος.

288 2793 571 2851 Εἰσελθὼν
605 2791 664 2850 δὶ
695 2792 748 2848 ἂν
787 2797 858 2868 τῇ
906 2792 1068 2850 πόλει
1101 2796 1130 2851 6
1159 2796 1334 2872 ἅγιος,
1389 2795 1728 2866 ἐτελεύτησε⁸
1779 2797 1842 2853 τὸ
1893 2795 1952 2854 δὶ

280 2881 551 2955 λείψανον
587 2882 758 2938 αὐτοῦ
806 2883 1142 2957 ἀνεκομίσθη
1203 2884 1280 2948 είς
1349 2883 1676 2955 Μελιτινήν,
1737 2885 1954 2951 πολλὰς

283 2972 461 3035 lieni:
491 2971 708 3028 τελοῦν·

879 3093 964 3165 Τῇ
1004 3090 1142 3166 αὐτῇ
1173 3093 1361 3169 ἡμέρᾳ

285 3178 498 3254 κνήμη
555 3181 652 3254 τοῦ
703 3177 763 3254 ἐν
820 3179 999 3253 ἁγίοις
1055 3179 1264 3254 Πατρὸς
1357 3182 1547 3254 ἡμῶν-
1580 3176 1949 3254 πρεσϐυτέρου

352 3251 445 3344 καὶ
488 3250 831 3344 γὀῗκονόμου
868 3250 1010 3321 ’τῆς
1094 3250 1339 3329 μεγάλης
1385 3250 1733 3324 Ἐκκλησίας
1792 3250 1948 3330 Μαρ-
1980 3276 2024 3344 c

353 3325 566 3378 κιανοῦ.

352 3456 423 3514 Ol
481 3455 760 3530 πρόγονοι
815 3459 915 3512 τοῦ
976 3457 1252 3532 μακαρίου
1304 3459 1624 3534 Μαρκιανοῦ
1696 3458 1806 3514 ἀπὸ
1857 3465 1958 3528 τῆς

289 3545 542 3620 μεγάλης
590 3545 817 3618 Ῥώμης
872 3544 1232 3620 παρεγένοντο
1281 3545 1357 3609 εἷς
1444 3548 1954 3603 Κωνσταντινούπο·

289 3633 409 3688 λιν.
437 3632 605 3695 υῦτος
651 3631 708 3688 δὲ
761 3632 979 3708 ἐγένετο
1021 3633 1106 3688 ἐπὶ
1160 3641 1262 3703 τῆς
1313 3633 1593 3710 βασιλείας
1639 3640 1738 3691 τοῦ
1787 3624 1955 3711 ἁγιω-

297 3723 467 3776 τάτου
497 3724 823 3796 Μαρκιανοῦ,
856 3725 942 3778 καὶ
993 3727 1095 3789 τῆς
1153 3718 1536 3796 εὐσεϐεστάτης
1585 3724 1954 3800 Πουλχερίας·

308 3809 568 3872 πλούσιος
595 3810 650 3868 δὲ
675 3813 768 3868 καὶ
802 3808 1044 3882 εὐλαϐής
1078 3811 1172 3878 ὥν,
1204 3811 1456 3878 πολλοὺς
1501 3814 1664 3878 ναοὺς
1708 3815 1798 3868 καὶ
1856 3824 1955 3887 με·

302 3898 506 3974 γάλους
557 3897 783 3972 ἔκτισεν,
837 3898 984 3976 ἔχων
1037 3901 1128 3956 καὶ
1184 3902 1279 3956 τὸν
1367 3900 1596 3977 βασιλέα
1676 3905 1953 3977 συνεργόν.

289 3989 518 4062 Καὶγὲρ
553 3987 728 4044 ἔκτισε
778 3997 882 4058 τῆς
941 3989 1129 4064 ’Λγίας
1183 3991 1427 4066 Εἰρήνης
1478 3993 1578 4060 τήν
1637 3991 1953 4063 ἐκκλησίαν,

285 4079 513 4146 καὶτῆς
566 4078 756 4153 Ἀγίας
812 4081 1200 4148 Ἀναστασίας,
1257 4083 1358 4150 τήν
1418 4081 1470 4137 ἐν
1509 4087 1629 4144 τοῖς
1683 4084 1954 4153 Δομνίνου

283 4165 578 4240 ἐμϐόλοις.
600 4169 707 4224 Τὸν
740 4165 797 4224 δὶ
832 4172 1082 4224 τοιοῦτον
1125 4169 1250 4224 ναὸν
1307 4167 1534 4226 διέσωσε
1582 4168 1672 4225 διὰ
1719 4191 1956 4245 προσευ-

283 4264 399 4333 χῆς
429 4256 527 4312 καὶ
556 4257 665 4312 ἀπὸ
693 4256 1053 4334 ἐμπρησμοῦ,
1080 4262 1190 4313 τῶν
1221 4253 1392 4314 ὄντων
1435 4260 1679 4335 γύρωθεν
1735 4262 1951 4316 πάντων

281 4349 552 4403 καέντων.
595 4351 862 4405 Τοσοῦτον
897 4345 954 4403 δὲ
1007 4348 1074 4418 ἦν
1124 4347 1404 4421 ἐλεήμων,
1455 4349 1530 4412 ὡς
1563 4348 1615 4404 ἐν
1650 4356 1748 4424 μιᾷ
1795 4352 1951 4406 λιτα-

283 4435 478 4504 νεύων,
511 4440 725 4511 πτωχῷ
765 4437 1080 4506 ζητήσαντι,
1127 4433 1296 4509 μηδὲν
1347 4434 1494 4513 ἔχων
1540 4433 1744 4508 δοῦναι,
1790 4433 1954 4494 ἐκϐα-

286 4525 405 4582 λὼν
439 4522 648 4580 δέδωκε
676 4527 735 4580 τὸ
765 4525 1005 4598 ἱμάτιον,
1061 4525 1194 4598 ὅπερ
1240 4525 1442 4605 ἰφόρεν
1495 4525 1657 4589 αὐτὸς
1717 4525 1775 4582 δὶ
1820 4549 1949 4583 κατ.

2056 2023 2124 2074 ut
2151 2023 2211 2073 et
2239 2017 2517 2072 Melitinaa
2549 2017 2863 2089 episc0pus
2902 2016 3090 2072 ﬁeret.
3128 2017 3349 2071 Ferunt
3377 2016 3549 2072 illum
3582 2022 3715 2072 tan-

2057 2113 2179 2163 tam
2211 2106 2473 2162 nominis
2503 2105 2916 2162 celebritatem
2974 2105 3156 2160 fuisse
3195 2110 3602 2168 consecutum,
3651 2110 3718 2160 ut

2059 2196 2373 2252 Persarum
2404 2211 2604 2267 regem
2637 2195 2711 2250 ad
2741 2194 3067 2250 amicitiam
3127 2195 3503 2266 pertraxerit,
3555 2201 3613 2249 et
3643 2194 3718 2250 ad

2058 2285 2403 2341 servitutem
2425 2284 2690 2340 Mauricii
2709 2286 3110 2341 Romanorum
3134 2284 3533 2357 imperatoris.
3565 2283 3722 2338 Scri-

2057 2380 2260 2448 pserat
2289 2373 2448 2429 enim
2471 2389 2574 2429 rex
2603 2379 2916 2429 Persarum
2947 2373 3021 2428 ad
3052 2374 3473 2446 imperatorem
3502 2375 3718 2430 Roma-

2057 2479 2312 2519 norum:
2349 2463 2406 2518 Si
2439 2463 2866 2526 Domitianum,
2899 2463 3202 2534 inquiens,
3226 2463 3721 2534 miseris,meque

2058 2555 2110 2608 is
2136 2553 2520 2626 persuaserit,
2543 2553 2670 2625 ipse
2696 2569 2816 2608 non
2839 2553 3014 2610 modo
3045 2552 3148 2608 tibi
3176 2554 3402 2609 amicus
3429 2553 3587 2618 ﬁam,
3613 2551 3716 2608 sed

2059 2649 2120 2698 et
2147 2658 2371 2698 servus.
2402 2641 2568 2708 Quod
2601 2659 2736 2698 cum
2768 2643 3136 2716 contigisset,
3160 2643 3320 2704 urbi,
3353 2648 3411 2698 et
3439 2643 3716 2697 universo

2057 2732 2186 2788 orbi
2217 2731 2501 2805 gaudium
2531 2731 2663 2788 fuit.
2692 2731 3064 2788 Domitianus
3090 2749 3228 2787 vero
3253 2732 3462 2787 urbem
3492 2732 3722 2804 ingres—

2062 2837 2183 2886 sus,
2216 2821 2502 2876 decessit:
2536 2821 2707 2893 cujus
2738 2821 3010 2893 reliquiae
3038 2821 3364 2877 Melitinam
3391 2821 3717 2891 translatas,

2060 2909 2283 2966 multas
2309 2909 2648 2966 curationes
2678 2909 3016 2981 perficiunt.

2711 3115 2935 3173 Eodem
2965 3115 3062 3172 die

2061 3207 2166 3263 04
2222 3208 2671 3263 Commemoratio
2722 3209 2905 3263 sancti
2959 3209 3142 3263 Patris
3198 3205 3380 3262 nostri
3445 3205 3722 3262 Marciani

2270 3280 2582 3349 presbyteri
2610 3285 2664 3334 et
2692 3281 2958 3334 aconomi
2986 3293 3208 3349 magna:
3229 3279 3504 3334 Ecclesiae.

2134 3468 2296 3522 Beati
2328 3467 2607 3522 Marciani
2629 3467 2888 3538 majores
2912 3483 2979 3522 ex
3002 3483 3217 3532 magna
3231 3468 3416 3522 Roma
3437 3466 3726 3521 Constan-

2063 3556 2380 3628 tinopolim
2411 3555 2798 3612 advenerunt.
2826 3557 2928 3611 Hic
2951 3561 3150 3612 autem
3175 3555 3551 3611 sanctissimo
3576 3556 3727 3610 Mar-

2061 3646 2256 3713 ciano,
2291 3652 2348 3700 et
2403 3645 2858 3718 religiosissima
2914 3645 3229 3700 Pulcheria
3287 3643 3723 3716 imperantibus

2061 3736 2317 3791 claruit:
2351 3750 2608 3806 cumque
2639 3734 2802 3790 dives
2861 3740 3018 3790 esset
3070 3742 3129 3790 et
3176 3735 3329 3806 pius,
3389 3733 3608 3789 multas
3657 3749 3726 3790 ac

2061 3823 2307 3897 magnas
2365 3824 2672 3892 ecclesias,
2730 3823 3038 3880 adnitente
3106 3825 3284 3881 etiam
3343 3823 3729 3894 imperatore,

2063 3913 2372 3968 excitavit:
2408 3929 2549 3968 nam
2583 3918 2638 3967 et
2670 3913 2898 3968 Sanctae
2931 3915 3136 3970 Irenes
3168 3913 3481 3969 ecclesiam
3514 3911 3724 3968 condi-

2063 4001 2168 4071 dit,
2203 4008 2262 4058 et
2291 4003 2519 4059 Sancta;
2552 4004 2882 4059 Anastasiaa
2933 4004 3121 4060 tndem
3183 4004 3244 4061 in
3305 4003 3540 4059 Domini
3589 4020 3725 4075 pro-

2061 4093 2384 4154 montorio.
2420 4109 2599 4164 quam
2632 4093 2810 4148 etiam
2842 4093 2914 4147 ab
2955 4093 3235 4148 incendio
3284 4093 3562 4165 precibus
3603 4091 3748 4148 suis

2061 4183 2334 4250 servavit,
2359 4199 2494 4237 cum
2517 4188 2731 4238 caetera
2758 4183 2980 4250 omnia,
2999 4199 3128 4253 qua:
3153 4183 3514 4254 circaipsam
3532 4185 3726 4247 erant,

2061 4271 2574 4326 comburerentur.
2639 4271 2774 4325 Fuit
2829 4277 3027 4326 autem
3087 4276 3250 4325 tanta
3311 4271 3373 4325 in
3429 4285 3725 4342 pauperes

2059 4358 2450 4432 benignitate,
2498 4364 2564 4414 ut
2620 4375 2756 4414 cum
2810 4359 3132 4430 aliquando
3183 4358 3399 4414 divinis
3441 4357 3724 4428 precibus

2060 4453 2314 4515 vacaret,
2347 4449 2636 4520 quaerenti
2677 4448 2946 4520 pauperi,
2982 4447 3220 4519 quando
3249 4447 3400 4502 nihil
3455 4447 3617 4502 aliud
3648 4446 3723 4502 ad

2060 4554 2306 4594 manum
2337 4537 2614 4602 habebat,
2649 4537 2898 4610 pallium
2930 4537 3087 4609 quod
3122 4537 3411 4610 gestabat,
3445 4536 3721 4591 dederit;

286 4613 523 4690 ελείφθη
556 4613 787 4688 γυμνὸς,
849 4616 983 4686 μετᾶ
1035 4614 1207 4687 μόνης
1252 4622 1352 4685 τῆς
1402 4617 1681 4688 ἱερατικῆς
1721 4615 1948 4685 στολῆς·

2065 4627 2194 4700 ipse
2223 4644 2358 4683 vero
2391 4626 2587 4682 nudus
2614 4643 2747 4682 cum
2781 4626 2908 4681 sola
2965 4643 3135 4682 sacra
3182 4627 3336 4682 stola
3382 4642 3726 4697 remanens,

287 4707 381 4758 καὶ
419 4701 668 4780 ἐφαίνετο
697 4707 776 4776 τῷ
801 4703 1000 4780 κλήρῳ
1038 4711 1250 4778 χρυσῆν
1279 4703 1486 4775 στολήν
1545 4706 1742 4781 φέρων.
1793 4707 1962 4776 Ποιή-

292 4813 393 4854 σας
422 4789 481 4846 δὲ
520 4793 610 4846 καὶ
672 4791 918 4864 θαύματα
973 4791 1182 4862 πολλὰ,
1239 4793 1328 4848 καὶ
1385 4793 1574 4866 νεκρὸν
1629 4793 1956 4865 ἀναστήσας,

292 4883 344 4938 ἓν
384 4880 580 4957 εἰρήνῃ
615 4880 916 4956 ἐκοιμήθη,

887 5004 966 5074 τῇ
1001 4999 1138 5076 αὐτῇ
1170 5001 1356 5076 ἡμέρᾳ

692 5091 901 5162 Μνήμη
931 5096 1035 5158 τῆς
1066 5089 1214 5152 ὁσίας
1249 5089 1551 5164 Δομνίκης.

356 5210 420 5267 Ἣ
453 5209 577 5287 άγία
623 5207 869 5280 Δομνίκα
919 5206 1168 5284 ὑπῆρχεν
1213 5207 1301 5264 ἐπὶ
1352 5205 1642 5264 Θεοδοσίου
1697 5211 1795 5264 τοῦ
1841 5209 1954 5267 Με-

284 5299 476 5377 γάλου,
509 5299 602 5355 καὶ
633 5296 926 5372 διήρκεσεν
955 5299 990 5367 ἡ
1027 5298 1139 5368 ζωῆ
1163 5297 1332 5368 αὐτῆς
1369 5295 1475 5360 ’ἑως
1518 5301 1619 5364 τῆς
1675 5296 1957 5372 βασιλείας

283 5391 534 5456 Λέοντος,
569 5389 663 5446 καὶ
715 5388 994 5456 Ζήνωνος.
1053 5387 1294 5463 Ἐγένετο
1349 5385 1406 5443 δὶ
1468 5387 1526 5443 ἐκ
1576 5393 1677 5457 τῆς
1739 5387 1956 5451 πόλεως

270 5484 648 5560 Καροαγένης.
685 5476 870 5536 Ἀλλᾶ
898 5477 1274 5533 καταλιποῦσα
1303 5481 1401 5548 τήν
1455 5475 1594 5533 ἰδίαν
1648 5477 1812 5534 πόλιν
1862 5477 1953 5533 καὶ

264 5573 694 5654 παραγενομένη
760 5567 840 5630 εἷς
879 5566 1487 5636 Κωνσταντινούπολιν,
1555 5567 1606 5643 ἐξ
1673 5567 1955 5623 ἀποκαλύ-

259 5673 404 5745 ψεως
441 5659 745 5738 ὑπεδέχθη
781 5657 932 5732 παρά
991 5657 1293 5732 Νεκταρίου
1346 5661 1444 5713 τοῦ
1498 5655 1802 5734 ἁγιωτάτου
1850 5679 1955 5714 πα-

248 5765 532 5841 τριάρχου
587 5745 1274 5814 Κωνσταντινουπόλεως.
1336 5751 1438 5811 "Oc
1497 5746 1558 5804 ού
1615 5747 1780 5822 μόνον
1840 5747 1952 5804 εἷσ-

2067 4733 2308 4773 auream
2342 4716 2552 4771 stolam
2587 4722 2816 4789 gestare
2848 4716 3005 4772 clero
3038 4716 3198 4771 visus
3237 4721 3349 4772 est.
3392 4717 3538 4771 Cum
3590 4732 3726 4772 vero

2066 4806 2256 4861 multa
2286 4804 2578 4860 miracula
2607 4803 2912 4869 edidisset,
2965 4810 3023 4859 et
3072 4810 3374 4861 mortuum
3421 4805 3495 4861 ad
3545 4805 3723 4862 vitam

2066 4900 2422 4960 revocasset,
2455 4894 2517 4950 in
2549 4910 2693 4966 pace
2726 4894 3104 4951 obdormivit.

2719 5009 2940 5066 Eodem
2971 5010 3069 5066 die

2309 5097 2408 5155 95
2443 5095 2902 5152 Commemoratio
2931 5104 3134 5154 sancte
3163 5099 3482 5155 Dominicz.

2139 5215 2355 5270 Sancta
2385 5214 2672 5269 Domnica
2717 5214 3048 5270 Theodosio
3107 5216 3314 5289 Magno
3367 5215 3728 5285 imperatore

2066 5309 2226 5368 nata,
2259 5302 2404 5358 vixit
2433 5318 2620 5374 usque
2652 5301 2727 5358 ad
2769 5309 3037 5375 tempora
3095 5303 3306 5358 Leonis
3361 5307 3419 5356 et
3475 5303 3728 5356 Zenonis

2065 5391 2516 5462 imperatorum.
2542 5391 2674 5446 Fuit
2694 5397 2891 5446 autem
2925 5408 2994 5446 ex
3025 5391 3170 5447 urbe
3199 5389 3589 5462 Carthagine;
3621 5389 3725 5444 sed

2063 5481 2276 5537 relicta
2306 5481 2501 5553 patria
2531 5481 3110 5553 Constantinopolim
3143 5482 3427 5553 profecta,
3461 5478 3563 5534 Dei
3597 5495 3725 5534 mo-

2063 5571 2193 5626 nitu
2225 5576 2468 5641 excepta
2528 5587 2562 5625 a
2618 5570 2886 5625 Nectario
2947 5570 3325 5625 sanctissimo
3386 5569 3725 5640 patriarcha

2064 5659 2749 5732 Constantinopolitano,
2811 5659 2910 5730 qui
2969 5676 3089 5714 non
3143 5659 3338 5714 solum
3415 5658 3726 5716 collocavit

2064 5766 2195 5807 eam
2227 5749 2289 5804 in
2323 5748 2708 5818 monasterio,
2743 5748 2899 5820 quod
2926 5747 3054 5822 ipsa
3083 5748 3144 5803 in
3172 5747 3465 5806 honorem
3525 5747 3722 5807 Sancti
