4124 6438
317 401 433 460 S55

1634 399 1681 457 M
1695 396 2071 459 ENOLOGII
2113 403 2324 467 PARS
2368 408 2420 470 Il
2435 453 2450 468 .

3618 413 3739 476 256

321 535 614 592 Saeculum
638 538 858 600 autem,
893 540 950 588 et
980 533 1368 605 propinquos,
1393 549 1652 606 opesque
1685 531 1964 589 abdican-

2101 537 2452 622 ιπάρχοντσς,
2484 543 2696 622 ἀφῆκαν
2723 546 2817 600 τὸν
2864 545 3095 618 κόσμον,
3143 544 3233 602 καὶ
3290 553 3590 622 συγγενεῖς,
3647 549 3736 603 καὶ

322 631 410 680 tes
460 625 516 678 in
542 631 807 680 montem
835 624 974 678 Sina
996 640 1056 677 se
1105 629 1480 694 receperunt,
1531 623 1730 694 ibique
1763 639 1977 678 mona-

321 715 414 771 chi
454 713 590 768 facti
624 719 786 771 sunt.
818 714 934 767 Deo
967 712 1078 767 soli
1138 713 1481 777 servientes,
1539 719 1595 767 et
1644 713 1975 782 agrestibus

321 803 524 858 herbis
557 819 661 873 pro
695 802 824 856 cibo
855 807 1131 856 utentes:
1167 802 1226 857 in
1261 819 1517 873 quorum
1550 819 1800 857 numero
1852 806 1978 856 erat

323 898 562 948 sanctus
595 891 757 945 Nilus
791 891 933 945 olim
965 891 1479 963 Constantinopoli
1524 892 1854 962 prmfectus.
1892 891 1979 944 vir

325 983 563 1053 sapiens
597 986 654 1034 et
683 980 835 1050 pius,
887 982 988 1051 qui
1047 982 1318 1037 abdicata
1378 988 1620 1053 propter
1675 981 1974 1036 Christum

323 1071 522 1125 sazculi
556 1069 745 1139 gloria
775 1087 843 1124 ac
877 1070 1117 1132 divitiis,
1147 1071 1509 1142 pauperibus
1540 1070 1850 1126 monachis
1883 1086 1976 1124 so-

323 1161 481 1216 cium
518 1175 577 1212 se
610 1158 904 1228 adjunxit.
965 1159 1072 1213 Sed
1136 1160 1354 1215 diaboli
1414 1161 1640 1215 invidia
1695 1160 1978 1215 adversus

324 1255 562 1304 sanctos
584 1250 788 1302 Patres
820 1249 1135 1303 concitavit
1165 1257 1394 1322 agreste
1428 1257 1486 1304 et
1515 1250 1677 1306 ferox
1710 1251 1978 1320 Blemyo-

322 1357 455 1394 rum
513 1357 720 1413 genus,
782 1340 940 1411 quod
1021 1341 1235 1396 Arabia
1293 1359 1481 1412 usque
1541 1343 1600 1395 in
1669 1343 1978 1412 )Egyptum

325 1446 489 1484 mare
519 1431 888 1501 Erythraeum
919 1431 1150 1485 accolit.
1185 1431 1249 1485 Hi
1301 1447 1405 1502 spe
1455 1432 1712 1500 ingentis
1763 1429 1978 1503 praedas

323 1519 573 1584 inducti,
609 1520 669 1574 in
721 1519 1044 1575 monachos
1103 1520 1506 1575 incursionem
1573 1521 1815 1576 fecere:
1876 1518 1980 1574 sed

325 1625 460 1664 cum
490 1608 642 1662 nihil
673 1615 888 1680 prmter
918 1614 1142 1664 storeas
1177 1615 1234 1664 et
1254 1610 1449 1665 cilicia
1471 1609 1981 1682 patruminvenis-

327 1697 546 1762 sent,in
572 1698 831 1753 furorem
855 1699 1032 1764 versi,
1065 1699 1417 1755 innocentes
1436 1699 1977 1773 virosjugularunt.

325 1789 516 1860 Atque
548 1787 706 1844 hunc
739 1788 799 1842 in
829 1787 1073 1844 modum
1103 1788 1292 1844 sancti
1325 1789 1412 1844 illi
1446 1789 1780 1846 decessere.

985 1994 1207 2050 Eodem
1235 1994 1331 2051 die

330 2113 485 2167 103
544 2113 999 2168 Commemoratio
1073 2119 1390 2167 sanctorum
1450 2113 1702 2174 Patrum,
1767 2113 1866 2182 qui
1921 2113 1982 2165 in

396 2186 581 2239 eodem
612 2195 796 2239 monte
825 2185 984 2240 Sinai
1011 2200 1046 2237 a
1077 2183 1310 2252 Blemyis
1352 2183 1698 2238 Diocletiano
1741 2186 1980 2253 impera-

400 2263 518 2310 tore
548 2258 714 2312 occisi
736 2262 882 2311 sunt.

399 2371 498 2425 Isti
525 2369 890 2425 Diocletiano
917 2370 1298 2440 imperatore,
1325 2374 1383 2425 et
1410 2370 1583 2424 Petro
1610 2367 1982 2423 Alexandrim

327 2459 774 2531 archiepiscopo
805 2459 869 2514 in
902 2465 1102 2514 monte
1133 2459 1292 2514 Sinai
1321 2460 1637 2514 asceticam
1661 2458 1836 2514 vitam
1872 2457 1982 2514 du-

326 2549 560 2606 cebant.
586 2551 881 2604 Exeuntes
903 2555 1099 2604 autem
1125 2548 1396 2604 Saraceni
1419 2566 1490 2604 ex
1514 2547 1755 2604 incultis
1780 2548 1982 2603 deser-

325 2639 521 2710 tisque
549 2638 694 2693 locis
709 2643 842 2709 post
865 2637 1033 2694 ducis
1055 2638 1295 2694 illorum
1319 2638 1796 2702 obitum,multos
1815 2642 1984 2694 Asce-

326 2732 419 2783 tas
452 2728 918 2783 interfecerunt:
952 2728 1183 2783 caeteris
1215 2734 1411 2784 autem
1446 2745 1576 2783 sese
1608 2729 1671 2783 in
1696 2728 1979 2783 munitio-

329 2835 468 2874 nem
491 2817 937 2888 recipientibus,
963 2823 1136 2872 nocte
1158 2818 1280 2873 visa
1301 2823 1394 2872 est
1415 2818 1724 2874 Saracenis
1740 2818 1984 2873 flamma

333 2907 490 2979 ignis
515 2913 700 2962 totum
727 2913 993 2962 montem
1017 2907 1535 2978 comburens,quas
1551 2907 1766 2964 cmlum
1786 2908 1982 2980 ipsum

331 2995 658 3069 attingebat
682 3012 694 3049 :
723 3002 957 3051 tantum
988 3002 1187 3051 autem
1215 3001 1440 3052 terrore
1463 2996 1600 3051 illos
1621 2996 1896 3067 perculit,
1920 3001 1986 3050 ut

329 3086 580 3158 abjectis
603 3085 869 3141 armisin
896 3085 1093 3157 fugam
1126 3102 1256 3140 sese
1289 3087 1671 3158 conjecerint.
1708 3085 1815 3151 Qui
1847 3101 1982 3140 vero

332 3176 589 3247 primum
606 3191 676 3230 ex
697 3175 928 3230 Ascetis
951 3175 1085 3229 caesi
1110 3180 1268 3241 sunt,
1284 3180 1454 3229 erant
1475 3191 1722 3230 numero
1743 3174 1985 3247 triginta

329 3271 482 3331 octo,
509 3264 772 3320 diversas
793 3265 996 3337 plagas
1019 3264 1080 3318 in
1111 3281 1356 3335 corpore
1385 3265 1642 3320 inﬂictas
1658 3264 1945 3320 habentes
1971 3281 1983 3318 :

2101 3289 2314 3358 πρῶτον
2388 3285 2700 3363 σφαγὲντες,
2755 3288 2891 3357 ἦσαν
2974 3309 3194 3365 τριακον

331 3371 398 3409 ex
433 3355 526 3409 his
554 3353 671 3408 duo
722 3353 831 3407 vivi
887 3355 1046 3408 inter
1083 3353 1355 3424 jacentes
1407 3355 1650 3425 reperti,
1694 3354 1895 3420 Sabas,
1930 3358 1990 3410 et

329 3444 530 3499 Isaias.
566 3444 674 3508 Qui
707 3448 904 3498 autem
935 3442 1294 3508 ceciderant,
1345 3443 1445 3499 alii
1487 3443 1679 3514 capite
1729 3443 1985 3498 truncati

331 3539 490 3599 sunt,
524 3533 624 3588 alii
657 3533 922 3590 detracta
952 3550 1021 3590 ex
1049 3533 1251 3606 aliquo
1286 3534 1554 3590 membro
1578 3534 1733 3606 pelle
1762 3534 1862 3589 alii
1885 3551 1989 3605 per

332 3625 598 3680 medium
629 3625 806 3680 caesi:
857 3642 1008 3696 quos
1064 3642 1273 3680 omnes
1317 3625 1686 3697 sepelierunt
1724 3625 1840 3679 duo
1899 3625 1988 3679 illi

331 3714 632 3782 monachi,
664 3714 765 3784 qui
797 3715 925 3769 haec
955 3714 1026 3768 de
1057 3714 1180 3769 illis
1210 3715 1516 3769 memoria:
1572 3713 1986 3785 prodiderunt.

983 3918 1205 3974 Eodem
1238 3918 1333 3974 die

338 4041 492 4094 104
531 4038 986 4092 Commemoratio
1050 4043 1369 4091 sanctorum
1435 4039 1602 4092 trium
1649 4044 1700 4092 et
1758 4040 1994 4108 triginta

407 4114 660 4170 Patrum.
695 4112 791 4178 qui
822 4111 879 4162 in
936 4109 1137 4163 Raitho
1186 4109 1363 4180 occisi
1393 4115 1520 4163 sunt
1550 4126 1583 4162 a
1614 4111 1849 4179 Blemyis
1893 4113 1993 4180 qui

408 4184 488 4236 ibi
547 4182 894 4240 habitabant.
953 4181 1048 4234 ubi
1096 4187 1254 4234 erant
1329 4179 1616 4235 duodecim
1681 4179 1991 4248 fontesfet

408 4255 768 4324 septuaginta
790 4253 1014 4322 palmae.

409 4368 632 4442 Blemyi
668 4368 916 4423 trecenti
947 4367 1333 4422 transmisere
1386 4367 1710 4438 aliquando
1764 4369 1992 4441 magnis

339 4460 587 4515 navibus
618 4457 1011 4528 Ethiopicum
1047 4473 1230 4520 mare,
1266 4457 1810 4529 navigioque,quod
1841 4458 1991 4514 forte

338 4549 600 4604 oblatum
626 4545 1197 4610 conscenderant,ad
1221 4546 1675 4601 Pharanitarum
1691 4547 1990 4619 regionem

2082 621 2342 681 πλοῦτοψ
2403 631 2492 685 καὶ
2553 631 2802 703 ἀπηλοθν
2862 634 2914 689 ἐν
2977 641 3056 707 τῷ
3104 632 3217 711 ὅρει
3288 640 3370 707 τῷ
3445 641 3593 702 Σινᾶ,
3654 637 3748 691 καὶ

2083 711 2331 787 ἐγένοντο
2366 723 2630 796 μοναχοὶ,
2693 722 3046 787 δουλεύοντες
3111 725 3262 799 μόνῳ
3318 731 3399 798 τῷ
3458 731 3596 798 Θεῷ,
3653 725 3745 781 καὶ

2083 806 2406 882 τρεφόμενοι
2457 811 2564 866 ἀπὸ
2626 813 2864 888 βοτανῶν
2925 815 3150 888 ἀγρίων.
3213 815 3360 871 Μετά
3414 814 3623 870 τούτων
3685 814 3747 872 δὶ

2082 898 2190 947 τῶν
2227 897 2390 970 ἁγίων
2424 899 2491 968 ἦν
2535 901 2623 955 καὶ
2658 904 2685 956 6
2718 905 2872 976 ἅγιος
2919 903 3142 967 Νεῖλος,
3175 905 3202 958 6
3233 905 3526 978 γενόμενος
3573 903 3745 979 ἔπαρ-

2087 1000 2188 1056 χος
2231 987 2308 1048 ε’ς
2367 991 2958 1062 Κωνσταντινοὺπολιν,
3015 993 3149 1064 ἀνὴρ
3209 997 3373 1071 σοφὸς
3429 995 3519 1048 καὶ
3579 993 3744 1050 εὐλα-

2087 1067 2417 1142 6ής.ἈΑλὰ
2471 1080 2561 1134 καὶ
2611 1080 2771 1139 αὐτὸς
2832 1079 2923 1136 διὰ
2969 1083 3061 1137 τὸν
3119 1084 3351 1149 Χριστὸν
3411 1084 3588 1161 ἀφῆκε
3637 1085 3744 1152 τήν

2087 1158 2265 1234 δόξαν,
2297 1165 2506 1222 καὶτὸν
2566 1167 2828 1239 πλοῦτον,
2883 1172 2972 1226 καὶ
3025 1171 3231 1247 ἐγένετο
3293 1174 3370 1234 εἷς
3425 1176 3534 1227 τῶν
3593 1193 3753 1228 πτω-

2085 1254 2203 1324 χῶν
2240 1260 2520 1330 μοναχῶν.
2579 1258 2755 1314 Ἀλλά
2786 1261 2812 1314 ὁ
2847 1255 3108 1322 διάϐολος
3157 1262 3454 1338 φθονήσας,
3506 1259 3755 1339 διήγειρε

2084 1339 2146 1393 τὸ
2187 1339 2376 1414 ἄγριον
2410 1340 2562 1410 ἔθνος
2589 1351 2698 1401 τῶν
2753 1345 3020 1420 Βλεμῦων
3079 1351 3216 1404 κατὰ
3261 1354 3371 1404 τῶν
3423 1351 3587 1426 ἁγίων
3638 1357 3750 1405 Πα-

2083 1430 2276 1503 τέρων.
2312 1433 2476 1490 Οὗτοι
2508 1433 2564 1489 δὲ
2604 1435 2736 1490 εἰσιν
2771 1438 2822 1491 οἱ
2857 1439 2960 1493 απὸ
3011 1434 3266 1512 Ἀραϐίας
3305 1436 3411 1504 ἕως
3461 1440 3750 1514 Αἰγύπτου

2083 1525 2462 1583 κατοικοῦντες
2490 1524 2590 1592 τήν
2625 1524 2892 1580 θάλασσαν
2942 1528 3228 1603 Ἱίζρυθράν.
3281 1529 3382 1585 Καὶ
3431 1527 3750 1598 ἐλπίζοντες

2086 1608 2260 1683 εὑρεῖν
2295 1608 2563 1682 πλοῦτον,
2593 1613 2770 1682 ἦλθαν
2801 1621 3091 1689 κουρεῦσαι
3148 1617 3275 1679 τοὺς
3326 1618 3625 1694 μοναχούς.
3658 1619 3751 1680 Ὠς

2089 1693 2146 1751 δὲ
2179 1696 2332 1752 οὐδὲν
2365 1700 2547 1775 εὗρον,
2592 1702 2636 1757 εἰ
2675 1705 2751 1776 μη
2799 1707 2986 1778 μιάϐια
3039 1705 3194 1779 μόνα,
3242 1707 3332 1762 καὶ
3390 1707 3520 1770 τοὺς
3563 1706 3757 1782 ἁγίους

2087 1785 2323 1861 τρόχινα
2384 1795 2711 1865 φοροῦντας,
2763 1793 3056 1865 ἐμάνησαν,
3115 1796 3206 1850 καὶ
3264 1796 3589 1873 κατέσφαξαν
3645 1796 3752 1851 αὑ-

2086 1874 2237 1945 τοὺς,
2273 1876 2446 1949 μηδὲν
2476 1876 2811 1946 ἀδικοῦνταςο
2847 1883 2936 1938 καὶ
2966 1884 3140 1948 οὕτως
3167 1883 3586 1957 ἐτελειώθησαν.

2676 2012 2750 2083 τῇ
2792 2009 2928 2083 αὐτῇ
2971 2007 3156 2084 ἡμέρᾳ

2089 2119 2294 2209 Μνλξμη
2353 2121 2720 2209 τῶνοάγίων.
2765 2125 3018 2209 ῌατὲρων
3073 2131 3215 2209 ριῶγ
3303 2126 3368 2209 ἐν,
3423 2131 3519 2209 ιτῷ
3603 2127 3756 2209 αὑτῷ

2162 2193 2276 2260 ὄρει
2316 2193 2642 2272 ῌσφαγέντξων
2701 2197 2805 2252 ὑπὸ
2860 2193 2969 2254 τῶν
3031 2199 3294 2272 Βλεμὺων
3350 2197 3439 2254 ἐπὶ
3492 2193 3755 2270 ’Διοκληλ

2157 2265 2344 2316 τιανοῦ
2377 2265 2664 2330 βασιλέως.

2160 2390 2321 2442 Οὗτοι
2356 2391 2607 2465 ὑπῆρχον
2641 2391 2694 2446 ἐν
2739 2399 2856 2456 ⁸ι.οῖς
2908 2395 3134 2469 γρόνοις
3191 2393 3593 2464 Διοκλητιανοῦ
3645 2397 3750 2472 βας

2091 2474 2314 2547 σιλέως,
2372 2479 2462 2533 καὶ
2523 2481 2730 2555 υέτρου
2787 2482 3228 2558 ἆρχιεπισκόπου
3311 2482 3754 2558 Ἀλεξανδρείας,

2088 2565 2458 2641 ἡσυχάζοντες
2495 2569 2583 2623 καὶ
2615 2569 2768 2625 αὐτοὶ
2801 2572 2852 2626 ἐν
2907 2577 2988 2644 τῷ
3039 2578 3170 2644 Σινᾷ
3219 2570 3353 2648 ὅρει.
3433 2573 3760 2644 Εξελθόντες

2091 2657 2150 2714 δὲ
2179 2659 2230 2713 οἱ
2289 2664 2669 2722 κατοικοῦντες
2729 2663 2827 2730 τήν
2889 2657 3098 2736 ἔρημον
3161 2663 3492 2736 Σαρακηνοέ,
3543 2664 3754 2729 ἀποθα-

2088 2748 2276 2811 νόντος
2303 2753 2399 2803 τοῦ
2431 2748 2723 2824 φυλάρχου
2751 2750 2948 2822 αὐτῶν,
3013 2751 3260 2814 πολλοὺς
3309 2752 3592 2829 ἐφόνευσαν
3643 2758 3757 2808 τῶν

2090 2837 2362 2907 ἀσκητῶν.
2396 2840 2520 2893 Τῶν
2550 2836 2604 2892 δέ
2639 2839 2849 2894 λοιπῶν
2900 2841 3184 2916 φυγόντων
3231 2841 3305 2904 εἷς
3334 2843 3395 2896 τὸ
3451 2842 3750 2917 ὀχύρωμα,

2089 2925 2254 3004 ἐφάνη
2287 2933 2405 2989 τοῖς
2437 2934 2779 3000 Σαρακηνοίς
2838 2927 2927 2985 διὰ
2982 2938 3084 2999 τῆς
3132 2932 3325 2995 νυκτὸς
3370 2931 3504 3008 φλὸξ
3551 2932 3748 3005 πυρὸς,

2087 3017 2463 3072 κατακαίουσα
2493 3016 2624 3071 ὅλον
2656 3018 2718 3072 τὸ
2749 3014 2900 3094 ὄρος.
2933 3021 2996 3076 Ἠ
3031 3017 3089 3075 δὲ
3133 3020 3269 3098 φλὸξ
3320 3021 3591 3096 ἀνήρχετο
3643 3016 3758 3084 ἓως

2087 3111 2185 3161 τοῦ
2244 3105 2499 3182 οὐρανοῦ.
2560 3108 2658 3165 Καὶ
2719 3106 2928 3172 ΐδόντες
2992 3111 3044 3166 οἳ
3105 3111 3410 3185 Σαρακηνοὶ
3469 3105 3758 3188 ἐφοϐήθη-

2090 3215 2208 3250 σαν·
2241 3196 2331 3250 καὶ
2391 3195 2640 3271 ῥίψαντες
2691 3199 2757 3253 τὰ
2814 3195 2960 3253 ὅπλα
3020 3201 3199 3255 αὐτῶν
3288 3197 3506 3276 ἔφυγον.
3566 3200 3635 3256 Οἱ
3695 3196 3758 3255 δὲ

3202 3288 3439 3358 ταοκτὼ,
3528 3284 3757 3364 ἔχοντες

2092 3372 2312 3449 πληγὰς
2343 3372 2638 3452 διαφόρους
2671 3377 2722 3431 ἐν
2750 3383 2870 3439 τοῖς
2919 3380 3135 3450 σώμασι
3186 3377 3385 3436 αὐτῶν.
3439 3381 3524 3451 Ἐξ
3575 3379 3758 3434 αὐτῶν

2094 3461 2152 3519 δὲ
2199 3465 2494 3539 εὑρέθησαν
2547 3463 2643 3519 δύο
2704 3470 2920 3535 ζῶντες,
2980 3463 3179 3531 Σάϐας,
3239 3466 3328 3521 καὶ
3385 3465 3626 3528 ἹΙσαΐας.
3687 3467 3760 3523 Οἱ

2094 3551 2152 3608 δέ
2211 3555 2582 3631 φονευθέντες,
2643 3556 2695 3610 οἱ
2753 3557 2846 3628 μὲν
2902 3558 2997 3618 τὰς
3047 3555 3285 3634 κεφαλάς
3359 3557 3761 3628 ἀπετμήθησαν

2090 3642 2338 3707 τελείως⁹
2378 3649 2489 3699 τῶν
2540 3641 2595 3699 δὲ
2653 3643 2711 3700 ἐκ
2766 3649 2863 3700 τοῦ
2930 3646 3047 3708 ἑνὸς
3111 3649 3308 3719 μέρους
3360 3644 3638 3710 ἐκρατεῖτο
3696 3645 3765 3700 τὸ

2096 3731 2290 3806 δέρμα·
2348 3734 2514 3789 ἄλλοι
2575 3735 2738 3805 μέσον
2795 3734 3086 3804 ἐκόπησανο
3134 3735 3228 3798 οὓς
3289 3733 3488 3810 ἔθαψαν
3551 3736 3603 3790 οἱ
3659 3731 3765 3790 δύο

2099 3822 2359 3898 μοναχοῖ,
2395 3823 2445 3876 οἳ
2476 3823 2564 3878 καὶ
2596 3825 2662 3878 τὰ
2693 3822 2816 3899 περὶ
2848 3823 3022 3878 αὑτῶν
3059 3824 3320 3888 εἷπόντες.

2681 3914 2766 3985 Τῇ
2810 3913 2947 3986 αὐτῇ
2987 3912 3170 3986 ἡμέρᾳ

2097 4001 2305 4082 Μνήμη
2360 4005 2467 4082 τῶν
2514 4001 2912 4082 ,λγέιιιατὲρων
2958 4007 3076 4082 τῶν
3127 4003 3178 4057 ἐν
3237 4005 3304 4075 τῇ
3357 4003 3562 4082 ξΡαϊθῷ
3620 4025 3763 4082 σφυ-

2166 4075 2368 4145 γνέντων
2433 4073 2537 4126 ὑπὸ
2579 4073 2856 4143 ’Βλεμύων
2917 4079 3026 4145 τῶν
3112 4073 3544 4145 κατοικούντων,
3617 4073 3763 4131 ὅπου

2169 4143 2302 4270 εὶσὶν
2361 4145 2416 4198 αἱ
2477 4145 2546 4219 ιβ’
2613 4147 2786 4220 πηγαὶ
2843 4143 2934 4199 καὶ
2987 4147 3055 4200 τὰ
3113 4148 3156 4200 o'
3213 4143 3410 4222 δένδρα
3468 4153 3575 4202 τῶν
3638 4169 3770 4225 φοι-

2169 4238 2354 4270 νκων.

2167 4239 2193 4270 ν
2207 4238 2354 4275 ικων,

2171 4357 2439 4430 Βλεμύων
2489 4359 2815 4434 τριακοσίων
2875 4354 3180 4414 ἐπιϐάντων
3243 4357 3428 4430 ξόλοις
3477 4357 3768 4435 μεγάλοις,

2097 4448 2188 4503 καὶ
2248 4448 2595 4522 περασάντων
2655 4450 2716 4502 τὸ
2787 4447 3024 4523 πέλαγος
3109 4455 3210 4518 τῆς
3295 4448 3604 4516 ινθιοπίας,
3671 4449 3770 4503 καὶ

2099 4537 2368 4592 ἐλθόντων
2399 4535 2477 4597 ε”ς
2517 4537 2709 4603 τόπον,
2762 4537 2852 4591 καὶ
2914 4537 3182 4612 εὑρόντων
3239 4536 3458 4605 πλοῖον,
3514 4537 3603 4591 καὶ
3664 4535 3768 4609 ἐμ-

339 4638 610 4709 appnlso,
643 4636 1010 4699 Pharanitas,
1049 4635 1149 4706 qui
1182 4635 1301 4689 illis
1341 4642 1746 4702 occurrerant,
1777 4637 1984 4703 vicere,

2111 4626 2321 4685 ϐάντων
2355 4629 2432 4693 εἷς
2461 4630 2617 4699 αὐτὸ,
2659 4631 2749 4683 καὶ
2809 4627 3249 4703 διαπερασάντων
3302 4630 3377 4692 εῗς
3427 4630 3524 4698 τήν
3573 4631 3771 4704 χώραν

341 4725 669 4780 interfectis
699 4730 938 4778 centum
973 4724 1367 4800 quadraginta
1395 4731 1622 4795 septem
1679 4726 1858 4791 viris;
1892 4727 1993 4781 ab-

340 4816 652 4885 ductisque
683 4813 1036 4869 mulieribus
1066 4818 1121 4867 et
1148 4813 1370 4884 pueris,
1397 4813 1594 4869 abiere
1618 4814 1679 4868 in
1710 4821 1994 4882 castrum,

340 4905 440 4960 ubi
472 4903 661 4960 sancti
689 4904 893 4958 Patres
920 4902 1234 4957 ecclesiam
1267 4902 1584 4972 habebant,
1631 4905 1880 4974 ejusque
1903 4905 1998 4976 ja-

339 5011 520 5050 nuam
549 4995 917 5053 obserantes.
937 5008 1065 5047 sese
1091 4992 1150 5046 in
1175 4992 1338 5047 illam
1361 4999 1993 5064 receperant,mortem

341 5089 774 5155 exspectantes.
802 5081 1057 5154 Ingressi
1089 5081 1289 5152 itaque
1318 5079 1575 5147 barbari,
1601 5097 1737 5136 cum
1763 5082 1991 5138 nullam

340 5175 419 5229 ibi
455 5173 715 5245 praadam
749 5171 1131 5243 reperissent,
1165 5171 1334 5225 cmsis
1363 5171 1662 5236 omnibus,
1694 5170 1765 5224 ad
1794 5171 1990 5226 navim

343 5280 474 5319 cum
497 5264 726 5334 captiva
748 5260 1132 5316 multitudine
1152 5259 1461 5315 redierunt
1481 5275 1685 5329 :quam
1709 5276 1843 5314 cum
1868 5277 1990 5317 non

343 5353 679 5408 invenirent
711 5351 960 5419 (interea
989 5349 1150 5404 enim
1179 5347 1345 5402 illam
1379 5348 1437 5401 in
1467 5364 1632 5403 mare
1692 5348 1990 5404 demerse-

341 5448 476 5497 rant
506 5442 604 5511 qui
639 5457 671 5496 a
705 5439 975 5494 Barbaris
1024 5437 1314 5509 angariati
1368 5437 1624 5495 fuerant.
1674 5437 1990 5509 fugamque

339 5531 757 5602 arripuerant),
791 5529 962 5583 furiis
990 5527 1214 5599 agitati,
1246 5527 1508 5597 captivos
1541 5542 1750 5581 omnes
1812 5527 1990 5582 truci-

345 5621 565 5676 darunt
597 5636 610 5673 :
641 5618 857 5674 deinde
889 5624 948 5672 et
977 5617 1087 5688 ipsi
1120 5615 1394 5671 trucidati
1428 5621 1588 5672 sunt.

2104 4724 2211 4775 τῶν
2246 4723 2588 4793 Φαρανιτῶν,
2624 4718 2853 4789 ἐξῆλθον
2904 4720 2955 4775 οἱ
3006 4725 3305 4794 Φαρανῖται
3363 4719 3439 4780 είς
3500 4724 3774 4789 συνάντη-

2107 4829 2187 4863 σιν
2228 4808 2425 4862 αὐτῶνο
2479 4807 2568 4862 καὶ
2611 4807 2933 4879 ἐνικήθησαν
2997 4809 3100 4863 ὑπὸ
3157 4813 3262 4862 τῶν
3325 4807 3614 4880 Βλεμόων,
3671 4809 3770 4862 καὶ

2110 4894 2419 4972 ἐσφάγησαν
2481 4891 2672 4968 ἄνδρες
2729 4896 2918 4950 ἑκατὸν
2972 4896 3526 4971 τεσσαρακονταεπτά.
3587 4896 3654 4953 Οἱ
3706 4893 3769 4951 δὲ

2115 4983 2360 5056 Βλὲμυες
2445 4981 2734 5058 ἐπάραντες
2817 4985 2910 5046 τὰς
2993 4991 3249 5059 γυναῖκας
3303 4984 3396 5039 καὶ
3453 4987 3522 5040 τὰ
3577 4982 3772 5041 παιδία

2115 5078 2221 5128 τῶν
2263 5077 2604 5147 Φαρανιτῶν,
2638 5073 2884 5138 ἀπῆλθον
2911 5073 2986 5135 εἷς
3018 5075 3079 5128 τὸ
3128 5072 3383 5150 κᾶστρον,
3430 5073 3568 5129 ὅπου
3618 5074 3772 5148 εἶχον

2115 5165 2214 5232 τὴν
2247 5160 2540 5230 ἐκκλησίαν
2575 5162 2627 5216 οἱ
2659 5162 2802 5237 ἅγιοι
2859 5163 3115 5236 Πατέρες,
3173 5162 3261 5218 καὶ
3315 5162 3620 5240 ἠσφάλισαν
3669 5165 3774 5234 τὴν

2115 5253 2279 5325 θύραν
2313 5253 2364 5306 οἱ
2397 5252 2562 5327 ἅγιοι,
2611 5251 2702 5306 καὶ
2761 5251 3107 5330 προσέφυγον
3162 5252 3238 5314 εἷς
3297 5253 3396 5321 τήν
3454 5249 3777 5321 ἐκκλησίαν,

2109 5339 2466 5418 ἐκδεχόμενοι
2497 5342 2586 5396 τὸν
2619 5343 2867 5406 θάνατον.
2927 5344 3022 5397 Καὶ
3076 5341 3321 5404 ἐλθτντες
3373 5343 3425 5397 οἱ
3475 5337 3778 5417 Βάρϐαροι,

2105 5432 2196 5486 καὶ
2255 5434 2519 5506 χρήματα
2580 5436 2892 5502 ζητοῦντες,
2953 5433 3041 5486 καὶ
3102 5435 3179 5505 μή
3240 5431 3512 5506 εὑρόντες,
3571 5431 3778 5496 πάντας

2103 5509 2416 5598 ἑφόνευσαν.
2451 5521 2554 5577 Καὶ
2589 5517 2851 5583 λαϐόντες
2901 5523 3001 5589 τὴν
3058 5520 3472 5596 αἶχμαλωσίαν,
3523 5519 3780 5590 ἀπῆλθον

2107 5612 2244 5684 πρὸς
2296 5610 2358 5666 τὰ
2419 5615 2668 5681 περᾶσαι·
2729 5611 2818 5664 καὶ
2877 5612 2952 5682 μή
3012 5611 3264 5686 εὑρόντες
3321 5610 3383 5666 τὸ
3436 5609 3634 5666 πλοῖον
3695 5613 3780 5684 (τὸ

345 5708 451 5784 γὰρ
483 5707 685 5761 πλοῖον
718 5707 771 5760 οἳ
803 5704 1220 5782 ἀγγαρευθὲντες
1253 5698 1523 5775 ἐϐύθισαν,
1555 5703 1644 5758 καὶ
1676 5698 1915 5781 ἔφυγον),
1975 5703 2274 5777 ἐμάνησαν,
2327 5700 2418 5756 καὶ
2476 5698 2703 5776 ἔσφαξαν
2761 5701 2860 5769 τὴν
2921 5697 3330 5775 αἲχμαλωσίαν·
3375 5699 3682 5777 ἐσφάγησαν
3723 5698 3783 5757 δὲ

339 5796 430 5854 καὶ
459 5794 636 5853 αὐτοί.
