4124 6428
296 541 673 618 Ἀλεξάνδρου
711 586 727 612 ,
805 541 1170 614 Πατριάρχης
1223 537 1438 612 γέγονεν

306 634 407 694 Καὶ
441 631 535 688 διὰ
563 632 672 700 τὴν
734 628 1035 704 ὀρθοδοξον
1102 627 1282 682 πίστιν
1342 621 1529 678 πολλὰ
1568 619 1869 695 πειραθεὶς,
1899 613 1991 672 καί

313 724 606 801 διωχθεὶς,
640 722 738 776 καὶ
791 720 1010 796 ρυγὼν,
1067 716 1158 773 καὶ
1206 713 1522 789 ὲξορισθεὶς,
1579 709 1671 766 καὶ
1725 708 1813 763 ἐπὶ
1867 727 1992 762 τεσ-

320 818 616 892 σαράκοντα
645 811 740 866 καὶ
777 807 878 866 δύο
932 807 1171 884 χρόνους
1224 805 1358 879 ὑπὲρ
1417 804 1662 877 Χριστοῦ
1719 794 1991 873 ἀγωνισά-

334 887 510 975 μενος,
554 901 863 975 κοιμηθεὶς
921 898 1238 966 ἐτελειώθη.
1270 896 1334 954 Ὀ
1391 891 1448 948 δὲ
1496 892 1654 967 ἅγιος
1711 887 1989 975 Κῦριλλος

339 997 572 1070 ὑπῆρχεν
603 991 697 1048 ἐπὶ
731 988 1028 1046 Θεοδοσίου
1071 991 1169 1042 τοῦ
1221 987 1441 1061 μικροῦ,
1473 979 1690 1053 ἀνεψιὸς
1719 974 1992 1051 Θεοψίλου

341 1065 678 1159 πατρίάρχου
737 1083 839 1150 τῆς
913 1078 1083 1147 αὐτῆς
1134 1073 1351 1132 πόλεως
1406 1065 1840 1144 Ἀλεξαιιοδρείας⁸
1896 1065 1991 1121 οὗ·

337 1195 472 1236 τινος
502 1173 722 1247 ἐγένετο
751 1169 846 1224 καὶ
881 1165 1166 1240 διάδοχος·
1218 1161 1540 1239 παρεγένετο
1597 1155 1656 1212 δὲ
1705 1155 1795 1212 καὶ
1829 1154 1988 1216 αὐτὸς

330 1266 405 1327 εἰς
493 1264 596 1330 τήν
657 1259 1118 1336 συγκροτηθεῖσαν
1201 1253 1256 1309 ἐν
1316 1251 1535 1328 Ἐφέσῳ
1592 1242 1840 1312 σύνοδον,
1905 1240 1992 1298 ἐπί

326 1354 640 1428 καθαιρέσει
709 1349 806 1405 τοῦ
890 1340 1182 1408 δυσσεϐοῦς
1266 1338 1587 1415 Νεστορίου,
1671 1336 1738 1391 τά
1802 1337 1996 1408 πρῶτα

1795 395 2255 459 JANUABIUS.

1520 527 1936 603 Ἀλεξανδρείας
1967 569 1984 583 .

2130 544 2205 582 vro
2238 527 2355 583 ﬁde
2387 527 2714 582 orthodoxa
2744 527 3009 598 pertulit,
3041 527 3488 598 persecutiones
3521 541 3732 597 passus

3637 396 3758 456 206

2099 617 2492 690 fugiens,etin
2517 616 2793 671 exsilium
2818 616 3060 688 pulsus:
3087 633 3342 687 cumque
3368 615 3762 688 quadraginta

2102 707 2358 762 duorum
2381 723 2675 762 annorum
2709 706 2898 778 spatio
2930 723 3034 778 pro
3072 706 3305 761 Christo
3364 705 3750 772 decertasset,

2101 798 2344 854 tandem
2365 798 2739 853 obdormivit.
2767 799 3014 854 Sanctus
3038 815 3171 853 vero
3195 799 3470 869 Cyrillus,
3495 797 3763 854 Theodo-

2101 889 2188 944 sio
2213 889 2454 960 juniore
2489 888 2841 960 imperante,
2869 889 3177 960 Theophili
3202 889 3552 960 patriarchae
3575 903 3762 958 nepos

2101 982 2160 1032 et
2195 977 2256 1030 in
2288 975 2495 1031 eadem
2531 975 2931 1030 Alexandrina
2948 974 3088 1029 sede
3120 990 3450 1034 successor,
3475 974 3549 1030 ad
3583 989 3762 1045 syno-

2101 1066 2243 1122 dum
2276 1066 2638 1138 Ephesinam
2671 1066 2952 1121 adversus
2984 1066 3231 1136 impium
3258 1065 3594 1120 Nestorium
3628 1080 3766 1119 con-

2102 1161 2406 1230 gregatam
2428 1155 2748 1227 profectus,
2774 1155 2997 1227 primas
3021 1155 3179 1209 inter
3200 1155 3511 1226 episcopos
3533 1152 3763 1208 tenuit:

2103 1245 2430 1316 multisque
2463 1246 2597 1300 aliis
2642 1251 2801 1300 recte
2854 1244 3028 1299 factis
3087 1243 3305 1306 clarus.
3338 1243 3412 1299 ad
3444 1243 3766 1298 Dominum

2098 1336 2390 1408 migravit,
2423 1337 2606 1393 vitam
2637 1336 2938 1408 recipiens
2968 1340 3274 1390 aeternam.

327 1417 507 1521 cpépov.
527 1442 583 1499 ἰν
612 1439 963 1499 ἐπισκόποις.
988 1437 1118 1494 Εἶτα
1149 1433 1202 1490 ἐν
1234 1429 1475 1495 πολλοῖς
1503 1427 1593 1485 καὶ
1625 1424 1820 1488 ἄλλοις
1850 1422 2237 1499 κατορθώμασι
2272 1422 2613 1499 διαλάμψας,
2644 1426 2781 1501 πρὸς
2835 1424 3028 1500 Κύριον
3080 1421 3438 1497 ἐξεδήμηστν,
3470 1417 3766 1478 ἀπολαϐὼν

321 1542 424 1603 τήν
459 1534 690 1588 αἱώνιον
721 1529 892 1600 ζωὴν.

907 1646 985 1718 Τῇ
1036 1641 1174 1714 αὖτῇ
1231 1639 1418 1714 ἡμέρᾳ

344 1741 562 1810 Μνημη
633 1738 738 1805 τῆς
796 1731 948 1796 ὁσίας
1006 1723 1278 1792 Εὖσεϐίας
1331 1733 1432 1797 τῆς
1496 1721 1998 1800 μετονομασθείσης

1069 1819 1271 1889 Ξένης.

421 1945 481 1997 Ἦ
539 1941 662 2016 ἁγία
713 1932 952 1997 Εὖσεόία
1005 1938 1042 2006 ἡ
1107 1933 1571 2008 μετονομασθεῖσα
1625 1929 1796 2016 Ξὲνη.
1853 1927 2005 2002 γὲγο-

343 2055 430 2088 νεν
460 2034 520 2088 ἐκ
563 2013 666 2100 τῆς
719 2028 940 2089 πόλεως
992 2026 1240 2099 Ῥώμης,
1301 2022 1525 2097 εὖγενὴς
1582 2019 1672 2074 καὶ
1731 2013 2007 2092 εὔμορφος

340 2125 432 2178 καὶ
488 2119 767 2177 πλουσία.
829 2119 954 2175 Τῶν
1026 2111 1083 2170 δὲ
1137 2111 1336 2188 γονὲων
1395 2109 1563 2178 αὐτῆς
1625 2104 2006 2184 βουληθέντων

341 2215 487 2286 πρὸς
546 2213 726 2286 γάμον
782 2206 949 2274 αὐτὴν
1006 2201 1254 2259 ἐκδοῦναι
1291 2245 1305 2270 ,
1373 2199 1461 2255 καὶ
1515 2201 1729 2253 πάντων
1787 2194 2008 2267 ἕτοιμα-

339 2280 687 2372 σθέντωνξὲξ
747 2296 912 2352 αὐτοῦ
967 2297 1065 2350 τοῦ
1119 2293 1328 2348 παστοῦ
1388 2289 1522 2363 μετᾶ
1578 2284 1674 2342 δύο
1733 2280 2004 2340 δουλίδων

339 2389 727 2469 ἀπορυγοῦσα,
771 2387 857 2442 καὶ
892 2385 970 2447 εἷς
1027 2382 1225 2438 πλοῖον
1273 2378 1613 2446 εἰσελθοῦσα,
1673 2373 2005 2431 ἀπέπλευσεν

341 2483 425 2544 εἶς
469 2461 936 2552 ’²Αλεξάνδρειαν.
988 2475 1084 2530 Ἐκ
1156 2474 1254 2525 τοῦ
1337 2466 1546 2524 πλοίου
1609 2463 1666 2520 δὶ
1723 2461 2009 2535 ἐξελθοῦσα

336 2567 634 2643 κατέμενεν
696 2566 774 2628 είς
823 2563 1036 2635 οἴκημα
1092 2579 1382 2635 πενιχρον,
1416 2554 1717 2630 διαπροῦσα
1776 2551 1866 2608 διὰ
1910 2553 2011 2620 τήν

338 2640 670 2737 γυπαικείαν
729 2656 999 2718 ἁσθὲνειαν
1035 2696 1048 2721 ,
1092 2653 1198 2705 ποῦ
1246 2646 1478 2711 ἀπελοοι
1511 2663 1526 2678 '
1587 2641 1713 2700 ἀλλ’
1771 2640 2009 2715 ἔπεμψεν

343 2732 490 2821 αὐτῇ
531 2749 560 2803 ὁ
609 2745 740 2809 Θεὸς
790 2741 1076 2816 ἄνθρωπον
1135 2737 1433 2812 μονάζοντα
1485 2733 1699 2789 ΙΙαΞλον
1756 2732 2008 2802 ὀνόματι.

341 2839 450 2898 Καὶ
515 2836 721 2895 ἐκεῖνος
777 2829 1066 2905 ὡδήγησεν
1113 2827 1280 2894 αὐτὴν
1335 2826 1472 2898 πρὸς
1532 2822 1826 2895 σωτηρίαν.
1859 2821 2011 2874 Ἀνε-

341 2923 555 2985 λάῦετο
585 2926 688 3000 γάρ
722 2920 910 2986 αὒτάς,
966 2918 1058 2973 καὶ
1115 2914 1316 2992 ἤγαγεν
1371 2913 1447 2975 είς
1499 2913 1601 2980 τὴν
1651 2907 1792 2965 ἷδίαν
1846 2907 2011 2963 πόλιν

348 3020 427 3079 εἷς
457 2995 754 3074 Μυλασσαν
812 3007 1057 3079 πλησίον
1120 3006 1338 3080 Καρίας.
1400 3004 1499 3060 Καὶ
1557 3000 1762 3056 ἔκτισεν
1818 2995 2013 3068 ἐκκλη-

360 3107 475 3163 σίαν
531 3105 616 3160 ἰπὶ
667 3106 748 3173 τῷ
834 3099 1060 3172 ὀνόματι
1145 3099 1242 3150 τοῦ
1327 3093 1487 3168 ἁγίου
1544 3087 2014 3163 πρωτομάρτυρος

357 3193 633 3275 Στεφάνου
668 3211 683 3224 ·
745 3190 835 3246 καὶ
918 3183 1351 3255 ἀποκατέστησεν
1450 3180 1613 3242 αὐτὰς
1696 3178 1806 3234 ἐκεῖ
1839 3222 1852 3236 .

349 3266 620 3342 τοσοῦτον
663 3279 976 3357 ἠγωνίσατο
1027 3277 1064 3346 ἡ
1119 3275 1266 3349 ἁγία,
1327 3271 1402 3333 ὡς
1456 3269 1544 3326 καὶ
1601 3266 1830 3324 πολλῶν
1885 3267 2014 3357 θαυ-

356 3376 546 3452 μάτων
607 3371 906 3443 ἀξιωθῆναι
939 3384 954 3399 ⁸

357 3465 498 3540 ἔχρη
508 3482 666 3518 σατο.

927 3547 1014 3620 Τῇ
1071 3543 1211 3617 αὖτῇ
1264 3541 1449 3616 ἡμέρᾳ

547 3649 814 3721 ’Ἃθλησις
841 3653 942 3716 τῆς
990 3643 1144 3720 ἁγίας
1181 3639 1452 3716 μάρτυρος
1505 3635 1839 3707 Θεοδούλης.

451 3766 712 3837 Θεοδοῦλη
760 3769 794 3837 ἠ
855 3767 1062 3838 μάρτυς
1120 3759 1367 3835 ὑπῆρχεν
1429 3757 1489 3812 ἐκ
1533 3763 1636 3826 τῆς
1684 3748 2023 3829 Ἀναζάρῦου

377 3859 588 3921 πόλεως
618 3857 703 3914 ἐπὶ
743 3863 845 3926 τῆς
903 3850 1183 3930 βασιλείας
1242 3847 1662 3918 Διοκλητιανου’
1693 3843 1782 3899 διὰ
1839 3841 1896 3898 δὲ
1924 3844 2022 3914 τήν

372 3948 450 4004 εἰς
509 3946 741 4022 Χριστὸν
797 3945 1020 4011 πίστιν,
1079 3939 1168 3994 καὶ
1226 3939 1328 4007 τήν
1385 3933 2023 4022 ὁμολογίανᾼέκρατήθη

367 4041 518 4114 παρὰ
560 4019 851 4112 ’Πελαγίου
937 4033 1208 4108 ἄρχοντος
1295 4031 1395 4097 τῆς
1475 4019 1844 4114 Ἀναζάρὸου.
1921 4023 2026 4079 Καὶ

367 4112 702 4197 ἐὸασανίσθη
763 4126 1005 4200 ἱσχυρῶς
1039 4138 1053 4152 °
1130 4119 1220 4174 καὶ
1310 4117 1709 4194 βασανιζομένη
1795 4112 2031 4186 ἐθαυμα-

365 4219 648 4293 τούργησε
678 4234 692 4263 .'
750 4216 840 4270 καὶ
895 4209 1424 4284 θαυματουργήσασα
1481 4205 1820 4261 ἐπεσπάσατο
1891 4201 2032 4258 πολ-

367 4291 508 4371 λοὺς
567 4307 660 4363 καὶ
717 4304 896 4361 ἔπεισε
953 4299 1276 4377 προσελθεῖν
1330 4303 1410 4371 τῷ
1457 4300 1696 4373 Χριστῷ,
1755 4294 1847 4350 καὶ
1879 4291 2032 4370 γενὲο

368 4412 497 4464 σθαι
529 4394 912 4472 Χριστιανούς.
958 4393 1048 4462 Ἐξ
1107 4387 1181 4444 ὧν
1226 4391 1361 4458 ἦσαν
1394 4389 1422 4442 ὁ
1456 4384 1904 4460 Κομενταρίσιος,
1945 4382 2037 4438 καὶ

369 4493 399 4546 ὁ
463 4487 670 4564 βοηθὸς
719 4479 1038 4550 Ἐλλάδιος,
1093 4479 1291 4541 οἳτινες
1337 4477 1427 4534 καὶ
1481 4476 1579 4540 τὰς
1635 4473 1874 4552 κεφαλὰς
1906 4475 2038 4529 ἀπε-

2031 1822 2079 1888 Β

1015 3364 1106 3421 καὶ
1175 3361 1319 3419 οὕτω
1387 3361 1630 3438 βιώσασα
1683 3357 1830 3414 τέλει
1892 3356 2015 3432 βίου

2756 1634 2978 1690 Eodem
3029 1634 3124 1690 die

2109 1725 2258 1779 117
2311 1722 2766 1781 Commemoratio
2822 1731 3027 1780 sancta
3083 1724 3353 1790 Eusebiae,
3409 1728 3771 1793 cognomento

2842 1814 3028 1868 Xenae.

2185 1931 2398 1986 Sancta
2427 1929 2702 1996 Eusebia,
2749 1933 3143 2002 cognomento
3194 1929 3379 1991 Xena,
3419 1928 3480 1982 id
3511 1932 3622 1994 est,
3659 1929 3776 1984 Ho-

2114 2020 2287 2092 spita,
2321 2036 2391 2075 ex
2419 2019 2563 2074 urbe
2586 2021 2773 2075 Roma
2802 2019 2934 2085 fuit,
2958 2033 3195 2091 genere,
3226 2017 3420 2072 forma
3440 2016 3774 2088 opipusque

2112 2109 2384 2182 insignis.
2420 2110 2564 2163 Cum
2597 2115 2797 2164 autem
2829 2116 3108 2179 parentes
3136 2106 3358 2162 vellent
3387 2122 3516 2161 eam
3550 2105 3613 2160 in
3645 2121 3775 2160 ma-

2114 2198 2462 2253 trimonium
2503 2197 2819 2262 collocare,
2873 2197 3194 2267 omniaque
3254 2195 3328 2251 ad
3387 2193 3778 2250 celebrandas

2113 2287 2352 2359 nuptias
2385 2292 2592 2358 parata
2622 2291 2842 2351 essent,
2901 2290 3138 2357 arrepta
3185 2283 3414 2339 occulte
3445 2283 3584 2355 fuga
3639 2296 3775 2336 cum

2115 2377 2345 2432 duabus
2372 2375 2609 2432 ancillis
2666 2375 2863 2430 navim
2920 2373 3307 2430 conscendit:
3372 2389 3491 2444 qua
3518 2371 3776 2428 Alexan-

2114 2465 2306 2520 driam
2339 2465 2555 2532 delata,
2579 2471 2891 2537 angustam
2929 2463 3170 2519 domum
3203 2462 3405 2530 subiit,
3439 2463 3667 2517 incerta
3697 2460 3771 2515 ob

2116 2555 2527 2611 inﬁrmitatem
2551 2554 2930 2622 muliebrem,
2956 2569 3219 2624 quonam
3240 2569 3303 2608 se
3320 2552 3632 2623 reciperet.
3657 2549 3771 2605 Sed

2115 2645 2281 2700 misit
2301 2643 2376 2701 ad
2401 2645 2566 2700 illam
2593 2645 2747 2699 Deus
2766 2643 3015 2698 Paulum
3044 2642 3365 2714 quemdam
3392 2641 3776 2708 monachum,

2118 2735 2218 2806 qui
2251 2751 2313 2789 se
2342 2734 2552 2789 salutis
2583 2733 2793 2789 ducem
2827 2739 2885 2787 et
2901 2733 3155 2804 praebuit
3179 2750 3192 2799 ;
3217 2739 3396 2802 atque
3428 2731 3488 2785 in
3521 2730 3776 2802 patriam

2118 2839 2286 2878 suam
2319 2823 2630 2894 Mylassam
2663 2822 2846 2877 Carius
2896 2823 3224 2893 proximam
3259 2821 3546 2876 adductas
3578 2819 3637 2874 in
3670 2836 3776 2874 ec-

2119 2912 2301 2968 clesia
2341 2912 2530 2967 sancti
2583 2910 3034 2983 protomartyris
3092 2910 3400 2980 Stephani,
3433 2925 3614 2980 quam
3649 2908 3776 2980 ipse

2121 3006 2477 3066 extruxerat,
2512 3000 2842 3056 collocavit.
2876 2999 2961 3054 Ibi
3015 2999 3194 3072 igitur
3220 2999 3661 3054 sanctissimam
3692 2998 3776 3051 vi-

2121 3095 2241 3147 tam
2274 3089 2526 3145 Eusebia
2552 3088 2892 3156 traducens,
2936 3087 3161 3143 donum
3221 3087 3401 3142 etiam
3455 3085 3781 3141 miraculo-

1912 3174 2010 3231 Καὶ
2043 3184 2086 3252 ρ
2125 3197 2258 3235 rum
2289 3180 2637 3252 promeruit.
2671 3179 2936 3249 Cumque
2968 3177 3128 3234 hunc
3150 3177 3212 3232 in
3245 3176 3491 3232 modum
3512 3175 3779 3244 vixisset,

2124 3269 2400 3326 decessit.

2779 3544 3000 3600 Eodem
3031 3545 3128 3600 die

2272 3635 2426 3692 118
2461 3635 2746 3690 Certamen
2784 3641 2991 3691 sancta?
3028 3636 3293 3704 martyris
3327 3632 3642 3688 Theodula.

2203 3752 2508 3810 Theodula
2545 3758 2791 3824 martyr,
2824 3752 3190 3808 Diocletiano
3222 3753 3605 3822 imperatore.
3635 3751 3788 3804 Ana-

2135 3841 2290 3897 zarbi
2317 3848 2478 3910 nata,
2511 3840 2586 3896 ob
2607 3841 2823 3896 Christi
2849 3840 3026 3896 fidem
3057 3839 3608 3912 professionemque
3632 3853 3663 3892 a
3685 3837 3792 3892 Pe-

2135 3930 2291 4003 lagio
2325 3930 2612 3985 Anazarbi
2654 3930 2930 4001 praefecto
2964 3930 3414 4001 comprehensa.
3448 3925 3794 4000 gravissime

2139 4020 2422 4077 caeditur:
2457 4037 2714 4092 cumque
2747 4022 2904 4075 inter
2940 4021 3240 4076 cruciatus
3282 4018 3573 4074 miracula
3602 4023 3802 4088 patra-

2141 4117 2252 4174 ret,
2277 4111 2616 4183 complures
2649 4111 2721 4166 ad
2744 4111 2960 4166 Christi
3000 4110 3180 4166 ﬁdem
3234 4109 3431 4178 traxit,
3484 4125 3556 4164 ex
3586 4107 3802 4178 quibus

2141 4203 2254 4257 fuit
2299 4201 2891 4266 Commentariensis,
2927 4208 2986 4256 et
3037 4201 3347 4256 Helladius
3396 4199 3654 4272 adjutor,
3702 4197 3804 4270 qui

2145 4291 2336 4362 capite
2366 4291 2524 4362 plexi
2560 4296 2718 4345 sunt.
2764 4294 2835 4345 At
2874 4289 3192 4344 Theodulaa
3253 4290 3514 4360 primum
3573 4286 3806 4342 subulis

2147 4380 2544 4436 candentibus
2563 4379 2851 4435 mamillae
2883 4379 3260 4450 perforantur
3285 4383 3345 4433 et
3365 4377 3765 4432 amburuntur
3791 4391 3807 4431 :

2149 4489 2287 4528 mox
2313 4471 2546 4544 capillis
2569 4471 2630 4525 in
2665 4486 2943 4542 cypresso
2979 4485 3282 4542 suspensae
3305 4467 3491 4541 pedes
3522 4465 3809 4524 aculeatis

369 4558 708 4655 tp‘iﬁonaav.
768 4577 832 4634 Ἡ
889 4573 948 4630 δὲ
1000 4571 1127 4648 ἁγία
1183 4571 1288 4626 ὑπὸ
1344 4565 1621 4625 σουϐλίων
1675 4567 2014 4641 πυρωθὲντωε

2144 4563 2399 4620 surculis
2431 4563 2846 4635 conﬁguntur:
2878 4567 3056 4633 atque
3086 4561 3168 4616 ita
3195 4576 3486 4632 suspensa
3517 4558 3617 4614 diu
3649 4574 3813 4614 man-

377 4669 718 4745 διετρυπήθη
777 4665 868 4721 καὶ
942 4661 1176 4732 κατεκάη
1241 4660 1370 4724 τοὺς
1435 4656 1695 4734 μαστούς.
1749 4658 1881 4713 Εἶτα
1933 4655 2014 4710 ἀπι

2144 4653 2241 4711 sit.
2274 4657 2486 4709 Postea
2507 4653 2728 4719 soluta,
2761 4653 2824 4706 in
2851 4651 3154 4707 caminum
3209 4649 3364 4723 ignis
3423 4649 3814 4705 vehementer

375 4736 510 4817 τῶν.
546 4736 758 4832 τριχῶν
834 4753 1142 4830 ἐκρεμάσθη
1230 4749 1282 4806 ἐν
1367 4749 1711 4823 κυπαρίσσῳ’
1764 4745 1854 4800 καὶ
1912 4744 2010 4800 τοὺ

2147 4759 2465 4800 accensum
2516 4741 2861 4798 immittitur
2891 4757 3026 4796 cum
3061 4740 3196 4796 aliis
3219 4739 3483 4795 sanctis:
3543 4737 3649 4794 ubi
3708 4736 3811 4793 diu

380 4848 561 4910 πόδας
597 4847 732 4921 μετά
775 4849 881 4901 τῶν
940 4841 1182 4919 καρφίων
1244 4838 1568 4910 καθηλώθη.
1634 4837 1730 4893 Καὶ
1779 4833 2011 4910 ἒκρὲματ

2149 4851 2348 4902 orans,
2382 4849 2718 4904 manusque
2751 4831 3101 4898 extendens,
3137 4835 3194 4885 et
3213 4831 3434 4903 gratias
3457 4845 3659 4902 agens,
3678 4844 3814 4884 san-

384 4942 472 4996 ἐπὶ
510 4937 675 4993 πολὺ·
713 4935 801 4990 καὶ
855 4934 991 5008 μετὰ
1047 4935 1215 4986 ταῦτα
1272 4928 1496 4984 λυθεῖσα
1549 4924 1639 4982 καὶ
1689 4924 1764 4986 είς
1813 4926 2014 4996 κάμινο

2150 4931 2305 4979 ctam
2334 4924 2600 4978 animam
2636 4923 2752 4976 Deo
2786 4921 3061 4976 reddidit.

382 5029 560 5103 πυρὸς
583 5025 829 5101 ἱσχυρῶς
857 5023 1157 5089 ἐκκαεῖσαν,
1196 5019 1330 5093 μετά
1358 5019 1445 5073 καὶ
1482 5017 1675 5089 ἒτὲρων
1709 5013 1877 5090 ἁγίων
1903 5009 2263 5086 ἐμϐληθεῖσα,
2299 5011 2384 5068 ἐπὶ
2418 5010 2562 5068 πολὺ
2585 5009 3020 5086 προσευξαμένη,
3051 5008 3140 5064 καὶ
3172 5008 3267 5071 τὰς
3299 5014 3494 5086 χεῖρας
3527 5005 3826 5075 ἐκτείνασα,

383 5120 474 5174 καὶ
506 5117 970 5191 εὐχαριστήσασα,
1003 5107 1284 5185 παρέδωκε
1311 5110 1410 5178 τήν
1440 5106 1596 5182 ἁγίαν
1628 5104 1796 5169 αὐτῆς
1826 5103 2010 5178 ψυχὴν
2042 5106 2121 5176 τῷ
2151 5105 2288 5174 Θεῷ,

925 5240 1104 5297 MHNI
1162 5239 1257 5294 ΤΩ
1312 5237 1516 5292 ΑΥΤΩ.

1181 5327 1258 5382 ΙΘ⁸

387 5442 667 5514 ’Δθλησις
722 5442 822 5496 τοῦ
870 5435 1029 5514 ἁγίου
1104 5435 1376 5509 μάρτυρος
1431 5427 1698 5486 Θεοδότου
1757 5427 2056 5484 ἐπισκόπου

861 5524 1138 5600 Κυρηνίας
1187 5527 1287 5589 τῆς
1342 5521 1590 5597 Κύπρου.

467 5641 642 5704 Οὗτος
667 5638 720 5694 ἐν
787 5636 877 5692 ἐπὶ
911 5633 1189 5690 Λικιννίου
1216 5635 1312 5686 τοῦ
1347 5627 1619 5706 βασιλεως
1677 5627 1769 5682 καὶ
1827 5621 2061 5682 Σαϐίνου

396 5731 673 5807 ἡγεμόνος
701 5735 806 5798 τῆς
865 5723 1118 5800 Κυπρίων
1177 5723 1370 5794 νήσου.
1417 5718 1516 5774 Διᾶ
1546 5715 1604 5774 δε
1659 5717 1760 5788 τήν
1819 5715 1896 5807 είς
1925 5718 2065 5793 Χριτ-

401 5805 529 5877 στὸν
583 5815 890 5894 ὁμολογίαν
964 5809 1276 5890 κρατηθεὶς,
1343 5809 1641 5886 προσήχθη
1701 5809 1780 5878 τῷ
1835 5805 2065 5882 ἡγεμόνι

682 5943 946 6002 ΡΑτιιοι.
993 5937 1116 5997 Gn.
1159 5933 1403 5996 CXVII.

2720 5231 2961 5286 EODEM
3001 5229 3254 5284 MENSE.

2699 5320 2804 5373 Die
2862 5318 3097 5374 decima
3139 5333 3299 5372 nona

2166 5429 2323 5485 119
2369 5428 2653 5484 Certamen
2709 5430 2887 5482 sancti
2944 5427 3206 5494 martyris
3269 5423 3530 5491 Theopoti
3585 5420 3832 5490 episcopi

2708 5518 2948 5586 Cyriniae
2988 5517 3047 5570 in
3090 5515 3289 5584 Cypro.

2243 5628 2359 5682 Iste
2390 5626 2614 5682 Licinio
2639 5625 3023 5696 imperatore,
3055 5628 3111 5676 et
3141 5617 3359 5674 Sabino
3418 5616 3630 5672 insulm
3659 5617 3830 5687 Cypri

2177 5717 2480 5792 prmfecto,
2516 5718 2592 5771 ob
2623 5714 2842 5770 Christi
2874 5709 3312 5769 confessionem
3339 5707 3831 5780 comprehensus,

2178 5812 2237 5861 et
2253 5805 2324 5861 ad
2343 5806 2617 5862 eumdem
2641 5804 2920 5859 Sabinum
2942 5800 3284 5871 prmfectum
3303 5797 3614 5865 adductus,
3640 5796 3835 5850 nervis

3513 5937 3548 5994 9
