4124 6438
345 403 462 463 267

1671 397 1832 460 ΜΕΝ
1840 393 2103 458 OLOGII
2146 395 2352 459 PARS
2397 397 2482 458 II.

3653 400 3776 463 268

345 533 588 588 bubulis
615 532 934 589 durissime
966 532 1248 588 caeditur:
1281 533 1342 587 in
1376 530 1697 602 equuleum
1739 547 1986 603 suspen-

2106 521 2326 600 Σαϐἰνῳ
2361 569 2375 593 ,
2454 526 2545 581 καὶ
2623 527 2879 582 τύπτεται
2969 526 3104 600 μετὰ
3192 527 3495 603 βουνεῦρων
3583 529 3767 604 ξηρῶν

350 641 470 682 sus.
507 625 978 678 excurniﬁcatur.
1017 626 1140 677 Mox
1174 640 1352 695 super
1384 625 1641 678 ferreum
1691 622 2002 695 grabatum

351 713 618 781 subjecta
651 713 892 767 ﬂamma
921 713 1278 767 extenditur.
1315 713 1425 768 Sed
1474 713 1674 767 divino
1711 712 2001 766 beneflcio

353 819 418 857 ex
452 804 582 875 igne
615 803 1048 858 admirabiliter
1085 810 1373 860 servatus.
1409 803 1617 858 ferreis
1649 802 1865 857 calceis
1897 802 2003 855 iis-

350 908 462 963 que
495 893 674 947 clavis
703 893 891 947 acutis
923 892 1171 947 confixis
1217 893 1536 956 calceatus,
1570 908 1807 946 currere
1835 907 2000 945 com-

347 982 608 1052 pellitur.
647 987 887 1036 Demum
911 983 1132 1037 carceri
1156 981 1442 1049 inclusus,
1474 981 1678 1036 tandiu
1704 983 1762 1035 in
1794 981 2000 1036 vincu-

348 1071 422 1126 lis
452 1073 585 1138 fuit,
620 1073 815 1144 quoad
843 1079 1136 1142 cessante,
1170 1073 1545 1128 Constantini
1568 1072 1762 1145 Magni
1797 1073 2000 1127 Roma.

348 1157 563 1217 norum
595 1163 971 1234 imperatoris
1013 1163 1227 1233 edicto,
1259 1162 1697 1235 persecutione,
1745 1161 1999 1230 solutus,

346 1250 614 1306 ecclesias
646 1269 766 1307 sum
798 1253 1072 1325 regimini
1104 1252 1415 1323 fincubuit,
1467 1251 1714 1306 verbum
1762 1248 2000 1307 Domini

345 1341 532 1395 nostri
563 1340 698 1396 Jesu
731 1341 945 1396 Christi
1008 1341 1276 1414 deposito
1320 1341 1483 1396 omni
1541 1345 1727 1407 metu,
1758 1339 1997 1395 docens.

345 1429 612 1501 Cumque
656 1429 967 1486 biennium
1006 1430 1268 1498 vixisset,
1300 1431 1639 1502 multosque
1690 1429 1763 1485 ad
1810 1429 1999 1500 pieta-

346 1523 466 1575 tem
498 1521 909 1587 convertisset,
936 1522 1212 1594 migravit
1239 1521 1315 1578 ad
1342 1521 1685 1586 Dominum,
1713 1525 1771 1576 et
1800 1536 1835 1575 ε.
1865 1518 2001 1574 reli-

350 1609 532 1680 giosis
561 1609 870 1682 discipulis
902 1612 1026 1667 suis
1056 1612 1388 1668 honoriﬁce
1421 1610 1690 1683 sepultus
1715 1609 1846 1664 fuit.

993 1907 1214 1965 Eodem
1265 1908 1362 1966 die

496 2025 651 2082 120
684 2027 968 2082 Certamen
996 2033 1195 2083 sancta:
1222 2027 1486 2096 martyris
1515 2024 1857 2094 Euphrasius.

421 2171 636 2227 Sancta
659 2177 884 2242 martyr
905 2172 1249 2243 Euphrasia.
1271 2170 1620 2226 Maximiano
1643 2169 2002 2240 imperatore

351 2276 421 2315 ex
449 2264 592 2316 urbe
627 2261 966 2317 Nicomedia
996 2262 1126 2326 fuit,
1162 2261 1287 2332 pari
1322 2267 1380 2314 et
1409 2259 1648 2333 generis
1680 2265 1737 2314 et
1768 2275 2001 2313 morum

348 2348 522 2406 laude
555 2349 990 2406 commendata.
1027 2351 1469 2422 Comprehensa
1491 2356 1711 2414 autem,
1741 2354 1801 2402 et
1825 2346 2000 2402 idolis

346 2441 681 2498 sacriﬁcare
731 2441 1060 2513 compulsa,
1093 2459 1228 2496 cum
1272 2440 1329 2495 id
1377 2440 1571 2496 facere
1622 2438 1999 2506 detrectaret,

342 2530 595 2586 barbaro
627 2537 687 2587 et
715 2532 930 2604 agresti
963 2531 1191 2588 homini
1223 2529 1499 2586 violanda
1531 2529 1819 2584 traditur:
1867 2545 1998 2598 qua:

344 2621 548 2688 verita,
581 2639 655 2677 ne
688 2621 800 2677 sibi
833 2621 918 2676 vis
961 2621 1302 2685 inferretur,
1361 2617 1777 2690 hujuscemodi
1809 2617 1993 2672 artifi-

343 2711 500 2766 cium
523 2711 888 2783 excogitavit.
914 2711 970 2765 Si
998 2728 1114 2776 me,
1138 2710 1337 2781 inquit
1355 2709 1428 2765 ad
1452 2709 1646 2775 illum,
1673 2707 1995 2775 dimiseris,

343 2799 494 2856 dabo
527 2800 630 2856 tibi
665 2801 1073 2872 pharmacum,
1093 2799 1250 2871 quod
1275 2800 1323 2854 si
1352 2799 1694 2873 gestaveris,
1728 2814 1840 2853 nec
1868 2797 1998 2870 gla-

340 2887 495 2957 dius,
529 2907 640 2945 nec
681 2891 842 2946 aliud
873 2889 1180 2962 quidpiam
1227 2889 1332 2945 tibi
1359 2888 1617 2956 nocebit,
1651 2893 1753 2944 aut
1783 2886 1997 2942 vulnus

341 2977 614 3049 inﬂigere
645 2979 901 3050 poterit;
937 2978 1042 3034 sed
1074 2979 1145 3034 ab
1178 2979 1388 3047 hastis,
1439 2976 1704 3044 ensibus,
1738 2975 1996 3047 telisque

337 3068 658 3124 incolumis
704 3075 763 3124 et
819 3069 1042 3124 illmsus
1103 3069 1450 3126 servaberis.
1511 3067 1613 3122 Cui
1672 3066 1813 3122 ille:
1877 3068 1995 3122 lloc

336 3157 612 3229 equidem
646 3158 874 3214 discere
897 3158 1130 3222 vellem,
1159 3158 1425 3229 mihique
1448 3155 1815 3230 persuaderi.
1849 3157 1993 3210 Tum

335 3247 684 3318 Euphrasia,
717 3253 954 3302 extento
1006 3248 1206 3302 statim
1239 3247 1428 3302 collo:
1465 3249 1732 3313 Percute,
1774 3246 1988 3316 inquit,

2109 616 2374 690 ἳσχυρῶς.
2413 618 2542 672 Εἶτα
2597 624 2864 690 κρεμᾶται
2925 615 3013 672 ἐπὶ
3073 617 3262 688 ξύλου,
3322 617 3413 673 καὶ
3473 618 3772 689 ξέεταιτὰς

2111 708 2309 779 σάρκας
2347 749 2360 762 .
2421 704 2527 761 Καί
2611 705 2698 761 ἐπὶ
2769 709 3110 782 πυρωθέντος
3168 705 3398 780 σιδηροῦ
3453 704 3768 783 κραϐὖάτου

2111 793 2400 850 ἁπλοῦται.
2458 793 2782 870 Παραδόξοις
2832 795 2890 851 δὲ
2937 800 3006 870 τῇ
3037 801 3132 852 τοῦ
3163 801 3297 853 Θεοῦ
3331 795 3516 873 χάριτι
3551 795 3768 872 λυτρω-

2111 885 2220 946 θετς
2255 885 2314 939 ἐκ
2342 889 2439 938 τοῦ
2482 885 2673 960 πυρὸς.
2720 883 2962 956 ὑπεδῆθη
3027 883 3224 960 σιδηρᾶ
3278 885 3604 960 ὑποδήματα
3637 891 3775 960 μετὰ

2110 971 2306 1041 ἥλων,
2371 972 2558 1044 ὀξέων,
2616 975 2705 1029 καὶ
2750 976 3081 1050 ἠναγκάζετο
3139 978 3380 1051 τρέχειν.
3445 979 3574 1033 Εἶτα
3629 977 3768 1032 ἀπε-

2109 1059 2336 1134 κλείσθη
2397 1062 2450 1119 ἐν
2505 1068 2572 1138 τῇ
2623 1062 2890 1143 φυλακῇ·
2940 1067 3030 1120 καὶ
3089 1065 3200 1121 ἐπεὶ
3264 1067 3539 1123 ἐπα-ὅσατο
3571 1071 3599 1123 ὁ
3631 1071 3773 1124 κατὰ

2109 1157 2217 1208 τῶν
2273 1156 2609 1230 Χριστιανῶν
2667 1153 2949 1232 διωγμὸς,
3009 1159 3300 1228 προστάξει
3353 1163 3452 1214 τοῦ
3507 1159 3770 1234 Μεγάλου

2112 1245 2525 1299 Κωνσταντίνου
2575 1244 2698 1300 τότε
2775 1253 2878 1316 τῆς
2960 1250 3069 1301 τῶν
3130 1247 3424 1320 Ῥωμαίων
3487 1248 3773 1324 βασιλείας

2110 1333 2481 1406 κρατήσαντοξ
2540 1333 2786 1405 ἀπελύθη
2817 1336 2908 1388 καὶ
2967 1334 3128 1398 αὐτὸς
3175 1343 3277 1406 τῆς
3333 1335 3602 1415 φυλακῆς.
3665 1339 3768 1396 Καὶ

2109 1423 2176 1490 ἦν
2209 1417 2506 1496 διατρίϐων
2557 1422 2610 1478 ἓν
2664 1423 2732 1499 τῇ
2779 1425 2972 1480 ἑαυτοῦ
3003 1424 3291 1496 ἐκκλησίᾳ,
3337 1421 3560 1490 ἀφόϐως
3617 1425 3776 1482 διδά-

2111 1531 2251 1566 σκων
2283 1515 2382 1567 τοῦ
2414 1511 2618 1588 Κυρίου
2677 1515 2838 1586 ἡμῶν
2882 1517 3066 1585 Ἰησοῦ
3125 1519 3365 1591 Χριστοῦ
3421 1517 3514 1572 τὸν
3575 1515 3766 1592 λόγον.

2112 1603 2210 1657 Καὶ
2244 1605 2409 1674 ζήσας
2431 1602 2524 1675 ἔτη
2559 1600 2678 1675 δύο,
2708 1604 2798 1661 καὶ
2847 1603 3096 1668 πολΛοὺς
3153 1607 3290 1682 πρὸς
3346 1608 3446 1676 τήν
3492 1604 3770 1664 εὐσέϐειαν

2110 1692 2435 1768 ἐπιστρέψας
2469 1737 2484 1764 ,
2562 1691 2699 1770 πρὸς
2774 1693 2969 1770 Κύριον
3048 1692 3385 1770 ἐξεδήμησε·
3441 1697 3532 1752 xui
3592 1697 3768 1776 ἐτάφη

2069 1849 2072 1852 ,
2112 1780 2341 1856 ἐντίμως
2372 1782 2476 1837 ὑπὸ
2503 1786 2610 1838 τῶν
2643 1783 2816 1839 αὐτοῦ
2839 1779 3086 1840 εὐλαϐὧν
3123 1788 3404 1859 μαθητῶν.

2037 1917 2081 1982 Β
2709 1901 2794 1967 τῆ
2815 1901 2956 1975 αὐτῇ
2987 1903 3171 1976 ἡμέρᾳ

2304 2011 2577 2086 ’Ἀθλησις
2603 2022 2704 2086 τῆς
2733 2014 2889 2091 ἁγίας
2923 2018 3200 2092 μάρτυρος
3229 2017 3561 2095 Εὖφρασίας.

2177 2149 2239 2206 Ἡ
2272 2147 2394 2225 άγία
2454 2148 2659 2225 μάρτυς
2720 2150 2995 2227 Εὐφρασία
3044 2150 3250 2228 ἐγένετο
3273 2152 3342 2232 ¹ἐκ
3395 2161 3496 2224 τῆς
3543 2155 3766 2218 πόλεως

2107 2238 2501 2311 Νικομηδείας,
2555 2239 2642 2296 ἐπὶ
2679 2247 3017 2315 Μαξιμιανοῦ
3072 2247 3171 2298 τοῦ
3231 2243 3528 2320 βασιλέως,
3577 2247 3782 2320 γένους

2105 2327 2372 2384 πλουσίου
2447 2328 2536 2384 καὶ
2588 2330 2797 2404 τρόπου
2856 2332 3138 2408 σώφρονος
3204 2332 3292 2388 xui
3348 2335 3566 2407 ἀγαθοῦ.
3620 2338 3769 2409 Κραο

2105 2419 2257 2474 θεῖσα
2288 2416 2345 2474 δὲ
2400 2419 2490 2474 καὶ
2539 2419 2930 2494 ἀναγκασθείσα
2986 2424 3140 2477 θῦσαι
3195 2428 3313 2486 τοῖς
3363 2421 3642 2494 εἶδώλοις,
3675 2425 3768 2480 καὶ

2108 2511 2184 2580 μή
2244 2514 2544 2580 πεισθεῖσα,
2603 2507 2879 2585 παρεδόθη
2945 2511 3083 2585 πρὸς
3139 2513 3202 2567 τὸ
3254 2515 3546 2586 μιανθῆναι
3608 2511 3772 2590 ἀνδρὶ

2107 2592 2364 2674 βαρϐάρῳ
2433 2599 2523 2652 xui
2601 2597 2888 2674 ἀγροίκῳ.
2947 2598 3162 2657 Ἰδοῦσα
3212 2599 3269 2656 δὲ
3327 2603 3426 2672 τήν
3484 2602 3768 2678 ἀνάγκην,

2102 2685 2498 2761 ἐμηχανήσατό
2555 2708 2607 2742 τι
2674 2693 2922 2743 τοιοῦτον
2958 2732 2971 2745 .
3039 2693 3176 2747 Εἷπε
3223 2691 3326 2768 γάρ
3383 2693 3520 2767 πρὸς
3578 2692 3768 2765 αὐτὸν,

2101 2774 2186 2830 ὅτι
2215 2775 2286 2831 Ei'
2312 2777 2536 2854 ἀφήσεις
2569 2796 2658 2850 με,
2709 2773 2824 2851 ἔχω
2879 2799 2962 2832 σοι
3023 2777 3210 2834 δοῦναι
3269 2801 3576 2856 φαρμακον,
3628 2781 3766 2858 ὅπερ

2101 2861 2187 2918 ἐὰν
2225 2865 2513 2939 βαστάζῃς,
2539 2862 2663 2920 οὕτε
2692 2865 2862 2943 ξίφος,
2905 2866 3027 2922 οὕτε
3085 2867 3227 2923 ἀλλο
3281 2890 3334 2924 τι
3397 2865 3759 2944 καταϐλάψει,

2099 2954 2134 3021 ἢ
2193 2954 2388 3028 τρώσει
2449 2975 2526 3026 σε,
2585 2953 2714 3010 ἀλλ’
2772 2953 2919 3029 ἔχεις
2978 2953 3428 3034 διαφυλάττεσθαι
3489 2959 3590 3014 ἀπὸ
3645 2963 3758 3014 τῶν

2099 3042 2395 3118 κονταρίων
2455 3044 2545 3098 καὶ
2597 3049 2708 3098 τῶν
2797 3045 3081 3116 σπαθίων,
3140 3047 3231 3102 καὶ
3290 3049 3490 3112 παντὸς
3560 3046 3762 3124 βέλους

2104 3131 2285 3208 ὑγιής.
2339 3135 2398 3191 'O
2450 3131 2506 3188 δὲ
2565 3134 2731 3202 εἶπεν,
2793 3134 2874 3190 ὅτι
2930 3136 3164 3200 Ἦθελον
3222 3141 3385 3194 τοῦτο
3439 3143 3630 3212 μαθεῖν
3665 3139 3762 3194 καὶ

2101 3223 2620 3300 πληροφορηθῆναι·
2659 3223 2833 3294 ἐκείνη
2868 3223 2926 3280 δὲ
2954 3227 3046 3281 τὸν
3093 3224 3233 3282 ἴδιον
3289 3226 3578 3304 τράχηλον
3613 3249 3762 3303 προ-

333 3298 530 3408 εὶαιάίο
556 3351 568 3388 :
596 3298 707 3390 nec
731 3337 890 3391 enim
915 3337 1136 3408 poteris
1159 3343 1337 3408 caput
1359 3335 1501 3390 mihi
1528 3298 1986 3406 amputare.lQui

2099 3311 2336 3381 τείνασα,
2387 3315 2555 3368 εἶπεν·
2606 3318 2848 3389 Κροῦσον
2912 3317 3048 3388 μετά
3103 3321 3200 3372 τοῦ
3260 3319 3510 3388 σπαθίου,
3567 3318 3657 3373 καὶ
3693 3318 3760 3374 οῦ

333 3423 600 3480 adhibita
630 3425 791 3480 illius
822 3426 1013 3481 verbis
1047 3426 1181 3486 fide.
1212 3425 1406 3499 gladio
1439 3441 1569 3480 eam
1593 3424 1907 3496 percussit,
1933 3427 1993 3477 et

328 3521 506 3586 caput
534 3532 568 3570 a
596 3515 923 3572 cervicibus
955 3515 1227 3572 abscidit.
1264 3519 1455 3586 Atque
1482 3515 1566 3570 ita
1590 3513 1662 3569 ab
1687 3529 1756 3568 eo
1785 3519 1990 3584 erepta

329 3609 437 3660 est.

981 3765 1202 3822 Eodem
1232 3765 1324 3821 die

329 3898 476 3954 εδει
513 3897 967 3955 Commemoratio
1024 3908 1337 3956 sanctorum
1389 3901 1625 3956 Patrum
1669 3905 1985 3954 nostrorum

433 3989 669 4043 Macarii
693 3990 946 4054 Romani,
978 3997 1029 4044 et
1066 3988 1296 4044 alterius
1343 3989 1579 4044 Macarii
1604 3987 1872 4058 Egyptii.

396 4132 644 4189 Sanctus
677 4136 965 4191 Macarius
1002 4139 1303 4192 Romanus
1331 4153 1364 4191 a
1394 4141 1560 4208 patre
1592 4133 1810 4190 invitus
1842 4152 1982 4191 uxo-

319 4237 447 4277 rem
482 4221 695 4279 ducere
727 4230 990 4292 coactus,
1028 4242 1096 4280 ea
1152 4225 1382 4293 relicta,
1443 4223 1642 4299 fugam
1693 4225 1977 4296 arripere,

321 4328 562 4383 sumque
596 4314 767 4368 saluti
801 4316 1118 4369 consulere
1148 4315 1473 4370 constituit.
1510 4316 1698 4379 Quare
1731 4315 1978 4386 angelus

319 4402 421 4455 Dei
454 4403 652 4458 statim
690 4419 825 4459 eum
862 4421 1197 4466 assumens.
1233 4405 1442 4459 ducem
1477 4421 1536 4459 se
1573 4405 1658 4458 illi
1703 4402 1975 4475 prmbuit.

317 4495 375 4545 et
405 4491 479 4546 ad
511 4492 857 4548 Parudisum
896 4511 1084 4565 usque
1118 4494 1469 4566 perduccns,
1504 4495 1566 4548 in
1611 4493 1740 4549 loco
1772 4491 1975 4566 viginti

314 4581 649 4636 miliaribus
681 4582 753 4637 ab
786 4599 853 4637 eo
886 4583 1093 4638 dissito
1130 4583 1482 4638 collocavit:
1517 4581 1618 4637 ubi
1653 4589 1772 4638 tres
1804 4582 1974 4636 illum

2099 3397 2305 3476 δυνήσῃ
2342 3422 2409 3474 με
2445 3399 2863 3477 ἀποκεφαλίσαι.
2926 3405 3166 3467 Ἐκεῖνος
3223 3404 3281 3460 δὲ
3330 3407 3643 3472 πιστεύσας,
3671 3407 3764 3464 ὅτι

2096 3489 2276 3561 ἀληθῆ
2337 3491 2508 3567 λεγει,
2561 3491 2786 3567 ’ὲκρουσε
2837 3494 2974 3568 μετά
3023 3499 3122 3549 τοῦ
3153 3496 3407 3570 σπαθίου,
3439 3496 3530 3551 καὶ
3563 3498 3764 3553 ἀπεκε-

2093 3579 2305 3659 φάλισε·
2336 3582 2428 3637 καὶ
2459 3581 2632 3645 οὕτως
2661 3582 2892 3660 έρῥόσοη
2919 3583 2970 3655 ἐξ
3001 3585 3186 3643 αὐτοῦ.

2688 3756 2766 3827 Τῇ
2797 3753 2934 3828 αὐτῇ
2965 3755 3149 3830 ἡμέρᾳ

2092 3897 2302 3969 Μνήμη
2361 3901 2472 3952 τῶν
2531 3897 2694 3954 ὁσίων
2773 3900 3024 3974 Ηατέρων
3080 3899 3240 3971 ἡμῶν
3322 3899 3604 3978 Μακαρίου
3655 3900 3760 3958 τοῦ

2196 3988 2490 4063 Ῥωμαίου,
2523 3989 2610 4045 καὶ
2640 3989 2825 4065 ἐτέρου
2859 3990 3145 4064 Μακαρίου
3191 3995 3288 4046 τοῦ
3337 3990 3641 4068 Αἰγυπτίου

2160 4127 2218 4181 ’0
2279 4127 2373 4199 μὶν
2449 4127 2603 4202 ἅγιος
2694 4130 2973 4201 Μακάριος
3033 4129 3061 4183 ὁ
3117 4127 3439 4201 Ῥωμαῖος,
3503 4130 3608 4184 ὑπὸ
3651 4134 3755 4186 τοῦ

2088 4215 2292 4290 πατρὸς
2324 4216 2541 4290 γυναικὶ
2575 4217 2910 4292 συζευχθείς,
2968 4217 3060 4270 καὶ
3121 4219 3196 4290 μή
3257 4216 3455 4289 θέλων,
3515 4217 3748 4275 καταλι-

2086 4306 2203 4361 πὼν
2264 4305 2455 4376 αὐτὴν,
2514 4307 2772 4380 ἠγάπησε
2855 4313 3047 4381 φυγεῖν
3133 4307 3222 4362 xui
3304 4316 3568 4378 σωθῆναι.
3642 4312 3749 4366 Καὶ

2087 4396 2286 4461 εὐθέως
2358 4393 2692 4464 παραλαϐὼν
2767 4396 2925 4452 αὐτὸν
2989 4397 3219 4472 ἅγγελος
3303 4403 3459 4470 Θεοῦ,
3544 4398 3754 4475 ὡδήγει

2086 4485 2269 4541 αὐτόν·
2327 4485 2402 4544 ὠς
2455 4488 2542 4541 xui
2605 4486 2681 4548 εἷς
2739 4487 2831 4541 τὸν
2894 4485 3219 4559 παράδεισον
3278 4487 3580 4564 ἀπαγαγεῖν
3640 4489 3753 4546 ἀπὸ

2089 4577 2290 4650 μιλίων
2325 4576 2520 4647 εἷ’κοσι,
2571 4577 2660 4632 καὶ
2715 4580 3040 4646 κατοικῆσαι
3092 4577 3224 4634 ἐκεῖ·
3283 4573 3408 4634 ἔνθα
3440 4579 3530 4634 καὶ
3590 4579 3752 4656 εῦρον

316 4669 596 4725 monachi
629 4671 1004 4738 invenerunt,
1038 4672 1424 4744 Theophilus,
1460 4671 1716 4745 Sergius,
1751 4677 1810 4726 et
1854 4672 1967 4742 Hy-

2098 4667 2236 4722 ιῦτὸν
2267 4673 2414 4742 τρεῖς
2477 4666 2742 4742 μοναχοῖ,
2801 4666 3074 4742 Θεόφιλος
3136 4669 3382 4744 Σέργιος,
3427 4669 3517 4724 καὶ
3550 4671 3752 4744 Ὑγιει-

311 4759 506 4831 ginus,
532 4761 747 4830 quibus
781 4761 1052 4832 exposuit
1077 4779 1446 4834 quaecunque
1469 4762 1696 4817 viderat
1716 4761 1968 4816 admira-

309 4848 457 4904 bilia
488 4855 546 4903 et
576 4849 884 4921 stupenda.
921 4851 1184 4906 Tandem
1214 4851 1516 4923 decrepita
1547 4857 1718 4907 aetate
1751 4851 1964 4923 migra-

305 4937 386 4991 vit
415 4937 489 4991 ad
527 4939 860 4994 hominum.
897 4939 1060 4994 Alter
1080 4958 1211 4995 vero
1245 4948 1486 4996 sanctus
1514 4941 1819 4999 Macarius,
1845 4946 1966 4994 sta-

306 5033 438 5081 tura
472 5029 746 5098 pusillus.
768 5046 832 5084 ex
861 5030 1220 5085 Alexandria
1243 5032 1467 5102 Aigypti
1501 5031 1609 5084 l'uit
1635 5047 1646 5083 :
1673 5030 1771 5101 qui
1797 5028 1964 5083 abdi-

303 5124 434 5172 cato
467 5117 686 5172 swculo
721 5135 981 5173 cremum
1012 5127 1237 5190 petens,
1275 5120 1672 5174 monastic-um
1723 5119 1963 5173 institu-

303 5210 494 5261 tuma
548 5207 804 5277 quodam
867 5215 1070 5264 sancto
1135 5225 1276 5264 sene
1337 5211 1604 5280 accepit:
1664 5214 1841 5278 atque
1901 5208 1962 5261 in

298 5294 634 5358 virtutibus,
670 5297 950 5354 mandata
985 5299 1080 5352 Uei
1114 5298 1433 5370 diligenter
1462 5295 1850 5360 observando,
1876 5295 1960 5350 sic

297 5384 549 5455 refulsit,
577 5392 639 5440 ut
661 5386 722 5440 in
747 5387 1050 5442 daemones
1074 5393 1426 5458 potestatem
1453 5386 1718 5454 haberet,
1740 5401 1959 5456 eosque

297 5474 616 5529 oculariter
646 5475 890 5545 videret,
921 5482 978 5530 et
1009 5477 1365 5548 increparet.
1397 5478 1660 5547 Cumque
1684 5477 1801 5531 alia
1829 5476 1957 5546 plu-

295 5561 449 5617 rima
501 5564 790 5619 miracula
830 5565 903 5620 ad
933 5565 1152 5620 Christi
1212 5566 1461 5639 gln‘iam
1523 5566 1860 5632 edidissset,
1895 5565 1957 5618 in

303 5665 446 5721 pace
479 5654 742 5724 gaudens
774 5655 1085 5726 requievit.

2077 4756 2171 4818 νός
2207 4799 2221 4813 .
2283 4757 2380 4818 Οἷς
2459 4757 2549 4810 xui
2655 4754 2956 4832 διηγήσατο
3016 4757 3264 4830 θώματα
3321 4757 3599 4834 παράδοξα
3650 4761 3747 4816 καὶ

2074 4845 2318 4919 τέρατα,
2377 4841 2512 4918 ἅπερ
2571 4843 2824 4906 ἐθεάσατο
2860 4888 2872 4900 .
2933 4847 3068 4900 Εἶτα
3125 4845 3178 4899 ἐν
3245 4846 3536 4920 βαθυτάτῳ
3594 4849 3744 4923 γήρᾳ

2074 4936 2210 5012 πρὸς
2245 4935 2440 5010 Κύριον
2487 4931 2838 5006 ἐξεδήμησεν·
2903 4936 2930 4989 ὁ
2989 4932 3046 4989 δὲ
3103 4932 3285 5009 ἕτερος
3347 4936 3498 4998 ὅσιος
3551 4941 3737 4992 Μακά-

2075 5048 2212 5103 ριος,
2242 5025 2382 5080 ὁκαὶ
2440 5018 2679 5078 κολοϐὸν
2709 5025 2810 5092 τήν
2851 5023 3101 5094 ἡλικίαν,
3163 5025 3368 5100 ἐγένετο
3428 5027 3533 5083 uno
3579 5026 3740 5084 Ἀλεο

2071 5113 2347 5190 ξανδρείας
2378 5120 2478 5181 τῆς
2535 5111 2832 5188 Αἰγύπτου,
2870 5113 3204 5169 Καταλιπὼν
3240 5112 3296 5169 δὲ
3349 5116 3443 5170 τὸν
3497 5117 3736 5188 κόσμον,

2069 5207 2157 5263 καὶ
2197 5205 2296 5270 τήν
2347 5201 2578 5279 ἔρημον,
2639 5197 2988 5272 καταλαϐὼν,
3040 5204 3254 5279 ἐγένετο
3319 5207 3564 5281 μοναχὸς
3627 5207 3738 5263 ὑπὸ

2070 5296 2228 5371 ἁγίου
2256 5293 2400 5354 τινὸς
2432 5291 2707 5367 γέροντος.
2742 5293 2843 5349 Καὶ
2876 5293 3020 5350 οὕτω
3045 5293 3344 5367 διέλαμψεν
3391 5297 3468 5358 εἱς
3503 5296 3731 5372 ἀρετὴν,

2068 5387 2239 5448 πάσας
2297 5383 2390 5444 τάς
2453 5379 2677 5444 ἐντολάς
2724 5386 2819 5436 τοῦ
2872 5387 3006 5438 Θεοῦ
3064 5385 3443 5459 κατορθώσας,
3505 5387 3581 5450 ὡς
3639 5387 3738 5442 καὶ

2067 5476 2203 5533 κατᾶ
2236 5471 2510 5545 δαιμόνων
2542 5469 2783 5542 ἐξουσίαν
2845 5466 3057 5542 λαϐεῖν,
3107 5473 3197 5528 καὶ
3249 5476 3472 5548 θεωρεῖν
3533 5474 3738 5539 αὐτοὺς

2069 5561 2536 5644 ὀφθαλμοφανῶς,
2595 5563 2685 5614 καί
2745 5559 3020 5633 έπιτιμιᾳν
3070 5561 3280 5625 αὐτοῖς.
3342 5565 3436 5620 Καὶ
3501 5563 3645 5619 ἄλλα
3677 5562 3739 5620 δὲ

2065 5654 2314 5727 θαύματα
2373 5649 2472 5704 οὐκ
2533 5647 2695 5726 ὀλίγα
2753 5653 3011 5723 ποιήσας,
3071 5652 3148 5714 εἱς
3227 5649 3380 5726 δόξαν
3446 5656 3734 5729 Χριστοῦ,

2067 5744 2277 5821 χαίρων
2297 5761 2352 5796 εν
2383 5739 2577 5815 εἰρήνῃ
2607 5737 2967 5795 ἀνεπαύσατο.
