4124 6428
925 601 1105 658 ΜΗΝΙ
1126 601 1215 658 ΤΩ
1243 601 1440 660 ΑΥΤΩ.

1143 689 1216 747 ις’.

333 802 602 871 Ἀθλησις
635 818 748 854 των
781 797 962 874 ἁγίων
989 796 1275 872 μαρτύρων
1299 795 1694 873 Οὖαλεριανοῦ,
1719 791 2009 866 Κανδίδου,

848 886 1061 944 ’Λκῦλα
1105 888 1194 943 καὶ
1224 886 1394 961 Εὐγεν
1406 886 1511 944 ίου.

419 1009 566 1064 Οὗτοι
619 1007 884 1075 ἧθλησαν
946 1003 1034 1058 ἐπὶ
1105 1003 1506 1073 Διοκλητιανοῦ
1560 1005 1658 1056 τοῦ
1715 1000 2006 1077 βασιλέως·

351 1105 444 1155 τοῦ
494 1098 596 1174 γαρ
657 1094 945 1170 ἡγεμόνος
1030 1093 1416 1168 Ἀγρικολάου,
1504 1091 1595 1147 καὶ
1656 1091 1856 1146 Λυσίου
1912 1093 2008 1145 τοῦ

347 1189 542 1249 Δουκὸς
595 1186 726 1250 τοὺς
783 1183 1150 1258 Χριστιανοὺς
1209 1185 1567 1262 φονευόντων,
1627 1181 1678 1235 ἐν
1721 1184 1788 1253 τῇ
1837 1175 2010 1234 Σεϐα-

341 1277 486 1349 στεία
545 1277 641 1349 μὲν
692 1274 822 1338 τοὺς
885 1272 1072 1347 ἁγίους
1120 1273 1538 1347 τεσσαράκοντα,
1570 1270 1620 1324 ἐν
1653 1273 1720 1344 τῇ
1754 1269 2005 1326 Νικοπό-

336 1367 419 1424 λει
483 1364 543 1420 δὲ
599 1363 728 1426 τοὺς
787 1363 973 1438 ἁγίους
1026 1361 1605 1433 τεσσαρακονταπέντε·
1664 1357 1838 1428 ἦλθόν
1869 1378 2009 1420 τινες

334 1457 611 1531 λέγοντες,
645 1456 754 1522 ὅτι,
789 1453 840 1507 ἐν
891 1457 1010 1513 τοῖς
1067 1448 1213 1526 ὅρεσι
1271 1453 1705 1524 Τραπεζοῦντος,
1737 1447 2010 1524 κρύπτον-

332 1568 420 1601 ται
487 1545 632 1606 τινὲς
703 1540 1038 1616 Χριστιανοί.
1133 1541 1227 1597 Καὶ
1308 1537 1637 1600 ἀποστείλας
1693 1539 1720 1592 ὁ
1782 1539 2006 1607 Λυσίας,

338 1635 634 1710 ὶκράτησεν
661 1632 886 1694 αὖτοός.
937 1629 1041 1687 Καὶ
1091 1627 1260 1701 δήσας
1317 1627 1452 1702 μετὰ
1499 1627 1783 1702 σχοινίων,
1815 1624 2006 1700 ἔτυψεν

347 1721 599 1801 ἆξειδῶςσ
670 1720 764 1776 καὶ
837 1721 1026 1796 βρέξας
1092 1718 1143 1774 ἐν
1212 1717 1381 1791 ἐλαίῳ
1443 1714 1848 1791 κανδηλαύρας,
1914 1713 2004 1769 καὶ

353 1814 570 1886 avi-91;,
643 1809 818 1868 ἔκαιεν
899 1809 1113 1874 αὐτούς.
1187 1808 1328 1866 Τότε
1403 1809 1430 1864 ὁ
1507 1809 1658 1884 ἅγιος
1744 1805 2004 1882 Εὐγένιος

354 1903 618 1972 εἰσελθὼν,
680 1902 816 1976 μετὰ
888 1897 986 1955 τοῦ
1061 1898 1356 1974 ἡγεμόνος,
1427 1897 1504 1960 εἰς
1561 1899 1652 1952 τὸν
1711 1897 1835 1950 ναὸν
1895 1899 2004 1949 τῶν

1835 463 2306 545 JANUAHIUS.

2048 603 2101 667 A

2685 601 2926 658 EODEM
2973 600 3226 657 MENSE.

2743 701 2848 756 Die
2877 701 3158 758 vicesima

2119 805 2272 863 122
2329 806 2615 863 Certamen
2688 815 3004 864 sanctorum
3092 815 3401 880 martyrum
3469 809 3780 878 Valeriani,

2513 898 2772 966 Candidi,
2804 899 3014 970 Aquilae
3045 905 3097 954 et
3127 901 3384 968 Eugenii.

2187 1012 2287 1068 lsti
2320 1014 2685 1071 Diocletiano
2716 1017 3077 1087 imperatore
3101 1023 3422 1073 certarunt.
3449 1019 3593 1072 Cum
3617 1019 3779 1074 enim

2119 1103 2462 1173 Agricolaus
2494 1106 2830 1176 prmfectus,
2851 1112 2907 1161 et
2943 1107 3143 1178 Lysias
3163 1108 3280 1162 dux
3304 1108 3674 1163 Christianos
3695 1109 3781 1163 in-

2117 1192 2478 1258 terficerent,
2513 1194 2755 1249 Sebaste
2788 1196 3031 1266 quidem
3083 1203 3321 1251 sanctos
3363 1197 3777 1268 quadraginta,

2117 1280 2381 1352 Nicopoli
2409 1299 2544 1338 vero
2579 1290 2815 1339 sanctos
2840 1285 3234 1357 quadraginta
3255 1285 3519 1356 quinque
3544 1303 3557 1354 ;
3580 1302 3778 1340 acces-

2118 1377 2326 1425 serunt
2354 1371 2429 1425 ad
2461 1389 2560 1426 eos
2617 1373 2860 1444 quidam
2920 1373 3229 1430 dicentes:
3276 1377 3340 1429 In
3399 1375 3779 1445 Trapezuntis

2115 1460 2421 1515 montibus
2453 1463 2727 1517 nonnulli
2768 1464 3087 1519 Christiani
3142 1463 3348 1518 latent.
3387 1464 3547 1519 Misit
3577 1465 3778 1534 itaque

2117 1548 2314 1618 Lysias
2347 1550 2447 1620 qui
2481 1566 2582 1606 eos
2616 1553 3231 1624 comprehenderent:
3281 1554 3626 1624 vinctosque
3676 1555 3778 1608 fu-

2116 1636 2316 1705 nibus,
2340 1639 2689 1711 gravissime
2716 1641 2861 1695 cazdi
2886 1641 3088 1712 jussit.
3121 1644 3266 1697 Tum
3301 1642 3444 1697 sebo
3468 1641 3686 1697 oblitos
3721 1647 3782 1696 et

2114 1727 2406 1797 perfusos,
2431 1730 2742 1800 supposita
2777 1729 3017 1786 ﬂamma
3048 1731 3393 1786 combussit.
3419 1733 3579 1786 Tunc
3609 1747 3780 1786 sanc-

2115 1821 2208 1870 tus
2243 1817 2542 1889 Eugenius
2573 1836 2708 1873 cum
2755 1819 3034 1890 praefecto
3093 1820 3298 1874 fanum
3355 1820 3649 1876 idolorum
3683 1821 3779 1876 in-

2115 1922 2372 1978 gressus,
2407 1913 2586 1979 atque
2622 1909 2682 1964 in
2723 1909 3020 1982 lacrymas
3070 1911 3314 1977 ell‘usus,
3377 1911 3714 1981 impetravit
3740 1926 3775 1966 a

342 1990 609 2060 εέδώλων,
671 1991 762 2046 καὶ
823 1989 958 2066 μέγα
1036 1989 1282 2059 στενάξας
1356 1989 1492 2063 πρὸς
1546 1987 1637 2042 τὸν
1697 1985 1851 2056 Θεὸν,
1909 1983 1998 2039 καὶ

2119 1995 2259 2061 Deo,
2279 2001 2346 2050 ut
2373 1996 2533 2052 idola
2555 1999 3126 2053 comminuerentur.
3153 2001 3275 2064 Quo
3300 2005 3575 2069 portento
3600 1999 3773 2054 multi

339 2083 654 2156 εὐξάμενος,
716 2079 999 2156 συνέτριψε
1049 2081 1115 2134 τά
1171 2076 1400 2136 εἶ’δωλα.
1463 2076 1566 2134 Καὶ
1626 2075 1747 2131 τότε
1795 2073 2002 2130 πολλοὶ

336 2170 659 2226 ἐπίστευσαν
719 2169 795 2230 εἰς
853 2169 944 2222 τὸν
1005 2166 1260 2242 Χριστόν.
1325 2168 1458 2223 Εἶτα
1487 2166 1515 2219 ὁ
1551 2165 1645 2239 μὲν
1679 2166 1834 2240 ἅγιος
1865 2162 2006 2219 Κάν-

334 2258 512 2329 διδος,
582 2259 672 2316 καὶ
754 2256 1012 2322 Ἀκύλας,
1079 2256 1167 2313 καὶ
1236 2255 1604 2329 Οὐαλεριανὸς
1673 2253 2003 2332 άπεκεφαλί-

332 2353 562 2421 σθησιν.
591 2349 655 2414 ὐ
685 2345 743 2403 δὲ
773 2348 929 2424 ἅγιος
990 2345 1241 2424 Εὐγὲνιος
1301 2345 1390 2420 ὲπὶ
1448 2343 1614 2419 ξύλου
1652 2343 2001 2421 κρεμασθεὶς,

331 2443 385 2496 ἐν
444 2444 518 2514 τῇ
581 2437 823 2518 φυλακῇ,
881 2438 968 2508 καὶ
1029 2433 1305 2514 διαφόρως
1357 2435 1718 2510 τιμωρηθεὶς,
1775 2433 1865 2489 καὶ
1925 2432 2000 2495 εἰς

329 2536 441 2606 πῦρ
555 2527 786 2605 βληθεὶς
857 2528 947 2583 καὶ
1041 2525 1349 2600 διασωθεὶς,
1426 2523 1835 2601 ἂπεκεφαλίσθη
1911 2523 2001 2580 καὶ

331 2620 526 2683 αὐτός.

914 2711 1000 2783 Τῇ
1041 2706 1176 2781 αὐτῇ
1223 2708 1427 2782 ἡμέρου

323 2826 611 2900 Ἀθλησις
666 2825 1001 2916 τῶνῄιὰγίων
1062 2823 1349 2916 μαρτξρωγ
1401 2825 1648 2916 νιέάσσου,
1707 2815 1998 2890 Εὺσεϐίου,

768 2893 1047 2975 Εὺτῦχίου
1062 2893 1160 2953 ’καὶ
1188 2893 1568 2959 Βασιλείδους.

406 3017 508 3074 Καὶ
542 3016 783 3071 οὗτοιοὶ
841 3016 991 3091 ἅγιοι
1049 3013 1135 3071 iui
1191 3018 1289 3069 τοῦ
1341 3013 1664 3090 παρανόμου
1726 3010 2000 3088 βασιλέως

338 3107 738 3177 Διοκλητιανοῦ
797 3104 1196 3180 ἐμαρτύρησαν,
1258 3108 1479 3177 Πρῶτοι
1533 3105 1636 3180 γὰρ
1693 3097 1844 3165 ὄντες
1898 3108 1996 3159 τοῦ

333 3195 630 3262 παλατίου,
661 3193 753 3250 καὶ
802 3193 1061 3249 πλούσιοι
1115 3193 1206 3248 καὶ
1263 3191 1489 3264 ἔνδοξοι,
1546 3191 1636 3248 καὶ
1669 3190 1874 3256 ἰδόντες
1901 3194 1994 3247 τὸν

328 3289 484 3360 ἅγιον
567 3286 922 3356 Θεόπεμπτον
1023 3283 1114 3338 τὸν
1217 3282 1516 3338 ἐπίσκοπον
1601 3287 1993 3357 μαρτυροῦντα,

2114 2086 2176 2140 in
2207 2086 2503 2142 Christum
2529 2089 2853 2145 credidere.
2888 2091 3168 2145 Posthmc
3187 2097 3426 2145 sanctus
3450 2091 3766 2159 Candidus,

2114 2175 2348 2246 Aquila,
2383 2182 2440 2231 et
2474 2176 2819 2232 Valerianus
2881 2179 3072 2250 capite
3113 2179 3269 2250 plexi
3319 2184 3494 2234 sunt:
3531 2185 3771 2234 sanctus

2113 2280 2248 2319 vero
2276 2266 2573 2338 Eugenius
2606 2267 2666 2321 in
2715 2269 3038 2341 equuleum
3100 2275 3288 2334 actus,
3349 2269 3412 2324 in
3473 2285 3773 2325 carcerem

2113 2354 2444 2426 conjectus,
2466 2357 2642 2412 variis
2667 2358 2978 2414 tormentis
3003 2357 3396 2424 excruciatus,
3423 2359 3558 2413 etin
3589 2359 3777 2432 ignem

2111 2442 2418 2500 immissus
2449 2451 2627 2518 atque
2660 2446 2798 2501 inde
2837 2448 3158 2504 incolumis
3208 2447 3488 2520 evadens,
3530 2449 3776 2505 tandem

2111 2531 2444 2590 decollatus
2475 2541 2583 2591 est.

2755 2699 2978 2756 Eodem
3029 2699 3128 2757 die

2109 2809 2264 2867 123
2291 2806 2573 2864 Certamen
2603 2816 2917 2864 sanctorum
2976 2818 3284 2880 martyrum
3314 2814 3490 2883 Bassi,
3547 2812 3768 2870 Eusebii

2572 2898 2844 2969 Eutychii
2897 2906 2948 2954 et
3006 2900 3266 2956 Basilidis
3284 2943 3296 2956 .

2178 3011 2278 3066 Isti
2313 3028 2551 3083 quoque
2584 3013 2770 3067 sancti
2808 3013 3171 3085 temporibus
3211 3014 3376 3086 impii
3412 3014 3763 3071 Diocletiani

2107 3099 2483 3173 imperatoris
2519 3103 2868 3173 martyrium
2893 3103 3221 3159 subierunt.
3247 3104 3386 3158 Cum
3410 3103 3568 3160 enim
3588 3105 3763 3176 primi

2107 3189 2168 3245 in
2201 3191 2418 3262 palatio
2451 3197 2671 3255 essent,
2697 3192 3035 3264 opibusque
3060 3193 3322 3267 etgloria
3351 3194 3766 3266 praacellerent

2105 3280 2374 3336 videntes
2398 3283 2587 3338 sancti
2607 3283 2993 3354 Theopempti
3021 3284 3080 3338 in
3103 3283 3456 3356 perferendo
3479 3285 3763 3356 martyrio

322 3377 414 3430 καὶ
499 3373 954 3450 βασανιζόμενον,
1032 3371 1344 3427 ἐπίστευσαν
1417 3376 1498 3444 τῷ
1585 3375 1814 3445 Κριστῷ.
1893 3372 1994 3428 Καὶ

2113 3375 2287 3440 atque
2310 3371 2671 3426 cruciatibus
2690 3373 3091 3427 constantiam
3125 3373 3508 3428 crediderunt
3526 3375 3587 3428 in
3601 3374 3769 3427 Chri-

329 3461 593 3524 λύσαντες
651 3463 748 3528 τάς
832 3463 1003 3532 ζώνας
1066 3461 1267 3530 αὐτῶν,
1326 3459 1546 3538 ἕρῥιψαν
1608 3461 1842 3516 ἐνώπιον
1898 3464 1995 3515 τοῦ

340 3553 642 3627 βασιλέως,
738 3551 1103 3626 Χριστιανοὺς
1209 3551 1432 3616 ἑαυτοὺς
1505 3551 1782 3626 λέγοντες.
1859 3551 1994 3607 Τότε

349 3642 658 3712 προσὲταξεν
701 3643 728 3696 ὁ
783 3639 1060 3717 βασιλεὺς,
1125 3640 1170 3696 εἷ
1231 3640 1413 3712 ἀληθῆ
1469 3639 1746 3717 λέγουσιν,
1779 3639 1995 3716 ἀγαγεῖν

349 3731 416 3784 τὰ
447 3733 698 3804 χρήματα
724 3733 932 3801 αὐτῶν,
979 3731 1074 3788 καὶ
1121 3727 1308 3786 δοῦναι
1358 3729 1581 3804 ἐτέροις.
1614 3731 1684 3790 Οἱ
1714 3727 1771 3786 δὲ
1802 3729 1992 3801 ἐποίη-

347 3838 442 3873 σαν
475 3824 628 3875 τοῦτο
687 3821 820 3893 μετὰ
877 3821 1206 3896 προθυμίας.
1268 3819 1470 3894 Βόθρου
1524 3818 1582 3874 δὲ
1644 3818 1992 3895 ὀρυχθὲντος,

337 3907 585 3973 εἰσῆλθεν
618 3911 647 3964 ὁ
679 3912 835 3984 ἅγιος
881 3910 1082 3972 Βάσσος
1141 3910 1306 3985 μέχρι
1363 3913 1462 3964 τοῦ
1491 3911 1746 3979 στήθους,
1776 3907 1866 3963 καὶ
1895 3910 1992 3970 τὰς

335 4004 527 4072 χεῖρας
582 3997 859 4065 ἐκκοπεὶς,
917 3995 1199 4069 παρέδωκε
1254 3999 1316 4053 τὸ
1361 4001 1594 4070 πνεῦμα.
1627 3997 1687 4054 Ὀ
1728 3993 1786 4052 δὲ
1839 3997 1992 4070 ἅγιος

329 4082 622 4155 Εὐσέϐιος,
660 4087 822 4160 μέσον
878 4085 974 4143 δύο
1027 4085 1265 4157 στύλων,
1322 4087 1459 4143 κατὰ
1512 4083 1757 4164 κεφαλῆς
1789 4107 1995 4160 κρεμα-

326 4178 498 4245 σθεές,
568 4177 658 4231 καὶ
726 4178 860 4249 μετά
950 4175 1226 4232 πελέκεων
1291 4175 1616 4238 κατακοπεὶς
1674 4173 1991 4246 ἐτελειώθη.

319 4269 386 4322 Ὁ
446 4265 505 4321 8‘:
567 4266 843 4342 Εὖτῦχιος
902 4265 980 4329 εἲς
1037 4266 1297 4340 τέσσαρας
1355 4264 1566 4330 πάλους
1613 4263 1785 4328 δεθεὶς
1825 4265 1997 4329 πόδας

323 4358 415 4412 καὶ
466 4362 690 4432 χεῖρας,
733 4357 960 4432 ἐσχίσθη
993 4357 1070 4419 εἰς
1127 4357 1269 4427 τρία’
1325 4357 1414 4411 καὶ
1474 4355 1649 4418 οὕτως
1699 4355 1992 4429 ἐκοιμήθη·

322 4448 350 4500 ὁ
385 4444 446 4500 δὲ
479 4448 638 4520 ἅγιος
699 4442 1023 4514 Βασιλείδης
1077 4452 1180 4515 τῆν
1237 4444 1476 4516 κοιλίαν,
1529 4444 1663 4516 μετᾶ
1695 4443 1993 4520 μαχαίρας,

324 4537 495 4608 μέσον
530 4533 862 4611 διαῤῥαγεὶς,
885 4535 1023 4610 πρὸς
1055 4537 1249 4609 Κύριον
1279 4531 1600 4608 ἐξεδήμησε.

909 4673 994 4746 Τῇ
1033 4669 1171 4745 αὖτῇ
1221 4672 1424 4747 tetes-

318 4788 602 4860 ’Δολησις
657 4792 766 4844 τῶν
831 4789 1000 4863 ἁγίων
1079 4787 1366 4865 μαρτύρων
1447 4789 1606 4858 Ἰννᾶ,
1669 4787 1849 4861 Ῥημᾶ
1903 4786 1992 4842 καὶ

1074 4866 1257 4920 Πιννᾶ.

396 4978 568 5033 Οὗτοι
610 4977 665 5032 οἱ
721 4976 867 5052 ἅγιοι
918 4975 1166 5053 ἐγένοντο
1222 4976 1330 5032 ἀπὸ
1391 4976 1649 5044 Σκυθίας,
1680 4974 1740 5031 ἐκ
1767 4979 1863 5031 τοῦ
1899 4976 1994 5051 βο-

327 5068 478 5144 ρείου
510 5067 714 5139 μέρους
747 5065 984 5138 μαθηταὶ
1027 5070 1124 5122 τοῦ
1172 5067 1332 5140 ἁγίου
1373 5065 1684 5122 ἀποστόλου
1713 5063 1992 5140 Ἀνδρὲου.

327 5157 430 5214 Καῖ
465 5152 816 5217 διδάσκοντες
875 5155 964 5210 ἐπὶ
1021 5159 1100 5225 τῷ
1159 5154 1383 5228 ὀνόματι
1443 5157 1540 5210 τοῦ
1572 5155 1830 5229 Χριστοῦ,
1862 5153 1996 5209 πολ-

326 5246 460 5308 λοὺς
521 5250 634 5299 τῶν
697 5239 985 5319 βαρϐάρων
1057 5244 1470 5322 ἐπιστρὲφοντες
1526 5242 1613 5298 ἐπὶ
1670 5244 1771 5312 τήν
1828 5241 1992 5316 ὀρθὴν

321 5337 526 5400 πίστιν,
587 5329 898 5403 ἐϐάπτιζον.
962 5334 1062 5389 Διά
1115 5338 1275 5389 τοῦτο
1326 5332 1384 5388 δὲ
1441 5335 1799 5408 κρατηθὲντες
1850 5331 1996 5408 παρὰ

317 5431 424 5482 τοῦ
484 5429 595 5479 τῶν
643 5419 939 5499 Βαρϐάρων
999 5421 1289 5500 ἄρχοντος,
1348 5423 1440 5478 καὶ
1497 5422 1685 5478 πολλᾶ
1763 5424 1994 5498 ἀναγκα-

319 5516 538 5580 σθέντες
597 5515 937 5589 ἀρνήσασφαι
1004 5514 1096 5568 τὸν
1179 5513 1430 5588 Χριστὸν,
1491 5513 1579 5568 καὶ
1664 5515 1818 5568 θῦσαι
1875 5517 1994 5575 τοῖς

319 5603 603 5671 εἰδώλοις,
655 5603 754 5659 οὐκ
811 5602 1157 5674 ἐπείσθησαν.
1211 5603 1309 5660 Καὶ
1369 5607 1672 5678 γενομένου
1716 5605 1997 5677 χειμῶνος

323 5694 652 5770 βαρυτάτου,
713 5695 804 5749 καὶ
865 5698 977 5748 τῶν
1046 5697 1308 5765 ποταμῶν
1367 5689 1647 5766 παγέντων
1735 5692 1842 5747 ἀπὸ
1897 5695 1995 5747 τοῦ

319 5784 543 5858 κρύους,
602 5787 676 5849 ὠς
733 5785 824 5841 καὶ
879 5783 1067 5840 ἐπάνω
1121 5787 1218 5838 τοῦ
1269 5779 1620 5859 κρυστάλλου
1679 5786 1997 5857 περιπατεῖς

328 5877 404 5950 μὴ
478 5877 640 5956 μόνον
701 5876 1059 5952 ἀνθρώπους,
1117 5871 1266 5930 ἀλλᾶ
1344 5870 1658 5948 διὲρχεσθαι
1715 5871 1804 5927 καὶ
1867 5872 1996 5930 τοὺς

2107 3466 2304 3515 stum:
2338 3461 2669 3532 solutisque
2692 3463 2966 3534 cingulis,
3032 3469 3089 3518 et
3146 3471 3283 3518 ante
3334 3464 3759 3534 imperatorem

2104 3550 2408 3621 projectis,
2443 3567 2504 3606 se
2536 3551 2906 3606 Christianos
2937 3553 3188 3624 professi
3222 3559 3378 3607 sunt.
3415 3554 3577 3608 Tunc
3608 3571 3762 3625 pras-

2105 3640 2261 3711 cepit
2286 3641 2629 3711 imperator,
2666 3647 2733 3696 ut
2763 3642 2811 3697 si
2839 3658 2910 3696 ex
2941 3641 3142 3698 animo
3166 3643 3225 3697 id
3258 3642 3550 3708 dicerent,
3581 3643 3763 3713 irent,

2103 3733 2162 3784 et
2191 3730 2506 3801 pecuniam
2565 3747 2734 3786 suam
2783 3748 3022 3787 omnem
3078 3731 3211 3786 aliis
3270 3732 3594 3799 traderent,
3655 3733 3757 3803 qui

2101 3820 2546 3892 promptissimo
2572 3822 2772 3876 animo
2797 3820 2856 3876 id
2878 3823 3138 3877 exsecuti
3167 3828 3324 3878 sunt.
3349 3823 3494 3878 Tum
3517 3828 3756 3878 sanctus

2103 3911 2316 3964 Bassus
2348 3909 2410 3964 in
2436 3910 2618 3966 altam
2645 3911 2870 3966 foveam
2902 3911 3218 3980 demissus,
3251 3919 3528 3984 terraque
3568 3927 3756 3984 usque

2102 3997 2175 4053 ad
2207 4005 2410 4070 pectus
2437 4000 2703 4066 obrutus,
2731 4002 2996 4072 prmcisis
3019 4002 3316 4069 manibus,
3337 4003 3612 4074 spiritum
3643 4001 3758 4056 Do-

2102 4089 2264 4144 mino
2291 4089 2567 4154 tradidit;
2597 4091 2886 4146 Eusebius
2911 4109 3046 4148 vero
3082 4092 3238 4147 inter
3267 4091 3415 4147 duas
3448 4092 3758 4147 columnas

2104 4178 2336 4233 inverso
2369 4179 2560 4250 capite
2610 4197 2958 4251 suspensus,
2992 4182 3186 4236 securi
3237 4181 3558 4236 intercisus
3589 4180 3760 4235 obiit.

2104 4269 2426 4342 Eutychius
2459 4274 2657 4324 autem
2687 4270 2962 4324 manibus
2995 4270 3366 4342 pedibusque
3398 4270 3472 4324 ad
3495 4272 3765 4340 :quatuor

2103 4359 2272 4434 palos
2295 4360 2553 4433 alligatis
2573 4361 2632 4414 in
2652 4366 2772 4416 tres
2795 4366 2992 4431 partes
3021 4359 3354 4431 discerptus
3386 4360 3762 4416 obdormivit.

2103 4451 2356 4507 Demum
2390 4450 2674 4505 Basilides
2705 4451 2898 4524 gladio
2922 4450 3176 4506 dissecto
3195 4468 3302 4522 per
3332 4449 3596 4506 medium
3621 4466 3763 4505 ven-

2107 4545 2218 4610 tre,
2250 4539 2326 4595 ad
2362 4539 2675 4596 Dominum
2716 4539 3006 4613 migravit.

2746 4658 2969 4715 Eodem
3017 4658 3112 4715 die

2106 4777 2265 4835 124
2323 4777 2608 4835 Certamen
2668 4785 2983 4834 sanctorum
3016 4785 3322 4849 martyrum
3364 4780 3536 4850 11mm,
3586 4781 3765 4841 Bimae

2784 4875 2834 4923 et
2859 4870 3077 4925 Pinnae.

2175 4975 2275 5031 Isti
2310 4975 2498 5032 sancti
2533 4993 2601 5030 ex
2632 4975 2871 5047 Scythia
2899 4976 3064 5033 fuere
3114 4995 3184 5033 ex
3214 4977 3441 5034 boreali
3498 4979 3763 5052 regione,

2104 5064 2383 5138 discipuli
2415 5064 2602 5119 sancti
2636 5064 2886 5120 Andreae
2913 5067 3204 5137 apostoli;
3232 5067 3331 5138 qui
3361 5083 3496 5122 eum
3517 5068 3578 5121 in
3597 5067 3767 5122 Chri-

2107 5155 2178 5210 sti
2204 5156 2446 5210 nomine
2470 5154 2773 5222 docerent,
2794 5156 3010 5211 multos
3031 5156 3420 5211 Barbarorum
3445 5157 3518 5211 ad
3541 5161 3762 5210 rectam

2107 5245 2285 5300 ﬁdem
2320 5262 2636 5300 conversos
2661 5245 3050 5316 baptizarunt.
3078 5246 3468 5312 Quamobrem
3494 5261 3764 5316 compre-

2107 5335 2278 5390 hensi
2313 5352 2348 5390 a
2381 5334 2772 5390 Barbararum
2807 5337 3100 5407 principe.
3133 5352 3265 5390 cum
3318 5334 3517 5388 induci
3553 5334 3765 5403 nequi-

2105 5431 2259 5491 rent,
2294 5432 2361 5480 ut
2391 5426 2622 5495 ejurato
2656 5427 2886 5480 Christo
2934 5427 3108 5480 idolis
3169 5426 3602 5489 sacriﬁcarent;
3639 5430 3763 5478 tum

2106 5532 2242 5571 cum
2277 5515 2532 5570 brumali
2567 5522 2830 5586 tempore
2869 5516 3120 5570 horrent
3161 5514 3384 5576 omnia.
3427 5519 3486 5566 et
3515 5513 3766 5569 ﬂumina

2106 5604 2243 5678 gelu
2275 5610 2552 5658 concreta
2583 5605 2921 5659 consistunt
2948 5611 3011 5658 ut
3040 5621 3220 5673 super
3236 5602 3486 5675 glaciem
3510 5619 3631 5656 nou
3663 5603 3765 5657 ho-

2107 5693 2370 5749 minibus
2399 5699 2650 5756 tantum,
2688 5693 2788 5749 sed
2823 5694 2992 5763 equis
3035 5693 3212 5746 etiam
3267 5697 3324 5747 et
3353 5693 3628 5748 curribus
3662 5709 3766 5764 pa-

2107 5790 2228 5841 teat
2259 5784 2380 5850 via;
2417 5783 2594 5856 tignis
2626 5782 2986 5855 ingentibus,
3021 5781 3268 5855 perinde
3299 5799 3367 5838 ac
3398 5782 3447 5836 si
3492 5783 3765 5838 radican-

2109 5880 2196 5933 tes
2225 5873 2470 5931 arbores
2503 5877 2720 5940 essent,
2756 5871 2820 5929 in
2857 5872 2993 5944 gelu
3052 5871 3304 5930 conﬁxis
3361 5877 3599 5930 sanctos
3628 5871 3764 5928 alli—
