4132 6434
375 481 488 568 s71

1702 499 2134 561 MENOLOGII
2182 499 2376 560 PARS
2424 501 2502 561 ll.

3673 498 3794 558 272

369 640 493 714 gari
534 639 733 713 jussit.
794 636 1142 694 Fluctuante
1195 635 1376 708 igitur
1423 635 1603 703 unda,
1663 643 1722 690 et
1767 635 2003 708 glacieu

2128 627 2336 693 ἳππους
2394 632 2483 686 καὶ
2539 633 2636 694 τὰς
2695 631 2921 706 ἀμάξας,
2978 633 3243 706 πήξαντες
3296 629 3476 687 ἐπάνω
3525 633 3623 687 τοῦ
3659 651 3797 704 κρυ-

370 731 657 802 paulatim
690 736 938 798 augente
972 735 1028 780 et
1054 726 1124 780 ad
1157 727 1375 780 collum
1429 742 1616 796 usque
1676 732 2018 780 sanctorum

366 820 747 884 ascendente,
767 817 1056 872 acerrimo
1091 817 1324 885 frigoris
1355 815 1561 869 dolore
1585 815 1860 881 confecti,
1891 814 2022 867 bea-

365 916 452 964 tas
485 910 716 964 animas
742 907 991 961 Domino
1029 906 1426 961 tradiderunt.

2119 719 2360 774 στάλλου
2393 721 2524 792 ξύλα
2558 721 2788 796 μεγάλα,
2845 723 2919 786 ὡς
2971 721 3262 797 αὐτόρᾇζα
3316 719 3536 796 δένδρα,
3593 721 3793 794 προσέ-

2126 808 2291 880 δησαν
2328 811 2439 866 ἐκεῖ
2467 812 2596 873 τοὺς
2629 813 2830 886 ἁγίους.
2869 812 2966 867 Καὶ
3015 811 3110 867 τοῦ
3141 810 3335 874 ὕδατος
3367 811 3792 883 κυματίζοντος,

2121 900 2212 954 καὶ
2244 900 2559 969 κρύσταλλα
2617 901 3008 976 ἐπαυξάνοντος
3073 904 3191 957 κατ’
3255 901 3474 976 ὀλίγον,
3532 900 3619 955 καί
3655 899 3792 978 φθά-

359 1017 551 1059 σαντος
579 994 682 1056 ἕως
710 1000 808 1050 τοῦ
835 997 1127 1069 τραχήλου
1158 1000 1266 1048 τῶν
1301 993 1493 1067 ἀγίων,
1526 992 1633 1047 ἀπο
1662 998 1763 1061 τῆς
1796 988 2018 1058 πολλῆς
2071 986 2408 1064 δριμύτητος
2457 991 2547 1046 καὶ
2605 999 2704 1062 τῆς
2737 990 2934 1061 ὀδύνης
2965 996 3060 1048 τοῦ
3089 991 3310 1066 κρύους,
3339 988 3660 1059 παρέδωκαν
3692 990 3788 1052 τὰς

361 1085 630 1158 μακαρίας
661 1084 840 1138 αὐτῶν
873 1084 1055 1158 ψυχάς
1085 1088 1166 1155 τῷ
1195 1083 1406 1154 Κυρίῳ.

1010 1201 1230 1258 Eodem
1276 1201 1372 1257 die

361 1317 514 1374 125
553 1319 1006 1374 Commemoratio
1065 1321 1243 1374 sancti
1277 1321 1459 1373 Patris
1511 1318 1685 1372 nostri
1731 1312 2018 1385 Euthymii

715 1392 1026 1464 presbyteri
1073 1398 1126 1445 et
1177 1392 1434 1460 magistri
1473 1392 1657 1444 eremi.

436 1576 784 1649 Euthymius
817 1593 1087 1650 magnus,
1121 1577 1397 1633 Gratiano
1441 1577 1820 1648 imperatore,
1854 1573 2018 1629 Meli-

361 1667 503 1720 tinaa
535 1666 595 1720 in
627 1667 928 1734 Armenia,
964 1666 1148 1722 Paulo
1173 1673 1231 1722 et
1263 1666 1537 1737 Dionysia
1556 1671 1730 1721 natus
1763 1669 1886 1718 est:
1914 1662 2014 1734 qui

361 1771 498 1810 cum
530 1755 760 1810 steriles
779 1761 1002 1824 essent,
1023 1757 1186 1811 aDeo
1204 1755 1546 1811 didicerunt
1563 1755 1708 1821 fore,
1729 1760 1798 1808 ut
1825 1753 2015 1808 filium

357 1845 688 1917 gignerent,
717 1862 833 1916 quo
861 1851 1144 1900 nascente
1177 1851 1336 1901 totus
1377 1844 1661 1908 mundus,
1694 1844 2015 1898 universa:-

2706 1200 2791 1271 Tit
2832 1199 2969 1272 αὖτῇ
3026 1199 3211 1273 ἡμέρᾳ

2128 1312 2351 1389 Μνήιμη.
2391 1315 2488 1367 τοῦ
2563 1311 2716 1389 ὁσίου
2794 1315 3009 1389 Πατρὸς
3082 1316 3242 1384 ἡμῶν
3304 1311 3586 1385 Εὖθυμίου
3645 1331 3784 1389 πσε-

2199 1381 2459 1460 σὸυτέρου
2525 1385 2845 1459 γενομένου,
2912 1381 3016 1440 ¹καὶ
3099 1381 3416 1462 καθηγητοῦ
3457 1381 3599 1454 ’τῆς
3657 1382 3787 1457 ἐρή-

2201 1477 2327 1528 μου.

2199 1572 2474 1645 Εὐθύμιος
2506 1573 2534 1627 6
2563 1572 2727 1650 μέγας
2771 1574 2838 1643 ἦν
2889 1573 2977 1628 ἐπὶ
3025 1581 3124 1642 τῆς
3162 1571 3439 1647 βασιλείας
3469 1574 3790 1647 Γρατιανοῦ,

2127 1659 2232 1716 ἀπὸ
2265 1661 2572 1732 Μελιτινῆς
2618 1661 2836 1725 πόλεως
2889 1663 3202 1738 Ἀρμενίας,
3258 1663 3374 1724 υἱὸς
3434 1659 3658 1716 Παύλου
3697 1659 3788 1714 καὶ

2127 1751 2424 1816 Διονυσίας’
2512 1753 2712 1814 οἳτινες
2795 1751 2887 1807 καὶ
2967 1749 3180 1807 ἄτεκνοι
3256 1746 3427 1820 ὅντες,
3491 1751 3595 1806 ὑπὸ
3654 1753 3791 1805 Θεοῦ

2124 1839 2387 1910 ἤκουσαν,
2446 1840 2530 1896 ὅτι
2587 1837 2804 1896 παιδίον
2872 1843 3220 1916 γεννήσουσι,
3280 1839 3372 1896 καὶ
3456 1839 3537 1894 ὅτι
3600 1838 3652 1893 ἐν
3718 1841 3790 1912 τῇ

349 1950 466 2004 que
515 1933 788 1988 Ecclesiae
847 1933 1002 1989 bono
1063 1934 1263 1988 animo
1327 1941 1556 1999 essent;
1620 1931 2003 2004 quamobrem

2123 1933 2369 2006 γεννήσει
2420 1929 2590 1985 αὐτοῦ
2648 1929 3022 2004 εὐθυμήσουσι
3087 1934 3252 1985 πᾶσαι
3335 1931 3390 1984 αἱ
3476 1927 3789 1999 ἐκκλησίαι,

351 2038 486 2077 cum
510 2039 658 2094 puer
689 2029 864 2078 natus
924 2029 1033 2089 est,
1091 2023 1472 2094 Euthymium
1531 2023 1725 2085 illum,
1761 2022 1871 2076 hoc
1904 2025 2016 2088 est,

352 2109 515 2167 bono
600 2111 897 2183 hilarique
955 2112 1156 2168 animo
1225 2113 1566 2184 praeditum,
1620 2112 2018 2183 appellarunt.

356 2204 624 2271 Cumque
704 2201 1079 2266 adolevisset,
1132 2201 1384 2256 clericus
1441 2202 1701 2272 primum
1759 2199 1831 2255 ab
1893 2201 2022 2270 ejus

362 2287 479 2343 loci
506 2291 783 2361 episcopo
817 2290 1126 2344 ordinatus
1159 2297 1280 2355 est;
1332 2291 1549 2345 deinde
1607 2289 1938 2361 presbyter,
1964 2295 2024 2342 et

365 2377 772 2433 coenobiorum
797 2381 1104 2434 exarchus.
1141 2381 1267 2434 Mox
1290 2379 1698 2450 Hierosolyma
1724 2380 2020 2449 profectus

365 2466 430 2522 in
481 2468 828 2538 speluncam
891 2469 1077 2524 sancti
1134 2470 1454 2524 Theoctisti
1517 2469 1783 2534 secessit,
1816 2467 2018 2537 ibique

363 2557 752 2626 tranquillam
785 2558 967 2612 vitam
999 2559 1152 2631 egit:
1217 2575 1404 2630 eoque
1445 2558 1505 2612 in
1534 2557 1815 2612 virtutum
1849 2574 2017 2611 exer-

363 2645 748 2701 citationibus
774 2648 1084 2717 processit,
1119 2653 1184 2702 ut
1232 2664 1466 2703 summa
1524 2647 1858 2703 sanctitatis
1887 2645 2016 2717 opi-

362 2734 543 2790 nione
577 2735 908 2790 Saracenus
941 2737 1188 2810 singulis
1221 2737 1429 2792 diebus
1482 2736 1550 2792 ad
1586 2736 1801 2791 Christi
1838 2734 2014 2790 ﬁdem

357 2823 639 2886 traheret.
693 2841 910 2895 eosque
983 2843 1117 2881 cum
1167 2825 1412 2882 familiis
1477 2825 1600 2881 suis
1669 2825 2011 2908 baptizaret,

360 2913 640 2966 Plurimis
673 2914 850 2968 etiam
886 2916 1191 2970 miraculis
1222 2917 1419 2971 clarus
1451 2916 1562 2970 fuit
1587 2933 1598 2968 :
1628 2931 1884 2984 cumque
1905 2913 2010 2968 ali-

352 3001 589 3072 quando
625 3003 921 3075 liturgiam
955 3005 1306 3073 celebraret,
1341 3005 1500 3060 visus
1553 3010 1644 3059 est
1693 3005 1878 3077 ignea:
1909 3019 2007 3057 co-

352 3091 577 3146 lumnm
611 3093 867 3163 speciem
918 3094 1248 3150 induuisse.
1314 3097 1561 3150 Demum
1624 3093 2009 3166 nonagesimo

353 3182 606 3254 septimo
639 3183 830 3238 aetatis
862 3200 1042 3251 anno,
1079 3185 1138 3240 id
1172 3184 1328 3240 bona
1359 3192 1664 3240 senectute
1691 3184 1766 3240 ad
1801 3183 2006 3238 Domi-

351 3285 496 3326 num
528 3271 816 3344 migravit,
851 3272 1043 3329 Leone
1075 3290 1287 3345 magno
1317 3275 1687 3347 imperatsre.

915 3391 1155 3448 EODEM
1197 3393 1449 3448 MENSE.

852 3509 957 3565 Die
1000 3511 1279 3567 vicesima
1318 3512 1513 3584 prima

532 3626 682 3683 126
715 3627 999 3682 Certamen
1037 3632 1217 3684 sancti
1247 3633 1510 3702 martyris
1531 3629 1826 3701 Neophyti.

421 3742 764 3814 Neophylus
795 3743 1011 3798 Christi
1045 3751 1290 3816 martyr,
1325 3745 1715 3811 Diocletiano,
1749 3747 2010 3818 impera-

349 3835 500 3896 tore,
532 3846 604 3885 εχ
635 3831 828 3887 Nicaea
849 3833 1138 3905 Bithyniae
1159 3834 1305 3889 urbe
1336 3835 1469 3901 fuit,
1505 3835 1859 3890 Christianis
1892 3853 2004 3906 pa-

345 3921 618 3976 rentibus
648 3922 954 3978 Theodoro
987 3931 1045 3980 et
1073 3925 1370 3981 Florentia
1392 3931 1586 3982 natus.
1621 3926 1828 3982 Adhuc
1860 3944 2008 3999 puer

345 4012 534 4084 gratia
566 4011 668 4066 Dei
702 4013 939 4082 plenus,
991 4014 1279 4069 miracula
1313 4015 1606 4086 patrabat.
1666 4017 1808 4071 Cum
1844 4017 2004 4072 enim

343 4100 608 4156 scholam
642 4101 834 4157 adiret
859 4120 993 4158 cum
1018 4103 1140 4158 suis
1159 4103 1604 4176 condiscipulis.
1631 4107 1854 4170 orabat,
1875 4123 2001 4162 eos-

342 4205 454 4263 gue
491 4191 811 4246 nutriebat.
848 4193 1212 4264 Quocunque
1244 4202 1440 4249 autem
1475 4213 1534 4250 se
1554 4197 1871 4251 conferret.
1905 4213 1998 4252 se-

343 4280 640 4350 quebatur
671 4298 805 4336 eum
834 4283 1130 4349 columba,
1165 4291 1222 4337 et
1253 4285 1514 4339 humana
1544 4301 1682 4340 voce
1713 4302 1846 4340 cum
1873 4287 1999 4357 ipso

341 4368 838 4438 colloquebatur:
884 4387 1062 4440 quam
1121 4389 1255 4426 cum
1315 4380 1505 4428 mater
1563 4373 1806 4428 vidisset
1862 4390 1997 4428 cum

340 4474 523 4528 puero
553 4460 1022 4530 colloquentem.
1056 4478 1176 4532 pra:
1202 4463 1412 4517 timore
1431 4465 1767 4518 exanimata
1797 4464 1994 4518 conci-

340 4546 445 4601 dit.
481 4551 554 4601 At
584 4557 824 4604 sanctus
872 4550 1039 4605 illam
1093 4552 1372 4621 precibus
1428 4552 1500 4608 ad
1533 4554 1709 4608 vitam
1743 4570 1776 4609 a
1808 4559 1995 4609 morte

334 4638 647 4692 revocavit.
683 4639 938 4694 Montem
971 4640 1284 4712 Olympum
1318 4641 1665 4712 frequenter
1707 4660 1992 4698 conscen-

333 4723 502 4793 dens,
537 4726 615 4780 ibi
649 4727 904 4782 orationi
939 4729 1200 4784 vacabat.
1237 4732 1436 4796 Quare
1495 4731 1726 4788 delatus
1756 4733 1830 4789 ad
1884 4735 1992 4788 De-

328 4815 485 4870 cium
529 4815 902 4886 prmfectum,
959 4819 1209 4890 ejusque
1259 4820 1435 4890 jussu
1497 4823 1988 4893 comprehensus,

325 4903 526 4976 flagris
556 4904 970 4961 crudelissime
992 4908 1268 4976 cazditur;
1303 4911 1518 4965 moxin
1551 4912 1852 4967 fornacem
1885 4929 1977 4967 ar-

322 4991 562 5048 dentem
589 4995 892 5051 immissus
925 4997 1028 5052 sed
1061 4998 1199 5054 inde
1235 4999 1551 5055 incolumis
1598 5002 1870 5057 evadens.
1908 5001 1982 5057 ad

320 5082 541 5138 bestias
573 5084 927 5142 damnatur:
962 5104 1217 5158 cumque
1250 5088 1322 5143 ab
1370 5089 1442 5144 iis
1489 5090 1714 5144 illmsus
1745 5107 1980 5161 perma-

320 5180 509 5240 neret,
546 5174 742 5246 gladio
775 5177 1013 5232 tandem
1048 5178 1119 5232 ab
1155 5195 1272 5232 uno
1307 5195 1376 5233 ex
1409 5179 1508 5249 iis,
1546 5180 1648 5250 qui
1707 5181 1983 5250 praefecto

319 5263 704 5332 assistebant,
737 5283 928 5322 cassus
961 5273 1068 5323 est.

970 5383 1190 5438 Eodem
1240 5383 1334 5438 die

313 5496 461 5550 127
528 5497 978 5553 Commemoratio
1029 5502 1205 5554 sancti
1255 5501 1452 5556 Zosimi
1503 5503 1747 5572 episcopi
1808 5503 1981 5574 Syra-

1078 5589 1238 5626 ειιεω.

391 5672 642 5730 Sanctus
673 5679 847 5731 Pater
886 5683 1092 5732 noster
1122 5679 1389 5734 Zosimus
1444 5682 1501 5734 in
1560 5682 1760 5736 Sicilia
1791 5681 1981 5736 ﬁdeli-

314 5759 445 5825 bus,
480 5765 616 5832 piis,
651 5767 1049 5838 divitibusque
1099 5769 1445 5840 parentibus
1503 5778 1678 5826 natus
1738 5777 1850 5837 est,
1883 5770 1983 5842 qui

310 5849 469 5919 apud
491 5855 923 5909 monasterium
949 5865 1168 5912 sanctaa
1186 5859 1374 5914 Lucina
1403 5860 1646 5933 virginis
1662 5861 1987 5932 possessio-

307 5952 447 5992 nem
499 5940 821 5997 habebant.
873 5944 1141 6015 Cumque
1173 5948 1233 6001 in
1268 5947 1470 6004 lucem
1503 5949 1695 6005 editus
1741 5950 1980 6014 fuisset,

2132 2019 2222 2073 καὶ
2255 2021 2282 2073 6
2311 2019 2541 2092 κόσμος.
2603 2021 2700 2075 Διά
2747 2024 2910 2076 τοῦτο
2968 2019 3056 2075 καὶ
3115 2021 3204 2074 ὅτε
3243 2019 3500 2093 ἐγεννήθη
3553 2017 3618 2072 τὸ
3657 2037 3792 2070 παι-

2133 2105 2270 2176 δίον,
2302 2107 2590 2182 ὠνόμασαν
2629 2108 2758 2164 αὐτὸ
2817 2109 3118 2182 Εὑθύμιον.
3182 2107 3440 2181 Λύξηθεῖς
3469 2104 3547 2176 δὲ,
3576 2105 3791 2182 ἐγένετο

2129 2194 2400 2272 κληρικὸς
2456 2199 2603 2273 παρά
2683 2203 2784 2253 τοῦ
2871 2199 3045 2253 ἐκεῖσε
3127 2197 3448 2268 ἐπισκόπου,
3525 2198 3642 2251 εἶτα
3697 2197 3790 2251 καὶ

2129 2283 2515 2363 πρεσϐύτερος,
2574 2288 2664 2342 καὶ
2724 2284 2958 2362 ἔξαρχος
3022 2291 3130 2342 τῶν
3190 2285 3592 2361 μοναστηρίων.
3656 2287 3790 2342 Εἶτα

2129 2377 2371 2442 ἀπῆλθεν
2428 2377 2502 2439 εἰς
2557 2375 2938 2451 Ἱεροσόλυμα·
3001 2377 3091 2431 καὶ
3150 2376 3202 2431 ἐν
3255 2380 3335 2448 τῷ
3393 2373 3654 2448 σπηλαίῳ
3689 2378 3789 2430 τοῦ

2128 2467 2280 2522 ὁσίου
2311 2471 2634 2523 Θεοκτίστου
2684 2467 2980 2542 ἡσύχαζεν·
3038 2469 3299 2521 τοσοῦτον
3354 2463 3410 2520 δὲ
3457 2465 3789 2542 ἠγωνίσατο,

2126 2554 2284 2628 ὥστε,
2347 2555 2435 2612 διὰ
2487 2558 2588 2626 τήν
2643 2557 2838 2632 ἀρετὴν
2919 2557 3107 2628 αὐτοῦ,
3174 2557 3594 2632 παρασκευάζειν
3655 2555 3786 2617 τοὺς

2127 2647 2479 2722 Σαρακηνούς
2529 2647 2652 2711 καθ’
2709 2647 2938 2717 ἑκάστην
2993 2647 3203 2720 ἡμέραν
3261 2645 3660 2720 προσέρχεσθαι
3703 2650 3788 2718 τῷ

2126 2742 2351 2812 Χριστῷ
2408 2737 2497 2792 καὶ
2561 2737 2936 2811 βαπτίζεσθαι,
3020 2737 3156 2808 μετὰ
3228 2736 3427 2800 παντὸς
3479 2740 3575 2790 τοῦ
3631 2734 3788 2790 οἴκου

2123 2826 2321 2882 αὗτῶν.
2358 2822 2552 2880 Πολλά
2582 2823 2639 2880 δὲ
2685 2825 2932 2897 θαύματα
2983 2824 3296 2899 εἰργάσατο·
3329 2825 3419 2880 καὶ
3450 2825 3786 2898 λειτουργῶν

2123 2914 2314 2990 ἐφάνη,
2358 2914 2432 2976 ὡς
2489 2913 2685 2976 στύλος
2720 2915 2912 2989 πυρός.
2971 2913 3261 2989 Ὑπάρχων
3319 2911 3376 2968 δὲ
3434 2913 3566 2969 ἐτῶν
3600 2913 3783 2982 ἐνενη-

2120 3007 2444 3070 κονταεπτά,
2478 3001 2530 3058 ἐν
2585 3002 2741 3074 καλῷ
2797 3005 2942 3079 γήρᾳ
2999 3002 3136 3077 πρὸς
3197 3001 3392 3075 Κύριον
3429 3001 3780 3077 ἐξεδήμησεν,

2121 3093 2206 3148 ἐπὶ
2237 3100 2338 3163 τῆς
2373 3092 2658 3169 βασιλείας
2693 3092 2925 3155 Λέοντος
2953 3096 3052 3147 τοῦ
3085 3089 3348 3165 μεγάλου.

2679 3398 2859 3456 MHNI
2908 3401 3000 3456 ΤΩ
3040 3404 3212 3454 ΔΥΤΩ

2894 3519 2998 3574 ΚΑ“

2329 3605 2600 3677 Ἀθλησις
2629 3603 2728 3660 τοῦ
2754 3605 2909 3680 ἁγίου
2943 3607 3219 3682 μάρτυρος
3252 3606 3557 3684 Νεοφύτου.

2183 3724 2462 3802 Νεόφυτος
2521 3725 2548 3779 6
2611 3723 2816 3798 μάρτυς
2897 3728 2992 3779 τοῦ
3052 3729 3297 3800 Χριστοῦ
3361 3725 3609 3800 ὑπῆρχεν
3666 3723 3779 3779 ἀπὸ

2110 3811 2328 3876 πόλεως
2384 3813 2608 3878 Νικαίας
2663 3821 2761 3884 τῆς
2832 3813 3105 3883 Βιθυνίας,
3166 3813 3256 3869 ἐπὶ
3331 3821 3428 3885 τῆς
3494 3812 3779 3888 βασιλείας

2111 3901 2531 3974 Διοκλητιανοῦ,
2588 3905 2706 3966 υἱὸς
2757 3905 2962 3979 γονέων
3040 3906 3406 3978 Χριστιανῶν,
3478 3899 3775 3976 Θεοδώρου

2107 3992 2197 4046 καὶ
2231 3991 2597 4068 Φλωρεντίας.
2634 3990 2857 4048 Παιδίον
2914 3991 2971 4047 δὶ
3029 3991 3126 4063 ὢν,
3185 3993 3338 4066 ὅμως
3398 3992 3586 4068 χάριτι
3639 3995 3780 4048 Θεοῦ

2107 4080 2497 4155 ἐπεπληρῳτο,
2530 4081 2619 4136 καὶ
2666 4081 3114 4158 ἐθαυματούργει.
3152 4082 3240 4144 Εἰς
3270 4083 3376 4157 γάρ
3404 4083 3468 4137 τὸ
3502 4082 3770 4157 σχολεῖον

2104 4171 2511 4246 ἀπερχόμενος,
2549 4171 2684 4243 μετά
2729 4176 2836 4226 τῶν
2885 4169 3259 4246 συσχολιτῶν,
3293 4171 3647 4245 προσηύχετο
3677 4171 3779 4224 καὶ

2107 4257 2376 4338 διέτρεφεν
2436 4261 2655 4324 αὐτούς.
2718 4259 3042 4324 Ἠκολούθει
3105 4258 3163 4315 δὲ
3220 4261 3372 4334 αὐτῷ
3413 4264 3644 4316 πάντοτε
3675 4281 3776 4315 πε-

2106 4351 2343 4422 ριστερά,
2398 4350 2486 4404 καὶ
2549 4353 2700 4427 φωνῇ
2756 4350 3074 4424 ἀνθρωπίνῃ
3147 4350 3536 4426 συνετύγχανεν
3596 4351 3780 4421 αὐτῷ,

2106 4441 2192 4510 Ἐξ
2221 4439 2282 4494 οὗ
2313 4441 2404 4494 καὶ
2435 4439 2710 4494 ἀκούσασα
2767 4443 2800 4508 ἡ
2865 4442 3048 4512 μήτηρ
3107 4445 3204 4496 τοῦ
3264 4442 3424 4516 ἁγίου
3470 4448 3571 4508 τῆς
3616 4461 3774 4516 περι-

2104 4533 2292 4601 στερᾶς
2353 4529 2708 4604 ἀνθρωπίνως
2795 4527 3192 4604 διαλεγομένης
3275 4531 3441 4602 αύτῷ,
3509 4531 3615 4585 ἀπὸ
3673 4535 3777 4585 τοῦ

2101 4615 2275 4700 φόϐου
2307 4619 2588 4674 ἀπέθανεν·
2622 4617 2749 4674 ἀλλ’
2809 4619 2836 4673 6
2897 4621 3048 4694 ἅγιος
3089 4619 3277 4688 αὐτὴν,
3310 4621 3776 4696 προσευξάμενος,

2029 4701 2073 4765 D
2106 4710 2416 4779 ἀνέστησεν.
2477 4710 2787 4783 Ἀνήρχετο
2847 4705 2904 4762 δὲ
2960 4707 3036 4770 εἷς
3093 4710 3156 4764 τὸ
3213 4704 3341 4784 ὅρος
3397 4714 3612 4785 συχνῶς
3669 4713 3776 4764 τοῦ

2100 4797 2410 4870 Ὀλύμπου,
2468 4799 2558 4852 καὶ
2616 4797 2886 4872 ἡσύχαζε.
2950 4799 3054 4852 Καὶ
3118 4799 3303 4872 μαθὼν
3335 4799 3402 4853 τά
3448 4799 3570 4873 περὶ
3600 4797 3774 4853 αὐτοῦ

2093 4889 2376 4962 ὁὴγεμὼν
2441 4890 2650 4956 Δέκιος,
2709 4885 3058 4954 ἀποστείλας,
3117 4888 3207 4942 καὶ
3263 4891 3541 4963 κρατήσας
3570 4887 3771 4970 αὐτὸν.

2092 4976 2279 5050 ἔτυψεν
2343 4976 2608 5050 ἰσχυρῶς.
2669 4977 2800 5031 Εἱτα
2861 4975 2938 5036 είς
2979 4980 3206 5053 φοῦρνον
3270 4975 3584 5050 πυρωθέντα
3634 4973 3777 5030 ἐνέσ-

2093 5063 2280 5122 6αλεν.
2342 5064 2516 5122 Ἀλλά
2571 5066 2658 5119 καὶ
2721 5065 2780 5118 ἐκ
2834 5070 2935 5120 τοῦ
2996 5065 3234 5142 φούρνου
3283 5066 3500 5134 σωθεὶς,
3534 5063 3772 5136 ἐθηριο-

2097 5158 2336 5231 μάχησε·
2388 5153 2478 5208 καὶ
2526 5158 2634 5207 τῶν
2691 5154 2897 5228 θηρίων
2955 5153 3278 5228 λυτριυθεὶς,
3332 5153 3621 5230 ἀπεσφάγη
3660 5154 3772 5208 ὑπὸ

2094 5245 2209 5304 ἑνὸς
2238 5248 2344 5300 τῶν
2380 5242 2802 5316 παρεστηκότων
2834 5247 2912 5314 τῷ
2944 5240 3192 5318 ἄρχοντι.

2677 5365 2757 5435 Τῇ
2799 5361 2936 5434 αὐτῇ
2986 5356 3170 5438 ἡμέρᾳ

2841 5479 3093 5551 Ζωσίμου
3197 5479 3498 5536 ἐπισκόπου
3586 5487 3768 5548 Συρα-

2811 5552 3036 5622 κούσης.

2096 5484 2218 5553 Μνη
2231 5504 2305 5554 μη
2410 5483 2508 5535 τοῦ
2583 5478 2736 5534 ὁσίου

2167 5674 2420 5742 Ζώσιμος
2479 5671 2508 5724 ὁ
2566 5669 2617 5724 ἐν
2680 5669 2856 5743 ἁγίοις
2919 5671 3106 5745 Πατὴρ
3165 5673 3349 5742 ἡμῶν,
3413 5671 3621 5744 ἐγένετο
3655 5671 3768 5726 ἀπὸ

2100 5763 2380 5830 Σικελίας,
2445 5761 2562 5822 υἱὸς
2617 5761 2822 5834 γονέων
2876 5765 3082 5816 πιστῶν
3130 5762 3220 5816 καὶ
3272 5758 3546 5829 εὐλαϐῶν,
3591 5759 3772 5817 καὶέν

2098 5852 2389 5928 αὐταρκείᾳ
2456 5851 2688 5918 ζώντων.
2777 5849 2990 5913 Οἳτινες
3071 5854 3226 5927 εἶχον
3289 5854 3473 5924 κτῆμα
3531 5849 3772 5920 πλησίον

2096 5946 2194 6012 τῆς
2230 5947 2406 6014 μονῆς
2453 5946 2553 6008 τῆς
2611 5939 2770 6014 ἁγίας
2830 5941 3065 6003 Δουκίας
3094 5946 3194 6007 τῆς
3226 5938 3517 6016 παρθενου.
3549 5943 3675 5998 Ὁτι
3707 5937 3773 5996 δὶ
