4132 6470
438 327 563 387 2⁵73

1886 325 2352 387 JANUARIUS.
3790 329 3870 384 74

438 457 702 534 ἆγεννήθη
765 457 794 512 ὁ
853 456 1131 528 Ζώσιμος,
1191 453 1350 526 ἐδόθη
1412 454 1587 524 δῶρον
1623 454 1725 512 ὑπὸ
1759 459 1866 511 τῶν
1897 455 2089 530 γονέων

2219 456 2292 513 ab
2323 457 2396 513 iis
2429 464 2648 513 sancta
2678 458 2869 514 Lucim
2902 457 3160 526 oblatus,
3185 464 3244 514 et
3267 459 3326 513 in
3347 460 3553 515 eodem
3574 467 3870 515 monaste-

430 553 503 622 τῇ
541 545 670 621 ἁγίᾳ
703 545 924 619 Λουκίᾳ.
983 547 1082 602 Καὶ
1141 546 1462 622 ἆνατραφεῖς
1512 545 1564 600 ἐν
1597 545 1664 620 τῇ
1696 550 1862 618 μονῇ,
1893 545 2104 620 ἐγένετο

430 637 852 708 προσμοναριος
880 639 980 700 τῆς
1011 632 1200 703 τιμίας
1221 631 1387 700 αὐτῆς
1410 634 1604 702 θήκης.
1641 629 1745 687 Καί
1775 652 1909 686 ποτε
1936 630 2109 686 ἀπελ-

435 723 547 788 θὼν
581 722 723 794 πρὸς
753 720 884 782 τοὺς
913 725 1114 795 γονεῖς,
1146 719 1208 774 οὗ
1235 722 1597 796 συνεχωρήθη
1636 720 1830 794 μικρὸν
1868 722 1985 792 μετ’
2017 720 2107 774 αῦ-

432 817 541 868 τῶν
577 809 884 884 διατρίψαι·
919 809 1048 864 ἀλλ’
1078 809 1232 873 εὐθὺς
1277 807 1651 876 ἀνταπεστάλη
1685 809 1820 882 πρὸς
1851 810 1942 864 τὸν
1975 811 2102 864 ναὸν

444 908 541 969 τῆς
570 900 746 975 ἁγίας,
777 898 1042 954 εἰπόντων
1101 903 1208 952 τῶν
1266 900 1466 972 γονέων
1529 899 1695 954 αὐτοῦ
1749 899 1884 969 πρὸς
1914 898 2100 964 αὐτὸν,

448 992 530 1045 ὅτι
582 991 730 1045 Ἐκεῖ
815 987 1054 1064 ὀφείλεις
1138 987 1294 1056 εἶναι,
1382 988 1522 1041 ὅπου
1579 987 1666 1042 καὶ
1727 987 2096 1060 ὑπεσχόμεθα·

443 1079 727 1149 τριάκοντα
758 1075 816 1132 δὲ
863 1072 958 1144 ἔτη
1017 1079 1256 1146 ποιήσας
1315 1076 1368 1131 ἐν
1550 1081 1713 1148 μονῆ,
1767 1076 1978 1151 ἐγένετο
2009 1077 2097 1133 καί

439 1166 744 1242 ἡγούμενος
802 1167 995 1236 αὐτῆς.
1054 1169 1190 1223 Εἶτα
1253 1165 1440 1240 γέγονε
1497 1165 1587 1220 καὶ
1646 1164 1942 1228 ἐπίσγοπος
1999 1173 2100 1236 τῆς

433 1259 654 1321 πόλεως
724 1259 1079 1331 Συρακούσης
1135 1257 1239 1313 ὑπὸ
1291 1255 1580 1329 Θεοδώρου
1637 1258 1791 1312 πάπα
1847 1259 2094 1330 Ῥώμηςο

428 1348 730 1422 γενόμενος
805 1343 864 1401 δὲ
937 1345 1254 1411 ἐπίσκοπος,
1312 1345 1412 1401 οῦκ
1465 1345 1719 1419 ἠμέλησε
1771 1350 1871 1402 τοῦ
1937 1344 2099 1402 λαοῦ’

428 1438 581 1494 ἀλλὰ
610 1436 862 1500 πολλοὺς
921 1433 1138 1506 διδάξας
1191 1436 1317 1508 περὶ
1373 1442 1473 1505 τῆς
1532 1435 1757 1491 αἰωνίου
1809 1441 1976 1506 ζωῆς,
2001 1439 2094 1492 καὶ

426 1528 559 1602 περὶ
614 1526 847 1602 κρίσεως
897 1527 987 1580 καὶ
1049 1521 1488 1590 ἀνταποδόσεως,
1540 1526 1628 1580 καὶ
1686 1524 1872 1588 καλῶς
1903 1523 2092 1581 διακυ⁹

432 1613 702 1692 ϐερνήσας
741 1616 842 1683 τὴν
903 1614 1347 1688 ἐμπιστευθεῖσαν
1408 1613 1558 1686 αὖτῷ
1614 1611 1932 1687 ἐκκλησίαν,
1963 1635 2094 1670 πεν-

439 1708 673 1776 τήκοντα
701 1705 923 1780 χρόνων
955 1699 1052 1771 ὥν,
1081 1702 1226 1758 τέλει
1261 1703 1387 1779 βίου
1417 1703 1716 1778 ἐχρήσατο.

1001 1812 1183 1870 MHNI
1209 1817 1294 1868 ’ῙὩ
1334 1813 1532 1870 ΑΥΤΩ.

1198 1921 1322 1976 ΚΒ’.

429 2013 700 2083 ’Δθλησις
757 2015 856 2066 τοῦ
915 2010 1074 2084 ἁγίου
1114 2008 1458 2084 ,ἀποστόλου
1521 2011 1799 2084 Τιμοθέου
1865 2009 2086 2084 ἐπισκό-

497 2079 637 2161 που-
681 2079 974 2161 Ἐφὲσου,’
1025 2083 1272 2155 μαθητοῦ
1364 2079 1463 2136 τοῦ
1539 2083 1699 2156 ἁγίου
1776 2083 2088 2137 ἀποστόλου

502 2156 744 2212 Παύλου.

497 2262 796 2335 Τιμόθεος,
859 2263 887 2316 ὁ
943 2265 1041 2316 τοῦ
1098 2263 1332 2320 Χοιστοῦ
1390 2258 1722 2331 ἀπόστολος,
1782 2261 1997 2336 ἐγένετο
2027 2261 2088 2318 ἐκ

419 2355 525 2421 τῆς
557 2350 773 2412 πόλεως
803 2352 1064 2420 Λόστραςο
1124 2350 1190 2419 ἦν
1250 2347 1306 2404 δὲ
1364 2351 1478 2412 υἱὸς
1513 2350 1607 2424 μὲν
1640 2350 1938 2420 Ἕλληνος,
1977 2373 2088 2423 μη-

420 2440 586 2516 τέρος
645 2438 703 2495 δὲ
763 2437 1054 2502 Ἰουδαίαςο
1110 2438 1318 2515 ἐγένετο
1391 2436 1448 2494 δὲ
1519 2439 1608 2494 καὶ
1689 2441 1934 2511 μαθητής
1991 2445 2086 2494 τοῦ

425 2531 588 2603 ἁγίου
621 2528 932 2584 ἀποστόλου
964 2526 1208 2599 Παύλου,
1261 2528 1350 2583 καὶ
1411 2529 1722 2600 περιπατῶν
1771 2531 1886 2601 μετ’
1920 2530 2087 2584 αὐτοῦ

422 2616 729 2675 ἐδίδασκεν.
789 2619 924 2674 Εἶτα
982 2616 1235 2687 ἐποίησεν
1296 2617 1454 2672 αὐτὸν
1515 2622 1730 2692 πρῶτον
1790 2617 2083 2673 ἐπίσκοπον
2144 2624 2151 2630 ’

419 2708 656 2788 Ἐφέσου
688 2709 717 2763 ὁ
751 2707 903 2782 ἅγιος
937 2705 1172 2774 Παῦλος,
1212 2707 1299 2762 ἐπὶ
1346 2711 1447 2772 τῆς
1503 2707 1779 2784 βασιλείας
1811 2708 2085 2783 Νέρωνος,

422 2798 534 2873 πρὸ
562 2801 660 2852 τοῦ
719 2796 878 2871 ἁγίου
939 2798 1191 2853 Ἰωάννου
1246 2800 1343 2851 τοῦ
1396 2795 1690 2870 Θεολόγου.
1731 2798 1793 2853 ’()
1822 2797 1923 2872 γὰρ
1957 2804 2087 2853 Θεο-

421 2886 594 2964 λὸγος
625 2887 846 2961 ὕστερον
875 2883 1044 2955 ἦλθεν
1106 2885 1181 2947 εἰς
1241 2892 1494 2962 Ἔφεσον,
1533 2886 1666 2958 μετᾶ⁵
1695 2887 1795 2955 τήν
1825 2886 2084 2956 κοίμησιν

420 2983 524 3044 τῆς
549 2977 711 3051 ἁγίας
761 2975 1048 3032 Θεοτόκου’
1106 2977 1134 3030 ὁ
1193 2972 1251 3030 δὲ
1309 2978 1462 3051 ἅγιος
1521 2975 1791 3048 Τιμόθεος
1840 2973 2088 3031 ἐδίδασκε

425 3069 518 3122 τὸν
572 3065 705 3121 λαὸν
765 3066 865 3133 τήν
927 3064 1002 3127 είς
1054 3065 1280 3134 Χριστὸν
1340 3065 1538 3122 πίστιν.
1593 3067 1679 3122 Ἐν
1745 3069 1843 3137 μιᾷ
1892 3062 1949 3120 δὲ
1977 3071 2084 3121 τῶν

425 3157 670 3228 ἡμερῶν,
703 3153 834 3208 ἰδὼν
892 3154 1018 3215 τους
1075 3155 1354 3224 Ἓλληνας
1410 3155 1604 3230 ἑορτὴν
1663 3155 1860 3229 μιαρὰν
1905 3155 2083 3210 ἐπιτε-

419 3246 656 3306 λοῦντας
709 3250 829 3306 τοῖς
906 3242 1186 3306 εἱδώλοις,
1247 3246 1359 3316 ἅμα
1425 3245 1630 3320 γυναιξὶ
1684 3245 1774 3300 καὶ
1834 3243 2081 3319 ἀνδράσι,

413 3334 506 3390 καὶ
569 3330 774 3404 ἄσεμνα
827 3332 1241 3407 ἐργαζομὲνους,
1306 3334 1584 3391 κατελθὼν
1666 3336 1803 3410 πρὸς
1860 3335 2079 3408 αὐτοὺς,

414 3424 507 3479 καὶ
545 3421 878 3496 παρακαλῶν
929 3422 1230 3488 ἀποστῆναι
1287 3427 1388 3489 τῆς
1442 3425 1658 3495 κακίας,
1717 3424 1818 3480 οὐκ
1872 3422 2080 3480 ἔπεισεν

419 3513 646 3578 αὐτοὺς,
707 3511 854 3568 ἀλλᾶ
919 3509 1136 3586 μάλλον
1196 3513 1456 3592 ἐφονεῦθη
1517 3516 1642 3590 παρ’
1700 3515 1904 3582 αὐτῶν,
1949 3513 2084 3587 μετᾶ

419 3609 528 3658 τῶν
557 3597 818 3674 ῥαϐδίων,
869 3603 943 3656 ὧν
1004 3599 1283 3675 ἐκράτουν,
1342 3602 1393 3660 ἕν
1453 3604 1636 3668 αὗτοῖς
1672 3610 1788 3667 τοῖς
1818 3599 2082 3679 ἐμϐόλοις

431 3696 530 3756 τῆς
575 3690 811 3763 πόλεως,
867 3692 920 3748 ἰν
984 3694 1070 3756 οἷς
1149 3693 1242 3749 καὶ
1324 3694 1494 3774 ἐτάφη
1553 3695 1617 3751 τὸ
1672 3696 1858 3769 τίμιον
1917 3695 2082 3752 αὐτοῦ

437 3779 695 3854 λείψανον.

995 3875 1078 3945 τῇ
1137 3872 1274 3948 αὐτῇ
1329 3875 1514 3949 ἡμέρᾳ

565 3977 828 4048 Ἀθλησις
855 3981 955 4035 τοῦ
985 3981 1144 4056 ἁγίου
1195 3981 1473 4056 μάρτυρος
1507 3983 1790 4040 Βικεντίου
1821 3980 1942 4039 δια-

1158 4054 1344 4112 κόνου.

495 4157 632 4213 Ἀπδ
687 4157 1191 4230 Αὖγουστοπόλεως
1248 4160 1315 4229 ἧν
1375 4161 1556 4226 οὗτος,
1616 4161 1703 4216 ἐπὶ
1767 4170 1868 4232 τῆς
1929 4163 2082 4239 βασι-

416 4246 573 4308 λείας
633 4247 974 4319 Μαξιμιανοῦ
1030 4247 1121 4301 καὶ
1179 4255 1512 4321 Δομετιανοῦ
1568 4248 1864 4326 ἡγεμόνος·
1924 4253 2086 4326 ἐκρα-

415 4338 566 4406 τήθη
596 4333 655 4390 δὲ
688 4336 820 4408 μετὰ
847 4336 943 4391 τοῦ
975 4335 1278 4393 ἐπισκόπου
1332 4337 1660 4414 Οὐαλερίου,
1701 4343 1786 4396 καὶ
1821 4339 1974 4417 ἤχθη
2012 4342 2084 4404 είς

417 4424 597 4480 πόλιν
631 4426 931 4500 Αεγομένην
965 4427 1284 4498 Βαλεντίαν,
1313 4431 1404 4484 καὶ
1432 4433 1502 4504 τῇ
1531 4428 1750 4508 φυλακῇ
1784 4430 2082 4504 παρεδόθη.

419 4516 563 4572 Εἶτα
595 4513 781 4589 ἀχθεὶς
824 4515 960 4589 πρὸς
1016 4519 1368 4588 Δομετιανὸν,
1429 4520 1565 4592 μετα
1619 4515 1856 4593 ῥαϐδίων
1887 4521 2082 4576 τόπτε-

417 4622 538 4670 ται,
599 4603 688 4656 καὶ
749 4601 838 4658 διά
888 4602 1130 4678 σιδήρων
1191 4606 1384 4676 ξέεται.
1445 4607 1545 4666 Καὶ
1603 4609 1754 4671 αὖθις
1811 4609 1900 4664 ἐπὶ
1943 4586 2165 4664 πολῦῙ)

419 4691 777 4767 κρεμασθεῖς,
829 4689 919 4748 διά
974 4693 1279 4766 λαμπάδων
1313 4699 1483 4770 πυρὸς
1513 4701 1608 4760 τας
1655 4700 1892 4774 πλευρὰς
1924 4722 2090 4755 κατα-

424 4779 685 4856 φλέγεται
736 4781 823 4836 καὶ
885 4780 1135 4859 σιδηραῖς
1189 4780 1475 4851 σοῦϐλαις,
1533 4788 1894 4864 πυρωθείσαις
1926 4811 2088 4844 κατα-

419 4876 717 4926 κεντεῖται.
777 4871 1198 4947 Παραλυθέντων
1271 4873 1328 4930 δὲ
1381 4881 1488 4931 τῶν
1551 4874 1788 4951 δημίων,
1845 4879 1934 4934 καὶ
1992 4884 2089 4934 τοῦ

423 4957 591 5034 ἁγίου
647 4962 922 5036 μάρτυρος
1011 4966 1193 5037 ὑγιοῦς
1272 4965 1631 5031 καταστάντος
1684 4972 1818 5023 Θεοῦ
1877 4971 2087 5042 χάριτι,

425 5044 798 5122 μεταϐληθεὶς
857 5054 886 5107 ὁ
939 5052 1212 5127 τύραννος,
1271 5053 1474 5130 ἤρξατο
1531 5056 1847 5113 κολακεῦειν
1906 5057 2087 5129 αὐτὸν,

420 5139 516 5196 καὶ
577 5138 731 5214 ἔλεγε
784 5142 922 5216 πρὸς
978 5144 1160 5198 αὐτόν’
1219 5143 1364 5201 Ἰδοὺ
1423 5147 1534 5222 ἐγὼ
1593 5147 1856 5203 ἀπολύσω
1889 5169 1968 5219 σε,
1999 5148 2088 5203 καὶ

424 5229 494 5283 οὗ
555 5230 826 5306 φονεύσω.
888 5229 1133 5302 Θὲλησον
1183 5234 1277 5289 οὖν
1329 5235 1657 5308 ἀρνήσασθαι
1711 5238 1803 5293 τὸν
1858 5238 2090 5313 Χριστόν

419 5340 544 5389 σου,
575 5322 664 5374 καὶ
703 5327 1082 5391 προσκυνῆσαι
1139 5328 1254 5386 τοῖς
1313 5331 1480 5388 θεοῖς.
1539 5328 1600 5383 Ὁ
1657 5325 1714 5382 δὲ
1763 5327 1916 5405 ἅγιος
1951 5325 2092 5400 μηδὲ

422 5410 771 5487 ἀνεχόμενος
813 5410 1028 5464 ἀκούειν
1061 5410 1225 5468 αὐτοῦ
1277 5415 1763 5492 βλασφημοῦντος,
1796 5416 2090 5492 προσευξά-

425 5522 593 5574 μενος
647 5498 730 5572 τῷ
793 5505 934 5569 Θεῷ,
994 5501 1166 5578 ἀφῆκε
1241 5503 1302 5559 td
1361 5510 1593 5579 πνεῦμα.
1654 5508 1733 5565 Τὸ
1791 5505 1848 5562 δὲ
1905 5509 2091 5580 τίμιον

419 5591 590 5647 αὐτοῦ
626 5591 892 5664 λειψάνον
923 5589 1091 5668 ἐτάφη
1144 5593 1195 5648 ἐν
1243 5593 1393 5667 αὐτῷ
1419 5600 1500 5668 τῷ
1527 5597 1683 5669 τόπῳ
1713 5597 1860 5673 παρὰ
1888 5602 2094 5656 πιστῶν

407 5683 502 5742 καὶ
533 5677 800 5740 ιόλαϐὦν
832 5677 1066 5758 ἀνδρῶν.

2125 1830 2173 1896 Β

2218 549 2306 604 rio
2325 549 2630 608 educatus.
2657 549 2910 604 mdituus
2935 566 3116 604 sacrm
3139 551 3301 605 illius
3325 551 3510 605 theca:
3536 551 3721 605 factus
3741 559 3830 605 est
3855 570 3868 605 :

2216 639 2315 709 qui
2350 639 2397 692 si
2433 639 2669 710 quando
2703 645 2980 709 parentes
3010 639 3358 694 visitaturus
3384 640 3601 702 adibat,
3631 641 3866 711 longam

2215 745 2349 783 cum
2373 728 2458 782 eis
2483 745 2706 783 moram
2738 729 2971 784 trahere
2996 729 3460 801 haudquaquam
3485 730 3873 800 permitteba-

2215 823 2312 872 tur
2340 834 2352 872 :
2387 819 2491 874 sed
2522 819 2721 873 statim
2745 819 2816 873 ad
2853 818 3141 889 templum
3170 825 3390 872 sanctas
3435 819 3876 881 remittebatur,

2213 906 2512 962 aientibus
2543 908 2616 962 ad
2651 923 2785 961 eum
2825 906 3189 977 parentibus,
3226 907 3382 977 quod
3417 907 3497 960 ibi
3557 924 3691 961 eum
3743 925 3876 963 esse

2215 1001 2538 1068 oporteret,
2573 995 2672 1050 ubi
2704 996 2777 1050 ab
2810 995 2956 1065 ipsis
2987 995 3216 1050 dicatus
3245 998 3452 1050 fuerat.
3488 996 3631 1050 Cum
3677 1003 3874 1050 autem

2215 1085 2456 1157 triginta
2487 1101 2680 1139 annos
2707 1084 2766 1139 in
2800 1085 3164 1139 monasterio
3195 1085 3430 1154 egisset,
3479 1084 3670 1138 eidem
3722 1102 3872 1156 prte-

2210 1174 2400 1230 fectus
2452 1174 2580 1228 fuit.
2649 1178 2860 1228 Postea
2919 1174 3220 1244 Syracusas
3275 1173 3442 1226 urbis
3497 1168 3913 1245 episcopusa'

2210 1263 2516 1319 Theodoro
2551 1263 2814 1318 Romano
2873 1261 3156 1332 pontifice
3201 1261 3533 1328 ordinatus,
3588 1263 3875 1334 populum

2211 1368 2590 1424 nequaquam
2616 1352 2917 1425 neglexit:
2952 1350 3056 1406 sed
3090 1350 3309 1406 multos
3340 1350 3412 1406 de
3462 1351 3582 1406 vita
3629 1357 3876 1418 aeterna,

2209 1442 2404 1514 deque
2425 1441 2654 1514 judicio
2686 1458 2755 1496 ac
2780 1440 3173 1496 retributione
3201 1439 3441 1504 docens,
3466 1440 3874 1511 creditamque

2211 1533 2326 1590 sibi
2355 1531 2682 1588 Ecclesiam
2716 1532 2941 1604 optime
2969 1531 3327 1604 gubernans,
3345 1532 3463 1586 vita
3482 1532 3722 1587 functus
3753 1537 3868 1598 est,

2209 1638 2400 1679 annos
2434 1621 2869 1696 quinquaginta
2897 1625 3094 1677 natus.

2757 1827 3001 1885 EODEM
3041 1827 3293 1883 MENSE.

2675 1934 2782 1990 Die
2812 1934 3094 1990 vicesima
3125 1933 3389 1990 secunda

2201 2042 2354 2099 I28
2415 2042 2707 2095 (‘ertamen
2761 2043 2943 2096 sancti
2997 2040 3236 2109 aposloli
3289 2039 3557 2093 Timothei
3615 2040 3862 2108 episc0pi

2430 2114 2652 2184 Ephesi,
2685 2113 2947 2182 discipuli
2973 2113 3152 2168 sancti
3176 2112 3414 2180 apostoli
3442 2109 3626 2166 Pauli.

2271 2264 2612 2320 Timotheus
2635 2264 2850 2318 Christi
2885 2263 3211 2336 apostolus,
3246 2261 3469 2332 Lystris
3500 2265 3666 2330 patre
3699 2260 3857 2316 Grm-

2200 2373 2288 2422 co,
2323 2361 2511 2410 matre
2539 2355 2743 2410 Judaaa
2774 2360 2969 2411 natus.
2996 2353 3182 2408 sancti
3213 2351 3463 2422 apostoli
3494 2350 3658 2405 Pauli
3684 2350 3860 2404 disci—

2199 2445 2396 2517 pulus,
2431 2443 2990 2516 prmdicationisque
3037 2443 3198 2497 illius
3256 2458 3476 2501 comes.
3527 2439 3599 2494 ab
3650 2440 3859 2495 eodem

2200 2541 2404 2590 sancto
2463 2534 2669 2600 Paulo,
2731 2533 3097 2604 temporibus
3156 2531 3404 2587 Neronis
3461 2530 3859 2601 imperatoris,

2199 2625 2429 2696 primus
2459 2624 2676 2696 Ephesi
2708 2624 3024 2695 episeopus
3054 2628 3192 2678 ante
3246 2625 3520 2676 sanctum
3568 2621 3857 2674 Joannem

2198 2714 2561 2786 Theologum
2594 2713 2902 2768 ordinatus
2953 2717 3073 2766 est:
3127 2709 3458 2782 Theologus
3514 2709 3674 2763 enim
3719 2711 3860 2780 post

2201 2809 2421 2858 sancta:
2447 2803 2712 2873 Deiparae
2733 2801 3157 2856 dormitionem
3177 2799 3335 2854 venit
3355 2797 3678 2870 Ephesum.
3711 2797 3857 2851 San-

2200 2897 2330 2948 ctus
2357 2907 2493 2946 vero
2511 2892 2855 2946 Timotheus
2878 2907 3012 2944 cum
3035 2889 3248 2943 Christi
3276 2887 3392 2943 fide
3413 2887 3702 2958 populum
3745 2886 3862 2941 im-

2199 2981 2430 3045 bueret,
2472 2981 2680 3036 videns
2732 2979 3054 3050 aliquando
3114 2980 3346 3033 Graecos
3387 2975 3856 3032 abominabilem

2199 3071 2375 3127 idolis
2401 3071 2617 3126 festum
2652 3070 2810 3125 diem
2843 3068 3234 3134 celebrantes,
3268 3066 3607 3138 promiscue
3665 3081 3862 3120 mares

2199 3179 2268 3218 ac
2314 3161 2569 3217 feminas
2620 3161 2864 3233 indigna
2917 3168 3172 3230 patrare,
3218 3171 3538 3212 accurrens
3579 3154 3654 3209 ad
3695 3153 3855 3220 illos,

2198 3239 2590 3321 monensque,
2650 3256 2717 3306 ut
2771 3266 2806 3305 a
2850 3249 3136 3321 pravitate
3187 3246 3568 3310 desisterent,
3626 3248 3858 3298 tantum

2191 3341 2400 3407 abfuit,
2426 3347 2492 3394 ut
2521 3340 2847 3411 quidquam
2883 3337 3219 3409 profecerit,
3241 3341 3310 3391 ut
3337 3333 3534 3406 potius
3563 3332 3636 3387 ab
3669 3332 3742 3386 iis
3763 3333 3858 3386 in-

2190 3429 2473 3485 terfectus
2512 3429 2694 3484 fuerit
2745 3426 3134 3498 scipionibus,
3195 3441 3344 3495 quos
3401 3439 3523 3494 prm
3578 3420 3858 3476 manibus

2190 3519 2496 3582 tenebant,
2527 3519 2590 3574 in
2622 3520 2750 3590 ipso
2781 3516 3034 3572 civitatis
3093 3515 3280 3582 aditu,
3330 3512 3434 3568 ubi
3479 3517 3539 3567 et
3579 3511 3854 3582 pretiosa:

2190 3609 2378 3682 ipsius
2407 3608 2678 3681 reliquias
2710 3606 2958 3681 sepultae
2988 3608 3145 3662 sunt.

2847 3873 3070 3931 Eodem
3101 3873 3196 3929 die

2226 3985 2380 4043 129
2415 3984 2706 4040 Certamen
2732 3982 2916 4040 sancti
2946 3981 3210 4052 martyris
3251 3980 3533 4036 Vincentii
3576 3977 3817 4033 diaconi.

2265 4167 2346 4220 Ex
2378 4167 2642 4233 Augusta
2669 4161 2816 4217 urbe
2848 4161 2960 4216 fuit
2991 4162 3120 4226 iste,
3175 4159 3540 4214 Diocletiano
3583 4157 3851 4228 impera-

2195 4261 2340 4314 tore.
2376 4260 2434 4308 et
2465 4253 2800 4308 Domitiano
2832 4249 3104 4321 praeside.
3139 4248 3623 4318 Comprehensus
3652 4253 3850 4300 autem

2195 4361 2328 4400 cum
2355 4343 2585 4397 Valerio
2617 4341 2917 4412 episcopo,
2952 4346 3010 4393 et
3040 4339 3100 4392 in
3136 4337 3462 4392 Valentiam
3511 4335 3717 4389 urbem
3752 4334 3853 4390 ad.

2195 4429 2722 4488 ductusicustodim
2743 4427 2995 4482 traditur
3025 4426 3188 4481 Unde
3215 4425 3481 4480 eductus.
3520 4424 3854 4477 Domitiano

2197 4521 2453 4586 sistitur;
2489 4526 2548 4575 et
2564 4517 2906 4573 verberibus
2929 4532 3137 4577 caesus,
3164 4513 3372 4568 ferreis
3394 4511 3631 4578 ungulis
3653 4528 3858 4566 excar—

2198 4610 2495 4668 nificatur.
2515 4609 2576 4662 in
2602 4606 2921 4678 equuleum
2947 4605 3046 4657 diu
3075 4618 3410 4673 suppensus
3433 4617 3446 4654 :
3473 4617 3608 4655 mox
3631 4599 3860 4654 facibus

2199 4699 2352 4773 ignis
2385 4699 2445 4751 in
2478 4696 2764 4751 lateribus
2797 4699 3058 4751 exustus.
3104 4689 3332 4745 subulis
3360 4688 3567 4743 ferreis
3598 4686 3858 4742 canden-

2200 4789 2357 4844 tibus
2391 4786 2742 4859 perfoditur.
2776 4785 2917 4838 Cum
2947 4788 3143 4836 autem
3195 4779 3508 4834 carnifices
3557 4777 3860 4850 defatigati

2203 4885 2422 4944 essent,
2456 4882 2515 4931 et
2543 4881 2784 4931 sanctus
2817 4879 3040 4944 martyr
3074 4871 3173 4926 Dei
3229 4869 3522 4924 beneficio
3572 4883 3754 4923 sanus
3804 4871 3863 4920 et

2201 4966 2521 5023 incolumis
2552 4965 2926 5029 consisteret,
2991 4966 3215 5016 mutato
3265 4958 3518 5015 consilio
3571 4964 3860 5029 tyrannus

2202 5057 2380 5129 carpit
2411 5057 2582 5110 illum
2629 5053 2938 5109 blanditiis
2999 5051 3274 5114 delinire,
3333 5049 3658 5119 inquiens:
3688 5048 3858 5113 Ecce,

2204 5164 2310 5214 ego
2346 5153 2398 5201 te
2421 5141 3103 5207 absolutum‘dimittam,
3128 5157 3237 5195 nec
3263 5139 3436 5194 morti
3461 5134 3860 5200 tradam,dum

2203 5238 2502 5292 Christum
2529 5240 2697 5288 tuum
2728 5248 2943 5304 negare
2966 5231 3132 5296 velis,
3166 5229 3424 5298 deosque
3447 5224 3713 5279 adorare.
3751 5223 3864 5277 Sed

2205 5332 2446 5382 sanctus
2465 5341 2538 5379 ne
2562 5324 2767 5380 audire
2782 5321 3025 5394 quidem
3049 5311 3860 5389 blasphemiasilliusferens,

2204 5418 2267 5472 in
2299 5416 2566 5471 oratione
2598 5415 2877 5485 spiritum
2910 5413 3027 5466 Deo
3061 5407 3304 5464 tradidit
3332 5423 3344 5459 :
3379 5403 3548 5475 cujus
3589 5400 3860 5471 pretiosm

2206 5505 2476 5577 reliquias
2505 5505 2567 5560 in
2626 5503 2837 5560 eodem
2883 5501 3014 5556 loco
3047 5515 3082 5553 a
3115 5493 3391 5553 ﬁdelibus
3442 5490 3673 5564 piisque
3721 5488 3862 5544 viris

2203 5597 2454 5670 sepulta
2480 5599 2639 5653 sunt.
