4132 6434
309 336 423 394 275

960 463 1181 520 Eodem
1215 461 1310 518 die

384 583 541 640 180
573 583 856 640 Certamen
879 582 1057 639 sancti
1085 580 1351 651 martyris
1384 578 1672 634 Anastasii
1694 577 1890 632 Persa.

385 801 489 855 Hic
517 817 584 856 ex
608 799 848 855 Perside
869 798 1292 861 fuitﬁomanis
1315 797 1583 852 Heraclio
1607 795 1958 866 imperante,

311 891 507 946 Persis
557 895 754 944 autem
809 889 1065 943 Chosroe
1107 888 1426 960 Maguntini
1485 886 1655 940 filio:
1707 899 1963 954 cumque

311 997 519 1052 magus
551 984 726 1041 esset,
761 984 819 1032 et
866 978 926 1032 in
987 983 1262 1048 tyronum
1321 992 1573 1030 numero
1631 974 1693 1028 in
1750 971 1966 1028 militia

309 1069 620 1140 ascriptus.
647 1084 762 1139 quo
790 1073 1054 1138 tempore
1100 1069 1295 1121 Persae
1337 1066 1683 1121 excursione
1714 1063 1871 1117 facta
1900 1061 1961 1115 in

309 1165 516 1214 sancta
546 1157 696 1224 loca,
729 1163 1150 1230 asportatoque
1182 1173 1303 1211 una
1333 1171 1466 1210 cum
1497 1154 1732 1224 reliqua
1763 1149 1963 1223 praeda

345 1247 565 1302 retioso
600 1247 922 1301 Dominicm
946 1246 1138 1300 crucis
1161 1245 1340 1317 ligno,
1365 1244 1427 1298 in
1449 1243 1655 1311 vulgus
1687 1237 1960 1295 dissemi-

305 1336 552 1404 nabant,
575 1337 806 1391 venisse
839 1337 900 1390 in
932 1353 1137 1390 eorum
1172 1335 1458 1390 ditionem
1489 1331 1960 1388 Christianorum

307 1429 524 1481 Deum:
555 1425 977 1481 existimabant
998 1425 1156 1478 enim
1181 1423 1500 1495 pretiosam
1523 1437 1760 1476 crucem
1777 1418 1959 1472 Deum

307 1530 438 1569 esse
478 1521 720 1586 propter
751 1530 839 1584 ea,
874 1531 1004 1584 qua;
1038 1529 1143 1584 per
1173 1511 1338 1566 illam
1381 1509 1603 1566 ﬁebant
1650 1506 1958 1578 prodigia:

307 1610 640 1660 commotus
671 1604 834 1659 hisce
866 1602 1108 1658 vocibus
1140 1600 1512 1665 Anastasius,
1547 1614 1611 1654 re
1644 1597 1960 1669 diligenter

306 1710 622 1766 perpensa,
666 1693 877 1748 didicit
933 1697 1117 1746 totam
1177 1691 1393 1746 Christi
1452 1686 1960 1759 dispensationem

307 1783 557 1854 ejusque
572 1782 750 1837 fidem
772 1781 1084 1853 amplexus
1097 1779 1552 1850 est.Etprimum
1567 1775 1809 1847 quidem
1823 1791 1958 1830 cum

1594 319 2033 386 MENOLOGII
2079 318 2300 378 PARS.
2341 318 2414 378 ll.

1991 455 2044 520 Α

3617 313 3738 372 276

2650 447 3152 522 neeum

2176 566 2444 635 ,νΑΘλησις
2475 569 2571 620 τοῦ
2618 563 3111 693 ἁγίουΗμάρτυρος
3143 563 3498 620 Ἀναστασίου
3526 566 3624 617 τοῦ

2843 657 3017 693 socco.

2843 657 3017 710 ερσου.

2141 773 2311 835 Οὗτος
2369 773 2435 843 ἦν
2497 771 2557 827 ὲκ
2612 770 2894 846 Περσίδος,
2953 769 3380 846 βασιΛευόντων,
3433 771 3730 843 Ῥωμαίων

2073 863 2168 935 μὶν
2217 861 2570 938 Ἡρακλείου,
2633 866 2849 937 Περσῶν
2903 858 2958 916 δὲ
3013 861 3262 934 Χοσρόου
3315 862 3437 916 υἱοῦ
3468 869 3728 934 Μαγουν-

2067 955 2241 1008 τινοῦ.
2294 952 2582 1026 Ὺπάρχων
2640 948 2698 1006 δὶ
2753 950 2844 1005 καὶ
2902 950 3065 1012 αὐτὸς
3125 951 3296 1026 μάγος
3343 953 3725 1025 συνηριθμήθη

2067 1045 2135 1114 τῇ
2193 1046 2303 1096 τῶν
2358 1041 2614 1116 τυρώνων
2671 1040 2940 1115 στρατείᾳ.
3000 1037 3473 1114 Καταδραμόντων
3521 1038 3580 1096 δὲ
3619 1045 3730 1096 τῶν

2071 1134 2290 1203 Περσῶν
2351 1134 2459 1185 τῶν
2510 1129 2674 1205 ἁγίων
2733 1130 2941 1196 τόπων,
2990 1130 3078 1184 καὶ
3136 1123 3414 1183 λαϐόντων
3466 1128 3560 1183 σὺν
3608 1134 3729 1191 τοῖς

2070 1218 2459 1294 αἰχμαλώτοις
2513 1220 2604 1274 καὶ
2643 1220 2705 1274 τὸ
2760 1220 2948 1292 τίμιον
3010 1216 3196 1288 ξύλον,
3255 1217 3552 1296 ἐφημίζετο
3601 1220 3731 1293 παρ’

2067 1307 2267 1379 αὐτῶν,
2324 1308 2406 1363 ὅτι
2467 1310 2496 1364 ὁ
2546 1313 2657 1364 τῶν
2717 1312 3052 1384 Χριστιανῶν
3111 1307 3242 1369 Θεὸς
3299 1306 3467 1377 ἦλθεν
3522 1307 3598 1370 εἷς
3626 1309 3724 1378 τήν

2069 1399 2254 1472 χώραν
2306 1398 2503 1454 αὐτῶν.
2559 1399 2689 1460 Θεὸς
2737 1399 2840 1473 γὰρ
2889 1395 3177 1470 ἐνομίζετο
3209 1397 3446 1469 ὁτίμιος
3477 1400 3724 1469 σταυρὸς,

2067 1485 2158 1544 διὰ
2187 1487 2252 1544 τὰ
2311 1489 2398 1543 ὑπ’
2450 1488 2616 1544 αὐτοῦ
2672 1487 2978 1561 τελούμενα
3035 1489 3304 1561 θαύματα.
3349 1490 3600 1559 Ζητήσας
3633 1491 3724 1543 οὖν

2068 1579 2097 1634 ὁ
2127 1580 2484 1643 Ἀναστὰσιος
2511 1579 2636 1655 περὶ
2691 1580 2881 1649 αὐτοῦ,
2939 1576 3110 1651 ἔμαθε
3165 1584 3338 1633 πᾶσαν
3377 1580 3478 1647 τήν
3503 1578 3727 1634 οἰκονο-

2070 1667 2218 1741 μίαν,
2250 1669 2338 1722 καὶ
2397 1666 2677 1722 ἐπίστευσε
2724 1672 2806 1740 τῷ
2859 1669 3099 1742 Χριστῷ.
3159 1667 3258 1722 Καὶ
3287 1666 3429 1737 ἦλθε
3474 1673 3726 1743 πρῶτον,

2069 1757 2204 1830 μετὰ
2233 1761 2341 1812 τῶν
2399 1761 2642 1830 Περσῶν,
2701 1759 2780 1820 εἷς
2839 1754 3182 1827 Χαλκηδόνα·
3216 1759 3306 1812 xui
3337 1759 3428 1813 τὸν
3461 1762 3556 1813 τοῦ
3588 1763 3726 1814 Θεοῦ

304 1841 502 1927 Ῑξθΐεῖδ
533 1841 965 1925 Chalcedonam
997 1869 1191 1934 venit;
1220 1841 1421 1938 ibi-que
1451 1867 1556 1922 Dei
1585 1841 1800 1920 timore
1830 1864 1945 1936 ple-

2065 1841 2237 1924 φόϐον
2298 1845 2374 1908 είς
2430 1851 2554 1900 νοῦν
2616 1841 2823 1918 Λαϐὼν,
2883 1845 3140 1902 κατέλιπε
3169 1848 3268 1916 τὴν
3321 1847 3598 1922 στρατείαν
3631 1849 3722 1903 καὶ

303 1962 443 2016 nius
474 1961 759 2027 imbutus,
793 1959 1063 2015 abdicata
1092 1958 1308 2013 militia
1361 1962 1420 2012 et
1462 1955 1708 2021 mundo,
1756 1955 1955 2010 Hiera-

303 2052 510 2124 polim.
543 2051 759 2106 deinde
791 2050 1201 2120 Hierosolyma
1230 2047 1558 2103 concessit:
1606 2046 1958 2118 baptizatus-

305 2157 439 2212 que,
469 2141 530 2195 in
563 2141 731 2196 laura
763 2141 949 2194 sancti
1010 2139 1176 2194 Sabaa
1235 2139 1303 2193 fit
1354 2137 1702 2192 monachus.
1751 2135 1960 2190 Postea

302 2231 599 2287 desiderio
630 2230 965 2304 perferendi
1000 2246 1104 2301 pro
1132 2229 1364 2284 Christo
1389 2227 1653 2298 martyrii
1678 2226 1956 2298 flagrans,

303 2322 364 2376 in
392 2321 643 2393 patriam
677 2320 888 2374 rediit:
924 2326 982 2374 et
1010 2319 1477 2390 comprehensus
1507 2316 1773 2381 aPersis,
1807 2315 1958 2369 mul-

302 2410 496 2481 tisque
528 2407 840 2464 tormentis
870 2407 1262 2472 excruciatus,
1296 2406 1487 2477 capite
1521 2405 1730 2476 plexus
1760 2409 1870 2460 est.

957 2523 1178 2578 Eodem
1209 2521 1304 2577 die

299 2643 448 2699 131
501 2641 809 2698 Translatio
861 2642 1234 2711 pretiosarum
1280 2640 1664 2710 Reliquiarum
1713 2639 1958 2709 ejusdem

615 2717 796 2770 sancti
818 2715 1081 2783 martyris
1114 2713 1400 2767 Anastasii
1426 2713 1633 2766 Persae.

366 2831 513 2886 Cum
545 2829 851 2886 Heraclius
882 2830 1207 2899 imperator
1233 2828 1293 2882 in
1317 2826 1623 2882 Persidem
1647 2827 1955 2896 movisset,

302 2923 361 2972 et
385 2919 674 2974 Chosroes
695 2935 799 2973 rex
822 2935 1010 2972 caesus
1034 2916 1600 2982 fuisset,monachus
1619 2916 1861 2987 quidam
1886 2932 1956 2970 ex

291 3009 658 3064 monasterio
701 3008 972 3078 Martyris
1032 3006 1234 3060 videns
1289 3006 1666 3076 imperatoris
1717 3022 1952 3079 agmen,

300 3089 536 3162 gavisus
567 3093 675 3155 est,
705 3103 924 3158 eosque
959 3093 1242 3156 tanquam
1272 3086 1640 3140 Christianos
1675 3091 1911 3142 secutus
1937 3101 1950 3139 :

288 3178 364 3234 iis
394 3195 530 3233 vero
564 3177 952 3234 redeuntibus
985 3176 1164 3231 rediit
1195 3181 1253 3230 et
1284 3176 1409 3247 ipse
1443 3175 1515 3231 ad
1548 3193 1722 3231 suum
1752 3174 1949 3230 Abba-

286 3275 429 3334 tem,
465 3269 639 3340 eique
699 3268 908 3323 retulit
955 3267 1252 3323 colobium
1301 3267 1580 3338 martyris
1630 3266 1941 3333 Anastasii,

286 3360 665 3429 narravitque
684 3358 758 3421 ei,
787 3375 822 3413 a
841 3358 1112 3412 daemone
1143 3373 1494 3428 oppressum
1519 3357 1581 3411 in
1612 3355 1847 3411 Perside
1875 3372 1942 3411 eo

289 3449 520 3505 colobio
554 3449 829 3504 indutum
888 3448 1205 3502 liberatum
1263 3446 1467 3502 fuisse.
1522 3448 1590 3500 Et
1638 3445 1942 3501 Heraclius

288 3541 529 3613 quidem
551 3540 829 3595 vicesimo
853 3539 1088 3610 imperii
1113 3538 1203 3592 sui
1221 3555 1378 3594 anno
1401 3537 1726 3610 pretiosum
1743 3537 1942 3594 Crucis

287 3630 516 3702 lignum
538 3629 947 3701 Hierosolyma
976 3628 1198 3683 retulit.
1233 3629 1557 3699 Episcopus
1581 3633 1781 3682 autem
1812 3627 1941 3698 qui-

283 3720 422 3776 dam
443 3737 478 3775 a
499 3719 789 3774 catholico
803 3718 1251 3788 archiepiscopo
1266 3717 1326 3772 in
1343 3720 1741 3772 Romanorum
1757 3723 1942 3773 terras

283 3810 526 3873 missus,
551 3808 738 3863 sancti
770 3807 1053 3878 reliquias
1076 3807 1402 3861 Caisaream
1419 3806 1669 3872 detulit;
1703 3807 1943 3862 relicta-

285 3915 400 3970 que
433 3897 512 3951 ibi
547 3897 858 3968 particula,
891 3897 1190 3966 reliquum
1221 3897 1377 3966 apud
1411 3912 1471 3950 se
1522 3895 1748 3951 habuit.
1801 3898 1938 3950 Pre-

283 3988 501 4042 tiosum
536 4003 667 4041 vero
702 3987 978 4057 martyris
1011 3991 1205 4056 caput,
1240 3992 1297 4038 et
1347 3986 1562 4058 imago,
1597 4003 1631 4041 a
1663 3985 1939 4041 ﬁdelibus

288 4079 350 4134 in
382 4093 600 4151 magna
630 4082 689 4132 et
715 4076 962 4149 antiqua
993 4078 1177 4132 Roma
1207 4074 1508 4132 coluntur.

935 4344 1155 4401 Eodem
1186 4343 1281 4400 die

281 4465 436 4520 182
465 4465 750 4520 Certamen
777 4470 1096 4520 sanctorum
1120 4464 1408 4530 Manuetis,
1453 4463 1688 4530 Georgii,
1721 4467 1935 4532 Leonis,

353 4543 405 4592 et
435 4539 726 4600 sociorum,
761 4539 858 4606 qui
887 4536 954 4590 ab
1011 4534 1199 4604 impiis
1252 4537 1510 4606 Bulgaria
1568 4537 1732 4592 occisi
1781 4543 1932 4605 sunt,

351 4610 660 4680 imperante
688 4610 866 4664 Leone
897 4608 1157 4663 Armeno.

351 4779 544 4836 Leone
575 4780 833 4834 Armeno
859 4777 1215 4848 imperatore
1246 4761 1497 4833 Crumus
1547 4778 1935 4852 Bulgarorum

279 4878 559 4953 princeps
589 4893 724 4931 cum
756 4875 977 4949 ingenti
1013 4875 1212 4946 populi
1246 4875 1632 4932 multitudine
1656 4877 1936 4933 Adriano-

281 4967 467 5041 polim
491 4966 746 5024 Thracia;
777 4966 974 5020 venit:
1009 4982 1196 5037 eaque
1219 4966 1356 5035 jure
1390 4965 1529 5022 belli
1557 4967 1932 5037 capta,simul

284 5059 461 5115 etiam
483 5055 928 5113 sanctissimum
953 5055 1279 5110 Manuelem
1305 5056 1648 5127 episcopum
1669 5073 1933 5127 compre-

282 5149 512 5219 hendit,
547 5149 640 5204 cui
665 5148 924 5220 primum
948 5147 1019 5201 ab
1044 5147 1309 5202 humeris
1363 5164 1574 5202 manus
1622 5147 1929 5218 praecidit:

281 5241 498 5296 deinde
521 5239 843 5295 dissectum
862 5238 1057 5312 gladio
1077 5237 1507 5305 medium,feris
1532 5238 1932 5294 devorandum

279 5330 544 5387 tradidit.
573 5331 761 5395 Quare
793 5328 866 5382 ob
899 5328 1052 5383 hanc
1102 5327 1470 5398 impietatem
1521 5336 1867 5396 excaecatus,
1899 5346 1934 5384 a

282 5421 520 5494 proprio
549 5419 766 5492 populo
799 5417 933 5473 odio
958 5418 1194 5472 habitus
1221 5425 1328 5484 est,
1365 5425 1423 5474 et
1455 5417 1524 5473 ab
1549 5419 1758 5474 eodem
1785 5419 1935 5475 funi-

282 5511 394 5565 bus
425 5509 848 5582 strangulatus.
884 5507 1174 5564 SufTectus
1199 5507 1262 5563 in
1296 5509 1675 5582 Bulgarorum
1710 5510 1930 5580 princi-

285 5604 488 5670 patum
534 5599 926 5670 impiissimus
955 5599 1192 5663 Tzocus,
1250 5599 1510 5668 captivos
1565 5597 1933 5656 Christianos

286 5703 516 5756 omnes,
551 5687 751 5757 duces,
780 5687 1182 5762 presbyteros,
1233 5688 1516 5747 diaconos
1545 5694 1602 5746 et
1632 5689 1836 5760 laicos,
1872 5690 1931 5748 in

2061 1936 2161 2004 τὴν
2195 1933 2349 2007 δόξαν
2403 1939 2499 1990 τοῦ
2555 1936 2788 2008 κόσμου,
2847 1935 2936 1990 καὶ
2996 1933 3237 2002 ἂπῆλθεν
3287 1934 3723 2013 είςἹεράπολιν·

2063 2023 2179 2080 εἶτα
2238 2025 2316 2088 είς
2372 2024 2751 2100 Ἰεροσόλυμα·
2808 2025 2900 2080 καὶ
2972 2025 3310 2100 βαπτίζεται,
3367 2027 3457 2082 xui
3515 2026 3727 2102 γίνεται

2067 2115 2312 2189 μοναχὸς
2353 2115 2405 2170 ἐν
2463 2119 2532 2189 τῇ
2593 2115 2769 2191 λαύρα
2823 2119 2920 2170 τοῦ
2980 2115 3139 2191 ἁγίου
3199 2111 3368 2174 Σάϐα.
3402 2117 3507 2173 Καὶ
3540 2117 3726 2172 ἐπιθυ-

2066 2206 2243 2276 μήσας
2267 2208 2364 2259 τοῦ
2420 2205 2550 2280 ὑπὲρ
2607 2209 2842 2279 Χριστοῦ
2901 2213 3266 2280 μαρτυρῆσαι,
3319 2207 3533 2276 ἀπῆλθε
3559 2205 3725 2262 πάλιν

2063 2292 2139 2356 εἰς
2170 2315 2270 2363 την
2327 2291 2467 2350 ἰδίαν
2519 2296 2730 2371 χώραν·
2791 2294 2882 2350 καὶ
2938 2296 3228 2369 κρατηθεὶς
3265 2299 3412 2373 παρὰ
3441 2302 3547 2352 τῶν
3584 2303 3726 2374 Περ-

2064 2387 2195 2453 σῶν,
2225 2385 2312 2440 καὶ
2341 2384 2703 2460 τιμωρηθεὶς,
2736 2383 3160 2462 ἀπεκεφαλίσθη.

2633 2504 2710 2574 τῇ
2757 2505 2895 2575 αὐτῇ
2943 2498 3146 2576 ἡμέρᾳ.

2059 2609 2124 2665 Ἥ
2158 2606 2493 2690 Ἀνακομιδή
2524 2613 2632 2663 τῶν
2679 2609 2880 2690 τιμίων
2931 2607 3203 2690 λειψάνων
3235 2616 3330 2666 τοῦ
3361 2612 3526 2669 αὐτοῦ
3557 2615 3722 2690 ἁγίου

2353 2680 2628 2755 μάρτυρος
2679 2680 3042 2738 Ἀναστασίου
3071 2687 3169 2738 τοῦ
3201 2685 3432 2758 Πέρσου.

2131 2797 2235 2848 Τοῦ
2295 2793 2566 2870 βασιλέως
2616 2795 2944 2867 Ἡρακλείου
3000 2795 3334 2860 ἀπελθόντος
3388 2799 3439 2854 ὲν
3478 2805 3546 2875 τῇ
3583 2807 3724 2875 Περ-

2061 2881 2192 2954 σίδι,
2224 2885 2313 2938 καὶ
2366 2888 2464 2938 τοῦ
2525 2883 2770 2958 Χοσρόου
2827 2885 3216 2957 ἀποθανόντος,
3279 2892 3526 2965 μοναχός
3550 2913 3630 2954 τις
3661 2891 3721 2946 ἐκ

2059 2977 2162 3040 τῆς
2197 2979 2372 3044 μονῆς
2426 2975 2523 3027 τοῦ
2579 2977 2890 3050 Μάρτυρος,
2955 2973 3084 3030 ἰδὼν
3113 2978 3204 3031 τὸν
3239 2981 3464 3052 στρατὸν
3496 2984 3588 3034 τοῦ
3621 2981 3719 3055 βα-

2063 3059 2282 3128 σιλέως,
2341 3062 2541 3138 ἐχάρη,
2600 3064 2691 3118 καὶ
2751 3065 2816 3134 ἦν
2883 3067 2997 3136 μετ’
3043 3066 3246 3137 αὐτῶν,
3280 3069 3355 3133 ὡς
3384 3070 3722 3142 Χριστιανῶν

2063 3149 2445 3226 ὑπαρχόντων.
2507 3153 2601 3207 Καὶ
2681 3154 3132 3232 ὑποστρεφόντων
3190 3156 3385 3228 αὐτῶν,
3439 3159 3576 3229 ἦλθε
3632 3162 3724 3215 xui

1981 3222 2024 3289 Ε
2064 3239 2228 3301 αὐτὸς
2288 3240 2363 3302 εἷς
2411 3241 2503 3296 τὸν
2563 3241 2877 3316 ἡγούμενον
2934 3241 3120 3301 αὐτοῦ.
3211 3246 3310 3303 Καὶ
3389 3246 3722 3321 ἀπεκόμισεν

2053 3327 2200 3401 αὖτῷ
2231 3328 2320 3383 καὶ
2364 3330 2425 3384 τὸ
2483 3325 2745 3385 κολόόιον
2798 3335 2896 3386 τοῦ
2957 3333 3252 3408 μάρτυρος’
3285 3335 3374 3390 καὶ
3410 3334 3721 3412 διηγήσατο

2051 3418 2225 3489 αὐτῷ,
2256 3419 2339 3472 ὅτι
2373 3419 2424 3473 ἐν
2472 3417 2694 3494 Περσίδι
2750 3417 3120 3494 δαιμονιῶντα
3175 3420 3528 3499 περιϐαλλὼν
3561 3427 3716 3498 αὐτὸ,

2055 3506 2262 3564 ἰάσατο.
2328 3507 2482 3564 Καὶὸ
2542 3508 2635 3582 μὲν
2681 3510 3012 3581 Ἡράκλειος
3069 3509 3122 3566 ἐν
3179 3517 3258 3586 τῷ
3319 3513 3550 3588 εἰκοστῷ
3608 3513 3716 3572 ἔτει

2049 3603 2149 3664 τῆς
2179 3597 2347 3650 αὑτοῦ
2409 3596 2689 3671 βασιλείας
2748 3596 3064 3668 ἀνεκόμισεν
3125 3600 3201 3660 εἰς
3255 3602 3622 3677 Ἰερουσαλὴμ
3650 3608 3714 3662 τὸ

2048 3687 2240 3759 τίμιου
2294 3683 2477 3756 ξύλον.
2541 3687 2876 3751 Ἐπίσκοπος
2939 3685 2996 3744 δέ
3051 3709 3136 3753 τις
3190 3691 3520 3759 ἀποσταλεὶς
3567 3699 3716 3774 παρα

2049 3779 2146 3830 τοῦ
2219 3773 2519 3840 καθολικοῦ
2615 3778 3052 3853 ἁρχιεπισκόπου
3127 3778 3216 3835 ἐπὶ
3290 3783 3356 3837 τὰ
3428 3785 3716 3858 Ῥωμαῖκὰ

2055 3869 2216 3942 μέρη,
2250 3864 2543 3923 ἀνελάϐετο
2591 3872 2659 3923 τά
2714 3867 2940 3942 λείψανα
2986 3875 3084 3925 τοῦ
3134 3873 3292 3947 ἁγίου
3321 3876 3410 3929 xui
3441 3876 3715 3950 ἀπεκόμι-

2049 3981 2137 4014 σεν
2196 3959 2270 4020 εἷς
2333 3962 2671 4034 Καισάρειαν.
2757 3961 2856 4016 Καὶ
2943 3960 3054 4016 ἐκεῖ
3110 3959 3293 4018 δόντες
3350 3967 3451 4032 τὴν
3514 3969 3712 4042 μικρὰν

2053 4046 2266 4121 μερίδα,
2323 4050 2386 4103 τὸ
2447 4048 2643 4104 λοιπὸν
2706 4051 2994 4125 κατέσχον.
3055 4052 3117 4106 Ἦ
3175 4049 3233 4107 δὲ
3290 4055 3447 4127 τιμία
3497 4057 3713 4135 κεφαλὴ

2048 4143 2145 4193 τοῦ
2197 4141 2496 4213 μάρτυρος,
2546 4141 2638 4194 καὶ
2677 4141 2713 4208 ἡ
2767 4138 2926 4195 εἷ’κὼν
2981 4148 3358 4214 προσκυνεῖται
3408 4146 3554 4220 παρὰ
3599 4149 3713 4203 τῶν

2049 4235 2253 4285 πιστῶν
2284 4229 2336 4286 ὲν
2365 4233 2433 4304 τῇ
2470 4228 2682 4304 μεγάλῃ
2709 4231 2801 4285 xui
2831 4230 3039 4302 παλαιᾷ
3067 4233 3277 4308 Ῥώμῃ.

2616 4347 2696 4418 Τῇ
2739 4343 2881 4419 αὖτῇ
2931 4346 3133 4421 ἡμέρᾳ.

2045 4457 2312 4528 “Αθλτ,σις
2365 4462 2507 4545 πῶν.
2574 4459 2736 4544 ἁγίων
2811 4461 3109 4545 Μαγουῂλ,
3181 4467 3473 4545 Γ-εωργίου,
3543 4472 3710 4545 Λὲο-ν-

2116 4552 2233 4600 τος,
2293 4531 2382 4585 καὶ
2440 4535 2548 4585 τῶν
2612 4531 2702 4586 σὺν
2764 4532 2952 4595 αὐτοῖς
3011 4535 3113 4589 ὑπὸ
3165 4531 3496 4602 τῶν’ἆθέιιίν
3528 4541 3710 4598 Βουλ-

2116 4605 2300 4682 γάρων
2337 4603 2683 4682 ¹σφαγέντων,
2739 4603 2826 4658 ἐπὶ
2874 4613 2974 4674 τῆς
3029 4607 3306 4682 βασιλείας
3351 4615 3579 4675 Λέοντος
3608 4613 3710 4668 τοῦ

2122 4674 2435 4749 Ἅρμενίου.

2119 4793 2241 4850 Έπῖ
2271 4800 2373 4862 τῆς
2420 4792 2698 4870 βασιλείας
2752 4794 2981 4853 Λέοντος
3033 4797 3128 4852 τοῦ
3179 4799 3492 4874 Ἀρμενίου,
3525 4804 3709 4871 Κροῦ-

2048 4903 2149 4956 μος
2196 4883 2224 4937 ὁ
2273 4887 2380 4938 τῶν
2434 4881 2764 4959 Βουλγάρων
2822 4881 3036 4960 ἅρχων,
3094 4887 3228 4960 μετὰ
3275 4886 3412 4944 λαοῦ
3463 4891 3702 4963 πολλοῦ,

2043 4971 2293 5027 ἀπελθὼν
2341 4971 2416 5034 είς
2473 4970 2930 5046 Ἀδριανούπολιν
2985 4982 3086 5044 τῆς
3130 4977 3368 5050 Θρᾴκης,
3409 4981 3701 5054 ἐκράτησεν

2041 5063 2233 5132 αὐτῆς,
2265 5061 2417 5136 νόμῳ
2465 5062 2734 5134 πολέμου.
2785 5062 2882 5117 Καὶ
2936 5065 3072 5135 μετᾶ
3118 5073 3218 5134 τῆς
3267 5067 3482 5132 πόλεως
3515 5071 3704 5130 ἐπίασε

2041 5154 2128 5207 xui
2199 5153 2291 5207 τὸν
2356 5153 2655 5228 ἁγιώτατον
2715 5151 3012 5207 ἐπίσκοπον
3083 5155 3374 5228 ΜανουήΑ.
3447 5161 3548 5217 Καὶ
3603 5165 3701 5226 τας

2042 5247 2236 5318 χεῖρας
2293 5242 2460 5299 αὐτοῦ
2518 5241 2803 5315 ἀποκόψας
2882 5241 2989 5297 ἀπὸ
3063 5249 3170 5299 τῶν
3235 5245 3401 5320 ὣμων
3456 5253 3699 5324 πρώτον·

2041 5330 2226 5388 ἔπειτα
2272 5331 2436 5406 μέσον
2491 5332 2625 5404 μετᾶ
2671 5335 2772 5386 τοῦ
2822 5333 3053 5396 σπαθίου
3104 5335 3297 5408 κόψας,
3350 5332 3538 5414 ἔρριψε
3581 5347 3703 5408 τοῖς

2043 5422 2254 5492 θηρίοις
2309 5423 2528 5497 βρῶμα.
2578 5420 2680 5478 Καὶ
2733 5418 2822 5475 διὰ
2867 5422 2965 5491 τήν
3035 5424 3300 5498 ἁμαρτίαν
3363 5427 3694 5502 τυφλωθεὶς,

2044 5510 2284 5584 ἐμισήθη
2354 5514 2500 5583 παρὰ
2563 5514 2660 5565 τοῦ
2722 5509 2926 5565 οἰκείου
2993 5509 3152 5578 λαοῦ,
3221 5513 3310 5569 καὶ
3369 5519 3496 5592 παρ’
3526 5520 3696 5577 αὐτοῦ

2046 5600 2180 5674 μετὰ
2235 5601 2494 5675 σχοινίων
2556 5599 2847 5675 ἀπεπνίγη.
2909 5597 3298 5676 Διαδεξάμενος
3357 5607 3458 5674 τήν
3509 5608 3692 5686 ἀρχὴν

2041 5695 2147 5745 τῶν
2184 5689 2517 5767 Βουλγὰρων
2568 5689 2773 5760 Τζόκος
2823 5689 2850 5744 ὁ
2900 5689 3225 5766 ἆθεώτατος,
3257 5698 3524 5774 συνήγαγε
3554 5697 3689 5753 πάν-
