4132 6430
430 395 550 455 279

1715 387 2148 450 MENOLOGII
2193 390 2400 450 PARS
2445 390 2522 450 ll.

3729 382 3850 442 280

432 545 576 599 pore
605 529 858 598 correpti
882 531 1268 590 sunt,annum
1293 527 1500 599 agebat
1521 525 1884 580 tricesimum
1899 523 2081 595 septi-
2109 579 2117 590 η

2229 522 2454 592 ήθησαν,
2489 521 2516 576 ὁ
2577 521 2672 593 μὲν
2728 519 2943 582 Παῦλος
2996 514 3443 596 τριακονταεπτά·
3477 512 3587 570 ὁδὶ
3635 517 3840 570 Παυσί-

430 633 596 673 mum
641 633 654 670 :
709 616 1008 672 Pausirius
1057 633 1194 670 vero
1255 616 1600 671 vicesimum
1660 613 1960 686 quintum.
2016 614 2091 665 At

428 707 816 774 Theodotion,
846 706 1052 761 relicto
1086 706 1415 760 monastico
1445 705 1735 768 instituto,
1761 701 2091 757 latrociniis

431 814 561 853 sese
592 797 918 853 addixerat.
953 797 1099 851 Cum
1131 813 1268 851 vero
1290 796 1638 867 accepisset,
1663 794 1873 849 fratres
1894 797 2093 848 reten-

430 891 524 942 tos
557 886 758 953 fuisse,
795 886 1033 942 videndi
1084 887 1222 941 illos
1281 885 1579 942 desiderio
1631 884 1836 940 venit:
1888 899 2093 938 verum

436 992 572 1031 cum
605 976 825 1030 videret
860 975 996 1030 illos
1029 976 1341 1030 tormentis
1372 975 1692 1046 subjectos,
1744 990 1864 1028 non
1913 988 2095 1027 ausus

439 1070 530 1121 est
551 1065 795 1137 propius
812 1065 1117 1132 accedere,
1153 1065 1258 1120 sed
1291 1064 1495 1136 procul
1531 1081 1600 1118 ex
1633 1063 1790 1118 edito
1813 1063 1942 1116 loco
1966 1077 2095 1133 pro-

439 1153 719 1226 spiciens,
754 1171 963 1209 secum"
991 1155 1116 1226 ipse
1150 1153 1463 1226 reputabat
1491 1152 1728 1224 qualem
1763 1152 1974 1206 fratres
2008 1150 2096 1204 sui

438 1243 851 1306 haereditatem
887 1249 1087 1298 essent
1117 1244 1475 1315 percepturi.
1512 1246 1843 1298 Accurrens
1876 1242 2097 1312 itaque,

442 1349 627 1404 seque
659 1332 1059 1388 Christianum
1093 1332 1413 1404 professus,
1435 1332 1780 1404 praefectum
1805 1346 1985 1386 manu
2008 1346 2100 1384 ar-

439 1428 678 1495 reptum
711 1424 781 1478 de
833 1422 1116 1479 tribunali
1172 1423 1405 1494 dejecit.
1463 1422 1858 1488 Quamobrem
1903 1422 2101 1476 statim

440 1512 771 1568 decollatus
796 1511 926 1567 fuit.
961 1511 1179 1568 Paulus
1208 1529 1344 1567 vero
1369 1517 1426 1568 et
1447 1511 1752 1568 Pausirius
1773 1511 1834 1567 in
1859 1510 2103 1566 fluvium

441 1601 720 1674 projecti,
755 1601 1110 1658 occubuere.

1002 1718 1246 1774 EODEM
1286 1719 1541 1774 MENSE.

947 1833 1051 1890 Die
1083 1833 1367 1890 vicesima
1397 1833 1608 1906 quinta

445 1950 600 2006 180
642 1951 1100 2008 Commemorat-io
1133 1953 1336 2077 Ἱξῗησιεὶ
1385 1952 1570 2036 ραῑνίε
1619 1950 1802 2007 nostri
1861 1950 2111 2023 Gregorii

1217 2039 1276 2077 eo
1303 2039 1416 2077 om.

1217 2039 1416 2092 eowgt.

521 2139 836 2210 Gregorius
867 2155 1119 2210 magnus
1150 2139 1502 2212 Theologus,
1566 2141 1828 2196 Nazianzi
1860 2141 1921 2196 in
1953 2141 2110 2212 Cap-

449 2227 698 2300 padocia
729 2229 1007 2299 Gregorio
1032 2234 1091 2282 et
1118 2230 1326 2283 Nonna
1356 2233 1552 2294 natus,
1587 2229 1934 2284 Constantio
1961 2230 2111 2284 Con-

451 2317 698 2373 stantini
731 2316 917 2386 Magni
955 2317 1080 2371 {ilio
1139 2317 1495 2388 imperatore
1555 2318 1794 2384 claruit,
1853 2319 2114 2390 vixitque

449 2422 641 2477 usque
668 2405 743 2460 ad
763 2405 1075 2461 Theodosii
1109 2407 1295 2479 Magni
1330 2412 1613 2478 tempora.
1644 2408 1751 2473 Qui
1788 2425 1855 2463 ex
1888 2409 2114 2464 revela-

451 2496 614 2550 tione
646 2502 848 2556 natus,
879 2499 937 2550 et
966 2494 1273 2562 educatus,
1308 2495 1641 2550 studiorum
1675 2512 1874 2563 causa,
1925 2498 2112 2552 Caesa-

450 2600 616 2640 ream
665 2585 950 2655 primum,
1009 2583 1224 2638 deinde
1311 2583 1756 2651 Alexandriam,
1815 2592 2116 2658 postremo

453 2675 716 2731 Athenas
749 2674 922 2746 petiit
950 2691 962 2730 :
992 2691 1249 2746 cumque
1282 2674 1548 2731 scientiis
1588 2675 1981 2744 incumberet,
2015 2677 2116 2732 ad-

457 2763 620 2818 venit
649 2768 708 2819 et
738 2779 986 2831 magnus
1048 2763 1322 2833 Basilius,
1385 2769 1443 2818 et
1503 2760 1678 2819 ambo
1738 2763 1810 2819 ad
1874 2765 2118 2821 virtutes

459 2853 809 2925 litterasque
859 2853 1294 2926 comparandas
1346 2853 1524 2910 simul
1567 2855 1746 2922 enixi,
1802 2861 2008 2927 postea
2058 2855 2119 2911 in

459 2944 713 3016 patriam
747 2943 965 2999 reversi
1003 2948 1160 2998 sunt.
1196 2945 1266 2996 Et
1304 2944 1618 3016 Gregorius
1667 2944 1909 3015 quidem
1957 2945 2118 3000 Sazi-

464 3049 698 3089 morum
733 3033 1049 3103 episcopus
1080 3032 1273 3088 factus
1307 3039 1433 3088 est:
1476 3033 1694 3088 deinde
1733 3033 1996 3092 Naziauzi
2031 3035 2120 3089 in-

463 3122 861 3195 gravescentis
888 3122 1012 3192 jam
1043 3128 1347 3176 senectute
1381 3122 1564 3193 patris
1597 3139 1815 3178 munus
1862 3130 1983 3178 tum
2017 3123 2119 3178 do-

463 3211 660 3272 cendi,
686 3216 810 3265 tum
835 3211 1134 3283 liturgiam
1158 3210 1496 3266 celebrandi
1524 3211 1785 3266 studiose
1804 3212 2119 3284 supplevit.

463 3302 604 3356 Post
635 3301 761 3354 haec
791 3299 866 3354 ob
897 3302 1251 3355 Arianorum
1284 3300 1559 3355 ha-resim
1594 3302 1933 3372 Byzantium
1984 3319 2119 3374 pro-

463 3393 674 3460 fectus,
708 3392 1070 3448 orthodoxos
1111 3393 1489 3448 sermonibus
1520 3393 1913 3462 conﬁrmavit,
1946 3401 2122 3466 atque

465 3484 644 3538 etiam
677 3482 1220 3553 Constantinopolis
1251 3483 1590 3554 patriarcha
1618 3484 1994 3539 renuntiatus
2011 3489 2120 3539 est.

465 3571 579 3628 Sed
608 3571 786 3644 paulo
818 3577 954 3644 post
1000 3588 1136 3627 cum
1186 3572 1448 3644 seipsum
1502 3573 1903 3644 patriarchatu
1953 3573 2122 3629 abdi-

465 3666 676 3720 casset.
710 3661 772 3716 in
802 3660 1002 3716 villam
1035 3676 1206 3716 suam
1238 3677 1300 3717 se
1331 3661 1650 3733 recipiens,
1700 3663 2122 3720 honestissimo

462 3751 587 3807 otio
618 3750 799 3807 vitam
831 3750 1044 3806 ﬁnivit.

1029 3867 1270 3923 EODEM
1308 3867 1560 3924 MENSE.

995 3984 1098 4040 Die
1131 3983 1414 4040 vicesima
1444 3991 1611 4042 sexta

480 4099 630 4156 I87
669 4098 1124 4156 Commemoratio
1151 4099 1441 4168 terribilis,
1471 4103 1681 4172 magni,
1714 4108 1765 4159 et
1821 4103 2124 4160 admirabi-

1074 4173 1140 4229 lis
1171 4179 1529 4230 terraemotus.

541 4290 834 4348 Extremis
869 4291 1235 4364 temporibus
1266 4291 1644 4365 imperatoris
1675 4291 1989 4348 Theodosii
2023 4293 2128 4348 Mi—

470 4381 654 4447 noris,
691 4381 923 4436 Arcadii
959 4387 1018 4436 et
1046 4382 1325 4437 Eudoxize
1387 4381 1516 4446 filii,
1568 4397 1774 4437 mense
1822 4382 2122 4449 Januario,

467 4468 564 4526 die
595 4470 877 4527 vicesima
907 4477 1071 4526 sexta
1101 4471 1350 4544 contigit
1377 4471 1890 4543 Constantinopoli
1934 4471 2126 4528 horri-

467 4558 610 4616 bilis
640 4566 1029 4628 terraemotus,
1063 4561 1258 4632 qualis
1288 4577 1598 4632 nunquam
1631 4561 1705 4618 ah
1724 4560 1869 4616 urbe
1890 4560 2131 4616 condita

471 4664 663 4718 usque
689 4649 764 4702 ad
794 4666 924 4704 eam
957 4650 1114 4704 diem
1145 4650 1336 4706 factus
1366 4649 1579 4717 fuerat,
1605 4653 1769 4705 itaut
1790 4656 1847 4706 et
1875 4651 2054 4716 muri,
2075 4655 2133 4704 et

473 4737 737 4793 maxima
764 4739 928 4792 urbis
960 4756 1097 4810 pars
1156 4739 1469 4795 corruerit.
1521 4739 1738 4796 Eodem
1791 4746 2132 4795 terraamotu

473 4843 776 4882 concussa;
809 4833 947 4882 sunt
976 4834 1036 4882 et
1065 4827 1194 4882 aliae
1222 4829 1487 4883 civitates
1529 4829 1811 4894 Thracias,
1852 4836 1913 4884 et
1939 4831 2132 4885 Mace-

475 4915 692 4979 doniae,
727 4922 785 4970 et
812 4917 1137 4987 Bithynia):
1189 4917 1539 4988 duravitque
1585 4917 1660 4972 ad
1711 4924 1828 4973 tres
1872 4935 2129 4974 menses.

474 5007 665 5071 Quare
695 5006 1064 5061 Theodosius
1117 5007 1444 5078 imperator
1489 5024 1624 5062 cum
1665 5008 2020 5079 patriarcha,
2077 5015 2134 5064 et

477 5097 659 5158 clero.
689 5097 1027 5168 populoque
1054 5093 1838 5164 universo,nudisincedens
1862 5098 2130 5169 pedibus,

477 5192 536 5240 et
565 5185 677 5240 vim
713 5185 1110 5256 lacrymarum
1143 5184 1536 5255 profundens,
1562 5184 1996 5256 supplicatione
2023 5203 2129 5258 pu-

475 5275 633 5331 blica
687 5275 981 5336 instituta.
1038 5274 1112 5328 ad
1173 5274 1355 5328 Deum
1443 5273 1685 5328 aiebat:
1739 5274 1948 5330 Libera
1999 5291 2130 5342 nos,

477 5365 748 5431 Domine,
782 5364 998 5435 ajusta
1030 5363 1115 5416 ira
1157 5369 1276 5426 tua,
1331 5367 1388 5415 et
1438 5361 1510 5415 ab
1562 5361 1840 5416 omnibus
1897 5362 2132 5418 delictis

475 5455 696 5511 nostris
744 5459 987 5526 propter
1035 5452 1446 5524 pcenitentiam
1487 5468 1499 5518 ;
1552 5451 1924 5506 commovisti
1971 5453 2131 5507 enim

478 5550 718 5608 terram,
755 5549 813 5598 et
833 5542 1198 5597 conturbasti
1224 5557 1352 5595 eam
1378 5546 1619 5611 propter
1645 5546 1887 5612 peccata
1907 5547 2133 5610 nostra,

479 5632 760 5705 injiciens
792 5634 1068 5688 timorem
1097 5633 1160 5686 in
1193 5629 1470 5686 cordibus
1497 5630 1809 5697 nostris,ut
1836 5629 2133 5703 gloriﬁce-

482 5737 614 5776 mus
645 5728 721 5784 te.
753 5724 852 5793 qui
885 5723 1048 5778 solus
1079 5721 1371 5796 benignus
1408 5737 1468 5775 es
1509 5725 1568 5776 et
1616 5720 1902 5776 clemens.
1955 5721 2126 5777 Exin-

481 5810 554 5866 de
584 5809 762 5882 igitur
803 5817 1177 5868 terraamotus
1219 5812 1398 5884 hujus
1442 5811 1732 5867 memoria
1778 5809 2132 5868 celebratur.

2193 629 2314 683 ριος
2351 608 2706 664 εἰκοσιπέντε.
2769 610 2832 666 Ὀ
2885 605 2943 664 δὲ
3001 604 3313 663 Θεοδοτίων
3370 602 3693 660 καταλιπὼν
3750 602 3852 672 τήν

2197 700 2509 773 μοναχικήν
2586 697 2931 767 κατάστασιν,
3023 697 3231 773 ἐγένετο
3318 694 3550 769 λῃστής.
3612 693 3710 747 Καὶ
3769 692 3859 747 ὅτε

2193 789 2447 858 ⁴ἤκουσεν,
2480 787 2563 842 ὅτι
2601 789 2974 863 ἐκρατήθησαν
3035 787 3088 840 οἱ
3148 782 3380 862 ἀδελφοί
3443 781 3637 852 αὐτοῦ,
3690 781 3857 849 ἦλθεν

2196 875 2330 936 ἰδεῖν
2363 878 2581 938 αὐτούς,
2617 878 2719 936 Καὶ
2754 875 2884 932 ἰδὼν
2937 875 3133 938 αὐτοὺς
3188 874 3668 949 βασανιζομένους,
3715 871 3864 942 πλη·

2199 969 2376 1022 σιάσαι
2415 969 2508 1041 μὲν
2541 969 2644 1023 οὐκ
2673 967 3000 1039 ἐτόλμησεν·
3037 965 3112 1027 εἷς
3151 965 3322 1020 τόπον
3357 961 3415 1019 δὲ
3470 962 3685 1037 ὑψηλὸν
3738 963 3865 1026 ἀνα-

2201 1051 2322 1126 ϐάς,
2354 1059 2443 1112 καὶ
2476 1059 2720 1132 θεωρῶν,
2754 1055 3032 1132 ἐλογίζετο
3064 1056 3185 1118 καθ’
3215 1054 3427 1118 ἑαυτὸν,
3459 1053 3543 1107 δτι
3602 1057 3866 1119 Ποταπῆς

2202 1145 2506 1222 ἐπιτύχωσι
2537 1145 2919 1220 κληρονομίας
2952 1146 3004 1198 οἱ
3037 1141 3266 1221 ἀδελφοί
3300 1163 3426 1215 μου·
3473 1139 3561 1196 καί
3615 1138 3867 1216 δραμὼν,

2203 1233 2564 1310 ὡμολόγησεν
2625 1234 2811 1289 ἑαυτὸν
2869 1231 3216 1309 Χριστιανὸν.
3278 1231 3377 1288 Καὶ
3438 1231 3712 1304 κρατήσας
3774 1228 3868 1282 τὸν

2205 1321 2460 1399 ἄρχοντα,
2496 1317 2712 1401 ἕῤῥιψεν
2743 1321 2848 1378 ἀπὸ
2891 1326 2987 1376 τοῦ
3046 1320 3263 1396 θρόνου·
3326 1319 3415 1374 καὶ
3475 1314 3671 1378 εὐθέως
3729 1316 3866 1370 ἀπε-

2205 1411 2527 1491 κεφαλίσθη.
2564 1411 2778 1474 Ηαῦλος
2813 1409 2871 1467 δὶ
2909 1410 2998 1466 καὶ
3058 1409 3351 1484 Ιίαυσίριος
3402 1407 3644 1486 ριφέντες
3689 1405 3740 1461 ἐν
3785 1409 3868 1478 τῷ

2206 1506 2458 1574 ποταμῷ,
2492 1500 2911 1572 ἐτελειώθησαν.

2767 1715 2941 1766 ΜΗΝΙ
2980 1712 3069 1768 TD
3107 1710 3307 1768 ΑΥΤΩ.

2988 1823 3099 1882 KE'

2224 1954 2436 2026 Μνήμη
2488 1956 2586 2006 τοῦ
2673 1951 2726 2006 ἐν
2785 1949 2965 2025 ἁγίοις
3048 1950 3258 2026 ῌατρὸς
3326 1951 3486 2023 ἡμῶν
3569 1948 3878 2024 Γρηγορίου

2823 2021 2922 2079 τοῦ
2953 2021 3254 2097 Θεολόγου.

2295 2140 2600 2216 Γρτμγόριος
2669 2140 2697 2194 ὃ
2761 2139 2924 2216 μίγας
2984 2137 3279 2214 Θεολόγος,
3355 2135 3562 2212 ἐγένετο
3614 2134 3721 2191 ἀπὸ
3779 2139 3882 2201 τῆς

2225 2227 2413 2304 χώρας
2444 2225 2858 2294 Καππαδοκίας,
2914 2227 3133 2291 πόλεως
3189 2229 3512 2297 Ναζιανζοῦ,
3567 2225 3684 2287 υἱὸς
3741 2230 3882 2300 Γρῃ-

2223 2317 2415 2394 γορίου
2444 2318 2532 2372 καὶ
2577 2317 2806 2387 Νόννας,
2864 2316 2949 2372 ἐπὶ
3018 2323 3118 2385 τῆς
3175 2314 3452 2392 βασιλείας
3505 2313 3888 2370 Κωνσταντίου

2225 2407 2346 2462 υἱοῦ
2378 2405 2789 2464 Κωνσταντίνου
2839 2409 2940 2460 τοῦ
2994 2404 3274 2481 Μεγάλου·
3336 2405 3425 2459 καὶ
3485 2401 3741 2479 διήρκεσε
3795 2404 3892 2477 μὲ-

2226 2517 2325 2572 χρι
2350 2504 2449 2566 τῆς
2481 2493 2764 2572 βὴσιλείας
2794 2492 3090 2551 Θεοδοσίου
3119 2499 3220 2550 τοῦ
3262 2493 3548 2570 Μεγάλου.
3604 2493 3888 2564 Γεννηθεὶς

2228 2584 2284 2642 δὶ
2317 2585 2368 2658 ἐξ
2401 2584 2822 2660 ἀποκαλύψεως,
2853 2584 2943 2640 καὶ
3002 2583 3348 2660 ἀνατραφεὶς,
3409 2581 3498 2639 διὰ
3543 2584 3888 2658 μαθημάτων

2228 2675 2541 2749 ἐπιθυμίαν,
2626 2671 2952 2750 παρεγένετο
3023 2675 3101 2738 είς
3184 2675 3527 2751 Καισάρειαν·
3614 2673 3730 2728 εἶτα
3807 2673 3887 2735 εἷς

2230 2762 2666 2840 ’Λλεξάνδρειαψ
2729 2767 2845 2820 εἶτα
2897 2762 2978 2823 εἷς
3044 2765 3296 2832 Ἀθήνας·
3385 2760 3772 2828 Μανθάνοντος
3829 2759 3891 2816 δὲ

2229 2855 2414 2923 αὐτοῦ,
2473 2860 2798 2930 παρεγένετο
2853 2855 2943 2909 καὶ
2979 2855 3006 2908 ὁ
3059 2850 3221 2928 μέγας
3279 2850 3592 2920 Βασίλειος,
3651 2853 3739 2906 καὶ
3795 2873 3887 2906 συ-

2229 2945 2604 3020 νηγωνίζοντο
2663 2943 2965 3022 ἀμφότεροι
3029 2943 3106 3005 εἷς
3161 2942 3354 3016 ἀρετὴν
3410 2941 3500 2996 καὶ
3560 2942 3882 3014 μαθήματα.

2230 3035 2365 3092 Εἶτα
2398 3034 2730 3108 ὑπέστρεψαν
2785 3033 2860 3094 εἰς
2918 3035 3014 3102 τήν
3071 3031 3274 3087 οἶκείαν
3331 3027 3586 3103 πατρίδα,
3646 3031 3734 3084 καὶ
3791 3032 3886 3114 γ’ἐ-

2233 3145 2388 3201 γονεν
2435 3123 2729 3188 ἐπίσκοπος
2788 3123 3065 3196 Σαζίμων.
3127 3122 3256 3178 Εἶτα
3302 3125 3401 3176 τοῦ
3457 3119 3662 3194 πατρὸς
3722 3119 3886 3174 αὐτοῦ

2233 3215 2593 3290 γηράσαντος,
2628 3211 2902 3269 ἐδίδασκεν
2961 3212 3072 3267 ἀντ’
3129 3210 3356 3279 ἐκείνου,
3401 3209 3492 3264 καὶ
3550 3206 3886 3282 ἐλειτούργει

2235 3305 2311 3367 εἷς
2345 3303 2666 3373 Ναζιανζόν.
2701 3301 2805 3360 Καὶ
2839 3299 2928 3357 διὰ
2980 3303 3080 3372 τήν
3140 3305 3247 3355 τῶν
3306 3302 3596 3373 Ἀρειανῶν
3655 3295 3884 3370 α’ίρεσιν,

2229 3393 2480 3463 εἰσῆλθεν
2514 3394 2589 3456 εἷς
2618 3395 2680 3448 τὸ
2737 3392 3048 3462 Βυζάντιον·
3110 3391 3199 3446 καί
3237 3390 3477 3464 ἐστήριξε
3521 3387 3654 3450 τοὺς
3713 3387 3882 3462 ὀρθο-

2230 3481 2419 3558 δόξους
2451 3481 2542 3538 διὸ.
2568 3482 2769 3556 λόγων,
2809 3481 2900 3536 καὶ
2953 3481 3144 3556 γέγονε
3200 3480 3546 3554 πατριάρχης
3597 3480 3887 3536 Κωνσταν-

2226 3571 2618 3634 τινουπόλεως.
2655 3569 2782 3627 Εἶτα
2838 3568 3338 3645 παραιτησάμενος,
3399 3565 3673 3641 ἡσύχαζεν
3721 3563 3777 3620 ἒν
3813 3568 3889 3636 τῷ

2232 3661 2354 3736 ἰδίῳ
2384 3667 2646 3736 κτήματι,
2679 3662 2770 3718 καὶ
2801 3659 3116 3730 ἐτελειώθη.

2787 3853 2964 3908 ΜΠΝΙ
3003 3851 3090 3906 ΤΩ
3126 3849 3330 3907 ΑΥΤΩ.

3001 3971 3100 4035 KC‘

2229 4086 2296 4144 Ἠ
2347 4085 2646 4160 ἀνάμνησις
2701 4088 2809 4138 τῶν
2845 4083 3012 4160 Δφόων
3091 4084 3194 4136 τοῦ
3235 4077 3500 4160 μμεγάλου
3558 4079 3646 4134 καὶ
3705 4097 3882 4153 παρα-

2841 4152 3003 4226 δόξου
3036 4155 3286 4225 σεισμοῦ.

2306 4275 2400 4340 Εἷς
2434 4276 2499 4332 τὰ
2530 4273 2816 4332 τελευταῖα
2869 4276 2969 4342 τῆς
3026 4270 3304 4347 βασιλείας
3348 4274 3446 4325 τοῦ
3497 4271 3714 4345 Μικροῦ
3770 4274 3903 4324 Θεο-

2235 4365 2423 4423 δοσίου
2455 4369 2575 4422 υἱοῦ
2617 4363 2911 4441 Ἀρκαδίου
2967 4365 3058 4418 καὶ
3118 4359 3402 4435 Εὖδοξίας,
3459 4361 3595 4433 μηνὶ
3654 4363 3896 4416 Ἰανουα-

2235 4459 2361 4532 ρίῳ,
2422 4454 2594 4511 είκαδι
2673 4453 2825 4526 ἕκτη,
2887 4451 3092 4530 ἐγένετο
3180 4451 3230 4506 ἐν
3319 4448 3895 4509 Κωνσταντινουπόλει

2237 4537 2751 4627 σεισμὸςκξξοϐερὸς,
2805 4542 2919 4602 οἷος
2975 4540 3079 4596 οὐκ
3135 4538 3348 4613 ἐγένετο
3406 4536 3497 4614 ἀφ’
3557 4537 3620 4592 οὗ
3681 4536 3895 4607 ἐκτίσθη

2237 4637 2271 4704 ἡ
2308 4633 2470 4696 πόλις
2505 4636 2674 4709 μέχρι
2702 4633 2844 4702 τότε,
2887 4631 3026 4686 ὥστε
3081 4631 3170 4684 καὶ
3224 4630 3291 4684 τὰ
3335 4628 3498 4704 τείχη
3557 4633 3898 4694 καταπεσεῖν,

2234 4724 2323 4777 καὶ
2379 4724 2441 4778 τὸ
2497 4722 2752 4778 πλεῖστον
2817 4721 2981 4794 μέρος
3034 4725 3134 4787 τῆς
3215 4716 3454 4779 πόλεως.
3513 4717 3573 4774 Ὀ
3621 4715 3781 4778 αὐτὸς
3839 4713 3900 4771 δὲ

2241 4812 2463 4884 σεισμὸς
2494 4811 2583 4866 καὶ
2615 4809 2788 4872 ἄλλας
2814 4811 3005 4871 πόλεις
3054 4815 3154 4877 τῆς
3203 4806 3444 4882 Θρᾴκης,
3491 4807 3582 4860 καὶ
3636 4813 3738 4876 τῆς
3771 4813 3898 4862 Μα-

2239 4900 2505 4971 κεδονίας,
2563 4903 2656 4956 κάί
2707 4907 2810 4970 τῆς
2899 4897 3146 4959 Βιθυνίας
3223 4897 3568 4972 κατέστρεψε,
3627 4897 3716 4949 καὶ
3777 4896 3900 4951 ἐπε-

2238 4992 2475 5068 κράτησε
2506 4999 2681 5064 μῆνας
2709 4995 2877 5066 τρεῖς.
2911 4990 3012 5043 Διά
3043 4991 3204 5042 τοῦτο
3237 4986 3264 5041 ὁ
3301 4984 3553 5062 βασιλεὺς
3586 4982 3902 5056 Θεοδόσιος,

2244 5082 2381 5155 μετὰ
2430 5085 2526 5136 τοῖ’)
2582 5082 2958 5156 Ιίατριάρχου,
3014 5076 3105 5132 καὶ
3160 5080 3258 5131 τοῦ
3335 5074 3576 5150 κλήρου,
3633 5074 3724 5129 καὶ
3804 5074 3906 5130 τοῖ’)

2241 5169 2379 5226 λαοῦ
2424 5173 2644 5239 παντὸς,
2709 5166 3040 5228 ἀνυπόδετυς
3104 5165 3238 5238 μετᾶ
3297 5161 3545 5239 δακρύων
3604 5161 3906 5218 λιτανεύων

2238 5261 2375 5336 πρὸς
2433 5261 2524 5316 τὸν
2585 5260 2738 5330 Θεὸν,
2825 5256 3002 5333 ἔλεγε·
3061 5257 3252 5314 Ῥὕοαι
3311 5257 3498 5325 ἡμᾶς,
3545 5253 3731 5329 Κύριε,
3799 5260 3906 5323 τῆς

2243 5349 2454 5412 δικαίας
2486 5371 2582 5405 σου
2630 5351 2826 5425 ὀργῆς,
2885 5349 2976 5402 καὶ
3033 5350 3140 5401 τῶν
3201 5345 3662 5420 παραπτωμάτων
3717 5346 3904 5416 ἡμῶν,

2243 5437 2331 5495 διὰ
2386 5447 2488 5508 τῆς
2551 5438 2856 5512 μετανοίας·
2943 5434 3238 5496 ἐσάλευσας
3313 5434 3416 5507 γάρ
3473 5434 3572 5501 τὴν
3629 5436 3754 5507 γῆν,
3812 5432 3910 5486 καὶ

2243 5529 2604 5604 συνετάραξας
2663 5526 2752 5583 διὰ
2804 5527 2902 5590 τὰς
2987 5523 3258 5597 ἁμαρτίας
3335 5524 3521 5594 ἡμῶν·
3609 5517 3914 5595 ἐμϐάλλων

2243 5614 2412 5696 φόϐον
2446 5619 2524 5682 εἷς
2583 5619 2675 5680 τὰς
2729 5613 2954 5691 καρδίας
3011 5616 3194 5687 ἡμῶν,
3254 5615 3352 5667 τοῦ
3411 5608 3652 5680 δοξάζειν
3703 5631 3759 5664 σε
3815 5611 3913 5666 τὸν

2248 5709 2412 5784 μόνον
2444 5707 2647 5784 ἀγαθὸν
2706 5706 2796 5761 καὶ
2856 5704 3267 5784 φιλάνθρωπον·
3331 5722 3516 5757 εκτοτε
3572 5699 3666 5755 οὖν
3717 5701 3918 5775 ἑορτά-

2245 5803 2390 5869 ζεται
2417 5800 2452 5866 ἡ
2482 5795 2709 5865 τοιαύτη
2741 5795 3066 5868 ἀνάμνησις.
