4132 6482
294 372 410 432 283

290 601 446 651 rent.
479 593 592 649 Sed
619 610 752 648 cum
786 609 937 648 urna
966 593 1218 647 reserari
1260 609 1379 647 non
1438 596 1658 663 posset,
1695 606 1946 646 maerore

292 686 536 741 affectus
568 684 909 754 imperator,
945 683 1185 754 scripsit
1205 681 1515 754 epistolam
1546 680 1618 735 ad
1652 687 1945 748 sanctum,

293 792 409 846 qua
439 775 610 829 illum
631 773 1006 845 precabatur,
1030 779 1095 827 ut
1114 773 1421 828 adveniret
1445 789 1459 826 :
1484 772 1683 827 statim
1705 773 1944 828 exaudi-

291 870 386 919 tus
418 867 524 917 est.
561 863 841 916 Pretiosa
871 862 1050 934 igitur
1079 861 1349 933 reliquias
1367 862 1944 934 Constantinopolim

289 951 615 1017 translatae,
647 952 710 1005 in
737 951 958 1022 templo
992 951 1340 1006 Sanctorum
1372 950 1792 1022 Apostolorum
1836 950 1946 1007 ho-

286 1041 536 1097 norifice
571 1040 824 1097 conditaa
858 1047 1016 1098 sunt.

849 1149 1092 1205 EODEM
1125 1149 1376 1205 MENSE.

786 1256 892 1312 Die
922 1255 1203 1318 vicesima
1243 1261 1445 1322 octava

282 1355 430 1412 141
469 1355 924 1416 Commemoratio
979 1359 1160 1413 sancti
1205 1357 1391 1412 Patris
1449 1357 1626 1421 nostri
1678 1357 1941 1428 ,Ephraem

1031 1447 1184 1517 Syri

353 1555 468 1608 Iste
498 1551 611 1609 fuit
633 1569 704 1608 ex
725 1554 985 1619 Oriente,
1009 1571 1223 1627 genere
1246 1554 1446 1627 Syrus,
1481 1555 1672 1627 patria
1691 1554 1937 1610 Edesse-

280 1658 418 1710 nus,
443 1643 798 1698 Christianis
827 1644 1176 1715 parentibus
1204 1650 1382 1700 natus
1405 1663 1419 1711 ;
1452 1644 1712 1715 vixitque
1734 1661 1769 1700 a
1787 1644 1937 1699 Con-

281 1731 530 1786 stantini
562 1733 753 1805 Magni
785 1733 1151 1803 temporibus
1171 1749 1359 1805 usque
1389 1733 1464 1789 ad
1483 1733 1801 1805 imperium
1832 1735 1938 1788 Va-

278 1820 480 1876 lentis.
505 1821 651 1876 Cum
675 1826 873 1876 autem
898 1822 1094 1877 infans
1117 1828 1291 1890 esset,
1312 1823 1588 1878 viderunt
1613 1823 1674 1878 in
1705 1822 1932 1878 somnis

1618 369 1668 426 M
1684 365 2047 428 ENOLOGII
2091 365 2301 430 PARS
2345 368 2422 430 ll.

292 507 425 572 cha,
452 505 618 560 misit
641 503 1004 559 Theodosius
1036 503 1136 572 qui
1167 502 1409 557 Joannis
1439 501 1725 572 reliquias
1757 500 1921 556 refer-

2054 504 2201 572 τρεῖς
2261 499 2518 575 χρόνους,

3606 377 3726 446 284

2608 497 2696 555 διὰ
2781 499 3143 572 ὑπομνήσεως
3225 507 3323 558 τοῦ
3377 507 3726 585 πατριάρχου

2058 584 2341 662 Ηρόκλου,
2376 587 2700 650 ἀποστείλας
2730 585 3018 651 Θεοδόσιος
3071 591 3098 644 ὁ
3151 590 3436 666 βασιλεὺς,
3465 600 3562 650 τοῦ
3592 584 3728 674 ἁγα-

2056 682 2172 752 γεῖν
2223 678 2286 732 τὸ
2345 677 2627 751 λεὶψανον,
2695 681 2796 746 τῆς
2872 675 3142 750 λάρνακος
3199 683 3276 753 μή
3336 683 3722 759 ἀνοιγομένης,

2055 763 2331 836 ἐλυπήθη.
2384 767 2523 823 Τότε
2580 767 2776 845 γράφει
2836 766 3134 838 ἐπιστολὴν
3190 773 3558 846 περιέχουσαν
3589 774 3723 847 δέη-

2054 875 2162 923 σιν,
2242 855 2666 930 παρακληθῆναι
2746 855 2944 929 ἐλθεῖν,
3003 858 3093 912 καὶ
3174 859 3529 935 εῗσηκούσθη.
3590 864 3719 921 Ἐλ-

2055 944 2144 1008 θὸν
2201 943 2293 998 οὗν
2347 947 2410 999 τὸ
2459 944 2644 1018 τίμιον
2705 943 2987 1019 λείψανον,
3044 946 3200 1020 ἐτὲθη
3259 949 3494 1026 ἐντίμως
3553 953 3606 1010 ἐν
3639 959 3720 1028 τῷ

2053 1037 2164 1105 ναῷ
2189 1037 2298 1089 τῶν
2333 1035 2535 1109 Ἀγίων
2564 1033 2942 1094 Ἀποστόλων.

2586 1143 2772 1201 MHNI
2832 1147 2917 1222 τᾳ
2971 1147 3175 1224 nm.

2824 1252 2933 1310 KH'

2195 1361 2407 1436 Μνήμη
2440 1365 2537 1416 τοῦ
2579 1361 2718 1417 ὑσίοι
2755 1361 2964 1444 Harpe:
3009 1363 3171 1437 ἡμῶν
3202 1364 3442 1444 Ἐφραίμ
3471 1373 3568 1423 τοῦ

2783 1434 2984 1502 Σύρου.

2119 1539 2292 1602 Οὗτος
2349 1541 2595 1614 ὑπῆρχεν
2655 1538 2760 1594 ἀπὸ
2813 1539 3148 1613 Ἀνατολῶν,
3212 1542 3385 1618 Σύρος
3439 1546 3502 1601 τὸ
3526 1545 3704 1622 γένος,

2046 1626 2155 1681 ἀπὸ
2185 1625 2402 1689 πὸλεως
2435 1624 2717 1697 Ἐδέσσης,
2760 1627 2964 1702 γονέων
3021 1630 3384 1704 Χριστιανῶν,
3417 1629 3704 1708 διαρκέσας

2047 1715 2152 1770 ἀπὸ
2181 1723 2280 1785 τῆς
2315 1713 2592 1790 βασιλείας
2625 1716 3030 1771 Κωνσταντίνου
3072 1723 3171 1772 τοῦ
3222 1719 3477 1795 Μεγάλου
3512 1721 3713 1796 μέχρις

2043 1803 2375 1866 Οὐάλεντος.
2407 1807 2538 1862 "Ora
2567 1800 2627 1859 δὲ
2657 1806 2723 1874 ἦν
2756 1802 2996 1875 παιδίον,
3029 1803 3175 1862 εἶδον
3229 1809 3281 1862 οἱ
3329 1815 3511 1884 γονεῖς
3544 1811 3711 1865 αὑτοῦ

277 1915 556 1982 parentes
578 1911 706 1982 ejus
731 1910 966 1979 prodire
985 1927 1053 1970 ex
1072 1911 1203 1981 ejus
1233 1877 1437 1984 lingua
1455 1912 1656 1981 vitem,
1683 1929 1816 1984 qua:
1842 1918 1921 1968 to-

2037 1893 2157 1948 κατ’
2187 1887 2315 1968 ὄναρ
2357 1891 2603 1966 ἄμπελον
2657 1892 2709 1948 ἐν
2749 1896 2818 1967 τῇ
2868 1893 3096 1969 γλώσσῃ
3125 1896 3295 1951 αὑτοῦ
3326 1902 3702 1975 φυτευθεῖσαν,

276 2003 400 2054 tam
433 2004 652 2053 terram
687 1999 988 2070 impleret,
1022 2004 1082 2054 et
1112 1999 1382 2056 volucres
1411 2001 1543 2057 οωΙί
1593 2001 1933 2068 adventare,

276 2092 338 2143 et
362 2104 432 2142 ex
461 2089 588 2158 ejus
619 2087 910 2144 fructibus
940 2089 1278 2160 decerpere.
1307 2091 1451 2145 Vitis
1473 2095 1672 2146 autem
1703 2091 1936 2163 signiﬁ-

277 2177 449 2234 cabat
479 2177 811 2241 scientiam,
847 2194 1026 2248 quam
1057 2179 1370 2234 habiturus
1403 2185 1548 2235 erat.
1582 2181 1675 2236 Sic
1705 2197 1841 2236 vero
1872 2181 1934 2236 in

281 2269 598 2324 virtutibus
629 2269 928 2335 excelluit,
960 2275 1027 2324 ut
1069 2269 1273 2324 multis
1330 2269 1639 2341 profuerit.
1670 2271 1932 2342 Cumque

283 2357 354 2414 ad
377 2359 657 2413 Basilium
692 2375 973 2431 magnum
1000 2358 1058 2412 in
1077 2359 1285 2412 urbem
1309 2360 1635 2414 Caesaream
1653 2361 1930 2430 venisset,

281 2448 353 2504 ab
386 2465 454 2502 eo
488 2448 798 2519 presbyter
827 2448 1136 2504 ordinatus
1157 2453 1266 2519 est,
1292 2449 1588 2521 simulque
1621 2450 1817 2506 Graece
1846 2451 1932 2506 lo-

281 2539 382 2612 qui
439 2539 632 2611 caapit,
694 2556 828 2594 cum
885 2545 1062 2595 antea
1118 2540 1353 2612 Syriace
1410 2540 1772 2611 loqueretur.
1823 2541 1932 2606 Qui

279 2635 484 2700 postea
531 2645 666 2684 cum
726 2629 912 2685 libros
970 2630 1186 2685 animm
1245 2630 1422 2685 utiles
1475 2631 1926 2704 composuisset,

277 2717 621 2790 multosque
651 2718 972 2786 docuisset,
1007 2720 1067 2774 in
1094 2719 1392 2792 profunda
1438 2726 1763 2791 senectute,
1794 2738 1928 2794 gra-

277 2807 391 2863 tias
421 2823 624 2881 agens,
659 2807 733 2864 ad
793 2809 978 2865 Deum
1030 2809 1318 2882 migravit.

833 2987 1076 3044 EODEM
1121 2987 1374 3044 MENSE.

770 3094 878 3152 Die
933 3094 1215 3151 vicesima
1265 3109 1426 3152 nona

263 3202 418 3258 142
482 3203 792 3277 Translatio
847 3202 1216 3277 reliquiarum
1265 3207 1602 3277 sarrosancti
1656 3207 1921 3277 martyris

610 3275 818 3345 Ignatii
841 3275 1179 3345 patriarchae
1212 3276 1573 3332 Antiocheni.

334 3380 547 3435 Beatus
568 3381 830 3455 lgnatius
854 3382 1218 3453 theOphorus
1239 3399 1273 3437 a
1294 3383 1544 3453 Trajano
1561 3383 1919 3455 imperatore

261 3471 576 3526 Antiochia
615 3473 859 3527 Romam
905 3473 1124 3527 missus
1169 3478 1412 3546 propter
1440 3473 1654 3529 Christi
1687 3473 1917 3530 confes-

259 3561 512 3623 sionem,
543 3578 677 3626 cum
710 3562 915 3618 bestiis
943 3564 1242 3638 pugnavit,
1277 3581 1311 3619 a
1357 3565 1655 3630 leonibus,
1707 3569 1920 3620 senatu

259 3650 534 3706 universo
569 3653 631 3706 in
656 3653 886 3708 theatro
918 3654 1281 3708 consistente
1305 3659 1362 3708 et
1383 3659 1709 3725 spectante,
1735 3654 1919 3710 ευπο-

259 3744 459 3794 catus:
487 3739 546 3794 id
581 3741 740 3812 quod
773 3747 1011 3796 sanctus
1042 3741 1319 3812 precibus
1351 3758 1385 3796 a
1415 3743 1532 3796 Deo
1565 3743 1918 3814 impetrave-

257 3832 391 3881 rat:
425 3827 662 3882 dicebat
700 3828 852 3882 enim
892 3845 904 3882 :
961 3829 1083 3884 Etsi
1142 3835 1442 3900 oporteret
1491 3846 1585 3884 me
1645 3846 1679 3885 θ,
1711 3829 1916 3884 bestiis

265 3916 562 3980 consumi,
612 3932 733 3970 non
767 3923 965 3971 tamen
1001 3917 1299 3972 Christum
1331 3934 1531 3973 meum
1564 3918 1912 3991 abnegabo;

259 4003 358 4058 sed
395 4004 567 4075 cupio
590 4004 872 4060 dentibus
899 4005 1224 4060 bestiarum
1251 4006 1412 4073 moli,
1441 4013 1506 4060 ut
1526 4007 1782 4062 mundus
1813 4025 1913 4079 pa-

256 4093 352 4148 nis
385 4093 502 4147 Deo
539 4109 667 4148 meo
690 4095 976 4150 inveniar.
1003 4096 1147 4150 Cum
1178 4095 1663 4168 igiturimmissis
1685 4096 1745 4152 in
1777 4113 1914 4153 eum

255 4181 530 4236 leonibus
563 4185 884 4239 suffocatus
917 4190 1026 4249 est,
1061 4185 1228 4240 elatas
1260 4202 1295 4240 a
1325 4185 1674 4240 Christianis
1724 4186 1912 4256 ipsius

256 4271 548 4342 reliquiae,
574 4279 784 4328 etcum
810 4291 1028 4346 pompa
1049 4281 1226 4347 atque
1249 4275 1478 4330 honore
1504 4276 1688 4331 Roma
1705 4275 1910 4330 Antio-

259 4361 453 4416 chiam
492 4362 812 4424 translatas.
837 4369 959 4418 tota
981 4363 1127 4419 urbe
1158 4362 1387 4418 obviam
1421 4363 1753 4435 prodeunte
1776 4380 1909 4419 cum

256 4449 464 4516 cereis,
497 4451 768 4521 psalmis,
804 4452 1066 4524 hymnis,
1101 4458 1158 4506 et
1187 4452 1434 4507 canticis
1459 4451 1907 4523 spiritualibus;

257 4536 320 4592 in
376 4538 580 4595 eadem
640 4541 785 4596 urbe
835 4541 1162 4598 honorifico
1209 4548 1268 4597 et
1314 4541 1907 4613 magniﬁcentissimo

2040 1981 2129 2036 καὶ
2177 1980 2548 2057 πληρώσασαν
2593 1988 2764 2038 πᾶσαν
2821 1983 2922 2051 τήν
2981 1990 3109 2058 γῆν,
3172 1984 3272 2040 Καὶ
3332 1987 3578 2062 ἤρχοντο
3635 1989 3702 2042 τά

2039 2073 2257 2146 πετεινᾶ
2309 2076 2407 2126 τοῦ
2463 2073 2721 2147 οὐρανοῦ,
2780 2073 2871 2127 καὶ
2925 2070 3168 2148 ἔτρωγον
3225 2073 3282 2128 ἐκ
3333 2081 3430 2130 τοῦ
3487 2081 3702 2151 καρποῦ

2039 2161 2226 2229 αὐτῆς.
2257 2162 2320 2218 Ἣ
2372 2159 2429 2216 δὲ
2487 2161 2733 2234 ἄμπελος
2790 2159 2994 2233 ἐδήλου
3050 2165 3152 2232 τὴν
3188 2163 3496 2236 μέλλουσαν
3531 2162 3702 2237 δοθή-

2038 2260 2222 2313 σεσθαι
2273 2254 2474 2323 γνῶσιν
2538 2249 2706 2323 αὐτῷ.
2769 2251 2862 2304 Καὶ
2924 2255 3182 2306 τοσοῦτον
3216 2253 3433 2326 γέγονεν
3469 2252 3546 2314 εἶς
3577 2251 3701 2326 ἀρε-

2037 2339 2136 2407 τὴν
2192 2334 2535 2412 περιὸόντος,
2591 2338 2666 2403 ὠς
2721 2337 2971 2402 πολλοὺς
3027 2340 3331 2419 ὠφελῆσαι.
3389 2341 3598 2398 Ἐλθὼν
3647 2341 3705 2397 δὲ

2037 2428 2127 2482 καὶ
2183 2432 2318 2504 πρὸς
2370 2429 2462 2484 τὸν
2521 2431 2688 2504 μεγαν
2747 2430 3025 2484 Βασίλειον
3089 2429 3140 2484 ἐν
3199 2431 3515 2503 Καισαρείᾳ,
3559 2431 3704 2507 ἐχει-

2039 2520 2308 2592 ροτονήθη
2365 2518 2455 2572 ὑπ’
2539 2517 2746 2573 ἐκείνου
2829 2514 3218 2594 πρεσϐύτερος.
3289 2520 3389 2576 Καὶ
3461 2517 3573 2593 ἅμα
3621 2525 3702 2593 τῷ

2037 2610 2524 2684 χειροτονηθῆναι,
2580 2607 2847 2680 ἐλάλησεν
2913 2609 3223 2680 ἑλληνιστὶ,
3278 2611 3545 2684 πρότερον
3609 2634 3700 2666 συ-

2037 2697 2179 2770 ριστὶ
2240 2695 2450 2754 λαλῶν.
2505 2700 2734 2754 Ἔπειτα
2792 2698 3105 2772 συγγράψας
3167 2693 3394 2774 βίϐλους
3435 2703 3698 2778 ψυχωφε-

2035 2783 2173 2849 λεῖς,
2227 2787 2314 2840 καὶ
2369 2785 2618 2848 πολλοὺς
2681 2783 2895 2860 διδάξας
2935 2787 3026 2842 καὶ
3084 2787 3395 2864 ὠφελήσας,
3438 2789 3490 2844 ἐν
3538 2791 3703 2866 βαθυ-

2031 2875 2180 2947 τάτῳ
2210 2877 2358 2950 γήρᾳ
2388 2876 2732 2951 εὐχαριστῶν
2765 2877 2904 2953 πρὸς
2933 2877 3062 2932 Θεὸν
3099 2875 3449 2950 ἐξεδήμησεν.

2571 2985 2757 3042 ΜυΝΙ
2813 2989 2898 3039 ΤΩ
2954 2986 3159 3042 ΑΥΤΩ.

2796 3091 2904 3149 ΚΘ’

2029 3181 2091 3253 ἸΙ
2124 3193 2431 3276 ἀνακομιὲδή
2479 3200 2576 3276 τοὺ
2635 3193 2894 3276 λειψάνου
2947 3200 3053 3276 τοῖ’)-
3097 3193 3687 3276 ἁγίουίερομάρτυρος

2357 3268 2618 3343 ἰγνατίου
2639 3268 2987 3344 πατριάρχου
3012 3268 3374 3345 ’Λντὲοχείας.

2103 3356 2164 3415 Ὀ
2198 3358 2476 3430 Μακάριος
2533 3357 2798 3432 Ἰγνάτιος
2855 3359 2883 3412 ὁ
2941 3357 3215 3437 Θεοφόρος
3273 3359 3374 3414 ὑπὸ
3422 3363 3690 3426 Τραϊανοῦ

2029 3449 2126 3501 τοῦ
2189 3445 2483 3521 βασιλέως,
2549 3447 2656 3502 ἀπὸ
2723 3446 3066 3522 ’Δντιοχείας
3121 3449 3257 3523 πρὸς
3311 3449 3408 3516 τήν
3471 3448 3693 3520 Ῥώμην

2029 3537 2322 3613 πεμφθεῖς,
2377 3538 2476 3605 τῆς
2531 3535 2607 3598 εἰς
2665 3536 2895 3610 Χριστὸν
2950 3532 3102 3592 ἓνεκα
3182 3537 3499 3611 μαρτυρίας,
3560 3537 3688 3608 ἐθη-

2031 3627 2398 3702 ριομάχησεν,
2461 3625 2563 3680 ὑπὸ
2623 3624 2858 3682 λεόντων
2913 3627 3253 3701 ἀποπνιγεὶς,
3301 3633 3402 3694 τῆς
3442 3624 3694 3702 συγκλή-

2025 3735 2125 3769 του
2156 3715 2332 3786 πάσης
2393 3714 2635 3786 ἒστώσης
2695 3715 2746 3770 ἐν
2795 3714 2874 3788 τῷ
2927 3718 3158 3788 θεάτρῳ,
3214 3715 3303 3770 καὶ
3350 3715 3690 3791 βλεποῦσηςο

2027 3801 2161 3879 ὅπερ
2207 3804 2275 3871 ἦν
2323 3801 2412 3858 διά
2466 3807 2783 3880 προσευχῆς
2837 3809 2919 3877 τῷ
2970 3805 3128 3879 άγίῳ.
3187 3803 3387 3878 Ἔλεγε
3438 3806 3565 3879 γάρ,
3609 3805 3696 3861 δτι

2028 3890 2132 3946 Κᾶν
2190 3889 2283 3966 δέῃ
2347 3913 2416 3964 με
2477 3893 2581 3948 ὑπὸ
2648 3894 2855 3964 θηρίων
2932 3892 3299 3964 ἀναλωθῆναι,
3362 3893 3464 3951 οὐκ
3521 3893 3690 3964 ἀρνή-

2027 4001 2193 4054 σομαι
2223 3982 2314 4036 τὸν
2343 3984 2569 4056 Χριστὸν
2634 4003 2766 4054 μου,
2814 3979 2943 4037 ἀλλ’
2996 3981 3248 4054 ἐπιθυμῶ
3303 3982 3406 4037 ὑπὸ
3451 3980 3684 4037 ὀδόντων

2022 4074 2130 4125 τῶν
2164 4071 2372 4143 θηρίων
2402 4069 2688 4140 ἀλεθῆναι,
2718 4072 2806 4126 ἳνα
2837 4073 3071 4146 καθαρὸς
3104 4069 3264 4146 ἄρτος
3291 4076 3440 4147 φανῶ
3464 4076 3544 4144 τῷ
3571 4076 3688 4144 Θεῷ

2027 4181 2154 4232 μου.
2213 4162 2342 4216 ’Ότι
2399 4157 2458 4215 δέ
2515 4159 2863 4231 ἀπελύθησαν
2908 4159 2993 4216 ἐπ’
3043 4161 3201 4216 αὑτὸν
3231 4161 3283 4216 οἱ
3335 4160 3552 4225 λέοντες
3597 4160 3689 4215 καὶ

2022 4249 2314 4323 ἀπέπνιξαν
2379 4250 2566 4318 αὑτὸν,
2633 4253 2777 4326 ἤρθη
2866 4251 2928 4306 τὸ
2997 4250 3252 4324 λείψανον
3313 4249 3477 4306 αὑτοῦ
3542 4252 3692 4327 παρὰ

2019 4342 2126 4393 τῶν
2185 4341 2548 4410 Χριστιανῶν·
2605 4342 2695 4394 καὶ
2747 4339 2883 4414 μετὰ
2929 4346 3098 4414 τιμῆς
3152 4341 3258 4395 ἀπὸ
3306 4347 3406 4410 τῆς
3456 4341 3690 4412 Ῥώμης

2021 4427 2354 4500 ἀνεκομίσθη
2414 4428 2489 4492 εἷς
2563 4431 2928 4504 Ἀντιόχειαν,
3004 4436 3105 4499 τῆς
3191 4429 3408 4493 πόλεως
3470 4429 3683 4500 ἁπάσης

2019 4517 2407 4586 ὑπαντησάσης
2457 4519 2592 4589 μετά
2636 4523 2822 4592 κηρῶν
2890 4517 2981 4572 καὶ
3033 4520 3414 4591 Θυμιαμάτων·
3479 4519 3566 4573 καὶ
3628 4518 3680 4573 ἐν

255 4626 529 4695 sepulcro
587 4628 842 4685 conditas
896 4629 1063 4687 fuere
1116 4629 1178 4686 in
1238 4602 1507 4701 eiusdsm
1570 4629 1817 4687 tutelam
1849 4636 1910 4688 et

2035 4602 2259 4676 pellaei;
2303 4603 2394 4657 καὶ
2443 4605 2634 4677 ὕμνοις
2695 4605 2783 4660 καὶ
2835 4602 3002 4678 ᾠδαῖς
3054 4611 3448 4678 πνευματικαῖς
3513 4627 3682 4662 κατα-

254 4714 620 4785 prwsidium.

902 4892 1124 4949 Eodem
1156 4892 1253 4950 die

249 5000 403 5056 143
430 5000 717 5056 Certamen
735 5007 1050 5056 sanctorum
1088 5008 1399 5072 martyrum
1429 5001 1670 5059 Sarbelli
1719 5018 1898 5058 sacer-

609 5072 776 5138 dotis,
808 5079 859 5129 et
886 5074 1107 5130 Balnea?
1154 5075 1359 5130 sororis
1404 5074 1542 5144 ejus.

323 5189 424 5244 Isti
458 5189 709 5260 Trajano
743 5189 1102 5262 imperatore
1161 5189 1528 5246 claruerunt.
1561 5191 1632 5246 Et
1661 5196 1903 5246 sanctus

249 5279 493 5350 quidem
525 5278 802 5334 Sarbelus
833 5279 1111 5334 sacerdos
1137 5278 1433 5335 idolorum
1455 5286 1615 5334 erat:
1646 5295 1903 5351 cumque

247 5369 435 5425 festus
467 5368 594 5424 dies
626 5368 938 5424 daemoniis
993 5375 1290 5442 ageretur,
1341 5369 1605 5441 impuras
1635 5369 1902 5425 victimas

247 5457 321 5512 de
353 5475 516 5512 more
547 5457 917 5530 perﬁciebat.
981 5457 1093 5512 Sed
1149 5457 1494 5530 obiurgatus
1522 5475 1558 5513 a
1585 5457 1901 5514 Barsimaao

246 5547 481 5603 Edessaa
508 5549 809 5621 episcopo,
831 5549 1184 5622 probrisque
1203 5548 1713 5620 lacessitus,quod
1741 5551 1899 5606 mul-

252 5644 443 5694 torum
477 5647 635 5697 esset
662 5648 868 5697 auctor
898 5642 1250 5715 perditionis
1283 5648 1340 5698 et
1362 5642 1670 5707 interitus;
1703 5641 1901 5698 divino

248 5726 544 5785 beneﬁcio
575 5733 921 5801 poenitentia
941 5733 1176 5803 ductus,
1195 5733 1464 5790 adhibita
1487 5732 1750 5806 episcopi
1782 5751 1902 5792 ver-

2014 4692 2238 4764 θεμένης
2270 4689 2321 4748 ἐν
2372 4691 2511 4768 αὑτῇ
2559 4699 2628 4770 τῇ
2680 4691 2863 4764 πόλει,
2920 4693 3155 4768 ἐντίμως
3204 4695 3291 4749 καὶ
3339 4694 3686 4772 μεγαλοπρε·

2011 4785 2131 4844 πῶς
2163 4780 2238 4844 είς
2269 4781 2642 4860 φυλακτήριον
2670 4785 2841 4854 αὐτῆς
2874 4785 2964 4839 καὶ
2994 4785 3312 4862 ἀσφάλειαν.

2583 4905 2669 4976 Τῇ
2711 4904 2850 4977 αὖτῇ
2895 4903 3096 4978 tripa-

2018 5007 2294 5080 ’Ἂθλησις
2320 5012 2428 5065 τῶν
2463 5010 2647 5086 ἁγίων-
2665 5011 2953 5086 μαρτύρων
2989 5005 3292 5086 Σαρξήλου
3330 5011 3545 5086 ἱερέως,
3573 5009 3670 5066 καὶ

2398 5078 2780 5160 τῆςάδελήφῆς
2811 5078 2980 5139 αὑτοῦ
3023 5078 3279 5146 Βαϐαίας.

2082 5198 2250 5257 Οὗτοι
2305 5198 2558 5274 ὑπῆρχον
2615 5198 2704 5254 ἐπὶ
2752 5201 3026 5274 Τραϊανοῦ
3080 5203 3188 5258 τοῦ
3249 5196 3544 5274 βασιλέως·
3599 5196 3670 5266 ἦν

2011 5284 2068 5342 δὶ
2102 5286 2131 5342 ὀ
2158 5288 2311 5362 ἅγιος
2342 5283 2633 5360 Σάρϐηλος
2664 5287 2840 5363 ἱερεὺς
2891 5293 3000 5343 τῶν
3052 5286 3323 5342 ετόώλων.
3355 5287 3585 5359 Ἐορτῆς
3621 5283 3679 5341 δὲ

2010 5377 2289 5451 ἆγομένης
2336 5382 2454 5438 τοῖς
2505 5374 2782 5448 δαίμοσιν,
2840 5377 3004 5440 αὐτὸς
3052 5375 3188 5433 κατά
3241 5376 3304 5430 τὸ
3344 5373 3466 5438 ἔθος
3501 5375 3679 5429 ἐπετές

2011 5462 2097 5520 λει
2139 5466 2234 5529 τὰς
2284 5466 2481 5540 μιαράς
2528 5466 2735 5530 θυσίας.
2791 5465 3115 5542 Ἐλεγχθεὶς
3174 5462 3230 5520 δὲ
3279 5466 3426 5538 παρα
3492 5471 3680 5538 Βαρσι-

2012 5553 2176 5628 μαίου
2229 5559 2326 5609 τοῦ
2374 5553 2676 5611 ἐπισκόπου
2724 5553 3002 5625 Ἐδέσσης,
3052 5555 3140 5609 καὶ
3198 5551 3538 5621 ὀνειδισθεὶς,
3591 5553 3668 5615 ὡς

2007 5644 2297 5719 γινόμενος
2338 5650 2455 5706 τοῖς
2499 5644 2736 5706 πολλοῖς
2785 5645 2961 5706 αἶ’τιος
3029 5643 3328 5709 ἀπωλείας,
3383 5642 3674 5715 μετενόησε

2008 5737 2078 5807 τῇ
2111 5738 2209 5790 τοῦ
2237 5738 2372 5791 θεοῦ
2422 5736 2635 5810 χάριτι.
2689 5735 2786 5791 Καὶ
2827 5740 2946 5797 τοῖς
2996 5734 3188 5810 λόγοις
3232 5737 3331 5789 τοῦ
3369 5731 3672 5788 ἐπισκόπου
