4132 6424
271 346 386 407 285
419 387 422 389 λ

1746 339 2209 404 JANUARIUS.

3579 348 3697 408 286

261 477 476 547 πισθείς
543 478 831 556 προσῖλθε
912 483 982 554 τῇ
1055 483 1152 534 τοῦ
1232 481 1468 553 Χριστοῦ
1512 477 1723 546 ’πίστει,
1789 474 1919 548 μετᾶ

2037 478 2128 534 bis
2159 479 2298 549 ﬁde,
2325 481 2721 538 Christianam
2753 482 3106 556 religionem
3146 483 3530 555 amplectitur
3574 500 3695 541 una

262 580 363 642 τῆς
423 567 563 632 ἰδίας
616 566 862 646 ἀδελφῆς
929 563 1188 631 Βαϐαίας’
1249 570 1337 624 καὶ
1402 568 1760 639 βαπτίζονται
1824 564 1927 619 ὑπὸ

263 667 359 718 τοῦ
382 661 708 716 ἐπισκόπου.
739 658 890 715 Ἰδὼν
938 657 994 714 δὲ
1049 664 1218 714 ταῦτα
1278 659 1306 713 ὁ
1360 657 1581 726 Λυσίας,
1641 655 1926 730 ἐκράτησιν

266 749 574 818 αὖτὸν,καὶ
624 746 830 824 ἤρξατο
886 754 1172 822 τιμωρεῖν.
1234 749 1339 804 Καὶ
1392 753 1609 822 πρῶτον
1668 746 1763 819 μὲν
1791 745 1930 800 τόπ-

271 864 420 899 τεται
480 840 613 913 μετᾶ
699 836 938 916 ῥαϐδίων
973 859 987 872 θ
1048 837 1235 893 ἔπειτα
1294 837 1604 907 σπαθίζεται
1642 881 1656 907 ,
1716 835 1806 890 καὶ
1864 832 1927 889 τὸ

276 931 564 1005 πρόσωπον
596 930 792 1001 ξέεται,
846 928 936 983 καὶ
996 926 1128 1003 πυρί
1178 927 1592 1005 καταφλέγεται.
1646 928 1778 979 Εἶτα
1810 922 1928 978 ἐνε-

285 1017 461 1091 ϐλήθη
523 1021 598 1084 είς
647 1018 744 1074 δύο
804 1017 937 1090 ξΰλα
983 1017 1169 1092 μέσον,
1215 1017 1304 1073 καὶ
1355 1015 1602 1088 ἐπρίζετο
1661 1013 1765 1068 ὑπὸ
1817 1016 1924 1067 τῶν

287 1109 486 1183 δημίων
521 1131 535 1145 ο
589 1110 681 1164 καὶ
759 1107 920 1170 τέλος
980 1106 1404 1185 ἀπεχειραλίσθη.
1451 1105 1694 1178 Ὁμοίως
1744 1102 1835 1157 καὶ
1889 1102 1924 1170 ἠ

282 1197 477 1275 ἀδελφὴ
511 1197 678 1253 αὐτοῦ
707 1194 940 1251 πλεῖστα
994 1195 1260 1271 πρότερον
1322 1195 1727 1270 βασανισθεῖσα,
1771 1189 1926 1245 ὕστε-

272 1308 364 1363 ρον
390 1283 826 1364 ἀπικεφαλίσθη.

859 1386 937 1458 τῇ
971 1381 1112 1457 αὖτῇ
1143 1381 1327 1457 ἡμέρᾳ

262 1498 534 1568 Ἀθλησις
576 1502 674 1554 τοῦ
729 1497 891 1587 ἁγίου
937 1499 1355 1586 ἱξρομᾴρτυροςκ
1393 1494 1719 1550 Ἱππολύτου
1749 1492 1921 1559 πάπα,

803 1591 894 1625 και
920 1591 1028 1624 των
1075 1590 1168 1624 συν
1221 1589 1388 1640 αυτῳ.

330 1688 394 1744 Ἦ
474 1687 595 1762 ἱερᾶ
651 1683 870 1741 συνοδία
949 1689 1048 1740 τοῦ
1122 1683 1534 1761 Ἰερομάρτυρος
1592 1677 1923 1738 Ἱππολύτου

265 1778 520 1852 ὑπῆρχεν
578 1776 666 1830 ἐπὶ
717 1782 815 1846 τῆς
876 1771 1155 1851 βασιλείας
1211 1769 1505 1842 Κλαυδίου,
1555 1769 1918 1846 ἡγεμονεύον-

2035 586 2171 625 cum
2203 587 2403 625 sorore
2432 571 2661 638 Babaaa,
2694 578 2752 626 et
2796 572 2868 626 ab
2927 571 3138 626 eodem
3183 572 3462 642 episcopo
3494 572 3688 644 bapti-

2036 665 2260 715 zantur.
2294 660 2457 726 Quod
2490 661 2590 716 ubi
2625 663 2823 733 Lysias
2867 662 3126 728 rescivit,
3185 663 3688 731 comprehensum

2039 765 2172 805 eum
2204 756 2482 822 torquere
2523 751 2729 823 cmpit:
2791 757 2848 806 et
2903 753 3164 822 primum
3215 752 3458 822 quidem
3517 754 3693 826 virgis

2037 840 2182 896 cmdi
2215 841 2560 912 imperavit:
2595 841 2812 896 deinde
2863 842 3096 913 scalpro
3152 841 3388 908 laniari,
3423 842 3484 896 in
3544 843 3693 898 facie

2037 931 2468 994 excarniﬁcari,
2501 931 2636 1004 igne
2667 931 2934 987 comburi
2961 949 2974 997 ;
3009 931 3358 1002 duobusque
3393 931 3571 1004 lignis
3597 933 3690 987 in-

2036 1020 2290 1088 clusum,
2323 1037 2357 1077 a
2387 1020 2695 1076 lictoribus
2734 1015 3000 1077 medium
3059 1022 3247 1077 secari
3275 1039 3288 1076 :
3322 1021 3562 1078 demum
3595 1039 3692 1080 ca-

2034 1110 2156 1183 pite
2188 1111 2386 1181 plecti.
2422 1111 2711 1166 Similiter
2739 1117 2793 1167 et
2845 1128 3014 1166 soror
3061 1112 3213 1182 ejus.
3246 1111 3454 1169 multis
3512 1117 3690 1169 antea

2033 1199 2346 1256 tormentis
2379 1199 2735 1266 excruciata,
2768 1200 3010 1256 tandem
3041 1200 3334 1257 decollata
3365 1200 3494 1258 fuit.

2679 1379 2902 1436 Eodem
2934 1379 3031 1436 die

2032 1499 2070 1553 1
2087 1497 2188 1553 44
2223 1496 2509 1554 Certamen
2537 1497 2876 1554 sacrosancti
2902 1499 3166 1567 martyris
3193 1497 3485 1571 Hippolyti
3497 1515 3683 1571 papaz,

2598 1577 2650 1625 et
2676 1573 2944 1626 sociorum
2965 1571 3107 1640 ejus.

2102 1687 2277 1742 Sacer
2299 1687 2597 1760 Hippolyti
2627 1687 3047 1759 sacromatyris
3072 1691 3257 1743 ccetus
3278 1687 3494 1743 claruit
3515 1687 3682 1744 Clau-

2029 1774 2127 1831 dio
2159 1776 2539 1847 imperatore,
2571 1782 2631 1832 et
2664 1777 2890 1831 Vicario
2933 1775 3232 1847 praafecto.
3287 1778 3434 1833 Cum
3485 1782 3683 1833 autem

249 1885 352 1926 τος
389 1838 680 1937 ’Βῖκαρίοω
743 1862 845 1919 Καὶ
938 1862 1036 1934 μὲν
1097 1865 1437 1934 Κενσωρῖνος
1496 1838 1792 1934 μάγιστρος
1823 1853 1919 1928 ὤν,

2032 1865 2345 1922 Censorius
2381 1866 2639 1922 militum
2698 1867 2982 1939 magister
3011 1871 3188 1934 esset,
3222 1871 3281 1920 et
3336 1866 3680 1938 imperatori

250 1953 350 2010 καί
384 1958 463 2026 τῷ
489 1953 708 2028 βασιλεῖ
762 1952 1149 2027 ἀγαπώμενος,
1210 1949 1364 2023 ὅμως
1425 1943 1638 2003 ἐσέϐετο
1668 1947 1759 2002 τὸν
1790 1965 1922 2023 Χρι-

256 2044 410 2117 στὸν,
437 2043 530 2097 καὶ
586 2041 718 2104 τοὺς
764 2040 1124 2116 Χριστιανοὺς
1181 2037 1425 2110 ἐξεδίκει·
1483 2036 1628 2092 ἀλλᾶ
1659 2034 1920 2110 λοιδορη-

256 2134 376 2201 θεὶς
435 2131 767 2203 ἀπεκλείσθη
829 2131 881 2188 ἐν
940 2135 1010 2206 τῇ
1071 2130 1315 2204 ἧυλακῖγ
1392 2126 1517 2194 ἔνθα
1579 2130 1920 2204 θαυματουρ-

258 2228 459 2301 γτςσας,
515 2223 854 2298 καῖ’νεκρὸν
925 2221 1252 2292 ἀναστήσας,
1312 2219 1490 2275 ἔπεισε
1538 2219 1742 2280 πάντας
1794 2217 1922 2280 τοὺς

253 2316 598 2392 στρατιώτας
651 2317 932 2368 πιστεῦσαι
986 2316 1065 2384 τῷ
1120 2315 1360 2385 Χριστῷ.
1422 2310 1633 2372 Οἲτινες
1687 2307 1921 2383 προστάς

254 2408 333 2480 ξει
384 2409 483 2460 τοῦ
532 2403 801 2479 τυράννου
860 2402 1397 2477 ἀπεκεφκλίσθησαν’
1449 2400 1539 2455 καὶ
1598 2399 1691 2455 σὺν
1741 2399 1924 2463 αὐτοῖς

256 2498 295 2568 ἦ
325 2496 568 2572 μακαρία
609 2495 822 2571 Χρυσῆ,
853 2494 942 2548 καὶ
1003 2494 1031 2549 ὁ
1082 2493 1285 2564 ταύτης
1338 2492 1607 2567 ὑπουργὸς
1665 2487 1920 2554 Σαϐῖνος.

261 2590 442 2645 Ταῦτα
507 2586 691 2657 μαθὼν
728 2585 756 2639 ὁ
815 2585 997 2647 πάπας
1045 2583 1396 2655 Ἱππόλυτος,
1444 2585 1535 2638 καὶ
1587 2582 1742 2656 ζήλῳ
1797 2582 1924 2656 θείῳ

258 2678 528 2747 κινηθεὶς,
558 2674 696 2745 ἦλθε
744 2675 880 2729 κατὰ
925 2673 1244 2748 πρόσωπον,
1290 2673 1379 2728 καὶ
1433 2670 1627 2749 ἣλεγζε
1682 2674 1774 2728 τὸν
1829 2673 1922 2728 τό·

267 2787 480 2842 ραννον.
527 2767 588 2824 ⁸0
647 2762 707 2820 δὲ
766 2764 1059 2839 ὑπερζέσας
1109 2767 1189 2835 τῷ
1242 2764 1440 2836 θυμῷ,
1500 2761 1763 2838 πρότερον
1825 2763 1922 2836 μὲν

264 2855 512 2933 ἰσχυρῶς
543 2855 704 2910 αὐτὸν
734 2851 1075 2925 ἐϐασάοισεν,
1126 2853 1260 2927 μετᾶ
1312 2858 1420 2909 τῶν
1476 2851 1923 2909 ἀκολουθουντων

264 2947 416 3019 αὖτῷ
472 2940 876 3021 πρεσϐυτέρων,
927 2942 1016 3000 καί
1075 2941 1361 3010 διακόνων,
1409 2943 1500 2998 καὶ
1547 2948 1644 2998 τοῦ
1701 2942 1920 2999 ἐπισκό-

271 3055 405 3091 που.
435 3036 659 3089 Ἔπειτα
687 3033 854 3106 δήσας
913 3033 1090 3089 αὐτῶν
1117 3035 1212 3096 τὰς
1266 3038 1457 3110 χεῖρας
1512 3032 1604 3088 καὶ
1655 3032 1782 3096 τοὺς
1814 3034 1918 3088 πό-

275 3138 373 3203 δας
406 3141 480 3203 εἰς
512 3141 695 3206 λίθους
727 3142 928 3218 βαρεῖς,
984 3145 1065 3214 τῷ
1121 3141 1271 3216 βυθῷ
1315 3147 1415 3211 τῆς
1464 3138 1741 3212 θαλάσσης
1773 3139 1920 3217 ἐνέρ-

266 3233 415 3311 ῥιψε·
449 3233 536 3289 καὶ
569 3234 736 3298 οὕτως
785 3233 1208 3304 ἐτελειώθησαν,

826 3361 1008 3418 MHNI
1037 3365 1122 3417 ΤΩ
1163 3360 1358 3418 ΔΥΤΩ.

1063 3460 1120 3516 Α.

256 3557 531 3635 Ἀβλησις
616 3564 714 3616 τοῦ
787 3559 943 3635 ᾀγίου

329 3631 633 3706 ἐπισκόπου
716 3630 843 3686 του
913 3630 1268 3706 βαπτίσαντος

333 3699 535 3774 ϐηλον.

336 3821 400 3879 '0
456 3820 608 3894 ἅγιος
664 3821 994 3895 ἱερομάρτυς
1040 3821 1428 3893 Βαρσιμαῖος,-
1461 3820 1538 3880 ὠς
1578 3819 1922 3898 προεγράφη,

260 3907 558 3971 ἐπίσκοπος
586 3911 654 3978 ἦν
682 3917 781 3978 τῆς
814 3909 867 3963 ἐν
918 3907 1142 3980 Ἐδὲσσῃ
1190 3907 1507 3979 ἐκκλησίας,
1532 3905 1798 3963 διδάσκων
1830 3909 1921 3963 τὸν

263 3995 398 4053 λαὸν
429 4003 540 4052 τῶν
593 3996 902 4068 Ἑλλήνων,
952 3998 1042 4052 καὶ
1092 3997 1427 4076 ἐπιστρέφων
1487 3998 1594 4052 ἀπὸ
1649 4005 1749 4067 τῆς
1780 3999 1921 4052 πλά-

256 4108 360 4158 νης
414 4092 524 4143 τῶν
584 4085 856 4156 εἰδώλων,
908 4087 996 4142 καὶ
1054 4086 1331 4162 βαπτίζων
1379 4086 1456 4143 εἷς
1504 4086 1568 4142 τὸ
1597 4087 1771 4158 ’ὄνομα
1825 4091 1923 4142 τοῦ

252 4177 492 4251 Πατρὸς,
562 4177 654 4231 καὶ
706 4178 806 4231 τοῦ
858 4177 1010 4244 Υἳοῦ,
1071 4175 1161 4230 καὶ
1207 4179 1306 4231 τοῦ
1363 4175 1523 4251 ἁγίου
1581 4176 1919 4249 Πνεύματος.

254 4268 534 4328 Βαπτίσας
568 4263 625 4321 δὲ
662 4263 937 4332 πολλοὺς,
969 4262 1076 4320 εἶδε
1135 4266 1222 4320 καὶ
1285 4261 1580 4340 Σάρϐηλον
1634 4265 1724 4320 τὸν
1776 4266 1921 4341 ἱερέα

252 4362 365 4414 τῶν
400 4354 650 4412 εἰδώλων
670 4354 864 4410 θύοντα
890 4360 1008 4417 τοῖς
1050 4352 1330 4426 εἰδώλοις,
1388 4355 1478 4410 καὶ
1533 4351 1798 4425 ὠνείδισε,
1829 4356 1918 4410 καὶ

254 4446 561 4519 ἰπὲπληξεν
595 4443 780 4514 αὐτὸν,
820 4444 1013 4515 ὲῖπὼν,
1073 4443 1158 4499 ὅτι
1217 4443 1294 4500 Συ
1358 4445 1526 4518 μόνος
1580 4441 1920 4521 διαστρέφεις

1040 3577 1312 3633 μαρτυρος
1407 3558 1747 3633 Βαρσιμαίου
1831 3560 1927 3633 τοῦ

1069 3629 1268 3692 iam;
1369 3629 1497 3684 τὸν’
1543 3631 1694 3703 ἅγιον
1784 3629 1928 3703 Σάρ-

2030 1956 2266 2023 charus,
2312 1956 2610 2012 Christum
2672 1955 2852 2011 simul
2900 1955 3150 2021 colebat,
3205 1959 3264 2010 et
3317 1955 3686 2010 Christianos

2029 2044 2383 2100 vindicabat.
2407 2046 2598 2111 Quare
2629 2049 2960 2111 accusatus,
2995 2044 3055 2098 in
3084 2056 3384 2099 carcerem
3413 2041 3682 2098 detrudi-

2031 2140 2160 2190 tur:
2189 2135 2288 2190 ubi
2321 2135 2606 2209 prodigiis
2637 2141 2696 2190 et
2723 2135 2925 2205 signis.
2962 2134 3258 2206 praecipue
3290 2138 3486 2188 autem
3521 2150 3682 2188 mor-

2031 2233 2131 2283 tuo
2154 2228 2228 2283 ad
2261 2228 2434 2282 vitam
2471 2232 2760 2290 revocato,
2821 2226 3043 2281 milites
3101 2241 3311 2281 omnes
3359 2225 3432 2280 ad
3462 2226 3680 2281 Christi

2031 2317 2208 2372 fidem
2241 2316 2547 2388 pertraxit.
2572 2317 2673 2387 qui
2705 2315 2941 2388 tyranni
2982 2314 3157 2386 jussu
3215 2313 3491 2369 decollati
3527 2319 3686 2380 sunt,

2029 2404 2091 2460 in
2123 2405 2339 2475 quibus
2373 2405 2484 2459 fuit
2525 2403 2703 2459 beata
2733 2404 2973 2474 Chryse.
3009 2403 3258 2473 ejusque
3291 2418 3493 2456 servus
3519 2401 3687 2456 Sabi-

2030 2512 2162 2551 nus.
2198 2494 2263 2550 Id
2294 2495 2393 2550 ubi
2427 2494 2664 2550 rescivit
2705 2493 3058 2565 Hippolytus
3100 2509 3274 2564 papa,
3333 2492 3532 2546 divino
3561 2492 3683 2548 zelo

2028 2587 2310 2642 incensus
2335 2591 2654 2657 tyrannum
2678 2584 2844 2651 adiit,
2866 2590 2924 2638 et
2952 2584 3242 2639 acerrime
3263 2583 3683 2654 reprehendit:

2029 2675 2130 2744 qui
2163 2675 2254 2730 ira
2273 2674 2730 2738 excandescens,
2756 2673 3017 2744 primum
3041 2672 3283 2744 quidem
3301 2672 3687 2728 acerbissime

2029 2764 2410 2836 Hippolytum
2446 2763 2707 2835 torqueri
2732 2763 2937 2834 jussit,
2969 2762 3219 2833 ejusque
3251 2761 3504 2817 comites
3524 2778 3684 2832 prm-

2028 2854 2320 2926 sbyteros,
2361 2853 2670 2921 diaconos,
2725 2857 2784 2907 et
2831 2852 3216 2923 episcopum:
3277 2851 3496 2906 deinde
3552 2850 3687 2906 alli-

2028 2944 2178 3018 gatis
2235 2943 2310 2999 ad
2368 2959 2583 2998 manus
2639 2941 2941 3014 pedesque
2997 2940 3366 3013 gravissimis
3415 2939 3592 3008 saxis,
3624 2939 3687 2994 in

2027 3033 2388 3107 profundum
2415 3048 2577 3088 mare
2597 3032 2733 3087 illos
2762 3030 3016 3104 projecit
3039 3046 3052 3084 :
3075 3035 3254 3100 atque
3276 3030 3435 3084 hunc
3465 3029 3526 3084 in
3557 3045 3686 3084 mo-

2029 3123 2170 3178 dum
2199 3123 2376 3178 vitam
2410 3122 2715 3178 ﬁnierunt.

2604 3329 2845 3386 EODEM
2876 3327 3108 3383 MENSE

2639 3431 2742 3487 Die
2777 3430 3079 3486 tricesima

2028 3533 2179 3588 145
2234 3532 2518 3587 Certamen
2569 3531 2748 3586 sancti
2788 3530 3052 3599 martyris
3089 3523 3379 3582 Barsimzi
3421 3524 3683 3596 episcOpi,

2284 3621 2385 3691 qui
2438 3626 2692 3676 sanctum
2747 3618 3036 3676 Sarbelum
3094 3614 3418 3688 baptizavit.

2864 3751 2888 3773 ο

2101 3831 2523 3887 Sacrosanctus
2539 3833 2766 3900 martyr
2779 3829 3152 3890 Barsimmus,
3173 3830 3430 3898 utsupra
3459 3824 3683 3881 dictum

2029 3926 2137 3986 est,
2172 3919 2486 3975 Edessenaa
2508 3918 2776 3973 ecclesia:
2800 3920 3115 3990 episcopus
3138 3921 3285 3979 erat,
3320 3916 3686 3972 Grmcorum-

2028 4028 2144 4082 que
2174 4015 2411 4084 gentem
2444 4009 2688 4076 docens,
2712 4007 2786 4064 ab
2805 4008 3105 4068 idolorum
3137 4021 3338 4062 errore
3368 4020 3686 4062 conversos

2025 4102 2363 4174 baptizabat
2411 4102 2473 4158 in
2503 4101 2750 4156 nomine
2782 4101 2994 4168 Patris,
3051 4105 3111 4154 et
3157 4097 3311 4165 Filii,
3345 4103 3404 4152 et
3432 4097 3686 4168 Spiritus

2027 4193 2238 4249 sancti.
2277 4192 2541 4262 Cumque
2570 4190 2790 4246 multos
2821 4189 3167 4261 baptizaret,
3198 4186 3344 4241 vidit
3374 4185 3681 4241 Sarbelum

2025 4282 2323 4338 idolorum
2359 4279 2731 4336 sacerdotem
2761 4278 2940 4334 idolis
2992 4277 3466 4332 sacrificantem:
3501 4291 3680 4345 quem

2022 4372 2360 4442 increpans,
2421 4368 2774 4440 probrisque
2807 4371 2867 4420 et
2893 4365 3150 4421 convicis
3179 4364 3470 4431 afﬁciens,
3521 4362 3680 4433 quod

2020 4478 2178 4520 unus
2209 4460 2551 4515 universum
2582 4455 2868 4529 populum
2899 4459 3249 4526 perveteret,
3281 4453 3356 4508 ad
3383 4451 3676 4524 poeniten-

250 4540 385 4595 δΛον
416 4539 507 4592 τὸν
543 4536 696 4596 λαὸν,
753 4535 1153 4608 Κατανυγὲντος
1187 4531 1245 4589 δὲ
1277 4533 1506 4603 ἐκείνου,
1563 4538 1654 4588 καὶ
1717 4535 1914 4610 βαπτι-

2032 4552 2172 4607 tiam
2220 4554 2278 4605 et
2331 4547 2856 4619 compunctionem
2909 4543 3177 4609 adduxit,
3237 4548 3297 4599 et
3344 4541 3675 4614 baptizavit.

251 4629 474 4689 σθὲντος
530 4625 678 4701 παρᾶ
729 4629 828 4679 τοῦ
881 4623 1190 4679 ἐπισκόπου
1221 4669 1236 4696 ,
1314 4623 1404 4679 καὶ
1469 4625 1914 4698 μαρτυρήσαντος

255 4718 389 4791 ὑπὲρ
445 4716 705 4789 Χριστοῦ,
767 4712 904 4786 μετᾶ
968 4719 1069 4781 τῆς
1127 4710 1371 4791 ἀδελφῆς
1426 4712 1598 4768 αὐτοῦ
1654 4708 1914 4782 Βαϐαίας,

256 4806 528 4881 διεγνώση
583 4807 612 4861 ὁ
666 4803 963 4868 ἆπίσκοπος
996 4847 1011 4874 ,
1087 4803 1176 4859 καὶ
1234 4802 1477 4879 παρὲστη
1533 4807 1613 4874 τῷ
1679 4801 1914 4877 ἡγεμόνι

258 4897 449 4968 Λυσίᾳ·
516 4895 606 4951 καὶ
653 4894 855 4972 ἐτύιρθη
905 4890 1179 4969 σφοδρῶς.
1230 4892 1364 4950 Εἶτα
1414 4892 1760 4964 παυσαμένου
1820 4913 1916 4964 μι-

248 4989 377 5061 κρὸν
431 4989 530 5041 τοῦ
575 4981 851 5060 διωγμοῦ,
882 4983 1078 5057 ἐξῆλθε
1105 4990 1204 5052 τῆς
1262 4982 1538 5061 φυλακῆς
1606 4981 1696 5036 καὶ
1758 4979 1811 5036 ἐν
1841 4984 1910 5045 τῇ

252 5073 364 5144 ἰδίᾳ
389 5074 680 5148 γενόμενος
710 5073 978 5144 ἐκκλησίᾳ
1034 5073 1124 5127 καὶ
1180 5078 1262 5145 τῷ
1319 5075 1438 5144 Θεῷ
1492 5072 1766 5139 συνὴθεως
1823 5067 1913 5126 διὰ

255 5165 430 5230 πάσης
495 5165 687 5235 ἀρετῆς
747 5163 1114 5237 εὐαρεστήσας
1143 5207 1159 5234 ,
1221 5161 1520 5232 ἐτελειώθη
1549 5206 1562 5231 ,
1617 5160 1911 5237 ἀπολαρὼν

258 5253 361 5321 τήν
392 5249 522 5306 αἳών
532 5273 610 5305 ιον
641 5254 808 5324 ζωήν.

835 5345 912 5416 τῇ
943 5341 1081 5416 αὐτῇ
1113 5343 1298 5416 ἡμέρᾳ

458 5440 718 5512 Ἀθλησις
743 5445 843 5497 τοῦ
888 5441 1044 5516 ἁγίου
1074 5442 1346 5522 Θεοφίλου
1397 5444 1495 5496 τοῦ
1527 5441 1692 5500 Νέου.

308 5560 479 5622 Οὗτος
504 5561 754 5636 ὑπῆρχεν
811 5561 917 5617 ἀπὸ
975 5560 1631 5628 Κωνσταντινουπόλεως,
1690 5560 1779 5616 ἐπὶ
1809 5566 1910 5631 τῆς

247 5649 528 5728 βασιλείας
557 5649 971 5710 Κωνσταντίνου
1024 5652 1114 5706 καὶ
1164 5651 1405 5727 Εἰρήνης
1462 5655 1573 5706 τῶν
1603 5648 1906 5728 ὂρθοδόξων

241 5738 552 5815 βασιλέων,
609 5740 685 5801 εἷς
728 5745 832 5809 τῆς
893 5738 1206 5817 συγκλήτου
1231 5782 1246 5810 ,
1303 5739 1604 5818 στρατηγὸς
1661 5733 1719 5796 Si
1766 5739 1903 5796 ἀπο-

2019 4641 2276 4703 Sarbelo-
2297 4645 2497 4694 autem
2517 4653 2653 4692 cum
2675 4651 2875 4692 sorore
2898 4633 3107 4690 Babaaa
3128 4649 3236 4706 pro
3258 4632 3491 4689 Christo
3521 4647 3680 4686 mar.

2022 4732 2244 4805 tyrium
2295 4744 2492 4802 passo,
2551 4725 2785 4782 delatus
2842 4724 3179 4795 episcopus,
3212 4727 3272 4777 et
3323 4721 3397 4778 ad
3452 4721 3682 4794 Lysiam

2021 4819 2342 4895 prmsidem
2361 4816 2674 4883 adductus,
2693 4815 3054 4888 gravissimas
3071 4811 3386 4885 vapulavit.
3419 4810 3533 4868 Sed
3559 4827 3682 4867 ces-

2021 4916 2190 4967 sante
2216 4905 2568 4978 aliquandiu
2597 4903 3032 4976 persecutione,
3069 4901 3352 4958 dimissus
3384 4917 3414 4957 e
3445 4917 3682 4957 carcere

2020 5005 2080 5056 et
2107 4998 2182 5055 ad
2213 4995 2468 5070 pr0priae
2499 4994 2763 5051 ecclesia:
2793 4993 3061 5065 regimen
3092 4991 3406 5057 incubens,
3440 5007 3576 5048 cum
3608 4991 3680 5048 de

2018 5104 2184 5144 more
2215 5103 2321 5158 per
2350 5101 2560 5141 omnes
2591 5083 2838 5138 virtutes
2866 5083 2980 5137 Deo
3021 5098 3084 5138 se
3105 5087 3348 5153 gratum
3379 5081 3681 5137 exhibuis-

2023 5184 2134 5244 set,
2167 5175 2446 5243 decessit,
2473 5175 2655 5230 vitam
2686 5173 2984 5244 recipiens
3015 5179 3323 5229 asternam.

2664 5353 2888 5410 Eodem
2938 5352 3033 5409 die

2160 5457 2314 5511 146
2364 5453 2647 5510 Certamen
2697 5452 2878 5508 sancti
2928 5451 3218 5523 Theophili
3262 5451 3529 5507 Junioris.

2084 5575 2225 5638 Iste,
2254 5570 2646 5628 Constantino
2675 5574 2735 5625 et
2763 5569 2930 5625 lrene
2961 5567 3306 5626 orthodoxis
3353 5565 3676 5638 imperato-

2012 5662 2202 5725 ribus,
2231 5659 2812 5732 Constantinopolim
2872 5658 3124 5730 patriam
3171 5660 3410 5730 nactus,
3443 5655 3673 5711 ordinis

2014 5750 2299 5810 senatorii
2329 5751 2436 5822 vir,
2469 5749 2543 5807 ab
2585 5746 3048 5822 imperatoribus
3093 5745 3212 5803 dux
3270 5746 3567 5804 exercitus
3597 5748 3671 5804 ad
