4132 6436
456 308 571 369 287

1783 306 1831 364 M
1846 302 2211 366 ENOLOGII
2256 303 2460 364 PARS
2509 304 2582 364 ll.

3765 309 3889 369 288

455 448 608 505 ﬁnes
637 444 1129 517 Cibyrraeotarum
1161 442 1402 509 missus,
1426 442 1527 496 ubi
1557 441 1816 513 primum
1847 441 2097 496 Sarace-

2222 436 2438 501 σταλεὶς
2471 436 2575 492 ὑπὸ
2602 440 2711 490 τῶν
2749 434 3020 512 βασιλέων
3061 434 3135 498 εἷς
3202 437 3266 492 τὸ
3325 435 3465 510 θξμα
3509 442 3617 495 τῶν
3670 437 3881 519 Κιϐυρ-

452 552 668 594 norum
701 533 911 590 classis
937 533 998 587 in
1058 538 1384 602 conspectu
1439 530 1572 598 fuit,
1631 530 1914 586 instruxit
1942 546 2004 585 se
2035 528 2109 585 ad

453 640 735 700 pugnam.
769 622 1240 678 Habebatautem
1260 625 1380 675 tres
1410 620 1560 675 alios
1581 620 1774 676 socios
1802 619 2109 692 copiarum

457 716 658 772 duces.
683 716 949 783 Cumque
976 714 1100 782 ipse
1119 711 1349 782 primus
1378 727 1513 766 cum
1537 727 1643 765 suo
1676 711 1984 777 dromone,
2017 709 2105 764 fa-

455 808 549 859 cto
581 803 641 856 in
677 801 963 855 Barbaros
995 799 1242 870 impetu,
1277 798 1601 854 fortissime
1632 804 1970 872 pugnasset,
1997 816 2108 853 cas-

451 892 562 947 teri
595 890 775 945 duces
833 888 1036 960 glorias
1095 887 1225 958 ejus
1274 887 1629 948 invidentes.
1663 893 1900 959 arrepta
1949 887 2106 960 fuga,

450 980 645 1036 solum
668 994 805 1033 eum
826 976 1215 1048 reliquerunt.
1239 976 1717 1032 Circumventum
1741 977 1941 1047 itaque
1966 976 2106 1031 Bar-

450 1068 577 1125 bari
636 1067 902 1138 capiunt,
962 1065 1328 1136 domumque
1387 1066 1627 1124 reversi.
1689 1065 1751 1119 in
1806 1082 2107 1121 carcerem

454 1157 804 1214 includunt:
839 1154 996 1211 unde
1030 1161 1241 1226 quarto
1275 1161 1410 1227 post
1457 1171 1615 1210 anno
1667 1154 1937 1222 eductus,
1971 1172 2107 1210 cum

454 1247 899 1312 sollicitaretur,
932 1250 998 1299 ut
1026 1244 1362 1300 Christiana
1391 1244 1506 1299 ﬁde
1529 1244 1760 1315 ejurata
1790 1245 2109 1317 Hagareni-

451 1352 584 1394 cam
614 1335 1101 1408 superstitionem
1160 1334 1511 1406 susciperet,
1569 1350 1679 1389 nec
1709 1333 1781 1389 ad
1814 1333 1875 1389 id
1905 1334 2106 1391 induci

450 1433 676 1501 posset,
699 1426 892 1501 capite
913 1425 1123 1500 plexus
1150 1424 1382 1481 vivendi
1415 1424 1597 1481 tinem
1626 1423 1784 1481 fecit.

1021 1621 1264 1681 EODEM
1296 1620 1550 1679 MENSE.

942 1729 1048 1787 Die
1090 1729 1395 1785 tricesima
1422 1729 1619 1801 prima

2222 523 2453 601 ῥαιότων
2500 569 2515 590 ,
2574 524 2775 581 στόλου
2857 530 3179 602 Σαρακηνοΰ
3259 528 3514 603 φανέντος
3551 570 3565 596 ,
3622 532 3891 604 παρέταξε

2219 614 2356 687 πρὸς
2414 614 2477 669 τὸ
2534 612 2877 688 πολεμῆσαι.
2938 618 3130 690 ’Έχων
3188 611 3245 670 δὲ
3303 616 3757 690 συμπολεμιστᾶς
3788 621 3883 676 καὶ

2220 701 2425 766 ἄλλους
2483 709 2631 777 τρεῖς
2691 703 3045 779 στρατηγοὺς,
3104 703 3259 778 ὅμως
3317 710 3535 779 πρῶτος
3593 706 3884 783 ἐξώρμησε

2222 793 2358 867 μετᾶ
2411 798 2508 849 τοῦ
2560 792 2708 850 ἱδίου
2763 792 3072 870 δρόμωνος·
3131 796 3220 850 καὶ
3281 794 3501 865 εὶσῆλθε
3557 807 3719 870 μὲσον
3767 806 3879 858 τῶν

2221 879 2532 961 βαρϐάρων,
2587 886 2678 940 καὶ
2730 883 3154 962 ἠνδραγάθησεν.
3215 884 3443 950 Ἰδόντες
3496 886 3555 943 δὶ
3612 890 3664 944 οἱ
3692 887 3883 964 ἕτεροι

2219 975 2537 1049 στρατηγοὶ,
2573 973 2893 1049 ἐθξθόνησαψ
2950 975 3038 1030 καὶ
3094 974 3330 1049 ἐνεργῶς
3390 978 3678 1052 φυγόντες,
3734 980 3879 1058 ἀρῇ-

2216 1086 2313 1119 καν
2342 1064 2500 1120 αὐτὸν
2538 1067 2726 1138 μόνον.
2756 1065 2892 1121 Τότε
2941 1065 3414 1138 περικυλώσαντες
3472 1068 3524 1122 οἳ
3588 1063 3882 1143 βάρϐαροι,

2218 1153 2518 1228 ἐκράτησαν
2569 1155 2756 1211 αὐτὸν
2809 1156 2897 1210 καὶ
2958 1157 3411 1231 ὑποστρέψαντες,
3468 1151 3665 1213 ἔϐα)ον
3720 1158 3883 1215 αὐτὸν

2218 1243 2294 1306 εἷς
2328 1241 2603 1323 φυλακήν.
2643 1244 2739 1301 Καὶ
2781 1244 2918 1319 μετὰ
2971 1265 3203 1319 τεσσαρα
3260 1242 3352 1317 ἔτη
3415 1240 3742 1310 ἐκϐαλόντες
3776 1249 3879 1303 αὖ·

2213 1334 2341 1404 τὸν,
2398 1335 2808 1409 κατηνάγκασαν
2869 1335 3203 1410 ἀρνήτασθαι
3260 1335 3352 1390 τὸν
3416 1336 3875 1410 Χριστιανισμὸν,

2215 1422 2308 1478 καὶ
2369 1423 2667 1500 μαγαρίσαι
2692 1467 2705 1480 .
2764 1424 2853 1487 Ὧς
2904 1421 2963 1480 δὶ
3022 1423 3124 1480 οὐκ
3172 1419 3412 1493 ἔπεισαν,
3476 1424 3875 1504 άπεκεφάλισαν

2217 1510 2404 1567 αὐτόν’
2435 1511 2530 1567 καὶ
2561 1510 2734 1575 οὕτως
2763 1511 3077 1584 ἐτελειώθη.

2761 1622 2913 1678 MHN
2923 1624 2943 1679 Ι
2989 1627 3079 1679 ΤΩ
3133 1624 3340 1680 ΔΥΤΩ.

2991 1729 3095 1786 ΛΔ⁹

449 1838 601 1895 147
663 1837 953 1895 Certamen
1015 1842 1332 1912 sanctorum
1375 1836 1909 1912 Athaumaturgorum
1969 1836 2101 1906 Cyri

2222 1832 2480 1904 Ἀθλησις
2517 1837 2627 1891 τῶν
2684 1831 2852 1909 ἁγίων
2896 1834 3017 1912 καὶ.
3074 1838 3505 1912 θαυμτουργῶν
3538 1835 3727 1911 Κόρου
3782 1827 3877 1892 κειὶ

1108 1914 1160 1963 et
1180 1908 1430 1964 Joannis.

521 2017 620 2072 Isti
637 2015 1375 2088 Diocletianoimpcratore
1393 2015 1755 2071 claruerunt.
1773 2017 1841 2071 Et
1857 2020 2100 2072 sanctus

441 2106 683 2180 quidem
715 2105 901 2178 Cyrus
932 2106 1125 2176 patria
1153 2105 1610 2167 Alexandrinus.
1643 2112 1703 2161 et
1729 2106 2098 2177 professione

442 2196 883 2257 medicus,cum
900 2194 1028 2250 sine
1058 2195 1182 2250 ulla
1212 2195 1485 2250 mercede
1516 2200 1704 2250 artem
1738 2211 1905 2250 suam
1929 2211 2099 2250 exer—

445 2290 627 2351 ceret,
662 2283 844 2340 simul
872 2284 1088 2339 Christi
1122 2284 1299 2340 ﬁdem
1332 2284 1600 2340 docebat.
1634 2285 1826 2348 Quare
1865 2283 2096 2340 delatus

444 2374 521 2432 ad
553 2373 719 2429 urbis
750 2375 1116 2445 praafectum,
1150 2373 1362 2429 timore
1392 2373 1726 2445 perculsus,
1758 2372 2099 2446 profugitin

445 2463 726 2537 Arabiam
760 2480 774 2528 ;
803 2468 863 2518 et
889 2463 1282 2519 monasticam
1315 2463 1492 2518 vitam
1523 2462 1852 2534 amplexus,
1886 2462 2100 2519 inloco

450 2553 602 2611 mari
630 2553 897 2624 proximo
938 2551 1229 2608 consedit.
1291 2553 1542 2608 Sanctus
1593 2558 1793 2607 autem
1844 2553 2102 2608 Joannes

451 2641 863 2711 Hierosolyma
892 2640 1211 2711 profectus,
1246 2656 1381 2696 cum
1422 2640 1494 2696 de
1548 2639 1855 2695 miraculis
1912 2640 2101 2696 sancti

449 2730 583 2802 Cyri
613 2731 831 2786 certior
858 2730 1049 2786 factus
1077 2729 1306 2793 fuisset,
1328 2745 1465 2786 eum
1496 2729 1662 2794 adiit,
1688 2735 1748 2784 et
1766 2729 1896 2785 vitae
1928 2730 2100 2785 ratio-

449 2836 588 2876 nem
618 2836 753 2875 cum
777 2835 845 2875 eo
868 2820 1089 2891 junxit.
1121 2821 1266 2876 Cum
1297 2836 1434 2875 vero
1465 2820 1803 2876 Christiana
1828 2819 2101 2891 quaedam

448 2909 779 2967 Athanasia
814 2910 1077 2973 nomine,
1138 2910 1388 2981 ejusque
1424 2914 1542 2964 tres
1592 2909 1750 2973 tilias,
1782 2908 2101 2976 Theodota,

447 3000 803 3068 Theoctista,
837 3005 897 3056 et
933 2998 1220 3058 Eudoxia.
1278 3000 1723 3064 comprehensa
1754 3016 1790 3055 a
1826 2999 2103 3069 praafecto

448 3089 797 3161 torquenda:
831 3094 1064 3156 essent;
1096 3089 1267 3143 veriti
1300 3106 1375 3144 ne
1424 3088 1549 3155 illa,
1583 3095 1649 3143 ut
1677 3089 1921 3150 femina.
1951 3089 2104 3145 deﬁ—

2896 1904 3153 1966 Ἰωάννου
3181 1904 3198 1963 ξ

2284 2013 2449 2071 Οὗτοι
2510 2013 2764 2089 ὑπῆρχον
2822 2011 2912 2068 ἐπὶ
2969 2018 3367 2084 Διοκλητιανοῦ
3416 2018 3514 2069 τοῦ
3576 2013 3875 2089 βασιλέως·

2213 2101 2304 2157 καὶ
2335 2103 2364 2157 ὁ
2398 2102 2494 2174 μὶν
2545 2104 2697 2176 ἅγιος
2758 2104 2935 2178 Κῦρος
2982 2102 3052 2172 ἦν
3118 2102 3225 2159 ἀπὸ
3281 2109 3380 2172 τῆς
3438 2100 3873 2177 Ἀλεξανδρείας,

2216 2191 2399 2260 ἰατρὸς
2426 2193 2525 2258 τήν
2565 2191 2791 2267 τέχνην.
2849 2192 3131 2264 Ἰατρεύων
3193 2189 3252 2248 δὲ
3290 2190 3519 2268 δωρεὰν,
3577 2191 3628 2247 ὲν
3685 2191 3868 2265 ταύτῷ

2214 2278 2462 2337 ἆδίδασκε
2489 2282 2580 2336 καὶ
2614 2282 2709 2350 τήν
2768 2280 2845 2344 εἰς
2904 2282 3137 2357 Χριστὸν
3195 2281 3398 2338 πίστιν.
3460 2276 3783 2352 Διαϐληθεὶς
3816 2278 3876 2337 δὶ

2212 2374 2291 2443 τῷ
2344 2378 2443 2438 τῆς
2499 2369 2717 2433 πόλεως
2775 2367 3030 2447 ἄρχοντι,
3091 2371 3182 2427 καὶ
3241 2366 3504 2451 φοϐηθεὶς
3562 2370 3743 2449 φεύγει
3798 2370 3877 2434 εἰς

2229 2454 2508 2535 Ἀραϐίαν,
2566 2461 2656 2515 καὶ
2713 2459 2915 2537 γίνεται
2982 2460 3254 2536 μοναχός.
3313 2461 3416 2519 Καὶ
3477 2459 3648 2534 εὑρὼν
3702 2459 3871 2515 τόπον

2214 2547 2450 2618 πλησίον
2508 2550 2787 2618 θαλάσσης
2827 2594 2842 2618 ,
2895 2549 3208 2621 κατῴκησεν
3264 2549 3376 2604 ἐκεῖ
3408 2591 3421 2605 .
3488 2549 3551 2606 Ὀ
3609 2545 3668 2603 δὲ
3720 2549 3877 2624 ἅγιος

2214 2639 2473 2707 Ἰωαννης
2500 2634 2753 2692 ἀπελθὼν
2800 2637 2876 2700 εἰς
2930 2639 2996 2692 τά
3053 2635 3434 2711 Ἰεροσόλυμα,
3493 2636 3581 2690 καὶ
3640 2637 3875 2695 ἀγούσας

2213 2726 2338 2801 περὶ
2393 2731 2840 2801 θαυματουργιῶν
2892 2731 2990 2781 τοῦ
3044 2727 3198 2803 ἁγίου
3259 2726 3465 2798 Κόρου,
3520 2724 3754 2794 ἀπῆλθε,
3787 2725 3878 2781 καὶ

2213 2816 2299 2888 ἦρ.
2331 2818 2448 2889 μετ’
2477 2816 2661 2871 αὐτοῦ.
2714 2814 3088 2890 Κρατηθείσης
3144 2813 3201 2871 δὲ
3257 2814 3516 2892 γυναικός
3570 2836 3718 2879 τινος
3740 2822 3875 2890 Χρι-

2214 2911 2457 2974 στιανῆς,
2518 2904 2743 2977 ὀνόματι
2805 2904 3147 2972 Ἀθανασίας,
3204 2905 3339 2978 μετᾶ
3391 2908 3501 2959 τῶν
3548 2909 3713 2978 τριῶν
3764 2905 3866 2959 αὗ-

2212 3000 2313 3062 τῆς
2345 2993 2675 3070 θυγατέρων,
2735 2991 3032 3063 Θεοδότης,
3079 2992 3430 3064 Θεοκτίστης,
3461 2994 3551 3049 καὶ
3584 2987 3867 3067 Εὗδοξίας,

2215 3085 2361 3156 παρὰ
2407 3088 2504 3138 τοῦ
2561 3082 2831 3158 ἄρχοντος
2867 3129 2882 3151 ,
2939 3084 3027 3139 καὶ
3095 3082 3413 3156 μελλουσης
3476 3082 3873 3159 βασανίζεσθαι,

451 3185 615 3235 ceret
643 3179 703 3233 in
735 3179 1071 3243 tormentis,
1104 3178 1411 3235 accedunt,
1444 3194 1694 3249 eamque
1725 3179 2104 3238 conﬁrmant.

2222 3167 2544 3246 φοϐηθέντες
2577 3174 2627 3227 οἱ
2659 3175 2826 3248 ἅγιοι,
2856 3173 2948 3227 ἳνα
2974 3174 3076 3247 μὴ.
3106 3174 3180 3236 ὡς
3206 3173 3368 3247 γυνη,
3400 3170 3649 3246 δεὶιάσῃ,
3682 3171 3866 3240 ἀπῆλ-

452 3272 643 3337 Quare
676 3269 1117 3343 comprehensi,
1171 3275 1307 3342 post
1337 3268 1556 3324 multos
1585 3268 1883 3325 cruciatus
1913 3270 2105 3343 capite

445 3358 607 3433 plexi
639 3364 796 3416 sunt.

1098 3539 1317 3597 Eodem
1367 3526 1466 3599 die

454 3646 610 3704 148
646 3646 933 3704 Certamen
957 3648 1140 3705 sancti
1161 3652 1430 3735 martyris
1465 3650 1762 3724 Victorini,
1793 3660 1849 3710 et
1876 3671 1976 3712 sea:
2005 3670 2103 3712 so-

1163 3736 1210 3776 C‘l
1217 3737 1373 3776 0mm
1392 3763 1401 3773 .

525 3824 704 3881 Decio
734 3825 1092 3896 imperatore
1121 3824 1366 3881 fuerunt
1393 3827 1492 3882 isti
1523 3843 1593 3883 ex
1617 3828 1765 3885 urbe
1792 3831 2106 3889 Corintho:

454 3914 872 3986 comprehensi
904 3921 1124 3979 autem,
1161 3921 1219 3969 et
1246 3916 1446 3971 Tersio
1478 3918 1818 3988 proconsuli
1883 3921 2107 3991 traditi,

452 4003 798 4080 gravissime
828 4003 967 4058 torti
998 4009 1156 4065 sunt,
1187 4005 1521 4061 Victorinus
1546 4007 1706 4063 enim
1738 4014 1906 4065 eruto
1936 4012 2109 4068 oculo

459 4096 687 4160 dextro,
706 4093 1099 4164 manibusque
1123 4098 1181 4149 et
1195 4093 1447 4166 pedibus
1468 4095 1766 4165 abscissis,
1791 4099 1854 4153 in
1885 4100 2111 4173 ingenti

455 4183 741 4242 mortario
773 4198 1106 4239 marmoreo
1131 4182 1434 4247 confusus,
1463 4184 1709 4244 decesit.
1746 4188 1942 4244 Victor
1960 4207 2108 4262 pra:-

455 4275 581 4332 cisa
610 4272 813 4346 lingua
841 4271 1050 4328 eadem
1109 4272 1341 4327 ratione
1386 4274 1446 4328 in
1478 4276 1761 4332 mortario
1793 4280 2113 4336 contundi-

455 4362 946 4435 tur.Nicephorus
979 4360 1185 4417 tandiu
1235 4363 1549 4433 premitur,
1585 4364 1778 4423 donec
1809 4370 2048 4442 sanguis
2078 4387 2112 4428 e

455 4453 703 4510 naribus
724 4458 1100 4523 erumperet:
1127 4451 1342 4507 deinde
1364 4469 1471 4525 per
1489 4454 1739 4526 capillos
1761 4473 2110 4530 suspensus,

2211 3263 2326 3333 θον,
2386 3262 2475 3316 καὶ
2535 3262 2926 3333 ἐθαρσοποίουν
2987 3260 3177 3331 αὐτήν.
3240 3263 3338 3317 Διὰ
3384 3267 3541 3317 τοῦτο
3574 3258 3868 3333 κρατηθὲν-

2211 3370 2317 3419 τες,
2353 3351 2488 3423 μετὰ
2515 3349 2733 3414 πολλὰς
2766 3351 3036 3427 βασάνους
3091 3349 3182 3406 καὶ
3238 3370 3529 3426 τιμωριας,
3582 3348 3673 3403 καὶ
3703 3348 3862 3405 αὐτοὶ

2211 3438 2742 3517 ἀπεκεφαλίσθησαν.

2810 3532 2890 3604 Τῇ
2921 3529 3063 3604 αὖτῇ
3092 3530 3278 3604 item

2211 3632 2483 3705 Ἀθλησις
2530 3640 2629 3691 τοῦ
2687 3634 2841 3711 ἁγίου
2898 3635 3170 3711 μάρτυρος
3215 3634 3598 3711 Ὀύικτωρίνου
3642 3636 3736 3692 καὶ
3764 3640 3876 3692 τῶν

2750 3707 2843 3763 σὺν
2876 3705 3023 3780 αὐτῷ
3049 3705 3107 3779 ἒξ
3136 3707 3327 3783 ἁγίων.

2287 3813 2409 3870 Ἐπὶ
2444 3813 2632 3868 Δεκίου
2686 3817 2789 3868 τοῦ
2859 3813 3130 3891 βασιλέως
3184 3815 3437 3889 ὗπῆργον
3497 3814 3654 3869 οὗτοι
3684 3812 3745 3869 ἐκ
3768 3814 3870 3870 πό-

2215 3903 2356 3968 λεως
2429 3906 2717 3980 Κορίνθου.
2776 3904 3144 3978 Κρατηθὲντες
3199 3903 3258 3960 δὶ
3309 3902 3687 3978 παρεδόθησαν
3735 3909 3869 3980 Τερ-

2212 3995 2314 4068 τίῳ
2338 3999 2415 4065 νῷ
2475 3993 2685 4068 ὑπάτῳ,
2748 3996 2838 4051 καὶ
2898 3990 3324 4065 ἰϐασανίσθησαν
3383 3994 3650 4071 ἰσχυρῶς.
3682 3994 3740 4051 Ὀ
3772 3994 3870 4065 μὶν

2214 4084 2320 4161 γάρ
2378 4084 2749 4157 Οὖικτωρῖνος
2818 4087 2911 4141 τὸν
3001 4082 3171 4155 δεξιὸν
3229 4082 3517 4163 ὀφθαλμὸν
3574 4081 3874 4158 ἑξορυγεὶς,

2214 4172 2304 4229 καὶ
2339 4178 2531 4248 χεῖρας
2587 4174 2680 4228 καὶ
2735 4172 2908 4236 πόδας
2964 4173 3284 4238 ἂποκοπεὶς,
3335 4172 3426 4228 καὶ
3477 4172 3554 4237 εἰς
3584 4168 3744 4246 ζ’γδην
3773 4171 3876 4244 ἐμ.-

2215 4258 2447 4333 ϐληθεὶς
2504 4261 2718 4331 λιθίνην
2780 4262 3049 4338 μεγάλην,
3106 4263 3195 4318 καὶ
3238 4257 3560 4334 συντριϐεὶς,
3593 4260 3878 4326 iteite-5m-

2217 4372 2327 4409 σεν.
2361 4351 2613 4429 Οὗῒκτωρ
2645 4348 2704 4407 δὶ
2756 4353 2857 4422 τήν
2912 4351 3168 4427 γλῶσσαν
3232 4349 3549 4424 ἒκτμηθεὶς,
3576 4352 3691 4406 εἶτα
3720 4350 3774 4404 ἐν
3803 4353 3874 4424 τῇ

2217 4438 2342 4518 ἵγδῃ
2398 4441 2751 4504 συνθλασθεὶς
2790 4484 2805 4509 ,
2860 4440 3156 4511 ἐτελειώθη
3190 4484 3203 4498 .
3262 4440 3584 4510 Νικησόπος
3630 4438 3690 4495 δὲ
3729 4439 3875 4495 ἁπο-

453 4543 697 4599 tandem
730 4543 793 4596 in
824 4541 1030 4597 eodem
1063 4540 1350 4597 mortario
1372 4525 1727 4613 conciditur,
1757 4525 1952 4617 quoad
1982 4549 2106 4603 ani-

2222 4530 2485 4594 πιασθεὶς,
2535 4528 2641 4593 ἓως
2690 4529 2754 4586 οὗ
2806 4525 2961 4602 ἐξέϐη
3021 4531 3156 4603 αἷμα
3214 4530 3273 4586 ἐκ
3329 4536 3427 4598 τῆς
3484 4528 3633 4603 ῥινὸς
3689 4528 3880 4597 αὐτοῦ,

461 4648 620 4689 mam
655 4630 908 4687 efﬂaret.
968 4630 1331 4687 Claudianus
1380 4633 1673 4689 mutilatis
1732 4616 2011 4691 manibus
2042 4653 2106 4693 ac

2222 4620 2309 4675 καὶ
2367 4618 2426 4674 ἐκ
2476 4625 2687 4696 τριχῶν
2748 4620 3083 4695 γκρεμασθεὶς
3116 4662 3131 4682 ,
3184 4620 3274 4674 καὶ
3324 4618 3376 4674 ἑν
3425 4622 3494 4692 τῇ
3561 4619 3701 4691 αὐτῇ
3758 4616 3884 4694 ἴγδῃ

462 4720 735 4793 pedibus,
768 4726 825 4774 et
856 4735 1201 4791 suspensus,
1235 4736 1307 4777 ex
1335 4721 1447 4777 hac
1475 4722 1593 4778 vita
1629 4722 1924 4781 discessit.
1972 4727 2107 4784 Dio-

460 4810 641 4865 dorus
671 4810 804 4877 igne
844 4816 1235 4882 consumptus
1264 4816 1372 4866 est.
1429 4812 1712 4884 Sarapion
1744 4814 1977 4871 inverso
2015 4833 2110 4873 ca-

459 4901 583 4974 pite
615 4914 943 4971 suspensus
972 4899 1321 4956 decolletur.
1365 4902 1577 4974 Papias
1632 4903 1892 4977 denique
1921 4907 2111 4963 mani-

460 4990 573 5047 bus
604 4989 976 5062 pedibusque
1005 4990 1348 5063 amputatis,
1379 5006 1521 5048 saxo
1551 4991 1850 5066 alligatus,
1881 4994 1945 5052 in
1974 5012 2109 5068 pro-

462 5079 717 5137 fundum
749 5079 1046 5151 dejicitur.

1107 5256 1329 5314 Eodem
1377 5256 1476 5313 die

572 5368 727 5424 149
761 5368 1052 5423 Certamen
1107 5375 1319 5422 sanctae
1363 5369 1625 5437 martyris
1667 5368 2008 5440 Tryphaenae.

537 5476 868 5547 Tryphaena
890 5473 1107 5529 Christi
1166 5477 1394 5545 martyr
1424 5489 1493 5528 ex
1537 5474 1683 5530 urbe
1740 5476 1940 5548 Cyzico
1985 5477 2116 5544 fuit,

469 5564 766 5624 Anastasii
797 5563 1051 5636 patricii,
1084 5562 1189 5619 sed
1234 5563 1496 5636 gentilis.
1528 5569 1589 5619 et
1643 5564 1921 5622 Socratiaa
1952 5567 2121 5624 Chri-

468 5656 678 5713 stianas
706 5653 853 5719 ﬁlia,
886 5652 1223 5710 Christiana
1252 5659 1312 5708 et
1340 5651 1490 5725 ipsa.
1523 5653 1670 5709 Cum
1702 5660 1902 5713 autem
1932 5655 2119 5714 festus

2219 4704 2520 4782 ἐμϐληθεὶς
2558 4754 2571 4777 ,
2631 4711 2721 4765 καὶ
2778 4709 3073 4781 τυπτηθεὶς
3108 4754 3123 4779 ,
3180 4707 3463 4784 παρέδωκε
3519 4710 3583 4764 τὸ
3635 4714 3878 4780 πνεῦμα.

2219 4799 2282 4857 Ὀ
2315 4795 2371 4853 δὲ
2397 4796 2739 4861 Κλαυδιανὸς
2767 4798 2958 4860 κοπεὶς
3007 4804 3202 4874 χτῖρας
3254 4797 3346 4853 καὶ
3406 4795 3602 4866 πόξας,
3634 4795 3725 4852 καὶ
3754 4817 3884 4871 κρε-

2227 4888 2472 4962 μασθεὶς,
2502 4889 2706 4957 ἆπὲστη
2750 4891 2848 4944 τοῦ
2911 4889 3060 4963 βίου.
3110 4889 3172 4947 Ὀ
3203 4884 3262 4943 δὲ
3322 4884 3596 4961 Διόδωρος
3628 4885 3756 4960 πυρὶ
3786 4905 3889 4941 τε-

2224 4976 2509 5035 λειοῦται.
2576 4976 2869 5052 Σαραπίων
2926 4974 2984 5031 δὲ
3040 4976 3176 5031 κατᾶ
3232 4975 3475 5051 κεφαλῆς,
3532 4974 3887 5050 κρεμασθεὶς,

2223 5064 2662 5143 άπεκεφαλίσθη.
2725 5067 2939 5127 Παπίας
2999 5063 3058 5121 δὶ
3118 5065 3252 5137 μετᾶ
3309 5064 3370 5118 τὸ
3426 5071 3658 5133 κοπῆναι
3695 5068 3894 5139 χεῖρας

2224 5156 2317 5211 καὶ
2355 5152 2552 5227 πόδας,
2583 5152 2725 5228 λίθῳ
2754 5151 3097 5230 προσδεθεὶς,
3129 5153 3206 5214 εἱς
3240 5153 3402 5228 βυθὸν
3435 5152 3702 5230 ῥίπτεται.

2793 5259 2870 5335 Τῇ
2929 5260 3069 5334 αὖτῇ
3129 5259 3315 5334 ἡμέρᾳ

2409 5366 2682 5438 Ἀθλησις
2712 5373 2813 5437 τῆς
2865 5366 3016 5443 etwa;
3071 5369 3345 5441 μάρτυρος
3393 5364 3713 5441 τρυφαίνηςο

2301 5474 2587 5551 Τρύφαινα
2625 5477 2661 5545 ἡ
2723 5478 2819 5530 to?)
2876 5475 3112 5549 Χριστοῦ
3176 5473 3381 5546 μάρτυς
3439 5473 3659 5547 ὑπῆρχε
3720 5474 3813 5546 μὲν
3840 5474 3908 5532 ἐκ

2225 5567 2328 5630 τῆς
2378 5561 2596 5626 πόλεως
2656 5564 2910 5632 Κυζίκου.
2971 5568 3070 5619 Ἢν
3124 5559 3184 5617 δὲ
3239 5563 3481 5638 θυγάτηρ
3540 5561 3906 5620 Ἀναστασίου

2229 5653 2603 5732 συγκλητικοῦ
2651 5649 2889 5726 ἔλληνος
2923 5698 2940 5728 ,
2996 5653 3083 5710 καὶ
3154 5652 3470 5732 Σωκρατίας
3522 5652 3858 5731 Χριπιανῆς
3886 5698 3904 5717 ,
