4132 6468
303 485 426 547 289

1764 471 2289 538 FEBHUARIUS.

3632 481 3748 543 290

309 615 626 693 Χριστιανὴ
685 611 746 669 δὶ
795 613 955 679 οὖσα,
1011 612 1205 687 ἱορτῆς
1264 608 1697 682 ἐπιτελουμένης
1742 613 1860 670 τοῖς
1916 607 1992 663 εἶ-

2110 611 2233 666 dies
2261 608 2441 666 idolis
2473 610 2898 679 celebraretur,
2937 610 3135 668 divino
3187 611 3310 669 zelo
3341 621 3658 677 commota,
3690 615 3754 670 in

311 708 546 775 δώλοις,
585 705 749 777 ζήλῳ
780 705 908 776 θείῳ
937 708 1242 770 κινηθεῖσα,
1276 702 1365 756 καὶ
1401 700 1477 762 εἷς
1517 699 1677 773 μέσον
1726 703 1825 753 τοῦ
1847 698 1986 752 λαοῦ

323 798 671 863 εἰσελθοῦσα,
732 793 800 848 τά
859 793 1064 868 αἰσχρά
1115 796 1222 846 τῶν
1281 789 1532 861 ἐλλήνων
1591 787 1863 854 διέπτυσε,
1897 787 1989 842 καὶ

334 891 466 949 τοὺς
552 887 862 961 βλέποντας
914 884 1049 938 αύτά
1103 877 1448 958 καθύϐρισεν·
1516 878 1762 936 ἐδίδασκέ
1817 900 1874 934 τε
1925 880 1994 933 τά

348 979 442 1052 μὶν
483 975 682 1032 iam):
741 975 1104 1047 ἀρνήσασθαι,
1159 973 1482 1048 προσελθεῖν
1540 967 1597 1025 δὲ
1653 969 1871 1044 Χριστῷ
1904 968 1993 1021 καὶ

353 1069 723 1143 βαπτισθῆναι.
776 1064 875 1119 Διὰ
930 1066 1096 1117 τοῦτο
1154 1065 1224 1136 τῇ
1272 1061 1559 1133 προστάξει
1590 1063 1687 1114 τοῦ
1718 1058 1993 1132 ἡγεμόνος

353 1157 662 1229 Καισαρείου
719 1157 1072 1225 κρατηθεῖσα,
1127 1144 1396 1220 ἐνεϐλήθη
1468 1148 1544 1210 εἷς
1594 1146 1847 1219 κάμινον.
1892 1147 1994 1202 Καὶ

345 1251 441 1311 τῆς
467 1245 703 1314 καμίνου
764 1241 1038 1317 ῥυσθεῖσα,
1096 1239 1402 1313 ἐκρεμάσθη
1463 1236 1552 1292 ἐπὶ
1600 1235 1786 1306 ξύλου,
1845 1254 1994 1288 κατω

340 1337 607 1405 κειμένων
641 1329 880 1407 σιδηρῶν
913 1328 1069 1399 ἥλων
1099 1329 1287 1398 ὀξέων.
1348 1325 1454 1382 Καί
1510 1323 1843 1380 ἂπολυθεῖσα
1897 1325 1994 1377 τοῦ

337 1421 531 1493 ξύλου,
593 1417 775 1476 ἔπεσεν
838 1419 1018 1474 ἐπάνω
1067 1423 1172 1473 τῶν
1232 1417 1407 1487 ἥλων,
1464 1417 1554 1470 καὶ
1595 1412 1845 1484 ὠδυνήθη
1907 1412 1994 1467 ὑπ’

333 1512 514 1566 αὐτῶν
540 1510 806 1585 ἰσχυρῶς.
872 1510 1005 1565 Εἶτα
1054 1504 1438 1570 ἀπολυθέντων
1473 1504 1554 1558 ἐπ’
1591 1502 1756 1570 αὐτην
1787 1505 1993 1574 θηρίων

333 1598 642 1678 διαςόρων·
703 1599 768 1653 τὰ
830 1598 925 1671 μὶν
970 1595 1115 1653 ἄλλα
1174 1595 1235 1650 οὐ
1291 1596 1656 1670 προσέγγισαν
1704 1591 1860 1660 αὐτῆ’
1921 1590 1998 1653 εἷς

331 1689 393 1746 δὶ
423 1695 627 1762 ταῦρος
663 1686 910 1762 δραμὼν,
940 1686 1028 1742 καὶ
1065 1683 1442 1760 διακερατίσας
1495 1681 1686 1750 αὐτὴν,
1721 1678 1993 1754 διέσχισεν

333 1779 415 1841 εἷς
452 1781 640 1852 μέσον·
672 1777 760 1833 καὶ
794 1777 995 1841 εὐθέως
1053 1777 1230 1854 ἀφῆκε
1283 1775 1384 1843 τὴν
1437 1773 1646 1847 ψυχήν·
1700 1769 1791 1825 καὶ
1824 1767 1998 1829 οὕτως

333 1869 512 1949 ἐτάφη
552 1870 656 1925 ὑπὸ
684 1872 792 1924 τῶν
821 1870 1056 1924 πιστῶν.

543 2029 869 2124 MHNI
952 2017 1796 2122 ΦΕΒΡΟΥΑΡΙΩ.

951 2191 1039 2247 Ἐν
1079 2193 1149 2264 τῇ
1192 2188 1386 2263 πρώτῃ

516 2330 792 2404 νΔθλησις
838 2335 937 2388 τοῦ
970 2332 1128 2409 ἁγίου
1161 2331 1437 2406 μάρτυρος
1503 2325 1814 2404 Τρύφωνος.

405 2475 639 2554 Τρύφων
674 2476 702 2530 ὁ
760 2476 965 2549 μάρτυς
1021 2474 1270 2549 ὑπῆρχεν
1322 2471 1428 2528 ἀπὸ
1482 2476 1581 2541 τῆς
1622 2469 1817 2554 χώρας
1847 2473 1994 2542 Φρυ-

331 2564 461 2639 γίας
494 2551 583 2620 ἐπὶ
614 2567 717 2628 τῆς
753 2563 1036 2640 βασιλείας
1088 2561 1410 2639 Γορδιανοῦ.
1444 2559 1649 2634 Μικρὸς
1691 2557 1749 2612 δὲ
1779 2551 1852 2610 ὤν
1892 2557 1992 2624 τήν

336 2654 586 2723 ἡλικίαν,
635 2649 826 2708 ἔϐοσκε
873 2660 1072 2728 χῆνας·
1132 2651 1258 2708 ἀλλ’
1318 2650 1471 2725 ὅμως
1526 2659 1615 2704 καὶ
1675 2647 1768 2708 τὰς
1819 2652 1995 2720 χῆνας

346 2745 583 2818 βόσκων,
615 2743 813 2818 άρετῆς
846 2741 1190 2812 ἐπεμελεῖτο’
1249 2741 1339 2796 καὶ
1390 2738 1478 2794 διά
1521 2744 1621 2808 τῆς
1678 2740 1785 2790 τῶν
1843 2735 1994 2789 ἐντο-

344 2832 460 2886 λῶν
516 2831 790 2904 ἐργασίας,
854 2830 1106 2904 μεγάλας
1165 2831 1454 2905 ἐθεράπευε
1534 2828 1628 2882 τὸν
1683 2825 1835 2880 Θεόν.
1900 2823 1998 2877 Διὰ

344 2926 509 2976 τοῦτο
551 2919 762 2991 ἐδέξατο
811 2923 1129 2996 χαρίσματα
1209 2919 1475 2993 ἰαμάτων·
1564 2915 1652 2971 καὶ
1711 2914 1998 2985 ἐθεράπευε

354 3015 525 3064 πᾶσαν
581 3013 760 3076 νόσον,
813 3011 904 3065 καὶ
965 3014 1138 3064 πᾶσαν
1196 3007 1493 3083 μαλακίαν·
1549 3005 1734 3060 ἷάσατο
1795 3001 1853 3057 δὲ
1905 3002 1995 3057 καὶ

361 3099 461 3165 τήν
517 3101 767 3174 θυγατέρα
817 3103 920 3154 τοῦ
973 3099 1241 3175 βασιλέως
1302 3095 1539 3171 δαίμονα
1594 3093 1848 3170 ἔχουσαν·
1905 3093 1994 3146 καὶ

364 3185 598 3258 ὑπέδειξε
652 3193 770 3250 τοῖς
818 3192 1053 3261 παροῦσι
1106 3190 1198 3244 τὸν
1253 3185 1483 3260 δαίμονα
1524 3186 1740 3261 μορφήν
1797 3180 1996 3238 ἔχοντα

351 3275 567 3349 μαύρου
637 3279 822 3347 κυνὸς,
913 3277 1005 3333 καὶ
1081 3275 1589 3353 ἐξομολογούμενον
1661 3273 1760 3334 τὰς
1825 3271 1993 3333 κακὰς

2027 1987 2076 2053 Β

2095 701 2362 756 medium
2393 701 2678 772 populum
2698 703 3034 773 prosiliens,
3061 703 3750 776 exsecrandagentilium

2097 807 2264 846 sacra
2295 793 3018 864 consputavit.eorumque
3051 800 3414 862 spectatores
3446 803 3755 849 contume-

2099 880 2196 934 liis
2226 880 2442 936 affecit.
2468 881 2712 948 docens,
2753 882 2930 936 idolis
2955 884 3199 953 ejuratis
3231 884 3304 938 ad
3336 884 3548 938 Christi
3572 884 3748 938 {idem

2099 971 2532 1025 transeundum
2567 988 2695 1026 esse
2762 978 2821 1026 et
2867 973 3311 1044 suscipiendum
3362 975 3748 1045 baptismum.

2099 1059 2289 1123 Quare
2320 1061 2558 1114 Cmsarii
2583 1061 2843 1132 prml‘ecti
2868 1063 3046 1132 jussu
3078 1065 3528 1134 comprehensa.
3562 1065 3622 1118 in
3654 1080 3748 1119 ca-

2101 1149 2329 1202 minum
2365 1149 2652 1220 injicitur.
2688 1149 2798 1204 Sed
2832 1151 2971 1205 inde
3004 1154 3291 1224 erepta,in
3314 1153 3635 1223 equuleum
3661 1169 3750 1207 ra-

2099 1237 2499 1307 pitur,deﬁxis
2531 1239 2694 1293 humi
2722 1241 3084 1295 acutissimis
3107 1242 3285 1296 clavis
3311 1243 3519 1297 ferreis
3545 1260 3558 1308 ;
3583 1243 3752 1296 solu-

2101 1331 2278 1396 taque
2313 1333 2651 1398 repente,et
2673 1346 2852 1400 super
2883 1331 3077 1386 clavos
3110 1331 3373 1403 delapsa.
3407 1333 3753 1404 gravissimo

2102 1413 2304 1469 dolore
2337 1416 2612 1471 afficitur.
2644 1419 2865 1473 Deinde
2899 1420 3181 1476 immissae
3213 1423 3274 1476 in
3308 1439 3436 1476 eam
3463 1427 3634 1478 variae
3657 1423 3757 1477 beo

2103 1505 2264 1574 stiae;
2301 1524 2553 1577 quarum
2587 1509 2720 1564 aliis
2752 1510 2996 1582 propius
3027 1511 3308 1568 accedere
3340 1530 3462 1568 non
3483 1514 3755 1570 audenti-

2101 1594 2234 1661 bus,
2268 1601 2473 1653 taurus
2522 1599 2746 1654 adactis
2797 1600 2857 1654 in
2908 1603 3234 1672 praecordia
3265 1605 3419 1661 150
3452 1606 3755 1673 cornibus,

2103 1683 2364 1740 mediam
2387 1686 2598 1742 scidit:
2635 1695 2693 1742 et
2723 1689 2921 1744 statim
2974 1691 3248 1762 spiritum
3282 1693 3559 1750 tradidit:
3587 1697 3760 1767 cujus

2104 1789 2319 1847 corpus
2343 1791 2378 1831 a
2411 1775 2688 1832 ﬁdelibus
2720 1779 3021 1850 sepultum
3051 1780 3185 1836 fuit.

2325 2022 2751 2118 MENSE
2798 2024 3541 2121 FEBRUARIO.

2771 2187 2873 2242 Die
2907 2189 3102 2260 prima

2251 2313 2396 2369 151
2439 2313 2724 2368 Certamen
2767 2317 2946 2370 sancti
2975 2318 3236 2386 martyris
3288 2317 3614 2388 Tryphonis.

2179 2463 2454 2536 Tryphon
2486 2472 2712 2536 martyr
2753 2466 2815 2520 in
2849 2467 3122 2540 Phrygia,
3157 2469 3455 2525 Gordiano
3488 2471 3756 2542 impera-

2110 2555 2662 2622 tore,natus,adhuc
2694 2571 2842 2626 puer
2861 2573 3104 2614 anseres
3135 2559 3562 2630 pascebat;sed
3582 2561 3762 2617 simul

2109 2645 2427 2700 virtutibus
2458 2647 2878 2716 comparandis
2897 2664 3135 2719 operam
3154 2649 3344 2704 dabat.
3360 2651 3583 2722 Deique
3600 2668 3758 2706 man-

2109 2733 2247 2788 data
2267 2733 2585 2806 diligenter
2607 2735 3070 2805 exsequebatur:
3089 2737 3248 2793 unde
3265 2741 3488 2795 curatio
3505 2757 3648 2795 num
3667 2741 3766 2795 do-

2109 2840 2252 2878 num
2278 2823 2526 2895 accepit,
2559 2830 2624 2878 ut
2655 2825 2890 2880 nullum
2923 2832 3083 2882 esset
3114 2829 3303 2883 morbi
3355 2847 3562 2900 genus,
3601 2831 3761 2901 quod

2107 2929 2230 2967 non
2263 2919 2513 2968 curaret.
2540 2913 2776 2969 Sanavit
2807 2921 3005 2970 autem
3053 2924 3110 2971 et
3166 2919 3544 2989 imperatoris
3579 2921 3762 2976 tiliam

2107 3017 2142 3057 a
2171 3002 2441 3057 dmmone
2471 3019 2838 3074 oppressam,
2857 3005 3171 3077 ipsumque
3195 3007 3527 3064 daemonem
3551 3011 3611 3064 in
3636 3027 3765 3081 spe-

2107 3092 2196 3148 cie
2218 3092 2524 3164 nigerrimi
2557 3094 2724 3149 canis
2783 3101 3088 3151 ostensum
3142 3099 3447 3169 compulit,
3503 3106 3568 3154 ut
3625 3117 3762 3155 suas

2107 3182 2438 3254 praestigias
2461 3188 2520 3237 et
2539 3182 2708 3238 dolos
2732 3184 3091 3254 patefaceret
3117 3202 3129 3240 :
3165 3203 3298 3256 qum
3327 3204 3422 3242 res
3453 3188 3674 3243 multos
3688 3189 3762 3244 ad

2107 3270 2323 3325 Christi
2359 3271 2536 3327 fidem
2572 3273 2852 3329 traduxit.
2882 3275 3022 3329 Post
3050 3274 3178 3332 hmo
3209 3277 3384 3332 Decio
3407 3278 3767 3348 imperante,

339 3365 560 3439 πράξεις
615 3365 802 3421 αὖτοῦ·
865 3368 954 3422 ὅτε
1008 3365 1099 3422 καὶ
1175 3365 1426 3430 πολλοὺς
1470 3361 1650 3421 ἔπεισε
1705 3365 1986 3417 πιστεῦσαι

2110 3367 2310 3430 captus
2322 3361 2394 3415 ab
2409 3361 2692 3432 Aquilino
2711 3363 3276 3433 praefecto,Nicseam
3293 3367 3525 3422 vinctus
3545 3367 3764 3438 perdu-

338 3458 418 3526 τῷ
449 3456 689 3528 Χριστῷ’
745 3455 832 3510 ἐπὶ
893 3454 950 3511 δὲ
1005 3464 1107 3526 τῆς
1170 3455 1450 3532 βασιλείας
1499 3453 1690 3510 Δεκίου
1721 3451 1993 3526 ἐκρατήθη

339 3545 491 3617 παρὰ
521 3544 812 3602 Ἀκυλίνου
843 3551 941 3601 τοῦ
971 3544 1242 3623 ἐπάρχου,
1301 3546 1394 3602 καὶ
1426 3547 1577 3621 ἢχθη
1641 3541 1867 3616 δέσμιος
1922 3538 1998 3604 εἷς

337 3637 590 3691 Νίκαιαν.
627 3637 729 3691 Καὶ
755 3639 975 3710 πρῶτον
1029 3637 1124 3710 μὲν
1184 3633 1506 3708 προσδεθεὶς
1537 3633 1734 3694 ’ἱπποις
1787 3630 1996 3704 ἀγρίοις

331 3725 554 3800 σύρεται
637 3726 773 3780 κατά
859 3721 1139 3781 δυσϐάτων
1223 3727 1433 3795 τόπων,
1515 3723 1634 3797 ὥρᾳ
1687 3723 1990 3795 χειμῶνος·

2099 3449 2291 3504 citur:
2316 3449 2412 3504 ubi
2447 3449 2523 3504 ad
2555 3467 2741 3522 equos
2773 3451 3096 3508 indomitos
3127 3454 3430 3526 alligatus,
3463 3471 3571 3526 per
3605 3457 3756 3512 I52

2098 3531 2256 3593 invia
2286 3538 2538 3594 hiberno
2596 3545 2866 3611 tempore
2923 3547 3239 3612 raptatur:
3303 3544 3524 3599 deinde
3558 3544 3758 3600 nudus

2098 3644 2278 3699 super
2327 3634 2532 3684 acutos
2588 3628 2784 3684 clavos
2830 3630 3175 3687 volutatur:
3229 3632 3473 3690 demum
3516 3633 3757 3689 facibus

2104 3717 2263 3772 circa
2293 3717 2480 3774 latera
2508 3718 2826 3786 ustulatus,
2871 3721 3063 3791 capite
3093 3721 3398 3793 plectitur.

331 3820 567 3869 ’Ἔπειτα
597 3817 808 3890 γυμνὸς
838 3813 1024 3870 ἐπάνω
1055 3813 1299 3891 σιδηρῶν
1333 3814 1488 3885 ἥλων
1514 3816 1743 3871 τίθεται.
1776 3815 1916 3870 Εἶτα
1946 3808 2036 3864 διὰ
2064 3801 2374 3878 λαμπάδων
2405 3804 2576 3878 πυρὸς
2604 3807 2892 3868 κατακαεὶς
2941 3807 3037 3870 τὰς
3089 3809 3352 3883 πλευράς,
3381 3811 3481 3881 τήν
3513 3809 3766 3884 κεφαλὴν

332 3904 556 3976 ἇπετμή
566 3915 658 3975 θη.

916 3979 1002 4051 τῇ
1055 3977 1192 4048 αὐτῆ
1242 3975 1426 4053 mea

339 4085 553 4156 Μνήμη
585 4087 684 4138 τοῦ
715 4083 868 4139 ὁσίου
904 4085 1111 4156 Πατρὸς
1151 4088 1313 4155 ἡμῶν
1349 4081 1712 4158 Βενδιμιανοῦ
1746 4083 1998 4158 μαθητοῦ

851 4160 952 4211 τοῦ
986 4159 1139 4232 ἁγίου
1169 4157 1483 4230 Αὐξεντίου.

411 4280 478 4337 Ὀ
559 4279 709 4342 ὅσιος
785 4282 878 4336 καὶ
943 4284 1107 4359 μέγας
1174 4284 1359 4358 Πατὴρ
1417 4285 1580 4356 ἡμῶν
1642 4280 1998 4354 Βενδιμιανὸς

337 4365 552 4442 ἐγένετο
588 4372 839 4439 μαθητὴς
894 4375 992 4425 τοῦ
1052 4371 1203 4426 ὁσίου
1243 4373 1449 4448 Πατρὸς
1493 4374 1654 4444 ἡμῶν
1688 4369 1998 4441 Αύξεντίου,

337 4461 441 4512 τυῦ
474 4457 524 4512 ἐν
576 4463 658 4530 τῷ
716 4454 830 4529 ὄρει
885 4461 1289 4536 ἡσυχάσαντος,
1347 4465 1444 4517 τοῦ
1495 4459 1840 4534 διακειμένου
1903 4459 1998 4532 μὶν

339 4549 580 4618 πλησίον
616 4549 993 4621 Χαλκηδόνος,
1027 4552 1441 4627 ὀνομαζομένου
1502 4550 1558 4608 δῖε
1615 4559 1716 4622 τῆς
1771 4550 1997 4622 ὐξείας,

346 4637 645 4702 δουλεύσας
704 4642 852 4714 αὑτῷ
911 4641 1098 4699 πολλά
1148 4645 1235 4700 καὶ
1301 4643 1612 4720 ὑποταγεὶς,
1670 4643 1745 4705 ὡς
1802 4643 1996 4716 πρέπει

343 4730 547 4806 ἁγίοις,
577 4731 668 4784 καὶ
715 4730 1150 4806 κληρονομήσας
1206 4735 1304 4803 τήν
1357 4733 1508 4808 ἁγίαν
1561 4732 1731 4809 εὐχὴν
1763 4732 1997 4790 ἐκείνου.

339 4816 543 4874 Πολλά
619 4816 677 4874 δὲ
726 4821 1130 4898 ἀγωνιζόμενος
1182 4821 1260 4886 εἷς
1322 4825 1541 4898 ἁρετῆν,
1622 4822 1720 4878 οὐκ
1757 4822 1998 4899 ἠρκέσθη
2033 4819 2080 4884 D

342 4907 588 4978 τούτοις,
621 4909 766 4965 ἀλλὰ
802 4914 937 4984 μετά
989 4913 1090 4981 τὴν
1137 4915 1403 4986 κοίμησιν
1461 4911 1560 4968 τοῦ
1619 4913 1792 4988 ἁγίου,
1827 4912 2000 4987 εὑρὼν

348 4995 647 5076 διάκουφον
687 5002 913 5076 πέτραν,
943 5001 1180 5072 πλησίον
1211 5010 1311 5073 τῆς
1372 5001 1610 5077 μάνδρας
1669 5007 1766 5057 τοῦ
1825 5003 2001 5079 άγίου,

346 5088 437 5142 καὶ
473 5089 747 5151 ἐπικτίσας
810 5088 870 5145 ἐκ
925 5097 1033 5146 τῶν
1093 5089 1188 5147 δύο
1245 5097 1424 5167 μερῶν
1473 5100 1574 5161 τῆς
1634 5095 1854 5166 πέτρας,
1912 5093 2002 5146 καὶ

327 5172 586 5248 ποιήσας
619 5180 812 5254 μικρὸν
837 5180 1083 5249 κελλίον,
1134 5183 1448 5237 ἀπέκλεισεν
1482 5184 1667 5237 ἑαυτὸν
1724 5181 1853 5242 ἐκεῖ.
1911 5183 2002 5236 καὶ

348 5267 604 5338 ἐποίησεν
663 5270 1073 5343 ἀγωνιζόμενος
1132 5269 1226 5342 ἔτη
1284 5270 1806 5345 τεσσαρακονταδύο.
1860 5269 2006 5327 Ἐδέ-

342 5359 471 5429 ξατο
505 5355 564 5412 δὲ
595 5359 685 5412 καὶ
720 5359 1038 5434 χαρίσματα
1067 5361 1334 5433 ἰαμάτων,
1366 5362 1456 5416 καὶ
1513 5361 1631 5417 ἰᾶτο
1661 5361 1789 5423 τοὺς
1837 5381 2001 5436 προσ-

339 5447 686 5522 ερχομένους
739 5449 893 5520 αὐτῷ
942 5449 1312 5516 ἀσθενοῦντας,
1371 5452 1461 5506 καὶ
1503 5451 1639 5506 κατά
1670 5451 1881 5526 ψυχὴν,
1912 5451 1998 5505 καὶ

341 5536 480 5591 κατά
508 5543 691 5610 σῶμα.
725 5539 1011 5611 ’Υπέμεινε
1035 5538 1091 5595 δὲ
1145 5542 1235 5595 καὶ
1281 5539 1528 5603 πολλοὺς
1559 5539 1895 5616 πειρασμοὺς
1945 5539 2004 5595 ἐκ

339 5633 449 5684 τῶν
477 5628 757 5703 δαιμόνων
805 5631 1085 5705 προγνοὺς
1117 5629 1174 5687 δὲ
1201 5632 1295 5687 τὸν
1328 5631 1493 5687 αὐτοῦ
1523 5634 1769 5702 θάνατον,
1799 5629 1999 5705 διηγή-

343 5738 474 5774 σατο
501 5719 593 5774 τὸν
632 5720 756 5795 βίον
784 5726 882 5775 τοῦ
914 5721 1072 5796 άγίου
1104 5721 1390 5793 Αύξεντίου
1419 5727 1499 5796 τῷ
1561 5721 1822 5795 μέλλοντι
1857 5723 2004 5796 αύτῷ

338 5810 754 5887 συγγράψαι-θαι
805 5818 1131 5891 σ-δγγραυρεῖ·
1169 5814 1254 5868 καῖ
1319 5813 1464 5868 οὕτω
1495 5813 1683 5878 κλίνας
1710 5817 1775 5870 τίς
1805 5814 2003 5890 γνένατα

338 5900 624 5977 παρέδωκε
653 5902 720 5956 τὸ
752 5907 966 5975 πνεῦμα

2756 3970 2979 4027 Eodem
3025 3971 3120 4028 die

2183 4067 2338 4124 158
2372 4067 2823 4124 Commemoratio
2851 4073 3032 4125 sancti
3065 4075 3250 4128 Patris
3278 4077 3459 4130 nostri
3485 4075 3694 4132 Bendi-

2397 4141 2591 4208 miani,
2653 4142 2915 4211 discipuli
2968 4147 3145 4198 sancti
3183 4146 3476 4201 Auxentiz’.

2180 4319 2430 4373 Sanctus
2462 4324 2520 4373 et
2550 4334 2800 4391 magnus
2859 4322 3034 4376 Pater
3084 4330 3290 4378 noster
3339 4325 3765 4382 Bendimianus

2113 4407 2302 4462 sancti
2335 4408 2526 4462 Patris
2553 4408 2738 4462 nostri
2773 4411 3070 4477 Auxentii,
3106 4413 3206 4482 qui
3241 4414 3302 4468 in
3364 4421 3565 4470 monte
3593 4415 3769 4471 Chal-

2112 4497 2324 4552 cedoni
2357 4497 2650 4568 proximo,
2687 4497 2829 4553 Oxia
2858 4500 3176 4571 appellato,
3227 4503 3554 4558 solitariam
3588 4505 3767 4560 vitam

2112 4585 2342 4659 agebat,
2358 4586 2994 4658 discipulus,sedulum
3011 4592 3290 4663 magistro
3316 4609 3376 4648 se
3399 4593 3766 4661 ministrum,

2111 4682 2176 4730 ut
2201 4681 2438 4731 sanctos
2471 4674 2658 4745 decet,
2693 4693 2929 4750 semper
2960 4681 3263 4744 exhibuit:
3326 4683 3575 4756 ejusque
3627 4702 3770 4741 san-

2110 4769 2337 4818 ctarum
2372 4779 2618 4834 precum
2651 4765 2841 4820 haeres
2867 4766 3389 4844 factus,egregiam
3417 4788 3772 4844 comparan-

2114 4855 2205 4911 dis
2237 4854 2553 4911 virtutibus
2585 4873 2828 4927 operam
2854 4861 3091 4916 navavit
3124 4877 3136 4915 :
3171 4879 3367 4934 neque
3394 4863 3487 4918 his
3523 4871 3771 4922 conten-

2115 4951 2229 5004 tus.
2256 4950 2390 5015 post
2421 4945 2611 4999 sancti
2647 4945 2896 5011 obitum,
2935 4951 3092 5021 apud
3151 4953 3463 5009 mandram
3497 4956 3769 5026 ejusdem

2115 5033 2271 5088 inter
2299 5034 2592 5088 montium
2617 5037 2918 5107 angustias
2940 5046 3166 5110 petram
3190 5049 3497 5102 nactusex
3518 5053 3772 5117 utroque

2115 5123 2382 5195 ejusdem
2422 5123 2604 5177 latere
2664 5125 2934 5197 exiguam
2991 5130 3271 5186 cellulam
3324 5134 3767 5205 superstruxit;

2113 5221 2291 5284 atque
2321 5215 2382 5268 in
2416 5229 2484 5268 ea
2508 5215 2766 5286 seipsum
2797 5217 3132 5289 includens,
3165 5239 3272 5294 per
3301 5240 3488 5279 annos
3514 5224 3773 5295 quadra-

2113 5303 2276 5376 ginta
2299 5303 2447 5357 duos
2469 5304 2730 5360 certavit.
2765 5309 3010 5380 Accepit
3065 5319 3262 5366 autem
3296 5319 3354 5367 et
3393 5314 3768 5368 curationum

2115 5391 2362 5455 donum,
2397 5398 2454 5446 et
2484 5394 2894 5451 accedentium
2919 5399 2992 5453 ad
3043 5416 3105 5454 se
3152 5405 3274 5455 tam
3323 5402 3531 5465 animi,
3589 5419 3770 5472 quam

2115 5482 2381 5551 corporis
2414 5481 2655 5538 morbos
2688 5486 2953 5542 sanabat.
2991 5488 3201 5542 Multas
3261 5495 3548 5560 prmterea
3588 5508 3620 5545 a
3654 5491 3775 5545 das-

2116 5570 2405 5625 monibus
2433 5574 2796 5631 tentationes
2824 5577 3092 5648 pertulit.
3125 5579 3392 5649 Cumque
3421 5581 3627 5634 mortis
3651 5597 3774 5636 suae

2117 5662 2704 5733 prmscius,scriptori
2737 5667 2994 5733 cuidam,
3019 5684 3197 5739 quam
3220 5668 3436 5724 litteris
3466 5686 3774 5725 commen-

2115 5749 2304 5817 daret,
2333 5751 2523 5806 sancti
2557 5755 2832 5808 Auxentii
2864 5756 3039 5811 vitam
3076 5765 3436 5823 enarrasset,
3469 5760 3772 5815 inclinatis

2113 5840 2364 5912 genibus
2401 5840 2644 5897 tradidit
2683 5844 2980 5913 spiritum.
