4132 6434
393 419 505 480 291

960 557 1203 616 EODEM
1241 557 1497 616 MENSE.

1012 657 1117 712 Die
1148 658 1414 716 secunda

391 754 548 812 154
574 755 837 812 Occursus
866 757 1089 811 Domini
1130 761 1305 813 nostri
1332 760 1460 814 Iesu
1501 756 1730 819 Christi.
1764 772 1887 813 tum
1924 773 2046 815 eum

675 828 892 883 Simeon
908 844 1074 883 senem
1093 831 1153 883 in
1182 830 1344 885 ulnas
1370 846 1495 887 suas
1525 832 1757 902 accepit.

462 988 749 1042 Dominus
796 994 1002 1044 noster
1049 991 1219 1045 Jesus
1275 990 1548 1047 Christus
1599 1007 1766 1047 suam
1806 1006 2045 1046 mcono-

388 1077 566 1132 miam
603 1078 931 1134 secundum
964 1096 1204 1134 carnem
1240 1081 1725 1147 conﬁrmaturus,
1760 1079 1919 1151 quod
1953 1078 2043 1133 ni-

388 1166 605 1221 mirum
638 1184 771 1223 vere
803 1168 994 1223 factus
1025 1175 1184 1224 esset
1203 1169 1545 1233 homo,cum
1577 1176 1792 1225 cratera
1821 1169 2043 1237 omnia,

386 1273 518 1327 quae
546 1256 673 1330 lege
702 1257 947 1314 Judaica
973 1259 1202 1313 sancita
1246 1265 1436 1327 erant,
1486 1259 1872 1331 implevisset,
1932 1258 2045 1314 hoc

388 1346 565 1401 etiam
585 1363 706 1402 non
739 1348 1221 1419 praetermittens,
1256 1364 1489 1404 servare
1537 1348 1725 1403 voluit
1772 1347 1929 1419 quod
1980 1347 2043 1402 in

385 1452 553 1492 more
574 1436 733 1508 apud
762 1436 995 1492 Iudaeos
1054 1444 1198 1492 erat.
1233 1437 1697 1510 Quadragesimo
1732 1438 1894 1492 enim
1947 1437 2042 1493 die

387 1542 627 1582 omnem
659 1525 1038 1582 Hebraeorum
1062 1528 1397 1583 masculum
1421 1526 1797 1583 adducebant
1826 1542 2041 1599 paren-

382 1622 474 1671 tes
501 1616 563 1671 in
595 1616 881 1688 templum
918 1633 1053 1672 cum
1073 1617 1303 1673 duabus
1338 1615 2044 1685 turturibus,autduobus

379 1705 562 1777 pullis
594 1704 1031 1774 columbarum,
1063 1712 1129 1761 ut
1178 1706 1661 1763 benedictionem
1722 1706 2040 1779 acciperet.

384 1794 504 1849 Hoc
527 1795 707 1867 igitur
727 1802 786 1849 et
816 1796 1104 1851 Dominus
1131 1803 1335 1851 noster
1365 1798 1534 1852 Jesus
1578 1796 1849 1852 Christus
1897 1813 2044 1868 prte-

380 1882 532 1937 stitit
566 1898 578 1935 :
604 1887 662 1936 et
693 1897 811 1936 una
838 1898 973 1937 cum
1006 1898 1145 1937 vera
1174 1890 1364 1938 matre
1394 1899 1503 1938 sua
1533 1883 1787 1953 Deipara
1836 1883 2036 1952 Maria,

1718 421 2160 487 MENOLOGII
2203 425 2404 485 PARS
2446 423 2526 486 Il.

2063 574 2121 643 Α

3700 435 3822 499 293

2721 557 2902 616 ΙΠΝΙ
2916 561 3003 614 ΤΩ
3032 561 3237 625 arra.

2972 661 3011 717 B

2151 745 2534 831 'H‘é‘liaﬂthij
2560 751 2660 831 τοῦ
2721 748 2934 831 Κυρίου.
2973 754 3138 831 ημῶχ
3162 821 3173 831 ι
3194 752 3378 831 Ἰησοῦ
3436 760 3691 831 Χριστοῦ,
3725 762 3819 818 ὅτε

2225 816 2437 910 suam
2468 820 2633 876 αὐτὸν
2664 816 2891 894 Συμεὼν
2913 822 2941 877 δ
2964 816 3136 898 πρεσϐ
3149 816 3282 896 ύτηὲ
3314 825 3368 882 ἐν
3398 816 3519 892 ταῖς
3544 816 3816 907 ἀγκᾶλὰιέ

2223 910 2412 948 αυτου.

2220 997 2335 1053 Ἰνα
2369 992 2648 1074 βεϐαιώσῃ
2705 1000 2806 1068 τήν
2866 998 3122 1076 ἔνσαρκον
3177 1002 3496 1079 οἰκονομίαν
3541 1010 3570 1065 ὁ
3611 1012 3811 1088 Κύριος

2150 1086 2312 1159 ἡμῶν
2346 1088 2557 1154 Ἰησοῦς
2587 1089 2841 1164 Χριστὸς,
2894 1089 2979 1146 ὅτι
3037 1093 3175 1148 κατὰ
3225 1095 3326 1164 τήν
3386 1093 3653 1168 ἀληθειαν
3695 1086 3811 1157 νᾶνο

2152 1175 2372 1249 θρωπος
2414 1175 2642 1253 ἐγένετο,
2675 1180 2850 1234 πάντα
2877 1179 2944 1234 τα
2972 1185 3071 1235 τοῦ
3119 1180 3429 1240 Ἰουδαῖκοῦ
3479 1187 3654 1262 νόμου
3684 1213 3818 1247 ποι-

2151 1268 2314 1336 ήσας.
2356 1265 2482 1323 οὐδὲ
2536 1273 2700 1324 τοῦτο
2758 1269 3079 1345 παρέλιπεν·
3143 1270 3272 1329 ἀλλ’
3327 1276 3570 1351 ἐποίησε,
3627 1282 3811 1347 καθὼς

2150 1358 2217 1427 ἦρ
2250 1351 2371 1421 ἔθος
2429 1363 2545 1422 τοῖς
2593 1355 2907 1423 Ἰουδαίοις·
2947 1361 3081 1432 μετὰ
3107 1362 3211 1438 γὰρ
3240 1368 3640 1440 τεσσαράκοντα
3669 1371 3809 1444 ἠμὲ-

2152 1466 2271 1522 ρας,
2330 1450 2431 1501 πᾶν
2481 1445 2702 1502 παιδίον
2761 1453 2868 1503 τῶν
2929 1444 3202 1524 Ἑϐραίων
3276 1447 3465 1530 ἔφερον
3527 1458 3580 1511 οἱ
3628 1463 3813 1535 γονεῖς

2151 1534 2229 1599 εἰς
2252 1535 2315 1590 τὸ
2344 1535 2515 1612 ἱερὸν,
2551 1536 2688 1610 μετὰ
2720 1533 2816 1591 δύο
2846 1539 3147 1612 τρυγόνων,
3181 1540 3217 1611 ἢ
3271 1539 3368 1597 δύο
3426 1533 3661 1601 νεοσσῶν
3716 1568 3815 1604 πε-

2149 1629 2434 1702 ριστερῶν,
2490 1630 2590 1682 τοῦ
2650 1623 3011 1703 εὐλογεῖσθαι.
3068 1633 3238 1685 Τοῦτο
3301 1629 3360 1687 δὲ
3392 1634 3482 1689 καὶ
3539 1636 3567 1691 ὁ
3600 1635 3813 1711 Κύριος

2148 1716 2309 1789 ἡμῶν
2344 1717 2561 1787 Ἰησοῦς
2609 1718 2844 1795 Χριστὸς
2898 1716 3145 1791 ἐποίησε.
3179 1723 3283 1778 Καὶ
3336 1723 3483 1799 παρᾶ
3522 1732 3624 1797 τῆς
3675 1727 3815 1785 κατὰ

2149 1802 2410 1875 ἀληθειαν
2447 1807 2683 1881 μητέρος
2735 1806 2907 1862 αὐτοῦ
2941 1808 3155 1882 Μαρίας
3208 1817 3310 1881 τῆς
3371 1815 3664 1887 Θεοτόκου,
3718 1818 3812 1873 καὶ

2146 1900 2244 1950 τοῦ
2275 1898 2643 1970 νομιζομένου
2673 1898 2879 1971 πατρὸς
2910 1899 3140 1975 Ἰωσὴφ,
3196 1901 3363 1970 ἦλθεν
3424 1904 3501 1966 εἰς
3547 1906 3639 1961 τὸν
3684 1909 3812 1964 ναὸν

377 1973 437 2024 et
462 1970 717 2040 Josepho
734 1970 1019 2041 opinione
1037 1977 1263 2026 tantum
1283 1948 1720 2043 patre,venit_in
1745 1972 2022 2043 templum

2315 1948 2636 1970 -.-ητηηνη
2682 1948 2877 1971 ηυντ
2931 1948 3140 1975 -η--,τ,
3204 1948 3359 1970 .,..--.
3424 1948 3499 1966 -.η
3557 1948 3638 1961 η.
3693 1948 3804 1964 ...τη

2141 1989 2239 2039 τοῦ
2289 1989 2443 2042 Θεοῦ’
2474 1986 2568 2041 καὶ
2629 1984 2907 2062 ὑπεδέχθη
2958 1989 3109 2063 παρὰ
3161 1991 3389 2063 Συμεὼν
3421 1998 3519 2049 τοῦ
3565 1992 3804 2055 δικαίου.

379 2058 503 2126 Dei,
537 2065 596 2114 et
624 2076 657 2114 a
690 2059 963 2115 Simeone
1014 2061 1179 2132 justo
1231 2064 1515 2133 exceptus
1572 2069 1708 2117 est:
1753 2063 1851 2133 qui
1895 2079 2031 2118 cum

377 2170 513 2209 eum
548 2152 608 2207 in
639 2152 815 2208 ulnas
846 2169 983 2209 suas
1009 2154 1357 2226 accepisset,
1384 2154 1563 2209 dixit:
1586 2155 1753 2210 Nunc
1779 2154 2030 2211 dimittis

377 2258 609 2298 servum
644 2248 833 2309 tuum,
866 2243 1141 2307 Domine,
1184 2242 1516 2300 secundum
1550 2242 1805 2300 verbum.
1837 2250 2027 2312 tuum,

376 2332 439 2386 in
472 2348 615 2404 pace
650 2349 661 2387 :
692 2332 832 2402 quia
851 2332 1129 2388 viderunt
1158 2333 1316 2387 oculi
1369 2332 1488 2387 mei
1546 2332 1806 2388 salutare
1838 2339 2027 2389 tuum.

376 2421 663 2477 Similiter
718 2425 780 2476 et
827 2425 992 2477 Anna
1044 2421 1427 2493 PrOphetissa
1474 2422 1750 2479 confessa
1804 2428 1912 2491 est,
1971 2427 2032 2479 et

374 2511 595 2583 gratias
624 2510 745 2566 Deo
777 2510 917 2583 egit,
949 2510 1110 2580 quod
1168 2510 1457 2583 populum
1488 2527 1663 2567 suum
1708 2511 2025 2574 visitasset.

374 2600 492 2655 Hac
522 2600 700 2673 igitur
727 2599 807 2656 de
860 2616 1041 2657 causa
1094 2600 1224 2657 hac
1279 2606 1486 2658 sancta
1531 2600 1824 2657 festivitas
1877 2601 2026 2658 cele-

369 2688 595 2746 bratur.

1024 2779 1246 2837 Eodem
1277 2779 1374 2837 die

369 2886 516 2944 155
553 2886 833 2944 Certamen
891 2894 1201 2943 sanctorum
1257 2890 1562 2958 Paratum,
1620 2888 1829 2958 Satyri,
1876 2890 2016 2944 Beuo

619 2961 749 3027 cati,
770 2960 1088 3027 Saturnini,
1106 2960 1346 3017 Secundi
1366 2967 1418 3016 et
1441 2960 1770 3016 Felicitatis.

438 3158 733 3228 Perpetua
761 3155 976 3211 Christi
1003 3162 1228 3228 martyr
1258 3172 1328 3212 ex
1379 3156 1617 3230 regione
1660 3157 1893 3224 Africa,
1947 3156 2020 3214 ob

367 3245 584 3300 Christi
612 3244 1049 3301 confessionem
1084 3246 1518 3317 comprehensa
1539 3245 1612 3301 ab
1644 3246 1919 3313 ethnicis,
1944 3246 2019 3303 ad

362 3334 683 3407 provincia;
716 3334 1060 3405 praefectum
1091 3352 1211 3392 una
1232 3352 1367 3392 cum
1400 3336 1650 3407 reliquis
1675 3337 2019 3393 sanctisad—

364 3423 619 3480 ducitur.
654 3424 920 3480 Habebat
938 3431 1136 3481 autem
1178 3432 1385 3482 sancta
1412 3426 1703 3482 infantem
1723 3426 2020 3482 adhucla-

361 3520 735 3582 ctentem,‘et
776 3513 1022 3571 fratrem
1081 3515 1326 3571 nomine
1382 3517 1777 3572 Dinocratem.
1835 3515 2021 3589 Igitur

360 3610 675 3676 postquam
706 3620 741 3660 a
770 3605 1052 3677 prefecto
1074 3606 1214 3660 torti
1246 3612 1405 3672 sunt,
1435 3607 1498 3662 in
1523 3606 1857 3662 custodiam
1875 3622 2015 3663 con-

355 3693 650 3764 jiciuntur
672 3710 685 3749 :
704 3694 805 3749 ubi
820 3695 1182 3751 viditsancta
1204 3696 1267 3749 in
1302 3696 1529 3751 somnis
1551 3695 1774 3751 scalam
1788 3710 2017 3751 teneam

360 3786 535 3836 terra
565 3782 842 3847 deﬁxam,
877 3783 1177 3853 caelosque
1233 3785 1648 3856 attingentem,
1685 3790 1744 3839 et
1789 3785 1851 3838 in
1888 3785 2019 3855 ejus

363 3871 609 3926 extremi
623 3872 839 3927 tatibus
854 3872 1070 3927 infixas
1084 3889 1293 3928 omnes
1310 3879 1745 3928 tormentorum
1764 3875 2015 3945 species;

362 3959 435 4015 ad
467 3962 598 4031 ejus
627 3977 763 4015 vero
797 3960 1022 4016 calcem
1056 3960 1378 4017 draconem
1410 3962 1801 4018 ascendentes
1820 3963 2015 4019 detra-

359 4049 501 4105 here
517 4056 833 4106 conantem
855 4058 1156 4108 :sauctum
1171 4058 1368 4107 autem
1395 4052 1668 4125 Satyrum
1685 4053 2013 4108 ascenden-

359 4146 497 4207 tem,
534 4146 593 4195 et
617 4140 690 4195 ad
724 4157 787 4196 se
819 4158 1195 4207 conversum,
1251 4141 1379 4198 haec
1436 4142 1776 4199 dicentem:
1833 4145 2019 4199 Mater

358 4245 492 4284 mea
524 4231 834 4301 Perpetua,
870 4236 926 4286 te
961 4237 1257 4303 exspecto.
1307 4232 1511 4288 Frater
1567 4249 1703 4288 vero
1764 4233 1894 4305 ejus
1952 4234 2015 4289 in

358 4317 546 4374 altero
573 4334 811 4377 carcere
843 4319 1136 4387 inclusus,
1172 4320 1315 4376 vidit
1346 4321 1618 4395 Satyrum
1674 4322 1749 4378 ad
1796 4323 2016 4395 pelvim

356 4424 526 4480 aqum
557 4413 835 4477 stantem,
870 4415 929 4465 et
976 4427 1046 4466 ex
1075 4425 1144 4466 ea
1172 4411 1549 4467 haurientem
1589 4417 1767 4483 atque
1799 4412 2012 4469 biben-

354 4505 473 4555 tem
508 4515 521 4555 :
554 4512 624 4555 ex
648 4514 765 4572 quo
809 4516 945 4555 eum
976 4507 1278 4557 mortuum
1319 4518 1448 4557 esse
1499 4501 1811 4558 intellexit.
1846 4504 2012 4559 Mane

355 4587 535 4660 igitur
555 4588 850 4660 Perpetua
906 4593 966 4643 et
1022 4588 1295 4645 Felicitas
1326 4605 1361 4646 a
1405 4588 1705 4647 ferocibus
1737 4592 2011 4665 juvencis

2137 2075 2237 2137 Ὅς
2265 2073 2481 2148 ἐδέξατο
2514 2074 2673 2131 αὐτὸν
2732 2077 2808 2138 εἷς
2866 2083 2961 2141 τὰς
3019 2078 3258 2154 ἀγκάλας
3291 2079 3475 2153 αύτοῦ,
3533 2085 3622 2139 καὶ
3655 2088 3798 2141 εἴπε’

2140 2168 2249 2217 Νῦν
2282 2162 2547 2229 ἀπολύεις
2572 2165 2665 2219 τὸν
2699 2162 2898 2223 δοῦλόν
2927 2188 3045 2234 σου,
3083 2169 3346 2239 Δέσποτα,
3372 2172 3510 2227 κατᾶ
3540 2172 3603 2228 τὸ
3636 2172 3794 2249 ῥῆμά

2137 2273 2259 2322 σου,
2295 2252 2346 2307 ἐν
2382 2252 2597 2328 εἰρήνῃ·
2632 2255 2715 2310 δτι
2748 2252 2893 2310 εἶδον
2926 2256 2979 2311 οἱ
3037 2256 3319 2332 ὀφθαλμοὶ
3372 2282 3478 2334 μου
3514 2262 3579 2317 τὸ
3608 2266 3792 2335 σωτή-

2137 2339 2253 2416 ριὸν
2288 2363 2406 2399 σου.
2439 2342 2682 2416 Ὁμοίως
2739 2341 2796 2399 δὲ
2843 2345 2935 2400 καὶ
2984 2346 3019 2413 ἡ
3081 2347 3274 2419 ’Δννα,
3327 2358 3604 2429 προφῆτις
3635 2351 3793 2423 οὖσα,

2135 2430 2648 2507 ἆνθωμολογήσατο
2677 2434 2768 2488 καὶ
2828 2434 3199 2510 εὖχαρίστησε
3252 2442 3332 2512 τῷ
3374 2443 3516 2512 Θεῷ,
3563 2446 3645 2514 τῷ
3673 2440 3796 2498 ἐπι-

2135 2521 2466 2595 σκεψαμένῳ
2495 2523 2589 2578 τὸν
2624 2521 2755 2579 λαὸν
2789 2523 2977 2584 αὐτοῦ.
3029 2528 3266 2584 ’Έκτοτε
3323 2527 3415 2583 οὗν
3461 2528 3797 2589 ἐπιτελεῖται

2131 2614 2168 2683 ἡ
2200 2613 2431 2686 τοιαύτη
2467 2614 2594 2687 ἁγία
2621 2616 2809 2693 ἑορτή.

2721 2777 2799 2849 Τῇ
2840 2775 2980 2850 αὖτῆ
3021 2775 3206 2852 ἡμέρᾳ

2128 2877 2385 2958 Αίξλησις⁸
2474 2884 2584 2937 τῶν
2685 2880 2854 2958 ἁγίων
2955 2884 3351 2958 ΙΙερπετούαςη

2198 2952 2489 3032 ξΡευκᾴτου
2523 2997 2539 3023 ,
2618 2952 2960 3032 Σατορνίλου
2994 2952 3040 3030 ,⁷
3089 2952 3399 3015 Σεκούνδου
3488 2959 3578 3016 καὶ

2202 3021 2513 3096 λικιτάτης.

3488 2889 3735 2964 Σατύρου
3773 2931 3788 2959 ,

3488 2959 3578 3016 καὶ
3672 2967 3788 3016 Φη-

3726 2984 3789 3033 η-

2198 3151 2263 3207 Ἡ
2319 3156 2418 3207 τοῦ
2470 3156 2715 3225 Χριστοῦ
2789 3152 2995 3229 μάρτυς
3056 3155 3394 3231 Περπετούα,
3453 3157 3521 3228 ἧν
3572 3160 3631 3214 ἐκ
3683 3165 3784 3229 τῆς

2129 3241 2321 3314 χώρας
2372 3242 2663 3319 Ἀφρικῆς·
2723 3241 2839 3299 insi
2919 3240 2978 3299 δὲ
3035 3244 3130 3299 τὸν
3179 3245 3415 3321 Χριστὸν
3470 3247 3779 3322 ὡμολόγει,

2058 3316 2101 3385 C
2130 3316 2463 3402 κρατηθεῖσα
2510 3329 2656 3404 παρὰ
2702 3335 2813 3387 τῶν
2869 3329 3181 3404 Ἑλλήνων,
3224 3316 3627 3408 προσήχθη-τῷ

2126 3418 2315 3493 χώρας
2349 3418 2600 3493 ἄρχοντι,
2638 3420 2901 3493 μετὰτῶν
2933 3421 3143 3478 λοιπῶν
3199 3423 3388 3498 ἁγίων.
3443 3424 3541 3481 Ἦν
3594 3421 3653 3480 δὶ
3708 3428 3780 3499 τῇ

2126 3508 2259 3582 ἁγίᾳ
2293 3508 2493 3585 βρέφος
2542 3508 2871 3583 ὑπομαζιον,
2929 3510 3022 3566 καὶ
3080 3508 3318 3585 ἀδελφὸς
3367 3508 3543 3585 ὄνομα
3600 3522 3783 3569 Δεινο-

2124 3595 2351 3671 κράτης.
2384 3601 2769 3672 Τιμωροῦνται
2801 3597 2894 3653 οὗν
2946 3599 3095 3672 παρὰ
3143 3603 3242 3654 τοῦ
3302 3600 3596 3675 ἄρχοντος.
3650 3602 3785 3658 Εἶτα

2125 3680 2499 3758 ἐμϐάλλονται
2531 3684 2610 3748 εἷς
2652 3686 2925 3764 φυλακήν.
2986 3687 3092 3746 Καὶ
3148 3690 3344 3760 θεωρεῖ
3397 3692 3433 3760 ἡ
3485 3689 3616 3761 ἁγία
3660 3693 3778 3746 κατ’

2124 3770 2255 3851 ὄναρ
2284 3776 2488 3832 σκάλαν
2524 3776 2741 3852 χαλκῆν
2801 3777 3106 3855 φθάνουσαν
3169 3778 3277 3835 ἀπὸ
3333 3784 3441 3853 γῆς
3500 3778 3579 3843 εἷς
3612 3778 3782 3855 ούρα-

2123 3864 2504 3941 νὸν,ἔχο)σαν
2561 3865 2637 3928 είς
2695 3866 2761 3920 τα
2821 3864 2917 3920 δύο
2980 3863 3118 3943 μέρη
3179 3866 3583 3943 ἱμπεπηγμένα
3611 3868 3783 3927 πάντα

2122 3956 2189 4011 τὰ
2243 3960 2351 4011 τῶν
2410 3955 2790 4031 κολαστηρίων
2849 3955 2996 4028 εἴδη,
3052 3957 3141 4013 καὶ
3201 3955 3465 4033 δράκοντα
3528 3958 3629 4013 ὑπὸ
3676 3959 3775 4026 τήν

2123 4043 2329 4101 σκάλαν
2376 4043 2664 4102 γωλύοντα
2718 4045 2849 4115 τοὺς
2901 4041 3305 4119 ἀναϐαίνοντας,
3357 4047 3446 4103 καὶ
3476 4047 3567 4102 τὸν
3623 4048 3772 4121 ἅγιον

2125 4138 2370 4212 Σάτυρον
2431 4132 2723 4207 ἀναϐάντα,
2780 4136 2873 4193 καὶ
2921 4137 3221 4215 στραφέντα
3275 4137 3413 4212 πρὸς
3465 4137 3630 4207 αὐτὴν
3683 4137 3776 4192 καὶ

2123 4224 2368 4302 λέγοντο·
2406 4226 2597 4302 Μῆτὲρ
2634 4247 2738 4300 μου
2771 4227 3108 4301 Περπετούα,
3139 4226 3423 4301 περιμένω
3464 4247 3542 4284 σε.
3569 4231 3666 4281 Ἦν
3720 4223 3779 4281 δὶ

2119 4315 2212 4371 καὶ
2244 4316 2271 4370 ὁ
2303 4313 2536 4393 ἁδελφὸς
2579 4314 2748 4387 αὐτῆς
2801 4313 2853 4371 ἐν
2901 4315 3057 4393 ἑτέρᾳ
3114 4316 3355 4394 φυλακῇ⁸
3411 4316 3501 4371 καὶ
3534 4318 3636 4390 ὁρᾷ
3684 4315 3776 4372 καὶ

2121 4405 2247 4479 περὶ
2295 4406 2482 4479 αὐτοῦ,
2542 4404 2625 4461 ὅτι
2683 4406 2983 4479 παρίστατο
3016 4406 3219 4483 λεκάνῃ
3250 4403 3472 4468 ὕδατος·
3532 4406 3624 4461 καὶ
3684 4407 3781 4461 ἁν-

2118 4494 2265 4553 τλῶν
2325 4492 2498 4551 ἔπινεν
2555 4493 2607 4567 ἐξ
2665 4495 2855 4566 αὐτῆς·
2917 4495 3004 4551 καὶ
3062 4493 3228 4571 ἔγνω,
3288 4497 3373 4551 δτι
3432 4493 3775 4567 ἐτελεύτησεν

2120 4585 2210 4640 καὶ
2241 4585 2305 4639 τὸ
2338 4579 2485 4660 πρωΐ
2516 4582 2654 4654 αὐτή
2711 4583 2807 4657 μὶν
2839 4583 2977 4657 μετᾶ
3026 4580 3414 4657 Φηλικιτάτης
3460 4583 3565 4639 ὑπὸ
3596 4581 3778 4658 δαμά-

354 4691 543 4731 cornu
574 4675 1065 4733 transverberataa
1122 4684 1378 4735 mortem
1437 4680 1781 4754 Oppetiere:
1814 4682 2014 4739 cateri

2139 4684 2261 4729 ιεων
2319 4670 2523 4749 ἀγρίων
2572 4676 2966 4751 κερατισθεῖσαι
3025 4671 3310 4732 ἀπέθανοντ
3355 4674 3409 4730 οἱ
3468 4670 3526 4729 δὶ
3583 4670 3776 4730 λοιποὶ

351 4781 490 4820 vero
513 4764 771 4837 jugulati
794 4772 952 4823 sunt.

906 4863 1151 4921 EODEM
1189 4864 1444 4924 MENSE.

1027 4972 1132 5029 Die
1162 4974 1339 5030 tertia

352 5071 508 5147 156
532 5070 986 5147 commemoratio
1025 5075 1212 5128 sancti
1258 5081 1310 5128 et
1357 5072 1506 5142 justi
1559 5074 1847 5138 Simeonis.
1907 5079 2006 5147 qui

423 5143 713 5269 nginum
780 5144 839 5198 in
877 5144 1038 5200 ulnas
1086 5161 1212 5200 suas
1267 5147 1499 5216 accepit,
1549 5153 1601 5201 et
1656 5149 1835 5203 Anna:
1865 5143 2000 5220 pro-

418 5232 460 5286 ρ
506 5224 698 5271 ettssae.

420 5378 661 5435 Simeon
683 5396 887 5448 senex,
912 5379 1115 5452 justus
1145 5385 1205 5435 et
1257 5379 1414 5452 pius.
1454 5384 1517 5434 et
1546 5378 1620 5435 ab
1650 5382 1810 5437 omni
1842 5383 2000 5441 malo

348 5471 612 5542 seipsum
637 5470 1124 5537 abstinens,cum
1167 5470 1454 5542 templum
1482 5469 1765 5541 frequens
1787 5472 1999 5547 adiret,

347 5558 656 5630 Deumque
687 5564 906 5627 oraret,
934 5565 1000 5613 ut
1048 5559 1255 5613 mundi
1306 5558 1608 5626 misertus,
1660 5559 1936 5619 homines
1965 5580 2001 5620 a

347 5646 584 5703 diabolo
615 5650 901 5706 liberaret
932 5667 945 5716 ;
979 5648 1203 5703 audivit
1230 5648 1304 5703 ab
1331 5647 1562 5721 angelo,
1595 5665 1658 5705 se
1690 5667 1808 5707 non
1832 5654 1998 5726 prius

345 5736 724 5801 moriturum,
768 5752 949 5809 quam
980 5737 1209 5794 videret
1255 5737 1556 5794 Christum
1601 5738 1857 5811 Domini,
1893 5746 1996 5817 qui

345 5822 623 5880 universo
647 5824 776 5881 orbi
808 5824 1063 5883 salutem
1088 5827 1380 5883 allaturus
1411 5833 1587 5884 esset.
1623 5828 1909 5890 Similiter
1940 5840 1997 5890 et

2115 4765 2453 4845 ἐσφάγησαν.

2651 4863 2837 4923 MHNI
2886 4865 2978 4924 ΤΩ
3035 4864 3233 4923 ΑΥΤΩ.

2932 4965 2985 5019 Γ.

2113 5063 2326 5149 Μνημη
2358 5064 2461 5116 τοῦ
2490 5061 2522 5116 ἀ
2565 5059 2648 5117 ίου
2670 5060 2759 5116 καὶ
2793 5058 3007 5116 δικαίου
3060 5060 3291 5135 Συμεὼν
3349 5065 3448 5117 τοῦ
3479 5059 3775 5135 δεξαμένου

2183 5155 2277 5189 τον
2308 5082 2590 5189 Κύριονῖν
2621 5139 2744 5189 ταῖς
2777 5132 3048 5189 ἀγκάλαις
3072 5134 3264 5189 αὐτοῦ.
3320 5135 3412 5189 καί
3443 5135 3645 5189 Ἀννῃς
3672 5139 3775 5189 τῆς

2183 5132 2277 5189 τὸν
2308 5133 2506 5210 Κύριρν
2539 5132 2590 5189 ἐν
2621 5139 2744 5197 ταῖς
2777 5132 3048 5210 ἀγκάλαις
3072 5132 3264 5207 αὐτοῦ,
3320 5135 3412 5191 καὶ
3443 5132 3645 5207 Ἀννης
3672 5139 3777 5205 τῆς

2184 5202 2546 5283 προφήτιδος.

2181 5382 2242 5438 Ὁ
2275 5376 2584 5458 πρεσϐύτης
2643 5384 2895 5456 Συμεὼν,
2963 5383 3032 5452 ἦν
3096 5381 3305 5445 δίκαιος
3364 5381 3454 5438 καὶ
3513 5374 3779 5450 εὐλαϐὴς,

2111 5472 2465 5548 ἀπεχόμενος
2496 5473 2604 5528 ἀπὸ
2654 5473 2858 5534 παντὸς
2909 5476 3102 5544 κακοῦ,
3161 5469 3541 5548 προσεδρεύων
3600 5468 3659 5525 δὲ
3717 5468 3773 5525 ἐν

2108 5568 2190 5636 τῷ
2222 5564 2378 5638 ἱερῷ,
2429 5563 2521 5619 καὶ
2580 5560 2917 5638 παρακαλῶν
2974 5563 3066 5617 τὸν
3124 5563 3279 5628 Θεὸν,
3340 5560 3426 5615 ἵνα
3458 5559 3659 5634 ἐλεήσῃ
3687 5559 3782 5614 τὸν

2109 5651 2318 5726 κόσμον
2357 5652 2547 5724 αὐτοῦ,
2600 5652 2689 5707 καὶ
2748 5651 3105 5721 λυτρώσηται
3163 5652 3291 5714 τοὺς
3339 5651 3661 5728 ἀνθρώπου)
3715 5647 3778 5705 ἐκ

2106 5748 2203 5799 τοῦ
2237 5738 2527 5812 διαϐόλου,
2559 5741 2761 5811 ἢκουσε
2795 5741 2944 5817 παρᾶ
2993 5745 3093 5797 τοῦ
3150 5739 3437 5820 Ἀγγὲλου,
3500 5742 3577 5815 μὴ
3635 5738 3779 5793 ἀπο-

2111 5838 2312 5904 θανεῖν,
2342 5829 2447 5894 ’έως
2487 5829 2550 5887 οὗ
2578 5828 2671 5905 ἴδῃ
2717 5830 2810 5885 τὸν
2844 5831 3081 5907 Χριστὸν
3114 5835 3337 5911 Κυριου,
3365 5830 3460 5889 τὸν
3496 5828 3776 5907 μὲλλοντα
