4132 6438
305 413 428 476 293

1763 406 2076 473 FEBRUA
2085 408 2163 471 ill
2175 405 2298 474 US.

3617 418 3733 478 294

305 551 474 605 σῶσαι
503 545 607 615 τὴν
656 543 1015 618 οἴκουμένην.
1073 546 1324 617 Ὁμοίως
1375 544 1472 601 καὶ
1518 546 1690 600 Ἀννα
1736 545 1772 611 ἡ
1829 561 1952 617 προ.

2085 544 2259 600 Anna
2297 544 2681 618 prophetissa
2736 563 2935 614 orans,
2966 547 3126 605 idem
3156 548 3476 604 oraculum
3507 551 3744 622 accepit

304 641 464 717 φῆτις
517 634 967 710 προσευχομένη,
1028 632 1308 705 ἐξεδέχετο
1365 634 1452 690 καί
1512 634 1652 702 αὖτή
1709 631 1969 700 τοιαύτην

309 725 485 798 δόξαν·
548 724 954 800 πληρωθέντων
1016 723 1074 779 δὲ
1128 726 1525 798 τεσσαράκοντα
1577 725 1804 796 ἡμερῶν
1860 720 1966 776 ἀπὸ

309 824 407 887 τῆς
446 817 752 888 γεννήσεως
807 819 907 870 τοῦ
965 815 1226 886 Χριστοῦ,
1284 813 1496 889 ἤγαγον
1559 813 1611 867 οἱ
1667 816 1844 888 γονεῖς
1904 810 1966 866 τὸ

316 903 524 962 παιδίον
553 907 766 974 Ἰησοῦν
799 904 875 966 είς
933 904 996 958 τὸ
1054 905 1223 979 ἱερὸν,
1277 904 1414 959 κατᾶ
1443 905 1544 972 τήν
1573 899 1812 972 διάταξιν
1868 904 1967 956 τοῦ

322 997 488 1068 νόμου
539 995 638 1052 Καὶ
673 997 952 1068 κρατήσας
984 993 1145 1048 αὐτὸν
1170 994 1199 1048 ὁ
1229 992 1458 1066 Συμεὼν
1517 991 1594 1054 εἷς
1647 991 1744 1053 τὰς
1796 991 1961 1066 ἀγκά-

324 1083 418 1146 λας
445 1084 621 1147 αὐτοῦ,
656 1086 796 1138 εἶπε·
833 1084 944 1139 Νῦν
977 1081 1240 1144 ἀπολύεις
1266 1085 1358 1137 τὸν
1420 1080 1616 1137 δοῦλόν
1652 1101 1772 1148 σου,
1833 1082 1966 1134 Δεσ-

324 1194 453 1228 ποτα
479 1173 614 1227 κατᾶ
642 1174 706 1228 τὸ
735 1171 893 1248 ῥῆμα
921 1193 1016 1226 σου
1047 1170 1100 1226 ἐν
1133 1170 1348 1246 εἰρήνῃ,
1383 1170 1467 1226 ὅτι
1498 1168 1642 1226 εἶδον
1675 1169 1726 1224 οἱ
1759 1167 1966 1246 ὀφθαλ-

318 1261 409 1334 μοί
439 1282 548 1334 μου
603 1262 667 1316 τὸ
720 1260 992 1335 σωτήριόν
1053 1281 1171 1317 σου.
1255 1261 1354 1314 Καὶ
1413 1258 1796 1336 προφητεύσας
1840 1257 1965 1333 περί

307 1355 405 1405 τοῦ
437 1352 671 1405 θανάτου
698 1353 796 1405 τοῦ
828 1350 1091 1425 Χριστοῦ,
1123 1349 1216 1404 καὶ
1255 1349 1380 1423 περὶ
1429 1352 1528 1404 τοῦ
1559 1351 1816 1422 σταυροῦ,
1875 1348 1963 1402 καὶ

306 1447 407 1509 τῆς
439 1439 731 1506 Θεοτόκου,
763 1439 847 1495 ὅτι
893 1438 1272 1507 λυπηθήσεται
1305 1435 1496 1493 ἰδοῦσα
1540 1437 1632 1492 τὸν
1665 1438 1877 1507 Ἰησοῦν
1911 1434 1964 1491 ἐν

302 1534 384 1602 τῷ
415 1534 657 1604 σταυρῷ,
687 1529 984 1601 ἐκοιμήθη.
1017 1528 1260 1601 Ὁμοίως
1294 1527 1384 1582 καὶ
1410 1529 1446 1597 ἡ
1499 1527 1667 1583 Ἀννα
1704 1527 1967 1601 εὐχαρισ-

298 1622 518 1692 τήσασα
545 1621 706 1682 τέλος
739 1614 870 1696 ἔσχε
892 1622 991 1674 τοῦ
1021 1619 1166 1695 βίου.

899 1728 984 1801 Τῇ
1024 1725 1161 1800 αὐτῇ
1193 1724 1378 1800 ἡμέρᾳ

293 1833 573 1904 Ἀθλησις
600 1837 712 1888 τῶν
745 1831 909 1906 ἁγίων
947 1831 1237 1906 μαρτύρων
1265 1827 1548 1906 Ἀδριανοῦ
1563 1829 1654 1884 καὶ
1677 1824 1964 1886 Εῦϐόόλου

675 1901 1139 1979 μαρτυρησάντων
1179 1902 1231 1958 ἐν
1290 1901 1598 1974 Κιίισαρείᾳ.

372 1992 665 2070 Ἀδριανὸς
689 1995 778 2050 καὶ
817 1990 1100 2056 Εὔϐουλος
1134 1992 1186 2048 οἱ
1243 1997 1344 2047 τοῦ
1404 1995 1635 2063 Κριστοῦ
1668 1990 1959 2067 μάρτυρες,

298 2085 548 2161 ίγένοντο
579 2085 687 2141 ἀπὸ
718 2086 908 2160 χώρας
966 2085 1168 2146 Βανὲας
1236 2082 1747 2156 ἐπονομαζομὲνης.
1791 2084 1962 2156 Εἶχον

304 2174 366 2232 δὶ
398 2178 590 2244 πόθον,
646 2175 724 2238 ὡς
784 2175 1104 2250 Χριστιανοὶ
1161 2173 1253 2229 καὶ
1314 2168 1586 2240 εὐλαϐεῖς,
1643 2173 1781 2247 πρὸς
1839 2172 1966 2236 τοὺς

307 2267 606 2340 μάρτυρας,
655 2264 743 2321 καὶ
798 2266 931 2327 τοὺς
993 2263 1343 2338 ὁμολογητὰς
1395 2266 1493 2318 τοῦ
1550 2264 1798 2337 Χριστοῦ.
1861 2262 1962 2318 Καὶ

305 2352 400 2410 διὰ
428 2355 592 2410 τοῦτο
659 2352 907 2423 ἀπῆλθον
969 2353 1044 2415 εἷς
1108 2353 1454 2425 Καισάρειαν,
1480 2349 1571 2406 ’ίνα
1627 2351 1960 2425 ἐπισκέψων-

307 2467 396 2500 ται
417 2445 546 2506 τοῦς
577 2445 628 2499 ἐν
657 2447 783 2506 ταῖς
811 2442 1082 2521 φυλακαῖς
1111 2441 1524 2514 κολαζομένους
1581 2439 1794 2516 ἁγίους.
1857 2440 1960 2496 Καὶ

307 2533 638 2597 ἀπελθόντες
671 2532 1061 2589 ἐπεσκὲπτοντο
1119 2530 1336 2601 αὐτοὺς,
1395 2531 1488 2586 καὶ
1546 2532 1962 2605 παρεμυθοῦντο

302 2623 396 2679 καὶ
429 2622 931 2700 προεθυμοποίουν.
989 2618 1172 2680 ’Λλλᾶ
1225 2619 1317 2676 καὶ
1373 2618 1502 2682 τοὺς
1553 2617 1791 2690 ἔλληνας
1845 2617 1960 2674 ἐδί-

300 2713 502 2768 δασκον
531 2713 624 2768 τὸν
659 2713 828 2788 λόγον
856 2715 956 2767 τοῦ
985 2711 1246 2786 Χριστοῦ,
1299 2708 1391 2764 καὶ
1442 2707 1696 2770 πολλοὺς
1752 2707 1802 2781 ἐξ
1859 2710 1958 2764 αὐ-

303 2807 418 2857 τῶν
479 2798 789 2871 ἐϐάπτιζον.
851 2800 953 2858 Καὶ
1028 2798 1472 2876 διαγνωσθέντες,
1557 2796 1959 2872 ἐκρατήθησαν,

307 2891 402 2946 καὶ
430 2889 807 2965 παρεδόθησαν
841 2889 1198 2965 Φιρμιλιανῷ
1253 2893 1333 2960 τῷ
1383 2885 1632 2964 ἄρχοντι.
1669 2887 1765 2942 Καὶ
1797 2885 1958 2965 ἐτύφ-

312 2991 478 3051 θησαν
509 2980 775 3055 ίσχυρῶς·
831 2980 922 3035 καὶ
979 2978 1074 3040 τὰς
1113 2977 1354 3052 πλευρὰς
1390 2979 1525 3052 μετά
1571 2976 1742 3052 πυρὸς
1796 2996 1957 3033 κατε-

317 3070 548 3138 κάησαν.
580 3071 700 3125 Εἶτα
721 3067 1072 3140 ἀπελύθησαν
1105 3067 1192 3123 ἐπ’
1240 3066 1437 3129 αὐτοὺς
1467 3065 1708 3136 λέοντες,
1739 3067 1829 3122 καὶ
1859 3067 1960 3123 οὐκ

314 3155 574 3229 ἠδίκησαν
604 3159 815 3222 αὐτούς·
849 3158 976 3214 ἀλλ’
1007 3156 1338 3222 ἀπελθόντες
1369 3157 1422 3211 οἱ
1450 3154 1684 3226 λεοντες,
1707 3157 1798 3210 καὶ
1820 3177 1956 3230 προ-

1993 1915 2042 1982 Β

2081 634 2224 688 Cum
2258 635 2438 708 igitur
2492 637 2884 710 quadraginta
2935 639 3063 694 dies
3115 656 3149 694 a
3178 639 3482 694 nativitate
3514 639 3732 695 Christi

2078 721 2308 794 impleti
2359 727 2628 790 fuissent.
2690 745 3060 800 puerumque
3108 730 3307 785 Jesum
3363 737 3639 802 parentes
3671 732 3731 786 in

2080 813 2368 885 templum
2399 817 2806 885 adduxissent,
2840 820 3171 874 secundum
3214 821 3626 891 praescriptum
3653 821 3733 876 le-

2077 903 2185 974 gis,
2220 906 2522 976 accipiens
2554 923 2690 962 eum
2713 908 2950 963 Simeon
3007 910 3067 964 in
3109 910 3282 964 ulnas
3341 927 3502 974 suas,
3536 911 3681 965 dixit
3717 927 3730 966 :

2078 993 2248 1048 Nunc
2283 994 2535 1052 dimittis
2557 1014 2790 1053 servum
2823 1005 3010 1058 tuum.
3065 999 3337 1058 Domine.
3394 1000 3730 1055 secundum

2078 1081 2322 1138 verbum
2357 1091 2544 1154 tuum,
2579 1087 2640 1141 in
2662 1104 2803 1158 pace
2839 1106 2852 1141 :
2900 1087 3040 1158 quia
3073 1088 3346 1142 viderunt
3401 1089 3559 1144 oculi
3614 1089 3730 1144 mei

2076 1171 2337 1228 salutare
2372 1181 2558 1230 tuum.
2617 1178 2882 1248 Cumque
2941 1178 3359 1248 prophetasset
3408 1178 3479 1233 de
3511 1179 3728 1234 Christi

2076 1268 2289 1326 morte,
2323 1263 2512 1336 deque
2543 1267 3227 1338 cruce,etDeipara.quaa
3248 1268 3446 1322 Jesum
3479 1269 3539 1323 in
3554 1286 3728 1325 cruce

2076 1351 2439 1422 pendentem
2471 1355 2671 1411 visura
2702 1362 2861 1411 esset
2917 1361 2975 1412 et
3027 1373 3280 1413 mmrore
3329 1358 3726 1428 conﬁcienda,

2076 1440 2452 1500 obdormivit.
2505 1443 2792 1500 Similiter
2822 1452 2882 1502 et.
2928 1449 3100 1503 Anna
3127 1447 3346 1519 gratias
3378 1448 3496 1503 Deo
3528 1464 3729 1521 agens,

2075 1528 2260 1586 ﬁnem
2289 1531 2516 1588 vivendi
2543 1533 2704 1589 fecit.

2714 1748 2935 1804 Eodem
2973 1748 3070 1804 die

2077 1833 2224 1890 157
2253 1908 2258 1909 γ
2288 1835 2570 1892 Certamen
2619 1845 2932 1894 sanctorum
2997 1846 3305 1909 martyrum
3385 1840 3624 1895 Adriani
3674 1848 3727 1896 et

2216 1908 2442 1972 Eubuli,
2468 1912 2566 1979 qui
2593 1910 2848 1966 Casareae
2879 1908 3211 1980 martyrium
3235 1914 3389 1980 passi
3431 1919 3580 1966 sunt.

2146 1996 2444 2053 Adrianus
2477 2006 2535 2054 et
2559 1999 2846 2067 Eubulus,
2880 2001 3094 2055 Christi
3150 2009 3462 2072 martyres,
3515 2002 3575 2056 in
3636 2019 3727 2071 ea,

2073 2100 2252 2154 quam
2291 2087 2546 2144 Baneam
2579 2089 2806 2156 dicunt,
2867 2091 3110 2160 regione
3163 2090 3286 2144 nati
3364 2106 3499 2145 cum
3559 2091 3725 2145 Chri-

2071 2175 2248 2229 stiani
2281 2176 2486 2248 piique
2518 2185 2736 2246 essent,
2771 2195 3006 2234 summo
3039 2195 3178 2250 erga
3231 2186 3523 2252 martyres
3557 2181 3725 2234 Chri-

2071 2263 2266 2335 stique
2298 2268 2673 2323 confessores
2697 2269 2892 2323 studio
2924 2270 3144 2330 allecti.
3190 2269 3523 2324 Caesaream
3549 2271 3728 2341 petie-

2069 2360 2229 2424 runt,
2252 2361 2320 2410 ut
2365 2363 2603 2412 sanctos
2661 2359 2998 2412 carceribus
3056 2358 3321 2414 inclusos
3369 2359 3728 2418 visitarent:

2072 2447 2188 2512 quo
2207 2459 2342 2499 cum
2366 2447 2910 2517 pervenissent,eos
2931 2447 3240 2502 visitantes
3263 2448 3728 2504 consolabantur

2068 2537 2129 2587 et
2153 2533 2602 2591 confortabant:
2633 2536 2737 2592 sed
2797 2544 2855 2592 et
2912 2539 3166 2610 gentiles
3214 2539 3439 2593 Christi
3483 2539 3727 2594 verbum

2071 2618 2373 2688 docentes,
2418 2624 2639 2680 multos
2671 2641 2740 2680 ex
2767 2626 2851 2681 eis
2903 2625 3299 2697 baptizabant.
3324 2627 3513 2692 Quare
3545 2627 3727 2683 delati

2068 2714 2128 2764 et
2148 2711 2592 2783 comprehensi,
2627 2713 2973 2771 Firmiliano
3023 2716 3302 2786 praefecto
3355 2716 3675 2771 traduntur
3708 2733 3722 2772 :

2066 2799 2240 2872 cujus
2256 2800 2434 2871 jussu
2469 2803 2730 2874 primum
2756 2805 3103 2877 gravissime
3129 2805 3442 2861 caeduntur
3465 2824 3478 2859 :
3498 2812 3557 2861 et
3577 2805 3720 2862 faci-

2065 2885 2174 2942 bus
2207 2889 2268 2944 in
2303 2888 2591 2946 lateribus
2613 2893 2828 2961 exusti,
2852 2893 2927 2948 ad
2959 2893 3164 2949 leones
3195 2894 3576 2949 damnantur.
3608 2895 3721 2950 Sed

2067 2993 2201 3032 cum
2235 2979 2465 3034 nullam
2509 2981 2583 3035 iis
2615 2998 2829 3038 noxam
2852 2983 3726 3055 leonesintulissent,quinpo-

2063 3067 2181 3122 tius
2206 3084 2406 3124 coram
2435 3070 2520 3125 eis
2551 3071 2952 3142 procidentes.
2987 3072 3228 3128 illorum
3261 3071 3442 3144 pedes
3494 3073 3721 3128 lambe-

2064 3164 2218 3221 rent.
2242 3157 2578 3216 vehementi
2601 3162 2882 3219 incitatus
2924 3163 3013 3218 ira
3070 3163 3405 3234 praat‘ectus,
3457 3179 3559 3218 eos
3616 3163 3718 3218 de-

304 3252 656 3320 σκυνήσαντες
689 3249 909 3317 αὐτοὺς,
937 3247 1158 3325 ἔλειχον
1205 3247 1334 3311 τοὺς
1375 3245 1548 3308 πόδας
1602 3245 1800 3302 αὐτῶν·
1832 3247 1952 3303 τότε

304 3338 347 3358 εν
460 3349 480 3358 Α
518 3337 533 3354 ε
605 3339 620 3358 ι
663 3337 687 3352 "
758 3357 761 3358 ,
977 3337 991 3356 ἵ
1059 3342 1082 3352 τ
1127 3338 1181 3358 ﬂ,
1222 3339 1281 3358 ,~,
1324 3335 1618 3358 _(___v1_.-_
1681 3335 1916 3358 3__AU__!.

2069 3248 2272 3304 collari
2306 3249 2630 3320 mandavit,
2662 3259 2842 3324 atque
2863 3254 2946 3309 ita
2974 3254 3153 3308 vitam
3190 3252 3500 3310 ﬁnierunt.

295 3337 567 3413 ὀργισθεὶς
598 3339 627 3392 ὁ
661 3337 873 3414 ἅρχων,
904 3337 993 3392 καὶ
1015 3342 1096 3408 τῷ
1127 3338 1288 3408 θυμῷ
1323 3335 1642 3409 ὗπερζέσας,
1675 3335 1948 3410 ἀπεκεφά-

295 3424 446 3482 λισεν
477 3427 695 3490 αὐτούς’
727 3427 818 3482 καὶ
854 3424 1029 3487 οὕτως
1069 3424 1488 3496 ἐτελειώθησαν.

843 3535 1024 3592 ΜιιΝι
1056 3535 1146 3612 το
1177 3535 1380 3612 ΑΥΤῼ.

1079 3654 1132 3705 Δ.

277 3741 553 3814 Ἀθλησις
583 3745 692 3798 τῶν
721 3739 893 3818 ἁγίων
931 3736 1245 3818 μαρτρόρων,
1278 3737 1482 3808 Παπὶα,
1542 3732 1821 3814 Διοδώρου
1852 3737 1944 3794 καὶ

907 3809 1178 3868 Κλαυδίαν
1186 3815 1249 3865 οῦ
1262 3855 1271 3865 .

358 3906 592 3974 Παπίας,
626 3901 926 3979 Διόδωρος,
959 3900 1049 3957 καὶ
1084 3897 1420 3961 Κλαυδιανὸς
1454 3899 1505 3954 οἳ
1560 3896 1749 3955 σεπτοῖ
1803 3901 1944 3976 μάρ-

273 4016 442 4068 τυρες
472 3999 567 4050 τοῦ
598 3995 836 4066 Χριστοῦ
902 3992 1158 4066 ὑπῆρχον
1218 3989 1307 4045 ἐπὶ
1367 3989 1565 4044 Δεκίου
1621 3993 1718 4044 τοῦ
1779 3990 1942 4065 βασι-

279 4082 451 4150 λέως,
513 4083 573 4139 ἐκ
642 4091 742 4152 τῆς
800 4080 1016 4144 πόλεως
1073 4078 1406 4144 ’Λτταλείας,
1465 4081 1564 4147 τῆς
1625 4079 1941 4157 Παμφύλων

278 4173 898 4250 ἔπαρχὶας.Βὸσκοντες
942 4169 1001 4226 δὲ
1032 4169 1107 4232 εἷς
1162 4171 1261 4237 τὴν
1321 4166 1460 4223 ἰδίαν
1519 4167 1707 4244 χώραν
1766 4170 1940 4241 κτήνη

278 4262 542 4341 διάφορα,
577 4263 729 4336 ὅμως
763 4260 1081 4337 Χριστιανοὶ
1138 4260 1299 4328 ἦσαν,
1358 4257 1450 4312 καὶ
1504 4256 1788 4313 ἐδίδασκον
1817 4260 1942 4331 περί

274 4359 383 4409 τοῦ
414 4356 658 4427 Χριστοῦ
713 4351 840 4415 τοῦς
895 4346 1158 4420 ἵλληνας,
1208 4347 1298 4402 καὶ
1348 4346 1636 4422 ἑπέστεφον
1694 4344 1942 4410 πολλοὺς

273 4443 421 4508 πρὸς
486 4441 672 4498 αὐτόν.
762 4435 1158 4511 mmmam;
1226 4435 1309 4504 δὲ,
1396 4437 1774 4512 ἐκρατήθησαν
1839 4436 1943 4491 ὑπὸ

273 4530 570 4590 Πουπλίου
597 4535 696 4586 τοῦ
729 4531 999 4598 ἄρχοντος
1029 4535 1126 4598 τῆς
1177 4525 1532 4601 Παμφυλίας.
1585 4525 1681 4580 Καὶ
1732 4523 1940 4603 ἐρωτη-

268 4622 474 4691 θέντες,
507 4619 880 4696 ὡμολόγησαν
913 4616 1196 4694 παρῥησίᾳ
1223 4617 1286 4672 τὸ
1318 4612 1490 4688 ὄνομα
1550 4619 1646 4670 τοῦ
1677 4618 1932 4690 Χριστοῦ,

267 4714 373 4768 τοῦ
402 4710 666 4778 ἀληθινοῦ
711 4713 846 4766 Θεοῦ
908 4710 1093 4782 ἡμῶν,
1150 4705 1240 4762 καὶ
1299 4702 1570 4776 ἐδίδαξαν,
1631 4704 1714 4760 ὅτι
1771 4705 1932 4771 αὐτός

269 4803 419 4858 ἔστιν
453 4802 482 4857 ὁ
511 4803 753 4873 ποιήσας
789 4801 883 4856 τὸν
912 4798 1162 4875 οὐρανὸν,
1193 4795 1294 4853 καί
1347 4796 1446 4864 τὴν
1500 4801 1628 4870 γῆν,
1689 4795 1781 4851 καὶ
1839 4797 1940 4866 τήν

277 4891 577 4957 θάλασσαν,
618 4892 709 4946 καὶ
741 4891 916 4946 πάντα
943 4889 1013 4944 τὰ
1070 4886 1124 4943 ἐν
1182 4885 1392 4949 αὐτοῖς,
1454 4885 1546 4940 καὶ
1595 4885 1742 4955 πλὴν
1774 4886 1942 4941 αὐτοῦ

277 4980 452 5042 ἄλλος
477 4982 606 5043 Θεὸς
635 4981 736 5036 οὐκ
786 4978 921 5039 ἔστι.
983 4981 1163 5036 Ταῦτα
1192 4975 1430 5036 ἀκούσας
1462 4976 1490 5030 ὁ
1540 4975 1792 5050 ἡγεμὼν,
1847 4975 1938 5031 καὶ

279 5070 565 5145 χολώσας,
599 5070 984 5145 ἐτιμωρήσατο
1036 5066 1233 5126 αὐτοὺς
1293 5066 1560 5140 ἰσχυρῶς.
1591 5064 1679 5127 Ὦς
1742 5063 1798 5119 δὲ
1839 5064 1939 5120 οὐκ

283 5157 482 5216 ἔπεισεν
513 5161 846 5235 ἀρνήσασθαι
875 5159 967 5214 τὸν
1025 5161 1291 5232 Χριστόν,
1341 5154 1480 5233 ξίφει
1539 5155 1636 5217 τὰς
1693 5153 1934 5233 κεφαλὰς

283 5249 452 5305 αὐτῶν
474 5250 732 5322 ἀπέτεμε·
765 5248 857 5304 καὶ
890 5247 1035 5304 οῦτω
1062 5241 1466 5315 τελειωθέντες,
1522 5243 1792 5314 ἐτάφησαν
1829 5245 1933 5300 ὑπὸ

274 5343 380 5396 τῶν
411 5341 757 5416 Χριστιανῶν
791 5338 1046 5412 ἐντίμως,
1079 5337 1154 5399 εἷς
1183 5333 1340 5409 δόξαν
1370 5336 1608 5412 Χριστοῦ
1638 5340 1737 5390 τοῦ
1795 5339 1932 5391 Θεοῦ

269 5431 459 5504 ἡμῶν·

847 5522 925 5593 Τῇ
983 5516 1120 5592 αὖτῇ
1174 5515 1360 5590 ἡμέρᾳ

371 5620 598 5694 Μμήμη
629 5621 731 5674 τοῦ
763 5615 920 5694 ὁσίου
953 5616 1182 5694 [ἰατρὸς¹
1212 5617 1375 5687 ἡμῶν
1411 5609 1693 5688 Ἰσιδώρου
1723 5619 1820 5670 τοῦ

899 5687 1315 5759 Πηλοῦσιώτυυ.

334 5791 508 5856 Οὗτος
539 5792 568 5847 ὁ
602 5792 763 5868 ἅγιος
797 5788 1098 5864 Αἰγύπτιος
1144 5787 1355 5862 ἐγένετο
1385 5784 1492 5840 ἀπὸ
1532 5783 1752 5847 πόλεως
1809 5792 1928 5859 Πη-

2613 3527 2857 3585 EODEM
2897 3521 3150 3585 MENS‘E.

2720 3645 2819 3701 Die
2851 3651 3063 3717 quarta

2054 3727 2202 3788 158
2231 3731 2520 3789 Certamen
2546 3740 2866 3791 sanctorum
2896 3741 3207 3806 martyrum
3245 3733 3455 3806 Papia,
3492 3733 3720 3790 Diodori

2680 3815 2733 3862 et
2773 3808 3096 3864 Claui-iani.

2125 3913 2358 3986 Papias,
2419 3914 2712 3971 Diodorus
2761 3921 2820 3972 et
2893 3915 3280 3983 Claudianus,
3341 3915 3716 3972 venerabiles

2054 4001 2267 4058 Christi
2294 4010 2603 4076 martyres.
2629 4005 2803 4061 Decio
2835 4006 3218 4078 imperatore,
3243 4022 3311 4061 ex
3332 4006 3478 4060 urbe
3496 4006 3712 4061 Attalia

2053 4091 2115 4146 in
2149 4093 2386 4166 regione
2417 4094 2782 4166 Pamphylia;
2800 4095 3058 4152 fuerunt.
3098 4097 3417 4152 Pascentes
3432 4095 3714 4150 autemin

2055 4182 2296 4252 propria
2327 4181 2566 4254 regione
2589 4183 3327 4251 diversaanimalia,simu1
3351 4185 3532 4240 etiam
3550 4183 3716 4238 Chri-

2055 4270 2238 4325 stiani
2272 4277 2463 4339 erant,
2491 4272 2853 4343 verbumque
2883 4273 3104 4329 Christi
3130 4272 3719 4342 gentilesdocebant,

2056 4375 2314 4429 quorum
2339 4360 2637 4431 plurimos
2667 4360 2742 4416 ad
2795 4363 2992 4432 ipsum
3047 4359 3490 4416 convertebant.
3525 4361 3717 4424 Quare

2054 4446 2257 4510 delati,
2294 4455 2352 4504 et
2380 4466 2414 4505 a
2445 4449 2655 4505 Publio
2687 4450 3052 4522 Pamphyliae
3110 4449 3390 4522 praefecto
3443 4465 3716 4520 compre-

2053 4535 2248 4604 hensi,
2281 4545 2460 4609 atque
2493 4539 2862 4612 interrogati,
2921 4555 3138 4613 magna
3186 4538 3462 4594 libertate
3493 4554 3714 4592 nomen

1966 4666 2013 4731 Β
2055 4626 2270 4681 Christi
2303 4627 2424 4683 veri
2457 4627 2560 4683 Dei
2619 4629 2807 4684 nostri
2866 4629 3124 4685 confessi
3184 4636 3348 4698 sunt,
3404 4629 3711 4698 docentes,

2049 4720 2256 4791 ipsum
2287 4735 2416 4776 esse
2445 4720 2545 4793 qui
2576 4720 2717 4777 fecit
2742 4721 3048 4789 caalum,et
3079 4727 3320 4790 terram,
3355 4727 3413 4778 et
3437 4737 3623 4790 mare,
3657 4727 3716 4778 et

2055 4809 2260 4866 omnia
2313 4827 2443 4882 quae
2477 4811 2540 4866 in
2593 4811 2680 4868 eis
2739 4818 2900 4878 sunt,
2951 4830 3062 4869 nec
3111 4829 3239 4868 esse
3289 4811 3476 4868 alium
3524 4811 3714 4868 Deum

2051 4905 2269 4971 praeter
2287 4901 2736 4971 ipsum.Quibus
2757 4903 2978 4959 auditis
2993 4902 3434 4960 excandescens
3455 4903 3495 4958 1
3509 4903 3609 4960 59
3624 4902 3714 4959 ira

2051 4989 2369 5061 prmfectus
2401 4993 2746 5064 gravissime
2780 5009 2882 5048 eos
2910 4994 3271 5050 excruciavit
3294 5013 3306 5048 :
3333 5010 3595 5064 cumque
3639 4991 3714 5048 ad

2049 5078 2470 5153 abnegandum
2523 5083 2826 5138 Christum
2861 5084 3144 5141 inducere
3177 5086 3475 5156 nequiret,
3508 5083 3706 5156 gladio

2049 5169 2243 5240 capita
2264 5171 2561 5242 amputari
2597 5171 2819 5243 jussit:
2874 5190 3128 5245 quorum
3189 5190 3440 5246 corpora
3473 5188 3506 5227 a
3539 5170 3708 5225 Chri~

2047 5258 2256 5313 stianis
2280 5259 2610 5317 honoriﬁce
2636 5261 2872 5334 sepulta
2904 5269 3046 5319 sunt
3073 5263 3148 5319 ad
3177 5263 3431 5337 gloriam
3489 5257 3708 5315 Christi

2043 5345 2147 5401 Dei
2189 5349 2404 5404 nostri.

2687 5531 2910 5588 Eodem
2951 5532 3048 5588 die

2108 5624 2265 5679 160
2296 5624 2976 5756 Commemoratiqjsanetit
2989 5631 3174 5686 Patris
3207 5630 3389 5684 nostri
3418 5625 3632 5683 Isidori

2783 5720 2808 5756 ε
2835 5719 2949 5756 uszo
2979 5718 3044 5756 ae.

2783 5718 3044 5757 ειιιειοιεε.

2105 5795 2221 5850 Iste
2254 5802 2495 5852 sanctus
2529 5799 2830 5872 Egyptius
2852 5816 2922 5855 ex
2953 5799 3100 5854 urbe
3133 5797 3704 5867 Pelusio,nobilibus
