4132 6468
373 421 488 484 995

1696 407 2123 472 MENOLOGH
2170 409 2368 473 PARS
2414 412 2488 473 ll.

3684 417 3804 476 9.96

373 557 607 630 piisque
659 554 1010 628 parentibus
1070 558 1266 617 natus,
1315 547 1651 620 Theophili,
1701 551 1762 602 et
1817 543 2024 618 Cyrilli

2143 542 2356 600 λουσίου
2414 544 2746 622 λεγομένης,
2803 545 2920 609 υίὸς
2977 544 3212 620 εὐγενῶν
3266 545 3354 601 καὶ
3405 542 3644 602 εὐσεϐῶν
3696 568 3800 624 γο-

373 646 749 703 Alexandriae
782 645 1194 716 episcoporum
1229 640 1622 711 propinquus,
1684 636 1868 692 sacris
1891 651 2024 706 pro-

374 736 648 807 fanisque
705 734 920 789 litteris
981 733 1202 802 optime
1240 731 1569 784 instructus
1597 733 1728 793 est;
1762 725 1865 780 sed
1923 722 2030 778 Dei

377 842 639 882 amorem
675 822 890 878 saeculo
926 837 1302 893 prmponens.
1327 817 1694 890 parentibus,
1729 815 1940 886 opibus
1973 817 2032 867 et

376 916 565 988 gloria
595 913 901 968 abdicatis.
931 912 992 965 in
1025 916 1288 965 montem
1318 925 1436 963 non
1471 906 1675 978 procul
1703 922 1738 959 a
1793 902 2029 958 Pelusio

374 1005 620 1060 secessit
653 1020 664 1057 :
698 1003 799 1057 ubi
823 1001 1156 1057 monachus
1187 1000 1705 1068 factus,vitamquc
1737 992 2028 1063 tranquil-

377 1093 494 1148 lam
527 1109 726 1164 agens,
753 1107 993 1146 omnem
1025 1106 1263 1161 operam
1319 1103 1485 1142 suam
1542 1103 1700 1140 nunc
1732 1082 2028 1156 precibus,

374 1199 535 1236 nunc
559 1181 845 1235 librorum
871 1179 1356 1234 commentationi
1373 1173 1779 1241 dabat,orbem
1799 1172 2034 1226 univer-

378 1287 510 1326 sum
533 1269 804 1341 epistolis
873 1270 995 1324 suis
1036 1268 1411 1332 illuminans,
1465 1279 1792 1334 omnesque
1835 1276 2033 1316 sacras

378 1361 713 1432 Scripturas
737 1359 809 1413 iis
831 1357 1433 1430 exponens.Cumque
1458 1355 1679 1409 multos
1697 1351 2030 1414 direxisset,

379 1454 436 1503 et
465 1448 784 1502 virtutibus
833 1447 1027 1502 claros
1059 1446 1354 1502 effecisset
1387 1447 1532 1515 (non
1572 1443 1732 1498 enim
1777 1441 2035 1512 privatos

361 1544 609 1592 tantum
638 1535 1025 1608 epistolarum
1059 1551 1301 1590 suarum
1331 1533 1615 1590 doctrinis
1629 1529 1898 1604 juvahat,
1931 1526 2035 1582 sed

377 1626 558 1682 etiam
580 1626 907 1698 principes,
931 1631 989 1680 et
1019 1625 1353 1696 episcopos,
1378 1629 1437 1678 et
1465 1623 1858 1693 imperatores
1885 1634 1898 1672 :
1931 1617 2038 1672 de-

377 1717 498 1772 cies
528 1722 727 1772 autem
769 1715 936 1770 mille
997 1714 1283 1786 epistolas
1316 1711 1715 1784 conscripsit),
1745 1710 1864 1764 vita
1894 1723 2032 1763 san-

383 1805 648 1862 ctissime
681 1810 979 1861 transacta
1011 1803 1391 1861 obdormivit.

1019 2073 1244 2129 Eodem
1292 2073 1388 2128 die

488 2167 638 2222 ιθι
667 2165 951 2223 Certamen
979 2165 1317 2289 sacrlqsancti
1362 2165 1626 2232 martyris
1671 2159 1928 2215 Abramii

1139 2251 1289 2289 ersae.

1139 2251 1289 2290 ετδεθ.

453 2417 771 2472 Abramius
803 2420 1224 2486 sacromartyr,
1252 2413 1565 2486 cujusdam
1597 2411 1763 2468 urbis
1794 2413 1856 2466 in
1884 2411 2028 2466 Per-

391 2507 519 2562 side
551 2507 888 2578 episcopus,
923 2505 1141 2576 Sapore
1172 2505 1485 2559 Persarum
1517 2504 1713 2576 potius
1753 2509 2030 2575 tyranno,

377 2614 558 2668 quam
590 2612 745 2668 rege,
781 2602 1092 2651 accusatus
1125 2611 1158 2649 a
1197 2595 1397 2667 Magis.
1433 2594 1533 2665 qui
1568 2610 1763 2665 ignem
1813 2593 2032 2648 solem-

376 2705 490 2758 que
523 2687 818 2752 colebant,
855 2684 1013 2755 quod
1043 2685 1102 2739 in
1143 2685 1441 2738 Christum
1475 2685 1746 2738 crederet
1775 2697 2031 2753 eumque

386 2780 706 2843 adoraret,
766 2776 1343 2848 comprehenditur,
1413 2776 1744 2846 ferreisque
1804 2775 2031 2831 catenis

376 2870 627 2925 vinctus.
665 2868 735 2923 ad
770 2867 1099 2938 principem
1129 2883 1435 2939 magorum
1469 2866 1787 2921 adducitur
1819 2882 1890 2933 ;a
1914 2880 2028 2936 quo

381 2958 727 3028 compulsus
751 2957 1044 3011 Christum
1080 2957 1334 3027 ejurare.
1361 2963 1420 3011 et
1457 2963 1783 3018 creaturas.
1843 2956 2030 3010 solem

376 3047 609 3102 scilicet
630 3047 951 3117 ignemque
984 3044 1232 3100 adorare
1266 3045 1399 3114 (hos
1429 3045 1589 3099 enim
1621 3045 1869 3100 deorum
1900 3044 2032 3099 loco

374 3135 603 3191 seducti
640 3139 828 3189 Persae
872 3133 1190 3204 habebant)
1226 3151 1238 3188 :
1269 3151 1403 3188 cum
1463 3133 1538 3189 ad
1570 3133 1627 3188 id
1679 3134 1878 3188 induci
1911 3150 2032 3189 non

374 3231 595 3298 posset,
628 3226 960 3280 innumeris
995 3225 1307 3280 tormentis
1339 3224 1756 3296 subjicitur,ad
1777 3240 2032 3296 quorum

381 3315 620 3388 singula
649 3314 946 3369 Christum
981 3314 1283 3380 invocans,
1337 3313 1569 3381 aiebat;
1603 3315 1851 3369 Domine
1893 3314 2029 3368 Jesu
2063 3284 2107 3348 Ο

371 3406 600 3460 Christe
635 3405 808 3471 Deus,
841 3405 1054 3476 adjuva
1085 3420 1178 3459 me
1201 3419 1434 3459 servum
1467 3409 1656 3469 tuum,
1689 3405 1830 3475 quia
1887 3403 1947 3458 in
1975 3409 2030 3458 te

375 3495 625 3551 conﬁdit
649 3495 851 3550 anima
881 3511 1032 3550 mea.
1062 3496 1384 3566 Postquam
1432 3501 1631 3550 autem
1653 3511 1688 3550 a
1719 3493 2030 3550 tormentis

374 3589 615 3656 ereptus
646 3590 825 3649 esset,
847 3584 908 3638 in
933 3600 1231 3640 carcerem
1265 3583 1606 3640 detruditur
1644 3600 1656 3638 :
1691 3582 1848 3638 unde
1897 3601 2030 3638 rur-

369 3690 468 3729 sus
492 3672 762 3737 eductus,
797 3677 1128 3742 tortusque,
1160 3672 1402 3728 demum
1433 3673 1651 3745 gratias
1673 3673 1792 3728 Deo
1825 3689 2027 3745 agens,

372 3761 724 3816 decollatur.

938 3955 1180 4013 EODEM
1213 3957 1466 4013 MENSE.

1051 4063 1154 4119 Die
1187 4063 1396 4135 quinta

546 4190 700 4246 102
727 4190 1011 4248 Certamen
1052 4197 1256 4247 sancta:
1290 4189 1526 4261 Agathe
1561 4194 1845 4262 martyris.

437 4372 655 4442 Martyr
685 4369 898 4425 Christi
932 4369 1156 4442 Agatha
1180 4370 1458 4426 Panormi
1503 4371 1562 4425 in
1616 4370 1816 4426 Sicilia
1865 4377 2025 4438 nata,

364 4461 574 4526 forma,
610 4462 849 4532 pietate,
885 4461 1128 4529 divitiis,
1163 4461 1388 4532 Deique
1419 4461 1631 4517 timore
1670 4463 1848 4531 clara,
1886 4469 2028 4518 tem-

367 4550 612 4621 poribus
645 4549 812 4621 impii
840 4549 1219 4620 imperatoris
1241 4550 1399 4605 Decii
1423 4551 2028 4622 comprehensa,etad

2137 637 2272 690 νέων
2332 641 2605 711 συγγενεῖς
2665 633 2721 691 δὲ
2783 633 2930 711 ἔχων
2993 634 3288 711 Θεόφιλον,
3347 636 3439 690 καὶ
3528 635 3801 713 Κύριλλον

2135 725 2264 787 τοὺς
2294 727 2393 794 τῆς
2438 723 2850 798 Ἀλεξανδρείας
2913 723 3276 790 ἐπισκόπους,
3337 721 3531 798 ἔμαθεν
3593 726 3654 782 οὐ
3698 728 3801 800 μό·

2138 837 2232 869 νον
2261 815 2327 870 τὰ
2365 816 2485 888 ἱερὰ
2535 816 2838 890 γράμματα
2888 821 2988 884 τῆς
3047 810 3155 870 ἔσω
3219 822 3456 894 γραφῆς,
3517 815 3665 871 ἀλλὰ
3713 815 3804 872 καὶ

2137 913 2236 976 τῆς
2269 902 2391 976 ἔξω,
2421 906 2510 961 καὶ
2544 906 2756 980 ἐγένετο
2791 905 2980 983 σοφός.
3045 905 3363 980 ’Δγαπησας
3423 903 3482 960 δὲ
3538 907 3632 961 τὸν
3667 907 3798 962 Θεὸν

2138 995 2329 1051 πλεῖον
2357 1000 2453 1050 τοῦ
2484 997 2719 1070 κόσμου,
2751 995 3014 1051 κατέλιπε
3070 997 3158 1050 καὶ
3219 1002 3418 1070 γονεῖς,
3477 995 3569 1050 καὶ
3622 993 3804 1050 πλοῦ-

2138 1107 2255 1156 τον,
2286 1086 2376 1141 καὶ
2410 1084 2588 1156 δόξαν.
2627 1087 2731 1142 Καὶ
2775 1081 3044 1141 κατέλαϐε
3101 1088 3162 1140 τ6
3223 1082 3376 1160 ὅρος,
3435 1086 3497 1140 τὸ
3557 1084 3799 1156 πλησίον

2138 1177 2387 1248 κείμενον
2415 1180 2512 1230 τοῦ
2561 1175 2902 1246 Πηλουσίου,
2959 1174 3050 1229 καὶ
3105 1173 3310 1248 ἐγένετο
3375 1174 3646 1248 μοναχός.
3706 1177 3797 1232 Ἐν

2141 1265 2187 1336 ᾧ
2218 1265 2309 1318 καὶ
2351 1265 2672 1339 ἡσυχάζων,
2727 1265 2816 1318 καὶ
2865 1268 2946 1336 τῷ
2999 1268 3118 1335 Θεῷ
3179 1265 3647 1339 προσευχόμενος,
3705 1263 3802 1318 καὶ

2139 1354 2233 1416 τὰς
2267 1350 2496 1430 βίϐλους
2529 1353 2863 1427 ἐκμελετῶν,
2893 1366 2995 1422 την
3055 1347 3385 1426 οἰκουμένην
3435 1353 3644 1407 ἃπασαν
3707 1349 3796 1407 διὰ

2139 1450 2249 1501 τῶν
2309 1444 2611 1501 ἐπιστολῶν
2666 1447 3024 1523 κατεφώτισε,
3083 1450 3254 1500 πᾶσαν
3313 1445 3534 1523 Γραφήν
3590 1441 3659 1499 δι’
3698 1441 3797 1498 αὖ-

2143 1540 2250 1592 τῶν
2292 1534 2657 1610 ἑρμηνεύσας,
2687 1535 2775 1590 καὶ
2834 1533 3084 1596 πολλοὺς
3144 1530 3472 1608 διορθώσας,
3530 1533 3622 1588 καὶ
3677 1533 3795 1587 ἐνα-

2145 1627 2331 1699 ρέτους
2371 1625 2751 1700 ἐργασάμενος·
2813 1623 2878 1678 οὐ
2933 1622 3097 1697 μόνον
3142 1623 3246 1698 γὰρ
3305 1620 3532 1686 ΐδιώτας
3588 1620 3793 1698 ὡφέλει

2145 1708 2234 1767 διὰ
2253 1717 2352 1781 τῆς
2384 1708 2738 1772 διδασκαλίας
2766 1714 2875 1765 τῶν
2924 1707 3230 1765 ἐπιστολῶν
3259 1707 3449 1780 αὐτοῦ,
3508 1705 3656 1762 ἀλλὰ
3710 1705 3803 1761 καί

2144 1795 2436 1872 ἄρχοντας,
2494 1797 2583 1852 καὶ
2649 1795 3003 1862 ἐπισκόπους,
3057 1793 3145 1851 καὶ
3201 1791 3472 1871 βασιλεῖς.
3551 1786 3689 1848 Δέκα
3743 1789 3802 1848 δὲ

2063 1884 2402 1978 Βχιλιάδοις
2459 1887 2674 1962 γράψας
2734 1884 3050 1956 ἐπιστολὰς,
3133 1884 3224 1939 καὶ
3306 1883 3494 1946 καλῶς
3570 1882 3798 1958 βιώσας,

2145 1975 2344 2049 ἐκοιμη
2354 1977 2446 2046 θη.

2732 2083 2815 2155 Τῇ
2847 2079 2984 2153 αὐτῇ
3015 2081 3199 2154 ἡμέρᾳ

2218 2169 2486 2242 ’Λθλησις
2515 2173 2612 2225 τοῦ
2640 2172 2799 2247 ἁγίου
2841 2170 3240 2296 ἱῦρέομαρτυρος
3290 2161 3596 2242 ’Δϐραμίου
3624 2171 3723 2224 τοῦ

2939 2261 3091 2318 ρσου.

2218 2419 2518 2498 Ἀϐράμιος
2574 2425 2604 2478 ὁ
2657 2423 2986 2496 ἱερομάρτυς
3044 2421 3292 2495 ὑπῆργεν
3345 2418 3636 2480 ἐπίσκοπος
3673 2421 3800 2490 μιᾶς

2145 2514 2363 2576 πόλεως
2419 2519 2528 2569 τῶν
2580 2511 2630 2567 ἐν
2693 2509 2934 2585 Περσίδι,
2990 2509 3076 2566 ἐπὶ
3113 2505 3400 2583 Σαϐωρίου
3447 2514 3544 2563 τοῦ
3577 2511 3798 2584 Περσῶν

2144 2603 2409 2679 τυράννου
2444 2601 2681 2675 μόἱλλον⁹
2841 2601 3133 2676 βασιπέως.
3186 2596 3544 2670 Λοιδορηθεὶς
3594 2595 3651 2651 δὲ
3707 2595 3801 2650 καὶ

2147 2689 2469 2762 διαϐληθεὶς
2501 2692 2646 2767 παρὰ
2675 2696 2781 2746 τῶν
2814 2692 2876 2746 τὸ
2909 2695 3015 2765 πῦρ
3055 2690 3145 2744 καὶ
3205 2691 3294 2744 τὸν
3345 2687 3508 2758 ἥλιον
3566 2682 3798 2761 σεϐομὲο

2145 2807 2250 2840 νων
2314 2783 2540 2858 Μάγων,
2609 2781 2692 2836 ’ὁτι
2745 2785 2823 2852 τῷ
2881 2783 3103 2853 Χριστῷ
3159 2778 3424 2848 πιστεύει,
3485 2778 3576 2832 καὶ
3636 2779 3800 2835 αὐτὸν

2145 2869 2390 2940 σέϐεται,
2446 2871 2744 2945 ἐκρατήθη.
2806 2870 2907 2926 Καὶ
2983 2866 3156 2930 δεθεὶς
3235 2864 3466 2940 δεσμοῖς
3530 2865 3800 2942 σιδηροῖς,

2145 2964 2441 3039 προσήχθη
2474 2964 2552 3031 τῷ
2584 2959 2940 3034 Ἀρχιμάγῳ.
2992 2957 3089 3012 Καὶ
3124 2959 3210 3012 ὑπ’
3243 2955 3449 3012 ἐκείνου
3484 2957 3793 3031 ἠναγκάσθη

2145 3055 2478 3128 ἀρνήσασθαι
2562 3051 2655 3105 τὸν
2715 3049 2970 3124 Χριστὸν,
3053 3047 3142 3103 καὶ
3223 3054 3596 3123 προσκυνῆσαι
3675 3053 3792 3111 τοῖς

2143 3143 2424 3214 κτίσμασι,
2455 3145 2536 3212 τῷ
2565 3139 2733 3212 ἡλίῳ,
2767 3137 2856 3193 καὶ
2913 3142 2993 3210 τῷ
3042 3136 3193 3212 πυρί.
3252 3141 3431 3192 Ταῦτα
3485 3136 3588 3210 γὰρ
3642 3139 3796 3211 εἶχον

2145 3231 2219 3293 ὡς
2240 3229 2393 3292 θεοὺς
2423 3229 2474 3284 οἱ
2507 3226 2922 3299 πεπλανημένοι
2956 3228 3173 3300 [Ῐὲρσαι.
3211 3227 3300 3290 Ὧς
3331 3223 3388 3281 δὲ.
3419 3227 3518 3282 οὐκ
3547 3225 3796 3297 ἐπείσθη,

2145 3319 2365 3395 μυρίαις
2396 3312 2680 3387 ὖπεϐλήθη
2708 3317 3027 3390 τιμωρίαις.
3063 3316 3163 3372 Καὶ
3195 3317 3330 3371 κατὰ
3391 3327 3517 3389 μιαν
3551 3316 3778 3389 βάσανον

2141 3407 2464 3464 ἐπεκαλεῖτο
2521 3406 2616 3461 τὸν
2695 3404 2958 3480 Χριστὸν,
3018 3404 3106 3460 καὶ
3167 3403 3370 3482 ἔλεγεν·
3423 3405 3583 3480 Κύριε
3615 3404 3793 3476 Ἰησοῦ

2140 3497 2358 3572 Χριστέ,
2391 3497 2418 3551 ὁ
2451 3495 2602 3564 Θεὸς,
2632 3494 2821 3568 βοήθει
2856 3514 2950 3566 μοι
2981 3498 3060 3565 τῷ
3085 3491 3272 3566 δούλῳ
3303 3514 3420 3561 σου,
3452 3493 3534 3548 ὅτι
3587 3492 3674 3548 ἐπὶ
3708 3492 3794 3549 σοὶ

2139 3583 2394 3643 πέποιθεν
2427 3587 2462 3655 ἡ
2491 3584 2645 3658 ψυχή
2683 3599 2809 3657 μουο
2853 3583 2943 3638 καὶ
3002 3581 3091 3637 ὅτε
3137 3581 3370 3658 ἐῤῥύσθη
3402 3590 3502 3651 τῆς
3535 3583 3792 3658 βασάνου,

2137 3673 2459 3731 ἆπεκλείετο
2490 3673 2542 3728 ἐν
2559 3675 2629 3745 τῇ
2663 3670 2903 3747 φυλακῇ·
2933 3671 3023 3727 καὶ
3053 3671 3219 3727 πάλιν
3282 3671 3344 3727 ἐκ
3395 3674 3496 3742 τῆς
3545 3671 3799 3751 φυλακῆς

2139 3759 2576 3836 ἐκϐαλλόμενος,
2634 3755 2999 3830 ἐϐασανίζετο·
3053 3759 3143 3816 καὶ
3192 3758 3509 3817 τελευταῖον
3564 3765 3644 3834 τῷ
3672 3763 3789 3836 Θεῴ

2139 3853 2500 3932 εὐχαριστῶν,
2534 3850 2964 3929 ἀπεκεφαλίσθη.

2671 3952 2850 4009 uHNi
2905 3957 2990 4029 τᾳ
3048 3953 3248 4032 Αγτᾳ.

2939 4067 2992 4124 Ε⁴

2349 4185 2622 4257 Ἀθλησις
2652 4191 2752 4255 τῆς
2783 4183 2942 4260 ἁγίας
2988 4185 3263 4262 μάρτυρος
3315 4183 3572 4260 Ἀγάθης.

2205 4375 2268 4428 Ἥ
2303 4371 2508 4446 μάρτυς
2567 4372 2665 4423 τοῦ
2725 4369 2962 4442 Χριστοῦ
3021 4367 3246 4442 Ἀγάθη,
3309 4364 3520 4441 ἐγένετο
3575 4364 3634 4420 ἐκ
3691 4373 3791 4434 τῆς

2137 4463 2354 4523 πόλεως
2411 4459 2700 4531 Πανόρμου
2748 4463 2848 4526 τῆς
2904 4455 2956 4511 ἐν
3020 4454 3262 4528 Σικελίᾳ·
3326 4454 3595 4532 εὔμορφος
3651 4454 3790 4509 πάνυ

2137 4554 2227 4608 καὶ
2291 4549 2483 4624 ὡραία·
2540 4550 2605 4616 ἦν
2668 4544 2726 4601 δὲ
2791 4545 2881 4600 καὶ
2941 4540 3202 4614 εὐλαϐής,
3261 4545 3354 4600 καὶ
3413 4543 3671 4614 πλουσία,
3698 4544 3791 4599 καὶ

369 4638 714 4710 praefectum
739 4639 1058 4708 provinciae
1091 4638 1366 4706 adducta,
1400 4641 1770 4711 Aphrodisias
1789 4641 2027 4697 mulieri

2143 4641 2229 4696 τὸν
2279 4639 2408 4694 Θεὸν
2470 4630 2812 4715 φοϐουμένη.
2886 4634 3009 4691 Ἐπὶ
3070 4631 3127 4688 δὲ
3208 4636 3310 4702 τῆς
3391 4632 3641 4709 βασιλίας
3696 4638 3794 4690 τοῦ

369 4728 716 4791 traditur,ut
746 4727 1047 4784 illecebris
1070 4729 1319 4785 delinita
1339 4730 1729 4787 induceretur
1758 4732 1831 4788 ad
1863 4731 2028 4787 Chri-

369 4823 527 4873 stum
554 4815 933 4888 ejurandum,
971 4823 1030 4871 et
1056 4818 1309 4874 colenda
1332 4819 1492 4874 idola
1528 4821 1665 4876 :sed
1696 4838 1831 4876 cum
1861 4822 1933 4877 ad
1967 4821 2025 4877 id

376 4905 610 4962 suaderi
640 4921 759 4960 non
791 4906 1166 4977 posset,quin
1186 4909 1382 4979 potius
1401 4925 1506 4979 pro
1520 4909 1751 4964 Christo
1775 4917 2025 4966 mortem

369 4995 1015 5066 Optaret,-gravissime
1071 4997 1338 5063 caeditur,
1397 4998 1572 5068 eique
1620 5000 2027 5055 mamillar2m

371 5101 494 5139 una
515 5083 907 5138 abscinditur.
952 5083 1064 5138 Sed
1094 5086 1153 5138 in
1187 5102 1486 5141 carcerem
1519 5089 1806 5158 conjecta;
1847 5095 2028 5143 noctu

373 5181 615 5232 sanctus
651 5176 860 5230 Petrus
919 5176 1225 5246 apostolus
1285 5194 1599 5248 apparens,
1660 5187 2027 5250 amputatam

362 5264 716 5331 mamillam,
747 5265 844 5318 Dei
868 5265 1076 5336 gratia,
1111 5282 1319 5320 sanam
1342 5267 1622 5322 restituit.
1657 5269 1800 5323 Tum
1834 5287 1863 5323 e
1897 5287 2028 5325 car-

364 5371 499 5411 cere
533 5353 765 5419 educta,
803 5370 982 5424 super
1027 5354 1292 5409 minutas
1343 5356 1590 5410 testulas
1649 5363 1938 5428 raptatur,
1972 5365 2030 5414 et

364 5445 500 5516 igne
531 5442 918 5498 amburitur:
960 5448 1139 5513 atque
1194 5444 1276 5517 ab,
1330 5444 1422 5498 his
1481 5445 1778 5514 omnibus,
1813 5448 2030 5502 Christi

363 5534 602 5597 virtute,
636 5532 910 5595 liberata,
943 5533 1160 5587 iterum
1193 5534 1255 5588 in
1287 5534 1623 5589 custodiam
1657 5536 2029 5593 includitur:

365 5618 465 5672 ubi
495 5621 611 5673 Deo
642 5620 861 5691 gratias
891 5636 1094 5693 agens,
1127 5627 1186 5676 et
1218 5638 1416 5688 orans,
1449 5621 1722 5679 decessit.

2131 4729 2457 4805 παρανόμου
2518 4726 2708 4781 Δεκίου
2765 4726 3118 4799 κρατηθεῖσα,
3148 4728 3228 4796 τῷ
3268 4725 3367 4792 τῆς
3420 4725 3612 4799 χώρας
3662 4727 3799 4800 ἦγε..

2139 4821 2264 4895 μόνι
2343 4817 2694 4892 προσάγεται·
2773 4814 2864 4868 καὶ
2949 4811 3220 4889 παρεδόθη
3289 4811 3615 4890 Ἃφροδικίᾳ
3686 4813 3792 4870 τινῖ

2135 4904 2491 4986 γυναικῖ,’ίνα
2538 4906 2675 4978 μετᾶ
2731 4903 3043 4978 πραότητος
3101 4903 3262 4976 πείσῃ
3314 4903 3485 4971 αὖτήν
3555 4902 3794 4978 ἀρνήσα-

2141 5012 2261 5064 σθαι
2319 4997 2410 5050 τὸν
2465 4994 2719 5068 Χριστὸν,
2775 4994 2863 5047 καὶ
2923 4995 3295 5065 προσκυνῆσαι
3342 4998 3459 5054 τοῖς
3515 4990 3794 5054 ἐῗδώλοις.

2135 5098 2223 5148 Ὠς
2258 5085 2314 5140 δὲ
2346 5085 2444 5139 οὐκ
2472 5082 2717 5150 ἐπείσθη,
2763 5081 2912 5138 ἀλλὰ
2974 5079 3188 5153 μᾶλλον
3247 5079 3444 5149 ἢθελεν
3505 5081 3638 5154 ὑπὲρ
3696 5085 3797 5136 τοῦ

2140 5179 2376 5253 Χριστοῦ
2410 5176 2723 5243 ἀποθανεῖν,
2769 5174 3026 5228 τύπτεται
3083 5171 3347 5246 ἰσχυρῶς,
3410 5171 3500 5227 καὶ
3556 5174 3650 5227 τὸν
3707 5169 3799 5227 ἕνα

2136 5273 2245 5324 τῶν
2305 5270 2520 5340 μαστῶν
2573 5264 2914 5320 ἐκκόπτεται·
2969 5261 3097 5317 ἀλλ’
3129 5261 3303 5326 ἐλθὼν
3337 5262 3387 5316 ἐν
3447 5267 3514 5336 τῇ
3573 5262 3795 5339 φυλακῇ

2141 5356 2231 5413 διὰ
2258 5365 2358 5427 τῆς
2387 5355 2579 5417 νυκτὸς
2638 5357 2665 5410 ὁ
2729 5355 2878 5430 ἅγιος
2936 5355 3142 5427 Πέτρος
3191 5353 3217 5407 ὁ
3275 5353 3603 5425 ἀπόστολος,
3663 5357 3798 5408 Θεοῦ

2141 5447 2351 5522 χάριτι,
2384 5448 2478 5501 τὸν
2513 5445 2810 5502 ἐκκοπέντα
2874 5444 3075 5519 μαστὸν
3141 5445 3265 5518 ὑγιῆ
3327 5445 3606 5515 ἐποίησεν.
3665 5447 3800 5504 Εἶτα

2142 5538 2433 5607 ἐξελθοῦσα
2465 5544 2563 5606 τῆς
2621 5534 2895 5614 φυλακῆς,
2956 5533 3139 5588 ἐπάνω
3196 5537 3542 5607 κεκομμένου
3604 5533 3801 5609 ὀστρά-

2143 5648 2242 5682 κου
2275 5626 2512 5702 σῦρεταιο
2564 5627 2652 5681 καὶ
2707 5625 2841 5698 μετᾶ
2894 5628 3064 5679 ταῦτα
3126 5619 3220 5677 διὰ
3274 5625 3446 5700 πυρὸς
3529 5624 3799 5703 καταφλέ-

368 5723 542 5793 γεται.
574 5705 664 5769 Ὠς
690 5704 748 5760 δὲ
779 5706 839 5762 ἐκ
866 5709 1075 5764 τούτων
1106 5711 1344 5779 παντων,
1376 5714 1443 5783 τῇ
1477 5714 1571 5765 τοῦ
1604 5713 1846 5788 Χριστοῦ
1881 5710 2130 5787 δυνάμει,
2167 5716 2327 5791 ὑγιής
2359 5713 2732 5793 διεφυλαχθη,
2765 5713 2930 5769 πάλιν
2971 5710 3300 5783 ἀπεκλείσθη
3337 5713 3392 5768 ἐν
3450 5721 3518 5784 τῆ
3554 5711 3796 5792 φυλακῇ.

367 5791 457 5845 καὶ
486 5791 599 5846 ἐκεῖ
629 5794 1024 5868 εὐχαριστοῦσα
1050 5803 1130 5872 τῷ
1160 5804 1298 5873 Θεῷ,
1331 5803 1416 5856 καὶ
1452 5805 1897 5878 προσευχομένη,
1929 5803 2250 5876 ἐτελειώθη.
