4132 6422
329 381 446 440 29'!

887 505 1070 560 nam
1097 504 1184 579 τᾳ
1223 498 1430 574 Αγτᾳ.

1143 616 1206 686 ζ’.

324 735 599 805 ,Αθλησις
647 733 752 786 τοῦ
813 725 971 804 άγίοο
1045 725 1318 870 μὲρέἓρὶος
1405 718 1714 777 Ἰουλιανοῦ
1775 722 1872 773 τοῦ
1948 717 2002 773 ἐν

420 926 584 985 Οὗτος
621 923 876 995 ὑπῆρχεν
905 916 1013 973 ἀπὸ
1058 914 1294 995 Ἐμέσης
1337 917 1439 981 τῆς
1489 906 1727 995 πόλεῳς.
1779 908 1918 972 Νὲος
1947 905 2006 995 δξ

351 1004 423 1062 ὥν
482 1003 641 1079 ἔμαθε
692 988 822 1070 τῆν⁷
857 996 1106 1070 ίατρικὴν
1189 993 1415 1069 τεχνην,
1473 989 1562 1045 καὶ
1649 990 1858 1064 ίάτρευε
1914 988 2004 1043 καὶ

362 1094 636 1170 ἐθεράπευε
690 1091 820 1152 τοὺς
881 1089 1252 1152 ἀσθενοῦντας.
1297 1081 1400 1140 Καὶ
1454 1084 1524 1155 τῇ
1591 1079 1857 1156 προφάσει
1910 1082 2007 1134 τοῦ

356 1168 634 1260 ἰατρεύειν,
667 1177 949 1236 ἐδίδασκεν
993 1173 1192 1236 αὐτοὺς
1242 1173 1340 1241 τὴν
1391 1170 1468 1233 είς
1509 1171 1740 1245 Χριστὸν
1802 1168 2008 1262 πίστιν,

342 1273 427 1330 καί
459 1269 769 1340 ἰῦάπτιζεν.
805 1271 894 1326 Ἐν
921 1270 1021 1340 μ.ιᾷ
1070 1261 1128 1319 δὲ
1167 1267 1274 1318 τῶν
1330 1263 1580 1333 ἡμερῶν,
1627 1260 2006 1335 κρατηθέντων)

339 1367 485 1438 παρὰ
511 1367 621 1418 τῶν
648 1357 958 1429 Ἑλλήνων,
1009 1353 1084 1415 εἷς
1130 1357 1193 1407 τὸ
1256 1350 1668 1427 βασανισθῆναι,
1735 1344 2009 1404 Σιλϐανοῦ

339 1458 435 1510 τοῦ
495 1450 816 1518 ἐπισκόπου,
876 1444 967 1500 καὶ
1026 1447 1211 1498 Λουκᾶ
1265 1437 1542 1508 διακόνου,
1629 1438 1716 1493 καὶ
1782 1438 2010 1494 Μωκίου

339 1541 742 1619 Ἀναγνώστου,
793 1536 928 1592 κατά
1000 1532 1130 1595 τοὺς
1190 1529 1415 1603 καιροὺς
1474 1529 1857 1604 Νουμεριανοῦ
1914 1533 2012 1584 τοῦ

345 1617 642 1709 βασιλέως,
720 1627 810 1682 καὶ
867 1623 942 1686 εἷς
1035 1621 1283 1699 φυλακὴν
1366 1617 1855 1687 ἀποκλεισθέντων,
1922 1633 2014 1688 καὶ

339 1705 858 1782 καταδικασθέντων
915 1705 1338 1785 καταῦρωθῆναι
1415 1707 1518 1762 ὑπὸ
1597 1705 1824 1781 θηρίων*
1887 1705 2017 1762 ἰδὼν

351 1815 379 1869 ὁ
413 1813 572 1887 ἅγιος
603 1805 906 1866 Ἰουλιανὸς
951 1803 1014 1858 τὸ
1056 1801 1374 1877 γινόμενον,
1425 1796 1514 1887 καὶ
1573 1795 2016 1887 ζηλᾉῴσαςγὲλυ-

1742 359 2265 423 FEBRUABIUS.

3649 361 3767 420 298

2673 493 2915 550 EODEM
2955 493 3193 549 MENSE

2785 610 2887 665 Die
2919 615 3104 667 sexta.

2179 727 2332 782 163
2366 725 2652 782 Certamen
2680 729 2860 783 sancti
2888 730 3148 796 martyris
3177 725 3397 782 Ιαίίαηὶ
3435 728 3706 784 Emesem'.

2185 919 2301 972 Iste
2330 935 2401 973 ex
2421 918 2565 974 urbe
2593 919 2807 973 Emesa
2834 917 2947 972 fuit
2972 935 2984 972 :
3017 917 3309 973 medicam
3341 922 3542 973 autem
3583 923 3774 973 artem

2114 1024 2147 1062 a
2179 1025 2362 1078 puero
2395 1007 2659 1073 edoctus,
2689 1013 2939 1079 aegrotos
2966 1007 3250 1072 curabat;
3279 1023 3468 1079 eaque
3490 1005 3776 1064 medendi

2113 1098 2425 1153 occasione
2458 1115 2622 1166 usus,
2656 1098 2872 1152 Christi
2933 1098 3121 1152 ﬁdem
3166 1097 3302 1152 illos
3359 1097 3667 1165 edocebat,
3720 1103 3780 1154 et

2114 1186 2466 1258 baptizabat.
2487 1188 2633 1242 Cum
2653 1204 2787 1242 vero
2810 1186 3134 1258 aliquando
3150 1186 3420 1245 Silvanus
3435 1187 3780 1262 episcopus,

2118 1276 2301 1330 Lucas
2333 1274 2644 1336 diaconus.
2674 1281 2734 1330 et
2765 1275 2985 1330 Mocius
3017 1275 3222 1342 lector,
3274 1275 3634 1330 Numeriano
3668 1277 3778 1330 im-

2116 1369 2410 1436 peratore,
2443 1364 2515 1419 ab
2569 1365 2824 1420 ethnicis
2881 1363 3324 1436 comprehensi,
3388 1364 3544 1431 torti,
3603 1371 3663 1418 et
3718 1365 3781 1420 in

2116 1453 2352 1508 vincula
2383 1453 2663 1525 conjecti,
2697 1453 2835 1508 inde
2873 1453 3113 1508 demum
3163 1452 3383 1517 educti,
3441 1452 3514 1508 ad
3557 1452 3780 1509 bestias

2118 1544 2577 1611 damnarentur;
2603 1543 2807 1598 videns
2830 1545 2954 1598 haec
2978 1550 3218 1598 sanctus
3236 1543 3782 1614 Julianus,zeloque

2120 1632 2422 1702 incensus,
2453 1649 2605 1705 aegre
2652 1631 2712 1687 id
2770 1632 2926 1699 tulit,
2975 1649 3230 1703 cumque
3283 1631 3325 1686 ii
3359 1648 3388 1686 e
3421 1647 3658 1687 carcere
3708 1631 3784 1686 ad

2121 1721 2340 1775 bestias
2369 1728 2740 1792 raperentur,
2775 1737 3118 1784 accurrens,
3147 1726 3383 1776 sanctos
3410 1720 3596 1775 libere
3618 1737 3786 1775 oscu-

2124 1810 2304 1873 latus,
2327 1809 2572 1881 rogavit,
2599 1814 2665 1864 ut
2685 1810 2914 1866 socium
2943 1827 3004 1864 se
3033 1809 3144 1864 sibi
3169 1809 3783 1880 adjungerent.Quare

346 1876 525 1958 πεῖτο.
561 1899 693 1956 Ὅτε
725 1894 780 1951 δὶ
811 1892 949 1950 εἶδεν
971 1876 1168 1953 αὐτοῦς
1215 1895 1317 1958 τῆς
1370 1885 1622 1964 φυλακῆς
1672 1883 2013 1957 ἐξελθόντας,

2139 1898 2605 1970 comprehensus
2637 1904 2696 1953 et
2726 1899 2871 1970 ipse,
2926 1905 2982 1953 et
3029 1914 3150 1953 una
3207 1914 3340 1952 cum
3399 1897 3473 1952 iis
3531 1898 3784 1968 vinctus,

345 1992 437 2048 καὶ
496 1985 838 2062 δεδεμὲνους,
900 1983 990 2038 καὶ
1048 1980 1385 2056 συρομὲνους
1470 1977 1609 2053 πρὸς
1697 1977 1764 2030 τά
1819 1977 2009 2053 θηρία,

348 2079 554 2158 ἔδραμε
605 2077 743 2152 πρὸς
804 2073 1023 2140 αὐτοὺς,
1097 2068 1188 2126 καί
1273 2067 1558 2158 παῤῥησία
1610 2063 2008 2158 Δκατεφίλησεν

2123 1987 2303 2043 clavis
2335 1987 2539 2060 capiti,
2568 1987 2868 2054 manibus,
2894 1987 3263 2058 pedibusque
3287 1986 3626 2053 confixis,in
3653 2002 3792 2057 spe-

2125 2075 2368 2133 luncam
2394 2077 2716 2149 quamdam
2745 2077 3048 2150 ingressus
3079 2076 3354 2132 decessit.

351 2155 576 2240 αῦτοὺς,
607 2167 701 2224 καὶ
732 2163 934 2238 ηὔξατο
972 2161 1176 2224 αὐτοῖς.
1210 2160 1352 2218 Τότε
1381 2163 1471 2214 καί
1503 2155 1664 2220 αὐτὸς
1695 2160 2006 2233 κρατηθεὶς,
2035 2163 2293 2237 συνεδέθη
2329 2165 2540 2230 αὐτοῖς’
2559 2166 2650 2222 καὶ
2672 2165 3019 2237 καθηλωθείς
3046 2162 3317 2244 κεφαλὴν,
3349 2167 3566 2241 χεῖρας,
3593 2158 3787 2227 πόδας,

351 2261 406 2319 ἰν
438 2257 700 2332 σπηλαίῳ
729 2254 836 2312 τινὶ
869 2251 1153 2320 εἰσελθὼν,
1186 2247 1552 2320 ἐτελεύτησεν.

956 2354 1032 2426 Ti
1066 2349 1202 2424 αὐτῇ
1233 2346 1418 2424 ἡμέρᾳ

355 2477 633 2548 Ἀθλησις
681 2477 784 2548 τῆς
842 2469 1321 2548 ᾁγίαςᾍμάρτῳος
1369 2537 1383 2548 _
1415 2466 1690 2548 ᾒαιξστης,
1760 2469 1850 2524 καὶ
1906 2470 2018 2523 τῶν

671 2537 765 2602 σὺν
795 2537 934 2618 αὐτῇ
967 2537 1265 2599 Εὐΐλάτίού
1297 2537 1388 2595 καὶ
1420 2537 1700 2612 Μαξίμου.

429 2670 676 2730 Φαῦπα,
737 2664 775 2732 ἡ
827 2665 926 2717 τοῦ
983 2660 1221 2734 Χριστοῦ
1310 2656 1517 2732 μάρτυς
1597 2657 1846 2733 ὑπῆρχεν
1930 2655 2021 2714 ἐπὶ

361 2757 715 2828 Μαξιμιανοῦ
745 2755 843 2806 τοῦ
895 2747 1194 2826 βασίλεως,
1243 2747 1304 2802 ἐκ
1347 2753 1450 2817 τῆς
1495 2743 1715 2809 πόλεως
1764 2745 2012 2818 Κυζίκου

361 2847 599 2922 Θυγάτηρ
667 2842 872 2919 γονᾶων
960 2837 1239 2894 πλουσίων
1323 2836 1414 2892 καὶ
1499 2831 1758 2893 εὐσεϐῶν.
1845 2836 2026 2894 Ἀλλὰ

359 2933 802 3004 τελευτησάντων
845 2928 1093 2994 ἐκείνων,
1151 2925 1320 2995 αὐτὴν
1373 2927 1447 2988 ὡς
1499 2927 1592 2980 νὲα
1637 2925 1727 2981 καὶ
1787 2925 2025 2982 πλουσία

370 3024 470 3080 οὐκ
496 3025 745 3098 ἠγάπησε
772 3020 870 3083 τὰς
899 3015 1100 3088 ἡδονάς
1127 3020 1226 3071 τοῦ
1263 3015 1499 3089 κόσμου,
1555 3012 1685 3070 ἀλλ’
1715 3014 1767 3070 ἐν
1820 3028 2024 3090 παρθε-

2785 2353 3005 2411 Eodem
3038 2353 3132 2410 die

2130 2474 2286 2530 104
2313 2477 2597 2531 Certamen
2625 2479 2831 2530 sanctae
2867 2472 3130 2543 martyris
3159 2474 3393 2542 Faustae,
3427 2478 3479 2528 et
3517 2472 3785 2527 sociorum

2586 2547 2702 2617 ejus
2725 2544 2966 2600 Evilasii
2993 2551 3046 2600 et
3075 2543 3329 2600 Maximi.

2204 2668 2418 2722 Fausta
2441 2666 2657 2721 Christi
2689 2665 3298 2737 martyr,Maximiano
3323 2665 3702 2736 imperatore,
3725 2679 3797 2720 ex

2134 2757 2339 2827 Cyzico
2352 2755 2497 2811 urbe
2517 2755 2925 2823 ﬁnit,divitum
2944 2755 3302 2826 piorumque
3317 2759 3631 2826 parentum
3651 2753 3796 2821 ﬁlia;

2134 2845 2210 2900 iis
2240 2845 2517 2910 mortuis,
2552 2861 2688 2900 cum
2747 2844 3120 2911 adolescens,
3181 2849 3241 2898 et
3287 2844 3572 2916 opulenta
3626 2847 3803 2912 esset,

2136 2933 2338 2989 saeculi
2375 2939 2574 2990 tamen
2601 2934 2933 3005 voluptates
2967 2949 3282 3005 spernens,
3325 2934 3386 2988 in
3437 2932 3798 3004 virginitate,

2131 3024 2388 3096 jejunio.
2423 3023 2658 3096 vigiliis,
2693 3029 2753 3078 et
2783 3023 3182 3094 eleemosynis
3231 3022 3358 3076 dies
3407 3022 3795 3094 transigebat,

379 3113 487 3185 νίᾳ,
518 3111 606 3167 καὶ
637 3111 876 3182 νηστείᾳ,
908 3107 1000 3163 καὶ
1032 3105 1307 3180 ἀγρυπνίᾳ
1344 3104 1434 3160 καὶ
1492 3103 1616 3176 ἐλεη
1630 3103 1838 3180 μοσῦνῃ
1889 3106 2022 3180 πρὸς

2140 3114 2257 3168 Deo
2286 3113 2636 3180 inserviens,
2659 3128 3082 3183 sacrorumque
3107 3111 3398 3166 librorum
3422 3109 3663 3165 lectioni
3696 3111 3796 3166 in-

369 3205 497 3267 τοὺς
521 3201 747 3272 πένητας
795 3195 976 3272 διῆγε,
1035 3194 1124 3250 καὶ
1172 3195 1265 3250 τὸν
1317 3194 1446 3249 Θεὸν
1500 3193 1834 3268 ἐθεράπευεν·
1890 3196 2024 3251 Ἀν-

367 3292 630 3368 εγίνωσκε
679 3287 737 3344 δὲ
792 3287 883 3343 καὶ
939 3287 1041 3354 τήν
1096 3282 1248 3360 ἁγίαν
1308 3285 1550 3360 Γραφήν.
1611 3283 1708 3339 Διᾶ
1768 3288 1930 3339 τοῦτο
1988 3287 2024 3354 ἡ

361 3385 526 3458 φήμη
587 3379 756 3447 αὐτῆς
817 3377 987 3450 μεχρι
1041 3377 1140 3428 τοῦ
1222 3371 1493 3447 βασιλέως
1575 3372 1852 3443 ἠκούσθη·
1933 3373 2022 3428 καὶ

360 3468 643 3539 ἀπεστάλη
676 3468 816 3542 πρὸς
861 3464 1028 3532 αὐτὴν
1080 3459 1376 3523 Εὐϊλάσιος
1421 3462 1450 3516 ὁ
1494 3458 1706 3536 ἄρχων,
1763 3466 1861 3516 τοῦ
1907 3467 2025 3517 πεῖο

364 3583 455 3618 σαι
487 3559 655 3627 αὐτὴν
687 3561 842 3621 θῦσαι
896 3557 1020 3614 τοῖς
1071 3549 1347 3612 εἰδώλοις.
1406 3552 1495 3613 Ὠς
1552 3548 1610 3606 δὲ
1667 3549 1803 3606 εἶδεν
1857 3550 2026 3620 αὐτὴν

364 3647 952 3721 θαυματουργήσασαν,
1031 3641 1312 3696 ἐπίστευσε
1390 3644 1473 3712 τῷ
1565 3644 1801 3716 Χριστῷ.
1889 3640 2031 3697 Τότε

360 3737 645 3805 ἀπεστάλη
698 3736 952 3806 Μάξιμος
1008 3731 1037 3785 ὁ
1086 3728 1356 3805 ὕπαρχος,
1441 3729 1726 3805 βασανίσαι
1778 3734 2028 3786 Φαῦσταν

363 3830 459 3886 καὶ
528 3824 841 3884 Εὖϊλάσιον·
901 3821 993 3877 καὶ
1051 3819 1278 3889 ἐποίησε
1330 3817 1595 3895 χαλκεῖον
1653 3820 2027 3896 καχλάζοντα,

362 3919 457 3977 καὶ
489 3911 740 3974 ὶνὲϐαλεν
773 3915 886 3969 ἐκεῖ
937 3909 1066 3972 τοὺς
1119 3907 1330 3984 ἁγίους,
1379 3909 1469 3970 Ὠς
1523 3905 1580 3963 δὲ
1627 3905 1788 3975 εἶδεν,
1838 3907 1921 3964 ὅτι
1965 3908 2028 3964 οὐ

363 4007 631 4075 καίονται,
661 4001 955 4063 πιστεύσας
986 3999 1077 4054 καὶ
1131 3998 1297 4061 αὐτὸς
1347 4001 1431 4070 τῷ
1482 3999 1725 4073 Χριστῷ,
1776 3996 2026 4069 εἰσῆλθεν

368 4093 694 4171 αὐτομάτως
737 4091 816 4156 είς
876 4087 1168 4167 χαλκεῖον·
1225 4085 1318 4143 καί
1370 4085 1543 4151 οὕτως
1601 4088 1654 4143 οἱ
1710 4093 1857 4164 τρεῖς
1916 4087 2028 4144 ἰτε-

372 4189 705 4260 λειώθησαν.

964 4298 1048 4372 Τῇ
1081 4293 1219 4370 αὐτῇ
1253 4293 1440 4368 ἡμέρᾳ

370 4423 641 4491 Ἀθλησις
696 4420 802 4491 τῶν
863 4405 1392 4491 «tamen»-
1437 4409 1769 4491 επισκφπου,
1847 4415 2030 4467 Ama

616 4488 892 4556 διακόνου,
909 4483 1012 4541 ’καὶ
1044 4483 1271 4540 Μωκίου
1298 4486 1396 4538 τοῦ
1427 4483 1794 4560 ἀναγνώστου.

444 4613 613 4672 Οὗτοι
641 4610 699 4664 οἱ
731 4609 876 4685 ἅγιοι
906 4605 993 4660 ἐπὶ
1023 4611 1125 4674 τῆς
1162 4601 1441 4677 βασιλείας
1502 4603 1753 4679 ὑπῆρχον
1801 4605 2029 4677 Νουμε-

373 4705 586 4778 ριανοῦ,
644 4697 705 4754 ἐκ
755 4704 856 4766 τῆς
915 4694 1104 4770 χώρας
1166 4697 1272 4748 τῶν
1331 4694 1669 4764 Ἑμεσηνῶψ
1728 4693 1818 4747 καὶ
1877 4695 1904 4748 ὁ
1940 4695 2034 4766 μὲν

373 4794 527 4870 ἅγιος
564 4783 828 4848 Σιλϐανὸς
891 4783 1185 4845 ἐπίσκοπος
1236 4781 1303 4850 ἦν
1357 4787 1459 4849 τῆς
1519 4781 1690 4851 αὐτῆς
1734 4781 1973 4844 πόλεως’
2007 4784 2035 4838 ὁ

372 4868 431 4939 δῖ
489 4877 697 4940 Δοῦκας
783 4873 1055 4935 διάκονος⁹
1114 4873 1142 4927 ὁ
1217 4868 1274 4925 δὲ
1361 4871 1588 4934 Μώκιος
1663 4871 2032 4946 ἀναγνώστηςο

372 4973 570 5036 οἲτινες
625 4965 969 5028 διδάσκοντες
1013 4964 1104 5018 τὸν
1165 4961 1334 5036 λόγον
1391 4964 1488 5014 τοῦ
1574 4965 1730 5030 Θεοῦ,
1790 4963 1879 5016 καὶ
1943 4965 2034 5018 τὸν

376 5061 601 5136 Χριστὸν
632 5059 756 5113 ι’ίὸν
807 5058 962 5121 Θεοῦ,
1025 5052 1116 5106 καὶ
1177 5051 1306 5106 Θεὸν
1369 5048 1636 5119 ἀληθινὸν
1695 5050 2034 5127 ὁμολογοῦν·

377 5173 487 5216 τες,
515 5149 889 5221 ἱκρατήθησαν
929 5142 1035 5198 ὑπὸ
1063 5145 1172 5196 τῶν
1219 5137 1533 5207 Ἑλλήνων,
1584 5140 1676 5195 καὶ
1728 5139 2034 5216 παρεδόθη-

389 5261 480 5295 σαν
535 5237 612 5312 τῷ
678 5237 933 5312 ἂρχοντι’
1011 5229 1103 5286 καὶ
1179 5228 1564 5304 ἐρωτηθέντες,
1643 5230 1734 5284 καὶ
1806 5230 2038 5287 ἐνώπιον

382 5331 550 5386 αὐτοῦ
589 5325 1036 5401 ὁμολογήσαντες
1090 5320 1154 5375 τὸ
1202 5315 1378 5392 ὄνομα
1417 5323 1516 5374 τοῦ
1556 5320 1830 5375 Δεσπὸτου
1873 5323 2034 5394 ἡμῶν

379 5423 561 5491 Ἰησοῦ
619 5417 880 5492 Χριστοῦ,
939 5404 1362 5478 ἐϐασάνίσθησαν
1444 5407 1709 5482 ἰσχυρῶς·
1753 5411 1840 5464 καὶ
1909 5407 2038 5467 ἔλα-

377 5507 472 5566 εον
506 5509 802 5584 ἀπόφασιν,
853 5501 1002 5562 ὅπως
1061 5497 1277 5573 θηρίοις
1325 5494 1707 5572 παραδοθῶσιν
1761 5499 1836 5561 εἷς
1891 5501 2036 5574 βρῶ-

371 5623 478 5656 σιν.
509 5600 643 5656 ’Ότε
673 5594 763 5651 καὶ
794 5589 1112 5664 συρομένων
1170 5585 1372 5651 αὐτῶν,
1412 5584 1785 5662 προσδραμὼν
1815 5588 1843 5642 ὁ
1876 5590 2038 5665 ἅγιος

367 5688 698 5754 Ἰουλιανὸς,
752 5682 829 5745 ὠς
878 5681 970 5738 ὑπ’
1026 5675 1201 5735 αὐτῶν
1266 5677 1603 5752 βαπτισθεὶς,
1672 5679 2035 5755 κατεφίλησεν

699 5812 966 5900 Panos.
1011 5807 1124 5872 Gn.
1170 5804 1414 5871 CXVII.

2057 4483 2104 4549 D

2137 3207 2319 3258 tenta.
2346 3201 2742 3268 Quamobrem
2758 3219 2890 3258 cum
2917 3202 3079 3257 illius
3105 3201 3264 3257 fama
3284 3201 3358 3256 ad
3372 3201 3794 3271 imperatorem

2136 3293 2524 3364 pervenisset,
2558 3292 2722 3347 misit
2751 3291 2823 3347 ad
2869 3291 3034 3346 illam
3077 3291 3398 3346 Evilasium
3449 3294 3792 3361 prtetorem,

2137 3382 2239 3453 qui
2259 3382 2312 3436 ei
2332 3380 2717 3452 persuaderet
2741 3381 2914 3435 idolis
2936 3380 3277 3446 immolare;
3293 3378 3396 3434 ubi
3415 3394 3549 3432 vero
3563 3383 3795 3449 patrata

2136 3471 2209 3525 ab
2236 3470 2341 3525 illa
2371 3469 2659 3524 miracula
2685 3469 2972 3524 Evilasius
3002 3468 3168 3535 vidit,
3201 3468 3262 3522 in
3315 3467 3614 3522 Christum
3661 3484 3790 3523 cre-

2137 3559 2306 3615 didit.
2339 3560 2500 3614 Tunc
2536 3558 2787 3613 mittitur
2813 3557 3098 3612 Maximus
3128 3562 3476 3628 pr0prmtor,
3531 3561 3597 3610 ut
3640 3557 3792 3612 Fau-

2137 3655 2312 3714 stam,
2345 3653 2404 3704 et
2432 3648 2751 3703 Evilasium
2796 3652 3122 3718 torqueret,
3185 3647 3286 3718 qui
3347 3647 3409 3702 in
3466 3646 3792 3702 ferventem

2136 3738 2391 3794 lebetem
2427 3753 2660 3793 aeneum
2692 3742 2929 3792 sanctos
2959 3736 3256 3807 conjecit;
3286 3735 3389 3791 sed
3419 3752 3556 3790 cum
3589 3751 3689 3790 eos
3721 3735 3799 3790 il-

2140 3828 2312 3883 laesos
2343 3832 2635 3894 cerneret,
2670 3831 2947 3898 suscepta
2977 3831 3036 3882 et
3065 3826 3191 3898 ipse
3221 3825 3436 3881 Christi
3469 3824 3606 3891 ﬁde,
3639 3825 3796 3882 ultro

2139 3918 2400 3990 seipsum
2415 3919 2476 3973 in
2501 3917 2756 3972 lebetem
2777 3915 3047 3983 demisit;
3067 3922 3245 3988 atque
3258 3916 3533 3988 perhunc
3551 3914 3795 3971 modum

2137 4023 2346 4064 omnes
2377 4007 2716 4080 consumpti
2747 4011 2907 4062 sunt.

2789 4302 3011 4358 Eodem
3044 4301 3141 4358 die

2139 4421 2289 4478 165
2326 4421 2619 4478 Certamen
2666 4425 2983 4475 sanetorum
3039 4419 3258 4474 Silvani
3313 4419 3577 4488 episcopi,
3636 4419 3794 4472 Luce

2563 4491 2804 4558 diaconi,
2836 4497 2888 4545 et
2919 4492 3085 4546 Mocii
3116 4489 3352 4545 lectoris.

2216 4608 2316 4664 Isti
2349 4607 2560 4672 sancti,
2596 4607 2955 4662 Numeriano
3015 4607 3396 4677 imperatore.
3443 4622 3514 4661 ex
3559 4605 3802 4675 regione

2145 4700 2570 4754 Emesenorum
2602 4697 2802 4752 fuere:
2837 4703 2896 4752 et
2951 4701 3193 4752 sanctus
3241 4695 3482 4767 quidem
3528 4694 3801 4749 Silvanus

2147 4787 2414 4859 ejusdem
2447 4786 2610 4843 urbis
2642 4787 2976 4858 episCOpus,
3011 4787 3195 4841 Lucas
3224 4802 3359 4841 vero
3406 4785 3712 4848 diaconus,
3747 4788 3808 4838 et

2148 4877 2367 4932 Mocius
2397 4877 2619 4931 lector:
2671 4877 2769 4947 qui
2830 4893 2964 4931 cum
3023 4875 3266 4930 verbum
3335 4875 3437 4930 Dei
3495 4874 3805 4941 docerent,

2145 4967 2564 5036 Christumque
2596 4966 2696 5020 Dei
2731 4965 2942 5020 Filium
2973 4982 3040 5020 ac
3071 4982 3275 5020 verum
3320 4966 3504 5020 Deum
3554 4964 3802 5035 proﬁte-

2145 5061 2372 5120 rentur,
2407 5055 2480 5110 ab
2513 5055 2765 5110 ethnicis
2797 5055 2974 5126 capti,
3000 5061 3058 5109 et
3079 5055 3356 5126 prmfecto
3385 5053 3804 5119 traditi,inter-

2146 5145 2454 5218 rogatique
2477 5144 2550 5200 ab
2582 5144 2706 5211 illo,
2760 5149 2818 5199 et
2867 5160 3085 5199 nomen
3139 5144 3375 5199 Domini
3427 5142 3615 5198 nostri
3664 5143 3800 5196 Jesu

2146 5235 2362 5290 Christi
2391 5251 2592 5290 coram
2636 5233 2844 5288 eodem
2893 5234 3167 5306 professi,
3217 5231 3599 5289 acerbissime
3657 5231 3795 5285 torti

2147 5331 2305 5380 sunt.
2340 5326 2468 5379 Mox
2496 5329 2740 5395 accepta
2788 5325 3106 5382 sententia.
3160 5329 3226 5376 ut
3271 5321 3414 5376 feris
3461 5319 3796 5374 dilaniandi

2150 5414 2546 5477 traderentur,
2579 5431 2715 5468 cum
2755 5413 2829 5468 ad
2879 5412 3239 5485 supplicium
3289 5416 3665 5482 raperentur,
3698 5426 3799 5466 ac-

2147 5521 2394 5559 currens
2425 5510 2668 5558 sanctus
2695 5503 2986 5564 Julianus.
3022 5502 3122 5573 qui
3155 5518 3361 5556 eorum
3393 5517 3574 5572 opera
3605 5499 3801 5571 bapti—

2146 5601 2307 5650 zatus
2330 5594 2772 5664 fuerat,eosque
2799 5591 3124 5651 osculatus,
3157 5590 3400 5663 rogavit,
3431 5596 3496 5644 ut
3523 5606 3644 5645 una
3669 5605 3804 5645 cum

2146 5683 2221 5740 iis
2242 5682 2529 5756 martyrio
2549 5682 2923 5754 fungeretur.
2952 5682 3026 5738 At
3047 5679 3236 5735 sancti
3259 5679 3323 5737 in
3347 5679 3645 5738 theatrum
3667 5696 3806 5754 pro-

3483 5808 3562 5871 10
