4132 6440
336 394 456 457 299

1625 392 2066 461 MENOLOGII
2108 391 2318 456 PARS
2362 393 2443 455 ΙΙ.

3645 408 3768 471 300

334 529 609 595 deuntes,
629 531 915 588 immissis
935 532 996 586 in
1019 548 1119 588 eos
1139 531 1304 601 feris,
1328 533 1545 607 gratias
1566 534 1685 590 Deo
1718 533 1955 606 agentes

2098 521 2316 593 αὐτοὺς,
2366 526 2456 581 καὶ
2512 526 2782 600 ἐπηύξατο
2837 528 3022 593 αὐτοῖς
3077 529 3369 589 τελειῶσαι
3429 537 3493 592 τὸ
3557 542 3771 618 μαρτύ-

332 619 514 675 vitam
545 620 851 676 finierunt.

980 889 1332 947 Eodem'die

464 1005 621 1062 106
653 1006 1108 1064 Commemoratio
1135 1008 1318 1065 sancti
1344 1010 1540 1065 Fausti
1568 1010 1833 1081 episcopi.

1055 1125 1249 1180 Deest.

972 1238 1195 1296 Eodem
1221 1239 1316 1296 die

314 1357 462 1413 167
524 1356 978 1411 Commemoratio
1060 1359 1237 1411 sancti
1291 1357 1478 1412 Patris
1541 1359 1723 1412 nostri
1784 1352 1984 1412 Bucoli

451 1430 695 1499 episcopi
725 1428 990 1498 Smyrnae,
1020 1428 1283 1498 discipuli
1311 1430 1540 1484 Joannis
1572 1428 1850 1499 Theologi.

387 1590 637 1645 Sanctus
669 1591 844 1644 Pater
874 1593 1079 1644 noster
1110 1588 1363 1644 Bucolus
1393 1588 1466 1645 ab
1502 1589 1746 1644 ineunte
1805 1594 1978 1646 atate

314 1695 555 1735 omnem
588 1693 756 1733 suam
789 1694 1032 1750 cperam
1066 1677 1129 1732 in
1160 1676 1221 1731 id
1253 1678 1526 1743 contulit,
1554 1685 1619 1733 ut
1643 1679 1777 1750 pius
1799 1684 1978 1747 esset,

2094 631 2233 706 ριον.
2267 612 2425 706 Οἱ-δὲ
2455 613 2609 691 ἅγιοι
2640 618 2966 684 ἀπελθόντες
3021 619 3098 684 εἷς
3145 622 3207 677 τὸ
3245 625 3498 700 θέατρον,
3547 612 3758 706 θηρίων

2092 702 2826 798 αὐτοῖςῌέπαπολυθὲντων,
2916 710 3377 786 εὐχαριστοῦντες
3455 721 3539 790 τῷ
3621 702 3771 798 Θεῷ,

2090 788 2486 865 ἐτελειώθησαν
2498 838 2510 852 .

2688 889 2769 961 Τῇ
2802 886 2953 964 αὐτῇ
2983 888 3173 965 ἡμέρᾳ

2327 1004 2452 1075 MM
2463 1025 2539 1077 μη
2571 1009 2668 1061 τοῦ
2698 1006 2861 1083 ἁγίου
2900 1005 3168 1063 Φαύστου
3196 1007 3526 1072 ἐπισκόπου.

2800 1096 3013 1153 Λείπει.

2679 1187 2766 1261 Τῇ
2797 1184 2935 1261 αὐτῇ
2968 1185 3155 1263 ἡμέρᾳ

2090 1272 2299 1364 Μνήμη
2334 1276 2457 1364 ,τοῦ
2524 1272 2577 1364 ἐν
2625 1273 2838 1364 ’ἁγίοις
2918 1279 3131 1364 ἰξατρξς
3225 1281 3390 1364 and»)!
3445 1284 3758 1364 .80016106

2159 1342 2462 1421 ἐπισκόπου
2521 1342 2803 1421 Σμύρνής,
2864 1342 3111 1421 μαθητοῦ
3166 1342 3282 1407 τοῦ’
3337 1354 3595 1413 Ἰωάννου
3632 1342 3755 1416 τοῦ

2162 1413 2460 1493 Θεολόγου.

2161 1571 2464 1647 Βουκόλος,
2515 1579 2543 1634 6
2593 1579 2646 1634 ἐν
2706 1579 2887 1655 ἁγίοις
2948 1584 3140 1659 Πατὴρ
3198 1586 3388 1657 ἡμῶν,
3442 1586 3502 1643 ἐκ
3555 1599 3752 1667 νεαρᾶς

2089 1666 2311 1736 ἡλικίας
2344 1666 2643 1724 ἐσπούδασε
2684 1670 2932 1745 γενέσθαι
2993 1668 3259 1746 εὐλαϐής,
3318 1678 3409 1731 καὶ
3471 1666 3747 1756 9060651.:-

317 1771 627 1839 Deumque
660 1768 944 1823 timeret:
991 1767 1163 1839 cujus
1222 1767 1485 1823 studium
1543 1767 1644 1823 ubi
1704 1769 1951 1841 cognovi

2087 1776 2179 1818 νος
2229 1757 2321 1812 τὸν
2383 1759 2534 1815 Θὲόν.
2596 1759 2701 1817 Καὶ
2760 1760 2993 1825 ἀκούσας
3070 1762 3195 1837 περὶ
3282 1765 3450 1823 αὐτοῦ
3509 1770 3537 1824 6
3593 1768 3752 1846 ἅγιος

322 1861 562 1914 sanctus
583 1858 839 1912 Joannes
865 1854 1215 1927 Theologus,
1240 1856 1503 1928 suscepit
1528 1872 1683 1926 eum,
1716 1856 1976 1929 fecitque

324 1964 499 2003 suum
530 1946 930 2018 discipulum:
966 1950 1025 1999 et
1052 1961 1172 2000 una
1202 1962 1338 2000 cum
1397 1945 1499 2000 illo
1548 1951 1816 2001 versatus
1868 1952 1978 2015 est,

323 2038 463 2093 dum
495 2036 707 2108 Ephesi
742 2034 873 2091 fuit.
910 2034 1127 2090 Videns
1158 2040 1357 2090 autem
1390 2033 1562 2090 illum
1595 2036 1806 2091 virtute
1832 2053 1980 2107 pras-

322 2127 536 2194 ditum,
570 2124 972 2195 omnibusque
1004 2123 1412 2196 spiritualibus
1461 2123 1743 2196 operibus
1790 2125 1978 2181 reful-

320 2222 558 2290 gentem
590 2220 766 2285 atque
788 2213 1139 2285 perfectum,
1166 2213 1430 2285 Smyrna:
1455 2213 1799 2286 episcopum
1821 2231 1980 2271 crea-

318 2307 435 2360 vit:
465 2304 567 2374 qui
598 2307 804 2359 sancto
836 2302 1057 2373 Spiritu
1090 2301 1238 2357 duce
1284 2302 1505 2357 multos
1536 2302 1871 2359 inﬁdelium
1903 2303 1975 2360 ab

318 2409 520 2449 errore
543 2395 945 2459 conversos,et
964 2390 1038 2445 ad
1061 2407 1247 2446 unum
1276 2391 1461 2446 Deum
1476 2390 1764 2447 adductos
1780 2391 1976 2464 bapti-

316 2483 484 2539 zavit.
510 2483 605 2539 Sic
628 2487 826 2537 autem
858 2479 1158 2543 excelluit,
1200 2484 1266 2534 ut
1296 2485 1356 2535 et
1384 2479 1581 2535 futura
1610 2480 1972 2551 praedixerit.

316 2576 506 2640 Quare
540 2576 812 2628 sanctum
855 2569 1243 2640 Polycarpum
1266 2569 1376 2624 sibi
1401 2586 1820 2625 successurum
1842 2588 1975 2642 pro-

315 2664 552 2737 phctico
598 2660 809 2733 spiritu
863 2675 1267 2731 praenoscens,
1312 2658 1507 2715 adhuc
1554 2660 1753 2715 vivens
1800 2661 1972 2717 illum

320 2752 636 2818 ordinavit,
670 2757 730 2805 et
753 2750 1099 2822 episcopum
1131 2748 1192 2804 in
1224 2764 1398 2804 suum
1424 2748 1623 2804 locum
1641 2756 1970 2821 pastorem-

318 2858 434 2914 que
467 2840 796 2897 constituit.
829 2841 1093 2894 Mortuus
1122 2855 1258 2893 vero
1292 2844 1352 2894 et
1379 2838 1671 2910 sepultus,
1704 2840 1970 2911 plantam

316 2948 348 2987 e
378 2930 610 2986 tumulo
642 2946 747 2985 suo
778 2927 1113 3002 germinare
1142 2927 1303 2996 fecit,
1345 2943 1478 2999 quas
1530 2928 1750 2985 multas
1798 2947 1967 2988 cura-

316 3021 510 3077 tiones
537 3019 741 3076 efﬁcit.

772 3198 928 3255 168
958 3198 1200 3253 EODEM
1234 3198 1379 3252 MEN
1387 3197 1487 3253 SE.

942 3286 1045 3342 Die
1078 3287 1335 3359 septima

304 3384 592 3438 Certamen
620 3385 937 3434 sanctorum
968 3378 1136 3431 trium
1191 3376 1432 3450 millium
1469 3382 1811 3450 martyrum,
1870 3381 1970 3450 qui

615 3450 941 3506 Nicomedia?
965 3449 1299 3518 martyrium
1321 3447 1479 3518 passi
1505 3455 1653 3503 sunt.

372 3553 474 3608 Isti
509 3550 731 3607 subditi
762 3550 1006 3605 fuerunt
1035 3553 1292 3618 quatuor
1323 3547 1781 3619 protectoribus,
1806 3549 1966 3620 quia

304 3641 667 3697 Diocletiano
716 3641 1077 3710 imperatore
1135 3635 1326 3702 missi,
1389 3642 1663 3691 sanctum
1720 3638 1962 3694 Petrum

304 3730 675 3787 Alexandria)
699 3726 1209 3797 archiepiscopum
1243 3724 1742 3794 comprehensum
1764 3725 1958 3782 decol-

305 3821 539 3875 larunt:
576 3823 702 3871 tum
737 3816 810 3870 ad
840 3813 1057 3869 Christi
1109 3812 1288 3867 ﬁdem
1337 3813 1605 3868 conversi
1656 3830 1777 3868 una
1823 3831 1959 3870 cum

306 3907 586 3963 omnibus
617 3904 761 3968 suis,
796 3909 930 3974 post
957 3901 1147 3956 sancti
1178 3900 1333 3953 Petri
1354 3901 1747 3972 mortem,ipsi
1780 3903 1958 3959 etiam

307 4014 414 4069 pro
437 3994 669 4049 Christo
689 3991 825 4047 caesi
856 3994 1013 4044 sunt.
1051 3988 1328 4042 Videntes
1358 3993 1554 4044 autem
1588 4007 1694 4061 pro
1726 3991 1956 4048 Christo

307 4102 447 4141 suos
470 4083 744 4138 dominos
769 4079 939 4139 mori.
975 4077 1194 4143 tristes,
1226 4080 1286 4130 et
1308 4076 1429 4130 zelo
1448 4077 1700 4146 incensi,
1724 4093 1958 4135 assum-

301 4174 420 4245 ptis
453 4170 733 4227 uxoribus
766 4167 908 4231 suis,
940 4174 996 4221 et
1024 4164 1249 4232 liberis,
1282 4165 1680 4237 omnibusque
1709 4168 1952 4239 prapin-

300 4263 454 4334 quis,
487 4263 777 4314 venerunt
809 4254 1249 4311 Nicomediam:
1284 4258 1339 4308 et
1392 4253 1452 4308 in
1486 4262 1807 4326 conspectu
1840 4257 1951 4312 im-

292 4350 583 4424 peratoris
614 4348 1039 4412 exclamarunt,
1075 4343 1381 4397 dicentes:
1414 4345 1528 4398 Nos
1570 4343 1748 4399 etiam
1778 4346 1946 4400 Chri-

290 4443 465 4498 stiani
526 4456 751 4496 sumus.
812 4435 975 4502 Quod
1044 4433 1144 4487 ubi
1232 4432 1456 4487 audivit
1520 4434 1944 4505 Diocletianus,

288 4533 559 4587 turbatus
603 4538 662 4585 et
717 4530 805 4583 ira
863 4524 1321 4591 excandescens,
1382 4524 1644 4595 primum
1702 4527 1944 4596 quidem

2077 4524 2450 4600 ίικομήδειαν,
2527 4530 2842 4603 κράζοντες,
2922 4529 3013 4584 καὶ
3091 4528 3370 4605 λεγοντες,
3458 4532 3543 4586 ὅτι

2052 4350 2240 4407 ναῖκας
2299 4345 2525 4415 ἑαυτῶν,
2581 4344 2671 4400 καὶ
2727 4346 2795 4401 τὰ
2866 4343 3080 4415 παιδία,
3140 4348 3230 4403 καὶ

2054 4442 2351 4513 συγγενεῖς,
2398 4437 2487 4492 καὶ
2546 4436 2719 4507 ἦλθον
2782 4435 3085 4513 ἔμπροσθεν
3146 4446 3243 4496 τοῦ
3305 4442 3573 4516 βασιλέως
3633 4443 3711 4506 είς

2087 1847 2344 1919 Ἰωάννης
2376 1849 2404 1904 6
2435 1847 2725 1925 Θεολόγος,
2753 1848 3129 1927 προσελάϐετο
3179 1853 3363 1929 αὐτὸν,
3416 1857 3506 1913 καί
3554 1858 3750 1933 ἐποίη-

2090 1956 2174 1991 σεν
2208 1938 2400 1994 ἑαυτοῦ
2460 1942 2734 2013 μαθητὴν,
2789 1941 2878 1997 καὶ
2937 1939 3174 2017 διέτριϐε
3236 1948 3353 2018 μετ’
3409 1948 3598 2022 αὐτοῦ,
3659 1953 3750 2009 ὅτε

2086 2025 2152 2095 ἧν
2214 2024 2266 2080 ἐν
2323 2026 2555 2107 Ἐφέσῳ.
2620 2030 2722 2086 Καὶ
2782 2028 2912 2086 ἲδὼν
2968 2032 3127 2088 αὐτὸν
3214 2034 3479 2109 ἐνάρετον,
3536 2040 3625 2094 καὶ
3688 2039 3741 2097 ἐν

2087 2120 2218 2171 πᾶσι
2274 2122 2392 2179 τοῖς
2445 2125 2835 2193 πνευματικοῖς
2908 2119 3087 2197 ἔργοις
3170 2121 3569 2199 διαλάμποντα,
3648 2132 3736 2186 καὶ

2084 2206 2527 2281 τετελειωμένον,
2591 2208 2844 2281 ἐποίησεν
2926 2210 3220 2268 ἐπίσκοπον
3274 2221 3374 2284 τῆς
3456 2216 3735 2294 Σμύρνης·

2086 2291 2175 2346 καὶ
2234 2293 2335 2348 ὑπὸ
2392 2299 2487 2349 τοῦ
2559 2296 2876 2369 ΙΙνεύματος
2941 2302 3039 2353 τοῦ
3116 2299 3271 2375 ἁγίου
3344 2291 3733 2377 ὁδηγούμενος,

2084 2383 2335 2448 πολλοὺς
2364 2391 2473 2441 τῶν
2504 2387 2743 2443 ἀπίστων
2793 2389 2900 2446 ἀπὸ
2956 2391 3054 2458 τῆς
3114 2391 3330 2461 πλάνης
3386 2393 3739 2470 ἐπιστρέψας,

2083 2473 2175 2529 καὶ
2212 2476 2496 2551 βαπτίσας,
2542 2482 2626 2551 τῷ
2683 2478 2928 2552 ἀληθίνῷ
2982 2484 3099 2552 Θεῷ
3151 2484 3520 2558 προσήγαγεν.
3574 2485 3735 2543 Οὕτω

2086 2561 2143 2618 δὲ
2173 2563 2385 2638 ἐγένετο
2420 2563 2608 2641 μέγας,
2642 2568 2717 2630 ὡς
2776 2570 2865 2623 καὶ
2918 2571 2985 2623 τὰ
3029 2568 3306 2641 μέλλοντα
3352 2572 3444 2626 καὶ
3493 2574 3743 2647 προϐλε-

2083 2674 2202 2709 πειν
2234 2656 2325 2710 καὶ
2357 2655 2667 2731 προλέγειν.
2703 2658 2798 2712 Καὶ
2829 2658 2930 2733 γὰρ
2959 2662 3040 2730 τῷ
3065 2665 3397 2736 προφητικῷ
3436 2664 3741 2739 χαρίσματι

2080 2743 2350 2818 προγνοὺς
2380 2744 2471 2799 τὸν
2504 2747 2660 2820 ἅγιον
2692 2746 3053 2821 Πολύκαρπον
3104 2745 3368 2824 διάδοχον
3417 2750 3581 2807 αὐτοῦ
3629 2748 3743 2810 ἔσε-

2080 2844 2224 2902 σθαι,
2261 2832 2339 2889 ἔτι
2382 2839 2487 2904 ζῶν
2547 2836 2709 2897 αὐτὸς
2762 2836 3176 2913 ἐχειροτόνησεν
3228 2838 3412 2909 αὐτὸν,
3469 2841 3562 2897 καὶ
3619 2864 3746 2899 κατ·

2078 2923 2300 2994 ἐστησεν
2332 2923 2623 2981 ἐπίσκοπον
2684 2926 2795 2983 ἀντ’
2855 2927 3041 2994 αὐτοῦ,
3098 2928 3189 2984 καὶ
3237 2931 3495 3003 ποιμένα.
3560 2931 3737 2990 ’Λλλᾶ

2078 3013 2168 3068 καὶ
2202 3014 2509 3085 ἅποθανὼν,
2536 3017 2624 3071 καὶ
2656 3016 2866 3087 ταφεὶς,
2900 3018 3064 3091 φυτὸν
3099 3017 3354 3089 ἐποίησεν
3386 3016 3737 3094 ἀναϐλαστῆ-

2079 3123 2167 3158 σαι
2198 3101 2380 3159 ἐπάνω
2404 3108 2500 3160 τοῦ
2528 3107 2702 3174 τάφου
2732 3106 2917 3176 αὐτοῦ,
2944 3107 3187 3183 παρέχον
3217 3107 3385 3173 ἰάσεις
3415 3109 3657 3176 πολλάς.

2622 3196 2807 3254 MHNI
2846 3198 2937 3253 ΤΩ
2976 3200 3177 3256 ΛΥΤΩ.

2861 3291 2932 3341 Z‘.

2073 3371 2348 3443 Ἀθλησις
2376 3372 2679 3453 τῶνῗάγίων
2694 3371 2909 3453 *χιλίων
2941 3378 3108 3448 τριῶν
3145 3377 3454 3453 μαρτύρων,
3497 3383 3606 3435 τῶν
3669 3379 3723 3434 ἐν

2466 3444 2810 3518 Νικομηδέίᾳ
2843 3444 3327 3521 μαρτυρησάντωνέ

2140 3542 2305 3600 Οὗτοι
2330 3540 2520 3599 δοῦλοι
2555 3545 2813 3619 ὑπῆρχον
2843 3549 2952 3601 τῶν
2977 3548 3252 3623 τεσσάρων
3310 3548 3716 3626 προτικτόρων,

2065 3636 2173 3688 τῶν
2207 3632 2628 3689 ἀποσταλέντων
2660 3635 2806 3708 παρᾶ
2834 3640 2936 3691 τοῦ
2972 3637 3242 3711 βασιλέως
3296 3636 3723 3711 Διοκλητιανοῦ,

2066 3726 2156 3779 καί
2188 3726 2573 3798 κρατησάντων
2604 3726 2696 3781 τὸν
2753 3725 2904 3802 ἅγιον
2956 3727 3161 3803 Πέτρον
3208 3730 3299 3785 τὸν
3353 3731 3719 3806 ἀρχιεπίσκο-

2064 3833 2166 3868 πον
2220 3812 2649 3890 Ἀλεξανδρείας,
2707 3816 2796 3870 καὶ
2852 3815 3393 3895 ἀποκεφαλισάντων,
3459 3822 3574 3875 εἶτα
3632 3824 3725 3877 καί

2064 3910 2465 3959 πιστευσάντων
2526 3910 2606 3976 τῷ
2664 3909 2911 3979 Χριστῷ,
2969 3905 3063 3960 σὺν
3119 3914 3238 3970 τοῖς
3300 3905 3464 3974 ἰδίοις
3536 3910 3718 3966 αὐτῶν

2062 3998 2213 4063 πᾶσι,
2251 3994 2385 4067 μετᾶ
2414 3993 2666 4064 τελευτὴν
2697 3999 2793 4050 τοῦ
2851 3995 3010 4070 ἁγίου
3069 3999 3299 4073 Πέτρου,
3357 3999 3447 4053 καὶ
3506 3998 3713 4062 ἀποθα-

2060 4077 2259 4132 νόντων
2315 4077 2406 4131 καὶ
2466 4077 2640 4132 αὐτῶν
2700 4079 2832 4150 ὑπὲρ
2892 4082 3151 4154 Χριστοῦ’
3214 4081 3303 4136 καὶ
3366 4078 3568 4143 ἰδόντες
3624 4081 3709 4138 ὅτι

2057 4165 2322 4221 ἀπέθανον
2377 4167 2510 4240 ὑπὲρ
2566 4172 2665 4221 τοῦ
2724 4169 2961 4243 Χριστοῦ
3009 4169 3061 4224 οἱ
3118 4167 3298 4244 κύριοι
3355 4172 3559 4241 αὐτῶν,
3617 4172 3710 4227 καὶ

2058 4254 2412 4326 λυπηθέντες,
2464 4257 2556 4311 καὶ
2612 4255 2980 4327 ζηλώσαντες,
3064 4254 3395 4314 ἀνελάϐοντο
3454 4260 3554 4323 τὰς
3613 4283 3709 4337 γυ-

3314 4351 3521 4415 πάντας
3573 4352 3706 4417 τοὺς

3606 4533 3705 4588 Καὶ

286 4619 750 4676 blanditiisillos
782 4616 1067 4671 inducere
1099 4619 1349 4669 conatus
1408 4619 1516 4681 est,
1551 4620 1616 4668 ut
1644 4615 1941 4672 Christum

2077 4622 2217 4689 ιμεῖς
2264 4616 2580 4690 Χριστιανοί
2638 4616 2820 4690 ἐσμεν·
2876 4618 2966 4674 καὶ
3023 4619 3261 4683 ἀκούσας
3318 4622 3545 4677 ταῦταὸ
3577 4630 3702 4678 Διο-

284 4712 666 4781 abnegarent.
693 4710 904 4762 Verum
920 4721 1053 4759 cum
1078 4702 1224 4757 nihil
1257 4702 1625 4773 profecisset,
1660 4707 1945 4777 praecepit

2077 4706 2368 4776 ιλητιανὸς,
2426 4704 2728 4781 ἐταράχθη,
2799 4707 2888 4763 καὶ
2966 4707 3234 4781 ὠργίσθη·
3293 4712 3385 4765 καὶ
3432 4711 3699 4787 πρότερον

282 4800 595 4865 militibus,
629 4803 694 4851 ut
721 4794 935 4869 gladiis
966 4793 1102 4847 illos
1132 4807 1331 4846 coram
1364 4807 1426 4845 se
1457 4792 1861 4849 conciderent.

2051 4796 2170 4869 μὲν,
2203 4794 2292 4850 διὰ
2345 4795 2637 4860 κολακείας
2682 4796 3005 4872 ἐπεχείρησε
3051 4805 3235 4855 πεῖσαι
3283 4800 3479 4863 αὐτοὺς
3525 4802 3698 4875 ἀρνήο

276 4887 588 4943 σασθαιτὸν
620 4882 868 4961 Χριστόν.
915 4888 1003 4946 Ὡς
1032 4878 1089 4936 δὲ
1133 4880 1234 4935 οὐκ
1290 4877 1486 4950 ἔπεισε,
1542 4883 1831 4954 προσέταξε
1883 4890 2003 4952 τοῖς
2062 4886 2442 4962 στρατιώταις,
2498 4886 2589 4942 καὶ
2651 4888 2786 4960 μετὰ
2836 4898 3079 4952 σπαθιων
3139 4889 3442 4964 κατέκοψαν
3501 4889 3699 4953 αὐτοὺς

272 4974 573 5054 ἔμπροσθεν
607 4974 795 5030 αὐτοῦ.

926 5071 1148 5128 Eodem
1180 5069 1273 5125 die

2624 5077 2709 5149 Τῇ
2751 5076 2888 5148 αὖτῇ
2921 5076 3106 5151 ἡμέρᾳ

267 5168 421 5223 169
493 5164 966 5250 Commemoratiq
1036 5161 1227 5243 sancti.
1295 5158 1594 5214 Parthenii
1680 5162 1926 5233 episcopi

2077 5172 2242 5243 [νήμη
2324 5174 2420 5226 τοῦ
2506 5169 2660 5247 ἁγίου
2745 5172 3047 5250 ῌαρθενίου
3130 5171 3435 5230 ἑπισκόπου
3535 5181 3693 5250 Λαμ-

935 5234 1249 5303 Lampsaci.

334 5339 584 5395 Sanctus
616 5339 789 5392 Pater
830 5340 1035 5390 noster
1090 5328 1465 5395 Parthenius,
1526 5330 1917 5387 Constantino

258 5430 461 5501 Magno
477 5424 1030 5499 imperatoreﬁlius
1052 5418 1461 5490 Christophori
1479 5416 1711 5473 diaconi
1733 5421 1911 5476 eccle-

257 5520 355 5572 sim
392 5518 871 5591 Melitopolitanm
903 5514 1240 5570 litterarum
1265 5509 1503 5581 quidem
1539 5523 1749 5579 expers
1780 5510 1909 5579 fuit,

252 5609 354 5662 sed
389 5626 621 5664 summa
649 5616 847 5664 tamen
879 5606 1097 5679 pietate
1130 5607 1189 5658 et
1217 5602 1432 5655 virtute
1464 5598 1767 5670 praeditus.
1804 5602 1908 5656 Pi-

249 5699 564 5754 scatoriam
593 5707 790 5757 autem
822 5715 1001 5772 agens
1021 5697 1434 5767 vitam,captos
1454 5689 1649 5763 pisces
1675 5693 1908 5748 mendi-

2103 5330 2397 5404 Παρθένιος
2429 5333 2457 5388 6
2489 5332 2542 5387 ἐν
2599 5247 3015 5409 ἆγίοιὲαιέῖιζηρ
3074 5337 3262 5407 ἡμῶν,
3318 5336 3386 5405 ἦν
3442 5334 3532 5392 ἐπὶ
3588 5344 3692 5407 τῆς

2031 5419 2308 5495 βασιλείας
2365 5421 2783 5478 Κωνσταντίνου
2840 5427 2939 5478 τοῦ
3002 5423 3272 5498 μεγάλου,
3355 5426 3474 5489 υἱὸς
3548 5426 3687 5501 Χρι-

2023 5508 2295 5585 στοφόρου
2343 5507 2600 5567 διακόνου
2655 5517 2756 5580 τῆς
2814 5510 2867 5567 ἐν
2930 5510 3303 5569 Μελιτοπόλει
3362 5512 3681 5584 ἐκκλησίας

2019 5602 2360 5675 γραμμάτων
2394 5601 2488 5673 μὲν
2543 5599 2789 5677 ἄπειρος,
2846 5597 3087 5671 εὐλαϐής
3147 5600 3206 5659 δὲ
3257 5603 3347 5659 καὶ
3402 5603 3677 5681 ἐνάρετος.

2018 5689 2236 5748 Ἥλίευε
2286 5688 2345 5747 δὲ
2400 5692 2493 5746 καὶ
2547 5690 2677 5754 τοὺς
2750 5692 2965 5767 ἰχθύας,
3026 5693 3116 5750 καὶ
3167 5691 3405 5752 διεδίδου
3463 5695 3526 5752 ix
3577 5701 3683 5765 τῆς
