4132 6472
245 423 344 485 301

1632 405 2175 474 FEBRUARIUS.

3551 414 3668 474 302

246 551 399 628 ἄγρας
424 555 547 614 τοῖς
583 553 834 622 ξητοῦσι.
889 546 1141 618 Τοσαύτη
1195 543 1254 602 δέ
1299 566 1384 608 τις
1433 549 1505 617 ἦν
1544 541 1898 622 κρυπτομένη

2031 545 2103 601 :is
2131 545 2545 604 distribuebat.
2577 548 2713 603 Haec
2743 547 2805 602 in
2836 548 2964 620 ipso
2997 548 3190 604 latens
3219 547 3405 604 virtus
3425 550 3668 620 meruit,

245 644 285 699 ἰν
319 643 464 715 αύτῷ
495 641 688 717 ἀρετὴ,
723 639 799 702 ὡς
831 638 922 694 καὶ
955 636 1116 713 χάριν
1149 637 1298 712 παρὰ
1325 639 1461 691 Θεοῦ
1519 629 1731 701 λαϐεῖν,
1792 630 1903 688 δαί-

247 754 404 806 μονας
462 728 819 799 ἀπελαύνειν,
874 726 964 783 καὶ
1022 726 1216 787 νόσους
1307 724 1508 790 ἰᾶσθαι.
1571 721 1907 780 Ἐσπούδασε

244 821 294 878 δὲ
351 821 443 877 καὶ
497 818 665 892 ἔμαθε
722 817 1040 892 γράμματαο
1122 814 1214 870 καὶ
1294 818 1694 889 χειροτονεῖται
1771 831 1904 885 πρε-

249 908 504 985 σϐύτερος
565 908 671 964 ὑπὸ
731 905 1018 962 Φιλίππου
1074 902 1375 960 ἐπισκόπου
1458 900 1906 969 Μελιτοπόλεως,

254 1003 375 1057 εἷτα
429 997 719 1058 ἐπίσκοπος
780 996 1089 1069 Λαμψάκου
1150 993 1254 1048 ὑπὸ
1335 990 1640 1068 ’Δσχολίου
1697 1010 1908 1064 μητρο-

260 1088 484 1145 πολίτου
522 1087 779 1156 Κυζίκου.
840 1083 1032 1140 Πολλὰ
1087 1080 1145 1139 δὲ
1200 1081 1448 1155 θαύματα
1500 1080 1748 1150 ἐποίησε·
1817 1079 1906 1133 καὶ

262 1181 358 1257 γὰρ
391 1179 485 1233 ὑπὸ
538 1176 744 1251 ταύρου
800 1175 890 1230 τὸν
953 1171 1236 1245 ὀφθαλμὸν
1299 1170 1494 1246 ἀνδρός
1545 1192 1694 1232 τινος
1752 1167 1907 1224 ἐκκο·

260 1272 462 1338 πέντος,
499 1266 708 1333 ίασατο,
742 1265 833 1320 καὶ
883 1265 946 1320 τὸ
997 1262 1192 1331 πάθος,
1242 1262 1307 1316 τὸ
1361 1257 1656 1338 λεγόμενον
1714 1258 1908 1333 καρκί-

251 1381 357 1426 νον,
414 1355 760 1431 ἐθεράπευσε,
821 1352 909 1408 καὶ
959 1353 1051 1408 τὸν
1114 1352 1220 1407 ὑπὸ
1276 1357 1376 1420 τῆς
1428 1350 1642 1422 ἁμάξης
1692 1369 1908 1422 συμπα-

247 1448 483 1517 τηθέντα
514 1445 802 1520 ἄνθρωπον
848 1441 1154 1511 ἆνεζώωσε·
1211 1439 1303 1495 καὶ
1361 1437 1508 1494 ἄλλα
1563 1437 1751 1494 πολλὰ
1807 1458 1910 1492 πα-

242 1534 447 1612 ράδοξα
477 1535 737 1603 ποιήσας,
795 1531 887 1586 καὶ
935 1530 1062 1607 περὶ
1119 1527 1441 1603 μελλόντων
1501 1526 1805 1606 προειπὼν,
1855 1525 1908 1582 ἐν

237 1625 440 1703 εἰρήνῃ
472 1620 796 1692 ἐτελειώθη.

847 1724 930 1795 Τῇ
960 1717 1099 1794 αὐτῇ
1133 1719 1322 1793 ἡμέρᾳ

238 1825 460 1897 Μνήμη
519 1827 615 1878 τοῦ
687 1820 853 1898 ἁγίου
909 1819 1176 1945 ’Δλρὲιῑιέεἳς
1280 1817 1580 1874 ἐπισκόπου
1664 1821 1918 1896 Κυπρουο

963 1899 1174 1948 Λείπει.

819 2008 978 2065 ΜΗΝ
985 2013 1007 2063 Ι
1045 2013 1131 2062 ΤΩ
1170 2009 1349 2064 ΔΥΤΩ

1044 2131 1109 2187 II'

234 2235 452 2308 Πνήμη
489 2236 586 2287 τοῦ
644 2229 804 2308 ἁγίου
858 2228 948 2308 καὶ
1008 2227 1229 2308 ἐνδόξου
1288 2230 1579 2308 προφήτου
1638 2229 1917 2306 Ζαχαρίου

716 2302 837 2364 ἐνὸς
868 2306 975 2356 τῶν
1011 2303 1076 2372 ιζ’
1108 2302 1434 2380 προφητῶνζ

319 2448 493 2509 Οὗτος
523 2447 550 2502 ὁ
582 2446 881 2522 προφήτης
910 2443 1174 2521 ἐγεννήθη
1228 2443 1323 2516 μὲν
1377 2443 1431 2498 ἐν
1481 2446 1552 2517 τῇ
1607 2445 1770 2517 χώρᾳ
1816 2450 1917 2512 τῆς

239 2531 540 2599 Ἰουδαίας.
569 2535 747 2599 Ἦλθε
811 2531 867 2588 δὲ
916 2533 992 2596 εἷς
1047 2540 1152 2608 γῆν
1200 2530 1516 2599 Χαλδαίων,
1566 2532 1740 2609 γέρων
1803 2532 1915 2607 ἤδη

240 2629 562 2706 γενόμενος·
601 2627 691 2682 καὶ
723 2626 837 2681 ἐκεῖ
893 2623 1085 2681 πολλὰ
1139 2629 1532 2703 προεφήτευσε,
1591 2626 1680 2680 καὶ
1723 2629 1920 2704 τέρατα

245 2717 447 2776 ἔδωκεν
510 2718 589 2780 είς
649 2713 922 2786 ἀπόδειξιν
979 2713 1071 2770 καὶ
1131 2719 1355 2788 σημεῖα.
1414 2715 1583 2775 Οὗτος
1670 2716 1786 2772 εἶπε
1838 2721 1919 2790 τῷ

253 2806 475 2884 βασιλεῖ
506 2803 776 2873 Ἰωσεδὲκ,
813 2803 898 2860 ὅτι
948 2805 1227 2874 Γεννήσεις
1279 2803 1420 2875 υἱὸν,
1473 2804 1564 2858 καὶ
1621 2803 1674 2858 ἐν
1728 2805 1922 2880 Ἰερου-

254 2900 450 2974 σαλήμ
477 2898 798 2974 ἱερατεύσειο
855 2895 1066 2968 ὁμοίως
1119 2895 1209 2950 καὶ
1264 2897 1356 2950 τὸν
1415 2897 1704 2965 Σαλαθιήλ
1758 2895 1920 2952 εὐλό-

257 3009 424 3065 γησεν
452 2988 539 3042 ἐπὶ
572 2989 695 3059 υἱῷ,
728 2986 820 3042 καὶ
858 2984 921 3040 τὸ
978 2980 1156 3057 ὄνομα
1202 2983 1368 3039 αὐτοῦ
1420 2984 1639 3054 ἐξέθηκε
1677 2979 1922 3060 Ζοροϐά-

267 3071 514 3132 ϐελ·καὶ
545 3075 632 3130 ἐπὶ
676 3074 850 3150 Κύρου
913 3078 1012 3129 τοῦ
1076 3071 1348 3149 βασιλέως
1406 3078 1637 3146 σημεῖον
1699 3095 1918 3150 προφη-

263 3163 414 3234 τείης
465 3157 655 3218 ἔδωκεν
710 3162 786 3226 εἷς
845 3167 1017 3226 νῖκος
1077 3161 1167 3217 καὶ
1222 3162 1346 3237 περὶ
1403 3168 1505 3231 τῆς
1574 3161 1918 3237 λειτουργίας

259 3253 426 3309 αὑτοῦ
457 3252 879 3328 προηγόρευσεν,
909 3249 978 3322 ἤν
1003 3253 1222 3322 ποιήσει
1275 3250 1326 3306 ἐν
1379 3251 1769 3326 Ἰερουσαλήμο
1816 3250 1904 3307 καὶ

253 3343 377 3418 περί
406 3341 605 3405 τελους
638 3341 828 3408 ἐθνῶν,
860 3341 952 3396 καὶ
1002 3341 1125 3416 περῖ
1175 3344 1557 3418 προφητειῶν,
1603 3349 1693 3396 καί
1742 3343 1902 3418 ἰερω-

251 3434 420 3503 σύνης
475 3437 584 3487 τῶν
643 3429 950 3500 Ἰουδαίων,
1027 3429 1111 3486 ὅτι
1199 3431 1729 3508 καταργηθήσονται
1817 3431 1909 3486 καὶ

250 3523 378 3599 περὶ
426 3527 525 3579 τοῦ
580 3528 734 3593 ναοῦ,
790 3521 874 3578 ὅτι
931 3519 1390 3593 καταλυθήσεται*
1470 3521 1562 3576 καὶ
1632 3522 1757 3594 περὶ
1809 3528 1910 3591 τῆς

249 3611 556 3688 παρουσίας
587 3616 686 3667 τοῦ
717 3613 979 3684 Χριστοῦ,
1026 3612 1110 3666 ὅτι
1168 3609 1464 3666 καταλύσει
1527 3615 1702 3666 πᾶσαν
1753 3609 1917 3666 εἰδω-

256 3702 612 3773 Αολατρείαν,
644 3701 733 3755 καὶ
770 3699 1079 3777 βασιλεύσει
1131 3699 1211 3762 εἷς
1267 3700 1395 3763 τοὺς
1456 3700 1680 3762 αἰῶνας.
1742 3705 1918 3755 Ταῦτα

256 3791 322 3848 δὲ
377 3789 785 3868 προφητεύσας,
842 3788 931 3846 καὶ
991 3787 1139 3845 ἄλλα
1187 3787 1394 3857 πολλὰ,
1448 3788 1501 3845 ἐν
1559 3792 1706 3866 γήρᾳ
1766 3791 1920 3866 βαθεῖ

241 3879 499 3938 ἀπέθανε·
558 3879 649 3935 καὶ
715 3878 884 3957 ἐτάφη
944 3879 1206 3953 ἐντίμως,
1262 3878 1519 3955 σύνεγγυς
1594 3882 1691 3935 τοῦ
1746 3882 1921 3958 τάφου

241 3973 350 4026 τοῦ
378 3966 652 4045 ’Δγγαίου
682 3971 780 4024 τοῦ
811 3969 1120 4046 προφήτου.

865 4095 950 4167 Τῆ
979 4093 1120 4165 αὐτῇ
1149 4093 1333 4167 ἡμέρᾳ

239 4195 523 4265 ’Δθλησις
568 4196 666 4248 τοῦ
723 4193 878 4269 ἁγίου
925 4190 1422 4269 μεγαλομάρτυρος
1478 4189 1774 4268 Θεοδώρου
1826 4197 1925 4249 τοῦ

619 4283 1004 4360 στρατηλάτου
1032 4287 1130 4340 τοῦ
1161 4283 1212 4340 ἐν
1244 4281 1567 4359 Εὖχαΐτοις.

318 4412 384 4466 ’0
446 4406 867 4485 μεγαλομάρτυς
950 4406 1234 4482 Θεόδωρος
1289 4409 1319 4463 6
1377 4405 1758 4481 στρατηλάτης
1835 4408 1924 4477 ἦν

243 4500 342 4557 ἐπὶ
374 4497 658 4554 Λικιννίου
687 4502 785 4553 τοῦ
821 4497 1116 4572 βασιλέως,
1146 4499 1245 4568 τὴν
1282 4497 1377 4571 μὶν
1413 4494 1630 4567 οἷὲιησιν
1687 4492 1832 4552 ἔχων
1867 4495 1922 4552 ἐν

234 4595 367 4652 τοῖς
434 4585 755 4663 Εὖχαΐτοις,
819 4582 1123 4662 δεατρίϐων
1184 4584 1242 4642 δὲ
1310 4586 1389 4650 είς
1444 4585 1770 4658 Ἡράκλειαν
1829 4607 1892 4642 το

2014 640 2080 690 ut
2109 635 2333 691 donum
2367 651 2402 691 a
2429 637 2531 692 Dei
2563 637 2860 708 acciperet
2905 638 3210 693 dmmones
3257 638 3577 710 effugandi,
3612 644 3673 694 et

2015 726 2256 780 morbos
2278 727 2821 798 curandi.Cumque
2842 732 3048 798 postea
3072 730 3249 783 etiam
3272 728 3501 783 litteras
3523 728 3671 783 didi-

2015 815 2531 888 cisset,presbyter
2547 833 2581 872 a
2598 817 2870 888 Philippo
2897 817 3362 888 Melitopolitano
3387 817 3666 889 episcopo

2016 904 2344 974 ordinatur,
2379 906 2595 962 deinde
2625 907 2940 978 episcopus
2971 908 3271 978 Lampzaci
3304 907 3376 962 ab
3397 895 3669 963 AschOlio

2017 994 2205 1066 Cyzici
2237 996 2628 1067 Metropolita.
2654 996 2834 1051 Multa
2853 1001 3050 1050 autem
3074 996 3362 1052 miracula
3387 999 3672 1068 patravit:

2017 1101 2155 1139 nam
2188 1085 2422 1139 oculum
2458 1085 2771 1155 cujusdam
2829 1102 2862 1140 a
2921 1091 3086 1140 tauro
3144 1103 3330 1140 cornu
3389 1088 3674 1143 effossum

2017 1175 2862 1246 restituit;etmorbum,quem
2881 1192 3163 1230 cancrum
3179 1181 3388 1231 vocant
3417 1179 3675 1246 curavit;

2019 1271 2077 1321 et
2102 1266 2407 1321 hominem
2439 1265 2550 1320 sub
2581 1266 2846 1337 plaustro
2897 1266 3330 1337 proculcatum,
3380 1267 3454 1321 ad
3497 1268 3676 1323 vitam

2017 1355 2327 1410 revocavit.
2351 1356 2614 1426 Cumque
2639 1354 2754 1410 alia
2776 1355 3035 1426 plurima
3057 1356 3324 1427 prodigia
3370 1355 3678 1434 edidisset,

2019 1443 2363 1517 prophetico
2396 1443 2574 1499 etiam
2607 1444 2823 1516 spiritu
2849 1443 3067 1512 clarus,
3103 1444 3163 1498 in
3194 1461 3339 1516 pace
3398 1445 3675 1501 decessit.

2672 1739 2893 1795 Eodem
2927 1739 3022 1796 die

2039 1857 2189 1913 170
2217 1856 2666 1912 Commemoratio
2696 1858 2881 1913 sancti
2921 1857 3145 1913 Arionis
3191 1857 3438 1928 episcopi
3484 1859 3681 1929 Cypri.

2756 1947 2950 2002 Deest.

2578 2062 2822 2118 EODEM
2861 2062 3113 2119 MENSE.

2685 2179 2788 2234 Die
2824 2184 3027 2235 octava

2027 2270 2173 2324 171
2245 2270 2706 2348 Commemoratio
2753 2270 2933 2323 sancti
2973 2268 3322 2348 _et_glorzosi
3380 2267 3684 2348 prophetae

2252 2341 2527 2396 Zachariw
2558 2342 2725 2396 unius
2755 2358 2824 2396 ea:
2852 2340 3124 2396 sexdecim
3154 2340 3459 2410 prophetis,

2099 2485 2215 2540 Iste
2237 2484 2526 2556 propheta
2549 2484 2610 2539 in
2636 2484 2877 2556 regione
2898 2483 3112 2539 Judaaaa
3144 2487 3340 2546 natus,
3373 2483 3436 2538 in
3467 2485 3688 2537 terram

2028 2575 2441 2631 Chaldaeorum
2464 2576 2650 2647 venitj
2662 2588 2755 2631 am
2779 2581 3055 2646 provecta
3076 2573 3476 2645 aatate,ibique
3499 2574 3690 2629 multa

2028 2668 2322 2740 praedixit,
2357 2672 2416 2722 et
2444 2668 2611 2740 signa
2641 2673 2818 2738 atque
2850 2673 3127 2738 portenta
3172 2668 3234 2721 in
3283 2682 3510 2734 eorum,
3554 2683 3687 2737 quas

2031 2758 2478 2824 vaticinabatur,
2512 2757 3087 2812 demonstrationem
3141 2757 3326 2812 dedit.
3390 2757 3496 2811 Hic
3539 2756 3689 2811 dixit

2028 2847 2352 2902 Josedecho
2384 2846 2663 2918 principi,
2688 2845 2846 2917 quod
2882 2847 3072 2901 ﬁlium
3097 2851 3483 2918 suscepturus
3507 2852 3687 2913 esset,

2031 2936 2132 3007 qui
2156 2935 2580 3007 Hierosolymis
2605 2936 2936 2991 sacerdotio
2965 2935 3329 3006 fungeretur.
3362 2937 3505 2990 ltem
3535 2935 3688 2991 Sala-

2029 3025 2197 3081 thieli
2229 3025 2291 3080 in
2324 3025 2446 3080 ﬁlio
2477 3025 2806 3087 benedixit,
2841 3026 2935 3080 cui
2969 3031 3027 3080 et
3056 3024 3434 3080 Zorobabelis
3465 3041 3687 3081 nomen

2030 3116 2332 3188 imposuit.
2369 3116 2447 3170 De
2477 3115 2625 3187 Cyro
2655 3132 2893 3187 quoque
2924 3132 3060 3187 rege
3092 3115 3326 3187 signum
3357 3115 3685 3186 prophetiaa

2032 3205 2196 3260 dedit
2225 3205 2286 3259 in
2318 3205 2622 3260 victoriam
2649 3223 2663 3270 ;
2697 3205 2888 3276 deque
2915 3205 3005 3260 sui
3036 3205 3223 3275 ipsius
3256 3204 3495 3276 liturgia
3544 3221 3684 3274 pro-

1937 3291 1982 3358 C
2023 3294 2302 3367 phetavit,
2335 3311 2453 3365 qua
2479 3299 2638 3350 esset
2685 3295 3108 3366 Hierosolymis
3135 3295 3467 3350 iuncturus.
3506 3294 3682 3348 Deni-

2020 3401 2136 3455 que
2158 3384 2230 3439 de
2251 3385 2520 3457 gentium
2545 3385 2882 3454 ﬁne,deque
2910 3384 3241 3454 prophetiis
3270 3390 3328 3438 et
3349 3383 3682 3438 sacerdotio

2019 3474 2378 3537 Iudaeorum.
2416 3474 2574 3544 quod
2609 3480 2808 3528 essent
2840 3475 3060 3528 exitum
3114 3473 3392 3528 habitura
3425 3491 3436 3526 :
3492 3472 3716 3544 deque”

2023 3564 2222 3618 futuro
2255 3564 2462 3634 templi
2488 3563 2716 3618 excidio
2745 3580 2758 3617 :
2791 3569 2850 3619 et
2882 3563 2953 3618 de
2985 3563 3201 3617 Christi
3250 3563 3525 3628 adventu,
3583 3563 3685 3634 qui

2025 3658 2184 3708 esset
2212 3653 2505 3708 idolorum
2539 3652 2764 3706 cultum
2823 3653 3068 3707 omnino
3128 3652 3456 3717 deleturus,
3518 3657 3575 3706 et
3623 3653 3684 3707 in

2027 3752 2316 3800 internum
2343 3745 2855 3817 regnaturusllaac
2873 3749 2931 3798 et
2951 3745 3208 3816 plurima
3229 3744 3347 3798 alia
3366 3743 3641 3816 prmdixit
3669 3759 3682 3799 :

2030 3833 2179 3890 etin
2225 3840 2491 3890 extrema
2548 3839 2853 3889 senectute
2907 3834 3075 3902 obiit,
3137 3834 3525 3906 sepultusque
3574 3834 3687 3890 fuit

2029 3924 2356 3979 honoriﬁce
2383 3940 2567 3997 prope
2599 3923 2942 3996 sepulcrum
2974 3925 3169 3998 Aggaai
3199 3923 3528 3996 prophetas.

2688 4104 2910 4160 Eodem
2937 4103 3032 4160 die

2033 4197 2128 4251 17
2141 4196 2188 4251 2
2249 4195 2534 4250 Certamen
2591 4197 2769 4249 sancti
2829 4196 3017 4263 magni
3073 4193 3339 4264 martyris

2425 4264 2671 4320 militum
2700 4265 2855 4320 ducis
2885 4268 2943 4320 in
2973 4266 3283 4320 Euchaztis.

3420 4193 3695 4250 Theodori

2108 4411 2350 4482 Magnus
2380 4413 2606 4480 martyr
2633 4407 2976 4464 Theodorus
3007 4407 3268 4462 militum
3294 4406 3433 4474 dux,
3468 4406 3690 4462 Licinio

2037 4501 2415 4582 imperatore,
2449 4497 2700 4553 claruit:
2733 4503 2792 4552 et
2823 4496 3189 4552 domicilium
3215 4496 3456 4568 quidem
3489 4497 3550 4550 in
3583 4497 3695 4550 Eu-

2039 4589 2252 4646 chaitis
2267 4587 2805 4648 nactus,Heraclem
2824 4592 3023 4642 tamen
3048 4586 3109 4641 in
3129 4589 3315 4641 Ponto
3329 4585 3692 4653 versabatur,

246 4680 496 4739 Πόντου⁸
536 4678 672 4754 ἀνὴρ
705 4676 898 4753 λόγιος
929 4677 1019 4732 καὶ
1050 4674 1348 4754 εὔμορφος,
1377 4677 1466 4732 καὶ
1517 4678 1732 4739 συνετὸς
1783 4697 1915 4731 τοσ-

2035 4681 2122 4735 vir
2149 4677 2511 4750 eloquentia,
2543 4677 2734 4734 forma
2760 4695 2826 4734 ac
2857 4677 3175 4749 prudentia
3224 4676 3370 4732 adeo
3421 4677 3695 4747 insignis,

246 4776 438 4838 οὖτον,
469 4768 545 4830 ὡς
573 4768 662 4823 καὶ
717 4768 809 4822 τὸν
877 4765 1108 4842 βασιλέα
1151 4766 1485 4840 ἐπιθυμῆσαι
1538 4763 1670 4820 ἰδεῖν
1733 4764 1916 4826 αὐτόν.

241 4864 466 4932 Ἐμαθε
484 4857 609 4933 γὰρ,
644 4859 730 4912 ὃτι
763 4855 1103 4932 ὡραιότατός
1155 4856 1268 4912 ἐστι
1310 4856 1400 4910 καὶ
1449 4852 1716 4928 ἀνδρεῖος,
1767 4854 1914 4925 πλὴν

258 4947 536 5022 ὁμολογεῖ
562 4948 656 5001 τὸν
699 4945 951 5021 Χριστόν.
1015 4945 1118 5002 Καὶ
1175 4941 1462 5001 ἀπέστειλε
1513 4946 1697 5000 καλῶν
1757 4943 1919 5000 αὐτὸν

264 5038 339 5099 εἷς
370 5033 763 5110 Νικομήδειαν.
823 5037 886 5092 Ὀ
945 5033 1003 5090 δὲ
1046 5035 1161 5090 εἶπε
1216 5035 1352 5112 πρὸς
1403 5033 1534 5096 τοὺς
1587 5032 1920 5089 ἀποσταλέν-

269 5148 386 5194 τας,
417 5129 496 5183 δτι
529 5125 757 5183 Μᾶλλον
785 5124 1005 5200 πρέπει,
1033 5125 1125 5180 ἳνα
1154 5124 1284 5200 ἔλθῃ
1315 5122 1424 5180 ὧδε
1455 5125 1484 5180 6
1522 5121 1800 5199 βασιλεὺς,
1832 5124 1923 5179 καὶ

276 5216 448 5290 ἀγάγῃ
472 5217 718 5281 καὶτοὺς
746 5220 988 5293 χρυσοῦς
1040 5217 1128 5272 καὶ
1188 5213 1462 5292 ἀργυροῦς
1519 5214 1686 5270 αὐτοῦ
1744 5214 1922 5285 θεοὺς,

312 5307 335 5326 γ
452 5302 481 5359 λ
517 5306 540 5338 ,ι
934 5312 958 5324 ν
1126 5307 1138 5330 ο
1255 5311 1268 5331 ι
1773 5305 1808 5338 ν,
1877 5304 1891 5325 I

274 5326 364 5368 οις
390 5326 447 5360 κε
489 5327 589 5362 εδει
616 5328 984 5384 προσαγαγειν
1019 5319 1225 5372 θυσιας.
1272 5311 1312 5360 Ο
1361 5302 1421 5360 δὲ
1465 5304 1735 5366 Λικίννιος
1763 5325 1928 5360 amo-

270 5417 382 5463 σας,
446 5401 580 5471 μετᾶ
639 5403 819 5472 χαρᾶς
874 5401 1043 5453 τοῦτο
1089 5396 1338 5467 ἐποίησε.
1401 5395 1496 5450 Καὶ
1575 5394 1783 5468 μαθὼν,
1843 5396 1926 5450 ὅτι

267 5482 485 5564 ἔρχεται
531 5488 558 5542 ὁ
607 5487 905 5557 Λικίννιος,
966 5486 1337 5549 ἐπικαθεσθεὶς
1396 5482 1575 5558 ἵππῳ,
1624 5484 1925 5556 ὑπήντησεν

268 5576 556 5649 αύτῷ,καῖ
618 5575 941 5651 πρεπόντως
1001 5575 1251 5650 ἐτίμησε,
1309 5574 1384 5637 ὡς
1445 5569 1691 5650 βασιλέα.
1751 5575 1811 5631 Ὁ
1871 5572 1928 5630 δὲ

272 5665 528 5742 βασιλεὺς
555 5665 820 5722 εἰσελθὼν
852 5665 905 5721 ἐν
943 5669 1012 5740 τῇ
1071 5665 1253 5736 πόλει,
1303 5660 1601 5740 παρεκάλει
1649 5662 1742 5717 τὸν
1780 5664 1929 5740 ἅγιον

269 5757 418 5812 θῦσαι
478 5759 600 5821 τοῖς
660 5761 832 5822 θεοῖς’
866 5757 894 5811 ὁ
927 5753 985 5812 δὲ
1039 5755 1283 5828 ᾐτήσατο
1342 5747 1531 5809 λαϐεῖν
1591 5749 1787 5816 αὐτοὺς
1839 5756 1930 5810 καὶ

2029 4776 2097 4826 ut
2125 4769 2450 4840 imperator
2477 4766 2714 4821 videndi
2743 4766 2915 4821 illum
2975 4765 3273 4821 desiderio
3322 4764 3695 4836 flagraverit:

2033 4863 2277 4916 noverat
2307 4857 2467 4912 enim
2503 4873 2637 4911 cum
2671 4856 3002 4910 formosum
3035 4871 3165 4910 esse
3197 4871 3264 4910 ac
3296 4853 3512 4908 fortem
3545 4871 3558 4920 ;
3594 4853 3699 4908 sed

2033 4954 2234 5003 tamen
2264 4945 2483 5001 Christi
2517 4945 2829 5001 cultorem.
2859 4945 3016 5000 Misit
3044 4945 3225 5017 igitur
3255 4944 3358 5015 qui
3412 4959 3549 4998 eum
3604 4941 3671 4996 Ni

2035 5035 2368 5093 comediam
2401 5039 2794 5090 accerserent.
2827 5037 2903 5089 At
2931 5033 3032 5088 ille
3065 5033 3139 5089 ad
3197 5034 3442 5089 nuntios
3479 5049 3492 5088 :
3547 5031 3699 5099 Quin

2034 5130 2234 5203 potius
2264 5127 2458 5196 docet,
2490 5127 2706 5198 inquit,
2742 5131 2807 5182 ut
2864 5127 2981 5183 huc
3031 5126 3356 5198 imperator
3404 5124 3699 5187 adveniat,

2037 5235 2361 5290 secumque
2392 5217 2644 5273 advehat
2699 5217 2842 5272 deos
2902 5233 3042 5272 suos
3105 5233 3318 5272 aureos
3373 5220 3431 5270 et
3487 5227 3700 5283 argen-

2037 5315 2188 5378 teos,
2211 5308 2429 5379 quibus
2462 5308 2730 5363 victimas
2765 5307 3064 5363 immolari
3098 5305 3390 5378 praecipit.
3416 5300 3581 5367 Quod
3601 5298 3702 5369 ubi

2039 5398 2276 5456 rescivit
2299 5397 2580 5465 Licinius,
2606 5398 2820 5470 gaudio
2843 5399 3090 5453 affectus
3114 5397 3171 5451 id
3196 5391 3702 5451 fecit.Theodorus

2039 5507 2196 5557 vero,
2232 5489 2466 5562 cognito
2501 5488 2708 5544 Licinii
2743 5487 3020 5554 adventu,
3054 5491 3255 5541 vectus
3287 5479 3704 5554 equo,obviam

2040 5581 2093 5638 ei
2124 5578 2436 5652 processit,
2470 5581 2530 5633 et
2561 5578 2661 5649 qui
2695 5575 3039 5649 imperatori
3095 5573 3365 5639 decebat,
3415 5586 3483 5625 eo
3533 5567 3704 5623 illum

2040 5672 2267 5726 honore
2311 5672 2663 5739 prosecutus
2724 5672 2829 5722 est.
2893 5667 3201 5736 Ingressus
3260 5660 3438 5732 igitur
3495 5657 3708 5712 urbem

2039 5761 2386 5832 imperator,
2420 5760 2694 5814 sanctum
2725 5751 3096 5823 hortabatur,
3121 5755 3186 5806 ut
3210 5763 3380 5804 sacra
3405 5746 3524 5803 diis
3549 5745 3710 5802 face—
