4132 6464
441 404 559 468 803

1695 403 2137 467 MENOLOGII
2180 403 2381 469 PARS
2426 405 2509 469 II.

3747 426 3872 489 304

436 548 549 599 ret.
581 543 657 598 At
678 539 1023 599 Theodorus
1051 537 1296 610 rogavit,
1325 542 1391 594 ut
1419 537 1534 593 sibi
1563 538 1772 595 liceret
1792 555 1894 595 eos
1925 539 2069 611 priu:

2207 543 2530 614 θεραπεῦται
2578 544 2797 615 πρῶτον
2858 539 2912 597 ἓν
2966 544 3048 616 τῷ
3116 540 3273 618 οἴκῳ,
3331 548 3422 603 καὶ
3494 545 3684 610 λαϐὼν
3746 578 3874 616 συν-

437 631 681 687 domum
711 630 1021 692 advehere,
1054 645 1170 698 quo
1194 627 1332 682 illos
1374 627 1456 682 ibi
1507 627 1751 683 coleret.
1807 630 2063 699 Accepto

2202 624 2407 703 ἔτριψε,
2447 630 2539 685 καὶ
2579 626 2751 686 ἔδωκε
2776 636 2895 694 τοῖς
2926 639 3198 709 πτωχοῖς.
3233 635 3332 691 Καὶ
3364 634 3457 695 διὰ
3485 646 3646 699 τοῦτο
3677 646 3864 704 πολλὰ

437 728 633 777 autem
666 718 1041 796 comminuit,
1076 723 1136 772 et
1160 717 1221 771 in
1245 733 1538 788 pauperes
1563 718 1840 790 erogavit.
1875 719 2083 783 Quam-

2205 719 2550 794 βασανισθεὶς
2596 722 2884 796 πρότερον,
2945 721 3165 798 ὕστερον
3209 726 3638 804 ἀπεκεφαλίσθη”
3688 737 3751 791 τὸ
3806 735 3865 793 δὲ

435 811 641 866 obrem
665 807 867 863 multis
893 807 1154 879 primum
1178 807 1492 862 tormentis
1514 807 2069 871 cruciatus,demun

2196 807 2388 881 τίμιον
2449 808 2615 864 αὐτοῦ
2675 809 2929 886 λείψανον
2986 812 3357 887 ἀνακομισθὶν
3413 817 3567 892 ἐτέθη
3631 822 3682 878 ἐν
3744 826 3856 882 Εὐ-

433 899 625 972 capite
654 897 865 969 plexus
897 901 987 951 est
1014 912 1027 951 :
1082 899 1256 968 cujus
1284 896 1562 967 pretiosa
1592 896 1864 968 reliquiae
1898 901 2089 952 trans-

430 987 587 1056 latae,
619 986 683 1042 in
712 985 1015 1040 Euchaitis
1041 983 1326 1056 depositae
1357 990 1514 1040 sunt.

1028 1101 1251 1157 Eodem
1280 1100 1378 1156 die

424 1234 465 1288 ‘I
482 1232 579 1290 78
614 1231 1075 1288 Commemoratio
1102 1228 1285 1284 sancti
1312 1229 1497 1285 Patris
1544 1229 1724 1285 nostri
1777 1227 2084 1290 Theodosii.

495 1355 919 1415 Sanctissimus
951 1357 1124 1411 Pater
1143 1359 1348 1410 noster
1369 1354 1735 1411 Theodosius
1755 1355 1840 1409 An
1851 1353 2082 1408 tiochise

422 1448 487 1505 in
520 1449 689 1521 Syria
719 1445 1022 1501 nobilibus
1054 1461 1121 1500 ac
1153 1444 1435 1500 divitibus
1488 1443 1835 1516 parentibus
1883 1448 2080 1511 natus,

422 1537 713 1594 abdicatis
744 1534 1112 1608 parentibus,
1147 1535 1355 1608 gloria,
1387 1534 1620 1606 opibus,
1654 1539 1712 1588 et
1739 1531 1986 1599 mundo,
2017 1531 2080 1586 in

424 1626 743 1701 quemdam
766 1625 984 1680 Ciliciae
1006 1631 1271 1679 montem
1294 1624 1985 1692 secessit,exstructoque
2015 1622 2079 1676 in

420 1733 599 1788 parva
618 1714 895 1786 profundi
920 1714 1040 1768 saxi
1063 1729 1313 1768 caverna
1332 1713 1392 1767 in
1416 1729 1579 1768 mare
1604 1716 1877 1784 vergente
1901 1716 2075 1783 tugu-

419 1806 530 1871 rio,
556 1804 636 1860 ibi
662 1802 1242 1874 concedit,jejun1is,
1270 1802 1433 1857 humi
1457 1800 1895 1866 cubationibus,
1930 1800 2073 1873 vigi-

416 1895 537 1958 liis,
560 1900 619 1950 et
638 1892 1009 1949 orationibus
1032 1897 1151 1947 toto
1172 1892 1382 1946 animo
1411 1891 1702 1956 addictus,
1737 1905 2072 1986 corpusque
2104 1921 2148 1986 Β

415 1999 589 2038 suum
610 1987 958 2037 extenuans.
982 1979 1407 2035 Indumentum
1431 1981 1558 2052 ejus
1586 1983 1714 2035 erat
1734 1995 1804 2034 ex
1824 1977 2072 2033 hirsutis

415 2071 599 2128 setis:
633 2069 737 2125 sed
769 2075 829 2124 et
857 2069 1082 2124 ferreas
1115 2068 1369 2124 laminas
1427 2069 1489 2123 in
1546 2067 1723 2137 collo,
1771 2066 2071 2136 manibus,

415 2166 476 2216 et
504 2159 702 2215 medio
734 2173 981 2230 corpore
1010 2157 1298 2229 gestabat.
1355 2158 1620 2229 Cumque
1653 2156 1788 2213 talis
1843 2161 2077 2211 tantus-

417 2265 534 2321 que
565 2254 742 2315 esset,
778 2263 909 2302 eam
938 2263 975 2303 a
1003 2248 1121 2301 Deo
1152 2247 1423 2318 gratiam,
1459 2252 1517 2301 et
1546 2245 1702 2318 apud
1732 2260 1870 2300 eum
1918 2243 2074 2298 fidu-

416 2339 570 2394 ciam
602 2337 757 2405 iniit,
790 2342 858 2393 ut
887 2342 945 2392 et
973 2336 1163 2391 multa
1206 2335 1497 2391 miracula
1544 2335 1802 2391 faceret:
1854 2349 2071 2405 aquam

416 2428 577 2483 enim
601 2443 671 2482 ex
700 2426 868 2482 arida
889 2432 1059 2497 petra
1079 2425 1301 2491 eduxit,
1322 2430 1381 2480 et
1402 2424 1809 2497 periclitantes
1831 2422 1893 2478 in
1921 2422 2071 2477 mari

412 2517 682 2573 servavit.
716 2516 978 2571 Tandem
1010 2514 1083 2569 ob
1116 2516 1456 2570 Isaurorum
1511 2513 1923 2570 excursionem
1950 2513 2068 2567 An-

410 2608 694 2663 tiochiam
727 2606 1051 2678 profectus,
1083 2604 1380 2661 occubuit.

2197 896 2440 972 χαίτοις.

2779 1106 2863 1179 Τῇ
2897 1104 3038 1172 αὐτῆ
3071 1105 3257 1183 ἡμέρᾳ

2361 1220 2571 1292 Μνήμη
2604 1222 2701 1274 τοῦ
2729 1219 2881 1275 ὁσίου
2912 1223 3124 1297 Πατρὸς
3153 1226 3314 1298 ἡμῶν
3347 1226 3663 1291 Θεοδοσίου.

2262 1332 2571 1406 Θεοδόσιος,
2603 1337 2631 1392 ὁ
2677 1337 2976 1401 ὁσιώτατος
3034 1342 3219 1416 Πατὴρ
3266 1345 3429 1417 ἡμῶν
3478 1347 3686 1421 ἐγένετο
3737 1353 3845 1409 ἀπὸ

2188 1423 2536 1499 ’Δντιοχείας
2570 1432 2674 1495 τῆς
2730 1428 2956 1502 Συρίας,
3014 1429 3132 1492 υἱὸς
3197 1432 3402 1506 γονέων
3463 1434 3694 1508 ἐνδόξων
3749 1440 3840 1496 καὶ

2186 1512 2486 1569 πλουσίων.
2521 1513 2699 1572 Ἀλλὰ
2746 1516 3064 1573 καταλιπὼν
3121 1521 3211 1575 καὶ
3258 1529 3465 1596 γονεῖς,
3515 1527 3606 1581 καὶ
3658 1526 3841 1602 δόξαν,

2183 1603 2274 1658 καὶ
2305 1602 2570 1675 πλοῦτον,
2601 1604 2691 1660 καὶ
2747 1607 2839 1661 τὸν
2884 1608 3117 1680 κόσμον,
3174 1610 3418 1681 ἀπῆλθεν
3477 1615 3553 1678 εἰς
3611 1617 3674 1673 τὸ
3724 1640 3846 1695 συγ-

2182 1692 2431 1782 κείμενον
2471 1694 2541 1764 τῇ
2599 1691 2827 1765 Κιλικίᾳ
2891 1690 3040 1769 ὅρος·
3101 1696 3192 1752 καὶ
3250 1698 3422 1776 εὑρὼν
3476 1703 3677 1779 πᾶτραν
3742 1690 3841 1782 βα-

2183 1787 2328 1847 θεῖαν
2361 1777 2598 1858 ἔχουσαν
2639 1782 2835 1851 σκέπην
2899 1786 3119 1862 μικρὰν,
3178 1791 3318 1865 πρὸς
3375 1777 3647 1855 θάλασσαν
3703 1777 3839 1852 ἀπο-

2177 1871 2491 1940 κλίνουσαν,
2536 1873 2848 1945 κατῴκησεν
2910 1872 3040 1932 ἐκεῖ.
3102 1876 3234 1933 Εἶτα
3282 1878 3376 1933 καὶ
3436 1883 3633 1957 μικρὸν
3695 1884 3839 1940 οἲκί-

2184 1980 2316 2014 σκον
2370 1958 2577 2029 κτίσας,
2636 1957 2944 2035 κατέμενεν,
3001 1963 3271 2035 νηστείαις
3328 1966 3421 2022 καὶ
3503 1973 3831 2045 χαμευνίαις

2182 2049 2273 2104 καὶ
2304 2048 2625 2124 ἀγρυπνίαις
2670 2050 2761 2105 καὶ
2820 2059 3157 2128 προσευχαῖς
3220 2055 3407 2111 ἑαυτὸν
3475 2056 3685 2132 ἐκδοὺς,
3740 2063 3833 2117 καὶ

2183 2140 2579 2197 καταδαπανῶν
2609 2142 2672 2197 τὸ
2699 2147 2859 2216 σῶμα
2887 2143 3075 2201 αὐτοῦ.
3135 2147 3235 2203 Ἦν
3290 2144 3347 2203 δὲ
3387 2150 3449 2204 τὲ
3492 2147 3693 2225 ἔνδυμα
3740 2152 3839 2209 αὗ-

2181 2237 2279 2288 τοῦ
2310 2233 2371 2288 ἐκ
2390 2237 2602 2309 τριχῶν
2626 2238 2929 2309 τραχειῶν.
2971 2232 3151 2291 Ἀλλὰ
3197 2236 3288 2292 καὶ
3338 2236 3538 2314 σίδηρα
3582 2242 3750 2318 βαρὲα
3780 2243 3832 2299 ἐν

2179 2346 2259 2397 τῳ
2286 2325 2478 2379 ἑαυτοῦ
2507 2320 2778 2397 τραχήδῳ
2806 2319 3085 2394 ἐϐάσταζε,
3136 2326 3227 2381 καῖ
3274 2327 3329 2383 ἐν
3368 2334 3488 2395 ταῖς
3537 2333 3696 2407 χερσὶ
3745 2331 3836 2388 καὶ

2181 2414 2234 2470 ἐν
2265 2417 2345 2486 τῷ
2379 2413 2528 2487 μέσῳ
2556 2416 2653 2468 τοῦ
2684 2412 2960 2486 σώματος.
2991 2419 3249 2480 Τοιοῦτος
3278 2418 3591 2493 γενόμενος,
3616 2421 3842 2491 πολλῆς

2180 2504 2342 2580 ἔτυχε
2372 2503 2620 2579 χάριτος,
2653 2502 2743 2558 καὶ
2802 2504 3111 2580 παῤῥησίας
3162 2507 3299 2579 πρὸς
3342 2509 3435 2564 τὸν
3485 2510 3639 2580 Θεὸν,
3690 2511 3842 2567 ἀλλὰ

2178 2595 2269 2650 καὶ
2300 2592 2551 2666 θαύματα
2581 2590 2771 2649 πολλά
2800 2591 3077 2663 ἐποίησεν.
3131 2597 3228 2653 Ἐκ
3272 2598 3473 2672 πέτρας
3518 2602 3623 2674 γὰρ
3674 2601 3841 2677 ξηρᾶς

408 2693 558 2771 ὕδωρ
586 2690 893 2750 ἀναϐλῦσαι
923 2692 1214 2762 πεποίηκε·
1248 2691 1339 2746 καὶ
1371 2689 1423 2746 ἐν
1459 2689 1703 2766 θαλάσσῃ
1731 2688 2142 2750 κινδυνεύοντας
2191 2680 2439 2744 πολλοὺς
2487 2679 2758 2737 διέσωσεν·
2802 2682 3055 2739 ἅπελθὼν
3106 2682 3165 2741 δὲ
3212 2684 3288 2748 εἷς
3332 2688 3705 2763 Ἀντιόχειαν,
3755 2688 3845 2746 διὰ

404 2786 504 2854 τὴν
536 2781 732 2862 ἔφοδον
760 2788 869 2839 τῶν
901 2782 1184 2857 ἰσαύρων,
1217 2780 1536 2852 ἐτελειώθη.

1057 2883 1280 2939 Eodem
1311 2882 1404 2937 die

408 3004 566 3058 174
621 3004 906 3058 Certamen
963 3008 1286 3057 sanctarum
1331 3008 1647 3072 martyrum
1699 3001 1957 3065 Marthae,
2018 3008 2072 3056 et

411 3077 603 3130 Mariae
633 3091 1026 3144 germanarum
1057 3089 1331 3140 sororum,
1362 3080 1414 3128 et
1443 3075 1765 3146 Lycariom's
1792 3072 2067 3128 monachi.

488 3234 703 3290 Sancta
731 3234 948 3290 Christi
1006 3241 1234 3307 martyr
1289 3235 1534 3302 Martha,
1594 3235 1844 3306 ejusque
1901 3250 2069 3289 soror

2768 2876 2845 2947 Τῇ
2888 2871 3024 2947 αὐτῇ
3064 2874 3248 2951 ἡμέρᾳ

2182 2985 2453 3065 Ἀθλησις
2509 2990 2618 3065 τῷν
2679 2987 2863 3065 ἁγίλιυν-
2906 2988 3195 3065 μαρτύρων
3254 2990 3495 3065 Μάρθας-
3559 2992 3649 3048 καὶ
3715 2995 3832 3050 Μα-

2254 3058 2671 3145 ρίαςηγνησίων
2724 3057 3024 3135 eadem,
3087 3057 3197 3117 ’καὶ
3285 3057 3640 3137 Λοκαρίωνος
3733 3087 3836 3139 μο-

2249 3150 2443 3204 ναχου.

2248 3228 2313 3284 Ἡ
2346 3228 2473 3304 άγία
2506 3229 2711 3303 μάρτυς
2733 3232 2831 3283 τοῦ
2872 3234 3115 3305 Χριστοῦ
3170 3233 3385 3307 Μάρθα,
3429 3234 3518 3291 καὶ
3549 3238 3584 3306 ἡ
3615 3233 3829 3314 ἀδελφή

412 3324 616 3389 Maria,
648 3323 903 3396 virgines
937 3332 1107 3380 erant
1128 3326 1239 3397 pize
1268 3326 1573 3395 Deumque
1597 3324 1892 3379 timentes.
1917 3324 2061 3379 Cum

2184 3318 2344 3386 κύτῆς
2381 3317 2583 3392 Μαρία,
2624 3318 2759 3387 ἦσαν
2805 3320 3064 3391 παρθένοι
3127 3317 3379 3385 εὐλαϐεῖς
3415 3324 3505 3379 καὶ
3552 3326 3642 3380 τὸν
3694 3308 3825 3382 Θεθν

418 3420 618 3468 autem
652 3413 970 3485 provinciw
1002 3414 1317 3486 praefectus
1339 3430 1510 3469 secus
1531 3413 1795 3481 domum,
1823 3411 1925 3468 ubi
1945 3429 2069 3467 ma-

2184 3403 2538 3486 φοόούμεναι.
2575 3410 2950 3484 Διερχομὲνου
2981 3407 3039 3465 δὲ
3094 3415 3191 3466 τοῦ
3237 3419 3340 3483 τῆς
3388 3416 3575 3491 χώρας
3624 3418 3830 3493 ἄρχον..

408 3502 651 3571 nebant,
672 3505 1083 3575 pertransiret,
1103 3519 1133 3560 e
1160 3503 1423 3559 fenestra
1443 3501 2069 3575 prospicientes,Chri-

409 3591 634 3647 stianas
669 3608 796 3646 sese
825 3592 1108 3663 professa:
1140 3599 1295 3648 sunt.
1332 3598 1405 3647 At
1434 3591 1747 3664 praefectus
1778 3591 2068 3646 virentem

409 3696 615 3741 earum
647 3684 881 3735 aetatem
902 3680 1153 3735 intuitus
1189 3698 1201 3736 :
1231 3681 1450 3746 Salvas,
1480 3679 1677 3752 inquit
1697 3680 1941 3736 omnino
1967 3697 2068 3735 vos

410 3784 541 3823 esse
564 3767 824 3835 vellem;
868 3769 970 3824 sed
1020 3768 1140 3824 nisi
1198 3769 1311 3824 diis
1360 3769 1854 3838 sacriﬁcaveritis,
1912 3768 2067 3824 male

408 3856 701 3928 peribitis.
737 3857 841 3911 Cui
870 3862 1126 3912 sanctae:
1159 3858 1311 3912 Mors
1343 3874 1463 3912 non
1491 3862 1602 3926 est,
1637 3857 1937 3929 inquiunt,
1963 3857 2067 3913 sed

406 3946 544 4011 vita,
578 3961 686 4016 pro
717 3946 949 4001 Christo
979 3945 1151 4000 mori.
1184 3945 1407 4001 Eadem
1462 3946 1610 4001 dixit
1666 3952 1725 4002 et
1780 3947 2066 4019 Lycarion

409 4033 759 4090 adolescens
790 4034 1144 4102 monachus,
1206 4035 1308 4105 qui
1363 4051 1509 4089 cum
1556 4035 1883 4108 virginibus
1948 4037 2062 4091 vir-

407 4128 533 4179 tute
567 4122 851 4191 certabat,
896 4123 1233 4196 adjecitque
1287 4125 1624 4180 Grzecorurn
1673 4125 1815 4181 deos
1872 4126 2062 4182 simu-

407 4213 571 4269 lacra
600 4213 805 4270 inania
836 4229 988 4280 esse,
1024 4228 1347 4285 eorumque
1398 4213 1656 4270 cultores
1705 4214 1956 4270 miseros
2007 4219 2064 4270 et

405 4301 694 4359 infelices.
718 4304 909 4358 Iratus
934 4302 1114 4375 igitur
1137 4301 1450 4375 prmfectus
1473 4303 2062 4376 praecepitmilitibus

402 4397 471 4447 ut
495 4408 595 4448 eos
619 4392 1060 4449 interficerent:
1092 4393 1192 4464 qui
1224 4398 1461 4449 sanctas
1479 4392 1720 4465 quidem
1744 4394 1805 4448 in
1824 4410 2060 4450 crucem

403 4487 564 4537 actas
592 4481 808 4555 gladiis
839 4481 1187 4549 coniecere;
1224 4483 1583 4538 monachum
1633 4487 1833 4538 autem
1880 4483 2063 4556 Lyca-

400 4571 632 4625 rionem
663 4569 1058 4625 decollarunt.
1091 4572 1283 4641 Atque
1332 4571 1491 4627 hunc
1539 4572 1600 4627 in
1651 4572 1896 4628 modum
1945 4573 2061 4629 vita

399 4657 609 4725 functi,
643 4659 874 4714 animas
906 4675 1044 4714 suas
1076 4659 1326 4715 Domino
1359 4658 1752 4716 tradiderunt.

1055 4917 1277 4974 Eodem
1309 4918 1405 4975 die

544 5033 581 5087 1
601 5032 692 5091 15
727 5034 1013 5091 Certamen
1039 5033 1220 5090 sancti
1244 5036 1512 5108 martyris
1537 5033 1914 5107 Philadelphi.

1132 5151 1326 5206 Deest.

954 5268 1198 5324 EODEM
1238 5268 1494 5325 MENSE.

1083 5385 1187 5440 Die
1217 5401 1378 5441 nona

548 5474 587 5529 ‘l
606 5473 704 5528 76
739 5472 1023 5529 Certamen
1054 5476 1233 5529 sancti
1262 5476 1533 5548 martyris
1563 5478 1878 5549 Nicephori.

460 5562 765 5619 Gloriosus
795 5562 1017 5618 Christi
1046 5569 1271 5635 martyr
1302 5566 1689 5636 Nicephorus,
1736 5568 2049 5626 Valeriano

390 5655 447 5705 et
476 5652 743 5708 Gallieno
782 5652 1268 5723 imperatoribus,
1328 5671 1461 5709 cum
1522 5656 1812 5728 privatam
1870 5661 2048 5718 vitam

387 5740 891 5811 ageret,utebatur
909 5741 1287 5799 familiariter
1305 5744 1567 5817 Sapricio
1583 5748 1840 5818 quodam
1856 5751 2049 5808 eccle-

2174 3518 2271 3559 τος
2300 3499 2377 3562 είς
2406 3499 2503 3567 τήν
2539 3497 2739 3565 οἰκίαν,
2769 3495 2893 3553 ἔνθα
2935 3501 3254 3576 κατέμενον,
3304 3502 3410 3559 ὰπὸ
3455 3512 3556 3575 τῆς
3606 3505 3829 3582 θυρίδος

2175 3590 2544 3662 προκυψασαι,
2603 3588 2934 3662 Χριστιανὰς
3000 3590 3192 3653 ἑαυτὰς
3281 3592 3639 3654 ἀπεκάλεσαν.
3730 3599 3832 3654 Καὶ

2177 3673 2305 3731 ἰδὼν
2340 3677 2367 3731 ὁ
2400 3679 2588 3751 ἅρχων
2618 3675 2681 3731 τὸ
2711 3677 2829 3731 νέον
2861 3684 2963 3747 τῆς
2997 3678 3223 3748 ἡλικίας
3272 3682 3475 3753 αὐτᾶν,
3526 3687 3647 3740 εἷπε
3694 3688 3834 3763 πρὸς

2173 3764 2356 3828 αὐτάςο
2419 3765 2593 3823 Ἐλεῶ
2653 3767 2748 3839 μὲν
2811 3767 2950 3840 ὑμᾶς
3023 3773 3299 3845 φονεῦσαιο
3380 3770 3510 3829 ἀλλ’
3605 3773 3692 3830 ἐὰν
3757 3777 3833 3849 μὴ

2173 3853 2375 3927 θόσητε
2411 3861 2531 3917 τοῖς
2588 3858 2754 3925 θεοῖς,
2813 3861 2998 3922 κακῶς
3037 3857 3357 3921 ἀπολεῖσθε.
3418 3862 3490 3918 Αἱ
3549 3861 3608 3919 δὶ
3663 3867 3835 3940 ἅγιαι,

2172 3944 2349 4014 εἶπον,
2397 3946 2474 4018 μή
2530 3944 2665 3999 εἶναι
2724 3945 2951 4001 θάνατον
3006 3947 3070 4002 τὸ
3130 3948 3262 4024 ὑπὲρ
3324 3955 3564 4024 Χριστοῦ
3622 3953 3830 4019 ἀποθα-

2169 4038 2299 4103 νεῖν,
2356 4031 2504 4089 ἀλλὰ
2563 4036 2731 4105 ζωήν.
2791 4034 3037 4109 Ὁμοίως
3093 4038 3181 4092 καὶ
3240 4038 3359 4101 νέος
3413 4061 3498 4104 τις
3558 4045 3826 4119 μοναχὸς,

2170 4124 2459 4199 Λυκαρίων
2520 4119 2717 4198 ὄνομα,
2778 4125 2806 4179 ὁ
2869 4128 3004 4198 μετὰ
3055 4131 3164 4182 τῶν
3226 4126 3507 4203 παρθένων
3568 4131 3648 4195 εἷς
3708 4134 3826 4209 ἀρε-

2167 4213 2268 4280 τὴν
2315 4211 2742 4287 ἆγωνιζόμένος,
2800 4213 2868 4268 τὰ
2923 4214 3093 4287 ὅμοια
3158 4219 3327 4291 εἶπεν,
3386 4219 3479 4275 καὶ
3535 4222 3663 4285 τοὺς
3720 4227 3831 4279 τῶν

2167 4299 2455 4371 Ἑλλήνων
2511 4300 2667 4365 θεοὺς
2724 4299 2930 4358 εἴδωλα
2986 4303 3232 4378 ἐκάλεσε,
3293 4309 3382 4362 καὶ
3440 4310 3565 4373 τοὺς
3653 4333 3829 4387 προσ-

2167 4392 2464 4453 κυνοῦντας
2514 4389 2650 4445 αὐτὰ
2702 4391 2951 4454 ἀθλίους.
3011 4394 3149 4451 Τότε
3224 4396 3492 4473 ὀργισθεὶς
3551 4400 3580 4453 ὁ
3632 4397 3823 4475 ἄρχων

2168 4478 2463 4552 προσέταξε
2507 4484 2626 4541 τοῖς
2686 4481 3046 4555 στρατιώταις
3084 4483 3396 4540 ἀποκτεῖναι
3455 4486 3668 4550 αὐτούς.
3728 4492 3827 4545 Καὶ

2165 4567 2261 4630 τὰς
2295 4567 2392 4640 μὲν
2423 4568 2580 4643 ἁγίας
2635 4568 3001 4644 ἐσταύρωσαν,
3058 4574 3149 4627 καί
3206 4579 3325 4636 τοῖς
3379 4574 3550 4648 ξίφεσι
3598 4576 3831 4634 κατέγο..

2091 4662 2290 4737 οψαν·
2346 4660 2439 4714 τὸν
2500 4656 2557 4714 δὲ
2611 4659 2762 4715 ὅσιον
2821 4662 3146 4736 Λυκαρίωνα
3229 4664 3657 4745 ἀπεκεφάλισαν,
3733 4671 3827 4725 καὶ

2169 4746 2344 4811 οὕτως
2370 4746 2787 4822 ἐτελειώθησαν,
2832 4750 2925 4805 καὶ
2984 4750 3305 4829 παρέδωκαν
3362 4756 3457 4821 τὰς
3508 4760 3693 4834 ψυχὰς
3743 4760 3831 4816 αὖ·

2166 4841 2274 4894 τῶν
2305 4842 2386 4911 τῷ
2417 4839 2627 4915 Κυρίῳ.

2760 4932 2843 5004 Τῆ
2884 4929 3024 5004 αὖτῇ
3059 4932 3245 5009 ἡμέρᾳ

2338 5042 2609 5115 ’Ἀθλησις
2637 5065 2735 5100 του
2766 5044 2923 5122 ἁγίου
2954 5046 3227 5124 μάρτυρος
3260 5049 3640 5133 Φιλαδέλφου.

2887 5171 3094 5231 Λείπει.

2699 5287 2885 5344 MHNI
2924 5291 3016 5369 T9
3059 5290 3263 5370 Αττᾳ.

2964 5389 3020 5443 Θ.

2343 5490 2624 5560 ’Ἂθλησις
2654 5494 2750 5545 τοῦ
2783 5491 2942 5567 ἁγίου
2973 5495 3248 5571 μάρτυρος
3290 5498 3640 5576 Νικηφορου.

2231 5579 2551 5667 Νικηφόρος
2586 5581 2613 5635 ὁ
2659 5576 2873 5652 ἔνδοξος
2935 5583 3141 5659 μάρτυς
3197 5589 3299 5641 τοῦ
3359 5590 3601 5661 Χριστοῦ
3661 5592 3840 5667 ὑπηρ-

2160 5686 2255 5741 χεν
2289 5666 2377 5722 ἐπὶ
2409 5667 2804 5743 Οὐαλεριανοῦ,
2857 5671 2948 5725 καὶ
2996 5671 3324 5745 Γαλλιηνοῦ,
3373 5681 3482 5731 τῶν
3539 5666 3837 5755 βασιλέων,

2160 5754 2390 5828 ΐδιώτης
2425 5760 2524 5827 τὴν
2555 5758 2726 5829 τάξιν.
2762 5758 2900 5835 Εἶχε
2936 5758 2996 5817 δὲ
3043 5762 3229 5839 φίλον,
3284 5754 3583 5842 Σαπρίκιον
3619 5767 3834 5825 καλού-
