4132 6426
271 392 390 452 305

1724 387 2244 453 FEBRUARIUS.

3586 398 3705 458 306

276 541 462 596 μενον,
493 513 865 592 πρεσϐύτερον
900 522 1000 586 τῆς
1051 519 1162 571 τῶν
1205 519 1550 590 Χριστιανῶν
1613 515 1930 588 ἐκκλησίας,

2054 523 2155 578 sies
2179 524 2652 584 Christianorum
2675 529 3155 601 presbytero,qui
3171 534 3378 601 postea
3407 529 3704 586 diabolico

270 613 420 673 ὅστις
452 609 560 663 ἀπὸ
624 602 959 675 διαϐολικῆς
1020 604 1288 679 ἐνεργείας
1350 603 1576 678 ἐμίσησε
1633 607 1724 661 τὸν
1788 607 1944 682 ἅγιον

277 699 623 776 Νικηφόρον,
666 698 761 752 καὶ
818 695 1197 768 ἐμνησικάκει.
1260 697 1507 770 Ἐγὲνετο
1567 695 1623 750 δὲ
1681 694 1946 772 διωγμὸς,

276 792 375 846 καὶ
405 788 698 862 κρατηθεὶς
733 789 761 842 ὁ
803 787 1105 862 Σαπρίκιος
1162 787 1309 859 παρὰ
1362 790 1469 840 τῶν
1521 784 1944 862 εἷδωλολατρῶν

279 883 625 955 ἠναγκάζετο
676 879 835 932 θῦσαι
891 882 1008 938 τοῖς
1070 871 1348 936 εἰδώλοις.
1411 876 1636 948 Πέμψας
1697 872 1754 930 δὲ
1809 877 1947 950 πρὸς

288 971 460 1025 αὑτὸν
506 965 722 1041 μεσίτας
781 966 810 1020 ὁ
856 967 1011 1040 ἅγιος
1067 962 1403 1039 Νικηφόρος,
1461 964 1755 1038 παρεκάλει
1815 986 1944 1040 συγ.

293 1061 543 1135 χωρῆσαι
572 1057 747 1128 αὐτῷ,
779 1055 889 1130 πρὸ
944 1058 1042 1109 τοῦ
1091 1055 1408 1108 ἀποθανεῖν.
1442 1055 1505 1111 Ὁ
1539 1051 1596 1108 δὲ
1645 1054 1942 1127 Σαπρίκιος

295 1151 360 1204 ού
395 1149 758 1222 συνεχώρησε.
797 1146 898 1200 Καῖ
956 1145 1044 1198 ὅτε
1097 1141 1231 1197 εἶδεν
1277 1142 1436 1197 αὐτὸν
1490 1143 1789 1216 συρόμενον
1838 1144 1943 1198 ὑπὸ

291 1244 394 1294 τῶν
453 1235 692 1309 δημίων,
753 1234 891 1307 πρὸς
977 1235 1040 1288 τὸ
1127 1231 1656 1305 ἇποκεφαλισθῆναι,
1716 1233 1940 1308 δραμὼν

279 1326 467 1382 ἔπεσεν
501 1326 579 1388 είς
609 1325 739 1386 τοὺς
799 1321 970 1384 πόδας
1028 1323 1194 1376 αὐτοῦ
1252 1321 1585 1396 παρακαλῶν
1647 1343 1940 1399 συγχωρη-

279 1419 462 1486 θῆναι.
497 1415 592 1470 Καὶ
629 1411 753 1469 οὐδὲ
798 1415 976 1482 οῆτως
1032 1407 1212 1466 ἔπεισε
1257 1411 1352 1465 τὸν
1402 1411 1615 1474 ἄθλιον,
1660 1412 1790 1467 Τότε
1836 1411 1942 1467 άπ-

269 1505 514 1580 εστράφη
548 1504 708 1559 αὑτὸν
738 1505 766 1558 ὁ
797 1502 950 1563 Θεός.
982 1501 1270 1562 Τανυσθείς
1326 1501 1429 1575 γάρ
1479 1500 1573 1555 τὸν
1623 1499 1938 1576 τράχηλον,

263 1597 357 1651 καὶ
422 1592 555 1649 ἰδὼν
614 1593 677 1648 τὸ
735 1592 890 1666 ξίφος
947 1591 1256 1665 γυμνωθὲν,
1316 1592 1437 1644 εἷπε
1487 1595 1608 1652 τοῖς
1685 1588 1935 1663 δημίοιςο

265 1684 478 1762 Ἀφετέ
539 1703 607 1755 με
659 1681 751 1736 καὶ
809 1680 922 1745 θύω
973 1684 1090 1742 τοῖς
1151 1676 1425 1742 εἰδώλοις·
1511 1678 1736 1753 δραμὼν
1794 1678 1852 1735 δὲ
1911 1681 1938 1736 ὁ

272 1777 435 1850 ἅγιος
497 1771 820 1849 Νικηφόρος
879 1769 1117 1840 ὑπέθηκε
1199 1768 1290 1823 τὸν
1376 1769 1567 1824 ἑαυτοῦ
1647 1770 1936 1845 τράχηλον

2053 612 2342 671 instinctu
2365 625 2637 673 sanctum
2668 619 3067 691 Nicephorum
3090 619 3316 686 oderat,
3341 636 3451 676 nec
3468 620 3594 676 ulla
3614 637 3703 676 ra-

2052 703 2212 759 tione
2241 708 2619 763 reconciliari
2653 709 2702 763 ei
2735 710 2986 765 volebat.
3021 711 3330 765 Commota
3350 716 3551 765 autem
3574 727 3707 782 per-

2052 795 2378 864 secutione,
2415 814 2550 853 cum
2583 799 2884 870 Sapricius
2932 799 3003 855 ab
3053 799 3388 855 idololatris
3437 816 3706 871 compre-

2052 883 2275 940 hensus
2323 887 2785 959 compelleretur
2822 889 2999 944 idolis
3039 889 3371 960 immolare,
3421 889 3587 944 misit
3632 889 3708 944 ad

2049 988 2185 1027 eum
2216 975 2578 1033 mediatores
2629 984 2869 1033 sanctus
2920 979 3305 1050 Nicephorus,
3352 995 3586 1051 rogans,
3640 984 3708 1034 ut

2049 1061 2161 1115 sibi
2194 1071 2463 1134 parceret
2493 1073 2814 1138 antequam
2873 1068 3157 1139 martyrio
3214 1068 3577 1140 fungeretur.
3634 1072 3709 1121 At

2049 1150 2346 1223 Sapricius
2375 1156 2426 1209 ei
2459 1157 2691 1211 veniam
2723 1157 2862 1212 dare
2897 1159 3107 1213 noluit.
3168 1163 3431 1228 Cumque
3483 1158 3709 1213 videret

2048 1256 2183 1295 eum
2215 1243 2287 1297 ad
2321 1245 2680 1316 supplicium
2713 1263 2748 1302 a
2777 1247 3086 1302 lictoribus
3137 1248 3310 1314 trahi,
3363 1264 3700 1317 accurrens,

2045 1331 2296 1402 pedibus
2358 1335 2606 1406 Sapricii
2666 1337 3000 1405 advolutus,
3061 1339 3238 1393 etiam
3297 1344 3472 1409 atque
3522 1339 3703 1393 etiam

2046 1423 2276 1489 orabat,
2302 1429 2369 1478 ut
2399 1425 2506 1479 sibi
2541 1434 2828 1498 parceret.
2876 1428 2988 1482 Sed
3041 1445 3233 1499 neque
3279 1427 3364 1482 sic
3411 1428 3699 1484 miserum

2044 1525 2283 1564 movere
2313 1513 2523 1582 potuit.
2554 1515 2743 1579 Quare
2776 1532 2809 1570 a
2836 1517 2952 1571 Deo
2987 1516 3354 1587 repudiatus,
3388 1533 3522 1570 cum
3574 1517 3703 1587 jam

2043 1606 2279 1656 extento
2311 1603 2464 1657 collo
2497 1603 2839 1660 districtum
2874 1607 3171 1662 carniﬁcis
3202 1606 3469 1677 gladium
3519 1607 3701 1661 vidis-

2045 1693 2152 1756 set,
2187 1690 2259 1745 ad
2282 1690 2524 1748 lictores
2554 1711 2878 1750 conversus
2906 1712 2917 1750 :
2956 1697 3238 1750 Dimittite
3260 1713 3377 1759 me,
3403 1696 3618 1767 inquit,
3644 1703 3702 1751 et

2041 1780 2217 1836 idolis
2248 1781 2594 1840 immolabo.
2629 1787 2933 1841 Procurrit
2959 1804 3096 1860 ergo
3131 1795 3372 1844 sanctus
3404 1789 3695 1860 Nicepho-

268 1866 389 1921 ἀντὶ
455 1862 782 1938 Σαπρικίου,
834 1860 926 1916 καὶ
983 1856 1390 1937 άπεκεφαλίσθη
1459 1859 1593 1934 ὑπὲρ
1651 1864 1923 1936 Χριστοῦ.

2054 1887 2162 1937 rus,
2209 1877 2266 1926 et
2321 1872 2544 1929 collum
2603 1892 2776 1931 suum
2834 1875 2964 1932 loco
3023 1878 3269 1948 Sapricii
3328 1895 3696 1950 supponens,

861 2036 946 2107 Τῇ
987 2032 1123 2107 αὗτῇ
1163 2033 1346 2108 ἡμέρᾳ

263 2164 476 2235 Μνήμη
521 2163 849 2235 ,Μαρκιανοῦ
908 2157 1208 2235 ἐπισκόπου
1272 2156 1542 2235 Σικελίας,
1619 2159 1927 2235 φιλαγρίου

340 2230 658 2307 ἐπισκόπου-
704 2232 945 2307 Κύπρου,
1025 2231 1113 2286 καὶ
1202 2232 1544 2307 Παγκρατίου
1627 2230 1928 2288 ἐπισκόπου

341 2303 748 2382 Ταυρομενίου,

339 2449 501 2505 Οὗτοι
563 2449 801 2523 μαθηταὶ
861 2446 1109 2521 ἐγένοντο
1191 2450 1291 2502 τοῦ
1377 2444 1534 2520 ἁγίου
1615 2445 1928 2502 ἀποστόλου

266 2540 499 2613 Πέτρου·
552 2538 580 2594 ό
641 2538 736 2611 μὶν
794 2537 896 2612 γάρ
949 2538 1127 2610 πατὴρ
1184 2540 1283 2592 τοῦ
1338 2536 1497 2611 ἁγίου
1559 2537 1926 2613 Παγκρατίου,

263 2625 348 2686 ἔτι
378 2634 476 2685 τοῦ
525 2631 762 2705 Χριστοῦ
811 2630 1242 2701 περιπατοῦντος
1290 2631 1623 2700 σωματικῶς
1682 2626 1771 2682 ἐπὶ
1830 2634 1932 2697 τῆς

267 2724 400 2794 γῆς,
457 2719 546 2774 καὶ
606 2721 1170 2792 θαυματουργοῦντος,
1222 2716 1480 2786 ἀκούσας,
1533 2716 1776 2786 ἀπῆλθεν
1825 2717 1929 2772 άπὸ

274 2813 380 2874 τῆς
410 2807 743 2884 Ἀντιοχείας
778 2808 856 2868 εἷς
888 2806 1274 2880 Ἰερουσαλὴμ,
1339 2806 1472 2879 μετὸ⁴
1515 2810 1613 2860 τοῦ
1669 2812 1930 2881 Παγκρα-

269 2901 422 2967 τίου,
449 2894 580 2952 tam
618 2896 802 2952 αὐτόν.
849 2895 952 2952 Καὶ
995 2895 1288 2970 γενόμενος
1341 2897 1622 2970 γνώριμος
1667 2900 1748 2966 τῷ
1795 2895 1930 2970 ἁγίῳ

276 2988 497 3056 Ηὲτρῳ,
532 2986 660 3056 μετὰ
694 2986 794 3054 τὴν
855 2983 1131 3055 ἀνάληψιν
1179 2987 1280 3038 τοῦ
1326 2988 1582 3061 Χριστοῦ,
1632 2983 1930 3054 ἠκολούθει

289 3073 461 3144 αὐτῷ.
545 3074 639 3128 Καὶ
723 3072 1130 3148 προχειρισθεὶς
1217 3073 1302 3126 ὑπ’
1388 3073 1554 3127 αὐτοῦ
1639 3072 1930 3135 ἐπίσκοπος

295 3161 688 3233 Ταυρομενίου,
711 3161 800 3216 καὶ
836 3159 1104 3216 διδάσκων
1134 3160 1220 3216 ἐπὶ
1251 3166 1331 3234 τῷ
1381 3161 1607 3234 ὀνόματι
1655 3167 1752 3216 τοῦ
1801 3164 1932 3236 Χρι-

280 3254 432 3321 στοῦ,
466 3249 725 3328 ἐφονεύθη
753 3250 933 3327 κρύφα
965 3251 1068 3305 ὑπὸ
1098 3254 1204 3305 τῶν
1250 3249 1560 3320 Ἑλλήνων.
1592 3252 1654 3309 Ὁ
1687 3250 1743 3306 δὲ
1777 3259 1926 3328 Μαρ-

2054 3251 2379 3306 Marcianus
2439 3253 2751 3324 episcopus
2810 3256 3025 3311 Sicilia)
3092 3257 3304 3320 factus,

273 3341 461 3402 κιανός
495 3339 704 3412 ὁμοίως
737 3341 1154 3415 χειροτονηθεὶς
1187 3339 1480 3402 ἐπίσκοπος
1538 3341 1814 3407 Σικελίας,
1845 3341 1935 3396 καὶ

275 3428 530 3491 πολλοὺς
558 3435 667 3484 τῶν
730 3429 970 3484 ἀπίστων
1029 3427 1353 3503 ἐπιστρέψας
1414 3429 1502 3486 ἐπὶ
1558 3432 1650 3486 τὸν
1709 3431 1934 3506 Κύριον,

271 3518 600 3590 ἐτελειώθη⁸
658 3520 686 3575 ὃ
745 3518 804 3574 δὲ
862 3518 1164 3596 Φιλάγριος
1221 3526 1319 3587 τῆς
1382 3520 1604 3596 Κύπρου
1669 3523 1936 3584 καταστάς

275 3609 597 3686 ἀρχιερεὺς,
629 3607 721 3664 καὶ
778 3606 1044 3664 διδάσκων
1095 3610 1186 3664 καὶ
1231 3610 1394 3673 αὐτὸς
1443 3609 1532 3666 ἐπὶ
1579 3615 1659 3682 τῷ
1713 3611 1939 3683 ὀνόματι

272 3704 378 3755 τοῦ
405 3699 668 3774 Χριστοῦ,
700 3695 948 3760 πολλοὺς
979 3698 1316 3774 πειρασμοὺς
1353 3699 1456 3755 ὑπὸ
1485 3721 1545 3755 τε
1572 3701 1681 3755 τῶν
1733 3697 1936 3774 δαιμό-

267 3811 406 3858 νων,
440 3789 671 3844 καὶτῶν
724 3790 800 3862 μῆ
861 3783 1225 3865 φοϐουμένων
1277 3790 1369 3844 τὸν
1427 3793 1628 3866 Κυριον
1680 3795 1935 3866 πονηρῶν

271 3879 367 3933 καὶ
409 3877 648 3933 ἀπίστων
708 3877 1011 3951 ἀνθρώπων
1074 3879 1394 3953 ὑπομείνας,
1464 3879 1804 3956 εὐχαριστῶν
1861 3883 1941 3953 τῷ

269 3971 408 4040 Θεῷ
430 3968 596 4044 μέχρι
627 3973 727 4037 τῆς
759 3965 998 4043 ἐσχάτης
1029 3967 1329 4042 ἀναπνοῆς,
1361 3967 1703 4040 ἐτελεύτησε.

826 4085 980 4143 ΜΠΝ
988 4088 1009 4143 Ι
1055 4087 1148 4143 ΤΩ
1187 4092 1389 4144 ΔΥΤΩ.

1091 4212 1130 4267 1.

280 4336 563 4410 ’Ἃθλησις
633 4341 770 4413 τῶν-
825 4336 998 4413 ἁγίων
1037 4410 1047 4413 _
1083 4337 1519 4412 Χαραλάμπους,

669 4409 931 4481 Δαύκτού,
962 4410 1054 4465 καὶ
1084 4409 1250 4488 τρι-ῶν
1281 4409 1573 4488 γυναικῶν.

1605 4342 1941 4419 Πορφυρίου,

357 4551 743 4626 Χαραλάμπης
803 4555 831 4608 ὁ
861 4558 959 4608 τοῦ
1018 4553 1252 4629 Χριστνῦ
1314 4557 1523 4631 μάρτυρ
1583 4557 1829 4633 ὑπῆρχεν
1887 4558 1939 4612 ἐν

2040 1960 2230 2032 capite
2261 1978 2367 2033 pro
2399 1963 2630 2038 Christo
2657 1965 3046 2022 obtruncatus
3077 1971 3186 2022 est.

2691 2055 2911 2110 Eodem
2943 2056 3036 2112 die

2035 2140 2703 2217 __Com_memoratio
2763 2148 3056 2217 Marciani
3135 2147 3378 2217 episcopi
3458 2145 3686 2215 Sicilia,

2107 2211 2387 2282 Philargii
2441 2215 2687 2286 episcopi
2743 2216 2914 2287 Cypri
2969 2224 3022 2272 et
3079 2211 3366 2273 Pahcrat'ii
3450 2211 3695 2290 episcopi

2113 2285 2492 2341 Tauromenii.

2107 2444 2208 2499 Isti
2237 2445 2513 2518 discipuli
2547 2447 2710 2503 fuere
2769 2451 2954 2505 sancti
3003 2452 3158 2505 Petri
3219 2450 3494 2522 apostoli.
3554 2451 3700 2505 Nam

2038 2535 2227 2589 sancti
2259 2537 2555 2592 Pancratii
2586 2544 2774 2610 pater,
2807 2557 2939 2595 cum
2975 2541 3168 2596 adhuc
3198 2541 3465 2596 Christus
3489 2540 3550 2594 in
3574 2557 3704 2596 cor-

2037 2640 2180 2695 pore
2211 2625 2272 2679 in
2307 2627 2479 2681 terris
2509 2634 2731 2698 ageret,
2791 2634 2848 2684 et
2899 2630 3183 2686 miracula
3221 2636 3503 2702 patraret,
3567 2630 3696 2701 ejus

2038 2711 2197 2768 fama
2226 2722 2580 2780 commotus,
2616 2735 2684 2771 ex
2717 2718 2862 2773 urbe
2923 2720 3240 2775 Antiochia
3295 2719 3703 2790 Hierosolyma

2040 2804 2202 2858 venit
2231 2821 2352 2858 una
2374 2822 2508 2860 cum
2532 2807 2865 2873 Pancratio,
2899 2814 2965 2862 ut
2995 2825 3130 2863 eum
3163 2810 3405 2864 videret.
3434 2811 3699 2880 Cumque

2042 2910 2104 2947 se
2130 2895 2191 2947 in
2214 2893 2539 2949 amicitiam
2560 2897 2749 2950 sancti
2767 2898 2920 2951 Petri
2941 2898 3699 2969 insinuasset.postChristi

2041 2984 2475 3046 ascensionem,
2504 2993 2741 3040 secutus
2769 2993 2857 3040 est
2879 3003 3035 3050 eum,
3063 2987 3214 3042 etab
3242 2989 3368 3059 ipso
3391 2988 3701 3042 ordinatus

2044 3079 2133 3128 est
2153 3073 2529 3128 Tauromenii
2556 3075 2901 3147 episcopus;
2919 3083 2979 3132 et
2999 3095 3132 3132 cum
3155 3078 3215 3131 in
3231 3077 3446 3132 Christi
3461 3078 3701 3132 nomine

2045 3162 2304 3229 doceret,
2340 3163 2492 3218 clam
2525 3163 2597 3218 ab
2631 3164 2978 3221 infidelibus
3017 3167 3362 3222 interfectus
3394 3173 3502 3222 est.
3554 3168 3702 3220 Item

3390 3261 3704 3327 postquam

2049 3340 2266 3394 multos
2299 3339 2632 3395 infidelium
2665 3341 2737 3396 ad
2785 3344 3103 3400 Dominum
3153 3346 3560 3407 convertisset,
3594 3345 3706 3400 de-

2049 3432 2244 3485 cessit.
2271 3430 2606 3503 Philagrius
2635 3450 2770 3488 vero
2794 3435 2966 3506 Cypri
2987 3437 3300 3508 episcopus
3324 3436 3704 3503 constitutus,

2049 3536 2184 3574 cum
2213 3518 2427 3590 etipse
2472 3520 2534 3575 in
2593 3523 2835 3577 nomine
2893 3524 3106 3579 Christi
3166 3525 3424 3592 doceret,
3488 3525 3706 3580 multas

2047 3607 2354 3663 molestias
2384 3625 2418 3663 a
2448 3608 2818 3666 daamonibus
2851 3617 3028 3683 atque
3059 3614 3260 3686 impiis
3283 3622 3340 3669 et
3364 3613 3708 3669 infidelibus

2049 3697 2392 3753 hominibus
2424 3716 2657 3771 passus,
2693 3701 2766 3756 ad
2806 3709 3138 3760 extremum
3188 3723 3376 3777 usque
3426 3705 3706 3778 spiritum

2049 3787 2269 3859 gratias
2297 3804 2499 3861 agens,
2535 3789 2701 3846 obiit.

2623 4098 2865 4153 EODEM
2906 4100 3140 4154 MENSE

2696 4214 2800 4267 Die
2832 4213 3068 4270 decima

2049 4325 2204 4382 I78
2243 4328 2535 4384 Certamen
2572 4337 2893 4386 sanctorum
2954 4331 3330 4402 Charalampi,
3391 4328 3715 4400 Porphyrii,

2457 4402 2676 4470 Daucii,
2709 4409 2762 4456 et
2790 4405 2958 4456 trium
2988 4404 3302 4457 mulierum.

2125 4544 2552 4616 Charalampus
2585 4546 2802 4600 Christi
2835 4551 3061 4617 martyr
3116 4546 3175 4600 in
3225 4546 3370 4600 urbe
3420 4544 3718 4614 Magnesia

289 4642 675 4716 Μαγνησίᾳτῇ
715 4641 900 4712 πόλει,
958 4643 1130 4718 ἱερεὺς
1181 4649 1288 4699 τῶν
1349 4648 1708 4718 Χριστιανῶν.
1778 4645 1940 4701 Διδά-

2054 4633 2524 4689 Christianorum
2559 4636 2854 4700 sacerdos,
2891 4653 3026 4691 cum
3059 4636 3215 4692 viam
3247 4635 3513 4690 veritatis
3539 4635 3716 4688 doce-

285 4752 434 4785 σκων
470 4728 528 4785 δὲ
557 4732 655 4799 τήν
684 4729 810 4786 ὁδὸν
836 4739 938 4801 τῆς
993 4732 1282 4803 ἀληθείας,
1339 4734 1615 4806 ἐκρατήθη
1667 4737 1814 4810 παρᾶ
1851 4737 1948 4792 τοῦ

291 4820 570 4895 ἡγεμόνος
652 4825 978 4878 Λουκιανοῦ.
1065 4824 1169 4878 Καὶ
1255 4821 1475 4896 ἐξεδύθη
1565 4826 1664 4894 τήν
1748 4825 1950 4902 ῒερατι-

294 4910 397 4977 κήν
432 4911 656 4980 στολήν·
691 4909 804 4966 εἶτα
859 4909 1083 4987 ἐξεδάρη
1144 4912 1274 4968 ’ὀλον
1331 4914 1394 4968 τὸ
1454 4911 1627 4988 δέρμα
1683 4919 1784 4970 τοῦ
1842 4916 1954 4969 σώ-

300 5019 490 5070 ματος.
551 5000 700 5054 Ἐπεὶ
764 4996 821 5054 δὲ
876 4996 1103 5056 ἔϐλεπεν
1157 5003 1316 5057 αὐτὸν
1377 5002 1406 5056 ὁ
1462 5004 1690 5078 ἡγεμὼν
1758 5025 1953 5080 καρτε-

300 5092 514 5158 ροῦντα,
549 5088 842 5160 θυμωθεὶς,
875 5092 1103 5154 οἰκείαις
1134 5093 1324 5167 χερσὶν
1376 5091 1648 5169 ἐπεχείρει
1697 5095 1830 5168 ξὲειν
1861 5095 1954 5150 τὸν

304 5177 466 5250 ἅγιον.
526 5178 633 5234 Καὶ
695 5180 998 5254 παραυτίκα
1056 5180 1330 5252 ἐκόπησαν
1392 5183 1446 5236 αἱ
1506 5189 1689 5259 χεῖρες
1764 5183 1950 5239 αὐτοῦ·

301 5265 386 5320 καί
443 5268 880 5342 προσευξάμενος
940 5271 968 5324 ὁ
1028 5271 1204 5344 ἅγιος,
1266 5272 1394 5346 ὑγιῆ
1481 5272 1642 5328 αὐτὸν
1703 5273 1950 5344 ἐποίησε.

295 5355 423 5410 Τότε
451 5354 664 5418 ἰδόντες
693 5358 1012 5432 Ηορφύριος
1071 5360 1099 5414 ὁ
1147 5357 1356 5432 δήμεος
1405 5360 1494 5415 καὶ
1545 5366 1801 5433 Δαῦκτος,
1851 5365 1955 5433 ἠρ-

289 5448 519 5516 νήσαντο
579 5447 646 5501 τά
721 5445 951 5513 εἴδωλα,
1038 5448 1126 5503 καὶ
1212 5447 1524 5504 ἐπίστευσαν
1579 5455 1657 5522 τῷ
1713 5452 1949 5526 Χριστῷ.

281 5535 523 5606 Ὁμοίως
583 5537 677 5592 καὶ
738 5542 990 5612 γυναῖκες
1049 5543 1194 5612 τρεῖς
1252 5537 1313 5592 ἐκ
1367 5542 1475 5592 τῶν
1536 5541 1955 5615 παρισταμένων

287 5623 413 5695 ἐκεῖ,
455 5629 792 5701 θεασάμεναι
851 5629 912 5682 τὸ
972 5632 1172 5702 θαῦμα,
1233 5627 1605 5702 ὡμολόγησαν
1661 5632 1752 5685 τὸν
1817 5631 1951 5703 Χρι-

282 5721 427 5793 στὸν,
464 5718 562 5774 καὶ
615 5717 1017 5793 ἐκρατήθησαν,
1070 5717 1161 5772 καὶ
1211 5716 1454 5792 ἰσχυρῶς
1501 5714 1949 5791 ἐϐασανίσθησαν.

2060 4728 2168 4788 ret,
2195 4724 2500 4780 aLuciano
2532 4726 2808 4796 praefecto
2841 4727 3332 4796 comprehensus,
3367 4741 3536 4780 sacra
3567 4723 3719 4778 stola

2062 4813 2331 4868 exuitur:
2366 4813 2581 4869 deinde
2609 4815 2874 4870 detracta
2905 4821 3022 4870 toto
3055 4832 3302 4886 corpore
3350 4815 3530 4887 pelle,
3581 4831 3718 4868 cum

2061 4903 2288 4958 videret
2341 4921 2478 4959 eum
2525 4905 2840 4976 prmfectus
2896 4905 3194 4960 constanti
3255 4905 3456 4960 animo
3514 4904 3722 4958 isthaac

2062 4993 2482 5065 perferentem,
2517 4997 2606 5052 ira
2631 4995 2933 5061 incensus,
2962 4993 3219 5066 propriis
3240 4994 3518 5049 manibus
3545 5009 3723 5048 cona-

2063 5095 2159 5143 tus
2184 5092 2275 5144 est
2296 5093 2568 5143 sanctum
2591 5085 2902 5142 dilaniare.
2927 5083 3041 5141 Sed
3060 5084 3259 5139 statim
3290 5084 3569 5139 manibus
3592 5084 3723 5154 ejus

2063 5178 2523 5239 avulsis,sanum
2546 5193 2681 5231 eum
2705 5182 2764 5231 et
2782 5173 3146 5230 incolumem
3172 5179 3413 5228 sanctus
3447 5171 3724 5243 precibus

2064 5271 2189 5324 suis
2206 5271 2403 5326 effecit
2452 5269 2617 5334 Quod
2639 5267 2743 5322 ubi
2767 5266 3040 5320 viderunt
3071 5263 3432 5333 Porphyrius
3462 5261 3635 5315 lictor
3672 5266 3732 5315 et

2064 5359 2342 5422 Dauctus,
2376 5362 2611 5428 ejurata
2638 5357 2936 5412 idolorum
2965 5352 3387 5423 superstitione
3441 5350 3501 5403 in
3553 5349 3723 5402 Chri-

2066 5454 2222 5504 stum
2252 5449 2561 5504 credidere
2591 5464 2604 5502 :
2637 5445 2914 5502 similiter
2945 5449 3004 5498 et
3026 5449 3145 5496 tres
3172 5439 3614 5508 mulieres,quze
3639 5437 3721 5491 ibi

2065 5538 2357 5600 astabaut,
2390 5537 2682 5592 miraculo
2714 5539 3048 5598 commotae,
3107 5530 3525 5598 Christumque
3578 5543 3716 5582 con-

2061 5630 2257 5697 fessae,
2273 5621 3156 5701 comprehenduntur,dirisque
3182 5617 3492 5672 tormentis
3514 5633 3724 5672 axcru-

2064 5719 2317 5776 ciantur.
2353 5720 2474 5776 Etsi
2505 5721 2666 5776 enim
2690 5717 3002 5790 praefectus
3026 5707 3265 5764 sanitati
3289 5706 3598 5764 restitutus
3612 5713 3724 5776 est,
