4132 6430
409 404 525 467 εστ

1714 400 2154 468 MENOLOGH
2198 400 2401 467 PARS
2442 400 2520 463 II.

3722 405 3849 467 308

411 536 477 591 in
507 553 615 593 sua
645 543 842 593 tamen
874 536 1225 593 inﬁdelitate
1258 537 2059 609 permanens,crudelissime

2199 528 2251 587 Εἴ
2273 531 2378 606 γὰρ
2408 529 2499 586 καὶ
2532 530 2657 602 ἰάθη
2689 531 2717 587 ὁ
2747 532 2995 606 ἡγεμὼν,
3056 527 3184 586 ἀλλ’
3239 529 3395 603 ὅμως
3446 530 3712 605 ἐνέμεινεν
3761 533 3844 598 εἲς

414 641 627 682 omnes
661 626 994 683 decollavit.

982 806 1222 862 EODEM
1254 809 1401 862 ΜΕΝ
1410 808 1515 863 SE.

1014 924 1114 980 Die
1146 925 1471 981 undecima

421 1043 515 1097 17
525 1042 572 1096 9
608 1042 896 1098 Certamen
925 1044 1261 1098 sacrosancti
1291 1044 1554 1112 martyris
1610 1040 1811 1109 Btasii,
1857 1046 1908 1096 et
1954 1055 2083 1095 san-

817 1121 1032 1169 ctarum
1061 1116 1336 1169 sociarum
1366 1114 1682 1169 mulierum.

494 1202 611 1257 Iste
670 1201 882 1257 Licinii
942 1203 1321 1276 imperatoris
1384 1202 1753 1275 temporibus
1812 1201 2087 1256 Sebastes

428 1292 1025 1365 episc0pus,vitandaa
1050 1294 1485 1366 persecutionis
1499 1310 1679 1348 causa
1696 1293 1756 1346 in
1779 1291 2091 1363 cujusdam

425 1382 649 1437 montis
681 1383 1030 1453 speluncam
1068 1401 1129 1439 se
1163 1383 1425 1438 abdidit:
1462 1388 1520 1438 et
1567 1382 1647 1457 ibi
1678 1383 1935 1437 ferocem
1967 1379 2089 1435 bel-

424 1470 663 1526 luarum
697 1479 973 1528 naturam
1001 1472 1417 1528 benedictione
1446 1478 1815 1529 mansuetam
1875 1469 2090 1526 ell‘ecito

427 1562 694 1633 Cumque
727 1568 885 1617 esset
913 1562 1162 1618 medicas
1194 1565 1338 1619 artis
1367 1564 1614 1635 peritus,
1648 1562 1868 1617 multas
1925 1576 2093 1616 cura-

434 1653 632 1708 tiones
664 1653 941 1723 faciebat,
978 1655 1404 1711 miraculorum
1438 1655 1687 1727 gratiam
1719 1670 1753 1708 a
1782 1655 1899 1709 Deo
1932 1651 2095 1707 acci-

444 1743 645 1814 piens.
678 1744 1156 1816 Comprehcnsus
1198 1752 1418 1812 autem,
1480 1751 1539 1800 et
1590 1743 1663 1800 ad
1724 1743 2099 1816 Agricolaum

441 1834 795 1903 praefectum
830 1835 1062 1901 ductus,
1119 1836 1455 1906 Christique
1505 1851 1726 1890 nomen
1773 1833 2098 1906 professus,

428 1921 615 1994 virgis
643 1923 932 1978 caeditur:
967 1923 1184 1978 deinde
1217 1924 1277 1978 in
1330 1924 1651 1995 equuleum
1707 1929 1895 1990 actus,
1950 1922 2100 1978 dila-

444 2011 663 2065 niatur.
699 2014 911 2068 Postea
941 2030 1075 2067 cum
1110 2013 1171 2068 in
1202 2030 1502 2068 carcerem
1543 2011 1961 2079 abduceretur,
1997 2028 2098 2066 se-

438 2106 602 2171 ptem
632 2100 919 2157 mulieres
950 2119 1087 2158 eum
1118 2108 1475 2168 consecuta},
1524 2102 2006 2172 Christianasque
2040 2117 2101 2157 se

440 2207 571 2246 esse
602 2192 907 2263 professae,
944 2193 1142 2248 statim
1176 2194 1368 2264 capite
1402 2192 1590 2265 plexm
1642 2197 1801 2247 sunt.
1856 2192 2102 2247 Sanctus

437 2297 572 2335 vero
608 2281 839 2336 Blasius
873 2282 1065 2353 primo
1099 2281 1343 2353 quidem
1375 2282 1436 2336 in
1495 2280 1857 2354 profundum
1904 2281 2101 2336 lacum

433 2372 759 2441 projectus,
794 2371 897 2426 sed
934 2371 1075 2426 inde
1107 2372 1180 2427 ad
1214 2378 1433 2427 terram
1465 2371 1641 2426 siccis
1685 2370 1936 2443 pedibus
1970 2387 2099 2426 eva-

439 2460 610 2524 dens,
640 2460 830 2531 capite
853 2461 1063 2532 plexus
1092 2467 1181 2516 est
1200 2477 1320 2517 una
1337 2477 1473 2516 cum
1495 2460 1728 2515 duobus
1751 2460 2099 2531 infantibus,

435 2549 538 2619 qui
569 2548 749 2605 simul
779 2565 915 2604 cum
946 2549 1074 2621 ipso
1105 2550 1167 2605 in
1196 2550 1448 2605 vinculis
1478 2555 1671 2606 erant.

1084 2753 1307 2810 Eodem
1340 2753 1435 2809 die

430 2869 586 2926 180
614 2872 864 2927 Iuventio
887 2873 1265 2941 pretiosarum
1294 2872 1661 2942 reliquiarum
1710 2873 1889 2927 sancti
1935 2887 2080 2942 pro-

986 2943 1179 3013 pheta?
1211 2943 1517 2998 Zachariae.

1162 3061 1360 3116 Deest.

1087 3176 1309 3232 Eodem
1341 3174 1437 3231 die

2182 621 2283 690 τήν
2337 619 2587 676 ἀπιστίαν
2647 621 2838 693 αὐτοῦ,
2896 619 2984 674 καὶ
3041 618 3178 692 μετὰ
3232 618 3455 686 πολλῆς
3506 622 3699 699 ὀργῆς,
3763 619 3854 680 καί

2185 708 2483 782 ὠμότητος
2514 707 2909 786 ἀπεκεφάλισεν
2933 708 3196 770 ἅπαντας.

2739 798 2920 857 MHNI
2961 801 3052 855 ΤΩ
3088 801 3287 855 ΑΥΤΩ.

2970 916 3060 973 IA‘

2191 1039 2588 1112 ’¹Αθλησις’τοῦ
2625 1039 2806 1115 ἅιγίουᾼ
2845 1038 3247 1115 ἱερομάρτυρος
3297 1039 3560 1115 Βλασίου,
3611 1043 3704 1098 καὶ
3748 1049 3856 1100 τῶν

2620 1111 2713 1166 συν
2747 1111 2908 1183 αὐτῷ’
2926 1111 3096 1186 ἁγίῶν
3123 1111 3414 1187 γυναικῶν.

2267 1212 2438 1273 Οὗτος
2464 1210 2531 1280 ἧν
2563 1211 2703 1266 κατὰ
2729 1210 2863 1273 τοὺς
2918 1210 3142 1287 καιροὺς
3203 1211 3483 1269 Λικιννίου
3537 1217 3636 1270 τοῦ
3697 1215 3857 1290 βασι-

2196 1297 2339 1363 λὲως
2399 1298 2699 1363 ἐπίσκοπος
2762 1296 3104 1365 Σεϐαστείας·
3166 1297 3256 1355 διὰ
3310 1298 3369 1356 δὲ
3424 1302 3515 1357 τὸν
3581 1299 3854 1379 διωγμὸν,

2198 1388 2492 1465 ἐκρύπτετο
2525 1390 2601 1453 είς
2643 1386 2698 1445 ἓν
2756 1394 2865 1445 τῶν
2924 1389 2976 1445 ἐν
3037 1390 3152 1465 ὄρει
3206 1391 3515 1462 σπηλαίων·
3567 1391 3711 1447 ὅπου
3764 1392 3854 1449 καὶ

2196 1479 2265 1533 τὰ
2306 1480 2471 1553 ἄγρια
2531 1483 2642 1548 ζῶα
2698 1478 3057 1553 ἡμερούμενα
3112 1480 3382 1553 χειροήθη
3444 1477 3711 1553 ἐγίνοντο,
3772 1476 3863 1535 διὰ

2198 1575 2300 1637 τῆς
2333 1565 2584 1642 εὐλογίας
2615 1572 2713 1623 τοῦ
2744 1567 2923 1643 ἁγίου.
2953 1567 3244 1643 Ὑπάρχων
3285 1565 3344 1622 δὲ
3381 1567 3473 1622 καὶ
3525 1575 3625 1637 τῆς
3682 1567 3863 1643 ἰατρι-

2201 1659 2302 1721 κῆς
2330 1657 2532 1731 τέχνης
2583 1653 2864 1731 ἔμπειρος,
2925 1654 3142 1717 πολλὰς
3209 1654 3377 1719 ἰάσεις
3438 1654 3708 1723 ἐπετέΛει,
3764 1657 3864 1723 τήν

2203 1751 2312 1801 τῶν
2363 1747 2655 1819 θαυμάτων
2716 1745 2979 1821 ἐνέργειαν
3040 1744 3190 1821 παρὰ
3237 1748 3336 1800 τοῦ
3396 1745 3595 1821 Κυρίου
3650 1740 3859 1802 λαϐών.

2208 1835 2381 1898 Οὗτος
2411 1834 2701 1910 κρατηθεὶς
2747 1832 2898 1910 ἤχθη
2953 1835 3091 1910 πρὸς
3143 1834 3238 1889 τὸν
3297 1836 3549 1908 insuave:
3606 1834 3863 1912 Ἀγρικόο

2210 1923 2363 1981 λαον’
2417 1925 2507 1980 καὶ
2562 1924 2921 1999 ὁμολογήσας
2974 1923 3039 1978 τὸ
3087 1919 3263 1996 ὄνομα
3318 1927 3415 1979 τοῦ
3470 1925 3729 2000 Χριστοῦ,
3780 1923 3868 1979 τύ-

2206 2034 2396 2069 πτεται
2481 2013 2615 2086 μετὰ
2695 2009 2955 2089 ῥαϐδίων
3047 2013 3372 2088 κριμασθεῖς
3456 2014 3647 2083 ξέεται.
3734 2014 3863 2070 Εἶτα

2208 2102 2556 2178 ἀπαγομένου
2615 2101 2780 2157 αὐτοῦ
2851 2101 2902 2157 ἐν
2984 2105 3053 2175 τῇ
3153 2100 3396 2176 φυλακῇ,
3475 2101 3857 2173 ἠκολούθησαν

2207 2191 2354 2264 αὐτῷ
2405 2198 2657 2269 γυναῖκες
2718 2191 2873 2260 ἑπτὰ,
2941 2191 3268 2265 Χριπιανᾶς
3329 2191 3517 2253 ἑαυτὰς
3573 2190 3860 2266 ὁμολογή-

2205 2303 2385 2353 σασαι,
2439 2283 2529 2337 καὶ
2588 2280 2786 2345 εὐθέως
2870 2280 3398 2359 ἀπεκεφαλίσθησαν.
3474 2282 3537 2340 Ὀ
3594 2278 3650 2337 δὲ
3706 2281 3859 2355 ἅγιος

2206 2369 2461 2442 Βλάσιος,
2492 2376 2712 2443 πρῶτον
2751 2372 2844 2445 μὲν
2878 2370 2929 2426 ἐν
2957 2376 3036 2443 τῷ
3071 2371 3218 2446 βυθῷ
3250 2372 3348 2439 τῆς
3380 2369 3586 2443 λίμνης
3636 2370 3861 2447 ἐῤῥίφη⁸

2203 2462 2292 2517 καὶ
2328 2460 2404 2523 ὡς
2454 2458 2544 2515 διὰ
2600 2462 2764 2537 ξηρᾶς
2820 2463 2956 2537 πρὸς
3014 2459 3115 2529 τὴν
3173 2465 3278 2535 γῆν
3337 2456 3517 2530 ἐξέϐη,
3576 2460 3667 2514 καὶ
3732 2461 3870 2532 μετᾶ

2203 2553 2369 2606 ταῦτα
2398 2550 2689 2623 ἀπετμήθη
2721 2550 2820 2619 τήν
2851 2549 3116 2623 κεφαλὴν,
3153 2548 3288 2623 μετᾶ
3314 2554 3422 2604 τῶν
3458 2545 3559 2603 δύο
3624 2548 3866 2629 βρεφῶν,

2200 2644 2312 2695 τῶν
2344 2635 2515 2695 ὄντων
2543 2640 2659 2714 μετ’
2688 2638 2858 2695 αὐτοῦ
2888 2638 2940 2694 ἐν
2971 2641 3041 2713 τῇ
3072 2636 3316 2717 φυλακῇ.

2784 2759 2863 2831 Τῇ
2903 2754 3041 2830 αὖτῇ
3081 2756 3266 2832 ἡμέρᾳ

2199 2875 2262 2932 Ἦ
2323 2869 2533 2951 εὕρεσις
2589 2876 2689 2929 τοῦ
2744 2873 2936 2951 τιμίου
2988 2868 3250 2951 λειψάνου
3306 2874 3405 2927 τοῦ
3482 2871 3638 2948 ἁγίου
3724 2891 3863 2949 προ-

2775 2943 2955 3022 φήτου
2985 2943 3284 3019 Ζαχαρίου.

2918 3059 3131 3117 Αείπει.

2793 3160 2879 3234 Τῇ
2913 3157 3051 3235 αὐτῇ
3082 3159 3267 3233 ἡμέρᾳ

429 3294 587 3351 180
619 3294 1075 3351 Commemoratio
1136 3294 1426 3349 Theodore?
1480 3294 1771 3363 Auguste,
1822 3309 1944 3363 quae
1993 3309 2084 3348 or-

2204 3278 2414 3352 Μντςμη
2474 3273 2758 3354 Θεοδώρας
2815 3282 2945 3363 τῆς,
2984 3272 3306 3363 ραξιλίσσης
3389 3280 3491 3345 τῆς
3547 3273 3856 3347 ποιησάσης

917 3366 1238 3421 ιήοάοωὶαηι
1270 3367 1576 3421 constituit.

494 3485 673 3541 Beata
701 3484 1007 3541 Theodora
1036 3487 1301 3559 Augusta
1347 3483 1659 3555 Theophili
1705 3484 2083 3556 imperatoris

421 3576 797 3633 Iconomachi
829 3594 979 3632 uxor
1006 3575 1120 3631 fuit
1151 3594 1165 3645 ;
1200 3592 1321 3631 non
1350 3581 1549 3631 tamen
1582 3574 1882 3643 haeretica,
1915 3574 2082 3629 utvir

422 3667 553 3739 ejus
585 3673 730 3724 erat.
763 3667 869 3722 Ille
902 3668 1061 3723 enim
1093 3674 1366 3723 sanctum
1417 3664 1781 3721 Methodium
1830 3665 2081 3737 patriar-

423 3756 597 3811 cham
655 3755 1382 3825 Constantinopolitanum
1466 3754 1848 3825 relegaverat,
1907 3753 2080 3823 eique

420 3848 713 3902 Joannem
743 3847 1240 3901 Leconomantem
1288 3844 1687 3915 patriarcham
1742 3844 2077 3912 suffecerat,

426 3936 611 3991 sacris
641 3934 1000 4005 imaginibus
1034 3934 1155 4007 igni
1190 3934 1600 4005 consumptis:
1636 3933 1766 4004 ipsa
1800 3949 1935 3988 vero
1968 3933 2078 3988 etsi

422 4030 626 4096 aperte
656 4040 777 4078 non
807 4024 1054 4079 audcret
1080 4039 1280 4079 sacras
1331 4022 1624 4095 imagines
1661 4021 1931 4087 adorare,
1981 4039 2077 4077 oc-

420 4115 579 4170 culte
608 4114 890 4169 tamenin
915 4112 1188 4168 cubiculo
1209 4128 1315 4167 suo
1344 4111 1478 4166 illas
1495 4111 2077 4182 habebat,noctuque

420 4204 723 4270 orabat,ac
745 4204 928 4257 Deum
954 4201 1475 4273 dcprecabalur,ut
1496 4201 1730 4256 tandem
1755 4200 2077 4272 aliquando

420 4291 888 4347 orthodoxorum
919 4291 1328 4345 misereretur.
1365 4289 1581 4345 Genuit
1612 4295 1813 4345 autem
1863 4289 2075 4358 ﬁlium,

421 4381 769 4437 Michaelem
818 4379 1086 4447 nomine,
1142 4396 1398 4451 eumque
1452 4379 1841 4435 orthodoxam
1899 4379 2079 4434 ﬁdem

421 4474 680 4530 edocuit.
703 4474 888 4547 Igitur
908 4479 1043 4545 post
1062 4473 1168 4527 viri
1199 4474 1291 4529 sui
1309 4472 1559 4537 obitum,
1576 4473 1776 4528 statim
1808 4478 2076 4528 revocato

420 4572 625 4621 sancto
652 4565 970 4634 Methodio,
1038 4570 1096 4619 et
1152 4570 1353 4620 sancta
1414 4563 1646 4636 Synodo
1704 4568 2075 4635 congregata,

2784 3344 2886 3417 τήν
2921 3344 3261 3422 ὀρθοδοξίαν.

2264 3468 2329 3525 Ἣ
2365 3463 2601 3541 μακαρία
2651 3460 2930 3541 Θεοδώρα,
2979 3464 3015 3533 ἡ
3081 3460 3394 3539 βασίλισσα,
3454 3460 3664 3537 ἐγένετο
3719 3463 3856 3537 γυνὴ

2192 3555 2459 3635 Θεοφίλου
2495 3553 2767 3631 βασιλέως
2815 3557 2914 3609 τοῦ
2965 3552 3378 3628 Εἰκονομάχου·
3436 3551 3536 3607 οὐκ
3574 3552 3642 3622 ἧν
3676 3549 3734 3608 δὲ
3763 3553 3858 3608 αῖ-

2193 3646 2403 3723 ρετική,
2464 3645 2646 3720 ὥσπερ
2676 3644 2704 3699 ὁ
2734 3643 2869 3719 ἀνὴρ
2931 3642 3117 3713 αὐτῆς.
3170 3643 3412 3705 Ἐκεῖνος
3465 3642 3561 3715 μὶν
3611 3642 3717 3718 γὰρ
3762 3642 3851 3697 τὸν

2191 3738 2345 3812 ἅγιον
2379 3732 2647 3807 Μεὸόδιον
2678 3733 2771 3789 τὸν
2813 3732 3164 3808 πατριάρχην
3214 3732 3849 3795 ΚωνσταντινουπόΛεως

2190 3824 2433 3901 ἐξώρισε,
2516 3822 2607 3879 καὶ
2690 3821 2802 3879 ἀντ’
2888 3820 3099 3877 ἐκείνου
3194 3820 3421 3891 ἐποίησε
3496 3821 3847 3897 πατριάρχην

2189 3917 2446 3985 Ἰωάννην
2477 3914 2569 3969 τὸν
2630 3911 3059 3986 Λεκανόμαντιν,
3118 3910 3210 3967 καὶ
3264 3910 3363 3973 τὰς
3422 3912 3580 3987 ἁγίας
3641 3908 3853 3971 εἰκόνας

2184 4004 2530 4061 κατέκαυσεν.
2562 4000 2772 4072 Ἐκείνη
2821 3998 2879 4056 δὲ
2937 4000 2983 4056 εἶ
3041 4000 3133 4056 καὶ
3182 4003 3425 4079 φανερῶς
3485 3999 3584 4055 οὐκ
3639 3996 3852 4071 ἐτόλμα

2185 4097 2507 4168 προσκυνεῖν
2533 4091 2628 4153 τὰς
2662 4091 2820 4167 ἁγίας
2854 4088 3085 4160 είκόνας,
3134 4088 3290 4164 ὅμως
3342 4090 3491 4165 εἶχεν
3545 4088 3711 4151 αὐτὰς
3757 4108 3848 4144 κε-

2185 4182 2504 4259 κρυμμένας
2563 4179 2616 4236 ἐν
2689 4184 2771 4254 τῷ
2855 4184 3081 4236 κοιτῶνι
3167 4180 3363 4249 αὐτῆς·
3424 4178 3517 4235 καὶ
3573 4182 3643 4253 τῇ
3701 4178 3852 4234 νυκτὶ

2188 4271 2375 4327 ἷστατο
2408 4270 2867 4345 προσευχομένη,
2898 4268 2988 4325 καὶ
3019 4266 3413 4343 παρακαλοῦσα
3440 4268 3533 4323 τὸν
3580 4269 3734 4340 Θεὸν,
3764 4267 3852 4323 ἳνα

2187 4362 2393 4434 ποιήσῃ
2421 4357 2574 4421 ἕλεος
2609 4360 2744 4433 μετᾶ
2767 4362 2874 4414 τῶν
2911 4355 3239 4433 ὄροοδόξων.
3302 4358 3579 4431 Ἐγὲννησε
3628 4354 3687 4411 δὲ
3726 4356 3842 4410 υἱὸν

2187 4449 2416 4523 ὀνόματι
2449 4444 2709 4524 Μιχαὴλ,
2741 4446 2830 4503 καὶ
2864 4444 3111 4503 ἐδίδασκε
3141 4447 3232 4503 καὶ
3281 4447 3442 4504 αὐτὸν
3499 4443 3840 4520 ὀρθοδοξίαν.

2187 4541 2335 4597 Μετᾶ
2391 4538 2449 4595 δὲ
2500 4539 2761 4608 τελευτὴν
2819 4537 2917 4595 τοὸ
2973 4536 3170 4615 ἀνδρὸς
3228 4539 3423 4608 αὐτῆς,
3504 4537 3678 4612 ἤγαγε
3750 4535 3846 4591 τὸν

419 4658 848 4713 Iconomachos
867 4657 1468 4722 anathematizavit,et
1482 4658 1769 4712 Joannem
1802 4672 1832 4711 e
1863 4657 2074 4711 threno

2199 4632 2339 4707 ίίγιον
2393 4626 2679 4686 Μεθόδιον’
2737 4630 2829 4684 καὶ
2896 4630 3166 4706 συνήγαγε
3219 4630 3319 4699 τὴν
3379 4626 3529 4704 ἱερὰν
3590 4623 3846 4698 σύνοδον,

419 4746 768 4813 exturbavit,
798 4752 976 4816 atque
1008 4747 1070 4801 in
1103 4747 1356 4802 ecclesia
1385 4762 1583 4802 sacras
1641 4745 1931 4819 imagines
1978 4763 2070 4802 re-

417 4837 629 4892 stituit.
664 4836 912 4890 Demum
944 4834 1217 4901 decessit,
1248 4841 1564 4909 postquam
1596 4835 1916 4907 imperium
1950 4835 2073 4891 ﬁlio
2181 4832 2249 4909 VT:

418 4942 524 4982 suo
553 4926 821 4982 Michaeli
854 4925 1218 4997 reliquisset,

971 5106 1209 5161 EODEM
1251 5107 1503 5164 MENSE.

1001 5194 1107 5249 Die
1139 5194 1495 5251 duodecima

414 5287 570 5344 182
630 5287 1085 5344 Commemoratio
1139 5287 1319 5340 sancti
1366 5283 1552 5340 Patris
1609 5283 1789 5339 nostri
1842 5284 2071 5340 Antonii

709 5358 1117 5428 archiepiscopi
1146 5357 1774 5426 Constantinopolitani.

486 5449 783 5505 Antonius
813 5451 1209 5519 cognomento
1242 5445 1545 5510 Blacheas,
1574 5446 1709 5517 piis,
1768 5444 2069 5516 divitibus,

415 5537 833 5607 senatorioque
855 5536 1065 5591 ordine
1089 5533 1268 5589 claris
1288 5534 1635 5605 parentibus
1657 5534 2070 5605 natus,quinto

416 5630 604 5684 astatis
636 5644 792 5684 anno
823 5628 1030 5682 munia
1060 5625 1411 5697 pontificum
1445 5641 1720 5681 exercere
1761 5624 2065 5681 tentabat:

414 5732 536 5772 non
571 5718 731 5773 enim
762 5717 953 5772 instar
984 5731 1304 5788 puerorum
1350 5715 1424 5772 ad
1471 5715 1704 5772 ludicra
1746 5714 2063 5785 currebat;

2184 4720 2273 4777 καὶ
2307 4721 2657 4793 ἀνὲθεμάτισε
2685 4718 2813 4783 τοὺς
2871 4717 3316 4794 Εἷκονομάχους,
3365 4718 3457 4773 καὶ
3509 4718 3601 4773 τὸν
3651 4716 3845 4773 ἰωάν-

2254 4833 2281 4865 ν
2311 4804 2636 4866 κατεϐίϐασε
2679 4812 2778 4863 τοῦ
2835 4806 3055 4882 θρόνου,
3113 4807 3205 4862 καὶ
3259 4807 3355 4869 τὰς
3415 4807 3577 4881 ἁγίας
3632 4803 3847 4867 εἰκόνας

2184 4902 2468 4978 εἰσήγαγεν
2525 4899 2602 4965 είς
2650 4900 2751 4969 τὴν
2802 4896 3117 4970 ἐκκλησίαν.
3177 4898 3315 4957 Εἶτα
3369 4896 3691 4969 ἐτελεύτησε
3742 4917 3845 4951 κα·-

2181 4990 2489 5047 ταλιποῦσα
2511 4990 2613 5060 τὴν
2648 4986 2929 5065 βασιλείαν
2954 4993 3034 5061 τῷ
3062 4986 3167 5061 υἱῷ
3196 4988 3369 5058 αὐτῆς
3398 4982 3659 5062 Μιχαήλ.

2737 5084 2912 5135 ΜΠΝΙ
2951 5080 3044 5135 ΤΩ
3079 5080 3280 5135 ΑΥΤΩ.

2960 5179 3044 5236 IB‘

2183 5281 2393 5354 Μνήμη
2450 5281 2548 5335 τοῦ
2607 5277 2759 5354 ὁσίου
2818 5277 3030 5353 Πατρὸς
3087 5276 3249 5350 ἡμῶν
3310 5276 3606 5354 Ϊᾼντωνίου
3673 5273 3850 5350 ἀρχι-

2514 5350 2815 5406 επισκόπου
2842 5346 3497 5411 Κωνσταντίνουπόλειυς.

2251 5443 2568 5507 Ἀντώνιος,
2611 5442 2640 5496 ὁ
2684 5438 3079 5516 ἐπιλεγόμενος
3142 5437 3422 5515 Βλαχὲας,
3483 5439 3605 5512 εἶχε
3659 5454 3846 5513 γονεις

2180 5529 2421 5595 εὐσεϐεῖς
2450 5531 2541 5587 xui
2575 5527 2901 5599 πλουσίους,
2958 5528 3049 5584 καὶ
3102 5524 3470 5605 περιϐοήτους
3500 5528 3553 5582 ἐν
3584 5530 3653 5601 τῇ
3711 5546 3843 5601 συγ-

2175 5621 2392 5696 κλήτῳ⁸
2451 5623 2610 5678 πέντε
2667 5618 2727 5676 δὲ
2784 5619 2917 5676 ἐτῶν
2980 5620 3268 5697 ὑπάρχων,
3320 5620 3388 5675 τὰ
3460 5622 3571 5674 τῶν
3648 5617 3841 5693 ἱερέων

2174 5713 2429 5789 ἐπειρᾶτο
2454 5709 2749 5770 ἐπιτελεῖν.
2782 5709 2865 5769 Οὔ
2894 5711 3024 5787 γὰρ,
3071 5710 3146 5775 ὡς
3195 5710 3250 5767 οἱ
3298 5703 3434 5783 νέοι,
3466 5707 3545 5771 εἷς
3593 5708 3665 5764 τὰ
3710 5706 3843 5764 παί-
