4132 6426
326 441 447 508 309

1739 437 1995 500 FEBRU
2005 438 2045 498 Α
2059 436 2243 501 RIUS
2253 485 2266 499 .

3637 449 3757 510 310

325 596 455 651 γνια
484 572 729 650 ἔτρεχεν
764 570 1089 649 ἐδυσχέρανε
1112 569 1171 628 δὲ
1226 573 1262 642 ἡ
1325 572 1509 646 μήτηρ
1563 568 1750 642 αὐτοῦ,
1796 569 1887 625 διὰ
1931 570 1976 626 τε

2111 573 2222 629 etsi
2255 590 2407 647 agre
2435 573 2498 630 id
2517 575 2700 633 ferret
2726 579 2854 651 ejus
2884 583 3077 635 mater
3105 584 3348 653 pr0pter
3376 581 3759 640 immaturam

329 660 453 719 νέον
485 665 584 732 τῆς
608 661 855 733 ἡλικίας.
908 662 1057 719 Μετᾶ
1112 658 1171 716 δὲ
1224 660 1484 728 τελευτὴν
1543 658 1777 728 ἐκείνης,
1830 655 1990 729 ἐδόθη

334 755 442 810 61:6
472 758 575 809 :06
600 755 805 825 πατρὸς
846 752 924 816 είς
986 753 1377 827 μοναστήριον,
1431 749 1519 805 καὶ
1560 747 1772 824 ἐγένετο
1827 769 1995 821 μονα-

334 843 463 921 χός.
494 843 596 903 Καὶ
628 844 913 920 προκόψας
964 843 1040 906 εἰς
1102 839 1314 918 ἄνδρας,
1371 840 1582 916 ἐγένετο
1627 838 1717 894 καὶ
1765 832 1995 915 πρεσϐύ-

338 954 522 1009 τερος,
548 933 637 989 καὶ
700 934 779 1007 μὴ
843 931 1205 1008 βουλόμενος,
1263 928 1353 985 διὰ
1402 930 1502 999 τὴν
1556 926 1775 998 πολλὴν
1830 926 1995 982 αὐτοῦ

352 1023 565 1099 ἀρετήν.
591 1020 744 1079 Ἰδὼν
779 1020 838 1079 δὲ
867 1023 897 1077 6
926 1023 1106 1093 πανὴρ
1136 1021 1303 1077 αὐτοῦ
1351 1018 1526 1082 οὕτως
1580 1017 1739 1073 αὐτὸν
1791 1015 1993 1093 προκό-

347 1111 799 1189 πτοντα,ἐγένετο
828 1133 921 1169 και
970 1110 1129 1175 αὐτὸς
1185 1111 1450 1186 μοναχὸς,
1507 1110 1597 1164 ὑπ’
1644 1106 1853 1163 ἐκείνου
1907 1105 1991 1162 ἐν-

346 1199 641 1275 δυσάμενος
679 1203 740 1258 τὸ
800 1202 951 1279 ἅγιον
1022 1208 1237 1277 σχῆμα·
1296 1199 1388 1255 καὶ
1442 1197 1705 1274 γίνεταιὸ
1736 1197 1994 1274 σαρκικὸς

336 1295 539 1370 πατὴρ,
573 1293 939 1368 πνευματικὸς
971 1294 1107 1355 υἱός.
1139 1294 1416 1350 Τοσοῦτον
1466 1286 1523 1345 δὲ
1570 1286 1784 1365 ἐγένετο
1833 1285 1991 1359 ἐλεη-

335 1405 476 1458 μων,
510 1382 586 1448 ὣς
612 1404 745 1439 ποτε
784 1382 1200 1459 παρερχόμενος
1260 1378 1505 1451 δέξασθαι
1562 1378 1798 1454 χρυσίου
1850 1377 1989 1432 πολ-

331 1471 437 1528 λοῦ
467 1470 804 1546 ἀπόδεσμον,
830 1474 919 1528 καὶ
953 1473 1200 1540 ἀκοῦσαι,
1237 1470 1320 1526 ὅτι
1351 1464 1494 1525 Λάϐε
1525 1466 1710 1536 τοῦτο,
1757 1468 1848 1523 καὶ
1899 1465 1991 1531 δὸς

328 1568 609 1639 πτωχοῖς
642 1564 731 1618 καὶ
788 1565 889 1632 τῆς
947 1563 1045 1636 μὲν
1102 1567 1291 1640 φωνῆς
1337 1559 1586 1629 ἀκοῦσαι,
1629 1558 1721 1613 τὸν
1764 1554 1823 1612 δὲ
1870 1555 1990 1612 ἐπι-

330 1650 498 1707 δόντα
528 1652 591 1707 τὸ
622 1652 852 1728 χρυσίον
888 1653 963 1725 μή
997 1649 1154 1710 ίδεῖν.
1184 1653 1445 1711 Τοιοῦτος
1480 1645 1538 1703 δὲ
1568 1646 1665 1720 ὧν,
1698 1648 1867 1725 ψήφῳ
1887 1650 1988 1701 :06

328 1739 629 1816 βασιλέως,
660 1742 750 1797 καὶ
778 1748 879 1813 τῆς
912 1738 1163 1812 συνόδου,
1192 1738 1395 1815 γίνεται
1427 1737 1777 1813 πατριάρχης
1829 1738 1985 1794 Κων-

325 1829 858 1893 σταντινουπόλεως·
891 1830 982 1886 καὶ
1014 1828 1189 1893 οὕτως
1222 1826 1538 1899 ἐτελειώθη.

927 1993 1012 2067 Τῇ
1052 1990 1189 2066 αὖτῇ
1220 1991 1406 2065 ἡμέρᾳ

2019 1965 2071 2031 Β

2101 664 2271 735 pueri
2304 669 2561 723 aetatem.
2596 669 2823 724 Mortua
2852 676 3047 726 autem
3081 678 3289 735 matre,
3331 674 3692 729 monasterio
3725 690 3761 730 a

2099 758 2267 825 patre
2301 754 2574 825 traditus,
2605 761 2935 817 monachus
2963 762 3047 816 ﬁt.
3082 763 3348 835 Cumque
3404 762 3477 819 ad
3521 764 3754 820 virilem

2098 848 2334 900 aatatem
2364 847 2773 917 processisset,
2807 849 2897 904 vel
2919 851 3156 917 invitus,
3178 852 3490 923 presbyter
3510 854 3753 910 ordina-

2098 936 2217 998 tur,
2249 933 2323 989 ob
2355 935 2652 1009 insignem
2701 938 2889 1010 ipsius
2937 940 3234 999 virtutem.
3288 942 3506 999 Videns
3550 949 3749 999 autem

2097 1026 2266 1094 pater
2294 1028 2492 1081 tantos
2524 1026 2633 1081 ﬁlii
2664 1044 3032 1101 progressus,
3068 1031 3195 1102 ipse
3218 1032 3397 1087 etiam
3421 1034 3759 1089 monachus

2098 1110 2228 1166 ﬁeri
2251 1112 2453 1181 valuit,
2489 1117 2885 1173 monasticum
2918 1135 2953 1174 a
2983 1118 3105 1174 ﬁlio
3128 1119 3395 1176 habitum
3418 1138 3757 1190 assumens,

2095 1204 2162 1254 ut
2184 1201 2354 1272 cujus
2377 1202 2438 1257 in
2460 1219 2637 1259 carne
2661 1210 2831 1276 pater
2852 1212 2995 1267 erat.
3029 1207 3189 1263 ﬁlius
3239 1209 3300 1264 in
3334 1209 3546 1280 spiritu
3579 1215 3757 1265 esset.

2093 1289 2279 1345 Tanta
2308 1307 2443 1347 vero
2487 1293 2550 1348 in
2609 1311 2902 1367 pauperes
2959 1296 3358 1353 beneﬁcentia
3410 1299 3643 1363 claruit,
3693 1305 3761 1354 ut

2094 1392 2229 1432 cum
2261 1379 2583 1451 aliquando
2615 1386 3028 1454 pertransiret,
3061 1402 3343 1457 magnum
3367 1389 3497 1442 auri
3522 1387 3762 1459 pondus

2094 1469 2410 1540 acceperit,
2444 1471 2820 1545 audieritque
2880 1477 3200 1546 quemdam
3253 1476 3365 1532 sibi
3419 1477 3762 1534 dicentem:

2092 1557 2309 1629 Accipe
2342 1560 2475 1629 hoc,
2510 1568 2569 1617 et
2598 1562 2673 1619 da
2704 1565 3102 1636 pauperibus:
3157 1572 3215 1621 et
3262 1583 3466 1623 vocem
3517 1569 3760 1639 quidem

2091 1646 2337 1715 audivit,
2368 1651 2772 1724 porrigentem
2796 1660 2996 1710 autem
3020 1671 3230 1710 aurum
3256 1672 3375 1712 non
3392 1656 3558 1712 vidit.
3583 1659 3762 1713 Cum-

2097 1752 2213 1807 que
2245 1738 2382 1793 talis
2415 1745 2735 1814 tantusque
2767 1750 2943 1810 esset,
2978 1745 3384 1817 imperatoris,
3437 1751 3497 1801 et
3545 1748 3757 1819 synodi

2089 1826 2371 1899 suﬁ‘ragio
2409 1836 2645 1887 creatur
2674 1831 3016 1903 patriarcha
3032 1834 3757 1908 Constantinopolitanns.

2096 1919 2291 1988 Atque
2324 1917 2484 1975 hunc
2514 1921 2578 1977 in
2608 1921 2854 1978 modum
2884 1923 3001 1979 vita
3032 1922 3269 1979 functus
3303 1930 3410 1980 est.

2755 2012 2979 2069 Eodem
3012 2012 3107 2069 die

322 2108 538 2182 Μνημη
599 2115 699 2179 τῆς
755 2103 909 2171 ὂσίας
985 2105 1198 2193 Μαρίας
1282 2110 1381 2173 τῆς
1490 2104 1976 2181 μετονομασθείσῃ

2098 2112 2252 2171 183
2314 2116 2775 2175 Commemoratio
2831 2127 3035 2177 sancite
3093 2121 3307 2183 Mariae.
3367 2137 3488 2193 qua
3546 2123 3756 2180 mutato

1032 2178 1304 2255 Μαρίνου.

386 2309 451 2366 ἸΙ
478 2306 606 2382 ἁγία
641 2307 825 2383 Μαρία
851 2305 1084 2371 θέλουσα
1114 2307 1299 2371 λαθεῖν
1330 2304 1457 2368 τοὺς
1502 2305 1847 2382 ἀνθρώπους,
1895 2308 1986 2364 καὶ

322 2402 493 2452 σῶσαι
519 2398 621 2467 τὴν
654 2398 855 2466 ἑαυτῆς
886 2398 1096 2473 ψυχὴν,
1129 2395 1338 2467 ἢλλαξε
1365 2398 1466 2465 τήν
1522 2397 1824 2470 γυναικείαν
1860 2419 1986 2453 στο-

318 2488 447 2556 λὴν,
479 2488 570 2542 καὶ
600 2484 942 2560 ἐνδυσαμένη
984 2484 1205 2561 ἀνδρεῖα
1262 2486 1480 2559 ἱμάτια,
1528 2486 1616 2540 καὶ
1674 2488 1984 2560 μετονομά-

315 2597 452 2631 σασα
481 2576 679 2646 ἐαυτήν
712 2578 957 2650 Μαρῖνον
988 2575 1106 2631 ἀντί
1137 2574 1369 2643 Μαρίας,
1407 2575 1542 2647 μετᾶ
1564 2579 1665 2630 τοῦ
1697 2573 1842 2631 ἰδίου
1874 2597 1981 2632 πα-

311 2668 440 2743 τρὸς
471 2667 754 2742 Εὐγενίου,
786 2665 1036 2737 εἰσῆλθεν
1096 2665 1148 2721 ἐν
1195 2669 1562 2739 μοναστηρίῳ,
1616 2667 1705 2721 καὶ
1762 2666 1981 2723 ἀπεκεί-

315 2776 465 2833 ρατο’
517 2757 607 2812 καὶ
659 2754 919 2813 ἐδούλευε
979 2756 1115 2830 μετὰ
1142 2760 1251 2810 τῶν
1307 2756 1681 2812 ὑποτακτιτῶν
1731 2754 1982 2834 ἀδελφῶν

309 2853 431 2910 τοῖς
466 2853 760 2924 μοναχοῖς,
816 2847 930 2922 ἅμα
986 2850 1067 2918 τῷ
1123 2846 1316 2921 πατέρι
1378 2845 1573 2917 αὐτῆς,
1633 2846 1977 2923 ἀγνοουμένη

320 2936 470 3011 παρᾶ
496 2941 603 2991 τῶν
645 2939 928 3011 μοναχῶν,
959 2934 1043 2991 ὅτι
1072 2938 1210 3010 γυνὴ
1242 2934 1333 3004 ἦν’
1366 2933 1418 2991 ἐν
1452 2940 1551 3008 μιᾷ
1607 2933 1699 2990 οὗν
1756 2936 1981 3010 μείνασα

321 3025 376 3079 ἐν
392 3026 473 3097 τῷ
489 3023 817 3102 πανδοχείῳ,
853 3021 1237 3094 διαϐάλλεται,
1263 3025 1340 3086 ὡς
1370 3022 1724 3103 διαφθείρασα
1751 3027 1853 3095 τὴν
1882 3030 1979 3082 τοῦ

321 3110 638 3189 πανδοχέως
680 3116 961 3191 θυγατέρα.
1024 3114 1121 3171 Καὶ
1164 3108 1567 3186 καταδεξαμένη
1617 3115 1679 3170 τὸ
1730 3110 1966 3183 ὄνειδος,

315 3201 383 3273 ἤν
414 3203 513 3258 οὐκ
538 3203 840 3280 εἰργάσατο,
892 3202 1157 3278 ἁμαρτίαν
1219 3201 1494 3279 ὁμολογεῖ
1540 3207 1803 3274 ποιῆσαι.
1868 3191 1977 3263 Καἱ

307 3296 407 3349 τοῦ
435 3291 691 3356 πυλῶνος
719 3288 1073 3363 ἐκϐληθεῖσα,
1131 3299 1280 3369 τρεῖς
1327 3292 1571 3368 χρόνους
1620 3287 1723 3367 ἔξω
1766 3291 1965 3350 ταλαι-
2000 3331 2043 3398 C

308 3388 596 3458 πωρεῖται,
629 3380 963 3460 ἐκτρέφουσα
1018 3383 1085 3438 τὸ
1141 3380 1381 3450 παιδίον,
1438 3382 1571 3458 ὅπερ
1629 3383 1729 3439 οὐκ
1786 3381 1968 3441 ἔσπει-

306 3492 418 3546 ρεν·
457 3470 692 3547 Ἐδέχθη
726 3470 786 3528 δὲ
815 3471 894 3537 εἷς
923 3473 1022 3543 τὴν
1086 3474 1284 3546 μονὴν,
1339 3472 1429 3527 καὶ
1476 3472 1773 3544 ἠκολούθει
1827 3476 1966 3550 αὐτῇ

293 3569 359 3618 τό
399 3559 623 3618 παιδίον
652 3561 810 3636 ἄρσεν
842 3562 1119 3639 ὑπάρχον.
1157 3564 1304 3620 Μετᾶ
1349 3561 1407 3619 δὲ
1460 3562 1723 3633 τελευτὴν
1772 3563 1965 3634 αὐτῆς,

301 3650 667 3726 ἀπεκαλύφθη
698 3653 766 3707 τὰ
819 3654 938 3707 κατ’
991 3652 1180 3721 αὐτήν.
1246 3652 1344 3708 Καὶ
1402 3654 1437 3723 ἡ
1495 3657 1592 3708 :06
1648 3651 1968 3730 πανδοχέως

292 3741 566 3817 θυγάτηρ,
600 3742 704 3799 ὑπὸ
733 3740 996 3816 δαίμονος
1030 3741 1390 3815 ἐλαυνομένη,
1452 3736 1586 3799 ἐϐόα
1641 3745 1745 3799 ὑπὸ
1797 3765 1963 3819 στρα-

292 3832 501 3887 τιώτου
528 3832 675 3895 τινὸς
705 3829 1073 3907 διαφθαρῆναι
1102 3832 1194 3888 καὶ
1227 3831 1338 3908 οὐχ
1387 3832 1492 3887 ὑπὸ
1538 3836 1638 3888 :06
1690 3833 1962 3903 Μαρίνου’

290 3920 385 3978 καὶ
416 3921 786 3996 θαυμάσαντες
816 3922 1038 3991 πάντες,
1062 3918 1317 3993 ἐδόξασαν
1344 3922 1439 3978 τὸν
1470 3920 1626 3981 Θεόν.

865 4040 1047 4097 ΜΗΝΙ
1082 4040 1177 4096 ΤΩ
1214 4040 1416 4097 ΛΥΤΩ.

1099 4174 1178 4231 Il"

430 4294 550 4365 Mani
561 4315 637 4367 μη
669 4296 766 4349 :06
799 4292 953 4349 ὁσίου
988 4292 1198 4367 Πατρὸς
1231 4293 1395 4367 ἡμῶν
1428 4295 1816 4371 Μαρτινιανοῦ.

371 4447 435 4504 Ὀ
491 4447 644 4521 ἅγιος
706 4445 1068 4521 Μαρτινιανὸς
1122 4445 1190 4516 ἧν
1250 4445 1360 4501 ἀπὸ
1443 4446 1772 4522 Καισαρείας
1852 4452 1963 4517 τῆς

298 4532 691 4607 Παλαιστίνης’
772 4535 1067 4613 γενόμενος
1127 4532 1184 4591 δὲ
1247 4535 1511 4612 μοναχὸς,
1570 4535 1847 4611 ἡσύχαζεν
1908 4534 1961 4590 ἐν

291 4631 415 4687 τοῖς
444 4621 616 4697 ὄρεσι.
650 4626 754 4681 Καὶ
807 4623 1206 4699 πληρώσαντος
1255 4625 1422 4680 αὐτοῦ
1472 4626 1526 4680 ἐν
1693 4625 1966 4698 ἆσκητικῇ

2514 2193 2737 2247 nomine
2764 2193 3035 2249 Martinus
3065 2193 3215 2248 dicta
3244 2199 3340 2249 est.

2166 2301 2381 2361 Sancta
2397 2305 2578 2363 Maria
2596 2306 2802 2365 volens
2828 2307 3014 2365 latere
3028 2309 3463 2377 hominibus,et
3486 2311 3751 2368 animam

2094 2404 2264 2446 suam
2294 2408 2548 2464 servare,
2585 2401 2811 2452 mutata
2848 2397 3127 2453 muliebri
3161 2398 3336 2466 stola,
3366 2398 3599 2455 virilem
3643 2400 3752 2456 ha-

2090 2477 2283 2537 bitum
2314 2487 2589 2557 sumpsit,
2621 2504 2804 2559 seque
2836 2489 3028 2561 ipsam
3080 2507 3186 2562 pro
3234 2490 3415 2546 Maria
3460 2490 3752 2547 Marinum

2090 2571 2447 2643 appellavit;
2481 2571 2719 2649 unaque
2752 2595 2887 2633 cum
2926 2584 3095 2651 patre
3139 2581 3401 2653 Eugenio
3448 2585 3753 2636 monaste-

2089 2658 2246 2717 rium
2269 2661 2560 2735 ingressa,
2594 2670 2652 2721 et
2673 2671 2845 2723 tonsa
2871 2667 3013 2723 fuit:
3038 2668 3240 2740 ibique
3273 2670 3605 2739 monachis,
3632 2687 3753 2726 una

2088 2763 2213 2803 cum
2228 2749 2511 2822 subjectis
2526 2753 2808 2811 fratribus
2822 2761 2880 2811 et
2891 2762 3058 2828 patre
3073 2757 3431 2813 inserviebat
3444 2774 3572 2814 cum
3584 2757 3750 2813 illius

2088 2853 2293 2894 sexum
2324 2843 2604 2899 monachi
2634 2845 2997 2917 ignorarent.
3030 2848 3247 2903 Verum
3270 2864 3404 2903 cum
3428 2847 3749 2920 aliquando

2088 2925 2152 2980 in
2174 2926 2433 3000 hospitio
2455 2941 2809 3004 versaretur,
2835 2941 3150 2993 accusatur
3172 2937 3423 3009 porinde
3441 2954 3510 2993 ac
3541 2938 3590 2993 si
3622 2942 3745 2992 stu-

2087 3032 2261 3087 prum
2286 3018 2423 3075 ﬁliaa
2446 3020 2697 3094 hospitis
2731 3024 3051 3081 inlulisset.
3084 3027 3243 3081 Tulit
3271 3026 3377 3082 illa
3398 3028 3741 3099 aequissimo

2087 3106 2287 3163 animo
2319 3108 2649 3177 infamiam,
2684 3119 2743 3169 et
2773 3115 2931 3186 quod
2964 3132 3083 3171 non
3113 3122 3380 3189 patrarat
3409 3122 3743 3189 peccatum,

2087 3197 2359 3254 confessa
2381 3205 2471 3255 est
2486 3218 2548 3257 se
2571 3201 2804 3260 fecisse.
2822 3206 3014 3270 Quare
3038 3212 3203 3263 extra
3214 3207 3564 3263 monasterii
3585 3206 3743 3262 fores

2085 3284 2297 3355 ejecta,
2329 3293 2450 3345 tres
2479 3307 2671 3348 annos
2699 3292 2781 3348 ibi
2830 3294 2893 3350 in
2954 3297 3238 3352 arumnis
3296 3297 3434 3370 egit,
3491 3313 3745 3368 puerum

2086 3377 2418 3449 enutriens,
2454 3381 2625 3450 quasi
2655 3381 2819 3437 illius
2851 3388 3021 3454 pater
3051 3391 3226 3441 esset.
3262 3385 3487 3442 Deinde
3518 3386 3582 3441 in
3613 3402 3743 3441 ωοο

2080 3467 2412 3523 nasterium
2442 3486 2578 3524 cum
2610 3487 2794 3541 puero
2830 3472 3112 3540 admissa,
3156 3474 3335 3547 paulo
3366 3480 3501 3546 post
3531 3491 3601 3531 ex
3633 3476 3743 3532 hac

2079 3556 2197 3611 vita
2227 3555 2505 3627 decessit,
2540 3564 2600 3614 et
2628 3575 2748 3626 res,
2784 3562 2869 3616 uti
2900 3568 3065 3634 gesta
3094 3564 3308 3628 fuerat,
3340 3565 3568 3637 patuit:
3600 3583 3741 3622 nam

2077 3644 2331 3717 hospitis
2353 3647 2477 3703 ﬁlia
2498 3665 2532 3704 a
2548 3648 2844 3707 damonio
2876 3653 3534 3725 correpta,clamabat,a
3550 3655 3741 3711 milite

2079 3735 2359 3807 quodam,
2394 3754 2515 3794 non
2542 3756 2578 3794 a
2604 3740 2828 3797 Marino
2875 3758 2938 3798 se
2982 3744 3243 3801 vitiatam
3296 3745 3501 3803 fuisse.
3551 3748 3742 3813 Quare

2078 3825 2472 3899 obstupefacti
2502 3846 2733 3901 omnes,
2767 3832 3250 3905 gloriﬁcaverunt
3285 3838 3487 3895 Deum.

2631 4036 2879 4093 EODEM
2928 4037 3185 4094 MENSE.

2624 4153 2728 4208 Die
2760 4153 2992 4211 decima
3020 4156 3195 4212 tertia

2175 4265 2333 4323 484
2364 4266 2835 4352 Commemoratio.
2855 4274 3034 4352 sancti
3061 4274 3244 4329 Patris
3272 4273 3452 4331 nostri
3487 4277 3639 4332 Mar-

2787 4345 3019 4398 tiniam’.

2149 4452 2401 4511 Sanctus
2416 4457 2804 4514 Martinianus
2818 4459 3098 4514 Caesareas
3114 4459 3176 4515 in
3192 4460 3507 4517 Palmstina
3534 4465 3738 4530 natus,

2076 4544 2472 4602 monasticam
2500 4546 2681 4603 vitam
2711 4548 3069 4619 suscipiens,
3101 4549 3163 4605 in
3187 4557 3419 4606 montes
3450 4552 3737 4607 secessit:

2076 4649 2334 4705 cumque
2367 4650 2557 4691 annos
2587 4637 2791 4708 viginti
2824 4637 3172 4710 quinquein
3203 4640 3484 4708 religiosa
3515 4641 3740 4697 exerci-

294 4713 556 4786 πολιτείᾳ
585 4711 679 4782 ἔτη
713 4712 1070 4784 εἰκοσιπέντε,
1123 4714 1415 4788 ἐπειράσθη
1473 4714 1578 4770 ὑπὸ
1625 4718 1724 4770 :06
1772 4710 1958 4770 διαδό-

2089 4721 2297 4778 atione
2329 4725 2570 4797 egisset,
2602 4742 2636 4780 a
2667 4726 2904 4782 diabolo
2948 4709 3212 4785 tentatus
3256 4729 3369 4785 fuit
3439 4731 3584 4786 Nam
3615 4746 3710 4786 me
3730 4765 3743 4773 -

305 4804 438 4862 λου.
466 4799 872 4875 Ύποϐληθεῖσα
903 4806 1008 4881 γὰρ
1043 4805 1147 4859 61:6
1190 4808 1449 4873 πονηρῶν
1503 4803 1801 4880 ἀνθρώπων
1833 4807 1973 4881 πόρ-

300 4917 371 4965 νη
405 4914 510 4961 τις,
543 4893 632 4950 καὶ
683 4894 923 4971 πενιχρᾶ
976 4895 1250 4971 φορέσασα
1304 4895 1520 4967 ἱμάτια,
1567 4894 1783 4964 ἀπῆλθε
1830 4894 1972 4971 πρὸς

300 4982 465 5038 αὐτὸν
517 4982 732 5052 νυκτὸς,
793 4982 867 5044 ὡς
927 4978 1088 5050 δῆθεν
1141 4980 1454 5037 ἀπολέσασα
1508 4984 1611 5052 τήν
1671 4979 1820 5052 ὁδὸν,
1877 4982 1970 5041 καὶ

304 5067 438 5127 ἐϐόα
466 5072 679 5145 ἀνοῖξαι
711 5071 775 5126 :6
804 5069 1031 5127 κελλίον
1061 5072 1152 5126 καὶ
1195 5068 1439 5144 δέξασθαι
1496 5072 1690 5141 αὐτὴν,
1744 5070 1838 5128 ἵνα
1889 5076 1965 5148 μὴ

308 5162 498 5234 βρωθῇ
528 5162 634 5217 ὑπὸ
666 5160 896 5237 θηρίων’
929 5162 1021 5216 ὅτε
1050 5157 1108 5215 δὲ
1151 5160 1375 5231 εἰσῆλθε
1425 5158 1515 5217 διὰ
1562 5163 1757 5229 νυκτὸς
1805 5165 1966 5241 φορέ-

316 5270 450 5306 σασα
503 5253 605 5320 τήν
663 5251 935 5327 πορνικήν
993 5248 1221 5322 στολὴν,
1280 5248 1347 5320 ἢν
1415 5245 1696 5324 ἐϐάσταζε,
1781 5251 1971 5329 λόγοις

311 5346 596 5414 πορνικοῖς
679 5341 1144 5416 καταχαυνώσασα
1224 5340 1317 5396 τὸν
1403 5340 1584 5416 ἅγιον,
1661 5340 1967 5414 ἐξεκαλεῖτο

311 5432 451 5503 πρὸς
488 5432 656 5505 μίξιν.
717 5431 781 5486 Ὀ
838 5428 897 5485 δὲ
951 5429 1058 5506 πρὸ
1113 5434 1210 5485 :06
1264 5426 1673 5504 διαπράξασθαί,
1731 5453 1807 5500 τι,
1870 5454 1968 5507 με-

304 5523 601 5590 τανοήσας,
692 5519 782 5574 καὶ
870 5518 1073 5592 ἀνάψας
1156 5517 1420 5598 φρύγανα,
1492 5519 1711 5589 εἰσῆλθε
1802 5525 1965 5595 μέσον

302 5619 410 5682 τῆς
440 5610 671 5690 φλογὸς,
712 5610 802 5665 καὶ
859 5605 1016 5683 ἔλεγε
1070 5610 1209 5686 πρὸς
1264 5609 1474 5665 ἑαυτόνο
1529 5612 1757 5666 Ταπεινὲ
1813 5617 1962 5686 Μαρ-

297 5701 524 5773 τινιανὶ,
557 5700 605 5755 εὶ
638 5697 865 5754 δύνασαι
896 5699 959 5752 :6
987 5705 1087 5767 τῆς
1149 5698 1429 5763 κολάσεως
1489 5703 1596 5775 πῦρ
1648 5701 1962 5773 ὑπομεῖναι,

302 5792 541 5865 ποίησον
601 5787 693 5846 καὶ
741 5789 843 5859 τὴν
902 5785 1192 5865 ἁμαρτίαν.
1276 5789 1375 5847 Καὶ
1462 5785 1606 5845 οὕτω
1674 5793 1962 5857 κατακαεῖς

2081 4811 2265 4866 retrix
2297 4813 2569 4884 quaedam
2601 4830 2637 4870 a
2665 4816 2913 4887 perditis
2938 4817 3287 4874 hominibus
3309 4819 3653 4877 subornata.
3677 4838 3745 4876 ac

2079 4900 2182 4955 vili
2214 4906 2371 4957 veste
2404 4903 2633 4971 induta,
2666 4911 2845 4961 noctu
2897 4907 2972 4962 ad
3030 4908 3225 4980 ipsum
3275 4911 3457 4973 Venit,
3511 4913 3678 4982 quasi
3711 4927 3746 4966 a

2081 4990 2175 5045 via
2199 4990 2556 5061 aberrasset,
2588 4998 2647 5048 et
2671 4994 2931 5051 clamare
2964 4998 3160 5069 coepit,
3193 5005 3260 5054 ut
3290 5000 3503 5056 cellam
3545 5001 3745 5073 aperi-

2079 5084 2191 5143 ret,
2216 5081 2527 5154 ipsamque
2558 5082 2919 5145 admitteret.
2953 5103 3027 5142 ne
3054 5105 3089 5143 a
3117 5088 3259 5144 feris
3310 5090 3739 5146 dilaniaretur:

2079 5186 2334 5241 cumque
2355 5171 2623 5245 ingressa
2642 5171 2872 5242 fuisset,
2899 5176 3113 5232 stolam
3136 5179 3535 5234 meretriciam
3562 5184 3742 5235 noctu

2077 5275 2308 5331 gerens,
2344 5262 2550 5318 multis
2578 5263 2892 5321 verborum
2946 5266 3262 5323 lenociniis
3312 5267 3565 5323 delinire
3611 5268 3744 5323 ani-

2078 5364 2243 5404 mum
2276 5351 2467 5406 sancti
2515 5353 2619 5407 viri
2665 5355 2987 5427 satagebat,
3020 5362 3197 5428 atque
3221 5357 3294 5412 ad
3317 5356 3529 5412 faadam
3546 5355 3744 5411 libidi-

2076 5455 2215 5493 nem
2230 5439 2534 5510 pellicere.
2557 5444 2771 5498 Verum
2793 5445 2895 5500 ille
2915 5451 3237 5516 antequam
3262 5446 3588 5517 quidquam
3612 5462 3744 5517 per-

2081 5529 2326 5586 ticeret:
2360 5533 2719 5603 resipscens.
2755 5536 3059 5591 succensis
3119 5536 3461 5597 sarmentis,
3496 5537 3556 5591 in
3605 5554 3741 5593 me-

2075 5618 2233 5674 diam
2293 5637 2355 5676 se
2414 5621 2719 5678 flammam
2778 5625 3056 5695 conjecit,
3140 5625 3250 5678 sibi
3306 5626 3433 5695 ipse
3488 5625 3732 5684 dicens:

2076 5708 2285 5765 Infelix
2317 5710 2688 5778 Martiniane,
2723 5714 2771 5769 si
2806 5721 2970 5786 potes
3001 5714 3153 5788 ignis
3185 5730 3420 5785 poenam
3446 5716 3734 5788 perferre,

2073 5799 2379 5858 committe
2410 5810 2742 5874 peccatum.
2775 5805 2967 5876 Atque
2998 5805 3082 5860 ita
3110 5805 3441 5876 ambustus,
3476 5807 3734 5881 impudi-
