4132 6430
354 415 467 479 3H

1665 406 1722 468 Μ
1727 403 2096 468 ENOLOGII
2137 402 2347 468 PARS
2390 403 2468 466 II.

3663 403 3786 466 312

356 564 489 605 eam
510 546 795 603 feminam
816 543 1074 616 impulit,
1088 545 1155 598 ut
1174 540 1248 597 ad
1261 539 1693 596 continentiam
1706 554 2011 604 conversa,

2150 534 2303 590 πεισε
2354 533 2445 589 καὶ
2496 534 2596 603 τὴν
2648 536 2872 608 γυναῖκα
2922 537 3301 609 σωφρονῆσαι,
3362 530 3455 586 καὶ
3514 532 3787 603 σωθῆναι.

360 637 539 695 saluti
571 654 691 691 suae
723 634 1081 690 consuleret.
1106 634 1238 703 Ipse
1263 647 1399 686 vero
1422 629 1561 685 inde
1592 629 1848 701 fugiens,
1875 634 1932 683 et
1956 627 2017 682 in

362 727 674 799 scopulum
704 724 901 779 medio
935 723 1197 794 positum
1229 719 1377 776 mari
1409 720 1732 791 profectus,
1783 718 1865 773 ibi
1906 719 2006 772 ite-

359 832 496 872 rum
528 818 811 882 tentatus,
846 813 1183 883 iterumque
1209 810 1395 866 victor
1456 808 1768 877 exsistens,
1801 807 1877 863 ad
1908 811 2016 861 Do.

360 906 595 961 minum
621 902 910 975 migravit.

1015 1018 1236 1075 Eodem
1264 1017 1360 1073 die

437 1140 592 1198 185
627 1139 917 1195 Certamen
947 1144 1265 1193 sanctorum
1299 1135 1544 1205 .4quil3,
1576 1140 1627 1188 et
1653 1132 1947 1188 Priscillae.

435 1256 688 1313 Sanctus
703 1254 917 1328 Aquila
930 1252 1418 1310 scenofactoriam
1434 1250 1691 1323 primum
1713 1246 2027 1304 exercebat

364 1352 574 1416 artem,
601 1345 874 1400 ethnicus
896 1341 1270 1415 quidem,sed
1298 1338 1766 1413 propensissimo
1790 1352 2025 1408 semper

364 1436 428 1491 in
460 1450 753 1507 pauperes
785 1433 1009 1501 animo,
1068 1436 1134 1486 ut
1192 1430 1447 1495 lucrum,
1506 1426 1664 1498 quod
1716 1444 1786 1481 ex
1845 1440 2025 1497 opere

366 1541 654 1580 manuum
685 1520 1086 1594 comparabat,
1121 1520 1182 1574 in
1212 1533 1504 1590 pauperes
1526 1515 1831 1571 divideret.
1851 1514 2024 1568 Cum-

368 1630 483 1684 que
514 1612 734 1668 famam
786 1608 1040 1682 apostoli
1088 1607 1255 1663 Pauli
1303 1605 1600 1660 Christum
1645 1601 2026 1676 praedicautis

370 1702 657 1771 audisset,
691 1717 828 1757 eum
859 1699 1005 1755 adiit
1032 1714 1156 1753 una
1185 1713 1317 1751 cum
1355 1711 1536 1750 uxore
1569 1709 1675 1749 sua
1733 1690 2025 1757 Priscilla,

371 1799 656 1864 tanquam
686 1790 954 1863 ejusdem
987 1789 1131 1845 artis
1162 1787 1560 1859 professorem
1586 1800 1597 1841 :
1635 1788 1762 1838 erat
1783 1782 1945 1839 enim
1969 1784 2029 1836 et

372 1882 500 1954 ipse
523 1880 967 1937 scenol‘actoriao
998 1878 1143 1934 artis
1169 1894 1181 1931 :
1216 1875 1527 1947 edoctique
1559 1873 1631 1930 ab
1663 1889 1731 1928 eo
1778 1871 2023 1927 verbum

369 1972 656 2037 veritatis,
688 1968 964 2041 baptizati
997 1972 1153 2032 sunt,
1188 1982 1370 2037 seque
1400 1964 1487 2019 illi
1543 1963 1791 2019 comites
1822 1966 1881 2017 et
1911 1960 2023 2016 mi-

370 2061 983 2132 nistros,quocunque
1004 2060 1295 2129 pergeret,
1327 2053 1748 2127 adjunxerunt,
1783 2049 2023 2107 easdem

370 2167 507 2207 cum
538 2167 605 2207 eo
638 2147 946 2204 molestias
968 2152 1026 2202 et
1047 2143 1428 2201 incommoda
1448 2142 1791 2199 subeuntes.
1815 2142 2027 2206 Quam-

369 2239 576 2296 obrem
606 2239 992 2293 vehementer
1021 2234 1229 2290 dilexit
1268 2250 1367 2289 eas
1412 2249 1664 2306 magnus
1709 2229 2028 2303 Apostolus

371 2328 445 2384 ob
476 2328 717 2382 illorum
748 2326 1049 2392 virtutem,
1080 2324 1380 2395 fidemque
1412 2322 1474 2376 in
1497 2320 1819 2387 Christum,
1851 2318 1933 2374 ita
1964 2321 2031 2373 ut

369 2434 580 2474 eorum
612 2418 979 2473 mentionem
1018 2414 1225 2470 fecerit
1272 2413 1332 2467 in
1383 2412 1505 2467 suis
1549 2409 1850 2483 Epistolis.
1895 2412 2034 2463 Post

371 2514 628 2565 mortem
660 2522 795 2561 vero
818 2503 1107 2577 Apostoli,
1137 2519 1274 2560 cum
1295 2502 1592 2557 Christum
1616 2498 1883 2573 profiteri
1907 2513 2031 2553 non

373 2597 754 2663 desisterent,
803 2594 1059 2666 correpti
1118 2592 1189 2649 ab
1246 2590 1603 2660 idololatris,
1660 2594 1795 2663 post
1845 2587 2036 2645 multa

374 2690 674 2742 tormenta
701 2682 980 2741 decollati
1013 2687 1170 2739 sunt.

1036 2949 1257 3007 Eodem
1289 2949 1384 3005 die

385 3070 541 3128 186
601 3068 1054 3125 Commemoratio
1104 3067 1284 3192 senili
1338 3062 1564 3134 Eulogii
1615 3062 1859 3136 episcopi
1911 3060 2038 3118 Ale-

1070 3154 1184 3192 man
1228 3154 1348 3192 me.

1070 3154 1184 3194 (can
1191 3154 1327 3192 ama
1335 3180 1348 3193 .

2127 625 2227 682 Καὶ
2264 623 2469 703 φυγὼν,
2502 620 2742 677 ἀπελθὼν
2777 620 2853 685 είς
2905 622 3103 698 πέτραν
3158 620 3319 694 μέσον
3379 622 3479 690 τής
3511 621 3787 694 θαλάσσης

2124 715 2293 771 πάλιν
2325 715 2640 789 ἐπειράσθη·
2675 715 2765 769 καὶ
2798 714 2940 769 οὕτω
2997 712 3393 789 πειραζόμενος
3448 714 3538 769 καὶ
3596 719 3782 785 νικῶν,

2125 807 2264 884 πρὸς
2293 806 2423 862 Θεὸν
2453 802 2603 877 ἐξεδή
2617 826 2805 879 μησεν.

2696 1013 2778 1085 Τῇ
2831 1009 2971 1085 αὐτῇ
3029 1007 3214 1084 ἡμέες

2272 1124 2543 1198 Ἀθλησις
2572 1131 2682 1182 τῶν
2714 1125 2881 1202 ἀγίων
2914 1124 3124 1183 ’Δκύλα
3155 1125 3245 1181 καὶ
3278 1126 3641 1202 Πρισκίλλης.

2202 1244 2424 1320 Οᾶγιος
2455 1240 2692 1305 Ἀκύλας
2754 1240 3092 1316 σκυτοτόμος
3156 1241 3249 1316 μὶν
3298 1242 3363 1312 ἦν
3420 1243 3521 1313 τήν
3579 1241 3785 1318 τέχνην

2130 1333 2413 1410 πρότερονο
2447 1332 2660 1404 Ἕλλην
2723 1329 2777 1386 δὲ
2836 1331 3121 1408 ὑπάρχων,
3180 1332 3335 1404 ὅμως
3392 1337 3492 1400 τῆς
3546 1329 3784 1404 ἐλεημο-

2132 1423 2297 1494 σύνης
2327 1422 2417 1477 καὶ
2466 1428 2568 1493 τῆς
2614 1421 2752 1494 πρὸς
2810 1420 2939 1484 τοὺς
2994 1422 3253 1495 πτωχοὺς
3314 1420 3649 1494 συμπαθείας
3682 1421 3786 1475 οὐκ

2131 1511 2492 1569 ἐπελαθανετο
2519 1529 2532 1543 ⁸
2586 1509 2714 1566 ἀλλ’
2755 1508 2855 1566 sit:
2888 1507 3169 1585 ἐκέρδησεν
3200 1511 3260 1565 ἐκ
3311 1513 3409 1565 τοῦ
3461 1510 3788 1586 ἐργοχείρου

2133 1604 2337 1673 αὐτοῦ,
2398 1601 2641 1677 ἐμέριζεν
2696 1599 2825 1655 αὐτὸ
2877 1599 3012 1673 μετά
3067 1603 3174 1655 τῶν
3235 1603 3499 1674 πτωχῶν·
3553 1598 3789 1660 ἀκούσας

2134 1689 2192 1746 δὲ
2247 1689 2369 1766 περὶ
2427 1693 2525 1745 τοῦ
2577 1688 2891 1744 ἀποστόλου
2968 1687 3188 1744 Παύλου
3271 1686 3641 1761 κηρύττοντος
3696 1687 3789 1742 τὸν

2132 1781 2372 1855 Χριστὸν
2406 1824 2423 1848 ,
2476 1779 2694 1850 ἀπῆλθε
2760 1779 2898 1854 πρὸς
2956 1779 3146 1849 αὐτὸν,
3200 1779 3335 1852 μετά
3383 1784 3487 1847 τῆς
3543 1777 3797 1853 γυναικὸς

2133 1870 2297 1926 αὐτοῦ
2353 1866 2694 1945 Πρισκίλλης
2726 1913 2745 1941 ,
2800 1868 2876 1933 ὡς
2932 1867 3008 1931 είς
3063 1867 3390 1943 ὁμότεχνον·
3453 1866 3793 1942 σκυτοτόμος

2133 1964 2236 2038 γὰρ
2267 1961 2335 2031 ἦν
2387 1961 2475 2015 καὶ
2536 1958 2718 2022 αὐτός’
2777 1958 2868 2015 καὶ
2929 1955 3275 2034 διδαχθέντες
3333 1958 3422 2013 ὑπ’
3473 1958 3640 2013 αὐτοῦ
3696 1957 3791 2014 τὸν

2134 2051 2299 2127 λόγον
2328 2056 2429 2120 τῆς
2458 2046 2721 2120 ἀληθείας
2752 2094 2766 2119 ,
2821 2042 3223 2124 ἐϐαπτίσθησαν
3250 2089 3265 2104 .
3319 2047 3419 2104 Καὶ
3475 2048 3612 2117 ἦσαν
3662 2044 3790 2102 δου-

2136 2139 2385 2202 λεύοντες
2442 2138 2589 2211 αὐτῷ
2621 2159 2634 2173 ·
2687 2139 2775 2194 καὶ
2826 2139 2964 2195 κατά
2994 2142 3166 2193 πᾶσαν
3225 2138 3392 2193 πόλιν
3451 2137 3542 2192 καὶ
3598 2135 3788 2213 χώραν

2137 2228 2589 2299 ἀκολουθοῦντες,
2632 2228 2721 2284 καὶ
2781 2225 3285 2303 συγκινδυνεύοντες
3342 2226 3395 2282 ἐν
3429 2231 3559 2282 πᾶσι
3595 2247 3790 2302 πειρα-

2140 2324 2324 2393 σμοῖς.
2382 2321 2651 2374 Τοσοῦτον
2706 2314 2764 2373 δὶ
2807 2320 3088 2394 ἠγάπησεν
3120 2315 3316 2380 αὐτοὺς
3347 2318 3376 2372 ὁ
3410 2319 3576 2393 μέγας
3618 2316 3791 2372 Ἀπό-

2139 2410 2335 2471 στολος
2368 2405 2459 2464 διὰ
2480 2408 2579 2478 τήν
2614 2406 2809 2484 ἀρετὴν
2852 2408 3031 2463 αὐτῶν
3088 2406 3179 2463 καὶ
3234 2410 3335 2476 τήν
3369 2407 3506 2482 πρὸς
3564 2407 3795 2482 Χριστὸν

2140 2499 2358 2569 πίστιν,
2418 2498 2492 2561 ὡς
2552 2497 2643 2553 καὶ
2692 2496 3059 2571 μνημονεύειν
3116 2496 3291 2553 αὐτῶν
3324 2495 3375 2551 ἐν
3430 2501 3551 2559 ταῖς
3605 2496 3800 2551 ἑαυτοῦ

2146 2589 2519 2652 Ἐπιστολαῖς·
2566 2590 2701 2663 μετά
2752 2585 2811 2643 δὲ
2868 2587 3095 2653 θάνατον
3155 2590 3253 2642 τοῦ
3314 2586 3678 2654 ’Δποστόλου,
3710 2587 3802 2641 τὸν

2143 2680 2373 2756 Χριστὸν
2451 2677 2749 2753 ὁμολογεῖν
2814 2678 2890 2752 μή
2948 2676 3332 2751 παυσάμενοι,
3421 2674 3800 2750 ἐκρατήθησαν

2149 2769 2256 2827 ὑπὸ
2309 2773 2419 2825 τῶν
2478 2766 2923 2846 είδωλολατρῶν,
2979 2768 3069 2824 καὶ
3125 2765 3315 2824 πολλά
3371 2765 3802 2843 βαωνῖσθέντες,

2146 2858 2679 2939 ἀπεκεφαλίσθησαν.

2718 2953 2804 3026 Τῇ
2857 2949 2995 3026 αὐτῇ
3052 2951 3238 3027 ἡμέρᾳ

2150 3068 2363 3141 Μνήμη
2420 3071 2518 3123 τοῦ
2595 3066 2754 3144 ἀγίου
2828 3064 3101 3215 Εὲἒᾶγιὲου
3186 3064 3490 3122 ἐπισκόπου
3558 3064 3807 3138 Ἀλεξαν-

459 3302 881 3359 Sanctissimus
907 3309 966 3357 et
995 3315 1246 3373 magnus
1297 3299 1471 3353 Pater
1517 3301 1723 3353 noster
1762 3295 2037 3369 Eulogius

2228 3294 2519 3369 Εύλόγιος,
2581 3296 2610 3350 ὁ
2667 3295 2968 3371 ἀγιώτατος
3025 3296 3114 3352 καὶ
3150 3295 3319 3372 μέγας
3385 3299 3573 3375 Πατὴρ
3615 3300 3803 3371 ἡμῶν,

384 3391 758 3449 Alexandriae
791 3390 1102 3462 episcopus
1160 3389 1290 3443 fuit.
1346 3388 1615 3443 Heraclio
1666 3387 2046 3459 imperatore,

387 3488 524 3537 ante
557 3486 831 3538 sanctum
859 3481 1148 3535 Joannem
1179 3476 1734 3550 Eleemosynarium
1760 3492 1774 3531 :
1812 3475 1886 3531 ob
1912 3492 2049 3531 suas

2153 3384 2449 3448 ἐπίσκοπος
2505 3385 2572 3455 ἦν
2629 3391 2730 3454 τῆς
2785 3384 3003 3448 πόλεως
3059 3385 3463 3461 Ἀλεξανδρείας
3498 3434 3514 3458 ,
3571 3387 3658 3442 ἐπὶ
3705 3394 3805 3458 τῆς

2158 3474 2435 3554 βασιλείας
2470 3472 2820 3551 Ἡρακλείου,
2877 3476 2984 3551 πρὸ
3037 3479 3137 3531 τοῦ
3203 3475 3359 3552 ἁγίου
3419 3478 3676 3535 Ἰωάννου
3711 3481 3811 3533 τοῦ

388 3578 588 3627 autem
620 3571 887 3635 virtutes,
919 3575 980 3624 et
1008 3585 1163 3638 eam,
1197 3585 1377 3639 quam
1408 3567 1565 3639 apud
1616 3568 1802 3622 Deum
1833 3566 2037 3621 inierat

2153 3565 2484 3639 ἐλεήμονος.
2532 3564 2792 3636 Ἐποίησε
2822 3562 2881 3619 δὲ
2933 3564 3024 3619 καὶ
3084 3562 3174 3621 διὰ
3199 3567 3302 3635 τὴν
3360 3568 3557 3642 ἀρετὴ-ι
3618 3568 3817 3636 αὐτοῦ,

390 3660 666 3733 gratiam,
697 3659 888 3714 multa
940 3658 1229 3713 miracula
1286 3657 1493 3725 edidit,
1551 3656 1614 3711 in
1668 3655 1885 3726 quibus
1937 3654 2051 3710 hoc

391 3748 986 3803 commemorandum
1016 3746 1266 3801 videtur.
1300 3748 1442 3801 Nam
1474 3761 1605 3800 cum
1637 3744 2052 3800 sanctissimus

394 3837 879 3907 archiepiscopus
911 3836 1022 3891 Leo
1054 3835 1369 3907 epistolam
1402 3833 1880 3906 conscripsisset,
1931 3849 2054 3903 qua

398 3931 621 3981 statuta
646 3924 853 3995 synodi
876 3923 1379 3979 Chalcedonensis
1394 3922 1868 3987 commendabat,
1889 3938 2054 3977 eam-

395 4030 513 4084 que
540 4020 782 4068 sanctus
808 4012 1088 4085 Eulogius
1111 4012 1371 4084 legisset,
1399 4028 1516 4066 non
1534 4010 1711 4066 modo
1737 4010 1905 4066 illam
1926 4011 2051 4066 lau-

395 4104 642 4166 davit,et
665 4102 956 4174 suscepit;
984 4102 1084 4158 sed
1106 4102 1452 4157 columnam
1483 4102 1662 4157 etiam
1687 4100 2053 4156 orthodoxim

396 4192 737 4263 appellavit.
769 4190 1171 4263 omnibusque
1204 4190 1563 4263 praedicavit.
1612 4189 1825 4245 Volens
1855 4196 2054 4245 autem

391 4283 547 4336 Deus
578 4281 814 4352 utrique
846 4280 1115 4353 pontiﬁci
1150 4281 1439 4335 honorem
1470 4278 2054 4352 facere,misitange-

392 4371 514 4426 lum
548 4371 787 4442 utrique
810 4370 1078 4442 pontifici
1110 4370 1402 4425 honorem
1433 4369 1649 4437 facere,
1683 4368 1849 4424 misit
1876 4384 2055 4441 ange-

390 4460 517 4516 lum
550 4478 747 4529 suum,
780 4461 881 4532 qui
912 4461 973 4515 in
1033 4460 1222 4533 ﬁgura
1279 4465 1339 4515 et
1393 4459 1592 4531 specie
1648 4457 2054 4515 archidiaconi

393 4550 586 4606 sancti
610 4550 841 4615 Leonis,
874 4550 1094 4622 gratias
1125 4554 1328 4622 ageret
1356 4554 1561 4604 sancto
1594 4548 1863 4621 Eulogio,
1895 4546 2056 4619 quod

2153 3655 2245 3711 καὶ
2290 3656 2391 3723 τὴν
2440 3653 2579 3729 πρὸς
2636 3655 2764 3710 Θεὸν
2824 3653 3118 3726 οίκείωσιν,
3173 3655 3423 3729 θαύματα
3485 3656 3695 3716 πολλά.
3731 3657 3819 3729 Ἐξ

2157 3745 2230 3798 ὧν
2258 3739 2313 3798 ἓν
2346 3742 2456 3798 ἐστι
2500 3742 2590 3798 καὶ
2622 3746 2809 3797 τοῦτο’
2842 3745 2959 3800 Τοῦ
3014 3743 3320 3821 ἀγιωτάτου
3371 3745 3820 3821 ἀρχιεπισκόπου

2158 3833 2389 3897 Λέοντος
2461 3832 2876 3908 ωγγράψαντος
2957 3831 3255 3903 ἐπιστολὴν
3335 3839 3669 3890 συνεστῶσαν
3719 3836 3820 3905 τήν

2158 3921 2211 3976 ἐν
2245 3919 2561 3993 Χαλκηδόνι
2617 3919 2867 3989 σύνοδον,
2924 3921 3187 3999 ἀναγνοὺς
3243 3922 3415 3993 αὐτὴν
3446 3926 3475 3979 ὁ
3507 3923 3662 4000 ἅγιος
3719 3924 3821 3981 Εὐ-

2158 4006 2366 4087 λόγιος,
2400 4011 2465 4066 ού
2500 4009 2665 4084 μόνον
2723 4009 2952 4086 ἐπῄνεσε
3001 4011 3093 4067 καὶ
3151 4008 3464 4083 ἀπεδέξατο,
3517 4011 3665 4068 ἀλλά
3718 4015 3810 4067 καί

2159 4099 2368 4171 στήλην
2426 4100 2592 4169 αὐτῆς
2655 4097 2973 4174 ὀρθοδοξίας
3019 4099 3297 4171 καλέσας,
3350 4108 3475 4168 τοῖς
3520 4106 3685 4158 πᾶσιν
3716 4101 3811 4158 ἀν-

2160 4188 2437 4263 εκύρηξεν.
2471 4190 2528 4243 '0
2569 4186 2629 4244 δὲ
2682 4188 2813 4252 Θεὸς
2867 4186 3041 4254 θέλων
3091 4191 3416 4266 θεραπεῦσαι
3472 4191 3821 4271 ἀμφοτέρους

2158 4280 2288 4346 τοὺς
2345 4281 2625 4357 ἀρχιερεῖς
2659 4324 2673 4350 ,
2734 4278 2973 4356 ἔπεμψεν
3034 4279 3286 4359 ἄγγελον,
3347 4283 3424 4348 ὡς
3469 4283 3522 4338 ἐν
3572 4286 3824 4360 σχήματι

2157 4375 2256 4427 τοῦ
2287 4369 2680 4447 ἀρχιδιακόνου
2709 4374 2807 4426 τοῦ
2866 4370 3019 4446 ἁγίου
3079 4371 3334 4444 Λέοντος,
3392 4371 3821 4449 εὐχαριστοῦντα

2156 4474 2239 4543 τῷ
2292 4469 2433 4544 ἁγίῳ
2495 4468 2746 4544 Εύλογίῳ
2805 4468 2938 4542 ὑπὲρ
3014 4470 3077 4525 οὗ
3125 4467 3416 4542 ἀπεδέξατο
3470 4471 3571 4538 τήν
3629 4467 3817 4540 δηλω-

2160 4565 2338 4624 θεῖσαν
2370 4558 2687 4631 ἐπιστολήν·
2717 4559 2746 4613 ὁ
2779 4556 2835 4614 δὲ
2865 4558 3021 4635 ἃγιος
3052 4556 3325 4636 διελέγετο
3380 4560 3553 4631 αὐτῷ,
3614 4558 3691 4622 ὡς
3724 4559 3821 4614 ἀν-

394 4645 788 4695 memoratam
802 4640 1114 4711 epistolam
1130 4640 1735 4711 excepisset.Sanctus
1748 4655 1880 4694 vero
1899 4642 2035 4709 post

2162 4648 2389 4725 θρώπῳ,
2447 4645 2552 4713 ἕως
2631 4646 2865 4727 ἄφαντος
2938 4648 3146 4724 ἐγένετο
3198 4647 3427 4725 ἄγγελος
3480 4650 3573 4705 ἀπ’
3622 4648 3812 4705 αὐτοῦ’

399 4746 578 4801 quam
608 4747 743 4785 cum
775 4730 900 4799 illo,
924 4736 1210 4802 tanquam
1233 4731 1496 4796 homine,
1525 4730 1891 4801 colloquium
1912 4729 2055 4784 mis-

395 4820 635 4889 cuisset,
669 4821 881 4893 angelo
912 4838 983 4876 ex
1011 4822 1200 4893 ipsius
1230 4821 1471 4893 aspeclu
1502 4837 1631 4877 sese
1662 4820 2053 4885 subducente,

394 4912 673 4983 cognovit
702 4929 839 4967 eum
871 4912 973 4967 Dei
1008 4912 1286 4985 angelum
1319 4929 1471 4978 esse,
1508 4911 1815 4981 Deumque
1835 4909 2054 4983 glorifi-

396 5003 571 5059 cavit.
606 5004 866 5060 Tandem
899 5004 961 5059 in
992 5005 1197 5060 multis
1232 5009 1346 5061 Deo
1379 5003 1662 5073 serviens,
1695 5002 1971 5058 decessit.

859 5124 1202 5181 187-188
1237 5123 1459 5180 Eodem
1492 5123 1587 5179 die

391 5212 849 5271 Commemoratio
873 5213 1054 5270 sancti
1070 5216 1487 5341 galtrgstnostri
1534 5213 1761 5269 Joannis
1808 5210 2055 5283 episcopi

1118 5303 1149 5341 ο
1175 5303 1210 5341 u
1250 5301 1280 5339 ο
1306 5302 1347 5340 ι.

1118 5301 1347 5358 οιῃοοει.

1130 5375 1325 5429 Deest.

959 5464 1202 5520 EODEM
1243 5461 1496 5517 MENSE.

918 5562 1020 5617 Die
1053 5561 1287 5616 decima
1316 5565 1528 5632 quarta

464 5654 714 5710 Sanctus
727 5655 902 5709 Pater
913 5658 1116 5709 noster
1130 5653 1454 5708 Auxentius
1465 5651 1794 5707 Theodosio
1811 5651 2050 5708 Juniore

394 5740 754 5817 imperante,
787 5745 849 5799 in
879 5745 1108 5800 oriente
1131 5750 1327 5814 natus,
1353 5760 1487 5800 cum
1513 5743 1841 5801 scholarius
1866 5743 2053 5816 digni-

2162 4737 2253 4793 καὶ
2307 4738 2469 4813 γνοὺς
2525 4738 2607 4794 ὅτι
2663 4738 2890 4815 ἄγγελος
2947 4743 3082 4795 Θεοῦ
3138 4740 3206 4809 ἦν
3243 4784 3257 4809 ,
3311 4737 3556 4813 ἐδόξασεν
3635 4740 3821 4795 αὐτόν’

2162 4826 2251 4883 καὶ
2281 4832 2377 4883 τοῦ
2444 4827 2644 4885 λοιποῦ
2700 4827 2752 4883 ἐν
2808 4828 3048 4892 πολλοῖς
3107 4829 3235 4885 Θεὸν
3294 4828 3651 4906 θεραπεύσας,
3711 4828 3826 4885 ἐτε-

2165 4915 2395 4988 λευῦθη.

2733 5039 2812 5110 τῇ
2872 5034 3008 5110 αὐτῇ
3067 5035 3252 5112 ἡμέρᾳ

2160 5125 2369 5199 Μνήμη
2399 5128 2497 5180 τοῦ
2527 5124 2580 5181 ἐν
2621 5125 2797 5204 ἁγίοις
2856 5128 3065 5255 Dario:
3123 5128 3286 5201 ἡμῶν
3316 5126 3572 5184 Ἰωάννου
3601 5125 3825 5183 ἐπισκό-

2739 5219 2847 5255 που
2892 5205 2970 5254 Πο
3016 5194 3235 5255 υϐότου.

2739 5219 2847 5255 που
2892 5194 3235 5256 Πολυϐότου.

2881 5287 3093 5349 Λείπει.

2724 5380 2908 5438 MHNI
2937 5384 3022 5460 Τῼ
3054 5386 3253 5460 ΔΥΤῼ.

2983 5471 3035 5525 Δ,

2983 5476 3034 5525 Δ,

2337 5558 2458 5628 Μνή
2469 5579 2544 5631 μη
2578 5562 2674 5614 τοῦ
2704 5557 2859 5614 ὁσίου
2894 5476 3103 5636 Πέτρὸς
3144 5562 3307 5634 ἡμῶν
3343 5560 3639 5631 Λύξεντίου

2233 5644 2514 5717 Αύξέντιος
2561 5647 2673 5702 ὀὲν
2732 5649 2909 5724 ἁγίοις
2960 5651 3149 5726 Πατὴρ
3207 5653 3393 5724 ἡμῶν,
3450 5650 3519 5719 ἦν
3574 5649 3663 5705 ἐπὶ
3720 5654 3825 5720 τῆς

2164 5736 2445 5817 βασιλείας
2482 5736 2774 5796 Θεοδοσίου
2822 5744 2920 5796 τοῦ
2979 5742 3196 5820 Μικροῦ
3225 5740 3285 5797 ἐκ
3338 5747 3441 5811 τῆς
3498 5742 3830 5812 Ἀνατολῆςο
