4132 6496
396 441 512 500 313

1820 433 2339 496 FEBRUARIUS.

3698 435 3814 493 3H

402 570 668 642 ὑπάρχων
739 566 798 623 δὲ
855 567 1162 644 σχολάριος
1215 569 1317 637 τὴν
1389 567 1561 640 ἀξίαν,
1645 565 1906 623 κατέλιπε
1961 567 2052 622 τὸν

2177 573 2287 625 tate
2319 572 2497 635 esset,
2530 567 2800 624 abdicato
2845 568 3062 624 saeculo
3105 568 3435 624 monachus
3479 567 3692 634 factus,
3751 567 3815 623 in

396 662 627 734 κόσμον.
691 661 789 714 Καὶ
835 659 1124 732 γενόμενος
1206 659 1478 732 μοναχὸς,
1563 655 1796 726 ἀνῆλθεν
1858 656 1934 718 εἷς
1987 657 2051 710 τὸ

397 752 546 825 ὅρος,
578 751 641 803 τὸ
671 746 974 822 λεγόμενον
1007 750 1103 815 τῆς
1136 747 1366 816 Ὀξείας,
1399 747 1636 818 πλησίον
1670 742 2050 817 Χαλκηδόνος,

398 841 491 895 καὶ
520 838 786 912 ἡσύχασε
830 837 921 892 καὶ
955 837 1050 892 ἀπ’
1079 836 1284 891 ἐκείνου
1315 836 1606 909 ὠνομάσθη
1666 836 1728 890 τὸ
1777 834 1924 910 ὅρος,
1955 837 2052 888 τοῦ

409 930 567 1004 ἁγίου
618 927 933 1000 Αὐξεντίου.
967 932 1066 982 Ἦν
1102 923 1160 981 δὲ
1212 926 1312 994 τὴν
1372 924 1600 996 ἄσκησιν
1653 923 2053 1000 καρτερίκώτα-

413 1041 528 1088 τος,
549 1021 640 1088 τήν
670 1016 851 1072 πίστιν
891 1017 1336 1094 ὁρθοδοξότατος·
1396 1015 1586 1071 πολλὰ
1647 1013 2051 1089 ἀγωνισάμενος

413 1111 546 1164 κατὰ
571 1115 668 1177 τῆς
694 1108 955 1181 αἱρέσεως
982 1111 1080 1161 τοῦ
1119 1105 1401 1167 Εὐτυχοῦς
1457 1105 1546 1160 καὶ
1607 1108 1704 1159 τοῦ
1736 1102 2053 1179 Νεστορίου,

415 1199 501 1253 καὶ
533 1195 932 1270 ἀποδεξάμενος
1004 1196 1104 1264 τήν
1165 1196 1217 1251 ἐν
1277 1193 1590 1265 Χαλκηδόνι
1638 1197 1898 1268 τετάρτην
1934 1192 2054 1246 σύν-

411 1286 558 1346 οδον.
595 1287 839 1362 Ἐγένετο
871 1283 930 1342 δὲ
959 1287 1046 1341 καὶ
1079 1291 1198 1350 τοῖς
1256 1286 1568 1356 βασιλεῦσιν
1627 1283 1930 1356 αἰδέσιμος·
1963 1284 2054 1338 καί

404 1381 661 1454 ἠγαπᾶτο
690 1381 778 1434 καὶ
813 1379 1038 1452 ἐτιμᾶτο
1090 1379 1194 1433 ὑπὸ
1249 1378 1486 1445 πάντων,
1539 1375 1629 1431 διὰ
1676 1378 1776 1446 τήν
1835 1374 2053 1442 πολλὴν

405 1470 570 1525 αὐτοῦ
604 1471 820 1544 ἀρετήν.
857 1469 1094 1539 Ἢξιώθη
1129 1465 1186 1522 δὲ
1220 1467 1309 1522 καὶ
1351 1467 1638 1540 θαυμάτων
1681 1464 1934 1530 πολλῶν,
1967 1463 2055 1520 καὶ

407 1564 792 1633 προορατικῶν
825 1561 1204 1634 χαρισμάτων,
1265 1558 1364 1612 Καὶ
1410 1556 1682 1631 τιμωρίας
1741 1552 2056 1628 μελλούσης

400 1648 586 1704 ἐλθεῖν
612 1649 719 1703 ἀπὸ
779 1653 876 1703 τοῦ
934 1652 1068 1703 Θεοῦ
1126 1645 1214 1702 διὰ
1269 1648 1364 1710 τὰς
1415 1645 1680 1722 ἁμαρτίας
1725 1646 1910 1717 ἡμῶν,
1968 1644 2058 1698 καὶ

403 1744 661 1813 προεῖπε,
685 1738 776 1793 καὶ
826 1734 916 1792 διὰ
971 1740 1287 1813 προσευχῆς
1342 1734 1585 1792 ἔπαυσεν.
1617 1733 1774 1792 Οὕτω
1806 1733 1864 1789 δὲ
1926 1735 2061 1808 βιώ-

408 1850 529 1898 σας,
561 1828 862 1900 ἐκοιμήθη·
894 1827 984 1882 καὶ
1013 1826 1270 1896 κατετέθη
1304 1825 1357 1881 ἐν
1378 1831 1457 1898 τῷ
1488 1827 1576 1880 ὑπ’
1599 1825 1767 1880 αὐτοῦ
1795 1826 2059 1888 κτισθέντι

408 1917 790 1992 μοναστηρίῳ,
823 1916 958 1993 ὅπερ
988 1923 1090 1986 τῆς
1120 1915 1495 1992 Τριχηναρίας
1537 1913 1874 1988 ὠνομάζετο.

1009 2035 1085 2106 Τῇ
1125 2031 1262 2106 αὖτῇ
1322 2033 1506 2107 ἡμέρᾳ

476 2137 749 2211 Ἀθλησις
779 2143 877 2194 τοῦ
909 2139 1065 2215 ἁγίου
1097 2136 1421 2212 Φιλήμονος
1453 2137 1752 2193 ἐπισκόπου
1784 2139 1980 2206 Γάζης.

1132 2229 1342 2287 Λείπει.

953 2351 1132 2407 MHNI
1173 2350 1264 2428 Τῼ
1305 2352 1500 2426 ΑΥΤῼ.

1179 2439 1262 2494 IE'

406 2541 684 2608 Ἀθλησις
714 2543 811 2595 τοῦ
844 2539 1007 2614 ἁγίου
1037 2534 1775 2614 ἱερομάρτυροςςοινησίμου
1810 2536 2059 2608 μαθητοῦ

775 2617 873 2667 τοῦ
890 2605 1063 2684 ’ἁγίου
1089 2605 1407 2664 ⁷ἀποστόλου
1432 2605 1676 2664 Παύλου.

479 2709 538 2762 Ὀ
580 2709 736 2780 ἅγιος
787 2703 1111 2774 Ὀνήσιμος,
1182 2697 1389 2773 ἐγένετο
1452 2697 1702 2771 μαθητὴς
1749 2699 1850 2750 τοῦ
1908 2694 2061 2771 ἁγίου

422 2795 734 2857 ἀποστόλου
808 2791 1053 2850 ΙΙαύλου⁶
1161 2786 1358 2850 δοῦλος
1422 2788 1526 2864 γὰρ
1609 2787 1871 2862 ὑπάρχων
1929 2785 2060 2839 Ῥω-

422 2889 588 2964 μαίου
616 2886 764 2948 τινὸς
809 2882 1037 2955 ὀνόματι
1097 2878 1444 2952 Φιλήμονος,
1496 2874 1758 2932 κατέλιπε
1785 2875 1878 2930 τὸν
1924 2872 2061 2930 ἴδιον

418 2982 631 3054 κύριον,
659 2975 747 3032 καὶ
795 2969 1144 3048 προσέδραμε
1195 2973 1276 3043 τῷ
1335 2965 1633 3040 ἀποστόλῳ
1693 2964 1915 3039 Παύλῳ,
1973 2964 2065 3020 καὶ

436 3067 638 3141 ἐγενετο
686 3064 847 3119 αὐτοῦ
912 3061 1181 3135 μαθητήςο
1232 3056 1322 3113 καὶ
1383 3057 1695 3133 βαπτισθεὶς
1727 3055 1817 3110 ὑπ’
1875 3055 2066 3126 αὐτοῦ,

432 3154 709 3212 ἐδούλευεν
767 3153 941 3223 αὐτῷ.
1004 3148 1101 3204 Διὰ
1145 3151 1310 3203 τοῦτο
1362 3147 1453 3201 καὶ
1523 3141 1727 3221 ἔγραψε
1782 3144 1918 3220 πρὸς
1973 3143 2066 3198 τὸν

417 3245 711 3316 Φιλήμονα
764 3243 793 3296 ὁ
850 3241 1000 3315 ἅγιος
1061 3236 1277 3301 Παῦλος
1357 3236 1678 3305 ἐπιστολὴν,
1735 3233 2067 3309 παρακαλῶν

2160 665 2427 714 montem
2451 659 2654 714 Oxiam
2693 659 3051 714 Chalcedoni
3075 659 3412 730 proximum
3439 656 3820 727 secessit,qui

2161 747 2233 802 de
2276 748 2404 819 ejus
2436 748 2680 804 nomine
2713 765 2884 803 mons
2914 748 3190 803 Auxentii
3227 755 3433 819 postea
3459 747 3654 802 dictus
3705 751 3815 810 est,

2161 837 2364 908 ibique
2397 839 2785 910 tranquillam
2821 838 3260 909 asceticamque
3288 838 3465 893 vitam
3498 852 3814 910 agens,pro

2163 926 2280 982 flde
2312 929 2850 999 orthodoxa,quam
2883 929 3222 983 ﬁrmissime
3255 928 3511 987 tenebat,
3534 926 3817 982 adversus

2156 1016 2435 1072 hmresim
2466 1004 2768 1089 Eutychis,
2798 1024 2857 1071 et
2885 1018 3137 1072 Nestorii
3195 1018 3519 1089 plurimum
3542 1015 3806 1070 decerta-

2161 1105 2260 1172 vit,
2286 1112 2560 1176 quartam
2592 1107 2883 1179 synodum
2905 1106 3276 1162 Chalcedone
3309 1113 3575 1162 coactam
3595 1121 3815 1175 propu-

2163 1197 2588 1267 gnans.Magna
2614 1195 2728 1250 fuit
2765 1196 3012 1267 insuper
3032 1196 3190 1267 apud
3207 1197 3596 1267 imperatores
3613 1193 3814 1249 existi-

2165 1285 2426 1340 matione
2453 1303 2466 1352 ;
2501 1293 2559 1341 et
2589 1303 2798 1341 omnes
2830 1286 2998 1340 illum
3024 1286 3096 1340 ob
3121 1287 3412 1357 insignem
3435 1287 3815 1356 ipsiusvirtu-

2163 1379 2278 1430 tem
2322 1391 2523 1430 amore
2545 1393 2614 1431 ac
2644 1377 2868 1432 honore
2886 1376 3539 1448 prosequebantur.Sed
3561 1385 3617 1432 et
3634 1378 3815 1433 mira-

2164 1465 2434 1520 culorum
2467 1465 2711 1529 dunum,
2749 1473 2808 1521 et
2873 1467 3198 1538 prophetiae
3253 1466 3502 1538 gratiam
3561 1468 3808 1538 accepit,

2164 1553 2556 1625 praedixitque
2587 1554 2840 1627 ﬂagella,
2873 1573 3003 1626 quae
3037 1557 3190 1611 Deus
3221 1555 3294 1610 ob
3325 1563 3567 1626 peccata
3617 1563 3821 1611 nostra

2165 1644 2544 1700 immissurus
2577 1651 2916 1717 erat,eaque
2943 1646 3221 1717 precibus
3252 1647 3376 1700 suis
3407 1646 3617 1701 avertit
3639 1653 3696 1700 et
3717 1663 3812 1701 se-

2165 1731 2619 1804 davit.Cumque
2651 1735 2734 1790 ita
2761 1735 3420 1801 vixisset,obdormivit.
3451 1741 3510 1789 et
3549 1735 3819 1807 sepultus

2163 1823 2277 1879 fuit
2304 1823 2367 1878 in
2389 1825 2750 1880 monasterio
2777 1825 3160 1881 Trichenaria
3182 1824 3670 1896 appellato,quod
3693 1825 3820 1896 ipse
3889 1858 3904 1873 .

2084 1943 2133 2010 B
2167 1919 2557 1970 exstruxerat.

2809 2002 3028 2058 Eodem
3062 2003 3158 2058 die

2164 2093 2316 2150 |89
2376 2093 2664 2150 Certamen
2709 2096 2890 2149 sancti
2945 2092 3283 2148 Philemonis
3339 2096 3581 2164 episcopi
3641 2094 3818 2150 Gaza.

2911 2184 3107 2238 Deest.

2733 2274 2975 2329 EODEM
3005 2275 3256 2328 MENSE.

2684 2363 2789 2418 Die
2831 2363 3062 2419 decima
3099 2364 3310 2435 quinta

2167 2543 2322 2597 I90
2352 2543 2639 2597 Certamen
2690 2545 3026 2598 sacrosancti
3072 2545 3338 2613 martyris
3386 2543 3625 2599 Onesimi
3654 2543 3822 2598 disci-

2590 2615 2720 2684 puli
2749 2617 2926 2670 Sancti
2972 2615 3209 2685 apostoli
3237 2614 3402 2669 Pauli

2242 2703 2493 2759 Sanctus
2527 2705 3048 2760 Onesimussancti
3068 2704 3320 2777 apostoli
3358 2704 3526 2760 Pauli
3557 2704 3828 2776 discipu-

2173 2793 2288 2860 lus,
2313 2793 2682 2850 Philemonis
2707 2794 2851 2850 civis
2881 2794 3130 2850 Romani
3165 2811 3391 2861 servus,
3426 2795 3633 2850 relicto
3656 2795 3828 2864 hero,

2175 2883 2425 2938 Paulum
2448 2884 2785 2956 apostolum
2811 2890 3050 2940 secutus
3073 2891 3186 2950 est,
3219 2885 3467 2957 ejusque
3501 2884 3828 2956 discipulus

2173 2971 2387 3042 factus,
2423 2979 2482 3029 et
2510 2973 2581 3028 ab
2618 2990 2687 3028 eo
2719 2973 3067 3046 baptizatus,
3102 2974 3482 3029 ministrabat
3539 2975 3611 3029 ei.
3639 2975 3830 3039 Quare

2176 3069 2419 3118 sanctus
2449 3063 2668 3119 Paulus
2684 3064 2760 3119 ad
2779 3063 3187 3118 Philemonem
3220 3064 3545 3134 Epistolam
3569 3064 3832 3134 scripsit,

2177 3169 2393 3225 rogans
2469 3170 2605 3209 eum
2665 3171 2771 3225 pro
2823 3155 3123 3210 Onesimo.
3188 3158 3326 3208 Post
3383 3159 3636 3208 mortem
3695 3169 3833 3207 vero

2181 3242 2369 3298 sancti
2401 3243 2592 3311 Pauli,
2623 3259 2658 3299 a
2686 3243 2946 3298 Tertullo
2980 3245 3178 3299 Romae
3235 3241 3514 3314 prmfecto
3560 3257 3832 3312 compre-

408 3335 571 3391 αὐτὸν
604 3335 736 3408 ὑπὲρ
786 3334 882 3386 τοῦ
940 3327 1262 3399 Ὀνησίμου.
1311 3325 1416 3382 Καὶ
1477 3323 1612 3398 μετᾶ
1657 3322 1914 3391 τελευτὴν
1968 3325 2063 3376 τοῦ

2179 3332 2422 3399 hensus,
2481 3332 2813 3403 ductusque
2864 3333 3162 3399 Puteolos,
3214 3332 3415 3405 ﬂagris
3485 3331 3830 3404 gravissime

413 3426 573 3500 ἁγίου
635 3419 875 3489 Παύλου,
923 3417 1194 3490 ἐκρατήθη
1246 3414 1394 3490 παρᾶ
1449 3412 1764 3486 Τερτύλλου
1813 3417 1910 3467 τοῦ
1965 3418 2065 3500 τῆς

408 3499 637 3584 Ῥώμης
695 3509 971 3584 ὑπάρχου.
1057 3505 1157 3562 Καὶ
1215 3504 1404 3580 ἀχθεὶς
1457 3503 1509 3559 ἐν
1579 3501 1898 3571 Ποτιόλοις,
1977 3499 2066 3557 διὰ

413 3599 656 3680 ῥαϐδίων
714 3601 973 3656 τύπτεται
1060 3593 1330 3676 σφοδρῶς,
1387 3596 1479 3660 Ὠς
1564 3590 1621 3650 δε
1673 3593 1773 3648 οὐκ
1827 3592 2064 3648 ἐπείθετο

408 3695 746 3771 ἀρνήσασθαι
825 3693 920 3746 τὸν
1003 3688 1258 3763 Χριστὸν,
1327 3688 1415 3742 καὶ
1502 3687 1868 3761 προσκυνῆσαι
1944 3689 2062 3748 τοῖς

409 3781 700 3851 εἰδώλοις,
733 3780 880 3838 ἀλλὰ
933 3778 1068 3852 μετὰ
1097 3775 1402 3854 παρρησίας
1438 3773 1641 3850 ἔλεγεν,
1691 3777 1776 3831 δτι
1816 3775 2064 3830 Πιστεύω

402 3875 486 3937 εἰς
520 3873 788 3949 Χριστὸν,
841 3871 934 3926 τὸν
995 3870 1302 3938 ποιήσαντα
1357 3866 1448 3922 τὸν
1511 3865 1762 3942 οὐρανὸν,
1820 3865 1910 3920 καὶ
1965 3869 2063 3936 τὴν

2177 3423 2424 3479 caeditur
2457 3440 2470 3478 :
2503 3439 2760 3494 cumque
2787 3440 2822 3478 a
2851 3422 3082 3478 Christo
3127 3423 3202 3478 ad
3252 3424 3548 3477 idolorum
3602 3421 3830 3477 cultum

2177 3510 2506 3567 desciscere
2538 3512 2897 3582 nollet,quin
2928 3512 3126 3584 potius
3154 3511 3375 3566 ﬂdendi
3395 3512 3596 3567 animo
3611 3509 3836 3567 diceret

2177 3617 2239 3657 se
2265 3601 2509 3657 credere
2532 3602 2592 3656 in
2623 3603 2921 3657 Christum
2954 3602 3237 3658 factorem
3279 3602 3433 3668 cmli,
3468 3609 3527 3657 et
3555 3608 3752 3666 terrai,
3777 3606 3838 3655 et

2179 3691 2386 3756 maris,
2409 3696 2469 3746 et
2497 3691 2766 3746 omnium
2799 3708 2931 3762 qum
2967 3692 3029 3746 in
3062 3691 3146 3746 eis
3178 3697 3336 3758 sunt,
3387 3691 3460 3746 ad
3508 3692 3662 3746 iram
3694 3692 3834 3745 Ter-

2174 3781 2388 3835 tullum
2421 3782 2759 3848 concitans,
2793 3781 3059 3837 contusis
3090 3781 3371 3836 minutim
3431 3782 3726 3849 cruribus,
3759 3780 3835 3836 ad

2178 3871 2520 3934 Dominum.
2553 3887 2730 3944 quem
2758 3871 3050 3927 dilexerat
3077 3872 3370 3944 migravit.

413 3967 546 4041 γῆν,
576 3962 668 4018 καὶ
698 3962 796 4030 τήν
840 3959 1134 4028 θάλασσαν,
1161 3956 1250 4013 καὶ
1283 3955 1455 4012 πάντα
1478 3955 1545 4011 τὰ
1575 3955 1628 4010 ἐν
1651 3955 1859 4028 αὐτοῖς,
1893 3956 1969 4020 εἷς
1998 3957 2168 4030 θυμὸν
2199 3957 2416 4031 ἐκίνησε
2444 3960 2538 4016 τὸν
2563 3959 2896 4034 Τέρτυλλον,
2928 3961 3016 4016 καὶ
3053 3956 3356 4038 συντριϐεὶς
3383 3961 3452 4016 τὰ
3482 3959 3650 4032 σκὲλη
3701 3959 3841 4015 κατὰ

405 4053 636 4124 λεπτὸν,
670 4052 804 4128 πρὸς
837 4049 1058 4124 Κύριον,
1089 4048 1146 4102 ὅν
1180 4045 1386 4117 ἐπόθει,
1416 4041 1771 4119 ἐξεδήμησεν.

1009 4165 1093 4232 Τῆ
1125 4161 1260 4232 αὐτῆ
1284 4163 1470 4235 ἡμέρᾳ

518 4258 726 4330 Μνήμη
757 4259 856 4310 τοῦ
886 4253 1039 4308 ὁσίου
1071 4251 1436 4326 Παφνουτίου,
1495 4253 1584 4306 καὶ
1625 4258 1726 4322 τῆς
1786 4250 1946 4328 ἁγίας

739 4324 1092 4387 Εὐφροσύνης
1118 4331 1216 4387 τῆς
1243 4321 1538 4387 θυγατέρος
1571 4323 1755 4380 αὐτοῦ.

821 4343 1092 4403 φροσύνης
1118 4346 1216 4394 της
1243 4343 1474 4400 υ·›γατερ

1133 4414 1347 4470 Λείπει.

995 4508 1080 4576 Τῆ
1114 4503 1249 4575 αὐτῆ
1281 4505 1466 4578 ἡμέρᾳ

634 4596 900 4666 Ἀθλησις
933 4599 1028 4650 τοῦ
1061 4595 1222 4670 ἁγίου
1263 4593 1542 4669 μάρτυρος
1573 4591 1854 4669 Μαΐωρος.

485 4689 662 4751 Οὗτος
719 4684 1069 4762 ἐστρατεύετο
1119 4683 1208 4740 ἐπὶ
1282 4686 1383 4752 τῆς
1472 4682 1748 4759 βασιλείας
1831 4681 2146 4772 Διοκλη-Ι)

408 4784 622 4848 τιανοῦ,
718 4777 808 4834 καὶ
892 4775 1261 4847 Μαξιμιανοῦ.
1351 4773 1451 4828 Καὶ
1538 4773 1914 4848 διαγνωσθεὶς,
1986 4773 2069 4827 ὅτι

410 4869 738 4944 Χριστιανός
773 4867 906 4935 ἐστι,
947 4866 1243 4942 κρατηθεὶς
1292 4862 1346 4918 ἐν
1398 4865 1542 4938 Γάζῃ
1600 4870 1669 4933 τῆ
1723 4860 1884 4917 πόλει
1938 4863 2072 4933 ἠκαο

406 4961 637 5037 γκάζετο
669 4957 815 5022 θύειν
873 4961 990 5018 τοῖς
1047 4952 1329 5015 εἰδώλοις.
1387 4954 1478 5015 Ὣς
1535 4949 1593 5007 δὲ
1653 4951 1754 5007 ούκ
1804 4950 2070 5024 ἐπείθετο,

409 5049 560 5105 ἀλλά
603 5045 816 5123 μᾶλλον
854 5047 1068 5122 μεγάλῃ
1102 5065 1169 5119 τῃ
1203 5065 1360 5121 ιρωνῃ
1411 5039 1621 5119 ἔλεγεν,
1654 5043 1738 5096 ὅτι
1789 5043 1881 5113 Τῷ
1939 5042 2071 5116 Χρι-

412 5144 523 5212 στῷ
549 5159 654 5212 μου
684 5134 979 5205 πιστεύων,
1015 5136 1343 5210 καταφρονῶ
1393 5133 1501 5187 τῶν
1534 5130 1763 5208 ἀψύχων
1797 5130 2068 5200 εἰδώλων,

421 5230 497 5293 εἷς
556 5229 726 5305 ὀργήν
789 5225 1022 5282 πλείονα
1076 5223 1208 5289 τοὺς
1259 5227 1592 5299 κρατοῦντας
1644 5222 1909 5294 ἐκίνησεν.
1973 5222 2070 5279 Καὶ

410 5319 689 5383 ἆπλωθεὶς
737 5316 826 5373 ἐπὶ
874 5317 975 5386 τήν
1029 5321 1156 5391 γῆν,
1215 5313 1470 5369 τύπτεται
1521 5311 1766 5388 ἴσχυρῶς
1810 5313 1948 5367 ἅπαν
2007 5313 2070 5368 τὸ

408 5413 590 5484 σῶμα,
650 5406 742 5463 καὶ
814 5403 1211 5476 καταξαίνεται,
1289 5402 1637 5479 τριακονταὲξ
1721 5407 2066 5479 στρατιωτῶν

403 5497 760 5574 άλλαγέντων
824 5495 877 5550 ἐν
929 5498 1009 5566 τῷ
1074 5491 1368 5556 τύπτεσθαι
1453 5491 1635 5547 αὐτόν’
1708 5491 1802 5547 καὶ
1885 5491 2070 5568 ἀρθεὶς

401 5589 712 5663 ἡμιθανὴς,
774 5584 849 5648 ὠς
908 5582 1050 5658 μηδὲ
1109 5582 1384 5660 ἀνθρώπῳ
1442 5581 1721 5656 ὁμοιάζειν
1756 5581 1816 5638 ἐκ
1855 5585 1952 5638 τοῦ
1985 5583 2067 5637 αἲ-

407 5699 576 5754 ματος
633 5677 726 5733 καὶ
792 5678 902 5730 τῶν
965 5670 1220 5747 πληγῶν,
1270 5669 1464 5748 ἐρρίφη
1526 5671 1580 5725 ἐν
1666 5677 1734 5742 τῆ
1816 5670 2064 5750 φυλαλῆ,

407 5769 575 5844 μόνον
626 5765 905 5843 ἐμπνέων.
940 5761 1048 5820 Καὶ
1111 5760 1249 5837 μετὰ
1320 5759 1456 5816 ἑπτᾶ
1511 5759 1725 5838 ἡμέρας
1773 5757 2065 5835 ἐκϐληθεὶς

2823 4167 3047 4223 Eodem
3097 4167 3192 4223 die

2195 4255 2343 4311 191
2378 4257 2830 4312 Commemoratio
2855 4260 3034 4313 sancti
3066 4259 3388 4328 Paphnutii,
3421 4265 3473 4313 et
3502 4265 3704 4315 sanctae
3720 4260 3838 4315 Eu-

2671 4329 2965 4399 phrosynae
3009 4331 3126 4400 ejus
3173 4331 3326 4398 ﬁliae.

2917 4418 3115 4472 Deest.

2856 4515 3075 4570 Eodem
3109 4515 3202 4569 die

2393 4604 2547 4661 192
2585 4606 2875 4659 Certamen
2895 4607 3071 4659 sancti
3097 4607 3358 4674 martyris
3390 4607 3621 4676 Majoris

2249 4695 2363 4748 Iste
2399 4693 2748 4749 Diocletiani
2775 4700 2834 4748 et
2857 4694 3193 4749 Maximiani
3228 4695 3656 4766 imperatorum
3679 4702 3833 4752 tem-

2181 4783 2426 4855 poribus
2454 4783 2767 4838 militabat.
2794 4783 3034 4838 Delatus
3063 4786 3450 4856 autem,quod
3466 4787 3839 4844 Christianus

2187 4873 2433 4935 esset,in
2454 4873 2601 4929 urbe
2621 4874 2765 4929 Gaza
2786 4874 3252 4944 comprehensus
3284 4875 3632 4949 adigebatur
3661 4878 3838 4934 idolis

2185 4961 2498 5017 immolare
2533 4979 2545 5015 :
2581 4961 2685 5017 sed
2708 4979 2843 5016 cum
2874 4963 2946 5017 ad
2970 4963 3029 5020 id
3059 4963 3258 5019 induci
3289 4982 3409 5020 non
3440 4973 3662 5038 posset,
3696 4968 3838 5038 quia

2186 5051 2381 5125 potius
2411 5067 2627 5124 magna
2657 5068 2796 5106 voce
2853 5051 3123 5107 diceret:
3182 5053 3368 5111 Credo
3428 5057 3489 5110 in
3537 5055 3836 5111 Christum

2183 5147 2472 5209 meum,et
2500 5139 2661 5195 idola
2691 5139 2894 5196 animo
2925 5143 3192 5198 carentia
3221 5145 3643 5208 contemno,ad
3661 5145 3834 5199 vehe-

2183 5229 2543 5286 mentiorem
2575 5231 2726 5287 iram
2762 5247 2860 5286 eos
2893 5231 2994 5302 qui
3027 5231 3223 5303 ipsum
3255 5233 3835 5305 comprehenderant

2184 5320 2504 5376 concitavit
2536 5338 2548 5376 :
2585 5326 2643 5375 et
2670 5321 2837 5376 humi
2868 5327 3169 5384 extensus.
3204 5339 3239 5378 a
3291 5325 3532 5396 triginta
3557 5339 3657 5376 sex
3676 5322 3836 5377 mili-

2183 5409 2340 5465 tibus
2372 5409 2484 5465 sibi
2517 5410 2776 5466 vicissim
2805 5411 3262 5468 succedentibus
3292 5413 3634 5486 gravissime
3659 5412 3842 5467 caedi-

2178 5504 2296 5564 tur,
2329 5505 2570 5571 totoque
2630 5517 2878 5573 corpore
2928 5501 3244 5556 laceratur.
3306 5503 3452 5556 Tum
3518 5499 3833 5556 semivivus

2182 5589 2474 5657 sublatus,
2508 5590 2591 5645 ita
2621 5597 2685 5645 ut
2703 5592 2952 5664 ﬁguram
2978 5591 3238 5646 hominis
3268 5608 3388 5662 praa
3413 5591 3720 5664 sanguine,
3777 5595 3835 5645 et

2177 5679 2368 5754 plagis
2397 5679 2491 5734 vix
2523 5680 2870 5747 haberet,in
2904 5695 3204 5735 carcerem
3235 5679 3574 5735 detruditur
3601 5678 3692 5735 vix
3713 5681 3832 5752 spi-

2182 5771 2365 5826 ritum
2398 5769 2625 5827 ducens
2648 5768 2834 5827 :unde
2865 5774 2999 5841 post
3029 5774 3257 5842 septem
3280 5770 3409 5826 dies
3439 5769 3842 5842 eductus,rur—
