4132 6436
323 413 443 474 315

1629 410 2063 478 MENOLOGII
2109 413 2207 472 PA
2222 411 2310 472 BS
2354 413 2442 472 II:

3635 420 3752 478 316

329 564 551 618 susque
583 552 909 612 tortus,nec
939 548 1142 602 volens
1174 549 1473 605 Christum
1509 550 1762 620 ejurare,
1795 547 1977 618 impio

2110 549 2192 610 τῆς
2246 541 2520 620 φυλακῆς,
2581 541 2747 597 πάλιν
2804 540 3156 616 ἐτιμωρεῖτο·
3217 543 3308 598 xui
3372 545 3447 617 μὴ
3509 550 3752 613 πεισθεὶς

329 639 719 706 tyrannorum
743 638 919 707 jussu
950 636 1023 691 ad
1056 638 1469 710 prmscriptum
1501 638 1697 694 locum
1731 643 1976 706 tractus,

331 731 390 779 et
421 742 597 780 orans
629 724 955 780 decollatus
980 733 1086 781 est.

890 905 1130 960 EODEM
1162 907 1422 964 MENSE.

877 1025 980 1080 Die
1013 1024 1244 1081 decima
1272 1031 1438 1082 sexta

329 1142 481 1197 193
531 1142 811 1198 Certamen
839 1151 1153 1200 sanctorum
1188 1152 1498 1214 martyrum
1529 1144 1814 1215 Pamphili,
1875 1144 1987 1200 Va-

873 1215 1056 1285 lentis,
1081 1223 1132 1271 et
1157 1220 1446 1272 sociorum.

403 1319 504 1374 Isti
538 1320 884 1376 Cbristianaa
919 1321 1054 1376 fidei
1090 1339 1288 1388 causa,
1336 1327 1499 1378 sexto
1553 1319 1988 1393 persecutionis

333 1409 501 1481 impii
536 1411 884 1467 Diocletiani
921 1413 1299 1483 imperatoris
1321 1429 1498 1475 anno,
1533 1428 1666 1474 cum
1701 1427 1768 1466 ex
1800 1410 1988 1464 diver-

336 1499 417 1552 sis
450 1499 808 1564 civitatibus,
869 1501 1161 1555 institutis
1211 1506 1269 1555 et
1327 1499 1714 1572 dignitatibus
1768 1502 1988 1563 essent,

334 1588 494 1643 hunc
529 1591 587 1644 in
621 1591 864 1646 modum
882 1591 1296 1662 comprehensi
1312 1597 1470 1646 sunt.
1500 1591 1642 1646 Cum
1665 1591 1992 1644 Caesaream

336 1680 919 1751 peterent.urbisque
945 1681 1511 1752 portamingressuri
1537 1685 1992 1750 essent,aporta3

336 1768 684 1824 custodibus
718 1771 1336 1841 interrogati,quinam
1368 1775 1587 1830 essent.
1616 1775 1674 1824 et
1704 1769 1876 1839 cujus
1907 1767 1991 1822 rei

332 1858 520 1928 gratia
548 1859 840 1925 venirent,
865 1861 1111 1914 mentiri
1146 1861 1501 1922 nescientes,
1528 1859 1896 1914 Christianos
1927 1873 1990 1912 se

334 1962 482 2012 esse,
518 1953 576 2002 et
621 1949 870 2019 patriam
910 1966 971 2004 se
1003 1949 1222 2004 habere
1255 1966 1576 2020 supernam
1633 1947 1984 2016 Jerusalem,

333 2036 789 2106 responderunt.
840 2039 1044 2093 Statim
1105 2040 1305 2110 itaque
1355 2038 1608 2093 vinculis
1656 2037 1984 2103 constricti,

332 2125 676 2181 Firmiliano
710 2129 985 2198 praatecto
1013 2129 1347 2184 traduntur.
1382 2130 1450 2183 Et
1482 2134 1721 2184 sanctus
1744 2127 1986 2198 quidem

333 2216 512 2278 Elias,
545 2219 852 2280 Jeremias,
887 2220 1092 2284 Isaias,
1151 2221 1409 2286 Samuel,
1469 2225 1527 2273 et
1586 2217 1813 2284 Daniel,
1857 2221 1991 2288 post

335 2306 554 2361 multos
574 2309 891 2371 cruciatus,
927 2309 1205 2364 decollati
1240 2315 1398 2364 sunt.
1431 2309 1986 2380 Pampbiusautem,

335 2402 391 2449 et
423 2397 746 2459 Seleucius.
782 2405 840 2453 et
873 2399 1108 2465 Valens,
1145 2404 1202 2453 et
1242 2399 1480 2464 Paulus,
1535 2397 1818 2452 custodiae
1866 2397 1988 2469 pri-
2035 2439 2040 2442 .

332 2503 495 2540 mum
522 2488 741 2557 traditi,
775 2488 1015 2544 demum
1055 2495 1114 2544 et
1143 2489 1254 2560 ipsi
1279 2487 1470 2560 capite
1502 2487 1660 2560 plexi
1693 2492 1851 2543 sunt.

991 2758 1211 2814 Eodem
1239 2757 1336 2813 die

333 2849 490 2905 194
543 2849 851 2904 Certamen
905 2856 1218 2904 sanctorum
1274 2854 1585 2915 martyrum
1664 2843 1986 2916 Porphyrii,

839 2921 1077 2981 Iuliani.
1103 2928 1152 2975 et
1188 2920 1478 2975 Theoduli.

403 3011 504 3066 Isti
537 3027 772 3082 quoque
806 3012 996 3066 sancti
1031 3011 1176 3066 socii
1223 3011 1388 3065 fuere
1448 3013 1792 3064 sanctorum
1824 3007 1987 3061 Pam-

329 3099 478 3170 phii,
513 3106 571 3154 et
619 3100 904 3167 Valentis,
957 3106 1015 3156 et
1054 3099 1444 3170 reliquorum.
1499 3099 1570 3151 Et
1627 3095 1991 3167 Porphyrius

333 3189 574 3259 quidem
591 3191 776 3244 sancti
802 3189 1072 3260 Pamphii
1098 3205 1298 3244 servus
1316 3204 1449 3243 cum
1468 3187 1692 3241 domini
1708 3185 1992 3254 reliquias

335 3285 630 3348 quaereret
681 3285 749 3333 ut
778 3296 878 3335 eas
901 3279 1202 3351 sepeliret,
1255 3277 1742 3348 comprehensus.
1774 3275 1834 3329 in
1867 3291 1993 3330 suc-
2023 3286 2066 3351 ρ

334 3385 575 3424 censam
598 3369 898 3441 ingentem
934 3370 1233 3424 fornacem
1267 3369 1542 3438 injectus,
1575 3366 1750 3420 vitam
1778 3364 1986 3419 finivit.

332 3459 492 3514 Idem
527 3465 766 3514 sanctus
796 3460 1065 3515 Julianus
1114 3459 1256 3514 dum
1315 3462 1659 3512 sanctorum
1705 3453 1990 3524 reliquias

331 3549 722 3617 oscularetur,
755 3556 1085 3620 correptus,
1117 3548 1488 3618 vinctusque,
1514 3547 1576 3600 in
1599 3545 1903 3600 fornacem
1935 3548 1993 3597 et

332 3639 459 3710 ipse
495 3639 800 3694 immissus
832 3644 946 3701 est,
978 3639 1179 3709 ibique
1203 3637 1422 3710 gratias
1477 3651 1657 3707 agens
1688 3635 1828 3700 Deo,
1862 3631 1991 3687 ani-

333 3745 492 3782 mam
525 3728 788 3784 tradidit.
823 3729 1071 3783 Sanctus
1099 3743 1235 3781 vero
1267 3725 1606 3780 Theodulus
1635 3741 1770 3778 cum
1802 3723 1992 3778 socio-

335 3834 467 3870 rum
501 3817 797 3872 desiderio
830 3818 1402 3889 lugeret.oraretque
1435 3817 1713 3880 Deum,ut
1732 3811 1994 3867 acerbis-

340 3907 550 3962 simam
611 3907 1088 3977 persecutionem
1122 3906 1182 3959 in
1219 3921 1416 3960 servos
1457 3920 1595 3958 suos
1636 3907 1995 3958 commotam

339 3994 1458 4066 sedaret,deprehensus,retentusque,
1476 3993 1736 4064 primum
1753 3989 1995 4061 quidem

339 4085 743 4140 acerbissimis
803 4084 1118 4139 tormentis
1177 4083 1591 4138 excruciatur:
1652 4079 1868 4135 deinde
1934 4079 1995 4133 in

341 4190 575 4230 crucem
611 4173 808 4229 nudus
839 4172 1254 4246 agitur,longis
1287 4171 1465 4226 clavis
1493 4169 1784 4226 ferreisin
1802 4167 1994 4223 mani-

342 4263 452 4318 bus
494 4263 863 4334 pedibusque
918 4264 1213 4318 conﬁxis:
1249 4267 1426 4332 atque
1481 4260 1564 4315 ita
1616 4275 1752 4314 cum
1809 4257 1998 4314 multa

342 4356 664 4428 gratiarum
696 4357 927 4411 actione
962 4353 1240 4427 spiritum
1269 4351 1529 4408 tradidit.

983 4537 1208 4595 Eodem
1265 4536 1362 4591 die

341 4721 493 4777 I95
530 4719 794 4776 Collectio
853 4725 903 4773 et
961 4718 1409 4786 commemoratio
1468 4714 2002 4786 reliquiarum_san-

415 4799 625 4848 ctorum
653 4797 962 4860 martyrum
995 4791 1054 4844 in
1082 4790 1214 4844 urbe
1261 4784 1651 4857 Martyropoli,
1713 4789 1762 4838 et
1812 4784 2003 4838 Maru-

417 4864 522 4918 thaz
553 4863 816 4933 episcopi.

415 4953 713 5008 Maruthas
731 4952 1142 5007 sanctissimus
1160 4950 1476 5021 episcopus
1491 4963 1525 5001 a
1543 4943 1873 5000 Theodosio
1887 4958 2008 4996 ma-

343 5060 457 5118 gno
482 5045 893 5099 Romanorum
919 5043 1277 5112 imperatore
1309 5038 1381 5093 ad
1435 5049 1634 5108 regem
1686 5035 2004 5086 Persarum

345 5136 596 5207 legatus,
635 5137 692 5187 et
715 5131 1135 5204 apocrisiarius
1148 5129 1388 5193 missus,
1412 5124 1740 5180 honoriﬁce
1761 5139 1792 5178 a
1811 5121 2010 5176 Persis

347 5225 420 5281 ob
455 5239 799 5294 eam.quam
833 5221 906 5276 de
933 5220 1094 5274 illius
1117 5219 1330 5272 virtute
1353 5215 1675 5281 habebant,
1706 5212 2007 5267 existima-

345 5315 574 5369 tionem
613 5317 895 5383 exceptus
950 5315 1076 5376 est;
1111 5306 1440 5379 praesertim
1479 5321 1613 5358 vero
1647 5301 1806 5373 quod
1855 5301 2011 5372 regis

349 5404 540 5459 ﬁliam
593 5419 626 5457 a
682 5401 952 5456 dmmone
1002 5413 1349 5469 Oppressam
1398 5393 1674 5465 precibus
1723 5396 2009 5446 curasset.

350 5496 622 5562 Cumque
646 5491 734 5546 illi
760 5491 1062 5559 ingentem
1094 5490 1221 5541 auri
1255 5499 1550 5540 summam
1583 5484 2014 5537 offerrentnon

354 5583 517 5639 aliud
548 5584 801 5638 Sanctus
837 5579 1234 5651 petiit,quam,
1277 5581 1344 5629 ut
1366 5574 1648 5644 reliquias
1665 5579 2014 5644 martyrum,

358 5673 456 5742 qui
490 5673 548 5724 in
583 5671 823 5726 Perside
869 5669 1026 5740 passi
1058 5668 1314 5728 fuerant,
1349 5664 1604 5728 tolleret,
1642 5668 1699 5719 et
1734 5663 1794 5716 in
1828 5677 2016 5716 unum

354 5761 556 5816 locum
585 5762 912 5832 colligeret.
925 5764 1240 5816 Annuente
1270 5763 1586 5816 Persarum
1617 5771 1775 5828 rege,
1807 5753 2017 5810 urbem

2033 4661 2080 4728 D

2083 632 2422 705 ἀρνήσασθαι
2449 631 2540 685 τὸν
2587 632 2842 704 Χριστὸν,
2894 636 2976 703 τῷ
3028 629 3172 704 ἀθέῳ
3225 636 3609 710 προστάγματι
3639 643 3749 694 τῶν

2077 722 2380 795 τυράννων,
2413 721 2605 796 ἀχθεὶς
2666 719 2742 782 είς
2792 722 2882 774 τὸν
2919 719 3210 784 ὁρισθέντα
3267 723 3458 795 τόπον,
3492 727 3581 780 καὶ
3614 749 3748 803 προ-

2091 812 2443 884 σευξάμενος,
2477 809 2910 888 άπεκεφαλίσθη.

2652 929 2833 986 MUNl
2872 931 2958 1006 Τῼ
3001 933 3196 1007 ΔΥΤῼ.

2898 1045 2966 1113 Ιζ’

2084 1162 2352 1234 Ἀθλησις
2382 1167 2490 1219 τῶν
2526 1164 2714 1256 ἁγίων.
2750 1163 3040 1256 μαρτύρθων
3103 1166 3380 1256 Παμῗίου,
3415 1167 3751 1244 Οὐάλεντος,

2526 1236 2759 1306 καὶτῆς
2811 1236 3064 1302 συνοδίας
3119 1236 3320 1298 αὐτῶν.

2166 1359 2334 1417 Οὗτοι
2369 1362 2689 1436 Χριστιανοὶ
2750 1358 2901 1425 ὅντες
2961 1363 3334 1439 ἐκρατήθησαν
3382 1365 3432 1420 ἐν
3495 1371 3573 1438 τῷ
3603 1363 3745 1439 ἕκτῳ

2097 1442 2202 1502 ἔτει
2233 1453 2334 1503 τοῦ
2366 1449 2502 1503 κατὰ
2561 1449 2956 1519 Διοκλητιανὸν
3012 1453 3104 1507 τὸν
3163 1455 3479 1528 παράνομον
3519 1454 3746 1527 βασιλέα

2099 1534 2373 1612 διωγμοῦ,
2416 1537 2473 1594 ἐκ
2506 1535 2780 1617 διασύρων
2818 1540 3156 1616 ὑπάρχοντες
3216 1541 3456 1611 πόλεων,
3488 1543 3578 1597 καὶ
3627 1543 3750 1598 ἐπι-

2095 1625 2479 1700 τηδευμάτων,
2513 1628 2601 1682 καὶ
2631 1628 2978 1702 ἀξιωμάτων⁹
3015 1628 3390 1706 ἐκρατήθησαν
3435 1629 3494 1685 δὲ
3552 1631 3747 1693 οὕτως’

2097 1718 2379 1793 Ἤρχοντο
2438 1719 2574 1794 πρὸς
2626 1719 2984 1794 Καισάρειαν,
3051 1721 3141 1774 καὶ
3209 1720 3298 1774 ὅτε
3357 1719 3597 1794 ἔμελλον
3655 1721 3756 1785 τὰς

2099 1808 2276 1870 πύλας
2316 1815 2416 1871 τῆς
2475 1807 2694 1870 πόλεως
2745 1806 3030 1877 εἰσελθεῖν,
3063 1811 3433 1884 ἡρωτήθησαν
3468 1809 3615 1886 παρὰ
3641 1814 3749 1864 τῶν

2023 1918 2066 1981 Β
2101 1896 2483 1976 φυλαττόντων
2539 1899 2634 1961 τὰς
2691 1897 2890 1963 πύλας,
2951 1899 3034 1953 ὅτι
3085 1900 3244 1963 Τίνες
3287 1898 3424 1964 ἐστὲ,
3484 1900 3573 1954 xui
3615 1899 3751 1954 κατὰ

2099 1987 2256 2042 ποίαν
2290 1988 2480 2062 χρείαν
2517 1985 2798 2057 εἶσήλθετε
2829 1984 2936 2042 ὦδε
2970 2009 2984 2056 ;
3016 1989 3085 2045 Oi
3117 1986 3174 2042 δὲ
3227 1986 3516 2061 ψεύδεσθαι
3564 1990 3637 2061 μὴ
3673 1987 3748 2043 εί-

2097 2074 2271 2145 δότες,
2306 2076 2666 2151 Χριστιανοὺς
2719 2077 2944 2138 ἑαυτοὺς
3003 2077 3362 2145 ἀπεκάλεσαν,
3395 2080 3483 2133 καὶ
3515 2076 3749 2151 πατρίδα

2096 2166 2246 2221 εἶπον
2277 2167 2377 2235 τὴν
2410 2165 2521 2221 ἄνω
2580 2165 2726 2241 ἔχειν
2783 2165 3168 2241 Ἰερουσαλήμ.
3223 2168 3325 2224 Καὶ
3387 2167 3585 2230 εὐθέως
3645 2165 3741 2222 δε-

2098 2258 2413 2330 σμευθέντες
2499 2255 2745 2326 ἁλύσεσι,
2825 2253 3204 2332 παρεδόθησαν
3261 2257 3616 2332 Φιρμιλιανῷ
3671 2261 3750 2328 τῷ

2098 2345 2348 2418 ἄρχοντι.
2385 2345 2479 2400 Καὶ
2516 2346 2543 2398 6
2578 2346 2674 2417 μὶν
2743 2345 2902 2418 ἅγιος
2945 2345 3136 2407 Ἠλίας
3189 2345 3280 2400 σὺν
3341 2346 3579 2418 Ἱερεμίᾳ
3657 2345 3748 2400 καὶ

2095 2433 2423 2506 Ἠσα“ίᾳ,γαὶ
2458 2434 2747 2508 Σαμουὴλ,
2776 2437 2863 2490 καὶ
2909 2433 3138 2505 Δανιὴλ,
3193 2435 3327 2509 μετὰ
3384 2434 3601 2499 πολλὰς
3657 2438 3752 2499 τὰς

2094 2523 2390 2600 τιμωρίας,
2474 2525 3003 2601 ἆπεκεφαλίσθησαν·
3083 2526 3110 2580 6
3170 2523 3227 2580 δὲ
3311 2527 3586 2604 Πάμφιος,
3659 2525 3749 2580 καὶ

2100 2612 2370 2676 Σέλευκος
2394 2615 2480 2669 xui
2511 2613 2761 2682 Οὐάλης,
2795 2613 2884 2668 καὶ
2921 2613 3133 2676 Παῦλος
3168 2615 3244 2678 εἷς
3274 2613 3522 2688 φυλακὴν
3539 2610 3752 2688 ἐμϐλη·

2098 2705 2277 2768 θέντες
2310 2708 2551 2779 πρῶτον,
2578 2702 2798 2778 ὕστερον
2831 2704 2919 2758 xui
2952 2705 3108 2758 αὐτοὶ
3140 2703 3675 2783 ἀπεκεφαλίσθησαν,

2665 2794 2749 2866 Τῇ
2805 2791 2941 2867 αὖτῇ
2991 2795 3178 2867 ἡμέρᾳ

2097 2881 2371 2954 Ἀθλησις
2402 2886 2509 2938 τῶν
2546 2883 2712 2959 ἁγίων
2749 2881 3386 2960 μαρτύρων-Πορφυρίου
3415 2884 3740 2953 Ἰουλιανοῦ,

2704 2953 2794 3009 καὶ
2830 2953 3166 3012 Θεοδούλουξ

2172 3053 2274 3112 Καὶ
2307 3054 2459 3108 οὗτοι
2492 3053 2543 3107 οἱ
2577 3054 2719 3128 ἅγιοι
2751 3051 2810 3108 έκ
2859 3060 2961 3122 τῆς
3017 3053 3275 3122 τοιαύτης
3331 3057 3465 3123 ἦσαν
3501 3053 3753 3121 συνοδίας

2099 3148 2208 3199 τῶν
2241 3143 2412 3218 ἁγίων
2448 3142 2724 3219 Παμφίου,
2758 3143 2846 3198 καὶ
2884 3143 3219 3210 Οὐάλεντος,
3252 3146 3339 3198 καὶ
3373 3149 3480 3198 τῶν
3515 3143 3749 3199 λοιπῶνο

2103 3233 2192 3288 καὶ
2254 3235 2281 3288 6
2346 3233 2439 3306 μὶν
2505 3233 2661 3308 ἅγιος
2723 3233 3032 3310 Πορφύριος
3095 3231 3290 3295 δοῦλος
3337 3234 3598 3308 ὑπάρχων
3652 3238 3748 3288 τοῦ

2106 3324 2262 3399 ἁγίου
2297 3322 2574 3396 Παμφίου,
2629 3323 2717 3377 καὶ
2750 3321 3024 3392 ἐπιζητῶν
3055 3324 3117 3378 τὸ
3155 3322 3407 3396 λείψανον
3435 3327 3531 3376 τοῦ
3561 3322 3749 3398 κυρίου

2100 3411 2284 3480 αὐτοῦ,
2317 3417 2424 3468 ποῦ
2483 3411 2700 3489 ἐρρίφη,
2757 3410 2848 3467 ’ίνα
2903 3413 3044 3486 θάψῃ
3095 3413 3250 3476 αὐτὸ,
3311 3413 3602 3487 ἐκρατήθη,
3662 3413 3752 3468 καὶ

2100 3503 2426 3580 ἀναφθείσης
2484 3518 2719 3575 καμινου
2773 3500 3038 3578 μεγάλης,
3101 3497 3371 3572 ἐνεϐλήθη
3433 3501 3508 3562 είς
3560 3501 3754 3573 αὐτὴν,

2099 3594 2190 3649 καὶ
2248 3591 2615 3664 ἐτελεύτησεν.
2670 3593 2913 3665 Ὁμοίως
2982 3594 3072 3647 καὶ
3127 3595 3154 3648 6
3237 3594 3390 3668 ἅγιος
3455 3592 3758 3655 Ἰουλιανὸς

2102 3683 2416 3759 καταφιλῶν
2500 3683 2568 3737 τὰ
2626 3680 2856 3755 λείψανα
2919 3687 3028 3737 τῶν
3100 3681 3290 3758 ἁγίων,
3358 3682 3613 3752 ἐπιάσθη,
3667 3682 3760 3737 καὶ

2106 3769 2278 3835 δεθεὶς
2313 3766 2584 3842 ἐνεϐλήθη
2616 3771 2702 3826 xui
2729 3769 2890 3833 αὐτὸς
2950 3771 3024 3834 εἲς
3079 3773 3178 3840 τὴν
3230 3771 3486 3844 κάμινον·
3522 3773 3611 3826 xui
3670 3773 3758 3827 εὐ-

2104 3862 2379 3936 χαριστῶν
2413 3865 2490 3933 τῷ
2522 3865 2659 3933 Θεῷ,
2694 3858 2975 3934 παρέδωκε
3003 3862 3102 3930 τὴν
3135 3864 3340 3936 ψυχήν.
3371 3864 3429 3919 'O
3488 3859 3545 3916 δέ
3601 3861 3760 3935 ἅγιος

2105 3949 2407 4012 Θεόδουλος
2440 3952 2656 4026 θρηνῶν
2678 3951 2777 4018 τήν
2811 3950 3059 4026 στέρησιν
3113 3958 3214 4020 τῆς
3270 3948 3520 4012 συνοδίας
3568 3950 3756 4022 αὐτοῦ,

2104 4041 2191 4096 καὶ
2224 4041 2315 4095 τὸν
2350 4040 2480 4095 Θεὸν
2512 4037 2865 4115 παρακαλῶν,
2913 4040 3006 4094 ἳνα
3044 4039 3224 4114 παύσῃ
3283 4041 3311 4095 6
3371 4039 3567 4112 πικρὸς
3625 4037 3756 4094 διω-

2105 4131 2267 4208 γμὸς,
2301 4131 2329 4185 6
2359 4128 2495 4184 κατὰ
2522 4132 2629 4183 τῶν
2661 4126 2874 4183 δούλων
2925 4128 3089 4184 αὐτοῦ
3133 4129 3395 4200 κινηθεὶς,
3433 4127 3760 4206 διεγνώσθη.

2111 4219 2221 4278 Καὶ
2280 4219 2591 4294 κρατηθεὶς,
2651 4223 2871 4292 πρῶτον
2951 4219 3049 4292 μὲν
3109 4219 3430 4294 ἐτιμωρήθη
3493 4219 3763 4295 ἰσχυρῶς.

2108 4309 2292 4365 ἔπειτα
2320 4308 2407 4364 ἐπὶ
2455 4312 2687 4383 σταυροῦ
2718 4309 2942 4383 γυμνὸς,
2992 4309 3340 4383 κρεμασθεὶς,
3395 4311 3483 4364 xui
3531 4314 3763 4383 μακροῖς

2111 4398 2360 4474 σιδηροῖς
2390 4397 2554 4468 ἥλοις
2582 4399 2774 4473 χεῖρας
2833 4399 2924 4453 xui
2981 4395 3154 4463 πόδας
3205 4399 3568 4470 καθηλωθεῖς,
3626 4398 3762 4471 μετὰ

2111 4489 2334 4559 πολλῆς
2367 4488 2720 4565 εὐχαριστίας
2750 4485 3037 4564 παρέδωκε
3061 4490 3122 4544 τὸ
3156 4493 3389 4563 πνεῦμα.

2693 4610 2776 4681 Τῇ
2821 4606 2959 4680 αὐτῇ
3011 4608 3044 4676 ἡ
3057 4627 3194 4682 μερᾳ

2114 4700 2471 4771 Συνάθροισις
2554 4699 2668 4771 καὶ,
2731 4699 2925 4771 μνήμη
2986 4701 3093 4771 τῶν
3174 4697 3225 4752 έν
3336 4695 3765 4771 Μαρτυροπόλει

2186 4767 2478 4846 λειψάνων,
2511 4775 2619 4825 τῶν
2649 4767 2817 4846 ἁγίων
2853 4767 3168 4843 μαρτύρων,
3226 4771 3313 4824 καὶ
3376 4767 3636 4845 Μαρουθᾶ
3669 4774 3766 4824 τοῦ

2183 4841 2508 4899 ἐπισκόπου.

2189 4935 2483 5009 Μαρουθᾶς
2541 4933 2568 4986 6
2619 4931 2925 5004 ἁγιώτατος
2987 4930 3286 4993 ἐπίσκοπος
3336 4929 3432 4999 ὢν,
3489 4930 3766 5001 ἀπεστάλη

2117 5025 2264 5101 παρᾶ
2317 5026 2417 5078 τοῦ
2481 5019 2726 5096 μεγάλου
2807 5019 3101 5075 Θεοδοσίου
3161 5018 3432 5096 βασιλέως
3485 5021 3773 5093 Ῥωμαίων

2119 5109 2475 5191 πρεσϐευτὴς,
2552 5112 2638 5166 xui
2701 5110 3093 5186 άποκρισάριος
3151 5111 3286 5184 πρὸς
3369 5112 3460 5166 τὸν
3547 5111 3780 5188 βασιλέα

2121 5209 2361 5280 Περσῶν,
2423 5203 2521 5258 Διὰ
2583 5199 2640 5256 δὲ
2687 5203 2787 5269 τὴν
2841 5202 3035 5276 ἀρετὴν
3068 5202 3231 5257 αὐτοῦ
3292 5201 3555 5276 ἐτίμησαν
3615 5203 3776 5259 αὐτὸν

2125 5297 2178 5352 οἱ
2234 5297 2460 5370 Πέρσαι,
2516 5292 2605 5347 xui
2671 5289 3015 5361 ὑπεδέξαντο,
3074 5293 3163 5347 καὶ
3227 5292 3488 5366 μάλιστα,
3535 5294 3620 5347 ὅτι
3678 5295 3780 5363 τὴν

2123 5389 2219 5440 τοῦ
2256 5381 2524 5460 βασιλέως
2559 5382 2824 5456 θυγατέρα
2860 5378 3094 5452 δαίμονα
3147 5377 3400 5456 ἔχουσαν,
3428 5380 3517 5435 διὰ
3547 5403 3782 5455 προσευ-

2129 5483 2235 5550 χῆς
2293 5473 2634 5548 ἐθεράπευσε·
2697 5472 2786 5526 καὶ
2848 5468 3076 5525 πολλῶν
3139 5472 3446 5546 χρημάτων
3477 5468 3786 5544 διδομένων

2131 5566 2300 5635 αὐτῷ,
2356 5562 2515 5622 αὐτὸς
2548 5558 2688 5615 ἄλλο
2749 5556 2902 5612 οὐδὲν
2962 5557 3228 5633 ᾐτήσατο,
3264 5560 3307 5615 εἰ
3367 5562 3442 5634 μὴ
3478 5557 3667 5616 λαϐεῖν
3722 5563 3789 5616 τὰ

2128 5653 2358 5728 λείψανα
2382 5656 2488 5706 τῶν
2524 5651 2572 5704 ἐν
2602 5653 2669 5724 τῇ
2703 5646 2928 5723 ΙΙερσίδι
2963 5649 3278 5724 μαρτύρων,
3339 5651 3428 5705 καὶ
3482 5652 3652 5707 θεῖναι
3712 5651 3790 5713 εἷς

2126 5741 2220 5800 ’ένα
2269 5743 2459 5800 τόπον.
2524 5739 2628 5799 Καὶ
2712 5736 2987 5794 ἐπένευσεν
3037 5739 3072 5793 6
3119 5742 3352 5817 Πέρσης.
3411 5741 3553 5798 Τότε
3615 5737 3791 5796 ἔκτισε
