  <div class='ocr_page' id='page_1' title='image "/cluster/home/n/w/nwhite01/storage/ocr_20150623/117/coo.31924054870211/169.png"; bbox 0 0 4132 6448; ppageno 0'>
   <div class='ocr_carea' id='block_1_1' title="bbox 299 377 416 438">
    <p class='ocr_par' dir='ltr' id='par_1_1' title="bbox 299 377 416 438">
     <span class='ocr_line' id='line_1_1' title="bbox 299 377 416 438; baseline 0 -1"><span class='ocrx_word' id='word_1_1' title='bbox 299 377 416 438; x_wconf 84' lang='grc'><strong>319</strong></span> 
     </span>
    </p>
   </div>
   <div class='ocr_carea' id='block_1_2' title="bbox 1629 376 2430 438">
    <p class='ocr_par' dir='ltr' id='par_1_2' title="bbox 1629 376 2430 438">
     <span class='ocr_line' id='line_1_2' title="bbox 1629 376 2430 438; baseline -0.001 -1"><span class='ocrx_word' id='word_1_2' title='bbox 1629 379 1683 437; x_wconf 83' lang='grc' dir='ltr'><strong>Μ</strong></span> <span class='ocrx_word' id='word_1_3' title='bbox 1690 377 2056 438; x_wconf 85' lang='lat' dir='ltr'>ENOLOGII</span> <span class='ocrx_word' id='word_1_4' title='bbox 2101 376 2304 437; x_wconf 78' lang='lat' dir='ltr'>PARS</span> <span class='ocrx_word' id='word_1_5' title='bbox 2347 380 2430 438; x_wconf 90' lang='lat' dir='ltr'>II.</span> 
     </span>
    </p>
   </div>
   <div class='ocr_carea' id='block_1_3' title="bbox 3614 381 3734 442">
    <p class='ocr_par' dir='ltr' id='par_1_3' title="bbox 3614 381 3734 442">
     <span class='ocr_line' id='line_1_3' title="bbox 3614 381 3734 442; baseline 0.017 -2"><span class='ocrx_word' id='word_1_6' title='bbox 3614 381 3734 442; x_wconf 77' lang='grc'>320</span> 
     </span>
    </p>
   </div>
   <div class='ocr_carea' id='block_1_4' title="bbox 307 505 1963 587">
    <p class='ocr_par' dir='ltr' id='par_1_4' title="bbox 307 511 1955 584">
     <span class='ocr_line' id='line_1_4' title="bbox 307 511 1955 584; baseline 0.001 -20"><span class='ocrx_word' id='word_1_7' title='bbox 307 515 426 574; x_wconf 89' lang='lat' dir='ltr'>tus,</span> <span class='ocrx_word' id='word_1_8' title='bbox 464 516 522 566; x_wconf 90' lang='lat' dir='ltr'>et</span> <span class='ocrx_word' id='word_1_9' title='bbox 550 512 795 567; x_wconf 83' lang='lat' dir='ltr'>verbum</span> <span class='ocrx_word' id='word_1_10' title='bbox 819 513 1078 568; x_wconf 78' lang='lat' dir='ltr'>veritatis</span> <span class='ocrx_word' id='word_1_11' title='bbox 1096 512 1168 567; x_wconf 90' lang='lat' dir='ltr'>ab</span> <span class='ocrx_word' id='word_1_12' title='bbox 1201 529 1268 568; x_wconf 93' lang='lat' dir='ltr'>eo</span> <span class='ocrx_word' id='word_1_13' title='bbox 1303 513 1570 580; x_wconf 89' lang='lat' dir='ltr'>edoctus,</span> <span class='ocrx_word' id='word_1_14' title='bbox 1603 517 1779 584; x_wconf 87' lang='lat' dir='ltr'>atque</span> <span class='ocrx_word' id='word_1_15' title='bbox 1810 511 1955 583; x_wconf 88' lang='lat' dir='ltr'>bap-</span> 
     </span>
    </p>
   </div>
   <div class='ocr_carea' id='block_1_5' title="bbox 2079 505 3726 587">
    <p class='ocr_par' dir='ltr' id='par_1_5' title="bbox 2079 505 3726 587">
     <span class='ocr_line' id='line_1_5' title="bbox 2079 505 3726 587; baseline 0.002 -21"><span class='ocrx_word' id='word_1_16' title='bbox 2079 509 2280 583; x_wconf 82' lang='grc' dir='ltr'>Μάρκῳ</span> <span class='ocrx_word' id='word_1_17' title='bbox 2310 509 2398 564; x_wconf 83' lang='grc' dir='ltr'>καὶ</span> <span class='ocrx_word' id='word_1_18' title='bbox 2449 507 2834 584; x_wconf 77' lang='grc' dir='ltr'>εὐαγγελιστῇ,</span> <span class='ocrx_word' id='word_1_19' title='bbox 2889 509 2979 563; x_wconf 85' lang='grc' dir='ltr'>καὶ</span> <span class='ocrx_word' id='word_1_20' title='bbox 3039 505 3322 584; x_wconf 79' lang='grc' dir='ltr'>διδαχθεὶς</span> <span class='ocrx_word' id='word_1_21' title='bbox 3371 513 3502 587; x_wconf 84' lang='grc' dir='ltr'>παρ’</span> <span class='ocrx_word' id='word_1_22' title='bbox 3559 511 3726 569; x_wconf 76' lang='grc' dir='ltr'>αὐτοῦ</span> 
     </span>
    </p>
   </div>
   <div class='ocr_carea' id='block_1_6' title="bbox 311 605 1955 678">
    <p class='ocr_par' dir='ltr' id='par_1_6' title="bbox 311 605 1955 678">
     <span class='ocr_line' id='line_1_6' title="bbox 311 605 1955 678; baseline 0.001 -22"><span class='ocrx_word' id='word_1_23' title='bbox 311 605 538 669; x_wconf 88' lang='lat' dir='ltr'>tizatus,</span> <span class='ocrx_word' id='word_1_24' title='bbox 574 605 860 660; x_wconf 87' lang='lat' dir='ltr'>diaconus</span> <span class='ocrx_word' id='word_1_25' title='bbox 889 606 1168 675; x_wconf 86' lang='lat' dir='ltr'>primum,</span> <span class='ocrx_word' id='word_1_26' title='bbox 1229 606 1444 660; x_wconf 88' lang='lat' dir='ltr'>deinde</span> <span class='ocrx_word' id='word_1_27' title='bbox 1496 606 1824 678; x_wconf 79' lang='lat' dir='ltr'>presbyter,</span> <span class='ocrx_word' id='word_1_28' title='bbox 1856 605 1955 659; x_wconf 86' lang='lat' dir='ltr'>de-</span> 
     </span>
    </p>
   </div>
   <div class='ocr_carea' id='block_1_7' title="bbox 308 697 1953 769">
    <p class='ocr_par' dir='ltr' id='par_1_7' title="bbox 308 697 1953 769">
     <span class='ocr_line' id='line_1_7' title="bbox 308 697 1953 769; baseline 0 -19"><span class='ocrx_word' id='word_1_29' title='bbox 308 712 473 750; x_wconf 89' lang='lat' dir='ltr'>mum</span> <span class='ocrx_word' id='word_1_30' title='bbox 509 697 802 750; x_wconf 87' lang='lat' dir='ltr'>Soliorum</span> <span class='ocrx_word' id='word_1_31' title='bbox 835 698 893 750; x_wconf 90' lang='lat' dir='ltr'>in</span> <span class='ocrx_word' id='word_1_32' title='bbox 926 698 1112 768; x_wconf 86' lang='lat' dir='ltr'>Cypro</span> <span class='ocrx_word' id='word_1_33' title='bbox 1147 698 1459 769; x_wconf 89' lang='lat' dir='ltr'>episcopus</span> <span class='ocrx_word' id='word_1_34' title='bbox 1491 699 1801 753; x_wconf 83' lang='lat' dir='ltr'>ordinatus</span> <span class='ocrx_word' id='word_1_35' title='bbox 1846 702 1953 752; x_wconf 85' lang='lat' dir='ltr'>est.</span> 
     </span>
    </p>
   </div>
   <div class='ocr_carea' id='block_1_8' title="bbox 304 785 1956 858">
    <p class='ocr_par' dir='ltr' id='par_1_8' title="bbox 304 785 1956 858">
     <span class='ocr_line' id='line_1_8' title="bbox 304 785 1956 858; baseline 0.002 -22"><span class='ocrx_word' id='word_1_36' title='bbox 304 785 488 854; x_wconf 86' lang='lat' dir='ltr'>Igitur</span> <span class='ocrx_word' id='word_1_37' title='bbox 517 785 658 838; x_wconf 91' lang='lat' dir='ltr'>illuc</span> <span class='ocrx_word' id='word_1_38' title='bbox 690 785 1010 855; x_wconf 84' lang='lat' dir='ltr'>profectus,</span> <span class='ocrx_word' id='word_1_39' title='bbox 1037 793 1093 840; x_wconf 91' lang='lat' dir='ltr'>et</span> <span class='ocrx_word' id='word_1_40' title='bbox 1124 787 1438 842; x_wconf 85' lang='lat' dir='ltr'>ecclesiam</span> <span class='ocrx_word' id='word_1_41' title='bbox 1470 787 1956 858; x_wconf 89' lang='lat' dir='ltr'>suscipiens.non</span> 
     </span>
    </p>
   </div>
   <div class='ocr_carea' id='block_1_9' title="bbox 304 875 1957 946">
    <p class='ocr_par' dir='ltr' id='par_1_9' title="bbox 304 875 1957 946">
     <span class='ocr_line' id='line_1_9' title="bbox 304 875 1957 946; baseline 0 -18"><span class='ocrx_word' id='word_1_42' title='bbox 304 875 550 934; x_wconf 83' lang='lat' dir='ltr'>mensis.</span> <span class='ocrx_word' id='word_1_43' title='bbox 579 881 636 928; x_wconf 92' lang='lat' dir='ltr'>et</span> <span class='ocrx_word' id='word_1_44' title='bbox 667 875 1092 945; x_wconf 79' lang='lat' dir='ltr'>voluptatibus,</span> <span class='ocrx_word' id='word_1_45' title='bbox 1130 883 1196 931; x_wconf 91' lang='lat' dir='ltr'>ut</span> <span class='ocrx_word' id='word_1_46' title='bbox 1225 877 1499 932; x_wconf 87' lang='lat' dir='ltr'>nonnulli</span> <span class='ocrx_word' id='word_1_47' title='bbox 1531 877 1777 940; x_wconf 87' lang='lat' dir='ltr'>faciunt,</span> <span class='ocrx_word' id='word_1_48' title='bbox 1799 877 1957 946; x_wconf 81' lang='lat' dir='ltr'>seip-</span> 
     </span>
    </p>
   </div>
   <div class='ocr_carea' id='block_1_10' title="bbox 306 962 1957 1037">
    <p class='ocr_par' dir='ltr' id='par_1_10' title="bbox 306 962 1957 1037">
     <span class='ocr_line' id='line_1_10' title="bbox 306 962 1957 1037; baseline 0.001 -19"><span class='ocrx_word' id='word_1_49' title='bbox 306 979 436 1018; x_wconf 89' lang='lat' dir='ltr'>sum</span> <span class='ocrx_word' id='word_1_50' title='bbox 466 962 694 1018; x_wconf 83' lang='lat' dir='ltr'>addixit</span> <span class='ocrx_word' id='word_1_51' title='bbox 736 1005 750 1029; x_wconf 96' lang='lat'>,</span> <span class='ocrx_word' id='word_1_52' title='bbox 781 965 884 1020; x_wconf 90' lang='lat' dir='ltr'>sed</span> <span class='ocrx_word' id='word_1_53' title='bbox 917 966 1156 1037; x_wconf 82' lang='lat' dir='ltr'>vigiliis,</span> <span class='ocrx_word' id='word_1_54' title='bbox 1210 967 1599 1034; x_wconf 84' lang='lat' dir='ltr'>orationibus,</span> <span class='ocrx_word' id='word_1_55' title='bbox 1635 965 1802 1021; x_wconf 89' lang='lat' dir='ltr'>humi</span> <span class='ocrx_word' id='word_1_56' title='bbox 1855 982 1957 1020; x_wconf 90' lang='lat' dir='ltr'>cu-</span> 
     </span>
    </p>
   </div>
   <div class='ocr_carea' id='block_1_11' title="bbox 306 1052 1954 1127">
    <p class='ocr_par' dir='ltr' id='par_1_11' title="bbox 306 1052 1954 1127">
     <span class='ocr_line' id='line_1_11' title="bbox 306 1052 1954 1127; baseline 0.002 -21"><span class='ocrx_word' id='word_1_57' title='bbox 306 1052 670 1120; x_wconf 88' lang='lat' dir='ltr'>bationibus,</span> <span class='ocrx_word' id='word_1_58' title='bbox 695 1060 754 1108; x_wconf 90' lang='lat' dir='ltr'>et</span> <span class='ocrx_word' id='word_1_59' title='bbox 775 1055 1050 1125; x_wconf 89' lang='lat' dir='ltr'>jejuniis,</span> <span class='ocrx_word' id='word_1_60' title='bbox 1084 1057 1268 1111; x_wconf 91' lang='lat' dir='ltr'>Deum</span> <span class='ocrx_word' id='word_1_61' title='bbox 1300 1064 1473 1112; x_wconf 91' lang='lat' dir='ltr'>nocte</span> <span class='ocrx_word' id='word_1_62' title='bbox 1499 1057 1715 1127; x_wconf 89' lang='lat' dir='ltr'>dieque</span> <span class='ocrx_word' id='word_1_63' title='bbox 1755 1071 1954 1119; x_wconf 85' lang='lat' dir='ltr'>orans,</span> 
     </span>
    </p>
   </div>
   <div class='ocr_carea' id='block_1_12' title="bbox 303 1143 1957 1217">
    <p class='ocr_par' dir='ltr' id='par_1_12' title="bbox 303 1143 1957 1217">
     <span class='ocr_line' id='line_1_12' title="bbox 303 1143 1957 1217; baseline 0.001 -21"><span class='ocrx_word' id='word_1_64' title='bbox 303 1147 369 1196; x_wconf 92' lang='lat' dir='ltr'>ut</span> <span class='ocrx_word' id='word_1_65' title='bbox 397 1143 603 1212; x_wconf 88' lang='lat' dir='ltr'>populi</span> <span class='ocrx_word' id='word_1_66' title='bbox 638 1145 726 1197; x_wconf 85' lang='lat' dir='ltr'>sui</span> <span class='ocrx_word' id='word_1_67' title='bbox 762 1146 1064 1212; x_wconf 76' lang='lat' dir='ltr'>misertus,</span> <span class='ocrx_word' id='word_1_68' title='bbox 1097 1147 1576 1217; x_wconf 77' lang='lat' dir='ltr'>persecutionem</span> <span class='ocrx_word' id='word_1_69' title='bbox 1607 1163 1641 1201; x_wconf 90' lang='lat' dir='ltr'>a</span> <span class='ocrx_word' id='word_1_70' title='bbox 1688 1144 1957 1216; x_wconf 83' lang='lat' dir='ltr'>tyrannis</span> 
     </span>
    </p>
   </div>
   <div class='ocr_carea' id='block_1_13' title="bbox 308 1230 1957 1304">
    <p class='ocr_par' dir='ltr' id='par_1_13' title="bbox 308 1230 1957 1304">
     <span class='ocr_line' id='line_1_13' title="bbox 308 1230 1957 1304; baseline 0.002 -19"><span class='ocrx_word' id='word_1_71' title='bbox 308 1230 591 1286; x_wconf 84' lang='lat' dir='ltr'>adversus</span> <span class='ocrx_word' id='word_1_72' title='bbox 647 1233 1019 1289; x_wconf 89' lang='lat' dir='ltr'>Christianos</span> <span class='ocrx_word' id='word_1_73' title='bbox 1062 1237 1418 1290; x_wconf 81' lang='lat' dir='ltr'>concitatam</span> <span class='ocrx_word' id='word_1_74' title='bbox 1479 1234 1732 1300; x_wconf 77' lang='lat' dir='ltr'>sedaret,</span> <span class='ocrx_word' id='word_1_75' title='bbox 1775 1241 1957 1304; x_wconf 88' lang='lat' dir='ltr'>utque</span> 
     </span>
    </p>
   </div>
   <div class='ocr_carea' id='block_1_14' title="bbox 309 1323 1955 1396">
    <p class='ocr_par' dir='ltr' id='par_1_14' title="bbox 309 1323 1955 1396">
     <span class='ocr_line' id='line_1_14' title="bbox 309 1323 1955 1396; baseline 0.002 -23"><span class='ocrx_word' id='word_1_76' title='bbox 309 1335 517 1374; x_wconf 88' lang='lat' dir='ltr'>omnes</span> <span class='ocrx_word' id='word_1_77' title='bbox 549 1327 772 1375; x_wconf 88' lang='lat' dir='ltr'>rectam</span> <span class='ocrx_word' id='word_1_78' title='bbox 806 1323 982 1377; x_wconf 82' lang='lat' dir='ltr'>ﬁdem</span> <span class='ocrx_word' id='word_1_79' title='bbox 1015 1331 1464 1396; x_wconf 82' lang='lat' dir='ltr'>cognoscerent,</span> <span class='ocrx_word' id='word_1_80' title='bbox 1501 1332 1560 1379; x_wconf 88' lang='lat' dir='ltr'>et</span> <span class='ocrx_word' id='word_1_81' title='bbox 1588 1325 1955 1396; x_wconf 85' lang='lat' dir='ltr'>impietatem</span> 
     </span>
    </p>
   </div>
   <div class='ocr_carea' id='block_1_15' title="bbox 307 1415 1960 1489">
    <p class='ocr_par' dir='ltr' id='par_1_15' title="bbox 307 1415 1960 1489">
     <span class='ocr_line' id='line_1_15' title="bbox 307 1415 1960 1489; baseline 0.002 -22"><span class='ocrx_word' id='word_1_82' title='bbox 307 1415 691 1484; x_wconf 78' lang='lat' dir='ltr'>abnegarent.</span> <span class='ocrx_word' id='word_1_83' title='bbox 738 1415 869 1469; x_wconf 67' lang='lat' dir='ltr'>HEBC</span> <span class='ocrx_word' id='word_1_84' title='bbox 901 1416 1145 1480; x_wconf 84' lang='lat' dir='ltr'>faciens,</span> <span class='ocrx_word' id='word_1_85' title='bbox 1182 1418 1522 1489; x_wconf 90' lang='lat' dir='ltr'>multosque</span> <span class='ocrx_word' id='word_1_86' title='bbox 1554 1417 1626 1472; x_wconf 93' lang='lat' dir='ltr'>ad</span> <span class='ocrx_word' id='word_1_87' title='bbox 1659 1418 1842 1471; x_wconf 89' lang='lat' dir='ltr'>Deum</span> <span class='ocrx_word' id='word_1_88' title='bbox 1875 1417 1960 1470; x_wconf 84' lang='lat' dir='ltr'>vi-</span> 
     </span>
    </p>
   </div>
   <div class='ocr_carea' id='block_1_16' title="bbox 303 1504 1958 1577">
    <p class='ocr_par' dir='ltr' id='par_1_16' title="bbox 303 1504 1958 1577">
     <span class='ocr_line' id='line_1_16' title="bbox 303 1504 1958 1577; baseline 0.002 -22"><span class='ocrx_word' id='word_1_89' title='bbox 303 1519 441 1556; x_wconf 87' lang='lat' dir='ltr'>vum</span> <span class='ocrx_word' id='word_1_90' title='bbox 474 1509 851 1570; x_wconf 86' lang='lat' dir='ltr'>convertens,</span> <span class='ocrx_word' id='word_1_91' title='bbox 886 1505 1218 1560; x_wconf 86' lang='lat' dir='ltr'>innumeris</span> <span class='ocrx_word' id='word_1_92' title='bbox 1250 1507 1499 1577; x_wconf 86' lang='lat' dir='ltr'>patratis</span> <span class='ocrx_word' id='word_1_93' title='bbox 1539 1505 1864 1567; x_wconf 87' lang='lat' dir='ltr'>miraculis,</span> <span class='ocrx_word' id='word_1_94' title='bbox 1898 1504 1958 1559; x_wconf 90' lang='lat' dir='ltr'>in</span> 
     </span>
    </p>
   </div>
   <div class='ocr_carea' id='block_1_17' title="bbox 303 1593 1958 1668">
    <p class='ocr_par' dir='ltr' id='par_1_17' title="bbox 303 1593 1958 1668">
     <span class='ocr_line' id='line_1_17' title="bbox 303 1593 1958 1668; baseline 0.002 -22"><span class='ocrx_word' id='word_1_95' title='bbox 303 1608 449 1664; x_wconf 90' lang='lat' dir='ltr'>pace</span> <span class='ocrx_word' id='word_1_96' title='bbox 481 1593 552 1647; x_wconf 89' lang='lat' dir='ltr'>ad</span> <span class='ocrx_word' id='word_1_97' title='bbox 587 1594 770 1648; x_wconf 91' lang='lat' dir='ltr'>Deum</span> <span class='ocrx_word' id='word_1_98' title='bbox 802 1595 1091 1667; x_wconf 78' lang='lat' dir='ltr'>migravit,</span> <span class='ocrx_word' id='word_1_99' title='bbox 1120 1597 1385 1668; x_wconf 86' lang='lat' dir='ltr'>gaudens</span> <span class='ocrx_word' id='word_1_100' title='bbox 1418 1598 1479 1652; x_wconf 90' lang='lat' dir='ltr'>in</span> <span class='ocrx_word' id='word_1_101' title='bbox 1511 1603 1801 1652; x_wconf 60' lang='lat' dir='ltr'>internum</span> <span class='ocrx_word' id='word_1_102' title='bbox 1823 1610 1958 1650; x_wconf 89' lang='lat' dir='ltr'>cum</span> 
     </span>
    </p>
   </div>
   <div class='ocr_carea' id='block_1_18' title="bbox 303 1682 809 1738">
    <p class='ocr_par' dir='ltr' id='par_1_18' title="bbox 303 1682 809 1738">
     <span class='ocr_line' id='line_1_18' title="bbox 303 1682 809 1738; baseline 0.004 -3"><span class='ocrx_word' id='word_1_103' title='bbox 303 1682 535 1736; x_wconf 68' lang='lat' dir='ltr'>caeteris</span> <span class='ocrx_word' id='word_1_104' title='bbox 570 1683 809 1738; x_wconf 87' lang='lat' dir='ltr'>sanctis.</span> 
     </span>
    </p>
   </div>
   <div class='ocr_carea' id='block_1_19' title="bbox 949 1955 1313 2011">
    <p class='ocr_par' dir='ltr' id='par_1_19' title="bbox 949 1955 1313 2011">
     <span class='ocr_line' id='line_1_19' title="bbox 949 1955 1313 2011; baseline 0.005 -2"><span class='ocrx_word' id='word_1_105' title='bbox 949 1955 1171 2010; x_wconf 90' lang='lat' dir='ltr'>Eodem</span> <span class='ocrx_word' id='word_1_106' title='bbox 1215 1957 1313 2011; x_wconf 90' lang='lat' dir='ltr'>die</span> 
     </span>
    </p>
   </div>
   <div class='ocr_carea' id='block_1_20' title="bbox 309 2040 1958 2103">
    <p class='ocr_par' dir='ltr' id='par_1_20' title="bbox 309 2040 1958 2103">
     <span class='ocr_line' id='line_1_20' title="bbox 309 2040 1958 2103; baseline 0.005 -9"><span class='ocrx_word' id='word_1_107' title='bbox 309 2040 462 2095; x_wconf 78' lang='lat' dir='ltr'>I99</span> <span class='ocrx_word' id='word_1_108' title='bbox 506 2042 956 2099; x_wconf 85' lang='lat' dir='ltr'>Commemoratio</span> <span class='ocrx_word' id='word_1_109' title='bbox 1012 2049 1189 2101; x_wconf 81' lang='lat' dir='ltr'>sancti</span> <span class='ocrx_word' id='word_1_110' title='bbox 1241 2049 1428 2102; x_wconf 84' lang='lat' dir='ltr'>Patris</span> <span class='ocrx_word' id='word_1_111' title='bbox 1483 2049 1660 2103; x_wconf 80' lang='lat' dir='ltr'>nostri</span> <span class='ocrx_word' id='word_1_112' title='bbox 1701 2049 1958 2103; x_wconf 77' lang='lat' dir='ltr'>Flaviani</span> 
     </span>
    </p>
   </div>
   <div class='ocr_carea' id='block_1_21' title="bbox 591 2115 1667 2189">
    <p class='ocr_par' dir='ltr' id='par_1_21' title="bbox 591 2115 1667 2189">
     <span class='ocr_line' id='line_1_21' title="bbox 591 2115 1667 2189; baseline 0.007 -21"><span class='ocrx_word' id='word_1_113' title='bbox 591 2115 997 2187; x_wconf 80' lang='lat' dir='ltr'>archiepiscopi</span> <span class='ocrx_word' id='word_1_114' title='bbox 1044 2118 1667 2189; x_wconf 84' lang='lat' dir='ltr'>Constantinopolitani.</span> 
     </span>
    </p>
   </div>
   <div class='ocr_carea' id='block_1_22' title="bbox 374 2202 1960 2267">
    <p class='ocr_par' dir='ltr' id='par_1_22' title="bbox 374 2202 1960 2267">
     <span class='ocr_line' id='line_1_22' title="bbox 374 2202 1960 2267; baseline 0.008 -12"><span class='ocrx_word' id='word_1_115' title='bbox 374 2202 623 2257; x_wconf 87' lang='lat' dir='ltr'>Sanctus</span> <span class='ocrx_word' id='word_1_116' title='bbox 655 2205 828 2259; x_wconf 89' lang='lat' dir='ltr'>Pater</span> <span class='ocrx_word' id='word_1_117' title='bbox 857 2211 1061 2261; x_wconf 89' lang='lat' dir='ltr'>noster</span> <span class='ocrx_word' id='word_1_118' title='bbox 1091 2207 1406 2264; x_wconf 86' lang='lat' dir='ltr'>Flavianus</span> <span class='ocrx_word' id='word_1_119' title='bbox 1437 2217 1656 2266; x_wconf 63' lang='lat' dir='ltr'>sancta)</span> <span class='ocrx_word' id='word_1_120' title='bbox 1678 2211 1960 2267; x_wconf 87' lang='lat' dir='ltr'>Constan-</span> 
     </span>
    </p>
   </div>
   <div class='ocr_carea' id='block_1_23' title="bbox 305 2292 1958 2375">
    <p class='ocr_par' dir='ltr' id='par_1_23' title="bbox 305 2292 1958 2375">
     <span class='ocr_line' id='line_1_23' title="bbox 305 2292 1958 2375; baseline 0.008 -32"><span class='ocrx_word' id='word_1_121' title='bbox 305 2292 714 2375; x_wconf 68' lang='lat' dir='ltr'>tinopolitanae</span> <span class='ocrx_word' id='word_1_122' title='bbox 747 2297 1013 2352; x_wconf 71' lang='lat' dir='ltr'>ecclesia:-</span> <span class='ocrx_word' id='word_1_123' title='bbox 1046 2298 1376 2370; x_wconf 84' lang='lat' dir='ltr'>presbyter,</span> <span class='ocrx_word' id='word_1_124' title='bbox 1409 2301 1482 2355; x_wconf 91' lang='lat' dir='ltr'>ob</span> <span class='ocrx_word' id='word_1_125' title='bbox 1514 2302 1810 2375; x_wconf 90' lang='lat' dir='ltr'>insignem</span> <span class='ocrx_word' id='word_1_126' title='bbox 1829 2304 1958 2357; x_wconf 62' lang='lat' dir='ltr'>vitae</span> 
     </span>
    </p>
   </div>
   <div class='ocr_carea' id='block_1_24' title="bbox 306 2370 1958 2458">
    <p class='ocr_par' dir='ltr' id='par_1_24' title="bbox 306 2370 1958 2458">
     <span class='ocr_line' id='line_1_24' title="bbox 306 2370 1958 2458; baseline 0.007 -25"><span class='ocrx_word' id='word_1_127' title='bbox 306 2370 729 2450; x_wconf 78' lang='lat' dir='ltr'>integritatem,</span> <span class='ocrx_word' id='word_1_128' title='bbox 766 2384 884 2438; x_wconf 89' lang='lat' dir='ltr'>Deo</span> <span class='ocrx_word' id='word_1_129' title='bbox 916 2385 1178 2453; x_wconf 87' lang='lat' dir='ltr'>volente,</span> <span class='ocrx_word' id='word_1_130' title='bbox 1211 2387 1589 2458; x_wconf 86' lang='lat' dir='ltr'>imperatoris</span> <span class='ocrx_word' id='word_1_131' title='bbox 1621 2396 1680 2444; x_wconf 91' lang='lat' dir='ltr'>et</span> <span class='ocrx_word' id='word_1_132' title='bbox 1718 2395 1958 2445; x_wconf 88' lang='lat' dir='ltr'>senatus</span> 
     </span>
    </p>
   </div>
   <div class='ocr_carea' id='block_1_25' title="bbox 309 2468 1957 2546">
    <p class='ocr_par' dir='ltr' id='par_1_25' title="bbox 309 2468 1957 2546">
     <span class='ocr_line' id='line_1_25' title="bbox 309 2468 1957 2546; baseline 0.009 -26"><span class='ocrx_word' id='word_1_133' title='bbox 309 2468 611 2539; x_wconf 71' lang='lat' dir='ltr'>suffragio,</span> <span class='ocrx_word' id='word_1_134' title='bbox 645 2471 912 2540; x_wconf 81' lang='lat' dir='ltr'>ejusdem</span> <span class='ocrx_word' id='word_1_135' title='bbox 945 2474 1210 2530; x_wconf 73' lang='lat' dir='ltr'>ecclesias</span> <span class='ocrx_word' id='word_1_136' title='bbox 1243 2477 1580 2546; x_wconf 88' lang='lat' dir='ltr'>patriarcha</span> <span class='ocrx_word' id='word_1_137' title='bbox 1626 2479 1957 2536; x_wconf 81' lang='lat' dir='ltr'>ordinatur.</span> 
     </span>
    </p>
   </div>
   <div class='ocr_carea' id='block_1_26' title="bbox 309 2557 1956 2641">
    <p class='ocr_par' dir='ltr' id='par_1_26' title="bbox 309 2557 1956 2641">
     <span class='ocr_line' id='line_1_26' title="bbox 309 2557 1956 2641; baseline 0.01 -32"><span class='ocrx_word' id='word_1_138' title='bbox 309 2557 418 2620; x_wconf 90' lang='lat' dir='ltr'>Qui</span> <span class='ocrx_word' id='word_1_139' title='bbox 451 2575 586 2614; x_wconf 91' lang='lat' dir='ltr'>cum</span> <span class='ocrx_word' id='word_1_140' title='bbox 618 2560 910 2616; x_wconf 86' lang='lat' dir='ltr'>creditum</span> <span class='ocrx_word' id='word_1_141' title='bbox 945 2563 1057 2618; x_wconf 91' lang='lat' dir='ltr'>sibi</span> <span class='ocrx_word' id='word_1_142' title='bbox 1105 2581 1342 2638; x_wconf 77' lang='lat' dir='ltr'>gregem</span> <span class='ocrx_word' id='word_1_143' title='bbox 1395 2569 1618 2639; x_wconf 91' lang='lat' dir='ltr'>optime</span> <span class='ocrx_word' id='word_1_144' title='bbox 1668 2576 1956 2641; x_wconf 89' lang='lat' dir='ltr'>pasceret,</span> 
     </span>
    </p>
   </div>
   <div class='ocr_carea' id='block_1_27' title="bbox 311 2645 1956 2729">
    <p class='ocr_par' dir='ltr' id='par_1_27' title="bbox 311 2645 1956 2729">
     <span class='ocr_line' id='line_1_27' title="bbox 311 2645 1956 2729; baseline 0.012 -32"><span class='ocrx_word' id='word_1_145' title='bbox 311 2645 718 2718; x_wconf 85' lang='lat' dir='ltr'>pOpulumque</span> <span class='ocrx_word' id='word_1_146' title='bbox 748 2649 1067 2708; x_wconf 89' lang='lat' dir='ltr'>virtutibus</span> <span class='ocrx_word' id='word_1_147' title='bbox 1097 2653 1454 2722; x_wconf 90' lang='lat' dir='ltr'>institueret,</span> <span class='ocrx_word' id='word_1_148' title='bbox 1490 2657 1591 2711; x_wconf 91' lang='lat' dir='ltr'>Dei</span> <span class='ocrx_word' id='word_1_149' title='bbox 1643 2660 1956 2729; x_wconf 88' lang='lat' dir='ltr'>permissu,</span> 
     </span>
    </p>
   </div>
   <div class='ocr_carea' id='block_1_28' title="bbox 313 2732 1960 2818">
    <p class='ocr_par' dir='ltr' id='par_1_28' title="bbox 313 2732 1960 2818">
     <span class='ocr_line' id='line_1_28' title="bbox 313 2732 1960 2818; baseline 0.012 -32"><span class='ocrx_word' id='word_1_150' title='bbox 313 2732 384 2787; x_wconf 91' lang='lat' dir='ltr'>ab</span> <span class='ocrx_word' id='word_1_151' title='bbox 419 2734 696 2791; x_wconf 71' lang='lat' dir='ltr'>haeretico</span> <span class='ocrx_word' id='word_1_152' title='bbox 729 2739 1008 2795; x_wconf 91' lang='lat' dir='ltr'>Dioscoro</span> <span class='ocrx_word' id='word_1_153' title='bbox 1047 2741 1295 2813; x_wconf 85' lang='lat' dir='ltr'>ejusque</span> <span class='ocrx_word' id='word_1_154' title='bbox 1346 2745 1590 2801; x_wconf 88' lang='lat' dir='ltr'>asseclis</span> <span class='ocrx_word' id='word_1_155' title='bbox 1621 2747 1960 2818; x_wconf 90' lang='lat' dir='ltr'>deponitur,</span> 
     </span>
    </p>
   </div>
   <div class='ocr_carea' id='block_1_29' title="bbox 310 2825 1963 2901">
    <p class='ocr_par' dir='ltr' id='par_1_29' title="bbox 310 2825 1963 2901">
     <span class='ocr_line' id='line_1_29' title="bbox 310 2825 1963 2901; baseline 0.012 -26"><span class='ocrx_word' id='word_1_156' title='bbox 310 2838 444 2877; x_wconf 90' lang='lat' dir='ltr'>cum</span> <span class='ocrx_word' id='word_1_157' title='bbox 467 2825 932 2894; x_wconf 86' lang='lat' dir='ltr'>patriarchatum</span> <span class='ocrx_word' id='word_1_158' title='bbox 948 2832 1240 2887; x_wconf 79' lang='lat' dir='ltr'>tenuisset</span> <span class='ocrx_word' id='word_1_159' title='bbox 1263 2850 1486 2889; x_wconf 90' lang='lat' dir='ltr'>annum</span> <span class='ocrx_word' id='word_1_160' title='bbox 1506 2844 1780 2901; x_wconf 87' lang='lat' dir='ltr'>unum,et</span> <span class='ocrx_word' id='word_1_161' title='bbox 1801 2857 1963 2895; x_wconf 90' lang='lat' dir='ltr'>men-</span> 
     </span>
    </p>
   </div>
   <div class='ocr_carea' id='block_1_30' title="bbox 311 2909 1963 2993">
    <p class='ocr_par' dir='ltr' id='par_1_30' title="bbox 311 2909 1963 2993">
     <span class='ocr_line' id='line_1_30' title="bbox 311 2909 1963 2993; baseline 0.013 -31"><span class='ocrx_word' id='word_1_162' title='bbox 311 2926 405 2963; x_wconf 91' lang='lat' dir='ltr'>ses</span> <span class='ocrx_word' id='word_1_163' title='bbox 433 2909 679 2980; x_wconf 89' lang='lat' dir='ltr'>decem;</span> <span class='ocrx_word' id='word_1_164' title='bbox 714 2923 891 2986; x_wconf 91' lang='lat' dir='ltr'>atque</span> <span class='ocrx_word' id='word_1_165' title='bbox 925 2918 985 2972; x_wconf 92' lang='lat' dir='ltr'>in</span> <span class='ocrx_word' id='word_1_166' title='bbox 1018 2920 1292 2976; x_wconf 84' lang='lat' dir='ltr'>exsilium</span> <span class='ocrx_word' id='word_1_167' title='bbox 1325 2923 1716 2993; x_wconf 83' lang='lat' dir='ltr'>ejiciturzubi</span> <span class='ocrx_word' id='word_1_168' title='bbox 1744 2928 1963 2984; x_wconf 87' lang='lat' dir='ltr'>multas</span> 
     </span>
    </p>
   </div>
   <div class='ocr_carea' id='block_1_31' title="bbox 308 2998 1963 3091">
    <p class='ocr_par' dir='ltr' id='par_1_31' title="bbox 308 2998 1963 3091">
     <span class='ocr_line' id='line_1_31' title="bbox 308 2998 1963 3091; baseline 0.013 -39"><span class='ocrx_word' id='word_1_169' title='bbox 308 2998 610 3073; x_wconf 89' lang='lat' dir='ltr'>diversasq</span> <span class='ocrx_word' id='word_1_170' title='bbox 623 3020 690 3058; x_wconf 92' lang='lat' dir='ltr'>ue</span> <span class='ocrx_word' id='word_1_171' title='bbox 723 3022 1020 3062; x_wconf 74' lang='lat' dir='ltr'>aerumnas</span> <span class='ocrx_word' id='word_1_172' title='bbox 1039 3026 1145 3078; x_wconf 92' lang='lat' dir='ltr'>pro</span> <span class='ocrx_word' id='word_1_173' title='bbox 1163 3011 1489 3069; x_wconf 83' lang='lat' dir='ltr'>orthodoxa</span> <span class='ocrx_word' id='word_1_174' title='bbox 1503 3014 1619 3070; x_wconf 82' lang='lat' dir='ltr'>ﬁde</span> <span class='ocrx_word' id='word_1_175' title='bbox 1634 3017 1963 3091; x_wconf 84' lang='lat' dir='ltr'>perferens,</span> 
     </span>
    </p>
   </div>
   <div class='ocr_carea' id='block_1_32' title="bbox 311 3087 1962 3168">
    <p class='ocr_par' dir='ltr' id='par_1_32' title="bbox 311 3087 1962 3168">
     <span class='ocr_line' id='line_1_32' title="bbox 311 3087 1962 3168; baseline 0.013 -27"><span class='ocrx_word' id='word_1_176' title='bbox 311 3093 368 3142; x_wconf 91' lang='lat' dir='ltr'>et</span> <span class='ocrx_word' id='word_1_177' title='bbox 396 3087 573 3157; x_wconf 84' lang='lat' dir='ltr'>fame,</span> <span class='ocrx_word' id='word_1_178' title='bbox 609 3092 726 3160; x_wconf 88' lang='lat' dir='ltr'>siti,</span> <span class='ocrx_word' id='word_1_179' title='bbox 761 3094 1215 3166; x_wconf 90' lang='lat' dir='ltr'>innumerisque</span> <span class='ocrx_word' id='word_1_180' title='bbox 1233 3099 1409 3154; x_wconf 87' lang='lat' dir='ltr'>malis</span> <span class='ocrx_word' id='word_1_181' title='bbox 1423 3107 1826 3168; x_wconf 87' lang='lat' dir='ltr'>vexatus,cum</span> <span class='ocrx_word' id='word_1_182' title='bbox 1843 3123 1962 3162; x_wconf 91' lang='lat' dir='ltr'>non</span> 
     </span>
    </p>
   </div>
   <div class='ocr_carea' id='block_1_33' title="bbox 1985 1870 2037 1936">
    <p class='ocr_par' dir='ltr' id='par_1_33' title="bbox 1985 1870 2037 1936">
     <span class='ocr_line' id='line_1_33' title="bbox 1985 1870 2037 1936; baseline 0 0"><span class='ocrx_word' id='word_1_183' title='bbox 1985 1870 2037 1936; x_wconf 93' lang='lat' dir='ltr'>B</span> 
     </span>
    </p>
   </div>
   <div class='ocr_carea' id='block_1_34' title="bbox 2074 592 3724 674">
    <p class='ocr_par' dir='ltr' id='par_1_34' title="bbox 2074 592 3724 674">
     <span class='ocr_line' id='line_1_34' title="bbox 2074 592 3724 674; baseline 0.001 -22"><span class='ocrx_word' id='word_1_184' title='bbox 2074 599 2164 652; x_wconf 90' lang='grc' dir='ltr'>τὸν</span> <span class='ocrx_word' id='word_1_185' title='bbox 2201 598 2366 672; x_wconf 88' lang='grc' dir='ltr'>λόγον</span> <span class='ocrx_word' id='word_1_186' title='bbox 2399 600 2498 666; x_wconf 68' lang='grc' dir='ltr'>τῆς</span> <span class='ocrx_word' id='word_1_187' title='bbox 2526 598 2806 667; x_wconf 85' lang='grc' dir='ltr'>ἀληθείας,</span> <span class='ocrx_word' id='word_1_188' title='bbox 2836 592 3134 668; x_wconf 76' lang='grc' dir='ltr'>ἐϐαπτίσθη</span> <span class='ocrx_word' id='word_1_189' title='bbox 3177 600 3270 652; x_wconf 80' lang='grc' dir='ltr'>καὶ</span> <span class='ocrx_word' id='word_1_190' title='bbox 3329 598 3724 674; x_wconf 71' lang='grc' dir='ltr'>ἐχειροτονήθη</span> 
     </span>
    </p>
   </div>
   <div class='ocr_carea' id='block_1_35' title="bbox 2076 685 3727 763">
    <p class='ocr_par' dir='ltr' id='par_1_35' title="bbox 2076 685 3727 763">
     <span class='ocr_line' id='line_1_35' title="bbox 2076 685 3727 763; baseline 0.002 -20"><span class='ocrx_word' id='word_1_191' title='bbox 2076 687 2345 749; x_wconf 81' lang='grc' dir='ltr'>διάκονος”</span> <span class='ocrx_word' id='word_1_192' title='bbox 2381 691 2496 743; x_wconf 84' lang='grc' dir='ltr'>εἶτα</span> <span class='ocrx_word' id='word_1_193' title='bbox 2526 685 2918 763; x_wconf 74' lang='grc' dir='ltr'>πρεσϐύτερος,</span> <span class='ocrx_word' id='word_1_194' title='bbox 2980 689 3065 742; x_wconf 82' lang='grc' dir='ltr'>καὶ</span> <span class='ocrx_word' id='word_1_195' title='bbox 3129 690 3263 760; x_wconf 79' lang='grc' dir='ltr'>μετὰ</span> <span class='ocrx_word' id='word_1_196' title='bbox 3320 694 3482 744; x_wconf 81' lang='grc' dir='ltr'>τοῦτο</span> <span class='ocrx_word' id='word_1_197' title='bbox 3511 691 3727 746; x_wconf 86' lang='grc' dir='ltr'>ἐπίσκο-</span> 
     </span>
    </p>
   </div>
   <div class='ocr_carea' id='block_1_36' title="bbox 2078 777 3728 851">
    <p class='ocr_par' dir='ltr' id='par_1_36' title="bbox 2078 777 3728 851">
     <span class='ocr_line' id='line_1_36' title="bbox 2078 777 3728 851; baseline 0.002 -19"><span class='ocrx_word' id='word_1_198' title='bbox 2078 800 2181 840; x_wconf 81' lang='grc' dir='ltr'>πος</span> <span class='ocrx_word' id='word_1_199' title='bbox 2215 777 2429 833; x_wconf 85' lang='grc' dir='ltr'>Σολίων</span> <span class='ocrx_word' id='word_1_200' title='bbox 2457 782 2557 842; x_wconf 84' lang='grc' dir='ltr'>τῆς</span> <span class='ocrx_word' id='word_1_201' title='bbox 2589 777 2805 839; x_wconf 88' lang='grc' dir='ltr'>πόλεως</span> <span class='ocrx_word' id='word_1_202' title='bbox 2839 778 3078 851; x_wconf 81' lang='grc' dir='ltr'>Κύπρου·</span> <span class='ocrx_word' id='word_1_203' title='bbox 3131 777 3274 831; x_wconf 76' lang='grc' dir='ltr'>ὅπου</span> <span class='ocrx_word' id='word_1_204' title='bbox 3330 778 3420 833; x_wconf 83' lang='grc' dir='ltr'>καὶ</span> <span class='ocrx_word' id='word_1_205' title='bbox 3474 779 3728 844; x_wconf 84' lang='grc' dir='ltr'>ἀπελθὼν</span> 
     </span>
    </p>
   </div>
   <div class='ocr_carea' id='block_1_37' title="bbox 2073 863 3733 944">
    <p class='ocr_par' dir='ltr' id='par_1_37' title="bbox 2073 863 3733 944">
     <span class='ocr_line' id='line_1_37' title="bbox 2073 863 3733 944; baseline 0.001 -22"><span class='ocrx_word' id='word_1_206' title='bbox 2073 868 2163 922; x_wconf 87' lang='grc' dir='ltr'>καὶ</span> <span class='ocrx_word' id='word_1_207' title='bbox 2213 869 2312 935; x_wconf 81' lang='grc' dir='ltr'>τήν</span> <span class='ocrx_word' id='word_1_208' title='bbox 2374 865 2664 938; x_wconf 79' lang='grc' dir='ltr'>ἐκκλησίαν</span> <span class='ocrx_word' id='word_1_209' title='bbox 2723 863 3084 941; x_wconf 74' lang='grc' dir='ltr'>παραλαϐὼν,</span> <span class='ocrx_word' id='word_1_210' title='bbox 3146 867 3207 921; x_wconf 83' lang='grc' dir='ltr'>οὐ</span> <span class='ocrx_word' id='word_1_211' title='bbox 3269 867 3406 940; x_wconf 90' lang='grc' dir='ltr'>πρὸς</span> <span class='ocrx_word' id='word_1_212' title='bbox 3462 868 3733 944; x_wconf 75' lang='grc' dir='ltr'>τραπέζας</span> 
     </span>
    </p>
   </div>
   <div class='ocr_carea' id='block_1_38' title="bbox 2074 954 3729 1034">
    <p class='ocr_par' dir='ltr' id='par_1_38' title="bbox 2074 954 3729 1034">
     <span class='ocr_line' id='line_1_38' title="bbox 2074 954 3729 1034; baseline 0.007 -23"><span class='ocrx_word' id='word_1_213' title='bbox 2074 954 2330 1027; x_wconf 68' lang='grc' dir='ltr'>ἐξέδωκεν</span> <span class='ocrx_word' id='word_1_214' title='bbox 2365 957 2555 1010; x_wconf 78' lang='grc' dir='ltr'>ἐαυτὸν</span> <span class='ocrx_word' id='word_1_215' title='bbox 2595 956 2684 1010; x_wconf 79' lang='grc' dir='ltr'>καὶ</span> <span class='ocrx_word' id='word_1_216' title='bbox 2715 959 2940 1034; x_wconf 68' lang='grc' dir='ltr'>τρυφὰς,</span> <span class='ocrx_word' id='word_1_217' title='bbox 2973 955 3157 1028; x_wconf 82' lang='grc' dir='ltr'>ὥσπερ</span> <span class='ocrx_word' id='word_1_218' title='bbox 3184 958 3351 1028; x_wconf 68' lang='grc' dir='ltr'>τινὲς,</span> <span class='ocrx_word' id='word_1_219' title='bbox 3413 955 3560 1013; x_wconf 82' lang='grc' dir='ltr'>ἀλλά</span> <span class='ocrx_word' id='word_1_220' title='bbox 3591 960 3729 1032; x_wconf 84' lang='grc' dir='ltr'>πρὸς</span> 
     </span>
    </p>
   </div>
   <div class='ocr_carea' id='block_1_39' title="bbox 2075 1045 3733 1122">
    <p class='ocr_par' dir='ltr' id='par_1_39' title="bbox 2075 1045 3733 1122">
     <span class='ocr_line' id='line_1_39' title="bbox 2075 1045 3733 1122; baseline 0.002 -23"><span class='ocrx_word' id='word_1_221' title='bbox 2075 1046 2396 1119; x_wconf 76' lang='grc' dir='ltr'>ἀγρυπνίας,</span> <span class='ocrx_word' id='word_1_222' title='bbox 2483 1045 2836 1120; x_wconf 84' lang='grc' dir='ltr'>προσευχὰς,</span> <span class='ocrx_word' id='word_1_223' title='bbox 2919 1045 3057 1117; x_wconf 88' lang='grc' dir='ltr'>πρὸς</span> <span class='ocrx_word' id='word_1_224' title='bbox 3141 1046 3509 1120; x_wconf 78' lang='grc' dir='ltr'>ξηροκοιτίας,</span> <span class='ocrx_word' id='word_1_225' title='bbox 3595 1048 3733 1122; x_wconf 88' lang='grc' dir='ltr'>πρὸς</span> 
     </span>
    </p>
   </div>
   <div class='ocr_carea' id='block_1_40' title="bbox 2075 1134 3726 1210">
    <p class='ocr_par' dir='ltr' id='par_1_40' title="bbox 2075 1134 3726 1210">
     <span class='ocr_line' id='line_1_40' title="bbox 2075 1134 3726 1210; baseline 0.001 -20"><span class='ocrx_word' id='word_1_226' title='bbox 2075 1137 2347 1208; x_wconf 75' lang='grc' dir='ltr'>νηστείας,</span> <span class='ocrx_word' id='word_1_227' title='bbox 2390 1134 2720 1209; x_wconf 83' lang='grc' dir='ltr'>παρακαλῶν</span> <span class='ocrx_word' id='word_1_228' title='bbox 2776 1137 2870 1191; x_wconf 87' lang='grc' dir='ltr'>τὸν</span> <span class='ocrx_word' id='word_1_229' title='bbox 2921 1136 3048 1191; x_wconf 85' lang='grc' dir='ltr'>Θεὸν</span> <span class='ocrx_word' id='word_1_230' title='bbox 3099 1137 3292 1198; x_wconf 83' lang='grc' dir='ltr'>νυκτὸς</span> <span class='ocrx_word' id='word_1_231' title='bbox 3345 1137 3436 1191; x_wconf 82' lang='grc' dir='ltr'>καὶ</span> <span class='ocrx_word' id='word_1_232' title='bbox 3493 1138 3726 1210; x_wconf 74' lang='grc' dir='ltr'>ἡμέρας,</span> 
     </span>
    </p>
   </div>
   <div class='ocr_carea' id='block_1_41' title="bbox 2068 1226 3721 1303">
    <p class='ocr_par' dir='ltr' id='par_1_41' title="bbox 2068 1226 3721 1303">
     <span class='ocr_line' id='line_1_41' title="bbox 2068 1226 3721 1303; baseline 0.001 -22"><span class='ocrx_word' id='word_1_233' title='bbox 2068 1227 2156 1282; x_wconf 56' lang='grc' dir='ltr'>τίνα</span> <span class='ocrx_word' id='word_1_234' title='bbox 2187 1227 2389 1303; x_wconf 73' lang='grc' dir='ltr'>ἐλεήσῃ</span> <span class='ocrx_word' id='word_1_235' title='bbox 2423 1229 2513 1282; x_wconf 86' lang='grc' dir='ltr'>τὸν</span> <span class='ocrx_word' id='word_1_236' title='bbox 2545 1227 2674 1282; x_wconf 86' lang='grc' dir='ltr'>λαὸν</span> <span class='ocrx_word' id='word_1_237' title='bbox 2701 1227 2887 1291; x_wconf 79' lang='grc' dir='ltr'>αὐτοῦ,</span> <span class='ocrx_word' id='word_1_238' title='bbox 2921 1226 3010 1281; x_wconf 81' lang='grc' dir='ltr'>καὶ</span> <span class='ocrx_word' id='word_1_239' title='bbox 3072 1229 3242 1302; x_wconf 78' lang='grc' dir='ltr'>στήσῃ</span> <span class='ocrx_word' id='word_1_240' title='bbox 3299 1232 3408 1282; x_wconf 90' lang='grc' dir='ltr'>τῶν</span> <span class='ocrx_word' id='word_1_241' title='bbox 3454 1230 3721 1302; x_wconf 87' lang='grc' dir='ltr'>τυράννων</span> 
     </span>
    </p>
   </div>
   <div class='ocr_carea' id='block_1_42' title="bbox 2073 1313 3719 1390">
    <p class='ocr_par' dir='ltr' id='par_1_42' title="bbox 2073 1313 3719 1390">
     <span class='ocr_line' id='line_1_42' title="bbox 2073 1313 3719 1390; baseline 0.001 -20"><span class='ocrx_word' id='word_1_242' title='bbox 2073 1318 2163 1370; x_wconf 89' lang='grc' dir='ltr'>τὸν</span> <span class='ocrx_word' id='word_1_243' title='bbox 2196 1317 2330 1371; x_wconf 83' lang='grc' dir='ltr'>κατᾶ</span> <span class='ocrx_word' id='word_1_244' title='bbox 2384 1322 2492 1371; x_wconf 90' lang='grc' dir='ltr'>τῶν</span> <span class='ocrx_word' id='word_1_245' title='bbox 2551 1318 2888 1390; x_wconf 72' lang='grc' dir='ltr'>Χριστιανῶν</span> <span class='ocrx_word' id='word_1_246' title='bbox 2951 1313 3215 1390; x_wconf 88' lang='grc' dir='ltr'>διωγμόν·</span> <span class='ocrx_word' id='word_1_247' title='bbox 3276 1316 3365 1370; x_wconf 80' lang='grc' dir='ltr'>καὶ</span> <span class='ocrx_word' id='word_1_248' title='bbox 3422 1317 3508 1370; x_wconf 84' lang='grc' dir='ltr'>ἳνα</span> <span class='ocrx_word' id='word_1_249' title='bbox 3554 1322 3719 1390; x_wconf 84' lang='grc' dir='ltr'>γνῶσι</span> 
     </span>
    </p>
   </div>
   <div class='ocr_carea' id='block_1_43' title="bbox 2072 1401 3718 1479">
    <p class='ocr_par' dir='ltr' id='par_1_43' title="bbox 2072 1401 3718 1479">
     <span class='ocr_line' id='line_1_43' title="bbox 2072 1401 3718 1479; baseline 0.001 -19"><span class='ocrx_word' id='word_1_250' title='bbox 2072 1409 2268 1469; x_wconf 87' lang='grc' dir='ltr'>πάντες</span> <span class='ocrx_word' id='word_1_251' title='bbox 2299 1407 2361 1460; x_wconf 88' lang='grc' dir='ltr'>τὸ</span> <span class='ocrx_word' id='word_1_252' title='bbox 2394 1407 2566 1479; x_wconf 78' lang='grc' dir='ltr'>ὀρθῶς</span> <span class='ocrx_word' id='word_1_253' title='bbox 2601 1404 2890 1472; x_wconf 77' lang='grc' dir='ltr'>πιστεύειν,</span> <span class='ocrx_word' id='word_1_254' title='bbox 2923 1405 3289 1479; x_wconf 79' lang='grc' dir='ltr'>ἀρνησάμενοι</span> <span class='ocrx_word' id='word_1_255' title='bbox 3319 1407 3417 1475; x_wconf 77' lang='grc' dir='ltr'>τήν</span> <span class='ocrx_word' id='word_1_256' title='bbox 3452 1401 3718 1461; x_wconf 73' lang='grc' dir='ltr'>ἀσέϐειαν.</span> 
     </span>
    </p>
   </div>
   <div class='ocr_carea' id='block_1_44' title="bbox 2075 1493 3720 1570">
    <p class='ocr_par' dir='ltr' id='par_1_44' title="bbox 2075 1493 3720 1570">
     <span class='ocr_line' id='line_1_44' title="bbox 2075 1493 3720 1570; baseline -0.002 -18"><span class='ocrx_word' id='word_1_257' title='bbox 2075 1494 2234 1554; x_wconf 72' lang='grc' dir='ltr'>Οὕτω</span> <span class='ocrx_word' id='word_1_258' title='bbox 2291 1500 2491 1562; x_wconf 80' lang='grc' dir='ltr'>ποιῶν,</span> <span class='ocrx_word' id='word_1_259' title='bbox 2546 1494 2636 1550; x_wconf 88' lang='grc' dir='ltr'>καὶ</span> <span class='ocrx_word' id='word_1_260' title='bbox 2694 1493 2941 1556; x_wconf 83' lang='grc' dir='ltr'>πολλοὺς</span> <span class='ocrx_word' id='word_1_261' title='bbox 3001 1493 3322 1570; x_wconf 76' lang='grc' dir='ltr'>ἐπιστρέψας</span> <span class='ocrx_word' id='word_1_262' title='bbox 3399 1495 3534 1570; x_wconf 85' lang='grc' dir='ltr'>πρὸς</span> <span class='ocrx_word' id='word_1_263' title='bbox 3591 1499 3720 1550; x_wconf 85' lang='grc' dir='ltr'>Θεὸν</span> 
     </span>
    </p>
   </div>
   <div class='ocr_carea' id='block_1_45' title="bbox 2077 1584 3720 1659">
    <p class='ocr_par' dir='ltr' id='par_1_45' title="bbox 2077 1584 3720 1659">
     <span class='ocr_line' id='line_1_45' title="bbox 2077 1584 3720 1659; baseline -0.003 -18"><span class='ocrx_word' id='word_1_264' title='bbox 2077 1591 2271 1656; x_wconf 86' lang='grc' dir='ltr'>ζῶντα,</span> <span class='ocrx_word' id='word_1_265' title='bbox 2321 1587 2410 1640; x_wconf 87' lang='grc' dir='ltr'>καὶ</span> <span class='ocrx_word' id='word_1_266' title='bbox 2465 1585 2672 1658; x_wconf 80' lang='grc' dir='ltr'>μυρίων</span> <span class='ocrx_word' id='word_1_267' title='bbox 2749 1584 3038 1658; x_wconf 74' lang='grc' dir='ltr'>θαυμάτων</span> <span class='ocrx_word' id='word_1_268' title='bbox 3097 1584 3362 1656; x_wconf 78' lang='grc' dir='ltr'>ἀξιωθεὶς,</span> <span class='ocrx_word' id='word_1_269' title='bbox 3422 1584 3473 1638; x_wconf 90' lang='grc' dir='ltr'>ἐν</span> <span class='ocrx_word' id='word_1_270' title='bbox 3526 1584 3720 1659; x_wconf 71' lang='grc' dir='ltr'>εἰρήνῃ</span> 
     </span>
    </p>
   </div>
   <div class='ocr_carea' id='block_1_46' title="bbox 2074 1671 3722 1752">
    <p class='ocr_par' dir='ltr' id='par_1_46' title="bbox 2074 1671 3722 1752">
     <span class='ocr_line' id='line_1_46' title="bbox 2074 1671 3722 1752; baseline -0.002 -21"><span class='ocrx_word' id='word_1_271' title='bbox 2074 1677 2212 1751; x_wconf 89' lang='grc' dir='ltr'>πρὸς</span> <span class='ocrx_word' id='word_1_272' title='bbox 2244 1675 2373 1730; x_wconf 86' lang='grc' dir='ltr'>Θεὸν</span> <span class='ocrx_word' id='word_1_273' title='bbox 2417 1672 2772 1746; x_wconf 78' lang='grc' dir='ltr'>ἐξεδήμησεν,</span> <span class='ocrx_word' id='word_1_274' title='bbox 2827 1672 3247 1752; x_wconf 75' lang='grc' dir='ltr'>εὐφραινόμενος</span> <span class='ocrx_word' id='word_1_275' title='bbox 3303 1673 3564 1742; x_wconf 73' lang='grc' dir='ltr'>αἰωνίως,</span> <span class='ocrx_word' id='word_1_276' title='bbox 3627 1671 3722 1727; x_wconf 80' lang='grc' dir='ltr'>σὺν</span> 
     </span>
    </p>
   </div>
   <div class='ocr_carea' id='block_1_47' title="bbox 2072 1761 2678 1838">
    <p class='ocr_par' dir='ltr' id='par_1_47' title="bbox 2072 1761 2678 1838">
     <span class='ocr_line' id='line_1_47' title="bbox 2072 1761 2678 1838; baseline -0.007 -18"><span class='ocrx_word' id='word_1_277' title='bbox 2072 1769 2192 1826; x_wconf 80' lang='grc' dir='ltr'>τοῖς</span> <span class='ocrx_word' id='word_1_278' title='bbox 2225 1761 2445 1825; x_wconf 86' lang='grc' dir='ltr'>λοιποῖς</span> <span class='ocrx_word' id='word_1_279' title='bbox 2480 1762 2678 1838; x_wconf 80' lang='grc' dir='ltr'>ἁγίοις,</span> 
     </span>
    </p>
   </div>
   <div class='ocr_carea' id='block_1_48' title="bbox 2626 1949 3144 2028">
    <p class='ocr_par' dir='ltr' id='par_1_48' title="bbox 2626 1949 3144 2028">
     <span class='ocr_line' id='line_1_48' title="bbox 2626 1949 3144 2028; baseline -0.008 0"><span class='ocrx_word' id='word_1_280' title='bbox 2626 1955 2712 2028; x_wconf 72' lang='grc' dir='ltr'>Τῆ</span> <span class='ocrx_word' id='word_1_281' title='bbox 2767 1953 2903 2027; x_wconf 75' lang='grc' dir='ltr'>αὑτῇ</span> <span class='ocrx_word' id='word_1_282' title='bbox 2960 1949 3144 2026; x_wconf 71' lang='grc' dir='ltr'>ἡμέρᾳ</span> 
     </span>
    </p>
   </div>
   <div class='ocr_carea' id='block_1_49' title="bbox 2061 2041 3713 2129">
    <p class='ocr_par' dir='ltr' id='par_1_49' title="bbox 2061 2041 3713 2129">
     <span class='ocr_line' id='line_1_49' title="bbox 2061 2041 3713 2129; baseline 0 -30"><span class='ocrx_word' id='word_1_283' title='bbox 2061 2046 2267 2118; x_wconf 83' lang='grc' dir='ltr'>Μνήμη</span> <span class='ocrx_word' id='word_1_284' title='bbox 2300 2047 2401 2098; x_wconf 80' lang='grc' dir='ltr'>τοῦ</span> <span class='ocrx_word' id='word_1_285' title='bbox 2434 2042 2486 2129; x_wconf 72' lang='grc' dir='ltr'>ἐν</span> <span class='ocrx_word' id='word_1_286' title='bbox 2520 2041 2697 2117; x_wconf 83' lang='grc' dir='ltr'>ἁγίοις</span> <span class='ocrx_word' id='word_1_287' title='bbox 2731 2041 2956 2129; x_wconf 29' lang='grc' dir='ltr'>Πατρὸςὶ</span> <span class='ocrx_word' id='word_1_288' title='bbox 2980 2042 3293 2129; x_wconf 27' lang='grc' dir='ltr'>ἡμῶνκκοέὶ</span> <span class='ocrx_word' id='word_1_289' title='bbox 3353 2043 3713 2129; x_wconf 29' lang='grc' dir='ltr'>ἀριχιεπισκό-</span> 
     </span>
    </p>
   </div>
   <div class='ocr_carea' id='block_1_50' title="bbox 2311 2109 3454 2176">
    <p class='ocr_par' dir='ltr' id='par_1_50' title="bbox 2311 2109 3454 2176">
     <span class='ocr_line' id='line_1_50' title="bbox 2311 2109 3454 2176; baseline 0.001 -6"><span class='ocrx_word' id='word_1_290' title='bbox 2311 2137 2417 2170; x_wconf 91' lang='grc' dir='ltr'>που</span> <span class='ocrx_word' id='word_1_291' title='bbox 2451 2109 3078 2176; x_wconf 74' lang='grc' dir='ltr'>Κώνσταντινουπόλεως</span> <span class='ocrx_word' id='word_1_292' title='bbox 3115 2109 3454 2171; x_wconf 63' lang='grc' dir='ltr'>Φλαϐιανόιῖξ</span> 
     </span>
    </p>
   </div>
   <div class='ocr_carea' id='block_1_51' title="bbox 2135 2199 3709 2279">
    <p class='ocr_par' dir='ltr' id='par_1_51' title="bbox 2135 2199 3709 2279">
     <span class='ocr_line' id='line_1_51' title="bbox 2135 2199 3709 2279; baseline 0 -19"><span class='ocrx_word' id='word_1_293' title='bbox 2135 2199 2448 2266; x_wconf 77' lang='grc' dir='ltr'>Φλαϐιανὸς</span> <span class='ocrx_word' id='word_1_294' title='bbox 2481 2206 2509 2259; x_wconf 85' lang='grc' dir='ltr'>ὁ</span> <span class='ocrx_word' id='word_1_295' title='bbox 2542 2203 2592 2258; x_wconf 89' lang='grc' dir='ltr'>ἐν</span> <span class='ocrx_word' id='word_1_296' title='bbox 2634 2203 2813 2278; x_wconf 83' lang='grc' dir='ltr'>ἁγίοις</span> <span class='ocrx_word' id='word_1_297' title='bbox 2846 2204 3035 2277; x_wconf 76' lang='grc' dir='ltr'>Πατὴρ</span> <span class='ocrx_word' id='word_1_298' title='bbox 3066 2205 3228 2276; x_wconf 78' lang='grc' dir='ltr'>ἡμῶν</span> <span class='ocrx_word' id='word_1_299' title='bbox 3282 2205 3501 2279; x_wconf 85' lang='grc' dir='ltr'>ὑπῆρχε</span> <span class='ocrx_word' id='word_1_300' title='bbox 3527 2208 3630 2270; x_wconf 81' lang='grc' dir='ltr'>τῆς</span> <span class='ocrx_word' id='word_1_301' title='bbox 3656 2205 3709 2261; x_wconf 91' lang='grc' dir='ltr'>ἐν</span> 
     </span>
    </p>
   </div>
   <div class='ocr_carea' id='block_1_52' title="bbox 2063 2289 3706 2368">
    <p class='ocr_par' dir='ltr' id='par_1_52' title="bbox 2063 2289 3706 2368">
     <span class='ocr_line' id='line_1_52' title="bbox 2063 2289 3706 2368; baseline -0.001 -18"><span class='ocrx_word' id='word_1_302' title='bbox 2063 2292 2636 2354; x_wconf 76' lang='grc' dir='ltr'>Κωνσταντινουπόλει</span> <span class='ocrx_word' id='word_1_303' title='bbox 2715 2294 2869 2368; x_wconf 85' lang='grc' dir='ltr'>ἁγίας</span> <span class='ocrx_word' id='word_1_304' title='bbox 2957 2291 3257 2363; x_wconf 79' lang='grc' dir='ltr'>ἐκκλησίας</span> <span class='ocrx_word' id='word_1_305' title='bbox 3320 2289 3706 2366; x_wconf 71' lang='grc' dir='ltr'>πρεσϐύτερος⁸</span> 
     </span>
    </p>
   </div>
   <div class='ocr_carea' id='block_1_53' title="bbox 2062 2381 3709 2457">
    <p class='ocr_par' dir='ltr' id='par_1_53' title="bbox 2062 2381 3709 2457">
     <span class='ocr_line' id='line_1_53' title="bbox 2062 2381 3709 2457; baseline -0.004 -15"><span class='ocrx_word' id='word_1_306' title='bbox 2062 2387 2153 2442; x_wconf 85' lang='grc' dir='ltr'>καὶ</span> <span class='ocrx_word' id='word_1_307' title='bbox 2185 2383 2274 2440; x_wconf 79' lang='grc' dir='ltr'>διὰ</span> <span class='ocrx_word' id='word_1_308' title='bbox 2300 2387 2399 2453; x_wconf 79' lang='grc' dir='ltr'>τὴν</span> <span class='ocrx_word' id='word_1_309' title='bbox 2434 2383 2678 2457; x_wconf 82' lang='grc' dir='ltr'>ἐνάρετον</span> <span class='ocrx_word' id='word_1_310' title='bbox 2739 2385 2904 2437; x_wconf 78' lang='grc' dir='ltr'>αὑτοῦ</span> <span class='ocrx_word' id='word_1_311' title='bbox 2934 2381 3242 2451; x_wconf 86' lang='grc' dir='ltr'>πολιτείαν,</span> <span class='ocrx_word' id='word_1_312' title='bbox 3299 2382 3518 2454; x_wconf 81' lang='grc' dir='ltr'>θελήσει</span> <span class='ocrx_word' id='word_1_313' title='bbox 3550 2387 3709 2453; x_wconf 76' lang='grc' dir='ltr'>Θεοῦ,</span> 
     </span>
    </p>
   </div>
   <div class='ocr_carea' id='block_1_54' title="bbox 2062 2471 3713 2552">
    <p class='ocr_par' dir='ltr' id='par_1_54' title="bbox 2062 2471 3713 2552">
     <span class='ocr_line' id='line_1_54' title="bbox 2062 2471 3713 2552; baseline -0.01 -20"><span class='ocrx_word' id='word_1_314' title='bbox 2062 2477 2152 2533; x_wconf 86' lang='grc' dir='ltr'>καὶ</span> <span class='ocrx_word' id='word_1_315' title='bbox 2178 2477 2347 2552; x_wconf 78' lang='grc' dir='ltr'>ψήφῳ</span> <span class='ocrx_word' id='word_1_316' title='bbox 2378 2478 2473 2528; x_wconf 77' lang='grc' dir='ltr'>τοῦ</span> <span class='ocrx_word' id='word_1_317' title='bbox 2510 2471 2803 2547; x_wconf 72' lang='grc' dir='ltr'>βασιλέως,</span> <span class='ocrx_word' id='word_1_318' title='bbox 2837 2472 2927 2526; x_wconf 85' lang='grc' dir='ltr'>καὶ</span> <span class='ocrx_word' id='word_1_319' title='bbox 2984 2479 3085 2541; x_wconf 81' lang='grc' dir='ltr'>τῆς</span> <span class='ocrx_word' id='word_1_320' title='bbox 3146 2471 3485 2546; x_wconf 77' lang='grc' dir='ltr'>συγκλήτου,</span> <span class='ocrx_word' id='word_1_321' title='bbox 3522 2491 3713 2548; x_wconf 77' lang='grc' dir='ltr'>χειρο-</span> 
     </span>
    </p>
   </div>
   <div class='ocr_carea' id='block_1_55' title="bbox 2062 2559 3717 2638">
    <p class='ocr_par' dir='ltr' id='par_1_55' title="bbox 2062 2559 3717 2638">
     <span class='ocr_line' id='line_1_55' title="bbox 2062 2559 3717 2638; baseline -0.002 -17"><span class='ocrx_word' id='word_1_322' title='bbox 2062 2570 2299 2622; x_wconf 82' lang='grc' dir='ltr'>τονεῖται</span> <span class='ocrx_word' id='word_1_323' title='bbox 2329 2563 2678 2638; x_wconf 80' lang='grc' dir='ltr'>πατριάρχης</span> <span class='ocrx_word' id='word_1_324' title='bbox 2707 2569 2808 2631; x_wconf 79' lang='grc' dir='ltr'>τῆς</span> <span class='ocrx_word' id='word_1_325' title='bbox 2836 2560 3002 2630; x_wconf 76' lang='grc' dir='ltr'>αὐτῆς</span> <span class='ocrx_word' id='word_1_326' title='bbox 3032 2559 3345 2632; x_wconf 81' lang='grc' dir='ltr'>ἐκκλησίας,</span> <span class='ocrx_word' id='word_1_327' title='bbox 3379 2563 3469 2617; x_wconf 79' lang='grc' dir='ltr'>καὶ</span> <span class='ocrx_word' id='word_1_328' title='bbox 3529 2561 3717 2626; x_wconf 89' lang='grc' dir='ltr'>καλῶς</span> 
     </span>
    </p>
   </div>
   <div class='ocr_carea' id='block_1_56' title="bbox 2064 2649 3720 2724">
    <p class='ocr_par' dir='ltr' id='par_1_56' title="bbox 2064 2649 3720 2724">
     <span class='ocr_line' id='line_1_56' title="bbox 2064 2649 3720 2724; baseline -0.003 -13"><span class='ocrx_word' id='word_1_329' title='bbox 2064 2657 2162 2724; x_wconf 76' lang='grc' dir='ltr'>τήν</span> <span class='ocrx_word' id='word_1_330' title='bbox 2221 2657 2731 2716; x_wconf 85' lang='grc' dir='ltr'>καταπιστευθεῖσαν</span> <span class='ocrx_word' id='word_1_331' title='bbox 2796 2651 2944 2724; x_wconf 84' lang='grc' dir='ltr'>αὐτῷ</span> <span class='ocrx_word' id='word_1_332' title='bbox 2999 2651 3244 2724; x_wconf 82' lang='grc' dir='ltr'>ποίμνην</span> <span class='ocrx_word' id='word_1_333' title='bbox 3324 2649 3569 2722; x_wconf 81' lang='grc' dir='ltr'>διοικῶν,</span> <span class='ocrx_word' id='word_1_334' title='bbox 3628 2654 3720 2707; x_wconf 85' lang='grc' dir='ltr'>καὶ</span> 
     </span>
    </p>
   </div>
   <div class='ocr_carea' id='block_1_57' title="bbox 2063 2739 3718 2818">
    <p class='ocr_par' dir='ltr' id='par_1_57' title="bbox 2063 2739 3718 2818">
     <span class='ocr_line' id='line_1_57' title="bbox 2063 2739 3718 2818; baseline -0.004 -17"><span class='ocrx_word' id='word_1_335' title='bbox 2063 2746 2155 2802; x_wconf 86' lang='grc' dir='ltr'>τὸν</span> <span class='ocrx_word' id='word_1_336' title='bbox 2186 2745 2318 2800; x_wconf 83' lang='grc' dir='ltr'>λαὸν</span> <span class='ocrx_word' id='word_1_337' title='bbox 2361 2742 2429 2798; x_wconf 81' lang='grc' dir='ltr'>τὰ</span> <span class='ocrx_word' id='word_1_338' title='bbox 2484 2743 2620 2817; x_wconf 87' lang='grc' dir='ltr'>πρὸς</span> <span class='ocrx_word' id='word_1_339' title='bbox 2680 2740 2872 2814; x_wconf 74' lang='grc' dir='ltr'>ἀρετὴν</span> <span class='ocrx_word' id='word_1_340' title='bbox 2935 2739 3222 2808; x_wconf 73' lang='grc' dir='ltr'>διδάσκων,</span> <span class='ocrx_word' id='word_1_341' title='bbox 3278 2741 3369 2796; x_wconf 87' lang='grc' dir='ltr'>καὶ</span> <span class='ocrx_word' id='word_1_342' title='bbox 3433 2739 3718 2818; x_wconf 78' lang='grc' dir='ltr'>διεξάγων,</span> 
     </span>
    </p>
   </div>
   <div class='ocr_carea' id='block_1_58' title="bbox 2068 2825 3720 2911">
    <p class='ocr_par' dir='ltr' id='par_1_58' title="bbox 2068 2825 3720 2911">
     <span class='ocr_line' id='line_1_58' title="bbox 2068 2825 3720 2911; baseline -0.002 -21"><span class='ocrx_word' id='word_1_343' title='bbox 2068 2835 2421 2911; x_wconf 85' lang='grc' dir='ltr'>συγχωρήσει</span> <span class='ocrx_word' id='word_1_344' title='bbox 2475 2835 2630 2902; x_wconf 84' lang='grc' dir='ltr'>Θεοῦ,</span> <span class='ocrx_word' id='word_1_345' title='bbox 2683 2825 3010 2885; x_wconf 74' lang='grc' dir='ltr'>ἐκϐάλλεται</span> <span class='ocrx_word' id='word_1_346' title='bbox 3069 2831 3214 2905; x_wconf 82' lang='grc' dir='ltr'>παρᾶ</span> <span class='ocrx_word' id='word_1_347' title='bbox 3286 2835 3384 2886; x_wconf 81' lang='grc' dir='ltr'>τοῦ</span> <span class='ocrx_word' id='word_1_348' title='bbox 3433 2831 3720 2906; x_wconf 70' lang='grc' dir='ltr'>αἱρετικοῦ</span> 
     </span>
    </p>
   </div>
   <div class='ocr_carea' id='block_1_59' title="bbox 2070 2919 3718 2998">
    <p class='ocr_par' dir='ltr' id='par_1_59' title="bbox 2070 2919 3718 2998">
     <span class='ocr_line' id='line_1_59' title="bbox 2070 2919 3718 2998; baseline -0.004 -16"><span class='ocrx_word' id='word_1_349' title='bbox 2070 2924 2390 2998; x_wconf 89' lang='grc' dir='ltr'>Διοσκόρου,</span> <span class='ocrx_word' id='word_1_350' title='bbox 2422 2921 2510 2975; x_wconf 85' lang='grc' dir='ltr'>καὶ</span> <span class='ocrx_word' id='word_1_351' title='bbox 2543 2925 2650 2976; x_wconf 88' lang='grc' dir='ltr'>τῶν</span> <span class='ocrx_word' id='word_1_352' title='bbox 2685 2919 3012 2997; x_wconf 77' lang='grc' dir='ltr'>ὁμοφρόνων</span> <span class='ocrx_word' id='word_1_353' title='bbox 3073 2922 3262 2990; x_wconf 80' lang='grc' dir='ltr'>αὐτοῦ,</span> <span class='ocrx_word' id='word_1_354' title='bbox 3313 2924 3586 2995; x_wconf 85' lang='grc' dir='ltr'>κρατήσας</span> <span class='ocrx_word' id='word_1_355' title='bbox 3616 2929 3718 2990; x_wconf 85' lang='grc' dir='ltr'>τῆς</span> 
     </span>
    </p>
   </div>
   <div class='ocr_carea' id='block_1_60' title="bbox 2068 3007 3718 3091">
    <p class='ocr_par' dir='ltr' id='par_1_60' title="bbox 2068 3007 3718 3091">
     <span class='ocr_line' id='line_1_60' title="bbox 2068 3007 3718 3091; baseline -0.003 -20"><span class='ocrx_word' id='word_1_356' title='bbox 2068 3013 2430 3091; x_wconf 87' lang='grc' dir='ltr'>πατριαρχίας</span> <span class='ocrx_word' id='word_1_357' title='bbox 2482 3011 2682 3086; x_wconf 86' lang='grc' dir='ltr'>χρόνον</span> <span class='ocrx_word' id='word_1_358' title='bbox 2732 3007 2849 3078; x_wconf 67' lang='grc' dir='ltr'>ἕνα,</span> <span class='ocrx_word' id='word_1_359' title='bbox 2900 3011 2990 3064; x_wconf 90' lang='lat' dir='ltr'>xui</span> <span class='ocrx_word' id='word_1_360' title='bbox 3049 3017 3224 3085; x_wconf 81' lang='grc' dir='ltr'>μῆνας</span> <span class='ocrx_word' id='word_1_361' title='bbox 3275 3007 3422 3081; x_wconf 71' lang='grc' dir='ltr'>δέκα,</span> <span class='ocrx_word' id='word_1_362' title='bbox 3482 3011 3576 3066; x_wconf 83' lang='grc' dir='ltr'>καὶ</span> <span class='ocrx_word' id='word_1_363' title='bbox 3637 3011 3718 3075; x_wconf 77' lang='grc' dir='ltr'>εἷς</span> 
     </span>
    </p>
   </div>
   <div class='ocr_carea' id='block_1_61' title="bbox 2071 3101 3716 3182">
    <p class='ocr_par' dir='ltr' id='par_1_61' title="bbox 2071 3101 3716 3182">
     <span class='ocr_line' id='line_1_61' title="bbox 2071 3101 3716 3182; baseline -0.003 -19"><span class='ocrx_word' id='word_1_364' title='bbox 2071 3106 2276 3182; x_wconf 79' lang='grc' dir='ltr'>ἐξορίαν</span> <span class='ocrx_word' id='word_1_365' title='bbox 2338 3101 2777 3175; x_wconf 74' lang='grc' dir='ltr'>παραπέμπεται.</span> <span class='ocrx_word' id='word_1_366' title='bbox 2829 3102 3010 3159; x_wconf 86' lang='grc' dir='ltr'>Ὅπου</span> <span class='ocrx_word' id='word_1_367' title='bbox 3082 3101 3295 3175; x_wconf 75' lang='grc' dir='ltr'>θλίψεις</span> <span class='ocrx_word' id='word_1_368' title='bbox 3354 3101 3571 3165; x_wconf 82' lang='grc' dir='ltr'>πολλὰς</span> <span class='ocrx_word' id='word_1_369' title='bbox 3629 3105 3716 3158; x_wconf 87' lang='grc' dir='ltr'>καὶ</span> 
     </span>
    </p>
   </div>
   <div class='ocr_carea' id='block_1_62' title="bbox 311 3185 1963 3293">
    <p class='ocr_par' dir='ltr' id='par_1_62' title="bbox 311 3185 1953 3264">
     <span class='ocr_line' id='line_1_62' title="bbox 311 3185 1953 3264; baseline 0.013 -30"><span class='ocrx_word' id='word_1_370' title='bbox 311 3189 572 3237; x_wconf 88' lang='lat' dir='ltr'>cessaret</span> <span class='ocrx_word' id='word_1_371' title='bbox 604 3185 718 3239; x_wconf 91' lang='lat' dir='ltr'>Deo</span> <span class='ocrx_word' id='word_1_372' title='bbox 741 3187 961 3256; x_wconf 86' lang='lat' dir='ltr'>gratias</span> <span class='ocrx_word' id='word_1_373' title='bbox 989 3205 1183 3262; x_wconf 87' lang='lat' dir='ltr'>agere,</span> <span class='ocrx_word' id='word_1_374' title='bbox 1237 3192 1482 3264; x_wconf 89' lang='lat' dir='ltr'>diesque</span> <span class='ocrx_word' id='word_1_375' title='bbox 1536 3213 1604 3252; x_wconf 87' lang='lat' dir='ltr'>ac</span> <span class='ocrx_word' id='word_1_376' title='bbox 1657 3205 1829 3254; x_wconf 91' lang='lat' dir='ltr'>nocte</span> <span class='ocrx_word' id='word_1_377' title='bbox 1895 3201 1953 3255; x_wconf 92' lang='lat' dir='ltr'>in</span> 
     </span>
    </p>
   </div>
   <div class='ocr_carea' id='block_1_63' title="bbox 2079 3185 3720 3293">
    <p class='ocr_par' dir='ltr' id='par_1_63' title="bbox 2079 3190 3720 3293">
     <span class='ocr_line' id='line_1_63' title="bbox 2079 3190 3720 3268; baseline -0.004 -16"><span class='ocrx_word' id='word_1_378' title='bbox 2079 3195 2361 3268; x_wconf 73' lang='grc' dir='ltr'>διαφόρους</span> <span class='ocrx_word' id='word_1_379' title='bbox 2441 3190 2757 3264; x_wconf 83' lang='grc' dir='ltr'>ὑπομείνας,</span> <span class='ocrx_word' id='word_1_380' title='bbox 2815 3191 2905 3245; x_wconf 82' lang='grc' dir='ltr'>καὶ</span> <span class='ocrx_word' id='word_1_381' title='bbox 2964 3192 3224 3252; x_wconf 87' lang='grc' dir='ltr'>κακώσεις</span> <span class='ocrx_word' id='word_1_382' title='bbox 3287 3190 3481 3264; x_wconf 85' lang='grc' dir='ltr'>μυρίας</span> <span class='ocrx_word' id='word_1_383' title='bbox 3527 3213 3720 3267; x_wconf 88' lang='grc' dir='ltr'>καρτε-</span> 
     </span>
     <span class='ocr_line' id='line_1_64' title="bbox 2126 3276 3706 3293; baseline 0 0"><span class='ocrx_word' id='word_1_384' title='bbox 2126 3289 2135 3293; x_wconf 84' lang='lat'>_</span> <span class='ocrx_word' id='word_1_385' title='bbox 2365 3284 2378 3293; x_wconf 85' lang='lat'>.</span> <span class='ocrx_word' id='word_1_386' title='bbox 2415 3279 2432 3293; x_wconf 60' lang='grc' dir='ltr'>ς</span> <span class='ocrx_word' id='word_1_387' title='bbox 2527 3281 2540 3293; x_wconf 82' lang='lat'>.</span> <span class='ocrx_word' id='word_1_388' title='bbox 2726 3280 2740 3293; x_wconf 79' lang='lat'><em>.</em></span> <span class='ocrx_word' id='word_1_389' title='bbox 2806 3276 2882 3293; x_wconf 61' lang='grc' dir='ltr'>μ.</span> <span class='ocrx_word' id='word_1_390' title='bbox 3047 3280 3072 3293; x_wconf 90' lang='grc'>..</span> <span class='ocrx_word' id='word_1_391' title='bbox 3524 3285 3548 3293; x_wconf 88' lang='grc'>..</span> <span class='ocrx_word' id='word_1_392' title='bbox 3679 3285 3706 3293; x_wconf 77' lang='grc'>-</span> 
     </span>
    </p>
   </div>
   <div class='ocr_carea' id='block_1_64' title="bbox 308 3271 1956 3361">
    <p class='ocr_par' dir='ltr' id='par_1_64' title="bbox 308 3271 1956 3361">
     <span class='ocr_line' id='line_1_65' title="bbox 308 3271 1956 3361; baseline 0.014 -37"><span class='ocrx_word' id='word_1_393' title='bbox 308 3271 574 3326; x_wconf 89' lang='lat' dir='ltr'>oratione</span> <span class='ocrx_word' id='word_1_394' title='bbox 601 3275 972 3344; x_wconf 85' lang='lat' dir='ltr'>transigeret,</span> <span class='ocrx_word' id='word_1_395' title='bbox 1034 3280 1273 3336; x_wconf 89' lang='lat' dir='ltr'>tandem</span> <span class='ocrx_word' id='word_1_396' title='bbox 1325 3283 1399 3338; x_wconf 92' lang='lat' dir='ltr'>ad</span> <span class='ocrx_word' id='word_1_397' title='bbox 1449 3286 1632 3342; x_wconf 90' lang='lat' dir='ltr'>Deum</span> <span class='ocrx_word' id='word_1_398' title='bbox 1689 3290 1956 3361; x_wconf 82' lang='lat' dir='ltr'>gaudens</span> 
     </span>
    </p>
   </div>
   <div class='ocr_carea' id='block_1_65' title="bbox 311 3361 602 3434">
    <p class='ocr_par' dir='ltr' id='par_1_65' title="bbox 311 3361 602 3434">
     <span class='ocr_line' id='line_1_66' title="bbox 311 3361 602 3434; baseline 0.01 -19"><span class='ocrx_word' id='word_1_399' title='bbox 311 3361 602 3434; x_wconf 86' lang='lat' dir='ltr'>migravit.</span> 
     </span>
    </p>
   </div>
   <div class='ocr_carea' id='block_1_66' title="bbox 2070 3276 3719 3361">
    <p class='ocr_par' dir='ltr' id='par_1_66' title="bbox 2070 3276 3719 3361">
     <span class='ocr_line' id='line_1_67' title="bbox 2070 3276 3719 3361; baseline -0.004 -20"><span class='ocrx_word' id='word_1_400' title='bbox 2070 3289 2260 3361; x_wconf 85' lang='grc' dir='ltr'>ρήσας,</span> <span class='ocrx_word' id='word_1_401' title='bbox 2291 3284 2382 3338; x_wconf 88' lang='grc' dir='ltr'>καὶ</span> <span class='ocrx_word' id='word_1_402' title='bbox 2415 3279 2604 3353; x_wconf 86' lang='grc' dir='ltr'>λιμὸν,</span> <span class='ocrx_word' id='word_1_403' title='bbox 2653 3280 2742 3334; x_wconf 83' lang='grc' dir='ltr'>καὶ</span> <span class='ocrx_word' id='word_1_404' title='bbox 2803 3276 2982 3353; x_wconf 80' lang='grc' dir='ltr'>δίψαν,</span> <span class='ocrx_word' id='word_1_405' title='bbox 3043 3280 3195 3352; x_wconf 82' lang='grc' dir='ltr'>ὅμως</span> <span class='ocrx_word' id='word_1_406' title='bbox 3252 3281 3590 3355; x_wconf 75' lang='grc' dir='ltr'>εὐχαριστῶν</span> <span class='ocrx_word' id='word_1_407' title='bbox 3639 3285 3719 3352; x_wconf 83' lang='grc' dir='ltr'>τῷ</span> 
     </span>
    </p>
   </div>
   <div class='ocr_carea' id='block_1_67' title="bbox 2065 3367 3720 3449">
    <p class='ocr_par' dir='ltr' id='par_1_67' title="bbox 2065 3367 3720 3449">
     <span class='ocr_line' id='line_1_68' title="bbox 2065 3367 3720 3449; baseline -0.003 -17"><span class='ocrx_word' id='word_1_408' title='bbox 2065 3381 2183 3449; x_wconf 86' lang='grc' dir='ltr'>Θεῷ</span> <span class='ocrx_word' id='word_1_409' title='bbox 2233 3375 2332 3429; x_wconf 82' lang='grc' dir='ltr'>οὐκ</span> <span class='ocrx_word' id='word_1_410' title='bbox 2380 3371 2632 3442; x_wconf 77' lang='grc' dir='ltr'>ἐπαύετο,</span> <span class='ocrx_word' id='word_1_411' title='bbox 2688 3370 2880 3432; x_wconf 85' lang='grc' dir='ltr'>νυκτὸς</span> <span class='ocrx_word' id='word_1_412' title='bbox 2942 3369 3032 3424; x_wconf 84' lang='grc' dir='ltr'>καὶ</span> <span class='ocrx_word' id='word_1_413' title='bbox 3089 3367 3301 3446; x_wconf 76' lang='grc' dir='ltr'>ἡμέρας</span> <span class='ocrx_word' id='word_1_414' title='bbox 3331 3372 3720 3447; x_wconf 85' lang='grc' dir='ltr'>προσευχόμε-</span> 
     </span>
    </p>
   </div>
   <div class='ocr_carea' id='block_1_68' title="bbox 306 3452 3724 3544">
    <p class='ocr_par' dir='ltr' id='par_1_68' title="bbox 306 3452 3724 3544">
     <span class='ocr_line' id='line_1_69' title="bbox 306 3452 3724 3544; baseline 0.005 -44"><span class='ocrx_word' id='word_1_415' title='bbox 306 3469 422 3510; x_wconf 90' lang='grc' dir='ltr'>νος.</span> <span class='ocrx_word' id='word_1_416' title='bbox 483 3452 582 3505; x_wconf 85' lang='grc' dir='ltr'>Καί</span> <span class='ocrx_word' id='word_1_417' title='bbox 650 3452 794 3508; x_wconf 76' lang='grc' dir='ltr'>οὕτω</span> <span class='ocrx_word' id='word_1_418' title='bbox 850 3459 1242 3531; x_wconf 81' lang='grc' dir='ltr'>πειραζόμενος</span> <span class='ocrx_word' id='word_1_419' title='bbox 1320 3463 1452 3538; x_wconf 78' lang='grc' dir='ltr'>ὑπὲρ</span> <span class='ocrx_word' id='word_1_420' title='bbox 1500 3472 1601 3536; x_wconf 79' lang='grc' dir='ltr'>τῆς</span> <span class='ocrx_word' id='word_1_421' title='bbox 1659 3467 1958 3544; x_wconf 78' lang='grc' dir='ltr'>ὀρθοδόξου</span> <span class='ocrx_word' id='word_1_422' title='bbox 2037 3468 2294 3534; x_wconf 88' lang='grc' dir='ltr'>πίστεως,</span> <span class='ocrx_word' id='word_1_423' title='bbox 2355 3462 2672 3531; x_wconf 84' lang='grc' dir='ltr'>ἀσθενήσας,</span> <span class='ocrx_word' id='word_1_424' title='bbox 2728 3460 2865 3535; x_wconf 85' lang='grc' dir='ltr'>πρὸς</span> <span class='ocrx_word' id='word_1_425' title='bbox 2941 3459 3031 3514; x_wconf 83' lang='grc' dir='ltr'>τὸν</span> <span class='ocrx_word' id='word_1_426' title='bbox 3085 3460 3215 3514; x_wconf 89' lang='grc' dir='ltr'>Θεὸν</span> <span class='ocrx_word' id='word_1_427' title='bbox 3274 3462 3576 3536; x_wconf 72' lang='grc' dir='ltr'>προθύμως</span> <span class='ocrx_word' id='word_1_428' title='bbox 3635 3462 3724 3535; x_wconf 79' lang='grc' dir='ltr'>ἐξ·</span> 
     </span>
    </p>
   </div>
   <div class='ocr_carea' id='block_1_69' title="bbox 305 3535 608 3610">
    <p class='ocr_par' dir='ltr' id='par_1_69' title="bbox 305 3535 608 3610">
     <span class='ocr_line' id='line_1_70' title="bbox 305 3535 608 3610; baseline 0.017 -18"><span class='ocrx_word' id='word_1_429' title='bbox 305 3535 608 3610; x_wconf 85' lang='grc' dir='ltr'>εδήμησεν.</span> 
     </span>
    </p>
   </div>
   <div class='ocr_carea' id='block_1_70' title="bbox 853 3638 1402 3700">
    <p class='ocr_par' dir='ltr' id='par_1_70' title="bbox 853 3638 1402 3700">
     <span class='ocr_line' id='line_1_71' title="bbox 853 3638 1402 3700; baseline 0.016 -9"><span class='ocrx_word' id='word_1_430' title='bbox 853 3638 1096 3695; x_wconf 82' lang='lat' dir='ltr'><strong>EODEM</strong></span> <span class='ocrx_word' id='word_1_431' title='bbox 1150 3644 1402 3700; x_wconf 88' lang='lat' dir='ltr'>MENSE.</span> 
     </span>
    </p>
   </div>
   <div class='ocr_carea' id='block_1_71' title="bbox 843 3727 1423 3791">
    <p class='ocr_par' dir='ltr' id='par_1_71' title="bbox 843 3727 1423 3791">
     <span class='ocr_line' id='line_1_72' title="bbox 843 3727 1423 3791; baseline 0.017 -11"><span class='ocrx_word' id='word_1_432' title='bbox 843 3727 946 3781; x_wconf 88' lang='lat' dir='ltr'>Die</span> <span class='ocrx_word' id='word_1_433' title='bbox 965 3728 1200 3786; x_wconf 87' lang='lat' dir='ltr'>decima</span> <span class='ocrx_word' id='word_1_434' title='bbox 1219 3741 1423 3791; x_wconf 86' lang='lat' dir='ltr'>octava</span> 
     </span>
    </p>
   </div>
   <div class='ocr_carea' id='block_1_72' title="bbox 311 3808 1962 3903">
    <p class='ocr_par' dir='ltr' id='par_1_72' title="bbox 311 3808 1962 3903">
     <span class='ocr_line' id='line_1_73' title="bbox 311 3808 1962 3903; baseline 0.013 -37"><span class='ocrx_word' id='word_1_435' title='bbox 311 3808 466 3866; x_wconf 75' lang='lat'>200</span> <span class='ocrx_word' id='word_1_436' title='bbox 496 3809 950 3903; x_wconf 50' lang='lat' dir='ltr'>Commgnwratio</span> <span class='ocrx_word' id='word_1_437' title='bbox 1009 3824 1189 3902; x_wconf 74' lang='lat' dir='ltr'>sancti</span> <span class='ocrx_word' id='word_1_438' title='bbox 1205 3895 1214 3903; x_wconf 81' lang='lat'>_</span> <span class='ocrx_word' id='word_1_439' title='bbox 1246 3825 1448 3903; x_wconf 60' lang='lat' dir='ltr'>Patris</span> <span class='ocrx_word' id='word_1_440' title='bbox 1488 3831 1666 3903; x_wconf 81' lang='lat' dir='ltr'>nostri</span> <span class='ocrx_word' id='word_1_441' title='bbox 1720 3833 1962 3903; x_wconf 72' lang='lat' dir='ltr'>Agapeti</span> 
     </span>
    </p>
   </div>
   <div class='ocr_carea' id='block_1_73' title="bbox 669 3885 1602 3965">
    <p class='ocr_par' dir='ltr' id='par_1_73' title="bbox 669 3885 1602 3965">
     <span class='ocr_line' id='line_1_74' title="bbox 669 3885 1602 3965; baseline 0.016 -26"><span class='ocrx_word' id='word_1_442' title='bbox 669 3885 1092 3958; x_wconf 80' lang='lat' dir='ltr'>Thaumaturgi,</span> <span class='ocrx_word' id='word_1_443' title='bbox 1125 3895 1370 3965; x_wconf 82' lang='lat' dir='ltr'>episcopi</span> <span class='ocrx_word' id='word_1_444' title='bbox 1410 3897 1602 3965; x_wconf 85' lang='lat' dir='ltr'>Synai.</span> 
     </span>
    </p>
   </div>
   <div class='ocr_carea' id='block_1_74' title="bbox 389 3987 1970 4072">
    <p class='ocr_par' dir='ltr' id='par_1_74' title="bbox 389 3987 1970 4072">
     <span class='ocr_line' id='line_1_75' title="bbox 389 3987 1970 4072; baseline 0.016 -30"><span class='ocrx_word' id='word_1_445' title='bbox 389 3987 636 4045; x_wconf 89' lang='lat' dir='ltr'>Sanctus</span> <span class='ocrx_word' id='word_1_446' title='bbox 687 3994 862 4048; x_wconf 89' lang='lat' dir='ltr'>Pater</span> <span class='ocrx_word' id='word_1_447' title='bbox 919 4005 1124 4054; x_wconf 87' lang='lat' dir='ltr'>noster</span> <span class='ocrx_word' id='word_1_448' title='bbox 1152 4003 1470 4072; x_wconf 83' lang='lat' dir='ltr'>Agapetus,</span> <span class='ocrx_word' id='word_1_449' title='bbox 1505 4007 1870 4066; x_wconf 87' lang='lat' dir='ltr'>Diocletiano</span> <span class='ocrx_word' id='word_1_450' title='bbox 1911 4017 1970 4068; x_wconf 85' lang='lat' dir='ltr'>et</span> 
     </span>
    </p>
   </div>
   <div class='ocr_carea' id='block_1_75' title="bbox 313 4078 1968 4173">
    <p class='ocr_par' dir='ltr' id='par_1_75' title="bbox 313 4078 1968 4173">
     <span class='ocr_line' id='line_1_76' title="bbox 313 4078 1968 4173; baseline 0.016 -43"><span class='ocrx_word' id='word_1_451' title='bbox 313 4078 669 4135; x_wconf 84' lang='lat' dir='ltr'>Maximiano</span> <span class='ocrx_word' id='word_1_452' title='bbox 711 4083 998 4141; x_wconf 89' lang='lat' dir='ltr'>Herculeo</span> <span class='ocrx_word' id='word_1_453' title='bbox 1056 4088 1535 4163; x_wconf 88' lang='lat' dir='ltr'>imperatoribus,</span> <span class='ocrx_word' id='word_1_454' title='bbox 1598 4113 1667 4152; x_wconf 82' lang='lat' dir='ltr'>ex</span> <span class='ocrx_word' id='word_1_455' title='bbox 1724 4101 1968 4173; x_wconf 88' lang='lat' dir='ltr'>regione</span> 
     </span>
    </p>
   </div>
   <div class='ocr_carea' id='block_1_76' title="bbox 313 4167 1968 4256">
    <p class='ocr_par' dir='ltr' id='par_1_76' title="bbox 313 4167 1968 4256">
     <span class='ocr_line' id='line_1_77' title="bbox 313 4167 1968 4256; baseline 0.016 -35"><span class='ocrx_word' id='word_1_456' title='bbox 313 4167 698 4241; x_wconf 69' lang='lat' dir='ltr'>Cappadociae</span> <span class='ocrx_word' id='word_1_457' title='bbox 727 4172 1221 4238; x_wconf 85' lang='lat' dir='ltr'>fuit,Christianis</span> <span class='ocrx_word' id='word_1_458' title='bbox 1252 4186 1602 4252; x_wconf 89' lang='lat' dir='ltr'>parentibus</span> <span class='ocrx_word' id='word_1_459' title='bbox 1633 4167 1830 4244; x_wconf 70' lang='lat' dir='ltr'>natus.</span> <span class='ocrx_word' id='word_1_460' title='bbox 1861 4191 1968 4256; x_wconf 88' lang='lat' dir='ltr'>Qui</span> 
     </span>
    </p>
   </div>
   <div class='ocr_carea' id='block_1_77' title="bbox 315 4259 1968 4349">
    <p class='ocr_par' dir='ltr' id='par_1_77' title="bbox 315 4259 1968 4349">
     <span class='ocr_line' id='line_1_78' title="bbox 315 4259 1968 4349; baseline 0.015 -36"><span class='ocrx_word' id='word_1_461' title='bbox 315 4275 450 4313; x_wconf 92' lang='lat' dir='ltr'>cum</span> <span class='ocrx_word' id='word_1_462' title='bbox 480 4259 540 4314; x_wconf 91' lang='lat' dir='ltr'>in</span> <span class='ocrx_word' id='word_1_463' title='bbox 591 4265 1023 4322; x_wconf 86' lang='lat' dir='ltr'>monasterium</span> <span class='ocrx_word' id='word_1_464' title='bbox 1072 4269 1338 4341; x_wconf 88' lang='lat' dir='ltr'>abiisset,</span> <span class='ocrx_word' id='word_1_465' title='bbox 1381 4278 1714 4334; x_wconf 89' lang='lat' dir='ltr'>monachus</span> <span class='ocrx_word' id='word_1_466' title='bbox 1756 4279 1968 4349; x_wconf 84' lang='lat' dir='ltr'>factus,</span> 
     </span>
    </p>
   </div>
   <div class='ocr_carea' id='block_1_78' title="bbox 320 4439 1969 4517">
    <p class='ocr_par' dir='ltr' id='par_1_78' title="bbox 320 4439 1969 4517">
     <span class='ocr_line' id='line_1_79' title="bbox 320 4439 1969 4517; baseline 0.015 -24"><span class='ocrx_word' id='word_1_467' title='bbox 320 4439 557 4508; x_wconf 88' lang='lat' dir='ltr'>charus,</span> <span class='ocrx_word' id='word_1_468' title='bbox 590 4459 789 4500; x_wconf 89' lang='lat' dir='ltr'>sacras</span> <span class='ocrx_word' id='word_1_469' title='bbox 820 4446 1050 4503; x_wconf 90' lang='lat' dir='ltr'>litteras</span> <span class='ocrx_word' id='word_1_470' title='bbox 1082 4449 1808 4514; x_wconf 84' lang='lat' dir='ltr'>edocetur.Miraculorum</span> <span class='ocrx_word' id='word_1_471' title='bbox 1833 4479 1969 4517; x_wconf 85' lang='lat' dir='ltr'>vero</span> 
     </span>
    </p>
   </div>
   <div class='ocr_carea' id='block_1_79' title="bbox 320 4532 1972 4613">
    <p class='ocr_par' dir='ltr' id='par_1_79' title="bbox 320 4532 1972 4613">
     <span class='ocr_line' id='line_1_80' title="bbox 320 4532 1972 4613; baseline 0.015 -30"><span class='ocrx_word' id='word_1_472' title='bbox 320 4532 569 4600; x_wconf 84' lang='lat' dir='ltr'>gratiam</span> <span class='ocrx_word' id='word_1_473' title='bbox 601 4549 635 4587; x_wconf 95' lang='lat' dir='ltr'>a</span> <span class='ocrx_word' id='word_1_474' title='bbox 658 4534 774 4590; x_wconf 91' lang='lat' dir='ltr'>Deo</span> <span class='ocrx_word' id='word_1_475' title='bbox 805 4537 1126 4608; x_wconf 90' lang='lat' dir='ltr'>accipiens,</span> <span class='ocrx_word' id='word_1_476' title='bbox 1161 4541 1457 4613; x_wconf 86' lang='lat' dir='ltr'>ingentem</span> <span class='ocrx_word' id='word_1_477' title='bbox 1500 4545 1820 4605; x_wconf 90' lang='lat' dir='ltr'>draconem</span> <span class='ocrx_word' id='word_1_478' title='bbox 1851 4567 1972 4606; x_wconf 90' lang='lat' dir='ltr'>non</span> 
     </span>
    </p>
   </div>
   <div class='ocr_carea' id='block_1_80' title="bbox 322 4622 1976 4705">
    <p class='ocr_par' dir='ltr' id='par_1_80' title="bbox 322 4622 1976 4705">
     <span class='ocr_line' id='line_1_81' title="bbox 322 4622 1976 4705; baseline 0.015 -33"><span class='ocrx_word' id='word_1_479' title='bbox 322 4622 577 4690; x_wconf 87' lang='lat' dir='ltr'>procula</span> <span class='ocrx_word' id='word_1_480' title='bbox 605 4627 966 4681; x_wconf 90' lang='lat' dir='ltr'>monasterio</span> <span class='ocrx_word' id='word_1_481' title='bbox 989 4629 1265 4685; x_wconf 88' lang='lat' dir='ltr'>homines</span> <span class='ocrx_word' id='word_1_482' title='bbox 1284 4634 1632 4705; x_wconf 86' lang='lat' dir='ltr'>etjumenta</span> <span class='ocrx_word' id='word_1_483' title='bbox 1651 4640 1976 4697; x_wconf 83' lang='lat' dir='ltr'>conﬁcient</span> 
     </span>
    </p>
   </div>
   <div class='ocr_carea' id='block_1_81' title="bbox 321 4711 1974 4789">
    <p class='ocr_par' dir='ltr' id='par_1_81' title="bbox 321 4711 1974 4789">
     <span class='ocr_line' id='line_1_82' title="bbox 321 4711 1974 4789; baseline 0.012 -27"><span class='ocrx_word' id='word_1_484' title='bbox 321 4715 460 4764; x_wconf 85' lang='lat' dir='ltr'>tem.</span> <span class='ocrx_word' id='word_1_485' title='bbox 495 4711 770 4780; x_wconf 90' lang='lat' dir='ltr'>precibus</span> <span class='ocrx_word' id='word_1_486' title='bbox 801 4715 1036 4772; x_wconf 90' lang='lat' dir='ltr'>occidit.</span> <span class='ocrx_word' id='word_1_487' title='bbox 1065 4719 1248 4789; x_wconf 83' lang='lat' dir='ltr'>Cujus</span> <span class='ocrx_word' id='word_1_488' title='bbox 1270 4719 1429 4779; x_wconf 85' lang='lat' dir='ltr'>fama</span> <span class='ocrx_word' id='word_1_489' title='bbox 1457 4735 1790 4783; x_wconf 90' lang='lat' dir='ltr'>commotus</span> <span class='ocrx_word' id='word_1_490' title='bbox 1823 4728 1974 4783; x_wconf 79' lang='lat' dir='ltr'>Lici-</span> 
     </span>
    </p>
   </div>
   <div class='ocr_carea' id='block_1_82' title="bbox 327 4801 1975 4886">
    <p class='ocr_par' dir='ltr' id='par_1_82' title="bbox 327 4801 1975 4886">
     <span class='ocr_line' id='line_1_83' title="bbox 327 4801 1975 4886; baseline 0.014 -34"><span class='ocrx_word' id='word_1_491' title='bbox 327 4801 652 4870; x_wconf 89' lang='lat' dir='ltr'>nius.quod</span> <span class='ocrx_word' id='word_1_492' title='bbox 675 4804 903 4859; x_wconf 88' lang='lat' dir='ltr'>scilicet</span> <span class='ocrx_word' id='word_1_493' title='bbox 937 4807 1217 4866; x_wconf 84' lang='lat' dir='ltr'>robustus</span> <span class='ocrx_word' id='word_1_494' title='bbox 1249 4818 1308 4866; x_wconf 91' lang='lat' dir='ltr'>et</span> <span class='ocrx_word' id='word_1_495' title='bbox 1336 4812 1504 4870; x_wconf 81' lang='lat' dir='ltr'>fortis</span> <span class='ocrx_word' id='word_1_496' title='bbox 1533 4818 1975 4886; x_wconf 87' lang='lat' dir='ltr'>esset,invitum</span> 
     </span>
    </p>
   </div>
   <div class='ocr_carea' id='block_1_83' title="bbox 327 4889 1978 4976">
    <p class='ocr_par' dir='ltr' id='par_1_83' title="bbox 327 4889 1978 4976">
     <span class='ocr_line' id='line_1_84' title="bbox 327 4889 1978 4976; baseline 0.013 -34"><span class='ocrx_word' id='word_1_497' title='bbox 327 4895 386 4943; x_wconf 84' lang='lat' dir='ltr'>et</span> <span class='ocrx_word' id='word_1_498' title='bbox 417 4889 810 4948; x_wconf 86' lang='lat' dir='ltr'>reluctantem</span> <span class='ocrx_word' id='word_1_499' title='bbox 843 4896 1072 4952; x_wconf 69' lang='lat' dir='ltr'>militias</span> <span class='ocrx_word' id='word_1_500' title='bbox 1103 4901 1515 4972; x_wconf 87' lang='lat' dir='ltr'>ascripsit.Sed</span> <span class='ocrx_word' id='word_1_501' title='bbox 1547 4923 1614 4962; x_wconf 91' lang='lat' dir='ltr'>eo</span> <span class='ocrx_word' id='word_1_502' title='bbox 1639 4914 1896 4976; x_wconf 90' lang='lat' dir='ltr'>mortuo,</span> <span class='ocrx_word' id='word_1_503' title='bbox 1921 4913 1978 4964; x_wconf 88' lang='lat' dir='ltr'>et</span> 
     </span>
    </p>
   </div>
   <div class='ocr_carea' id='block_1_84' title="bbox 329 4983 1976 5072">
    <p class='ocr_par' dir='ltr' id='par_1_84' title="bbox 329 4983 1976 5072">
     <span class='ocr_line' id='line_1_85' title="bbox 329 4983 1976 5072; baseline 0.013 -37"><span class='ocrx_word' id='word_1_504' title='bbox 329 4983 661 5054; x_wconf 90' lang='lat' dir='ltr'>imperante</span> <span class='ocrx_word' id='word_1_505' title='bbox 693 4987 1079 5046; x_wconf 90' lang='lat' dir='ltr'>Constantino</span> <span class='ocrx_word' id='word_1_506' title='bbox 1113 4994 1340 5066; x_wconf 86' lang='lat' dir='ltr'>Magno,</span> <span class='ocrx_word' id='word_1_507' title='bbox 1390 4996 1462 5051; x_wconf 92' lang='lat' dir='ltr'>ab</span> <span class='ocrx_word' id='word_1_508' title='bbox 1493 4999 1771 5072; x_wconf 89' lang='lat' dir='ltr'>episcopo</span> <span class='ocrx_word' id='word_1_509' title='bbox 1799 5001 1976 5072; x_wconf 87' lang='lat' dir='ltr'>Synai</span> 
     </span>
    </p>
   </div>
   <div class='ocr_carea' id='block_1_85' title="bbox 330 5073 1974 5159">
    <p class='ocr_par' dir='ltr' id='par_1_85' title="bbox 330 5073 1974 5159">
     <span class='ocr_line' id='line_1_86' title="bbox 330 5073 1974 5159; baseline 0.012 -32"><span class='ocrx_word' id='word_1_510' title='bbox 330 5073 661 5145; x_wconf 73' lang='lat' dir='ltr'>presbyter,</span> <span class='ocrx_word' id='word_1_511' title='bbox 689 5093 876 5147; x_wconf 91' lang='lat' dir='ltr'>eoque</span> <span class='ocrx_word' id='word_1_512' title='bbox 904 5078 1187 5137; x_wconf 78' lang='lat' dir='ltr'>defuncto</span> <span class='ocrx_word' id='word_1_513' title='bbox 1221 5085 1535 5157; x_wconf 90' lang='lat' dir='ltr'>episcopus</span> <span class='ocrx_word' id='word_1_514' title='bbox 1549 5088 1720 5159; x_wconf 87' lang='lat' dir='ltr'>Synai</span> <span class='ocrx_word' id='word_1_515' title='bbox 1737 5091 1974 5146; x_wconf 86' lang='lat' dir='ltr'>ordina-</span> 
     </span>
    </p>
   </div>
   <div class='ocr_carea' id='block_1_86' title="bbox 331 5168 1978 5252">
    <p class='ocr_par' dir='ltr' id='par_1_86' title="bbox 331 5168 1978 5252">
     <span class='ocr_line' id='line_1_87' title="bbox 331 5168 1978 5252; baseline 0.013 -36"><span class='ocrx_word' id='word_1_516' title='bbox 331 5168 443 5218; x_wconf 90' lang='lat' dir='ltr'>tur.</span> <span class='ocrx_word' id='word_1_517' title='bbox 477 5169 744 5238; x_wconf 89' lang='lat' dir='ltr'>Cumque</span> <span class='ocrx_word' id='word_1_518' title='bbox 777 5169 1036 5239; x_wconf 89' lang='lat' dir='ltr'>plurima</span> <span class='ocrx_word' id='word_1_519' title='bbox 1069 5171 1355 5229; x_wconf 88' lang='lat' dir='ltr'>miracula</span> <span class='ocrx_word' id='word_1_520' title='bbox 1403 5175 1708 5247; x_wconf 89' lang='lat' dir='ltr'>edidisset,</span> <span class='ocrx_word' id='word_1_521' title='bbox 1740 5180 1801 5235; x_wconf 91' lang='lat' dir='ltr'>in</span> <span class='ocrx_word' id='word_1_522' title='bbox 1832 5197 1978 5252; x_wconf 90' lang='lat' dir='ltr'>poce</span> 
     </span>
    </p>
   </div>
   <div class='ocr_carea' id='block_1_87' title="bbox 330 5249 750 5311">
    <p class='ocr_par' dir='ltr' id='par_1_87' title="bbox 330 5249 750 5311">
     <span class='ocr_line' id='line_1_88' title="bbox 330 5249 750 5311; baseline 0.019 -9"><span class='ocrx_word' id='word_1_523' title='bbox 330 5249 509 5307; x_wconf 83' lang='lat' dir='ltr'>vitam</span> <span class='ocrx_word' id='word_1_524' title='bbox 541 5253 750 5311; x_wconf 86' lang='lat' dir='ltr'>ﬁnivit.</span> 
     </span>
    </p>
   </div>
   <div class='ocr_carea' id='block_1_88' title="bbox 982 5527 1320 5585">
    <p class='ocr_par' dir='ltr' id='par_1_88' title="bbox 982 5527 1320 5585">
     <span class='ocr_line' id='line_1_89' title="bbox 982 5527 1320 5585; baseline 0.009 -3"><span class='ocrx_word' id='word_1_525' title='bbox 982 5527 1200 5584; x_wconf 90' lang='lat' dir='ltr'>Eodem</span> <span class='ocrx_word' id='word_1_526' title='bbox 1227 5530 1320 5585; x_wconf 91' lang='lat' dir='ltr'>die</span> 
     </span>
    </p>
   </div>
   <div class='ocr_carea' id='block_1_89' title="bbox 336 5608 1980 5699">
    <p class='ocr_par' dir='ltr' id='par_1_89' title="bbox 336 5608 1980 5699">
     <span class='ocr_line' id='line_1_90' title="bbox 336 5608 1980 5699; baseline 0.013 -36"><span class='ocrx_word' id='word_1_527' title='bbox 336 5608 477 5666; x_wconf 70' lang='lat'>201</span> <span class='ocrx_word' id='word_1_528' title='bbox 521 5615 968 5673; x_wconf 85' lang='lat' dir='ltr'>Commemoratio</span> <span class='ocrx_word' id='word_1_529' title='bbox 997 5621 1180 5673; x_wconf 81' lang='lat' dir='ltr'>sancti</span> <span class='ocrx_word' id='word_1_530' title='bbox 1195 5621 1377 5699; x_wconf 56' lang='lat' dir='ltr'>Ijatris</span> <span class='ocrx_word' id='word_1_531' title='bbox 1401 5626 1576 5678; x_wconf 84' lang='lat' dir='ltr'>nostri</span> <span class='ocrx_word' id='word_1_532' title='bbox 1602 5627 1796 5683; x_wconf 85' lang='lat' dir='ltr'>Leonis</span> <span class='ocrx_word' id='word_1_533' title='bbox 1815 5645 1980 5699; x_wconf 72' lang='lat' dir='ltr'>papae</span> 
     </span>
    </p>
   </div>
   <div class='ocr_carea' id='block_1_90' title="bbox 953 5695 1408 5759">
    <p class='ocr_par' dir='ltr' id='par_1_90' title="bbox 953 5695 1408 5759">
     <span class='ocr_line' id='line_1_91' title="bbox 953 5695 1408 5759; baseline 0.011 -16"><span class='ocrx_word' id='word_1_534' title='bbox 953 5707 1170 5759; x_wconf 63' lang='lat' dir='ltr'>magna;</span> <span class='ocrx_word' id='word_1_535' title='bbox 1203 5695 1408 5750; x_wconf 46' lang='lat' dir='ltr'>Romam</span> 
     </span>
    </p>
   </div>
   <div class='ocr_carea' id='block_1_91' title="bbox 403 5769 1982 5846">
    <p class='ocr_par' dir='ltr' id='par_1_91' title="bbox 403 5769 1982 5846">
     <span class='ocr_line' id='line_1_92' title="bbox 403 5769 1982 5846; baseline 0.013 -20"><span class='ocrx_word' id='word_1_536' title='bbox 403 5769 786 5832; x_wconf 85' lang='lat' dir='ltr'>Admirabilis</span> <span class='ocrx_word' id='word_1_537' title='bbox 821 5777 931 5833; x_wconf 87' lang='lat' dir='ltr'>iste</span> <span class='ocrx_word' id='word_1_538' title='bbox 961 5780 1136 5837; x_wconf 88' lang='lat' dir='ltr'>Pater</span> <span class='ocrx_word' id='word_1_539' title='bbox 1165 5787 1369 5839; x_wconf 90' lang='lat' dir='ltr'>noster</span> <span class='ocrx_word' id='word_1_540' title='bbox 1388 5783 1501 5841; x_wconf 88' lang='lat' dir='ltr'>Leo</span> <span class='ocrx_word' id='word_1_541' title='bbox 1524 5785 1593 5843; x_wconf 89' lang='lat' dir='ltr'>ob</span> <span class='ocrx_word' id='word_1_542' title='bbox 1625 5789 1845 5846; x_wconf 89' lang='lat' dir='ltr'>multas</span> <span class='ocrx_word' id='word_1_543' title='bbox 1865 5790 1982 5846; x_wconf 88' lang='lat' dir='ltr'>vir-</span> 
     </span>
    </p>
   </div>
   <div class='ocr_carea' id='block_1_92' title="bbox 2634 3639 3162 3696">
    <p class='ocr_par' dir='ltr' id='par_1_92' title="bbox 2634 3639 3162 3696">
     <span class='ocr_line' id='line_1_93' title="bbox 2634 3639 3162 3696; baseline -0.002 0"><span class='ocrx_word' id='word_1_544' title='bbox 2634 3639 2817 3696; x_wconf 81' lang='lat' dir='ltr'>MHNI</span> <span class='ocrx_word' id='word_1_545' title='bbox 2846 3639 2936 3694; x_wconf 86' lang='grc' dir='ltr'>ΤΩ</span> <span class='ocrx_word' id='word_1_546' title='bbox 2965 3642 3162 3696; x_wconf 81' lang='grc' dir='ltr'>ΑΥΤΩ.</span> 
     </span>
    </p>
   </div>
   <div class='ocr_carea' id='block_1_93' title="bbox 2854 3758 2944 3814">
    <p class='ocr_par' dir='ltr' id='par_1_93' title="bbox 2854 3758 2944 3814">
     <span class='ocr_line' id='line_1_94' title="bbox 2854 3758 2944 3814; baseline 0.022 -2"><span class='ocrx_word' id='word_1_547' title='bbox 2854 3758 2944 3814; x_wconf 79' lang='lat' dir='ltr'>IH‘</span> 
     </span>
    </p>
   </div>
   <div class='ocr_carea' id='block_1_94' title="bbox 2073 3856 3727 3940">
    <p class='ocr_par' dir='ltr' id='par_1_94' title="bbox 2073 3856 3727 3940">
     <span class='ocr_line' id='line_1_95' title="bbox 2073 3856 3727 3940; baseline 0.008 -34"><span class='ocrx_word' id='word_1_548' title='bbox 2073 3866 2193 3934; x_wconf 71' lang='grc' dir='ltr'>Μνή</span> <span class='ocrx_word' id='word_1_549' title='bbox 2206 3885 2282 3937; x_wconf 80' lang='grc' dir='ltr'>μη</span> <span class='ocrx_word' id='word_1_550' title='bbox 2309 3863 2406 3916; x_wconf 81' lang='grc' dir='ltr'>τοῦ</span> <span class='ocrx_word' id='word_1_551' title='bbox 2432 3859 2491 3940; x_wconf 49' lang='grc' dir='ltr'>ἐν</span> <span class='ocrx_word' id='word_1_552' title='bbox 2520 3856 2699 3932; x_wconf 79' lang='grc' dir='ltr'>ἁγίοις</span> <span class='ocrx_word' id='word_1_553' title='bbox 2717 3856 2942 3940; x_wconf 41' lang='grc' dir='ltr'>ῌΠατρὸς</span> <span class='ocrx_word' id='word_1_554' title='bbox 2961 3859 3004 3940; x_wconf 38' lang='grc' dir='ltr'>,ἡ</span> <span class='ocrx_word' id='word_1_555' title='bbox 3017 3862 3172 3940; x_wconf 63' lang='grc' dir='ltr'>μῶν-</span> <span class='ocrx_word' id='word_1_556' title='bbox 3189 3859 3278 3915; x_wconf 88' lang='lat' dir='ltr'>xui</span> <span class='ocrx_word' id='word_1_557' title='bbox 3311 3862 3727 3940; x_wconf 63' lang='grc' dir='ltr'>ραυματουργοῢ</span> 
     </span>
    </p>
   </div>
   <div class='ocr_carea' id='block_1_95' title="bbox 2429 3930 3365 4006">
    <p class='ocr_par' dir='ltr' id='par_1_95' title="bbox 2429 3930 3365 4006">
     <span class='ocr_line' id='line_1_96' title="bbox 2429 3930 3365 4006; baseline 0.002 -19"><span class='ocrx_word' id='word_1_558' title='bbox 2429 3930 2745 4006; x_wconf 80' lang='grc' dir='ltr'>Ἀγαπητοῠ</span> <span class='ocrx_word' id='word_1_559' title='bbox 2785 3930 3084 3984; x_wconf 80' lang='grc' dir='ltr'>ἐπισκόπου</span> <span class='ocrx_word' id='word_1_560' title='bbox 3135 3936 3365 3990; x_wconf 83' lang='grc' dir='ltr'>Συναοῦ.</span> 
     </span>
    </p>
   </div>
   <div class='ocr_carea' id='block_1_96' title="bbox 2147 4018 3724 4096">
    <p class='ocr_par' dir='ltr' id='par_1_96' title="bbox 2147 4018 3724 4096">
     <span class='ocr_line' id='line_1_97' title="bbox 2147 4018 3724 4096; baseline 0.001 -20"><span class='ocrx_word' id='word_1_561' title='bbox 2147 4023 2208 4079; x_wconf 91' lang='grc' dir='ltr'>Ὁ</span> <span class='ocrx_word' id='word_1_562' title='bbox 2240 4019 2392 4096; x_wconf 78' lang='grc' dir='ltr'>ἆίγιος</span> <span class='ocrx_word' id='word_1_563' title='bbox 2425 4020 2610 4093; x_wconf 76' lang='grc' dir='ltr'>Πατὴρ</span> <span class='ocrx_word' id='word_1_564' title='bbox 2642 4019 2803 4090; x_wconf 79' lang='grc' dir='ltr'>ἡμῶν</span> <span class='ocrx_word' id='word_1_565' title='bbox 2836 4018 3152 4090; x_wconf 87' lang='grc' dir='ltr'>Ἀγαπητὸς</span> <span class='ocrx_word' id='word_1_566' title='bbox 3207 4019 3454 4095; x_wconf 82' lang='grc' dir='ltr'>ὑπῆρχεν</span> <span class='ocrx_word' id='word_1_567' title='bbox 3505 4019 3592 4076; x_wconf 84' lang='grc' dir='ltr'>ἐπὶ</span> <span class='ocrx_word' id='word_1_568' title='bbox 3623 4029 3724 4092; x_wconf 83' lang='grc' dir='ltr'>τῆς</span> 
     </span>
    </p>
   </div>
   <div class='ocr_carea' id='block_1_97' title="bbox 2082 4105 3726 4188">
    <p class='ocr_par' dir='ltr' id='par_1_97' title="bbox 2082 4105 3726 4188">
     <span class='ocr_line' id='line_1_98' title="bbox 2082 4105 3726 4188; baseline 0.001 -22"><span class='ocrx_word' id='word_1_569' title='bbox 2082 4111 2361 4188; x_wconf 86' lang='grc' dir='ltr'>βασιλείας</span> <span class='ocrx_word' id='word_1_570' title='bbox 2395 4105 2813 4178; x_wconf 82' lang='grc' dir='ltr'>Διοκλητιανοῦ,</span> <span class='ocrx_word' id='word_1_571' title='bbox 2847 4107 2937 4162; x_wconf 80' lang='grc' dir='ltr'>καὶ</span> <span class='ocrx_word' id='word_1_572' title='bbox 2968 4108 3312 4179; x_wconf 70' lang='grc' dir='ltr'>Μάξιμιανιοῢ</span> <span class='ocrx_word' id='word_1_573' title='bbox 3357 4113 3454 4165; x_wconf 80' lang='grc' dir='ltr'>τοῦ</span> <span class='ocrx_word' id='word_1_574' title='bbox 3502 4111 3726 4187; x_wconf 81' lang='grc' dir='ltr'>Ἑρκου-</span> 
     </span>
    </p>
   </div>
   <div class='ocr_carea' id='block_1_98' title="bbox 2077 4197 3728 4276">
    <p class='ocr_par' dir='ltr' id='par_1_98' title="bbox 2077 4197 3728 4276">
     <span class='ocr_line' id='line_1_99' title="bbox 2077 4197 3728 4276; baseline -0.002 -18"><span class='ocrx_word' id='word_1_575' title='bbox 2077 4203 2232 4274; x_wconf 81' lang='grc' dir='ltr'>λίου,</span> <span class='ocrx_word' id='word_1_576' title='bbox 2308 4200 2412 4255; x_wconf 83' lang='grc' dir='ltr'>ἀπὸ</span> <span class='ocrx_word' id='word_1_577' title='bbox 2498 4199 2685 4273; x_wconf 88' lang='grc' dir='ltr'>χώρας</span> <span class='ocrx_word' id='word_1_578' title='bbox 2742 4204 2844 4267; x_wconf 87' lang='grc' dir='ltr'>τῆς</span> <span class='ocrx_word' id='word_1_579' title='bbox 2923 4197 3330 4268; x_wconf 82' lang='grc' dir='ltr'>Καππαδοκίας,</span> <span class='ocrx_word' id='word_1_580' title='bbox 3389 4203 3728 4276; x_wconf 87' lang='grc' dir='ltr'>Χριστιανῶν</span> 
     </span>
    </p>
   </div>
   <div class='ocr_carea' id='block_1_99' title="bbox 2081 4284 3731 4367">
    <p class='ocr_par' dir='ltr' id='par_1_99' title="bbox 2081 4284 3731 4367">
     <span class='ocr_line' id='line_1_100' title="bbox 2081 4284 3731 4367; baseline 0 -21"><span class='ocrx_word' id='word_1_581' title='bbox 2081 4292 2286 4367; x_wconf 84' lang='grc' dir='ltr'>γονέων</span> <span class='ocrx_word' id='word_1_582' title='bbox 2346 4288 2484 4350; x_wconf 66' lang='grc' dir='ltr'>υἱός.</span> <span class='ocrx_word' id='word_1_583' title='bbox 2540 4286 2789 4356; x_wconf 79' lang='grc' dir='ltr'>Ἀπῆλθε</span> <span class='ocrx_word' id='word_1_584' title='bbox 2876 4284 2932 4341; x_wconf 72' lang='grc' dir='ltr'>δὲ</span> <span class='ocrx_word' id='word_1_585' title='bbox 3045 4287 3122 4349; x_wconf 71' lang='grc' dir='ltr'>εἷς</span> <span class='ocrx_word' id='word_1_586' title='bbox 3201 4293 3588 4365; x_wconf 85' lang='grc' dir='ltr'>μοναστήριον,</span> <span class='ocrx_word' id='word_1_587' title='bbox 3642 4294 3731 4348; x_wconf 78' lang='grc' dir='ltr'>καὶ</span> 
     </span>
    </p>
   </div>
   <div class='ocr_carea' id='block_1_100' title="bbox 1741 4371 3728 4468">
    <p class='ocr_par' dir='ltr' id='par_1_100' title="bbox 1741 4371 3728 4468">
     <span class='ocr_line' id='line_1_101' title="bbox 1741 4371 3728 4468; baseline 0.006 -45"><span class='ocrx_word' id='word_1_588' title='bbox 1741 4371 1971 4441; x_wconf 86' lang='lat' dir='ltr'>pprime</span> <span class='ocrx_word' id='word_1_589' title='bbox 2000 4403 2048 4468; x_wconf 70' lang='grc' dir='ltr'>Β</span> <span class='ocrx_word' id='word_1_590' title='bbox 2081 4379 2285 4455; x_wconf 73' lang='grc' dir='ltr'>ἐγένετο</span> <span class='ocrx_word' id='word_1_591' title='bbox 2320 4377 2589 4451; x_wconf 88' lang='grc' dir='ltr'>μοναχός.</span> <span class='ocrx_word' id='word_1_592' title='bbox 2647 4378 2931 4468; x_wconf 73' lang='grc' dir='ltr'>ᾞγαπήθη</span> <span class='ocrx_word' id='word_1_593' title='bbox 2993 4374 3055 4468; x_wconf 10' lang='grc' dir='ltr'>δὲ,</span> <span class='ocrx_word' id='word_1_594' title='bbox 3098 4377 3369 4468; x_wconf 12' lang='grc' dir='ltr'>παρᾶῗτου</span> <span class='ocrx_word' id='word_1_595' title='bbox 3400 4380 3728 4468; x_wconf 59' lang='grc' dir='ltr'>ἡγουμένου,</span> 
     </span>
    </p>
   </div>
   <div class='ocr_carea' id='block_1_101' title="bbox 2083 4462 3728 4544">
    <p class='ocr_par' dir='ltr' id='par_1_101' title="bbox 2083 4462 3728 4544">
     <span class='ocr_line' id='line_1_102' title="bbox 2083 4462 3728 4544; baseline 0 -20"><span class='ocrx_word' id='word_1_596' title='bbox 2083 4467 2172 4524; x_wconf 83' lang='grc' dir='ltr'>διὰ</span> <span class='ocrx_word' id='word_1_597' title='bbox 2199 4469 2300 4536; x_wconf 75' lang='grc' dir='ltr'>τὴν</span> <span class='ocrx_word' id='word_1_598' title='bbox 2321 4467 2564 4541; x_wconf 80' lang='grc' dir='ltr'>ἐνάρετον</span> <span class='ocrx_word' id='word_1_599' title='bbox 2617 4465 2782 4520; x_wconf 80' lang='grc' dir='ltr'>αὐτοῦ</span> <span class='ocrx_word' id='word_1_600' title='bbox 2838 4462 3145 4536; x_wconf 87' lang='grc' dir='ltr'>πολιτείαν,</span> <span class='ocrx_word' id='word_1_601' title='bbox 3179 4467 3268 4521; x_wconf 86' lang='grc' dir='ltr'>καὶ</span> <span class='ocrx_word' id='word_1_602' title='bbox 3325 4465 3585 4544; x_wconf 83' lang='grc' dir='ltr'>ἐδιδάχθη</span> <span class='ocrx_word' id='word_1_603' title='bbox 3640 4470 3728 4524; x_wconf 85' lang='grc' dir='ltr'>καὶ</span> 
     </span>
    </p>
   </div>
   <div class='ocr_carea' id='block_1_102' title="bbox 2077 4549 3730 4633">
    <p class='ocr_par' dir='ltr' id='par_1_102' title="bbox 2077 4549 3730 4633">
     <span class='ocr_line' id='line_1_103' title="bbox 2077 4549 3730 4633; baseline -0.004 -19"><span class='ocrx_word' id='word_1_604' title='bbox 2077 4561 2144 4614; x_wconf 77' lang='grc' dir='ltr'>τὰ</span> <span class='ocrx_word' id='word_1_605' title='bbox 2173 4558 2293 4630; x_wconf 73' lang='grc' dir='ltr'>ἱερά</span> <span class='ocrx_word' id='word_1_606' title='bbox 2321 4557 2639 4633; x_wconf 79' lang='grc' dir='ltr'>γράμματα’</span> <span class='ocrx_word' id='word_1_607' title='bbox 2703 4549 2888 4610; x_wconf 78' lang='grc' dir='ltr'>λαϐὼν</span> <span class='ocrx_word' id='word_1_608' title='bbox 2950 4553 3008 4610; x_wconf 75' lang='grc' dir='ltr'>δὲ</span> <span class='ocrx_word' id='word_1_609' title='bbox 3065 4557 3210 4630; x_wconf 78' lang='grc' dir='ltr'>παρὰ</span> <span class='ocrx_word' id='word_1_610' title='bbox 3266 4562 3400 4612; x_wconf 81' lang='grc' dir='ltr'>Θεοῦ</span> <span class='ocrx_word' id='word_1_611' title='bbox 3457 4558 3547 4612; x_wconf 83' lang='grc' dir='ltr'>καὶ</span> <span class='ocrx_word' id='word_1_612' title='bbox 3607 4570 3730 4623; x_wconf 89' lang='grc' dir='ltr'>θαυ.</span> 
     </span>
    </p>
   </div>
   <div class='ocr_carea' id='block_1_103' title="bbox 2084 4642 3731 4722">
    <p class='ocr_par' dir='ltr' id='par_1_103' title="bbox 2084 4642 3731 4722">
     <span class='ocr_line' id='line_1_104' title="bbox 2084 4642 3731 4722; baseline 0.001 -19"><span class='ocrx_word' id='word_1_613' title='bbox 2084 4647 2266 4722; x_wconf 87' lang='grc' dir='ltr'>μάτων</span> <span class='ocrx_word' id='word_1_614' title='bbox 2291 4648 2564 4722; x_wconf 86' lang='grc' dir='ltr'>χάρισμα,</span> <span class='ocrx_word' id='word_1_615' title='bbox 2598 4642 2864 4720; x_wconf 87' lang='grc' dir='ltr'>δράκοντα</span> <span class='ocrx_word' id='word_1_616' title='bbox 2899 4645 3061 4719; x_wconf 84' lang='grc' dir='ltr'>μέγαν</span> <span class='ocrx_word' id='word_1_617' title='bbox 3113 4643 3351 4714; x_wconf 86' lang='grc' dir='ltr'>πλησίον</span> <span class='ocrx_word' id='word_1_618' title='bbox 3405 4653 3501 4702; x_wconf 75' lang='grc' dir='ltr'>τοῦ</span> <span class='ocrx_word' id='word_1_619' title='bbox 3556 4671 3731 4722; x_wconf 90' lang='grc' dir='ltr'>μονα-</span> 
     </span>
    </p>
   </div>
   <div class='ocr_carea' id='block_1_104' title="bbox 2081 4734 3734 4813">
    <p class='ocr_par' dir='ltr' id='par_1_104' title="bbox 2081 4734 3734 4813">
     <span class='ocr_line' id='line_1_105' title="bbox 2081 4734 3734 4813; baseline 0.003 -23"><span class='ocrx_word' id='word_1_620' title='bbox 2081 4736 2306 4812; x_wconf 84' lang='grc' dir='ltr'>στηρίου</span> <span class='ocrx_word' id='word_1_621' title='bbox 2337 4737 2588 4813; x_wconf 77' lang='grc' dir='ltr'>φανέντα,</span> <span class='ocrx_word' id='word_1_622' title='bbox 2612 4735 2703 4789; x_wconf 84' lang='grc' dir='ltr'>καὶ</span> <span class='ocrx_word' id='word_1_623' title='bbox 2733 4734 3063 4812; x_wconf 77' lang='grc' dir='ltr'>ἀφανίζοντα</span> <span class='ocrx_word' id='word_1_624' title='bbox 3124 4735 3213 4789; x_wconf 87' lang='grc' dir='ltr'>καὶ</span> <span class='ocrx_word' id='word_1_625' title='bbox 3269 4737 3590 4812; x_wconf 82' lang='grc' dir='ltr'>ἀνθρώπους</span> <span class='ocrx_word' id='word_1_626' title='bbox 3645 4740 3734 4795; x_wconf 84' lang='grc' dir='ltr'>καὶ</span> 
     </span>
    </p>
   </div>
   <div class='ocr_carea' id='block_1_105' title="bbox 2079 4823 3734 4904">
    <p class='ocr_par' dir='ltr' id='par_1_105' title="bbox 2079 4823 3734 4904">
     <span class='ocr_line' id='line_1_106' title="bbox 2079 4823 3734 4904; baseline -0.004 -21"><span class='ocrx_word' id='word_1_627' title='bbox 2079 4830 2281 4897; x_wconf 84' lang='grc' dir='ltr'>κτήνη,</span> <span class='ocrx_word' id='word_1_628' title='bbox 2315 4823 2406 4880; x_wconf 82' lang='grc' dir='ltr'>διὰ</span> <span class='ocrx_word' id='word_1_629' title='bbox 2444 4832 2760 4900; x_wconf 80' lang='grc' dir='ltr'>προσευχῆς</span> <span class='ocrx_word' id='word_1_630' title='bbox 2822 4825 3142 4888; x_wconf 84' lang='grc' dir='ltr'>ἐθανάτωσε,</span> <span class='ocrx_word' id='word_1_631' title='bbox 3189 4827 3319 4901; x_wconf 80' lang='grc' dir='ltr'>Περὶ</span> <span class='ocrx_word' id='word_1_632' title='bbox 3372 4827 3570 4883; x_wconf 77' lang='grc' dir='ltr'>τούτου</span> <span class='ocrx_word' id='word_1_633' title='bbox 3631 4852 3734 4904; x_wconf 89' lang='grc' dir='ltr'>μα-</span> 
     </span>
    </p>
   </div>
   <div class='ocr_carea' id='block_1_106' title="bbox 2084 4911 3731 4992">
    <p class='ocr_par' dir='ltr' id='par_1_106' title="bbox 2084 4911 3731 4992">
     <span class='ocr_line' id='line_1_107' title="bbox 2084 4911 3731 4992; baseline -0.001 -21"><span class='ocrx_word' id='word_1_634' title='bbox 2084 4918 2190 4981; x_wconf 87' lang='grc' dir='ltr'>θὼν</span> <span class='ocrx_word' id='word_1_635' title='bbox 2217 4915 2244 4970; x_wconf 86' lang='grc' dir='ltr'><strong>ὁ</strong></span> <span class='ocrx_word' id='word_1_636' title='bbox 2278 4917 2572 4984; x_wconf 85' lang='grc' dir='ltr'>Λικίννιος,</span> <span class='ocrx_word' id='word_1_637' title='bbox 2597 4912 2678 4969; x_wconf 80' lang='grc' dir='ltr'>ὅτι</span> <span class='ocrx_word' id='word_1_638' title='bbox 2711 4911 2958 4986; x_wconf 85' lang='grc' dir='ltr'>ἀνδρεῖός</span> <span class='ocrx_word' id='word_1_639' title='bbox 2990 4915 3154 4984; x_wconf 83' lang='grc' dir='ltr'>ἐστιν,</span> <span class='ocrx_word' id='word_1_640' title='bbox 3213 4914 3544 4980; x_wconf 71' lang='grc' dir='ltr'>ἀποστείλας</span> <span class='ocrx_word' id='word_1_641' title='bbox 3593 4917 3731 4992; x_wconf 74' lang='grc' dir='ltr'>ἢγα-</span> 
     </span>
    </p>
   </div>
   <div class='ocr_carea' id='block_1_107' title="bbox 2081 5002 3736 5081">
    <p class='ocr_par' dir='ltr' id='par_1_107' title="bbox 2081 5002 3736 5081">
     <span class='ocr_line' id='line_1_108' title="bbox 2081 5002 3736 5081; baseline 0.005 -25"><span class='ocrx_word' id='word_1_642' title='bbox 2081 5027 2168 5081; x_wconf 83' lang='grc' dir='ltr'>γεν</span> <span class='ocrx_word' id='word_1_643' title='bbox 2237 5003 2422 5073; x_wconf 80' lang='grc' dir='ltr'>αὐτὸν,</span> <span class='ocrx_word' id='word_1_644' title='bbox 2479 5005 2568 5058; x_wconf 86' lang='grc' dir='ltr'>καὶ</span> <span class='ocrx_word' id='word_1_645' title='bbox 2637 5003 2714 5076; x_wconf 77' lang='grc' dir='ltr'>μὴ</span> <span class='ocrx_word' id='word_1_646' title='bbox 2775 5002 3116 5078; x_wconf 86' lang='grc' dir='ltr'>βουλόμενος</span> <span class='ocrx_word' id='word_1_647' title='bbox 3185 5003 3551 5079; x_wconf 87' lang='grc' dir='ltr'>ἐστράτευσεν·</span> <span class='ocrx_word' id='word_1_648' title='bbox 3608 5007 3736 5064; x_wconf 79' lang='grc' dir='ltr'>ἀλλ’</span> 
     </span>
    </p>
   </div>
   <div class='ocr_carea' id='block_1_108' title="bbox 2085 5093 3740 5174">
    <p class='ocr_par' dir='ltr' id='par_1_108' title="bbox 2085 5093 3740 5174">
     <span class='ocr_line' id='line_1_109' title="bbox 2085 5093 3740 5174; baseline 0.001 -22"><span class='ocrx_word' id='word_1_649' title='bbox 2085 5096 2291 5152; x_wconf 88' lang='grc' dir='ltr'>ἐκείνου</span> <span class='ocrx_word' id='word_1_650' title='bbox 2327 5095 2422 5167; x_wconf 75' lang='grc' dir='ltr'>μὲν</span> <span class='ocrx_word' id='word_1_651' title='bbox 2463 5093 2915 5164; x_wconf 84' lang='grc' dir='ltr'>τελευτήσαντος,</span> <span class='ocrx_word' id='word_1_652' title='bbox 2975 5093 3064 5149; x_wconf 87' lang='grc' dir='ltr'>ἐπὶ</span> <span class='ocrx_word' id='word_1_653' title='bbox 3121 5098 3217 5149; x_wconf 78' lang='grc' dir='ltr'>τοῦ</span> <span class='ocrx_word' id='word_1_654' title='bbox 3278 5094 3519 5170; x_wconf 83' lang='grc' dir='ltr'>μεγάλου</span> <span class='ocrx_word' id='word_1_655' title='bbox 3581 5099 3740 5174; x_wconf 86' lang='grc' dir='ltr'>βασι-</span> 
     </span>
    </p>
   </div>
   <div class='ocr_carea' id='block_1_109' title="bbox 2087 5183 3738 5262">
    <p class='ocr_par' dir='ltr' id='par_1_109' title="bbox 2087 5183 3738 5262">
     <span class='ocr_line' id='line_1_110' title="bbox 2087 5183 3738 5262; baseline 0.001 -20"><span class='ocrx_word' id='word_1_656' title='bbox 2087 5185 2228 5248; x_wconf 83' lang='grc' dir='ltr'>λέως</span> <span class='ocrx_word' id='word_1_657' title='bbox 2294 5184 2730 5255; x_wconf 86' lang='grc' dir='ltr'>Κωνσταντίνου,</span> <span class='ocrx_word' id='word_1_658' title='bbox 2790 5183 2936 5258; x_wconf 83' lang='grc' dir='ltr'>παρὰ</span> <span class='ocrx_word' id='word_1_659' title='bbox 2987 5188 3083 5239; x_wconf 80' lang='grc' dir='ltr'>τοῦ</span> <span class='ocrx_word' id='word_1_660' title='bbox 3140 5183 3445 5239; x_wconf 82' lang='grc' dir='ltr'>ἐπισκόπου</span> <span class='ocrx_word' id='word_1_661' title='bbox 3503 5192 3738 5262; x_wconf 78' lang='grc' dir='ltr'>Συναοῦ,</span> 
     </span>
    </p>
   </div>
   <div class='ocr_carea' id='block_1_110' title="bbox 2088 5268 3743 5350">
    <p class='ocr_par' dir='ltr' id='par_1_110' title="bbox 2088 5268 3743 5350">
     <span class='ocr_line' id='line_1_111' title="bbox 2088 5268 3743 5350; baseline 0 -20"><span class='ocrx_word' id='word_1_662' title='bbox 2088 5279 2488 5350; x_wconf 86' lang='grc' dir='ltr'>χειροτονεῖται</span> <span class='ocrx_word' id='word_1_663' title='bbox 2554 5268 2941 5349; x_wconf 71' lang='grc' dir='ltr'>’πρεσϐύτερος⁸</span> <span class='ocrx_word' id='word_1_664' title='bbox 3022 5273 3114 5328; x_wconf 85' lang='grc' dir='ltr'>καὶ</span> <span class='ocrx_word' id='word_1_665' title='bbox 3176 5273 3311 5347; x_wconf 78' lang='grc' dir='ltr'>μετὰ</span> <span class='ocrx_word' id='word_1_666' title='bbox 3363 5276 3589 5337; x_wconf 89' lang='grc' dir='ltr'>θάνατον</span> <span class='ocrx_word' id='word_1_667' title='bbox 3646 5280 3743 5334; x_wconf 79' lang='grc' dir='ltr'>τοῦ</span> 
     </span>
    </p>
   </div>
   <div class='ocr_carea' id='block_1_111' title="bbox 2088 5359 3746 5436">
    <p class='ocr_par' dir='ltr' id='par_1_111' title="bbox 2088 5359 3746 5436">
     <span class='ocr_line' id='line_1_112' title="bbox 2088 5359 3746 5436; baseline 0.004 -18"><span class='ocrx_word' id='word_1_668' title='bbox 2088 5359 2418 5433; x_wconf 80' lang='grc' dir='ltr'>ἐπισκόπου,</span> <span class='ocrx_word' id='word_1_669' title='bbox 2476 5362 2681 5436; x_wconf 87' lang='grc' dir='ltr'>γίνεται</span> <span class='ocrx_word' id='word_1_670' title='bbox 2767 5361 3064 5425; x_wconf 85' lang='grc' dir='ltr'>ἐπίσκοπος</span> <span class='ocrx_word' id='word_1_671' title='bbox 3124 5364 3351 5420; x_wconf 67' lang='grc' dir='ltr'>Συιιαοῦ·</span> <span class='ocrx_word' id='word_1_672' title='bbox 3411 5369 3500 5423; x_wconf 86' lang='grc' dir='ltr'>καὶ</span> <span class='ocrx_word' id='word_1_673' title='bbox 3558 5368 3746 5426; x_wconf 83' lang='grc' dir='ltr'>πολλᾶ</span> 
     </span>
    </p>
   </div>
   <div class='ocr_carea' id='block_1_112' title="bbox 2090 5453 3527 5528">
    <p class='ocr_par' dir='ltr' id='par_1_112' title="bbox 2090 5453 3527 5528">
     <span class='ocr_line' id='line_1_113' title="bbox 2090 5453 3527 5528; baseline 0.003 -20"><span class='ocrx_word' id='word_1_674' title='bbox 2090 5453 2343 5528; x_wconf 82' lang='grc' dir='ltr'>θαύματα</span> <span class='ocrx_word' id='word_1_675' title='bbox 2372 5455 2630 5524; x_wconf 82' lang='grc' dir='ltr'>ποιήσας,</span> <span class='ocrx_word' id='word_1_676' title='bbox 2659 5453 2711 5508; x_wconf 90' lang='grc' dir='ltr'>ἐν</span> <span class='ocrx_word' id='word_1_677' title='bbox 2739 5453 2926 5526; x_wconf 83' lang='grc' dir='ltr'>εἰρήνῃ</span> <span class='ocrx_word' id='word_1_678' title='bbox 2957 5454 3045 5508; x_wconf 90' lang='grc' dir='ltr'>τὸν</span> <span class='ocrx_word' id='word_1_679' title='bbox 3090 5453 3204 5526; x_wconf 88' lang='grc' dir='ltr'>βίον</span> <span class='ocrx_word' id='word_1_680' title='bbox 3240 5453 3527 5516; x_wconf 75' lang='grc' dir='ltr'>ἀπέλιπεν,</span> 
     </span>
    </p>
   </div>
   <div class='ocr_carea' id='block_1_113' title="bbox 2659 5541 3173 5618">
    <p class='ocr_par' dir='ltr' id='par_1_113' title="bbox 2659 5541 3173 5618">
     <span class='ocr_line' id='line_1_114' title="bbox 2659 5541 3173 5618; baseline -0.002 -2"><span class='ocrx_word' id='word_1_681' title='bbox 2659 5547 2736 5616; x_wconf 76' lang='grc' dir='ltr'>Τῇ</span> <span class='ocrx_word' id='word_1_682' title='bbox 2793 5541 2929 5614; x_wconf 72' lang='grc' dir='ltr'>αὐτῇ</span> <span class='ocrx_word' id='word_1_683' title='bbox 2988 5545 3173 5618; x_wconf 73' lang='grc' dir='ltr'>ἡμέρᾳ</span> 
     </span>
    </p>
   </div>
   <div class='ocr_carea' id='block_1_114' title="bbox 2091 5631 3745 5712">
    <p class='ocr_par' dir='ltr' id='par_1_114' title="bbox 2091 5631 3745 5712">
     <span class='ocr_line' id='line_1_115' title="bbox 2091 5631 3745 5712; baseline 0.004 -23"><span class='ocrx_word' id='word_1_684' title='bbox 2091 5633 2303 5706; x_wconf 86' lang='grc' dir='ltr'>Μνήμη</span> <span class='ocrx_word' id='word_1_685' title='bbox 2336 5637 2435 5688; x_wconf 83' lang='grc' dir='ltr'>τοῦ</span> <span class='ocrx_word' id='word_1_686' title='bbox 2467 5631 2517 5688; x_wconf 89' lang='grc' dir='ltr'>ἐν</span> <span class='ocrx_word' id='word_1_687' title='bbox 2550 5632 2724 5709; x_wconf 85' lang='grc' dir='ltr'>ἁγίοις</span> <span class='ocrx_word' id='word_1_688' title='bbox 2752 5633 3152 5712; x_wconf 56' lang='grc' dir='ltr'>[ξατρρςῇμῶν</span> <span class='ocrx_word' id='word_1_689' title='bbox 3186 5634 3420 5700; x_wconf 85' lang='grc' dir='ltr'>Λέοντος</span> <span class='ocrx_word' id='word_1_690' title='bbox 3465 5637 3617 5694; x_wconf 87' lang='grc' dir='ltr'>πάπα</span> <span class='ocrx_word' id='word_1_691' title='bbox 3645 5649 3745 5712; x_wconf 81' lang='grc' dir='ltr'>τῆς</span> 
     </span>
    </p>
   </div>
   <div class='ocr_carea' id='block_1_115' title="bbox 2643 5701 3167 5778">
    <p class='ocr_par' dir='ltr' id='par_1_115' title="bbox 2643 5701 3167 5778">
     <span class='ocr_line' id='line_1_116' title="bbox 2643 5701 3167 5778; baseline 0.004 -19"><span class='ocrx_word' id='word_1_692' title='bbox 2643 5701 2888 5778; x_wconf 80' lang='grc' dir='ltr'>μεγάλης</span> <span class='ocrx_word' id='word_1_693' title='bbox 2919 5701 3167 5778; x_wconf 84' lang='grc' dir='ltr'>Ῥώμης.</span> 
     </span>
    </p>
   </div>
   <div class='ocr_carea' id='block_1_116' title="bbox 2164 5789 3742 5874">
    <p class='ocr_par' dir='ltr' id='par_1_116' title="bbox 2164 5789 3742 5874">
     <span class='ocr_line' id='line_1_117' title="bbox 2164 5789 3742 5874; baseline 0.004 -22"><span class='ocrx_word' id='word_1_694' title='bbox 2164 5795 2225 5852; x_wconf 87' lang='lat'>&#39;0</span> <span class='ocrx_word' id='word_1_695' title='bbox 2267 5789 2565 5869; x_wconf 67' lang='grc' dir='ltr'>θαυμάσιος</span> <span class='ocrx_word' id='word_1_696' title='bbox 2599 5791 2758 5858; x_wconf 76' lang='grc' dir='ltr'>οὗτος</span> <span class='ocrx_word' id='word_1_697' title='bbox 2813 5792 3002 5869; x_wconf 77' lang='grc' dir='ltr'>Πατὴρ</span> <span class='ocrx_word' id='word_1_698' title='bbox 3067 5793 3230 5869; x_wconf 80' lang='grc' dir='ltr'>ἡμῶν</span> <span class='ocrx_word' id='word_1_699' title='bbox 3288 5797 3464 5870; x_wconf 76' lang='grc' dir='ltr'>Λέων,</span> <span class='ocrx_word' id='word_1_700' title='bbox 3498 5797 3589 5856; x_wconf 80' lang='grc' dir='ltr'>διὰ</span> <span class='ocrx_word' id='word_1_701' title='bbox 3641 5803 3742 5874; x_wconf 83' lang='grc' dir='ltr'>τήν</span> 
     </span>
    </p>
   </div>
  </div>
