4132 6452
389 416 512 477 321

1827 409 2366 476 FEBRUARIUS.

3699 428 3821 490 322

383 541 612 613 πολλὴν
654 542 820 600 αὐτοῦ
879 545 1074 622 ἀρετὴν
1137 543 1227 599 καὶ
1285 541 1644 622 σωφροσύνην
1673 544 1764 599 καὶ
1816 542 2042 619 καθαρό-

2171 549 2328 602 tutes
2359 563 2497 603 suas
2518 553 2574 603 et
2596 551 3028 607 continentiam
3050 557 3228 625 atque
3254 554 3576 626 puritatem
3595 559 3828 631 episco-

379 655 566 704 τητα,
625 633 921 690 ἐπίσκοπος
975 633 1384 710 προχειρίζεται
1443 640 1546 704 τῆς
1608 631 1859 708 μεγάλης
1918 633 2058 690 Ῥώ-

383 726 642 796 μης,καὶ
685 722 1008 798 διεπράξατο
1070 725 1164 797 μὲν
1227 725 1317 778 καὶ
1368 723 1517 779 ἄλλα
1572 721 1760 780 πολλὰ
1812 724 1929 796 ἄξια
1958 730 2058 793 τῆς

383 813 602 870 ἐκείνου
652 816 850 888 ἄρετῆς
883 857 898 883 ,
968 815 1254 891 ἐξαιρέτως
1331 810 1386 869 δὲ
1449 813 1511 868 τὸ
1561 815 1685 889 περὶ
1741 821 1842 884 τῆς
1892 814 2058 886 ὀρθῆς

384 904 676 966 πίστεως’
738 904 875 959 κατὰ
954 904 1057 979 γὰρ
1131 903 1222 958 τὸν
1299 902 1487 977 καιρόν
1565 901 1770 958 ἐκεῖνον
1831 899 2060 964 σύνοδος

390 995 760 1064 συνεκροτήθη
853 992 905 1048 ἐν
979 989 1303 1063 Χαλκηδόνι
1383 991 1675 1063 ἑξακοσίων
1763 992 2058 1067 τριάκοντα

395 1084 672 1154 Πατέρων,
729 1083 866 1138 κατὰ
915 1087 1024 1138 τῶν
1085 1083 1412 1155 αἱρετικῶν,
1478 1085 1586 1137 τῶν
1641 1081 1910 1158 λεγόντων
1964 1080 2054 1146 ἐπὶ

392 1176 626 1248 Χριστοῦ
687 1173 813 1246 μίαν
875 1171 1078 1251 φύσιν.
1142 1173 1246 1229 Καὶ
1329 1170 1446 1227 ἐπεὶ
1526 1168 1892 1246 ἐδογμάτισαν
1952 1173 2051 1242 την

386 1261 652 1332 ἀλήθειαν
687 1306 701 1332 ,
763 1263 816 1318 οἱ
875 1260 934 1318 δὲ
985 1262 1255 1338 αἱρετικοὶ
1341 1261 1440 1316 οὐκ
1497 1260 1779 1316 ἐπείθοντο
1819 1308 1832 1334 ,
1891 1267 2052 1316 πᾶσιν

387 1351 611 1429 ἤρεσεν,
662 1351 754 1408 ’ίνα
801 1354 830 1408 '6
889 1353 976 1408 εὰν
1037 1351 1167 1428 εἴπῃ
1221 1353 1370 1407 Λέων
1429 1353 1457 1408 6
1514 1353 1814 1426 ἁγιώτατος
1873 1355 2052 1416 πάπας

377 1444 638 1517 Ῥώμης,
682 1442 977 1514 θελήσωσι.
1049 1443 1432 1518 Παρακληθεῖς
1489 1443 1582 1498 οὗν
1640 1443 1744 1498 ὑπὸ
1798 1448 1906 1498 τῶν
1941 1447 2055 1501 Πα-

370 1534 576 1608 τὲρων,
607 1536 697 1588 καὶ
727 1534 820 1588 τὸν
861 1534 988 1588 Θεὸν
1052 1530 1404 1603 δυσωπήσεις,
1465 1530 1698 1607 ἔγραψεν
1750 1531 2049 1603 ἐπιστολὴν

373 1623 788 1698 ἐρμηνεύουσαν
848 1631 950 1693 τὴν
999 1622 1286 1694 ἀλήθειαν,
1346 1622 1412 1692 ἢν
1465 1620 1782 1696 ὁρθοδοξίας
1837 1624 2052 1693 στήλην

369 1710 672 1785 ὠνόμασαν
701 1757 714 1780 ,
760 1709 858 1768 δύο
900 1714 1085 1790 φύσεις
1143 1712 1229 1767 ἐπὶ
1285 1715 1524 1786 Χριστοῦ
1583 1711 1986 1782 κηρύττουσαν·
2023 1712 2050 1766 6

369 1799 432 1857 δὶ
470 1805 645 1877 μὲγας
684 1801 831 1858 Λέων
890 1801 982 1858 καὶ
1026 1803 1089 1858 τὸ
1150 1805 1283 1877 μετά
1337 1805 1504 1857 ταῦτα
1561 1799 1750 1864 καλῶς
1815 1803 2045 1882 βιώσαςί

371 1891 426 1946 ἐν
441 1891 662 1968 ,εἰρήνῃ
692 1891 1010 1963 ἐτελειώθη.

949 2008 1130 2065 MllNl
1157 2010 1244 2065 ΤΩ
1272 2008 1471 2064 ΑΥΤΩ.

1170 2125 1252 2181 ΙΘ¹

373 2242 661 2314 νΔθλησις
763 2241 873 2299 τῶν
973 2242 1140 2320 ἁγίων
1248 2241 1538 2318 μαρτύρων
1624 2243 1880 2318 Μαξίμου
1954 2245 2046 2299 καὶ

1070 2328 1360 2392 Θεοδότου.

444 2455 701 2526 Μάξιμος
745 2452 836 2506 καὶ
894 2448 1180 2523 Θεόδοτος,
1209 2452 1262 2505 οἱ
1291 2455 1392 2505 τοῦ
1451 2455 1686 2524 Χριστοῦ
1747 2451 2037 2528 μάρτυρες,

369 2545 803 2616 περιπατοῦντες
852 2540 989 2596 κατὰ
1039 2545 1211 2596 πᾶσαν
1273 2540 1436 2596 πόλιν
1486 2540 1576 2595 καὶ
1639 2541 1850 2617 χώραν,
1906 2541 2040 2614 μετά

369 2633 684 2710 παρῥησίας
714 2630 1008 2706 ἐκήρυττον
1036 2632 1136 2701 τήν
1184 2629 1470 2700 ἀλήθειαν,
1503 2629 1593 2684 καὶ
1651 2631 1744 2685 τὸν
1795 2631 2032 2703 Χριστὸν

373 2721 704 2798 ὡμολόγουν
766 2720 895 2776 Θεὸν
983 2721 1118 2774 εἴναι
1176 2719 1461 2790 ἀληθινὸν,
1521 2719 1610 2774 καὶ
1670 2717 1873 2794 Κύριον
1931 2719 2034 2774 τοῦ

372 2812 596 2879 παντὸς,
627 2810 719 2865 καὶ
769 2808 1111 2884 δημιουργὸν
1165 2810 1261 2864 τοῦ
1317 2809 1554 2882 κόσμου·
1614 2808 1682 2864 τὰ
1739 2807 1797 2863 δὲ
1828 2806 2036 2865 εἴδωλα

376 2905 578 2976 χειρῶν
604 2895 757 2976 ἔργα,
802 2900 891 2954 καὶ
949 2898 1152 2974 τέχνης
1211 2896 1532 2971 πλάσματα,
1567 2895 1657 2953 διὰ
1713 2897 1883 2963 λίθων
1944 2899 2035 2954 καὶ

386 2990 559 3060 ξύλων
627 2987 1094 3062 κατεσκευασμένα
1128 3031 1143 3056 ,
1225 2989 1325 3044 Διά
1405 2992 1567 3043 τοῦτο
1657 2987 2034 3063 ἐκρατήθησαν

392 3080 535 3154 παρᾶ
586 3084 690 3134 τῶν
738 3078 1186 3154 εἷδωλολατρῶν,
1247 3079 1334 3134 καὶ
1395 3075 1773 3152 παρεδόθησαν
1830 3083 1910 3150 τῷ
1939 3078 2036 3154 ἅρ-

396 3187 548 3244 χοντι
600 3172 696 3234 τῆς
751 3171 943 3243 χώρας
979 3213 992 3236 ,
1049 3167 1141 3222 καὶ
1210 3168 1298 3223 ὑπ’
1350 3166 1553 3222 ἐκείνου
1611 3163 2035 3240 ἐϐασανίσθησαν

2171 653 2282 707 pus
2314 653 2544 710 magna;
2577 643 2773 694 Romae
2831 642 3162 711 ordinatus,
3196 645 3384 700 multa
3433 648 3675 718 quidem
3707 651 3825 706 alia

2170 726 2484 783 virtutibus
2525 729 2649 784 suis
2680 729 2859 799 digna
2887 733 3107 804 gessit;
3145 734 3247 789 sed
3299 737 3598 808 praecipue
3631 740 3693 794 in
3725 741 3819 807 iis,

2172 833 2303 887 qua:
2333 817 2408 872 ad
2439 826 2663 874 rectam
2725 821 2903 876 fidem
2961 824 3284 893 pertinent,
3318 827 3573 883 refulsit.
3608 831 3822 886 Coacta

2171 906 2332 960 enim
2365 906 2834 964 Chalcedonensi
2868 912 3094 981 synodo
3132 920 3543 971 sexcentorum
3580 919 3821 990 triginta

2169 996 2409 1050 Patrum
2472 997 2752 1053 adversus
2811 1016 3015 1055 eorum
3075 1001 3372 1071 haeresim,
3406 1007 3506 1076 qui
3548 1025 3725 1062 unam
3758 1011 3820 1064 in

2169 1084 2400 1140 Christo
2433 1091 2710 1142 naturam
2742 1088 3039 1157 dicebant,
3074 1108 3208 1146 cum
3241 1092 3281 1146 ii
3324 1094 3631 1151 veritatem
3664 1115 3815 1168 pras-

2168 1173 2457 1239 dicarent,
2491 1193 2600 1232 nec
2630 1183 2831 1232 tamen
2855 1179 3117 1235 haeretici
3149 1181 3268 1236 illis
3291 1184 3668 1253 acquiescere
3698 1189 3820 1243 vel-

2167 1262 2313 1329 lent,
2345 1265 2573 1336 placuit
2597 1268 2899 1331 omnibus,
2928 1275 2993 1323 ut
3023 1271 3317 1340 quidquid
3350 1273 3460 1327 Leo
3511 1278 3819 1332 sanctissi-

2167 1369 2300 1409 mus
2329 1359 2528 1410 Romae
2554 1373 2705 1427 papa
2726 1357 2992 1425 dixisset,
3017 1359 3076 1413 id
3106 1366 3300 1415 ratum
3325 1362 3682 1435 firmumque
3713 1367 3816 1422 ha-

2166 1443 2426 1499 beretur.
2453 1449 2706 1517 Rogatus
2738 1447 2936 1518 itaque
2967 1463 2998 1502 a
3029 1449 3327 1518 Patribus,
3347 1452 3652 1524 Deumque
3684 1472 3817 1526 pre-

2165 1537 2353 1601 catus,
2386 1536 2743 1607 conscripsit
2769 1537 3106 1608 epistolam,
3139 1540 3202 1593 in
3234 1557 3351 1610 qua
3381 1543 3689 1599 veritatem
3722 1563 3816 1600 ex-

2165 1639 2416 1694 ponens.
2437 1625 2584 1680 duas
2607 1626 2667 1680 in
2687 1627 2915 1681 Christo
2947 1634 3190 1683 naturas
3229 1630 3608 1701 praedicabat,
3641 1651 3820 1703 quam

2166 1712 2531 1770 orthodoxiaa
2561 1715 2902 1772 columnam
2933 1718 3332 1788 appellarunt.
3366 1723 3501 1777 Post
3537 1723 3663 1778 haec
3692 1741 3817 1779 ma-

2164 1818 2314 1874 gnus
2345 1803 2456 1858 Leo
2490 1811 2789 1861 transacta
2820 1807 3196 1863 sanctissime
3215 1809 3352 1877 vita,
3379 1810 3443 1865 in
3475 1829 3618 1883 pace
3646 1814 3816 1885 quie-

2068 1915 2117 1980 B
2161 1893 2260 1950 vit.

2728 2013 2970 2069 EODEM
2993 2015 3241 2070 MENSE.

2690 2131 2793 2186 Die
2838 2131 3071 2188 decima
3120 2149 3281 2190 nona

2155 2250 2309 2306 202
2364 2249 2649 2307 Certamen
2707 2257 3023 2306 sanctorum
3092 2259 3421 2323 martyrum,
3469 2257 3707 2312 Maximi
3762 2264 3813 2314 et

2835 2341 3097 2396 Theodoti
3117 2382 3131 2396 .

2225 2455 2516 2511 Maximus
2573 2460 2632 2511 et
2659 2455 2995 2512 Theodotus
3051 2457 3268 2513 Christi
3320 2464 3613 2532 martyres
3671 2479 3806 2519 cum

2151 2547 2415 2602 civitates
2445 2562 2653 2601 omnes
2679 2547 3073 2619 regionesque
3105 2547 3359 2611 obirent,
3382 2549 3566 2605 libere
3589 2553 3804 2608 verita—

2150 2641 2269 2692 tem
2322 2635 2735 2708 praadicautes,
2791 2635 3090 2690 Christum
3149 2637 3337 2692 Deum
3395 2655 3597 2695 verum
3648 2657 3802 2708 esse,

2151 2725 2540 2795 omniumque
2573 2724 2912 2790 Dominum,
2939 2730 2998 2779 et
3018 2725 3224 2780 mundi
3248 2727 3535 2782 factorem
3564 2731 3809 2800 profite-

2147 2813 2404 2878 bantur;
2442 2813 2603 2868 idola
2632 2820 2832 2868 autem
2864 2830 3047 2885 opera
3102 2830 3409 2880 manuum,
3445 2819 3706 2890 artisque
3736 2820 3807 2874 fi-

2147 2908 2389 2975 gmenta
2421 2919 2488 2956 ex
2523 2901 2827 2974 lapidibus
2858 2908 2915 2956 et
2935 2903 3116 2974 lignis
3138 2903 3479 2961 fabrefacta.
3514 2909 3703 2972 Quare
3736 2909 3807 2963 ab

2147 2991 2418 3048 idolatris
2449 2991 2886 3062 comprehensi,
2923 2992 3202 3063 praefecto
3251 2995 3512 3065 regionis
3559 2997 3806 3052 tradun-

2152 3087 2249 3137 tur
2276 3100 2289 3138 :
2315 3098 2349 3136 a
2379 3098 2494 3152 quo
2525 3081 2868 3153 gravissime
2887 3081 3229 3148 excruciati,
3263 3099 3396 3137 cum
3429 3083 3811 3156 adigerentur

2149 3173 2446 3227 Christum
2479 3171 2777 3243 abnegare
2811 3177 2870 3225 et
2902 3171 3061 3226 idola
3094 3171 3309 3239 colere,
3343 3189 3453 3228 nec
3506 3174 3565 3228 id
3614 3175 3810 3231 facere

391 3258 630 3335 ἰσχυρῶς
665 3301 679 3327 ,
737 3260 1072 3333 ἀρνήσασθαι
1129 3259 1218 3312 τὸν
1278 3257 1508 3331 Χριστὸν
1560 3258 2037 3332 καταναγκαζόμε-

2159 3263 2395 3318 vellent.
2433 3261 2708 3316 vinctiab
2739 3259 2886 3316 urbe
2931 3261 2992 3314 in
3045 3261 3223 3315 aliam
3273 3264 3722 3335 pertrahuntur,
3757 3272 3815 3321 et

385 3370 488 3417 νοι,
520 3348 609 3404 καί
638 3354 1012 3423 προσκυνῆσαι
1067 3352 1186 3408 τοῖς
1242 3345 1520 3409 εἰδώλοις.
1562 3348 1650 3409 Ὡς
1682 3345 1740 3402 δὲ
1771 3347 1869 3402 οὒκ
1893 3347 2038 3403 ἐπεί-

384 3439 560 3505 θοντο,
592 3436 846 3512 ἐσύροντο
907 3434 1123 3510 δέσμιοι
1171 3436 1277 3490 ἀπὸ
1329 3436 1545 3498 πόλεως
1600 3436 1675 3498 εἰς
1725 3434 1912 3507 πόλιν,
1944 3436 2034 3492 καὶ

381 3527 814 3602 ἐθηριομάχουν.
880 3527 1008 3583 Εἶτα
1073 3525 1358 3597 ἐξέσθησαν
1421 3526 1555 3600 μετᾶ
1606 3524 1846 3602 σιδηρῶν
1906 3526 2034 3582 ὀνύ-

376 3636 519 3692 χων,
545 3618 630 3670 καὶ
659 3615 820 3678 τέλος
849 3616 1086 3689 καμίνου
1148 3614 1396 3690 μεγάλης
1455 3614 1740 3689 ἀφθείσης,
1801 3610 2031 3686 ἐνεϐλή-

2149 3351 2292 3407 feris
2321 3356 2739 3422 exponuntur:
2765 3367 2899 3403 mox
2932 3350 3230 3420 unguibus
3262 3351 3472 3406 ferreis
3503 3353 3711 3423 depexi
3746 3371 3813 3410 ac

2149 3441 2399 3496 demum
2435 3440 2495 3493 in
2527 3439 2837 3494 ardentem
2870 3437 3022 3509 ignis
3081 3438 3385 3494 fornacem
3435 3441 3658 3512 injecti,
3691 3442 3810 3497 lmti

2147 3535 2205 3584 et
2234 3528 2457 3600 gratias
2489 3532 2750 3600 agentes,
2787 3532 3023 3580 sanctas
3056 3542 3123 3581 ac
3155 3527 3360 3583 beatas
3398 3530 3630 3585 animas
3671 3548 3808 3586 suas

2145 3617 2397 3673 Domino
2443 3616 2838 3672 tradiderunt.

373 3717 545 3776 θησαν
599 3705 883 3782 χαίροντες
929 3704 1008 3768 εἲς
1063 3705 1236 3776 αὐτήν
1272 3725 1284 3737 ·
1335 3702 1426 3760 καί
1484 3705 1959 3782 εὐχαριστοῦντες,
2015 3703 2334 3784 παρέδωκαν
2419 3704 2514 3766 τὰς
2563 3703 2718 3780 ἁγίας
2776 3704 2866 3758 καὶ
2929 3700 3196 3776 μακαρίας
3260 3703 3435 3759 αὐτῶν
3495 3709 3678 3782 ψυχὰς
3727 3711 3806 3780 τῷ

367 3797 580 3872 Κυρίῳ.

939 3926 1118 3985 ΜΗΝῙ
1147 3931 1235 3980 ΤΩ
1266 3929 1462 3982 ΑΥΤΩ.

1181 4015 1233 4069 Κ,

366 4107 648 4178 Ἀθλησις
675 4110 774 4162 τοῦ
804 4105 968 4179 ἁγίου
1030 4103 1304 4180 μάρτυρος
1357 4101 1561 4179 Σαδὼχ
1613 4104 1914 4160 ἐπισκόπου
1943 4103 2034 4159 καὶ

611 4201 719 4253 τῶν
749 4195 841 4250 σὺν
874 4195 1024 4267 αύτῷ
1054 4194 1241 4251 ἐκατὸν
1273 4192 1575 4250 εἷποσιπτὼ
1602 4194 1792 4269 ἁγίων.

441 4317 514 4374 Ὀ
565 4316 724 4390 ἅγιος
785 4309 988 4389 Σαδὼχ
1041 4311 1109 4382 ἦν
1175 4310 1472 4373 ἐπίσκοπος
1527 4307 1579 4365 ἐν
1636 4309 1891 4386 Περσίδι·
1951 4307 2034 4365 δι-

373 4405 592 4462 δάσκων
649 4402 706 4459 δὲ
755 4404 848 4458 τὸν
906 4402 1037 4456 λαὸν
1095 4403 1194 4470 τὴν
1255 4401 1329 4463 εἰς
1380 4401 1610 4476 Χριστὸν
1668 4400 1848 4456 πίστιν
1882 4443 1895 4466 ,
1946 4401 2032 4455 καὶ

371 4492 624 4556 πολλοςς
658 4491 858 4547 πείθων
891 4492 1290 4566 προσέρχεσθαι
1339 4495 1419 4562 τῷ
1451 4494 1610 4559 ζῶντι
1641 4490 1731 4544 καὶ
1791 4488 2038 4560 ἀληθινῷ

371 4591 518 4657 Θεῷ,
573 4584 648 4645 εἷς
707 4583 878 4655 θυμὸν
928 4581 1018 4636 καὶ
1068 4579 1317 4656 μεγάλην
1383 4579 1601 4654 πικρίαν
1661 4579 1877 4650 ἐκίνησε
1907 4578 2034 4640 τοὺς

376 4674 730 4748 πυρολάτρας
815 4670 1035 4745 Μάγους
1074 4714 1086 4727 .
1170 4670 1274 4728 Καὶ
1350 4668 1706 4745 βουλομένων
1814 4669 2032 4724 ἐκείνων

380 4761 723 4830 ἀποστεῖλαι,
753 4763 844 4831 κςὶ
884 4767 1152 4835 κρατῆσαι
1194 4761 1286 4815 τὸν
1348 4759 1525 4834 ἅγιον,
1559 4759 1659 4833 ὁρᾷ
1688 4759 1805 4813 καθ’
1836 4756 2036 4819 ὕπνους

381 4854 472 4908 τὸν
497 4853 602 4926 πρὸ
659 4851 825 4908 αὐτοῦ
883 4849 1175 4906 ἐπίσκοπον
1233 4850 1324 4904 τὸν
1383 4849 1753 4923 ἱερομάρτυρα
1788 4847 2039 4920 Συμεὼν,

382 4941 673 5014 ἱστάμενον
733 4941 810 5003 εἷς
873 4940 1080 5015 μακρὰν
1137 4937 1364 5006 σκάλαν,
1423 4937 1512 4993 καὶ
1556 4938 1829 4993 καλοῦντα
1882 4935 2040 4992 αὐτὸν

389 5031 626 5087 ἀνελθεῖν
660 5051 798 5106 προς
851 5030 1033 5097 αὐτὸν,
1079 5029 1335 5104 λέγοντα,
1386 5027 1468 5083 ὅτι
1528 5025 1703 5084 Καλεῖ
1730 5047 1789 5081 σε
1819 5027 1848 5081 6
1876 5033 2038 5082 Βασι-

395 5122 512 5184 λεὺς
540 5126 651 5178 τῶν
688 5119 1104 5197 βασιὶευόντων·
1135 5122 1298 5175 τοῦτο
1356 5114 1414 5173 δέ
1467 5115 1670 5186 ἐδήλου
1699 5117 1797 5185 τήν
1819 5113 1908 5170 διὰ
1945 5119 2040 5170 τοῦ

399 5211 692 5285 μαρτυρίου
754 5203 1058 5264 ἀνάϐασιν.
1147 5210 1292 5269 "Eme
1351 5204 1409 5262 δὲ
1470 5209 1641 5260 ταῦτα
1698 5201 1941 5279 διηγεῖτο
2012 5201 2043 5258 6'

398 5299 547 5372 ἅγιος
584 5343 599 5368 ,
679 5296 1098 5359 ἀποστείλαντες
1155 5297 1206 5351 οἳ
1265 5297 1446 5372 Μάγοι
1523 5293 1822 5368 ἐκράτησαν
1882 5293 2039 5349 αὺτὸν

394 5390 634 5453 καὶτοὺς
684 5389 777 5444 σὺν
834 5389 987 5461 αὐτῷ
1039 5383 1194 5450 ὄντας
1256 5384 1636 5462 Χριστιανοὺς,
1693 5383 1782 5440 καὶ
1841 5379 2038 5440 ἔϐαλον

391 5478 461 5540 είς
519 5479 790 5558 φυλακήν·
871 5478 961 5533 καὶ
1013 5474 1432 5552 ἀναγγείλαντες
1512 5475 1635 5548 περί
1707 5472 1884 5529 αὐτῶν
1936 5480 2043 5528 Σα-

391 5562 573 5644 ῦωρίῳ
632 5574 713 5642 τῷ
777 5567 993 5644 βασιλεῖ
1049 5570 1268 5641 ΙΙερσῶν
1309 5610 1323 5636 ,
1384 5561 1638 5637 ἐξέϐαλον
1699 5564 1892 5627 αὐτοὺς
1941 5572 2042 5635 τῆς

395 5657 660 5732 φυλακῆς,
689 5663 777 5713 καί
814 5657 1230 5731 ἐτιμωρήσαντο
1273 5655 1541 5732 ἰσχυρῶς,
1593 5655 1684 5711 καὶ
1728 5655 2041 5711 τελευταῖον

398 5746 790 5826 ἀπεκεφάλισαν
815 5747 1078 5810 ἅπαντας.

2715 3925 2957 3980 EODEM
3002 3927 3235 3983 MENSE

2762 4014 2865 4070 Die
2897 4015 3179 4072 vicesima

2145 4106 2306 4162 208
2339 4105 2627 4163 Certamen
2683 4107 2863 4160 sancti
2888 4108 3154 4176 martyris
3194 4104 3408 4161 Sadoch
3449 4108 3709 4178 episcopi,
3752 4114 3807 4162 et

2321 4197 2593 4250 sociorum
2650 4199 2868 4250 centum
2896 4196 3100 4263 viginti
3156 4201 3276 4249 octo
3332 4197 3626 4252 sociorum.

2222 4317 2476 4368 Sanctus
2516 4311 2745 4366 Sadoch
2777 4311 2838 4365 in
2869 4311 3112 4366 Perside
3145 4311 3478 4383 episcopus,
3514 4313 3672 4383 quod
3703 4331 3810 4385 po-

2146 4402 2355 4474 pulum
2383 4401 2600 4457 Christi
2632 4400 2809 4455 lidem
2838 4399 3096 4462 doceret,
3131 4400 3469 4472 multosque
3506 4401 3580 4456 ad
3613 4403 3807 4457 vivum

2146 4507 2470 4562 verumque
2491 4492 2676 4545 Deum
2699 4489 3042 4554 adduceret,
3066 4489 3141 4543 ad
3170 4490 3322 4544 iram
3355 4497 3413 4544 et
3443 4492 3808 4564 indignatio-

2146 4599 2308 4649 nem,
2326 4583 2518 4653 Magos
2537 4580 2690 4652 ignis
2712 4579 2970 4634 cultores
2985 4581 3335 4634 commovit:
3360 4580 3576 4651 quibus
3607 4581 3807 4638 volen-

2150 4671 2306 4726 tibus
2337 4669 2627 4725 satellites
2643 4669 2716 4724 ad
2731 4668 3085 4740 capiendum
3103 4675 3372 4723 sanctum
3391 4670 3648 4736 mittere,
3667 4672 3812 4727 vidit

2149 4761 2308 4816 idem
2331 4765 2574 4816 sanctus
2597 4759 2658 4814 in
2691 4759 2917 4813 somnis
2945 4765 3214 4814 sanctum
3241 4766 3560 4831 martyrem
3583 4762 3810 4817 Simeo-

2150 4867 2310 4916 nem,
2337 4867 2512 4906 suum
2544 4850 2605 4904 in
2639 4849 2984 4920 episcopatu
3015 4848 3411 4916 decessorem,
3448 4851 3810 4908 insidentem

2151 4940 2340 5013 longaa
2374 4938 2572 5006 scalae,
2605 4939 2942 5010 ipsumque,
2973 4944 3038 4993 ut
3065 4938 3139 4993 ad
3171 4955 3232 4993 se
3261 4940 3507 5008 veniret,
3550 4943 3808 5013 compel-

2150 5030 2396 5093 lantem,
2427 5033 2606 5099 atque
2661 5026 3007 5083 dicentem:
3060 5031 3179 5083 Rex
3228 5045 3435 5101 regum
3484 5038 3654 5086 vocat
3712 5038 3808 5100 te;

2153 5118 2312 5191 quod
2343 5116 2716 5187 signiﬁcabat
2737 5117 2925 5187 ipsius
2951 5133 3266 5173 ascensum
3298 5137 3404 5191 per
3435 5121 3808 5191 martyrium.

2152 5209 2418 5279 Cumque
2449 5207 2563 5261 ista
2593 5211 2866 5261 narraret
2912 5207 3181 5272 Sanctus,
3217 5209 3315 5278 qui
3351 5209 3517 5263 missi
3576 5209 3815 5264 fuerant

2153 5298 2322 5371 Magi,
2385 5295 2968 5368 comprehenderunt
3026 5297 3221 5368 ipsum
3261 5314 3383 5352 una
3439 5313 3574 5352 cum
3635 5299 3812 5354 sociis

2153 5387 2527 5452 Christianis,
2563 5392 2620 5442 et
2649 5387 2710 5441 in
2767 5387 3007 5443 vincula
3055 5387 3404 5458 conjici..nt,
3438 5404 3677 5442 causam
3711 5407 3812 5444 eo-

2153 5495 2287 5534 rum
2319 5477 2390 5533 ad
2425 5477 2705 5549 Saporem
2734 5479 3050 5533 Persarum
3085 5492 3279 5548 regem
3311 5477 3672 5532 referentes:
3708 5480 3809 5549 qui

2154 5570 2291 5624 illos
2321 5585 2392 5624 ex
2423 5584 2658 5622 carcere
2687 5567 2952 5635 eductos,
2976 5584 3043 5622 ac
3064 5565 3407 5638 gravissime
3441 5571 3645 5634 tortos,
3669 5585 3810 5640 pos-

2156 5665 2345 5716 tremo
2379 5657 2714 5716 decollavit.
