4132 6432
329 362 445 423 323

995 497 1213 551 Eodem
1246 495 1342 551 die

340 586 495 643 204
527 587 979 644 Commemoratio
1043 589 1221 641 sancti
1263 588 1446 642 Putris
1481 585 1659 642 nostri
1687 584 1986 657 Saphronii

1028 679 1290 747 episcopi.

1070 770 1259 824 Deest.

972 859 1192 912 Eodem
1226 857 1342 913 die.

334 949 484 1005 205
550 949 1008 1002 Commemoratio
1089 950 1269 1003 sancti
1324 947 1511 1003 Patris
1563 950 1740 1003 nostri
1793 947 1987 1002 Leonis

725 1039 970 1106 episcopi
1003 1037 1232 1093 Catanw
1272 1039 1330 1091 in
1375 1037 1592 1092 Sicilia.

400 1153 649 1208 Sanctus
673 1154 844 1208 Pater
874 1159 1079 1207 noster
1100 1155 1212 1208 Leo
1241 1153 1712 1224 thaumaturgus,
1747 1168 1816 1206 ex
1837 1151 1984 1206 urbe

325 1245 602 1298 Ravenna
623 1242 1053 1298 fuitnobilium
1076 1260 1143 1298 ac
1175 1243 1421 1296 divitum
1447 1249 1759 1313 parentum
1793 1241 1981 1296 ﬁlius:

325 1333 508 1388 sacris
540 1338 736 1388 autem
770 1332 984 1386 litteris
1006 1333 1221 1403 oppido
1242 1333 1587 1393 instructus.
1613 1349 1680 1386 ac
1697 1331 1982 1402 singulari

323 1423 540 1478 virtute
573 1423 878 1493 prmditus.
911 1429 978 1476 ut
998 1428 1057 1477 et
1086 1423 1376 1477 miracula
1401 1428 1681 1493 patraret,
1716 1421 1982 1476 ecclesiae

330 1513 687 1568 Ravennatis
738 1511 1048 1583 presbyter
1078 1511 1426 1567 ordinatur:
1481 1511 1698 1566 deinde
1744 1511 1982 1565 Catanae

325 1601 726 1672 metropoleos
748 1601 1078 1672 episcopus.
1106 1602 1198 1656 Sic
1221 1618 1358 1656 vero
1375 1601 1654 1656 adversus
1673 1600 1981 1656 hareticos

317 1693 619 1764 pugnavit,
654 1697 719 1745 ut
750 1707 959 1745 omnes
1003 1693 1327 1746 convicerit
1356 1697 1415 1746 et
1467 1690 1825 1755 confuderit,
1860 1706 1980 1744 non

315 1781 646 1837 ratiociniis
675 1780 1036 1845 tantum,sed
1060 1780 1669 1836 demonstrationibus
1700 1780 1879 1835 etiam
1910 1796 1981 1835 ex

1671 357 2090 423 MENOLOGII
2134 358 2341 420 PARS
2385 361 2469 422 II.

2019 498 2078 562 A

3643 365 3767 428 324

2693 495 2776 567 Τῇ
2819 490 2956 567 αὖτῇ
2988 491 3172 567 ἡμέρᾳ

2093 578 2342 653 Μνήμλη
2401 585 2497 637 τοῦ
2571 580 2625 638 ἐν
2692 583 2867 654 ἁγίοις
2946 580 3156 658 Πατρὸς
3215 583 3374 656 ἡμῶν
3436 585 3763 664 Σωφρονίου

2750 671 3080 728 ἐπισκόπου.

2823 761 3031 818 Λείπει.

2667 854 2752 926 Τῇ
2811 849 2946 924 αὐτῇ
2996 852 3182 926 ἡμέρᾳ

2088 945 2294 1016 Μνήμη
2326 947 2423 998 τοῦ
2454 941 2506 998 ἐν
2536 942 2711 1019 ἆγίοις
2751 943 2958 1016 Πατρός
2989 946 3153 1016 ἡμῶν
3189 948 3422 1008 Λέοντος
3455 945 3755 1004 ἐπισκόπου

2512 1033 2754 1104 Κατάνης
2811 1041 2910 1104 τῆς
2968 1033 3019 1088 ἐν
3082 1033 3332 1108 Σικελίᾳ.

2156 1153 2218 1208 Ὁ
2242 1152 2394 1226 ἅγιος
2447 1153 2633 1226 Ηατὴρ
2691 1155 2854 1224 ἡμῶν
2914 1154 3064 1209 Λέων
3099 1154 3126 1207 ὁ
3159 1155 3577 1232 θαυματουργὸς
3634 1157 3751 1232 ἐγέ-

2086 1260 2206 1294 νετο
2233 1240 2338 1295 ἀπὸ
2368 1248 2469 1310 τῆς
2526 1239 2744 1304 πόλεως
2793 1237 3106 1313 Ῥαϐέννης,
3168 1243 3397 1318 εὐγενῶν
3460 1252 3552 1300 καῖ
3594 1247 3746 1303 εὐσε-

2087 1323 2198 1383 ϐῶν
2223 1325 2427 1404 γονέων
2485 1329 2624 1392 υἱόςο
2685 1332 2775 1384 καὶ
2830 1330 3015 1403 μαθὼν
3076 1333 3175 1399 τὴν
3211 1333 3359 1406 ἱερὰν
3391 1337 3562 1387 πᾶσαν
3608 1341 3742 1410 Γρα-

2085 1419 2214 1492 φὴν,
2247 1419 2336 1472 καὶ
2367 1420 2659 1493 γενόμενος
2706 1418 2974 1490 ἐνάρετος,
3035 1421 3110 1484 ὡς
3138 1420 3228 1475 καὶ
3261 1421 3508 1494 θαύματα
3538 1431 3740 1498 ποιεῖν,

2083 1514 2480 1583 χειροτονεῖται
2548 1504 2916 1584 πρεσϐύτερος
2965 1516 3066 1579 τῆς
3125 1510 3177 1564 έν
3228 1506 3485 1586 Ῥαϐέννῃ
3534 1512 3742 1585 ἐκκλη-

2083 1599 2224 1658 σίας.
2259 1599 2395 1653 Εῑτα
2422 1617 2628 1672 γινεται
2676 1598 2767 1652 καὶ
2822 1597 3122 1662 ἐπίσκοπος
3177 1606 3277 1668 τῆς
3339 1602 3743 1674 μητροπόλεως

2082 1688 2356 1756 Κατάνης.
2411 1692 2678 1743 Τοσοῦτον
2729 1685 2788 1743 δὶ
2833 1687 3141 1764 ἠγωνίσατο
3189 1690 3328 1744 κατὰ
3379 1695 3489 1745 τῶν
3537 1692 3740 1766 αἱρετι-

2080 1779 2214 1845 κῶν,
2247 1776 2322 1838 ὡς
2376 1784 2596 1846 νικῆσαι
2636 1777 2854 1849 πάντας,
2915 1779 3006 1833 καὶ
3063 1783 3447 1854 καταισχῦναι,
3473 1782 3540 1836 οὐ
3575 1781 3745 1854 μόνον

316 1873 617 1943 Scriptura
649 1870 870 1941 petitis.
905 1870 1376 1942 Thaumaturgus
1406 1877 1607 1926 autem
1643 1869 1792 1924 fuit:
1825 1885 1960 1924 nam

2075 1865 2312 1942 λόγοις,
2366 1867 2514 1924 ἀλλὰ
2577 1868 2666 1923 καὶ
2738 1874 3033 1946 Γραφικαῖς
3094 1866 3342 1940 δείξεσιν.
3381 1873 3477 1928 Ἠν
3541 1867 3599 1926 δὶ
3650 1883 3744 1937 καὶ

313 1961 690 2016 Heliodoram
721 1960 967 2031 magicis
998 1959 1225 2014 artibus
1281 1960 1504 2015 multos
1537 1959 1965 2031 decipientem,

315 2068 495 2122 seque
520 2049 722 2104 omnia
742 2065 915 2120 posse
943 2049 1318 2118 gloriantem,
1343 2054 1408 2103 ut
1427 2049 1518 2103 vel
1542 2050 1737 2120 ipsum
1771 2049 1969 2120 ignem

310 2146 768 2204 contemneret,
828 2139 1105 2210 precibus
1165 2141 1300 2211 igne
1360 2139 1719 2194 combussit.
1783 2139 1968 2209 Hujus

311 2231 502 2285 sancti
524 2230 682 2284 fama
712 2229 964 2300 permoti
993 2231 1396 2284 Romanorum
1421 2229 1834 2299 imperatores,
1870 2243 1966 2282 ξιο-

311 2322 496 2375 citum
551 2326 851 2388 rogarunt,
913 2324 978 2373 ut
1009 2335 1112 2389 pro
1152 2335 1214 2373 se
1267 2335 1472 2388 preces
1532 2319 1648 2371 Deo
1679 2318 1962 2382 offerret;

310 2425 567 2480 cumque
618 2409 677 2463 id
709 2409 780 2464 ab
814 2425 880 2463 eo
915 2409 1358 2478 impetrassent,
1411 2407 1739 2462 honoriﬁce
1773 2407 1967 2478 ipsum

313 2497 616 2552 dimisere.
654 2501 799 2552 Cum
828 2513 961 2550 vero
995 2495 1095 2549 ille
1128 2495 1201 2550 ad
1235 2511 1403 2550 suam
1438 2494 1750 2549 ecclesiam
1810 2493 1971 2549 redi-

314 2593 425 2654 ret,
459 2586 730 2658 migravit
759 2585 833 2640 ad
866 2586 1201 2640 Dominum.

886 2792 1120 2847 EODEM
1145 2791 1398 2846 MENSE.

793 2884 896 2938 Die
955 2883 1238 2937 vicesima
1296 2883 1489 2953 prima

310 2975 464 3032 200
512 2975 963 3028 Commemoratio
1005 2973 1185 3026 sancti
1214 2971 1400 3026 Patris
1442 2973 1620 3027 nostri
1669 2971 1969 3042 Agathonis

897 3064 1139 3132 episcopi
1169 3064 1373 3116 Romae.

380 3183 495 3237 Iste
557 3184 798 3236 sanctus
885 3180 1059 3234 Pater
1115 3183 1320 3233 noster
1385 3195 1452 3234 ac
1511 3178 1961 3251 thaumaturgus

303 3272 529 3344 Agatho
548 3288 617 3326 ex
641 3269 808 3324 Italia
831 3268 961 3335 fuit,
992 3268 1334 3323 Christianis
1356 3268 1587 3339 piisque
1612 3268 1957 3339 parentibus

299 3369 476 3418 natus
507 3368 685 3432 atque
717 3359 790 3415 ab
845 3360 919 3414 iis
952 3376 1185 3414 summo
1219 3357 1413 3413 studio
1473 3359 1751 3414 omnibus
1772 3376 1806 3413 a
1837 3361 1954 3414 Deo

297 3452 602 3523 inspiratis
635 3450 952 3519 Scripturis
1002 3448 1290 3513 eruditus,
1354 3464 1422 3501 ex
1455 3447 1670 3518 quibus
1723 3453 1954 3502 tantum

295 3542 592 3607 utilitatis,
656 3538 1256 3609 compunctionisque
1317 3537 1512 3592 cordis
1570 3538 1855 3609 percepit.
1891 3544 1955 3593 ut

294 3633 544 3688 mortuis
558 3630 905 3702 parentibus
923 3636 1234 3701 congestas
1254 3629 1564 3683 facultates
1585 3647 1721 3684 suas
1745 3645 1952 3685 omnes

296 3724 391 3778 die
424 3740 542 3778 uno
571 3721 908 3777 convocatis
940 3720 1300 3790 pauperibus
1334 3720 1619 3782 diviserit,
1655 3721 1782 3791 ipse
1815 3737 1948 3775 vero

292 3815 354 3869 in
389 3813 822 3868 monasterium
853 3811 1160 3874 secedens,
1185 3817 1243 3865 et
1273 3811 1600 3866 monastico
1622 3810 1828 3866 habitu
1854 3812 1949 3866 in-

295 3905 495 3972 dutus,
532 3911 719 3959 totum
753 3919 814 3957 se
864 3901 1060 3955 divino
1119 3902 1304 3957 cultui
1367 3901 1814 3972 mancipaverit,
1851 3901 1946 3958 die

290 3999 585 4063 nocteque
617 4009 722 4064 pro
761 3991 968 4046 mundi
1021 3992 1211 4046 salute
1245 4007 1441 4045 orans.
1507 3991 1597 4046 Sic
1657 3997 1854 4046 autem
1885 3991 1946 4046 in

288 4083 602 4139 virtutibus
638 4082 905 4153 profecit,
936 4087 1003 4136 ut
1033 4089 1091 4136 et
1120 4082 1343 4136 donum
1390 4081 1817 4136 miraculorum
1848 4098 1948 4138 ac-

284 4175 525 4245 ceperit.
561 4173 854 4238 Quoniam
899 4188 1032 4226 vero
1063 4170 1248 4224 virtus
1308 4169 1492 4225 latere
1543 4187 1664 4226 non
1725 4177 1942 4243 potest,

282 4281 435 4335 papa
460 4264 639 4318 etiam
699 4265 898 4317 Romaa
926 4262 1116 4316 factus
1150 4265 1272 4315 est:
1306 4275 1560 4331 cumque
1620 4261 1681 4316 in
1713 4261 1940 4332 episco-

282 4355 399 4426 pali
435 4353 720 4426 dignitate
750 4353 972 4422 optime
1017 4366 1076 4405 se
1131 4349 1432 4421 gessisset,
1493 4351 1814 4422 multisque
1849 4351 1938 4406 sui

280 4445 468 4516 ipsius
499 4447 674 4500 vitam
709 4450 992 4514 tanquam
1029 4441 1366 4513 exemplum
1409 4441 1767 4499 imitandum
1799 4443 1936 4498 reli-

282 4535 528 4607 quisset,
562 4534 920 4590 obdornivit.

840 4739 1081 4794 EODEM
1122 4739 1381 4794 MENSE.‘

741 4829 844 4883 Die
885 4830 1168 4883 vicesima
1209 4827 1472 4884 secunda

345 4921 493 4978 207
531 4922 990 4976 Commemoratio
1019 4920 1198 4973 sancti
1227 4917 1478 4974 Atanasii
1501 4917 1856 4987 Confessoris.

1004 5010 1195 5063 Deest.

841 5128 1076 5182 EODEM
1111 5125 1364 5181 MENSE.

771 5218 875 5274 Die
925 5217 1208 5272 vicesima
1256 5214 1430 5270 tertia

342 5311 496 5368 208
530 5310 815 5368 Certamen
861 5308 1197 5363 sacrosancti
1252 5307 1519 5376 martyris
1563 5305 1860 5378 Polycarpi

824 5399 1064 5469 episcopi
1104 5397 1377 5466 Smyrnae.

343 5489 702 5562 Polycarpus
734 5486 1148 5544 sanctissimus
1173 5483 1419 5539 Joannis
1451 5484 1750 5559 Theologi,
1784 5503 1928 5559 apo-

275 5577 430 5634 stoli,
458 5585 516 5631 et
537 5579 911 5652 evangelista)
946 5575 1294 5645 discipulus.
1323 5574 1585 5646 Smyrna).
1613 5578 1926 5650 episcopus

273 5663 338 5716 in
396 5662 684 5722 demortui
743 5665 1128 5724 sacratissimi
1181 5663 1382 5720 Bucoli
1436 5664 1696 5739 episcopi
1729 5666 1923 5725 locum

1972 4583 2019 4648 D

2077 1958 2551 2032 θαυματουργός’
2629 1959 2721 2012 καὶ
2807 1957 2912 2033 γὰρ
2994 1959 3086 2013 τὸν
3171 1960 3342 2034 μάγον
3400 1958 3740 2035 Ἡλιόδωρον

2056 2055 2321 2110 ,πολλους
2391 2051 2510 2110 ταῖς
2577 2046 2822 2122 μαγείαις
2885 2044 3213 2115 πλανῶνται,
3279 2045 3369 2103 διὰ
3421 2053 3740 2125 προσευχῆς

2071 2134 2202 2209 πυρὶ
2231 2134 2575 2204 κατέκαυσεν,
2626 2137 3045 2210 καυχησάμενον
3110 2139 3286 2191 πάντα
3339 2134 3617 2203 δύνασθαι,
3661 2139 3738 2201 ὡς

2077 2221 2218 2297 μηδὲ
2247 2229 2354 2300 πῦρ
2386 2220 2691 2301 φοϐεῖσθαι.
2754 2225 2882 2301 Περὶ
2933 2225 3132 2281 τούτου
3193 2231 3292 2280 τοῦ
3352 2225 3514 2301 ἁγίου
3563 2228 3655 2282 καὶ
3687 2249 3748 2309 οἱ

2082 2313 2327 2390 βασιλεῖς
2389 2316 2680 2386 Ῥωμαίων
2767 2315 3092 2377 ἀκούσαντες
3129 2359 3143 2384 ,
3226 2315 3533 2387 ἐθαύμασαν
3567 2361 3579 2373 .
3642 2323 3745 2380 Καὶ

2073 2404 2580 2479 προσκαλεσάμενοι
2686 2404 2846 2459 αὐτὸν
2885 2449 2899 2474 ,
2989 2405 3173 2475 ἠξίουν
3265 2402 3510 2477 εὔξασθαι
3600 2408 3734 2482 ὑπὶρ

2076 2495 2301 2550 αὐτῶν·
2362 2496 2452 2550 καὶ
2507 2496 2772 2557 τυχόντες
2838 2500 2946 2550 τῶν
3026 2495 3232 2550 ἑκείνου
3311 2494 3488 2571 εὐχῶν
3525 2541 3539 2564 ,
3607 2499 3740 2570 μετᾶ

2073 2591 2242 2656 τιμῆς
2274 2584 2566 2640 ἀπέλυσαν·
2623 2584 2933 2641 ἀπελθόντα
2990 2583 3048 2641 δὶ
3096 2585 3171 2648 εἷς
3199 2586 3298 2654 τὴν
3359 2583 3498 2640 ἰδίαν
3532 2585 3738 2658 ἐκκλη-

2074 2673 2192 2730 σίαν
2225 2669 2599 2750 προσελάϐετο
2633 2676 2661 2729 ὁ
2695 2675 2911 2750 Κύριος.

2651 2793 2830 2849 ΜΠΝΙ
2859 2796 2941 2846 ΤΩ
2976 2795 3166 2851 ΑΥΤΩ.

2853 2882 2958 2938 KA'

2075 2973 2286 3045 Μνήμη
2318 2975 2416 3026 τοῦ
2447 2971 2501 3027 ὲν
2532 2970 2705 3046 ἁγίοις
2737 2972 2950 3042 ΙΙατρὸς
2981 2974 3144 3043 ἡμῶν
3185 2971 3485 3046 Ἀγάθωνος
3518 2973 3739 3029 ἐπισκό-

2714 3083 2820 3116 που
2841 3060 3085 3135 Ῥώμης.

2145 3178 2243 3232 Καὶ
2275 3177 2433 3240 οὗτος
2466 3178 2494 3234 ὁ
2527 3176 2675 3239 ὅσιος
2725 3179 2913 3252 Ηατήρ
2946 3180 3107 3251 ἡμῶν
3163 3179 3249 3233 καὶ
3314 3181 3730 3254 θαυματουργὸς

2067 3269 2321 3344 ’Δγάθων
2371 3266 2431 3323 ἐκ
2482 3274 2581 3337 τῆς
2633 3267 2867 3330 Ἰταλίας
2925 3267 3154 3342 ἐγένετο,
3215 3269 3330 3329 υίὸς
3387 3270 3724 3342 Χριστιανῶν

2067 3359 2291 3432 γονέων,
2353 3351 2602 3413 εὐλαϐῶν
2661 3357 2750 3412 καὶ
2809 3352 3062 3413 εὐτεϐῶν.
3097 3359 3165 3415 Οἱ
3215 3355 3272 3412 δὲ
3325 3363 3502 3433 γονεῖς
3560 3357 3725 3413 αὐτοῦ

2068 3455 2536 3534 φιλοπονήσαντες
2633 3454 2874 3527 ἐδίδαξαν
2979 3455 3138 3512 αὐτὸν
3238 3463 3409 3511 πᾶσαν
3498 3459 3717 3535 Γραφὴν

2066 3548 2416 3610 θεόπνευστον
2457 3547 2542 3600 καὶ
2606 3545 2910 3624 ὠφέλιμον.
2966 3549 3232 3601 Τοσοῦτον
3295 3545 3397 3621 γὰρ
3451 3545 3719 3624 ὠφελήθη

2064 3637 2210 3710 παρᾶ
2238 3637 2336 3703 τῆς
2367 3634 2512 3698 θείας
2571 3641 2810 3712 Γραφῆς,
2861 3635 2947 3690 καὶ
3007 3635 3300 3708 κατενύγη,
3362 3635 3438 3697 ὡς
3495 3637 3630 3708 μετᾶ
3659 3637 3724 3692 τὸ

2069 3725 2361 3787 ἀποθανεῖν
2411 3724 2538 3786 τοὺς
2567 3729 2744 3799 γονεῖς
2806 3724 2992 3792 αὐτοῦ,
3048 3728 3366 3800 συναγαγεῖν
3419 3725 3592 3780 πάντᾶ
3629 3727 3720 3781 τὸν

2061 3811 2303 3868 πλοῦτον
2333 3814 2522 3883 αὐτοῦ,
2548 3813 2638 3868 καὶ
2688 3813 3159 3888 προσκαλέσασθαι
3201 3814 3484 3890 πτωχοὸς,
3534 3815 3622 3869 καὶ
3668 3815 3721 3870 ἐν

2063 3907 2163 3976 μιᾷ
2217 3902 2400 3978 ἡμέρᾳ
2452 3899 2832 3978 διασκορπίσαι
2886 3901 3068 3960 αὐτόν.
3121 3902 3296 3966 Αὐτὸς
3355 3899 3412 3957 δὲ
3442 3901 3719 3974 ἀπελθὼν,

2058 3992 2145 4046 καὶ
2197 3990 2490 4066 γενόμενος
2545 3989 2596 4045 ἐν
2649 3990 2857 4066 ἠσυχίᾳ
2913 3990 2990 4054 εἰς
3060 3992 3450 4067 μοναστήριον,
3510 3991 3599 4046 καὶ
3649 3991 3712 4047 τὸ

2061 4083 2363 4157 μοναχικὸν
2403 4087 2601 4156 σχῆμα
2632 4085 2887 4155 φορέσας,
2929 4078 3187 4136 έδούλεοε
3238 4085 3308 4156 τῇ
3363 4084 3493 4156 Θεῇ,
3523 4082 3717 4144 νυκτὸς

2055 4174 2145 4228 καὶ
2193 4173 2406 4248 ἡμέρας
2463 4172 2593 4245 ὑπὲρ
2652 4175 2749 4227 τοῦ
2798 4171 3010 4244 κόσμου
3063 4171 3533 4248 προσευχόμενος.
3568 4175 3714 4230 Τοσ-

2054 4265 2210 4316 οῦτον
2242 4259 2300 4316 δὲ
2361 4259 2666 4336 ἠγωνίσατο
2727 4260 2801 4322 εἰς
2855 4261 3072 4332 ἀρετὴν,
3132 4260 3206 4322 ὡς
3247 4261 3336 4315 καὶ
3368 4262 3430 4315 τὸ
3460 4262 3712 4336 χάρισμα

2054 4344 2240 4405 λαϐεῖν
2297 4352 2394 4404 τοῦ
2445 4353 2878 4423 θαυματουργεῖν
2911 4390 2924 4404 .
2998 4347 3148 4405 Ἐπεὶ
3216 4345 3273 4404 δὲ
3324 4351 3358 4418 ἡ
3418 4348 3588 4416 ἀπετή
3649 4347 3710 4402 οὐ

2053 4440 2352 4509 λανθάνει,
2410 4439 2596 4515 γέγονε
2650 4440 2742 4495 καὶ
2799 4440 2981 4503 πάπας
3064 4441 3290 4513 Ῥώμης
3323 4461 3335 4474 ·
3379 4439 3467 4494 καὶ
3520 4438 3704 4501 καλῶς

2053 4527 2351 4605 διαπρέψας
2386 4529 2438 4584 ἐν
2469 4533 2548 4601 τῷ
2600 4528 2943 4602 ἐπισκοπικῷ
2999 4529 3293 4603 ἀξιώματι,
3348 4529 3436 4584 καὶ
3466 4528 3704 4590 πολλοῖς

2049 4619 2245 4697 ἀγαθὸν
2274 4617 2587 4695 ὑπόδειγμα
2617 4621 2707 4675 τὸν
2759 4620 2951 4676 ἑαυτοῦ
2987 4620 3100 4695 βίον
3162 4619 3362 4690 λιπὼν,
3403 4620 3700 4694 ἐκοιμήθη.

2609 4739 2791 4795 MHNI
2820 4740 2912 4796 ΤΩ
2939 4742 3141 4796 ΑΥΤΩ.

2143 4918 2357 4990 Μνήμη
2391 4920 2487 4971 τοῦ
2515 4915 2678 4992 ἁγίου
2707 4829 3038 4974 Ἀθάὶῗσίου
3064 4921 3162 4972 τοῦ
3192 4917 3598 4992 Ὁμολογητοῦ.

2757 5007 2944 5062 Λείπει
2967 5050 2980 5063 .

2603 5126 2781 5181 ΜΗΝΙ
2820 5129 2904 5179 ΤΩ
2936 5127 3134 5182 ΑΥΤΩ.

2818 5215 2921 5269 Kl"

2037 5301 2305 5376 Ἀθλησις
2332 5308 2430 5359 τοῦ
2461 5304 2614 5380 ἁγίου
2647 5305 3046 5380 ἱερομάρτυρος
3082 5303 3452 5382 Πολυκάρπου
3474 5307 3698 5362 ἐπισκό-

2642 5415 2748 5450 που
2807 5394 3088 5470 Σμύρνης·

2109 5482 2472 5560 Πολύκαρπος
2524 5484 2551 5538 ὁ
2618 5485 2925 5559 ἁγιώτατος
2981 5486 3232 5558 μαθητής
3287 5486 3353 5556 ἦν
3402 5490 3500 5540 τοῦ
3543 5485 3700 5562 ἁγίου

2038 5571 2351 5629 ἀποστόλου
2379 5575 2467 5629 καὶ
2505 5571 2894 5649 εὐαγγελιστοῦ
2932 5576 3191 5630 Ἰωάννοῦ
3247 5579 3345 5630 τοῦ
3398 5571 3696 5650 Θεολόγουο

2038 5670 2440 5742 χειροτονεῖται
2475 5661 2532 5720 δέ
2565 5663 2861 5726 ἐπίσκοπος
2909 5663 2984 5726 εἲς
3047 5665 3300 5740 Σμύρναν
3364 5666 3497 5740 μετᾶ
3525 5666 3588 5720 τὸ
3607 5687 3698 5722 τε·
