4132 6478
253 368 356 430 325

1649 360 2193 426 FEBRUARIUS.

3547 367 3664 426 326

243 499 492 567 λωτῆσαι
552 492 838 554 Βουκόλον
898 492 994 550 τὸν
1047 492 1342 568 ἱερώτατον
1413 491 1733 548 ἐπίσκοπον*
1794 489 1886 546 καὶ

2023 494 2314 551 irdinatus
2344 499 2471 552 est:
2502 495 2723 551 etenim
2753 496 3006 552 Bucolus
3035 496 3178 552 dum
3207 495 3401 553 adhuc
3423 498 3664 568 viveret,

242 589 334 665 γὰρ
383 583 464 640 ἔτι
531 590 640 655 ζῶν
695 584 722 639 ὁ
778 583 1057 643 Βουκόλος
1108 583 1469 660 προεφέτευσε
1525 583 1648 657 περὶ
1711 580 1898 651 αὐτοῦ,

240 679 315 734 ὅτι
399 674 581 739 Αὐτὸς
665 671 864 747 μέΛλει
947 674 1188 748 γενέσθαι
1276 669 1524 748 δεύτερος
1603 670 1898 732 ἐπίσκοπος

242 767 517 840 Σμύρνης.
578 766 949 841 Τπάρχοντος
1002 760 1060 818 δὲ
1120 760 1368 839 διωγμοῦ
1423 763 1560 818 κατὰ
1612 767 1720 817 τῶν
1765 763 1903 837 Χρι-

242 861 467 913 στιανῶν
525 855 676 928 παρὰ
726 852 920 908 Δεκίου
975 855 1073 907 τοῦ
1135 850 1426 928 βασιλέως,
1482 851 1780 926 ἐκρατήθη,
1811 863 1900 919 καὶ

239 947 536 1023 προσ-ἤχθη
570 947 650 1017 τῷ
680 941 994 1016 ἀνθυπάτῳ,
1033 941 1125 997 καὶ
1187 941 1322 1015 μετά
1377 938 1594 1002 πολλὰς
1637 942 1902 1017 βασάνους

243 1035 561 1104 ἐτελειώθη·
594 1031 823 1101 ἐποίησε
870 1029 928 1087 δὲ
977 1031 1226 1105 θαύματα
1281 1028 1488 1086 πολλὰο
1546 1029 1770 1107 καὶγὰρ
1797 1030 1902 1104 πρὸ

248 1125 345 1182 τοῦ
415 1129 894 1200 χειροτονηθῆναι,
952 1128 1052 1191 τῆς
1132 1120 1509 1197 ἀναθρεψασης
1589 1119 1748 1175 αὐτὸν
1805 1141 1903 1195 γυ-

253 1215 428 1275 ναικὸς
455 1212 552 1273 τὰς
610 1212 890 1282 ἀποθήκας
947 1209 1386 1286 προσευξάμενος
1444 1208 1657 1284 ἐγέμισε
1704 1208 1904 1271 παντὸς

258 1307 474 1381 ἀγαθοῦ,
532 1302 629 1364 τὰς
688 1300 953 1376 πρότερον
1012 1300 1332 1362 κενωθείσας
1389 1299 1465 1362 εἷς
1516 1299 1754 1368 τὴντῶν
1787 1295 1904 1353 δεο-

259 1392 432 1467 μένων
475 1391 685 1468 χρείαν·
742 1390 833 1445 καὶ
891 1390 1027 1463 μετὰ
1081 1390 1144 1444 τὸ
1201 1396 1682 1465 χειροτονηθῆναι,
1745 1389 1908 1462 μέγαν

245 1483 577 1558 ἐμπρησμὸν
634 1479 722 1535 διὰ
799 1486 1118 1556 προσευχῆς
1205 1476 1419 1550 ἔστησευ
1489 1478 1580 1534 καὶ
1637 1473 1910 1554 ἀϐροχίας

245 1575 570 1648 γενομένης,
608 1571 756 1627 ὑετὸν
813 1572 1107 1646 κατήγαγε,
1168 1571 1262 1624 καὶ
1321 1566 1464 1624 ἄλλα
1495 1566 1683 1623 πολλὰ
1735 1567 1908 1645 παρά·

253 1662 386 1734 δοξα
416 1666 548 1718 Θεοῦ
579 1663 769 1738 χάριτι
826 1663 1094 1732 ποιήσας,
1156 1659 1428 1734 ἐκοιμήθη
1486 1659 1913 1736 θαυματουργῶν

245 1753 357 1816 ’ἕως
382 1745 489 1809 τοῦ
509 1757 621 1812 νῦν.

798 1853 983 1911 MUNI
1021 1857 1105 1906 ΤΩ
1145 1855 1337 1910 ΑΥΤΩ.

1031 1942 1131 1998 ΚΔ“

223 2036 309 2093 Ἠ
346 2035 648 2106 ἀνάμνησις
681 2039 788 2103 τῆς
839 2031 1097 2107 εύρέσεως
1155 2031 1258 2101 τῆς
1299 2029 1486 2105 τιμίας
1532 2027 1777 2100 κεφαλῆς
1807 2033 1904 2084 τοῦ

895 2119 1223 2198 Προδρόμου
1241 2164 1253 2177 .

316 2215 445 2272 Ὅτε
477 2211 884 2290 ἀπεκεφαλίσθη
937 2212 1040 2268 ὑπὸ
1092 2207 1340 2286 Ἡρώδου
1375 2211 1404 2266 ὁ
1434 2211 1584 2285 ἅγιος
1643 2211 1902 2280 Ἰωάννης

244 2306 273 2360 ὁ
303 2302 651 2378 Πρόδρομος,
713 2301 1004 2371 ἐναπετέθη
1038 2302 1073 2370 ἡ
1106 2299 1316 2376 κεφαλή
1369 2297 1532 2354 αὐτοῦ
1565 2299 1639 2361 εἰς
1691 2298 1902 2373 ἀγγεῖον

243 2395 590 2467 ὀστράκινον,
646 2391 737 2446 καὶ
795 2386 996 2464 ἐκρύϐη
1056 2388 1107 2445 ἐν
1164 2394 1233 2463 τῇ
1293 2389 1440 2460 οἰκίᾳ
1491 2394 1589 2443 τοῦ
1631 2386 1901 2463 Ἡρώδου·

245 2485 383 2556 μετᾶ
414 2482 471 2538 δὲ
501 2481 740 2558 χρόνους
771 2480 1047 2549 πολλοὺς,
1082 2478 1199 2535 δυσῖ
1254 2484 1531 2554 μοναχοῖς
1573 2477 1901 2542 ἀπελθοῦσιν

242 2573 319 2636 είς
364 2571 749 2648 Ἱεροσόλυμα,
809 2575 907 2626 τοῦ
967 2577 1340 2645 προσκυνῆσαι
1397 2570 1489 2624 τὸν
1548 2573 1646 2623 τοῦ
1706 2567 1904 2642 Κυρίου

239 2665 434 2739 τάφον,
493 2661 661 2739 ἐφᾶνη
704 2662 821 2715 κατ’
879 2657 1007 2735 ὄναρ
1066 2660 1094 2714 ὁ
1151 2660 1305 2734 ἅγιος
1367 2659 1626 2728 Ἰωάννης
1685 2658 1904 2730 μηνύων

248 2753 453 2821 αὐτοῖς,
510 2755 618 2806 ποῦ
673 2756 849 2805 κεῖται
881 2748 1104 2822 ἡτιμία
1159 2748 1371 2827 κεφαλὴ
1427 2748 1611 2804 αὐτοῦ.
1666 2749 1768 2804 Καὶ
1817 2746 1902 2802 εὐ-

244 2844 424 2918 ρόντες
455 2841 650 2911 αὐτὴν,
680 2844 835 2917 εἶχον
864 2839 918 2895 ἐν
948 2844 1108 2914 τιμῇο
1143 2838 1193 2910 ἐξ
1255 2840 1430 2894 αὐτῶν
1494 2836 1551 2893 δὲ
1609 2832 1904 2893 ἀνελάϐετο

247 2933 413 3001 αὐτὴν
445 2931 713 3005 κεραμεὺς
742 2951 848 3000 τις,
906 2930 998 2984 καὶ
1055 2929 1262 3005 ἤγαγεν
1319 2929 1397 2990 είς
1451 2929 1554 2998 τὴν
1587 2932 1906 3002 Ἐμεσηνῶν

252 3020 435 3079 πόλιν.
464 3024 596 3077 ’Ότε
652 3017 710 3075 δὲ
766 3017 1105 3089 ἐτελεύτησε,
1163 3016 1452 3073 κατέλιπεν
1511 3019 1680 3088 αὐτὴν
1713 3023 1781 3092 τῇ
1816 3017 1908 3091 δίᾳ

257 3107 513 3186 ἀδελφῇο
561 3109 648 3164 καὶ
705 3108 891 3165 ἔκτοτε
946 3111 1086 3164 κατὰ
1138 3106 1411 3183 διαδοχὴν
1470 3108 1766 3178 περιῆλθεν
1827 3109 1902 3172 είς

1931 1862 1980 1927 Β

2007 583 2078 640 de
2115 601 2181 640 eo
2213 586 2570 657 praedixerat
2593 586 2719 642 fore
2749 592 2816 641 ut
2845 592 3005 641 esset
3033 587 3185 642 alter
3215 588 3481 660 Smyrna:
3536 591 3664 661 epi-

2005 691 2238 746 scOpus.
2263 679 2569 731 Commota
2596 683 2794 731 autem
2817 693 2851 731 a
2881 677 3054 731 Decio
3077 677 3438 748 imperatore
3461 678 3666 733 adver-

2007 781 2108 819 sus
2125 765 2496 821 Christianos
2527 766 2966 837 persecutione,
2994 767 3484 838 comprehensus,
3512 775 3571 823 et
3592 769 3666 825 ad

2007 855 2428 925 proconsulem
2460 855 2772 920 adductus,
2802 861 2936 926 post
2965 856 3186 911 multos
3225 857 3524 912 cruciatus
3566 876 3668 915 oc-

2008 943 2231 999 cubuit.
2292 945 2559 1000 Plurima
2618 961 2750 999 vero
2805 945 3096 1000 miracula
3153 945 3376 1000 edidit:
3439 947 3664 1002 etenim

2008 1032 2359 1104 priusquam
2392 1032 2789 1102 ordinaretur,
2847 1033 3198 1088 exhaustum
3257 1034 3509 1090 nutricis
3542 1053 3664 1091 suas

2008 1137 2167 1193 penu
2188 1121 2484 1178 bonorum
2515 1123 2785 1176 omnium
2817 1121 2988 1193 copia
3017 1122 3091 1177 ad
3123 1124 3425 1194 egentium
3450 1125 3674 1180 utilita-

2010 1219 2150 1281 tem,
2205 1213 2355 1268 fusis
2385 1213 2459 1268 ad
2489 1213 2676 1268 Deum
2708 1212 2985 1284 precibus
3044 1213 3308 1284 replevit.
3349 1215 3670 1286 Postquam

2012 1308 2212 1358 autem
2243 1303 2552 1357 ordinatus
2578 1307 2686 1363 est,
2720 1318 3000 1373 magnum
3026 1301 3373 1357 incendium
3403 1304 3670 1359 oratione

2014 1392 2295 1447 exstinxit
2320 1409 2332 1447 :
2357 1398 2417 1448 et
2438 1392 2723 1451 siccitatis
2747 1397 3011 1464 tempore
3039 1392 3292 1446 imbrem
3317 1393 3670 1464 impetravit.

2014 1482 2278 1552 Cumque
2301 1481 2418 1537 alia
2440 1482 2699 1554 plurima
2721 1487 3017 1552 portenta,
3040 1482 3141 1536 Dei
3175 1483 3383 1554 gratia,
3411 1482 3668 1550 fecisset,

2015 1572 2390 1641 obdormivit,
2423 1571 2851 1627 miraculorum
2882 1569 3039 1626 dono
3065 1571 3138 1628 ad
3161 1572 3321 1627 hunc
3352 1571 3510 1627 diem
3534 1573 3670 1628 illu-

2017 1667 2257 1718 stratus.

2587 1843 2828 1898 EODEM
2871 1841 3103 1897 MENSE

2515 1931 2616 1985 Die
2649 1931 2930 1987 vicesima
2960 1936 3172 2002 quarta

2013 2025 2165 2082 209
2225 2023 2679 2080 Commemoratio
2755 2022 3088 2075 inventionis
3164 2022 3402 2090 pretiosi
3461 2019 3668 2092 capitis

2649 2110 3031 2167 Praecursoris.

2087 2227 2232 2281 Cum
2266 2228 2506 2280 sanctus
2544 2224 2802 2278 Joannes
2832 2224 3172 2276 Praecursor
3199 2221 3270 2276 ab
3303 2221 3532 2276 Herode
3565 2221 3668 2276 de-

2013 2315 2266 2370 collatus
2297 2320 2408 2380 est,
2431 2313 2730 2368 inclusum
2765 2312 2893 2382 ejus
2925 2317 3102 2382 caput
3133 2312 3194 2365 in
3227 2327 3360 2366 vase
3386 2311 3574 2378 ﬁctili,
3608 2311 3671 2366 in

2015 2405 2284 2477 ejusdem
2318 2403 2564 2458 Herodis
2595 2402 2770 2456 domo
2806 2402 2996 2456 latuit.
3032 2402 3172 2455 Post
3220 2401 3440 2456 multos
3472 2407 3672 2456 autem

2015 2512 2207 2550 annos
2237 2493 2549 2549 monachis
2565 2491 2796 2546 duobus
2815 2491 3226 2562 Hierosolyma
3241 2489 3314 2546 ad
3331 2490 3671 2561 sepulcrum.

2015 2584 2254 2640 Domini
2287 2582 2670 2638 adorandum
2705 2581 2986 2651 profectis
3046 2581 3322 2652 apparuit
3352 2581 3412 2634 in
3447 2581 3672 2636 somnis

2015 2678 2256 2728 sanctus
2284 2670 2848 2730 Joannes.indicans
2865 2670 2969 2732 eis,
2996 2670 3095 2723 ubi
3124 2671 3451 2740 pretiosum
3485 2670 3673 2741 ipsius

2013 2761 2435 2833 caputjaceret
2459 2777 2471 2814 :
2497 2759 2656 2830 quod
2687 2775 2821 2814 cum
2847 2759 3231 2830 reperissent,
3249 2759 3311 2813 in
3336 2775 3551 2830 magno
3565 2760 3674 2814 ho-

2014 2869 2159 2907 nore
2184 2851 2463 2906 habuere.
2497 2852 2572 2904 Ex
2595 2849 2667 2904 iis
2701 2849 2758 2903 id
2783 2856 3087 2919 receptum
3105 2850 3318 2921 ﬁgulus
3344 2849 3588 2921 quidam
3610 2851 3673 2905 in

2016 2947 2446 2997 Emesenorum
2465 2940 2761 2994 civitatem
2779 2939 2995 2993 detulit
3044 2937 3129 2992 Ab
3146 2938 3256 2993 hoc
3287 2945 3513 3009 postea,
3534 2957 3670 2994 cum

2015 3029 2563 3092 moreretur,sorori
2579 3029 2767 3101 ipsius
2781 3028 3053 3082 relictum
3071 3032 3160 3082 est
3175 3045 3188 3093 ;
3204 3033 3260 3081 et
3275 3027 3555 3099 deinceps
3569 3045 3674 3098 per

2013 3138 2227 3178 manus
2259 3120 2655 3192 plurimorum
2688 3107 2993 3184 traditum,
3028 3118 3088 3171 in
3125 3134 3194 3172 ea
3224 3117 3368 3172 urbe
3401 3134 3674 3187 perman-

256 3196 518 3260 πολλούς.
568 3196 775 3254 Ἐπὶδέ
829 3200 930 3268 τῆς
984 3197 1260 3274 βασιλείας
1319 3198 1575 3272 Μιχαὴλ,
1606 3202 1704 3252 τοῦ
1733 3201 1901 3270 ποιή-

2023 3213 2113 3277 sit,
2146 3211 2341 3283 quoad
2374 3211 2740 3282 temporibus
2785 3208 3090 3264 Michaelis
3142 3209 3518 3279 imperatoris
3571 3208 3672 3278 qui

253 3307 441 3350 σαντος
525 3289 623 3358 τῆν
683 3286 1018 3364 ὁρθοδοξίαν,
1067 3287 1157 3342 καὶ
1217 3287 1477 3362 Ἰγνατίου
1530 3288 1898 3364 πατριάρχου,

251 3379 592 3451 ἀπεκομίσθη
626 3383 760 3434 Θεοῦ
820 3381 1005 3455 χάριτι
1067 3377 1144 3442 εἰς
1182 3378 1781 3434 Κωνσταντινούπολιν·
1815 3378 1906 3433 καὶ

249 3468 538 3538 ἐναπετὲθη
575 3469 712 3541 μετᾶ
767 3467 1013 3543 μεγάλης
1065 3473 1234 3539 τιμῆς
1287 3465 1340 3522 ἐν
1399 3466 1559 3541 αὐτῇ,
1624 3466 1698 3529 ὠς
1727 3467 1910 3522 καὶτὰ

251 3557 424 3614 λοιπὰ
453 3558 618 3612 πάντα
675 3558 826 3630 ἅγια,
883 3557 974 3612 καὶ
1030 3557 1097 3612 τὰ
1149 3561 1256 3612 τῶν
1311 3556 1481 3632 ἁγίων
1544 3557 1794 3631 λείψανα,
1830 3557 1907 3620 εἷς

246 3649 454 3720 σκέπην
486 3651 572 3704 καὶ
607 3649 901 3728 ἀσφάλειαν
938 3649 1131 3718 αὐτῆς.

826 3742 911 3812 Τῇ
970 3737 1106 3813 αὐτῇ
1164 3739 1347 3812 ἡμέρᾳ

242 3827 517 3900 ’Δθλησις
597 3826 694 3884 τοῦ
783 3828 937 3903 ἁγίου
1019 3827 1278 3903 Ῥηγίνου

977 3915 1161 3972 πέλων
1189 3962 1202 3975 ,

312 4010 375 4066 Ὁ
434 4009 590 4083 ἅγιος
635 4006 988 4081 ([ερομάρτυς
1047 4007 1319 4080 Ῥηγῖνος,
1375 4004 1584 4081 ἐγένετο
1643 4007 1753 4062 ἀπὸ
1811 4015 1915 4078 τῆς

267 4099 460 4174 χώρας
495 4095 788 4165 Ἑλλάδος,
849 4094 1049 4171 γονέων
1107 4099 1448 4169 Χριστιανῶν
1506 4095 1642 4156 υἱός.
1685 4096 1780 4151 Καὶ
1815 4119 1918 4170 μα-

267 4191 376 4252 θὼν
436 4189 525 4242 ὑπ’
578 4188 758 4242 αὐτῶν
811 4188 912 4254 τῆν
965 4180 1260 4253 εὐσέϐειαν,
1317 4185 1408 4238 καὶ
1463 4185 1533 4239 τὰ
1587 4185 1706 4259 ἱερὰ
1737 4189 1918 4261 Γράμ-

268 4299 431 4351 ματα,
490 4276 698 4351 ἐγένετο
760 4275 1008 4349 ἐνάρετος
1063 4273 1153 4329 καὶ
1211 4268 1557 4352 φοϐούμενος
1613 4277 1708 4331 τὸν
1762 4277 1890 4332 Θεόν

260 4368 351 4422 καὶ
383 4365 472 4422 διὰ
498 4369 599 4437 τῆν
632 4367 828 4441 ἀρετὴν
860 4365 1051 4429 αὐτοῦ,
1081 4365 1172 4418 καὶ
1230 4365 1329 4432 τήν
1366 4363 1586 4432 πολλὴν
1647 4361 1916 4423 εὐσέϐειαν

262 4457 410 4530 παρᾶ
437 4460 535 4511 τοῦ
581 4456 718 4510 κατὰ
765 4455 855 4508 τὸν
913 4453 1080 4508 τόπον
1113 4452 1414 4508 ἐπισκόπου
1472 4453 1678 4527 γίνεται
1733 4453 1922 4512 διάκο-

262 4568 354 4609 νος
385 4553 484 4616 τῆς
513 4545 566 4602 ἐν
591 4549 660 4620 τῇ
683 4541 912 4601 Ἐλλάδι
977 4542 1321 4614 Ἐκκλησίας·
1384 4545 1499 4597 εἶτα
1529 4539 1916 4622 πρεσϐύτερος·

262 4637 378 4692 εἶτα
405 4638 495 4691 καὶ
554 4635 850 4695 ἐπίσκοπος
911 4631 1229 4688 Σκοπέλων.
1284 4635 1551 4688 Τοσοῦτον
1612 4631 1670 4688 δὲ
1705 4636 1919 4712 γέγονεν

262 4729 339 4790 εἷς
361 4729 558 4801 ἀρετὴν
617 4721 974 4801 περιϐόητος,
1023 4725 1098 4788 ὡς
1153 4723 1243 4778 καὶ
1294 4722 1369 4785 εἷς
1424 4725 1522 4793 τὴν
1582 4723 1634 4780 ἐν
1671 4723 1912 4801 Σαρδικῇ

257 4815 485 4873 σύνοδον
530 4814 969 4888 προσ-κληθῆναι,
1025 4813 1114 4868 καὶ
1161 4813 1573 4888 παραγενέσθαι,
1622 4814 1711 4869 καὶ
1743 4817 1915 4880 πάσας

254 4909 352 4971 τὰς
379 4908 618 4982 πὶρέσεις
659 4904 750 4960 διὰ
794 4909 893 4960 τοῦ
951 4904 1119 4977 λόγου
1176 4903 1364 4972 αὐτοῦ,
1398 4903 1486 4958 καὶ
1545 4911 1645 4974 τῆς
1700 4906 1915 4981 παῤῥη-

256 4997 373 5060 σίας
432 4997 705 5076 ἀφανίσαι·
760 4997 877 5049 εἶτα
937 4994 1272 5066 ὑποστρέψαι
1329 4992 1406 5055 εἷς
1461 4994 1560 5062 τὴν
1625 4991 1761 5050 ῒδίαν
1796 4996 1913 5051 ἐπι-

259 5089 486 5156 σκοπήν.
546 5085 649 5144 Καὶ
713 5083 850 5157 μετᾶ
900 5087 1064 5138 τοῦτο
1111 5080 1360 5157 διωγμοῦ
1417 5084 1733 5152 κινηθέντος
1779 5088 1916 5142 κατὰ

1376 3826 1682 3882 ἐπισκόπου
1761 3835 1908 3885 Σκο-

2015 3302 2432 3357 orthodoxiam
2465 3301 2744 3364 restituit,
2777 3305 2836 3354 et
2871 3299 3075 3370 Ignatii
3113 3299 3486 3368 patriarchaa,
3519 3301 3675 3352 Con-

2018 3391 2490 3462 stantinopolim.
2529 3390 2627 3444 Dei
2653 3388 2860 3461 gratia,
2897 3388 3254 3442 translatum
3288 3387 3416 3454 fuit,
3477 3387 3677 3456 ibique

2016 3479 2521 3537 honoriﬁcentissi
2552 3496 2647 3533 me
2679 3478 3035 3549 depositum.
3063 3477 3216 3530 sicut
3237 3482 3295 3530 et
3317 3481 3530 3530 caetera
3552 3492 3680 3529 om-

2019 3571 2120 3626 nia
2151 3575 2495 3626 sanctorum
2527 3568 2780 3638 lipsana,
2815 3567 2876 3621 in
2926 3568 3195 3637 ejusdem
3249 3565 3414 3620 urbis
3475 3566 3680 3636 ρι’ωεί-

2023 3660 2189 3716 dium
2221 3665 2279 3714 et
2309 3658 2674 3715 ﬁrmitatem.

2672 3745 2892 3801 Eodem
2928 3744 3020 3800 die

2026 3843 2182 3900 210
2213 3841 2499 3898 Certamen
2544 3840 2722 3894 sancti
2748 3837 2988 3907 Rhegini
3019 3836 3264 3908 episcopi
3294 3838 3680 3908 Scopulorum.

2099 4013 2522 4068 Sacrosanctus
2567 4013 2793 4079 martyr
2822 4009 3125 4081 Rheginus
3159 4025 3228 4063 ex
3258 4009 3500 4081 regione
3532 4010 3688 4064 Grie-

2029 4104 2134 4159 cize
2169 4101 2301 4169 fuit,
2332 4101 2808 4157 Christianorum
2838 4105 3156 4170 parentum
3190 4097 3372 4159 illius,
3409 4115 3442 4152 a
3474 4098 3690 4168 quibus

2030 4194 2311 4266 pietatem
2343 4197 2402 4246 et
2431 4206 2628 4246 sacras
2660 4188 2887 4242 litteras
2921 4189 3187 4254 edoctus,
3229 4187 3565 4252 virtutibus,
3619 4204 3687 4243 ac

2027 4283 2244 4337 timore
2279 4280 2379 4335 Dei
2419 4278 2702 4350 praeditus
2761 4277 2963 4331 evasit.
3020 4277 3208 4340 Quare
3271 4275 3344 4329 ob
3389 4275 3685 4347 insignem

2030 4372 2218 4443 ipsius
2248 4371 2529 4442 pietatem
2560 4367 2632 4422 ab
2684 4367 2815 4437 ejus
2847 4366 2961 4420 loci
3004 4365 3276 4436 episcopo
3307 4364 3592 4418 diaconus
3624 4365 3686 4419 in

2030 4461 2284 4518 ecclesia
2312 4459 2548 4515 Grieciaa
2580 4457 2887 4511 ordinatus
2919 4461 3010 4509 est
3043 4472 3056 4521 ;
3091 4453 3308 4509 deinde
3352 4453 3682 4524 presbyter,

2033 4550 2272 4606 demum
2305 4546 2696 4617 Scopulorum
2730 4543 3060 4614 episcOpus.
3106 4542 3246 4596 Eam
3277 4546 3475 4595 autem
3505 4540 3688 4595 virtu-

2030 4648 2156 4697 tum
2187 4639 2407 4695 famam
2439 4637 2551 4691 sibi
2597 4634 2978 4704 comparavit,
3032 4637 3098 4686 ut
3145 4630 3218 4686 ad
3275 4630 3687 4686 Sardicensem

2028 4730 2324 4805 synodum
2353 4732 2614 4791 vocatus,
2647 4726 2710 4779 in
2751 4741 2819 4778 ea
2852 4724 3112 4777 haereses
3165 4738 3374 4777 omnes
3433 4721 3686 4776 dicendo

2026 4819 2332 4878 retuderit.
2368 4819 2581 4872 Postea
2609 4815 2682 4871 ad
2715 4831 2887 4869 suum
2917 4813 3326 4884 episcopatum
3352 4828 3683 4883 regressus,

2027 4912 2280 4967 excitata
2309 4908 2588 4964 adversus
2619 4903 2984 4960 Christianos
3007 4903 3440 4974 persecutione,
3475 4918 3510 4956 a
3529 4904 3684 4958 Grae-

2025 5002 2132 5058 ciaa
2164 4999 2442 5072 praefecto
2492 4995 2981 5060 comprehensus,
3010 4998 3145 5065 post
3199 4994 3420 5049 multos
3452 4993 3684 5050 crucia-

2026 5098 2144 5161 tus,
2175 5090 2366 5162 capite
2397 5089 2606 5161 plexus
2638 5091 2746 5142 est.

265 5177 374 5228 τῶν
405 5178 767 5248 Χριστιανῶν,
799 5173 1073 5247 ἐκρατήθη
1107 5170 1251 5244 παρὰ
1273 5173 1375 5225 τοῦ
1403 5177 1504 5240 τῆς
1536 5169 1670 5227 Ἓλλ
1685 5172 1830 5249 ίδος,
1854 5179 2126 5256 ἄρχοντος
2146 5178 2236 5234 καὶ
2271 5177 2406 5251 μετὰ
2422 5176 2484 5231 τὸ
2507 5171 2694 5230 πολλά
2727 5173 3139 5246 βασανισθῆναι,
3171 5171 3261 5226 καὶ
3282 5171 3690 5246 τιμωρηθῆναι,

265 5259 355 5317 διὰ
384 5262 562 5340 ξίφους
590 5267 691 5335 τήν
723 5263 873 5338 ἱερὰν
905 5262 1071 5317 αὐτοῦ
1101 5259 1343 5336 κεφαλὴν
1375 5260 1692 5334 ἀπετμήθη.

789 5389 977 5446 MUNI
1029 5392 1115 5441 ΤΩ
1169 5389 1374 5445 ΑΥΤΩ.

1026 5476 1138 5533 KE’

245 5581 519 5653 ’Λθλησις
546 5583 644 5635 τοῦ
698 5575 854 5652 ἁγίου
913 5576 1184 5651 μᾶρτυρος
1238 5570 1599 5651 Ἀλεξάνδρου
1634 5582 1918 5656 μαρτυρή-

795 5687 986 5728 σαντος
1015 5665 1068 5721 ἐν
1100 5667 1168 5738 τῇ
1200 5663 1383 5739 Θρᾴκῃ

311 5764 490 5826 Οὗτος
522 5761 594 5833 ἦν
626 5757 688 5815 ἐκ
717 5756 1032 5830 Ποτιόλων,
1081 5759 1210 5830 μιᾶς
1267 5757 1376 5808 τῶν
1435 5753 1514 5818 είς
1566 5755 1790 5833 Ῥώμην
1816 5758 1917 5817 πό-

2598 5391 2839 5447 EODEM
2885 5390 3118 5445 MENSE

2527 5483 2630 5537 Die
2659 5482 2942 5536 vicesima
2972 5481 3186 5550 quinta

2029 5578 2176 5635 2H
2237 5577 2521 5631 Certamen.
2553 5575 2732 5629 sancti
2780 5572 3043 5640 martyris
3091 5569 3422 5629 Alexandri,
3483 5567 3581 5637 qui
3627 5567 3689 5620 in

2423 5665 2659 5721 Thracia
2705 5659 3043 5732 martyrium
3101 5660 3288 5713 subiit.

2099 5759 2216 5815 Iste
2249 5772 2317 5813 ex
2349 5754 2613 5812 Puteolis
2638 5751 2770 5824 fuit,
2794 5767 2926 5822 quae
2955 5748 3098 5804 urbs
3121 5753 3213 5804 est
3230 5747 3388 5822 apud
3416 5749 3698 5830 Romam,
