4132 6428
397 377 515 439 327

1682 357 2122 420 MENOLOGII
2164 353 2372 416 PARS
2418 353 2496 414 II.

3711 352 3829 412 328

398 509 769 583 temporibus
817 503 1153 562 Maximiani
1211 497 1612 571 imperatoris,
1649 500 1706 550 et
1755 489 2055 549 Tiberiani

2179 488 2336 583 λεῳς,
2359 486 2448 542 ἐπὶ
2473 487 2822 562 Μαξιμιανοῦ
2851 491 2949 542 τοῦ
3011 484 3306 562 βασιλέως,
3363 483 3456 540 καὶ
3513 477 3832 560 Τιϐεριανοῦ

398 581 681 674 praal‘ecti.
709 596 1187 667 Comprehensus
1209 596 1406 645 autem
1429 605 1462 643 a
1479 586 1778 658 praefecto,
1812 589 1870 638 et
1895 581 2054 636 idola

399 672 647 747 adorare
681 685 1044 756 compulsus,
1103 687 1332 736 tantum
1367 677 1579 737 abfuit,
1611 681 1679 729 ut
1710 690 1778 729 ea
1809 672 2053 736 coleret,

399 787 465 836 ut
494 781 689 851 potius
722 773 1098 832 contumeliis
1130 778 1250 826 tam
1284 769 1458 826 idola.
1496 783 1677 836 quam
1709 764 2058 837 praefectum

400 874 696 935 oneraret,
729 865 1009 935 inquiens
1038 881 1050 917 :
1082 863 1149 916 Et
1179 876 1325 914 vana
1357 859 1461 912 illa
1493 862 1654 922 sunt,
1690 860 1748 910 et
1776 870 1964 908 vanus
1997 868 2060 906 es

400 961 548 1032 ipse,
583 957 764 1012 miser
786 961 844 1010 et
864 953 1091 1009 infelix.
1119 952 1304 1023 quiin
1329 967 1398 1004 ea
1419 947 1634 1002 credis.
1663 942 2061 1010 Quamobrem

402 1050 616 1106 vinctis
647 1045 916 1118 pendens
971 1043 1264 1100 manibus.
1300 1039 1699 1112 appensisque
1748 1034 1822 1091 ad
1881 1032 2064 1105 pedes

401 1141 578 1198 saxis.
617 1143 927 1209 torquetur
959 1152 971 1190 :
1007 1134 1223 1190 deinde
1257 1133 1508 1192 solutus,
1562 1135 1618 1182 et
1648 1125 2063 1195 Carthaginem

403 1233 637 1294 ductus,
671 1245 880 1282 rursus
908 1227 969 1280 in
1016 1225 1340 1296 equuleum
1393 1221 1586 1293 agitur
1618 1225 1676 1273 et
1704 1217 2062 1289 depectitur.

399 1318 542 1374 Inde
582 1315 1067 1386 Marcianopolim
1102 1319 1344 1374 tractus,
1379 1308 1608 1365 facibus
1665 1309 1726 1361 in
1781 1305 1930 1360 facie
1964 1302 2069 1358 ad-

400 1409 616 1463 uritur.
663 1407 913 1460 Demum
938 1420 1072 1458 cum
1101 1401 1319 1456 multos
1341 1399 1490 1454 alios
1513 1396 1809 1451 cruciatus
1842 1393 2071 1447 fortiter

406 1505 472 1554 ut
509 1496 726 1551 Christi
760 1501 1004 1565 martyr.
1040 1492 1402 1564 pertulisset,
1439 1489 1499 1542 in
1520 1485 1767 1542 Thracia
1809 1482 2068 1539 decolla~

411 1598 526 1655 tur,
560 1601 846 1644 coronam
881 1581 1401 1652 incorruptibilem
1431 1578 1732 1646 vitamque
1785 1578 2073 1628 aeternam

405 1679 689 1736 aChristo
723 1677 838 1730 Deo
872 1678 1075 1728 nostro
1108 1670 1424 1741 recipiens.

1061 1940 1282 1995 Eodem
1313 1938 1408 1994 die

407 2091 560 2149 202
616 2083 1070 2145 Commemoratio
1125 2083 1313 2146 fsanct-i
1378 2081 1562 2136 Patris
1616 2077 1792 2132 nostri
1849 2073 2064 2130 Tarasii

695 2175 1098 2246 archiepiscopi
1152 2169 1772 2240 Constantinopolitani.

481 2326 730 2381 Sanctus
762 2323 936 2376 Pater
972 2323 1178 2374 noster
1225 2314 1499 2371 Tarasius
1544 2308 2062 2380 Constantinopoli

403 2422 583 2472 natus
615 2419 672 2469 et
723 2412 1027 2471 educatus.
1081 2407 1367 2480 dignitate
1399 2421 1433 2460 a
1464 2401 1717 2459 Secretis
1764 2405 1924 2455 erat:
1960 2396 2064 2453 sed

407 2506 480 2561 ob
503 2519 701 2559 rerum
744 2499 1165 2572 cognitionem,
1219 2496 1589 2564 multamque
1645 2491 1921 2545 virtutem
1955 2505 2060 2560 pa-

407 2594 667 2649 triarcha
682 2587 1381 2658 Constantinopolitanus
1399 2583 1710 2638 ordinatus
1733 2585 1824 2634 est
1848 2597 1860 2632 :
1887 2578 1988 2649 qui
2008 2582 2066 2632 et

407 2689 748 2739 sanctarum
771 2680 1100 2750 imaginum
1125 2676 1348 2732 cultum
1375 2671 1784 2746 propugnavit.
1807 2675 1864 2724 et
1883 2685 2064 2738 opera

405 2790 514 2828 sua
543 2771 602 2826 id
631 2771 848 2836 effecit,
885 2775 950 2823 ut
978 2770 1312 2822 Romanum
1346 2763 1664 2834 imperium
1713 2759 1786 2815 ad
1818 2762 2061 2813 sancto-

403 2879 539 2917 rum
573 2859 977 2931 apostolorum
1029 2854 1398 2917 traditiones,
1432 2857 1489 2905 et
1535 2850 1609 2906 ad
1641 2855 1869 2915 septem
1899 2864 2061 2902 uacu-

405 2952 774 3006 menicarum
811 2946 1175 3018 synodorum
1223 2943 1460 2997 decreta
1491 2940 1817 3001 accederet,
1849 2944 1907 2992 et
1937 2955 2063 2992 om-

404 3059 511 3096 nes
537 3039 803 3094 ecclesiaa
826 3054 960 3092 cum
983 3033 1328 3090 orthodoxis
1347 3033 1868 3102 conjungerentur.
1897 3028 2064 3082 Hunc

403 3132 606 3200 itaque
633 3129 694 3182 in
731 3127 974 3182 modum
1006 3124 1281 3196 religiose
1310 3121 1473 3181 vixit,
1508 3120 1580 3173 ab
1601 3116 2063 3190 imperatoribus

404 3221 468 3274 in
503 3220 728 3273 honore
748 3215 984 3270 habitus
1018 3213 1467 3281 ;aeditlcatoque
1492 3209 1651 3264 ultra
1679 3207 1813 3263 freti
1847 3223 2065 3279 angus-

405 3311 519 3364 tias
547 3306 934 3372 monasterio,
967 3321 1035 3359 ac
1066 3303 1271 3357 multis
1299 3299 1608 3356 monachis
1639 3299 1699 3353 in
1732 3299 1859 3369 ipso
1891 3313 2067 3352 cons-

406 3397 623 3463 titutis,
657 3395 1019 3450 liberalitate
1053 3394 1113 3447 in
1145 3407 1439 3464 pauperes
1489 3388 1761 3460 insignis,
1796 3402 1932 3442 cum
1967 3400 2065 3440 ec-

405 3487 653 3542 clesiam
691 3484 866 3539 annis
896 3483 1099 3556 viginti
1133 3481 1364 3535 duobus
1399 3487 1457 3534 et
1485 3477 1793 3533 mensibus
1834 3473 2066 3530 duobus

407 3577 633 3648 Optime
664 3575 934 3635 rexisset.
970 3573 1031 3627 in
1064 3587 1206 3643 pace
1230 3571 1472 3642 quievit,
1504 3573 1561 3622 et
1591 3567 1654 3622 in
1689 3583 1795 3621 suo
1823 3579 2065 3620 monas-

407 3666 559 3721 terio
593 3663 863 3736 sepultus
900 3662 1032 3717 fuit.

971 3805 1213 3860 EODEM
1252 3803 1502 3858 MENSE.

911 3921 1016 3975 Die
1066 3919 1349 3974 vicesima
1407 3922 1572 3974 sexta

411 4042 565 4100 203
658 4021 1108 4096 Commembratio
1191 4034 1371 4091 sancti
1443 4033 1744 4105 Porphyrii
1829 4032 2071 4103 episcopi

1156 4128 1334 4186 Gazae.

478 4279 732 4334 Sanctus
763 4273 1127 4346 Porphyrius
1158 4271 1592 4328 Thessalonica;
1641 4269 1922 4326 divitibus
1964 4285 2066 4340 pa-

404 4369 679 4425 rentibus
712 4371 907 4425 natus,
942 4363 1014 4418 iis
1047 4380 1114 4418 ac
1144 4361 1357 4433 opibus
1389 4360 1633 4426 relictis,
1667 4360 1728 4414 in
1759 4361 2070 4430 Egyptum

412 4460 721 4522 secedens,
757 4453 1050 4510 Archadio
1075 4459 1131 4506 et
1155 4452 1411 4507 Honorio
1433 4449 1916 4521 imperatoribus,
1944 4465 2069 4502 mo-

408 4550 636 4604 nachus
669 4545 858 4600 factus
918 4549 1027 4599 est.
1063 4542 1285 4597 Deinde
1319 4539 1789 4610 Hierosolymam
1836 4544 2066 4609 petens,

2160 577 2456 654 ἡγεμόνος.
2493 579 2797 653 Κρατηθεὶς
2857 575 2915 632 δὲ
2970 577 3116 651 παρὰ
3171 579 3276 630 τοῦ
3327 575 3623 651 ἡγεμόνος,
3657 577 3828 649 ἡναγ-

2161 673 2355 740 κάζετο
2413 679 2787 746 προσκυνῆσαι
2871 675 2990 732 τοῖς
3074 666 3357 730 εἷδώλοις.
3417 668 3478 725 Ὀ
3534 665 3592 722 δὲ
3649 667 3824 742 ἅγιος,

2163 761 2279 817 ἀντὶ
2311 766 2408 817 τοῦ
2449 764 2818 836 προσκυνῆσαι
2876 765 2993 822 τοῖς
3050 757 3328 828 εἰδώλοις,
3392 757 3606 831 μᾶλλον
3639 752 3825 831 ὕϐρισε

2163 857 2253 910 καὶ
2293 855 2448 928 αὐτὰ,
2479 855 2570 910 καὶ
2623 857 2714 910 τὸν
2775 853 3041 930 ἡγεμόνα,
3102 852 3270 907 εἰπὼν
3330 853 3467 926 πρὸς
3527 848 3710 916 αὺτὸν,
3743 849 3826 904 ὅτι

2165 949 2255 1003 καὶ
2289 949 2424 1004 αὐτᾶ
2470 949 2669 1021 μάταιά
2728 949 2854 1018 εἰσι,
2911 948 3001 1002 καὶ
3051 947 3114 1001 σὺ
3175 948 3204 1000 ὁ
3261 944 3528 1000 πιστεύων
3589 944 3667 1004 εἷς
3697 942 3831 998 αὐτᾶ

2169 1034 2360 1099 ἅθλιος
2405 1039 2496 1094 καὶ
2550 1037 2926 1110 ταλαίπωρος.
2986 1035 3084 1089 Διά
3137 1037 3300 1088 τοῦτο
3356 1029 3509 1100 ἐδέθη
3570 1030 3621 1100 ἐξ
3648 1031 3825 1103 ἄκρων

2172 1122 2517 1196 χειρῶν,καῖ
2575 1123 2906 1196 ἐκρεμάσθη,
2971 1117 3072 1177 Καὶ
3118 1118 3192 1180 εἷς
3242 1116 3374 1180 τοὺς
3430 1113 3599 1177 πόδας
3660 1114 3828 1169 αὐτοῦ

2171 1209 2470 1281 προσεδέθη
2503 1212 2654 1276 λίθος
2698 1209 2887 1286 βαρύςο
2945 1209 3035 1264 καὶ
3094 1207 3231 1281 μετᾶ
3284 1209 3445 1261 τοῦτο
3502 1202 3706 1271 λυθεὶς,
3739 1201 3829 1258 καὶ

2173 1300 2442 1374 ἀπαχθεὶς
2505 1301 2554 1356 ἐν
2617 1301 2984 1376 Καρθαγέννῃ,
3041 1296 3206 1352 πάλιν
3264 1294 3588 1370 κρεμασθεὶς
3622 1293 3832 1366 ἐξέσθη.

2176 1395 2279 1449 Καὶ
2313 1393 2477 1449 πάλιν
2512 1393 2702 1470 ἀχθεὶς
2746 1392 2823 1457 εἷς
2883 1389 3388 1466 Μαρκιανούπολιν,
3443 1386 3579 1460 μετὰ
3609 1385 3836 1456 λαμπά-

2179 1482 2284 1538 δων
2319 1484 2487 1559 πυρὸς
2518 1484 2581 1538 τὸ
2623 1484 2943 1558 πρόσωπιον
3002 1480 3232 1535 καίεται·
3289 1476 3380 1531 καὶ
3413 1474 3589 1537 ἄλλας
3620 1472 3840 1536 πολλὰς

2184 1578 2448 1653 βασάνους
2475 1578 2563 1632 καὶ
2626 1575 2897 1649 τιμωρίας
2949 1570 3230 1648 ἀνδρείως,
3290 1569 3364 1630 ὡς
3419 1569 3660 1640 Χριστοῦ
3696 1565 3832 1638 μάρ-

2179 1688 2273 1728 τυς
2307 1710 2320 1736 ,
2383 1666 2701 1738 ὑπομείνας,
2761 1664 2811 1719 ἐν
2871 1667 2940 1738 τῇ
3000 1661 3182 1736 Θρᾴκῃ
3241 1657 3516 1725 ἀπελθὼν,
3572 1657 3844 1730 ἀπεκεφα-

2183 1755 2370 1826 λίσθη,
2417 1750 2711 1810 ἀπολαϐὼν
2769 1754 3025 1829 στέφανον
3082 1749 3374 1824 ἄφθαρτον,
3405 1745 3495 1799 καὶ
3531 1744 3675 1813 ζωήν
3704 1741 3839 1796 αἰώ-

2090 1856 2138 1922 Β
2175 1867 2288 1902 νιον
2321 1846 2469 1920 παρὰ
2499 1847 2732 1922 Χριστοῦ
2760 1847 2857 1898 τοῦ
2885 1845 3019 1898 Θεοῦ
3048 1842 3232 1913 ἡμῶν.

2748 1961 2825 2036 Τῇ
2877 1961 3018 2034 αὐτῇ
3076 1959 3260 2034 ἡμέρᾳ

2173 2086 2382 2158 Μνήμη
2423 2087 2520 2139 τοῦ
2551 2081 2602 2138 ἐν
2637 2081 2811 2158 ἁγίοις
2861 2080 3070 2155 Πατρὸς
3122 2080 3284 2152 ἡμῶν
3326 2073 3602 2150 Ταρασίου
3639 2073 3832 2147 ἀρχιε-

2521 2171 2792 2227 πισκόπου
2844 2163 3478 2228 Κωνιταντινουπόλεως.

2241 2318 2505 2395 Ταράσιος
2571 2318 2600 2373 ὁ
2658 2316 2709 2372 ἐν
2769 2315 2944 2392 ἁγίοις
3005 2313 3192 2388 Πατὴρ
3251 2313 3414 2385 ἡμῶν
3461 2306 3671 2384 ἐγένετο
3725 2312 3826 2376 τῆς

2177 2405 2811 2468 Κωνσταντινουπόλεως
2865 2405 2954 2460 καὶ
2985 2405 3232 2479 γέννημα
3287 2399 3377 2457 καί
3433 2401 3676 2475 θρέμμα,
3723 2396 3826 2465 τὴν

2177 2501 2324 2572 ἀξίαν
2358 2500 2677 2574 ιῖισηκρῆτις⁹
2723 2495 2869 2551 ἀλλὰ
2899 2492 2988 2549 διὰ
3015 2495 3114 2563 τήν
3146 2497 3342 2568 γνῶσιν
3397 2488 3487 2545 καὶ
3542 2488 3643 2556 τήν
3696 2487 3828 2560 ἀρε-

2175 2593 2276 2660 τὴν
2335 2589 2499 2645 αὐτοῦ
2557 2591 2956 2662 χειροτονεῖται
2994 2581 3343 2658 πατριάρχης
3379 2583 3826 2637 Κωνσταντινου-

2178 2682 2418 2745 πόλεως.
2453 2683 2639 2743 ’Όστις
2668 2680 2759 2734 καὶ
2788 2680 2885 2748 τήν
2928 2682 3034 2732 τῶν
3095 2679 3303 2731 σεπτῶν
3337 2673 3559 2728 είκόνων
3593 2667 3833 2744 προσκύ-

2177 2799 2332 2847 νησιν
2385 2773 2728 2851 ἐδογμάτισε·
2787 2773 2877 2827 καὶ
2930 2768 3000 2827 δι’
3053 2769 3217 2825 αὑτοῦ
3248 2770 3283 2837 ἡ
3322 2765 3599 2842 βασίλειος
3657 2763 3831 2838 ἀρχὴ,

2177 2868 2266 2922 καὶ
2422 2865 2707 2936 Ῥωμαϊκή
2767 2859 2980 2932 ἐξουσία
3027 2861 3161 2932 πρὸς
3218 2858 3314 2919 τὰς
3372 2852 3696 2930 παραδόσεις
3721 2855 3830 2906 τῶν

2177 2958 2345 3034 ἁγίων
2406 2953 2729 3010 ἀποστόλων
2767 2995 2782 3020 ,
2842 2951 2933 3006 καὶ
3015 2954 3124 3005 τῶν
3209 2948 3344 3003 ἑπτά
3431 2945 3828 3016 οἷ’κουμενικῶν

2180 3044 2419 3102 συνόδων
2478 3041 2791 3114 ἐπανῆλθε,
2873 3040 2964 3096 καὶ
3014 3045 3180 3094 πᾶσαι
3241 3037 3295 3092 αἱ
3371 3035 3657 3104 ἐκκλησίαι
3714 3035 3832 3094 τοῖς

2182 3135 2496 3214 ὀρθοδόξοις
2555 3133 2964 3204 συνηνώθησαν.
3021 3132 3200 3200 Ζήσας
3263 3125 3321 3182 δὲ
3353 3125 3524 3187 οὕτως
3576 3117 3831 3193 εὐσεϐῶς,

2096 3233 2139 3300 C
2175 3228 2264 3284 καὶ
2311 3232 2431 3290 τοῖς
2490 3221 2772 3301 βασιλεῦσι
2829 3221 3010 3294 τίμιος
3059 3220 3374 3294 γενόμενος,
3405 3214 3494 3270 καὶ
3560 3213 3832 3287 μοναστή-

2172 3340 2292 3395 ριον
2372 3315 2422 3370 ἐν
2500 3318 2578 3386 τῷ
2637 3311 2802 3388 πέραν
2856 3314 2953 3365 τοῦ
3012 3311 3197 3363 στενοῦ
3249 3304 3628 3377 οἰκοδομήσας
3664 3344 3678 3369 ,
3735 3299 3828 3355 καὶ

2170 3405 2385 3474 πλῆθος
2450 3406 2729 3477 μοναστῶν
2786 3397 3207 3470 συστησάμενος,
3238 3394 3328 3449 καὶ
3386 3391 3513 3453 τοὺς
3564 3388 3830 3464 πτωχοὺς

2172 3467 2424 3566 ἐλεήσας,
2450 3467 2559 3546 ’καὶ
2617 3489 2802 3551 καλῶς
2861 3467 3200 3560 κυϐερνήσας
3256 3483 3356 3552 τὴν
3415 3479 3711 3548 ἐκκλησίαν
3743 3467 3829 3533 ἐπὶ

2171 3581 2262 3656 ἔτη
2298 3583 2468 3639 εἷ’κοσι
2500 3578 2618 3650 δύο,
2649 3578 2739 3633 καὶ
2777 3584 2953 3650 μῆνας
2987 3573 3105 3645 δύο,
3156 3573 3207 3628 ἐν
3257 3571 3450 3646 εἷ’ρήνῃ
3510 3567 3833 3636 ἐτελειώθη,

2170 3676 2260 3731 καὶ
2282 3672 2544 3742 κατετέθη
2579 3668 2630 3724 ἐν
2661 3672 2741 3740 τῷ
2772 3666 2919 3740 αὐτῷ
2952 3661 3328 3739 μοναστηρίῳ.

2727 3810 2914 3869 ΜΗΝΙ
2953 3811 3046 3866 ΤΩ
3085 3808 3290 3866 ΑΥΤΩ.

2965 3927 3053 3997 κζ’

2283 4064 2407 4134 MM
2421 4082 2496 4136 μη
2526 4062 2625 4116 τοῦ
2657 4057 2822 4133 ἁγίου
2849 4053 3168 4133 Πορφυρίου
3201 4048 3506 4106 ἐπισκόπου
3528 4050 3726 4118 Γάζης.

2245 4263 2308 4318 '0
2339 4261 2496 4335 ἅγιος
2553 4252 2863 4332 Πορφῦριος
2900 4249 3114 4327 ἐγένετο
3170 4249 3275 4304 ἀπὸ
3332 4248 3431 4316 τῆς
3461 4243 3678 4335 πόλεως
3709 4248 3839 4299 Θεσ·

2176 4329 2498 4418 σαλονίκης,
2534 4329 2652 4410 υἱὸς
2678 4329 2886 4419 γονέων
2942 4339 3245 4396 πλουσίων·
3307 4334 3624 4392 καταλιπὼν
3655 4329 3712 4387 δὲ
3740 4352 3837 4386 κα-

2174 4446 2379 4519 γονεῖς,
2432 4437 2522 4493 καὶ
2575 4435 2816 4490 πλοῦτον
2851 4475 2865 4500 ,
2921 4430 3011 4486 ἐπὶ
3063 4425 3344 4506 βασιλείας
3404 4420 3711 4499 ’Λρκαδίου,
3744 4419 3834 4474 καὶ

2175 4513 2439 4601 Ὅνωρίου
2474 4571 2489 4596 ,
2522 4523 2766 4589 ἀπῆλθεν
2820 4521 2895 4583 εἷς
2949 4518 3246 4596 Δί’γυπτον,
3294 4515 3382 4570 καὶ
3415 4513 3631 4586 ἐγένετο
3667 4528 3837 4582 μονα-

409 4637 627 4693 Judaais
647 4634 983 4704 Graecisque
1007 4637 1217 4688 auctor
1239 4637 1382 4693 erat,
1413 4637 1479 4685 ut
1503 4596 1735 4685 Christo
1769 4596 2066 4697 se.adjun-'

2179 4596 2458 4682 Χ.ό;.Ἐῖτα
2487 4615 2661 4670 ἐλθὼν
2723 4611 2802 4675 εἷς
2828 4607 3210 4684 Ἱεροσόλυμα,
3267 4600 3471 4659 ἔπειθεν
3533 4596 3835 4660 Ἰουδαίους

411 4729 640 4797 gerent.
674 4739 809 4776 cum
851 4723 1070 4776 iterum
1126 4721 1424 4791 scalprum
1479 4724 1730 4791 gereret,
1789 4723 1845 4772 et
1876 4717 2064 4788 pelles

413 4817 751 4875 consueret,
787 4829 974 4882 eaque
1005 4818 1130 4866 arte
1180 4811 1467 4882 seipsum,
1503 4817 1560 4864 et
1588 4825 1882 4880 pauperes
1934 4824 2064 4862 sus—

412 4905 690 4960 tentaret.
722 4901 866 4954 Tum
886 4918 919 4955 a
940 4901 1150 4972 Praylo
1169 4900 1508 4971 patriarcha
1530 4898 2068 4969 Hierosolymitano

413 4993 725 5068 presbyter
751 4991 1098 5044 ordinatur:
1133 4990 1374 5045 demum
1409 4990 1755 5045 Gazensium
1795 4987 2071 5058 precibus

415 5086 685 5141 aJoanne
699 5087 975 5135 Cassareaa
1008 5079 1265 5150 Philippi
1288 5078 1733 5149 archiepiscopo
1760 5077 2070 5147 episcOpus

419 5176 580 5232 Gazaa
604 5175 990 5226 consecratur
1015 5185 1028 5222 :
1064 5168 1163 5239 qui
1188 5185 1321 5222 cum
1352 5168 1612 5238 plurima
1641 5165 1932 5221 miracula
1955 5165 2072 5220 edi-

419 5264 627 5324 disset,
657 5259 878 5314 multos
906 5260 1241 5313 Graecorum
1263 5258 1718 5328 Judaaorumque
1741 5255 2074 5327 baptizavit,

419 5350 820 5418 omnibusque
852 5348 1152 5402 idolorum
1176 5347 1330 5402 fanis
1363 5347 1601 5414 eversis,
1631 5345 1912 5401 ecclesias
1940 5362 2077 5399 san-

420 5447 653 5498 ctorum
686 5437 981 5504 excitavit,
1014 5444 1192 5507 atque
1221 5437 1378 5491 hunc
1410 5437 1470 5491 in
1505 5437 1746 5491 modum
1781 5441 2080 5491 transacta

423 5527 798 5586 sanctissime
820 5529 956 5593 vita,
980 5526 1051 5582 ad
1077 5527 1261 5581 Deum
1296 5527 1765 5599 migravit,vitam
1795 5532 2080 5580 aeternam

426 5614 773 5674 haereditate
799 5616 1061 5688 capiens.

2176 4710 2266 4766 καὶ
2322 4705 2604 4774 Έλληνας
2661 4699 3060 4777 προσέρχεσθαι
3141 4699 3220 4767 τῷ
3310 4688 3570 4768 Χριστῷ,
3631 4685 3838 4761 σμίλην

2183 4788 2750 4873 μεταχειριζὸμενος,
2809 4788 2899 4844 καὶ
2960 4784 3204 4859 δέρματα
3261 4784 3523 4859 ῥάπτων,
3569 4777 3661 4833 καὶ
3717 4777 3843 4850 τρέ-

2179 4909 2292 4959 φων
2348 4883 2438 4938 καὶ
2493 4881 2682 4937 ἑαυτὸν
2771 4878 2861 4933 καὶ
2932 4874 3060 4936 τοὺς
3119 4873 3356 4941 πένητας
3393 4916 3406 4928 .
3464 4869 3594 4924 Εἶτα
3651 4884 3842 4940 χειρο-

2194 4983 2430 5036 τονεῖται
2506 4967 2870 5048 πρεσϐύτερος
2973 4968 3075 5022 ὑπὸ
3164 4962 3419 5040 Πραΰλου
3494 4959 3845 5035 πατριάρχου

2196 5065 2602 5146 Ῑεροσολῦμων.
2639 5062 2738 5116 Καὶ
2797 5064 2905 5114 τῶν
2968 5055 3214 5126 Γαζαίων
3272 5049 3623 5123 ζητησάντων
3657 5046 3845 5117 αὐτὸν,

2183 5162 2576 5240 χειροτονεῖται
2613 5153 2910 5213 ἐπίσκοπος
2957 5149 3060 5205 ὑπὸ
3092 5147 3353 5204 Ἰωάννου
3409 5139 3850 5218 ἀρχιεπισκόπου

2185 5229 2504 5324 ίξαίσαρείας
2581 5253 2682 5314 τῆς
2754 5240 3042 5299 Φιλίππου
3079 5283 3094 5295 .
3153 5236 3252 5292 Καὶ
3311 5233 3546 5297 πλεῖσθα
3603 5229 3854 5303 θαύματα

2185 5317 2450 5412 ποιήσας,
2480 5334 2734 5396 πολλοὺς
2763 5337 2874 5389 τῶν
2922 5326 3204 5398 Ἐλλήνων
3265 5323 3355 5379 καὶ
3406 5327 3515 5378 τῶν
3567 5317 3853 5379 Ἰουδαίων

2188 5427 2461 5486 ἐϐάπτισεο
2496 5425 2586 5480 καὶ
2646 5422 2849 5483 πάντας
2905 5417 3034 5479 τοὺς
3093 5416 3255 5477 ναοὺς
3300 5417 3411 5469 τῶν
3467 5409 3716 5466 εἴδώλων
3748 5429 3851 5462 κα-

2187 5517 2527 5593 ταστρέψας,
2586 5511 2878 5580 ἐκκλησιας
2938 5507 3108 5580 ἁγίων
3166 5499 3363 5570 ἔκτισε,
3421 5500 3512 5556 καὶ
3573 5497 3717 5554 οὕτω
3749 5518 3845 5551 κα-

2193 5589 2334 5670 λιίἱις⁷
2377 5589 2581 5682 βιώσας
2633 5602 2767 5676 πρὸς
2825 5600 2953 5655 Θεὸν
3013 5593 3362 5669 ἐξεδήμησα,
3415 5589 3846 5662 κληρονομήσας

2191 5701 2293 5770 τὴν
2323 5695 2457 5755 αἲών
2467 5716 2545 5752 ιον
2567 5695 2736 5767 ξωήν.
