4132 6426
411 361 518 422 331
1694 359 2043 422 ΜΕΝΟΕΟ(

2197 362 2263 417 ’Λ
2279 359 2372 421 RS
2415 363 2526 423 III.
3707 368 3829 430 332

407 513 477 554 ac
527 496 786 552 tumultu
845 496 1041 567 ipsum
1095 492 1637 566 aggrediebantur:
1679 511 1879 550 verum
1916 511 2039 550 cum

2199 497 2325 550 οῦτο
2355 493 2723 572 παρεκίνησαν
2773 495 2868 551 τὸν
2918 495 3094 569 ἅγιον,
3145 491 3236 550 διὰ
3275 497 3377 565 τῆς
3425 497 3641 562 νυκτὸς,
3693 501 3831 572 μετὰ

405 586 563 641 nihil
581 586 906 652 efﬁcerent,
920 583 1054 637 victi
1073 582 1419 638 discessere.
1445 584 1575 655 Ipse
1595 589 2037 647 vero,exstructi

2195 587 2364 638 ›ωνιῖ›ν
2437 584 2528 639 καὶ
2604 580 2851 661 θορύϐων
2931 582 3172 654 ἐπῆλθον
3241 591 3410 659 αυτῷ.
3479 588 3586 644 Καὶ
3657 587 3827 662 μηδὶν

407 675 519 731 sibi
551 675 890 748 angustiore
914 672 1150 739 cellula,
1181 672 1242 728 in
1267 689 1398 730 eam
1429 690 1491 729 se
1525 672 2039 742 includens,totun

2189 670 2477 742 ἱνύσαντες,
2514 674 2907 750 ὑπεχώρησαν*
2963 673 3124 738 αὐτὸς
3167 673 3226 730 δὶ
3255 669 3605 752 ἔγκλειστρον
3639 680 3821 736 στενὸν

404 766 540 820 vita;
572 782 694 820 sum
726 770 960 834 tempus
993 762 1274 821 traduxit.

2191 763 2426 833 ποιήσας,
2457 761 2548 818 καὶ
2579 762 2838 829 εἰσελθὼν
2899 763 2954 820 ἂν
3010 765 3186 838 αὐτῷ,
3216 765 3308 821 τὸν
3341 762 3474 821 δλον
3509 765 3624 841 βίον
3657 769 3823 825 αὐτοῦ

2167 848 2487 912 διετέλεσεν.
3167 854 3182 875 ’

1049 941 1271 997 Eodem
1307 941 1405 998 die

2732 943 2818 1017 Τῇ
2863 943 3003 1018 αὖτῇ
3047 943 3252 1017 ἡμέρᾳ·

403 1033 557 1092 218
592 1034 1048 1089 Commemorati'o
1097 1038 1412 1158 stangtorum
1468 1031 1764 1087 mulierum
1811 1030 2035 1086 Murano

1084 1120 1112 1159 e
1226 1118 1366 1174 yrae.

2238 1030 2358 1101 Μνή
2371 1051 2448 1104 μη
2478 1034 2586 1086 τῶν
2617 1029 2782 1106 ἁγίων
2821 1036 3090 1108 γυναικῶν
3123 1034 3384 1108 Μαράνας
3409 1033 3499 1090 καὶ
3531 1033 3751 1113 Κίῤῥας.

470 1213 606 1268 Istas
636 1216 855 1268 sanctae
886 1210 949 1266 in
970 1210 1116 1268 urbe
1136 1211 1356 1267 Ciliciae
1382 1211 1586 1267 Berma
1613 1215 1792 1277 natm,
1815 1225 2057 1283 genere,

2235 1209 2306 1266 Ai
2355 1210 2501 1284 ἅγιαι
2560 1209 2715 1266 αὗται
2773 1210 3021 1288 ἐγένοντο
3074 1210 3135 1267 ἐκ
3187 1217 3289 1281 τῆς
3345 1213 3565 1278 πόλεως
3594 1213 3823 1292 Βεροίας

399 1302 612 1375 patria,
634 1301 968 1374 opibusque
1000 1301 1247 1369 relictis,
1269 1317 1389 1356 non
1420 1300 1629 1374 procul
1661 1317 1696 1356 a
1726 1300 1928 1355 Beroea
1947 1298 2031 1354 cel

2187 1303 2262 1366 γῆς
2321 1296 2598 1361 Κιλικίας.
2655 1299 3058 1356 Καταλιποῦσαι
3115 1299 3174 1356 δὲ
3227 1302 3320 1357 καὶ
3375 1301 3526 1378 γένος
3578 1303 3668 1360 καὶ
3715 1325 3819 1361 πα-

403 1392 590 1450 lnlam
634 1399 1055 1449 construxere:
1107 1409 1358 1464 eamque
1418 1393 1721 1466 ingressas,
1755 1391 2035 1446 obstructi

2187 1384 2342 1463 ερίδα,
2398 1387 2490 1444 καὶ
2545 1387 2809 1462 πλοῦτον,
2863 1388 3112 1460 ἀπῆλθον
3171 1389 3412 1462 πλησίον
3453 1392 3696 1468 Βεροίας·
3727 1393 3819 1451 καὶ

402 1500 570 1540 οωηο
601 1483 1020 1555 lapidibusque
1044 1483 1250 1556 janua,
1271 1500 1377 1555 per
1406 1482 1733 1538 fenestellm
1753 1481 2034 1554 angustia:

2192 1498 2369 1533 κτισεν
2407 1477 2632 1535 κελλίον
2677 1479 2894 1554 μικρὸν,
2947 1481 3034 1535 καὶ
3095 1478 3432 1545 εἰσελθοῦσαι
3489 1478 3618 1552 ἔσω,
3661 1483 3824 1540 ἆνέκυ

401 1581 732 1648 porrectum
751 1577 1100 1647 parcissime
1115 1575 1311 1631 cibum
1326 1592 1459 1631 cum
1474 1591 1630 1646 aqua
1641 1573 2033 1630 admittebant

2190 1586 2312 1622 ‘tO’GV
2341 1567 2442 1636 τήν
2476 1565 2640 1643 θύραν
2698 1567 2835 1640 μετὰ
2883 1565 3069 1639 πηλοῦ
3098 1567 3190 1623 καὶ
3247 1567 3442 1628 λίθων.
3481 1571 3580 1627 Καὶ
3611 1568 3822 1647 ἀφῆκαν

404 1664 806 1721 Adventantes
863 1671 1062 1720 autem
1112 1665 1184 1720 ad
1236 1665 1370 1720 illas
1401 1665 1676 1732 feminas,
1710 1663 1783 1720 ad
1811 1667 2036 1720 virtute:

2189 1652 2357 1730 ιυρίδα
2416 1655 2633 1732 μικρὰν,
2693 1657 2784 1735 ἀφ’
2848 1657 2916 1729 ἧς
2991 1657 3205 1734 τροφὴν
3268 1660 3465 1732 μικρὰν
3525 1658 3617 1714 καὶ
3674 1655 3821 1730 ὕδωρ

403 1753 973 1824 excitabant.Magno
993 1753 1171 1808 etiam
1189 1752 1328 1807 ferri
1352 1751 1612 1824 pondere
1638 1759 1824 1808 totum
1843 1770 2035 1827 corpu:

2192 1742 2360 1813 ,λίγον
2393 1741 2726 1818 ἐλάμϐανον.
2789 1745 2893 1802 Καὶ
2951 1751 3070 1809 ταῖς
3128 1746 3605 1823 προσερχομέναις
3636 1747 3824 1815 αὐταῖς

403 1842 770 1908 onerabant;
799 1849 858 1897 et
877 1843 1002 1897 solo
1026 1844 1406 1898 Pentecostes
1428 1841 1524 1897 die
1547 1859 1680 1897 cum
1704 1843 2035 1900 mnlieribu:

2190 1833 2402 1905 νυναιξὶν
2455 1833 2869 1910 συνετύγχανον,
2923 1831 3270 1891 διδάσκουσαι
3343 1835 3508 1900 αὐτὰς
3563 1839 3632 1893 τὰ
3688 1837 3822 1912 πρὸς

401 1932 822 2004 loquebantur.
857 1938 1046 1987 totum
1104 1933 1404 2004 reliquum
1461 1949 1688 1988 annum
1725 1933 1788 1988 in
1819 1933 2033 1990 silentii

2191 1925 2262 1993 κήν
2296 1924 2515 1997 ἀρετήν,
2547 1923 2812 2003 Ἐφόρουν
2864 1921 2922 1980 δε
2970 1926 3059 1980 καὶ
3119 1923 3320 2000 σίδηρα
3353 1926 3520 2002 βαρέα
3545 1928 3665 1983 καθ’
3685 1925 3823 1984 ὅλου

401 2021 817 2091 transigentes.
851 2022 1046 2077 Semel
1081 2027 1312 2077 tantum
1358 2038 1465 2094 per
1511 2023 1904 2095 quadraginta
1932 2023 2026 2079 die

2188 2017 2261 2068 τοῦ
2303 2014 2582 2086 σώματος.
2646 2012 2744 2068 Καὶ
2803 2010 3114 2088 διελέγοντο
3161 2019 3282 2076 ταῖς
3335 2014 3580 2089 γυναιξὶν
3638 2016 3691 2073 ἐν
3749 2019 3820 2092 τῇ

401 2111 798 2168 comedebant
853 2116 913 2166 et
966 2110 1270 2168 bibebant.
1329 2111 1594 2182 Cumque
1624 2111 1784 2167 hunc
1815 2112 2033 2168 modun

2187 2099 2346 2177 δμέρᾳ
2379 2104 2514 2178 μόνῃ
2569 2110 2672 2174 τῆς
2728 2110 3126 2175 Πεντηκοστῆς.
3181 2107 3282 2160 Τὸν
3315 2102 3373 2162 δὲ
3405 2106 3533 2162 ελον
3576 2105 3819 2166 ἐνιαυτὸν

399 2202 496 2273 pie
527 2201 923 2274 religioseque
952 2201 1254 2268 vixissent,
1286 2201 1710 2256 miraculorum
1741 2202 1922 2258 etiam
1953 2203 2027 2258 do

2187 2213 2218 2247 ιν
2247 2192 2456 2268 ἡσυχίᾳ
2511 2190 2717 2270 διῆγον.
2778 2194 3002 2249 Ἥσθιον
3063 2191 3122 2250 δὶ
3171 2194 3263 2250 καὶ
3316 2191 3496 2251 ἔπινον
3531 2198 3670 2253 κατᾶ
3698 2219 3819 2254 τεσ·

399 2307 546 2346 nnm
604 2306 917 2346 meruere:
969 2307 1110 2346 nam
1169 2290 1342 2346 caecis
1397 2290 1586 2344 visum
1643 2290 2031 2346 restituerunt

2189 2281 2463 2356 ἀράκοντα
2517 2283 2728 2358 ἡμέρας
2787 2280 2936 2356 μίαν.
2995 2283 3154 2341 Οὕτω
3211 2281 3270 2339 δὶ
3323 2284 3508 2349 καλῶς
3556 2288 3646 2342 καὶ
3696 2299 3821 2353 θεα-

399 2379 798 2436 daemoniacos
827 2385 1132 2446 curarunt,
1158 2379 1385 2436 claudis
1416 2380 1688 2435 incessus
1714 2379 2031 2436 facultaten

2199 2369 2368 2436 έστως
2426 2370 2712 2446 βιώσασαι,
2772 2372 3084 2444 ἠξιώθησαν
3141 2372 3232 2429 καὶ
3291 2376 3647 2450 χαρισμάτων
3699 2388 3825 2442 θαυ-

399 2469 698 2527 dederunt
724 2475 902 2544 atque
932 2469 1014 2526 ita
1044 2475 1293 2526 mortuae
1334 2474 1494 2526 sunt.

2187 2460 2523 2536 ιατουργίας’
2577 2461 2665 2516 καὶ
2724 2461 2827 2538 γὰρ
2882 2461 3124 2540 τυφλοὺς
3177 2457 3480 2539 ἀναϐλέψαι
3532 2464 3819 2540 ἐποίησαν,

2161 2550 2253 2606 καὶ
2288 2548 2688 2625 δαιμονιῶντας
2727 2549 3105 2626 έθεράπευσαν,
3162 2551 3252 2608 καὶ
3311 2557 3525 2630 χωλοῖς
3580 2553 3820 2632 βαδίζειν

2162 2641 2341 2716 ὀρθῶς
2370 2640 2717 2718 ἐχαρίσαντο·
2755 2640 2840 2696 καὶ
2874 2641 3049 2702 οὕτως
3080 2641 3497 2716 ὖτελειώθησαν.

1049 2738 1271 2796 Eodem
1310 2738 1406 2794 die

2759 2733 2846 2805 Τῇ
2873 2730 3010 2806 αὐτῇ
3041 2729 3224 2806 ἡμέρᾳ

613 2829 767 2886 219
801 2829 1252 2885 Commemoratio
1300 2833 1502 2884 sanctae
1531 2828 1842 2884 Domnina.

1793 2841 1842 2884 ε,
2552 2823 2761 2895 Μνήμη
2801 2827 2904 2892 τῆς
2937 2821 3088 2884 ὁσίας
3132 2821 3425 2895 Δομνίνης.

472 2920 686 2976 Sancta
719 2920 1010 2976 Domnina
1042 2920 1104 2974 in
1135 2920 1284 2990 Cyro
1335 2917 1479 2974 urbe
1511 2917 1625 2988 piis
1656 2916 2056 2989 divitibusque

2232 2911 2296 2967 Ἠ
2329 2909 2453 2986 ἁγία
2499 2912 2729 2984 Δομνίνα
2787 2911 2996 2988 ἐγένετο
3055 2911 3116 2968 ἐκ
3175 2913 3276 2983 τὴς
3334 2913 3554 2978 πόλεως
3609 2915 3816 2992 Κύρου,

396 3008 750 3082 parentibus
783 3015 940 3077 nata,
975 3009 1050 3064 ab
1103 3009 1346 3064 incunte
1380 3012 1551 3062 (etate
1584 3006 1683 3060 hei
1717 3022 1918 3062 amore
1948 3005 2028 3061 ila

2183 3005 2360 3071 γονέων
2419 2995 2656 3055 εὐσεϐῶν
2744 3001 2833 3056 καὶ
2913 3000 3191 3057 πλουσίων
3251 3004 3510 3080 θυγάτηρ·
3569 3005 3815 3081 ἠγάπησε

395 3116 595 3172 graus,
629 3103 813 3154 totam
846 3115 910 3155 se
931 3097 1225 3171 religiosis
1245 3096 1769 3152 exercitationibus
1786 3095 2017 3151 addixit

2185 3093 2219 3146 ῖὶ
2245 3090 2339 3145 τὸν
2385 3091 2513 3146 Θεὸν
2570 3089 2630 3146 bc
2691 3089 2946 3168 βρέφους,
3003 3091 3092 3146 καὶ
3150 3088 3404 3162 ἐξέδωκεν
3455 3092 3649 3164 ἑαυτὴν
3680 3096 3817 3172 πρὸς

396 3195 456 3245 et
484 3190 546 3246 in
564 3191 819 3260 tugurio,
844 3189 1001 3262 quod
1024 3205 1094 3244 ex
1115 3186 1508 3243 arundinibus
1529 3185 1687 3240 domi
1711 3186 2028 3258 contiguum

2182 3178 2286 3245 τοὺς
2315 3186 2414 3250 τῆς
2468 3181 2746 3252 ἀσκήσεως
2807 3181 3036 3256 ἀγῶνας.
3097 3181 3194 3236 Καὶ
3252 3180 3487 3252 πλησίον
3513 3189 3613 3253 τῆς
3640 3183 3814 3248 οἰκίας

393 3285 784 3347 exstruxerat,
811 3296 870 3334 se
903 3278 1181 3334 inclusit:
1209 3277 1308 3333 ubi
1331 3277 1431 3332 diu
1462 3281 1759 3347 noctuque
1790 3293 1895 3348 pro
1929 3281 2025 3330 tot:

2180 3269 2331 3339 ιῦτῆς
2389 3268 2553 3346 μέρος
2594 3249 2658 3324 γτι
2699 3249 3054 3344 ἐκλεξαμένη,
3115 3249 3366 3341 ἐποίησε-
3394 3249 3643 3344 καλύῦην
3707 3274 3812 3329 ἀπὸ

392 3369 554 3437 orbe,
589 3388 694 3442 pro
727 3370 1017 3437 ecclesiis,
1051 3385 1154 3441 pro
1191 3369 1535 3424 orthodoxis
1568 3368 2024 3440 imperatoribus

2183 3358 2444 3433 ιαλάμωνο
2476 3358 2566 3414 καὶ
2596 3359 2647 3414 έν
2698 3358 2877 3434 ἐκείνῃ
2935 3359 3333 3432 καταμένουσα,
3377 3361 3514 3434 μετὰ
3542 3359 3815 3440 δακρύων,

391 3477 496 3533 pro
530 3463 812 3524 exercitu,
833 3477 938 3533 pro
963 3459 1289 3532 republica,
1315 3457 1570 3530 denique
1599 3476 1702 3531 pro
1737 3476 1843 3514 sua
1863 3459 2019 3530 ipsiu

2183 3449 2352 3510 ηυκτὸς
2383 3447 2472 3502 καὶ
2511 3449 2744 3519 ἡμέρας,
2801 3448 2894 3502 τὸν
2954 3444 3084 3502 Θεὸν
3145 3447 3277 3522 ὑπὲρ
3329 3455 3431 3517 τῆς
3487 3451 3815 3524 οἱκουμένης

395 3549 585 3604 salute
618 3550 801 3605 Deum
833 3550 1059 3604 orabat.
1097 3549 1288 3603 Vitam
1322 3547 1481 3603 lente
1510 3555 1809 3603 macerata
1839 3555 1897 3603 et
1923 3565 2027 3602 mox

2189 3535 2447 3608 δυσώπει,
2483 3538 2614 3612 ὑπὲρ
2643 3542 2750 3593 τῶν
2807 3535 3140 3608 ἐκκλησιῶν,
3201 3537 3332 3614 ὑπὲρ
3377 3543 3483 3593 τῶν
3509 3538 3815 3616 ὀρθοδοξων

394 3636 528 3693 dica
558 3656 712 3711 aqua
738 3639 1127 3694 sustentabat.
1162 3639 1424 3708 Cumque
1469 3639 1552 3692 ita
1594 3637 1784 3691 instar
1811 3638 2022 3710 angelo

2183 3627 2458 3698 Ξασιλέων,
2521 3627 2654 3703 ὑπὲρ
2705 3631 2802 3682 τοῦ
2858 3629 3111 3703 στρατοῦ,
3173 3627 3304 3702 ὑπὲρ
3362 3633 3459 3682 τοῦ
3488 3635 3693 3702 κοινοῦ,
3727 3633 3815 3688 καὶ

395 3744 529 3783 rum
594 3727 836 3783 vixisset
911 3733 1227 3782 extenuato
1288 3726 1591 3781 laboribus
1650 3743 1917 3797 corpore,
1979 3743 2027 3780 ai

2178 3719 2471 3776 τελευταίαν
2500 3719 2673 3794 εὐχὴν
2707 3717 2941 3774 ὲποιεῖτο
3004 3718 3136 3793 ὑπὲρ
3196 3725 3298 3788 τῆς
3339 3716 3480 3778 ἰδίας
3510 3724 3721 3798 ψυχῆς.
3751 3725 3810 3783 Ἦ

398 3819 606 3880 Deum,
641 3834 816 3886 quem
851 3822 1168 3878 amaverat,
1199 3815 1335 3870 laeta
1374 3815 1665 3888 migravit,
1694 3821 2030 3870 aeternorum

2180 3811 2224 3866 i‘e
2276 3811 2453 3890 τροφή
2513 3810 2684 3880 αὐτῆς
2736 3809 2804 3879 ἦν
2865 3810 3006 3888 φακή
3073 3803 3420 3886 βεῦραγμένη
3475 3814 3665 3888 μικρὰ,
3724 3813 3812 3870 καὶ

400 3907 699 3962 bonorum
731 3907 1073 3961 fruitionem
1111 3905 1426 3976 recipiens.

2179 3898 2352 3978 ίλίγον
2413 3897 2580 3976 ὕδωρ.
2653 3897 2842 3963 Οὕτως
2913 3895 3216 3976 ἀγγελικιῖκ
3281 3900 3547 3975 βιώσασα,
3603 3902 3688 3956 καί
3749 3904 3811 3957 τὸ

403 3999 562 4066 σῶμα
592 3999 709 4056 τοῖς
739 3993 928 4056 πόνοις
959 3995 1290 4068 νεκρώσασα,
1321 3991 1410 4046 καὶ
1440 3997 1557 4054 τοῖς
1591 3989 1846 4067 ἀγγέλοις
1879 3989 2334 4065 συνδιαιτωμένηο
2379 3990 2470 4046 καὶ
2517 3987 2624 4067 πρὸ
2673 3988 3045 4065 μεταστάσεως
3079 3988 3370 4065 χαίρουσα,
3401 3990 3539 4064 πρὸς
3566 3990 3715 4061 Θεὸν,
3748 3990 3810 4046 δν

397 4083 685 4156 ιπόθησεν,
718 4080 1070 4158 έξεδήμησεν,
1105 4075 1458 4138 ἀπολαϐοῦσα
1485 4085 1595 4136 τῶν
1623 4079 1826 4136 αἰωίων
1860 4081 2070 4158 ἀγαθῶν
2102 4081 2202 4152 τὴν
2235 4078 2558 4139 ἀπόλαυσιν.

1645 4725 1982 4824 PARS
2046 4724 2532 4823 TERTIA

1405 4925 1457 4984 Α
1501 4921 1769 4985 MENSE
1815 4919 2123 4982 MARTIO
2167 4921 2273 4982 AD
2318 4918 2776 4984 AUGUSTUM.

696 5259 1125 5357 MENSE
1202 5257 1700 5354 MABTIO.
2058 5261 2105 5327 ι)

2058 5261 2105 5327 θ
2481 5281 2816 5378 ΜΗΝΙ
2908 5283 3423 5384 ΜΑΡΤΙΩ.

1021 5423 1125 5477 Die
1165 5422 1379 5493 prima.

2763 5447 2854 5503 'Ev
2882 5448 2951 5522 τῇ
2984 5449 3175 5525 πρώτῃ

367 5546 406 5600 1
447 5545 734 5601 Certamen
781 5548 985 5599 sancte
1033 5543 1297 5610 martyris
1344 5539 1600 5595 Eudociaz
1628 5537 1999 5595 Samaritana:

2235 5553 2512 5626 Ἀθλησις
2553 5559 2652 5626 τῆς
2685 5554 3091 5632 ὀσιομάρτυρος
3125 5555 3393 5625 Εύδοκίας
3419 5565 3521 5631 τῆς
3551 5560 3657 5617 ἀπο

2777 5631 3157 5690 Σαμαρειτῶν.

437 5720 652 5779 Sancta
699 5719 916 5779 Christi
959 5726 1187 5794 martyr
1227 5719 1489 5779 Eudocia
1539 5737 1610 5778 ex
1653 5718 1887 5778 civitate
1917 5719 2017 5776 Sa-

2777 5648 3157 5702 ιαμαρειτων.

2197 5717 2265 5774 Ἦ
2311 5716 2647 5793 ὁσιομάρτυς
2704 5719 2808 5774 τοῦ
2867 5722 3112 5794 Χριστοῦ
3161 5719 3405 5780 Εόδοκία
3433 5721 3654 5799 ὑπῆρχε
3699 5721 3795 5797 μὶν
