  <div class='ocr_page' id='page_1' title='image "/cluster/home/n/w/nwhite01/storage/ocr_20150623/117/coo.31924054870211/177.png"; bbox 0 0 4132 6440; ppageno 0'>
   <div class='ocr_carea' id='block_1_1' title="bbox 459 382 575 448">
    <p class='ocr_par' dir='ltr' id='par_1_1' title="bbox 459 382 575 448">
     <span class='ocr_line' id='line_1_1' title="bbox 459 382 575 448; baseline -0.034 0"><span class='ocrx_word' id='word_1_1' title='bbox 459 382 575 448; x_wconf 70' lang='lat'>335</span> 
     </span>
    </p>
   </div>
   <div class='ocr_carea' id='block_1_2' title="bbox 1751 374 2593 437">
    <p class='ocr_par' dir='ltr' id='par_1_2' title="bbox 1751 374 2593 437">
     <span class='ocr_line' id='line_1_2' title="bbox 1751 374 2593 437; baseline -0.002 0"><span class='ocrx_word' id='word_1_2' title='bbox 1751 377 1800 437; x_wconf 83' lang='lat' dir='ltr'><strong>M</strong></span> <span class='ocrx_word' id='word_1_3' title='bbox 1814 375 2192 437; x_wconf 77' lang='lat' dir='ltr'>ENOLOGII</span> <span class='ocrx_word' id='word_1_4' title='bbox 2238 374 2438 436; x_wconf 81' lang='lat' dir='ltr'>PARS</span> <span class='ocrx_word' id='word_1_5' title='bbox 2484 374 2593 435; x_wconf 88' lang='lat' dir='ltr'>III.</span> 
     </span>
    </p>
   </div>
   <div class='ocr_carea' id='block_1_3' title="bbox 3766 372 3889 436">
    <p class='ocr_par' dir='ltr' id='par_1_3' title="bbox 3766 372 3889 436">
     <span class='ocr_line' id='line_1_3' title="bbox 3766 372 3889 436; baseline -0.016 0"><span class='ocrx_word' id='word_1_6' title='bbox 3766 372 3889 436; x_wconf 76' lang='lat'>336</span> 
     </span>
    </p>
   </div>
   <div class='ocr_carea' id='block_1_4' title="bbox 461 504 2098 592">
    <p class='ocr_par' dir='ltr' id='par_1_4' title="bbox 461 510 2098 592">
     <span class='ocr_line' id='line_1_4' title="bbox 461 510 2098 592; baseline -0.007 -17"><span class='ocrx_word' id='word_1_7' title='bbox 461 519 810 592; x_wconf 83' lang='lat' dir='ltr'>spoliarent,</span> <span class='ocrx_word' id='word_1_8' title='bbox 843 521 901 572; x_wconf 91' lang='lat' dir='ltr'>et</span> <span class='ocrx_word' id='word_1_9' title='bbox 929 515 1150 570; x_wconf 91' lang='lat' dir='ltr'>nudam</span> <span class='ocrx_word' id='word_1_10' title='bbox 1182 511 1500 566; x_wconf 81' lang='lat' dir='ltr'>caederent.</span> <span class='ocrx_word' id='word_1_11' title='bbox 1535 511 1647 566; x_wconf 91' lang='lat' dir='ltr'>Sed</span> <span class='ocrx_word' id='word_1_12' title='bbox 1677 526 1813 566; x_wconf 91' lang='lat' dir='ltr'>cum</span> <span class='ocrx_word' id='word_1_13' title='bbox 1841 510 1901 564; x_wconf 92' lang='lat' dir='ltr'>in</span> <span class='ocrx_word' id='word_1_14' title='bbox 1927 510 2098 580; x_wconf 83' lang='lat' dir='ltr'>ipsan</span> 
     </span>
    </p>
   </div>
   <div class='ocr_carea' id='block_1_5' title="bbox 2212 504 3894 592">
    <p class='ocr_par' dir='ltr' id='par_1_5' title="bbox 2225 504 3894 587">
     <span class='ocr_line' id='line_1_5' title="bbox 2225 504 3894 587; baseline 0.001 -25"><span class='ocrx_word' id='word_1_15' title='bbox 2225 507 2418 578; x_wconf 85' lang='grc' dir='ltr'>αὐτῆς,</span> <span class='ocrx_word' id='word_1_16' title='bbox 2463 506 2635 576; x_wconf 86' lang='grc' dir='ltr'>ἦλθον</span> <span class='ocrx_word' id='word_1_17' title='bbox 2693 504 2920 585; x_wconf 71' lang='grc' dir='ltr'>ἄγγελοι</span> <span class='ocrx_word' id='word_1_18' title='bbox 2981 507 3349 587; x_wconf 71' lang='grc' dir='ltr'>φυλάττοντες</span> <span class='ocrx_word' id='word_1_19' title='bbox 3393 507 3489 580; x_wconf 73' lang='grc' dir='ltr'>μὲν</span> <span class='ocrx_word' id='word_1_20' title='bbox 3546 505 3742 579; x_wconf 75' lang='grc' dir='ltr'>αὐτὴν,</span> <span class='ocrx_word' id='word_1_21' title='bbox 3801 527 3894 563; x_wconf 83' lang='grc' dir='ltr'>κο-</span> 
     </span>
    </p>
   </div>
   <div class='ocr_carea' id='block_1_6' title="bbox 459 599 2115 675">
    <p class='ocr_par' dir='ltr' id='par_1_6' title="bbox 459 599 2115 675">
     <span class='ocr_line' id='line_1_6' title="bbox 459 599 2115 675; baseline -0.008 -9"><span class='ocrx_word' id='word_1_22' title='bbox 459 611 700 666; x_wconf 90' lang='lat' dir='ltr'>lictores</span> <span class='ocrx_word' id='word_1_23' title='bbox 730 624 941 664; x_wconf 91' lang='lat' dir='ltr'>manus</span> <span class='ocrx_word' id='word_1_24' title='bbox 966 604 1212 675; x_wconf 81' lang='lat' dir='ltr'>injicere</span> <span class='ocrx_word' id='word_1_25' title='bbox 1241 602 1482 666; x_wconf 82' lang='lat' dir='ltr'>vellent,</span> <span class='ocrx_word' id='word_1_26' title='bbox 1506 601 1877 656; x_wconf 87' lang='lat' dir='ltr'>advenerunt</span> <span class='ocrx_word' id='word_1_27' title='bbox 1896 599 2115 672; x_wconf 78' lang='lat' dir='ltr'>angeli,</span> 
     </span>
    </p>
   </div>
   <div class='ocr_carea' id='block_1_7' title="bbox 459 692 2118 770">
    <p class='ocr_par' dir='ltr' id='par_1_7' title="bbox 459 692 2118 770">
     <span class='ocr_line' id='line_1_7' title="bbox 459 692 2118 770; baseline -0.008 -13"><span class='ocrx_word' id='word_1_28' title='bbox 459 717 592 757; x_wconf 86' lang='lat' dir='ltr'>eam</span> <span class='ocrx_word' id='word_1_29' title='bbox 624 699 865 770; x_wconf 89' lang='lat' dir='ltr'>quidem</span> <span class='ocrx_word' id='word_1_30' title='bbox 899 695 1325 761; x_wconf 78' lang='lat' dir='ltr'>custodientes,</span> <span class='ocrx_word' id='word_1_31' title='bbox 1377 693 1514 748; x_wconf 91' lang='lat' dir='ltr'>illos</span> <span class='ocrx_word' id='word_1_32' title='bbox 1566 709 1704 748; x_wconf 88' lang='lat' dir='ltr'>vero</span> <span class='ocrx_word' id='word_1_33' title='bbox 1737 692 2118 764; x_wconf 85' lang='lat' dir='ltr'>castigantes.</span> 
     </span>
    </p>
   </div>
   <div class='ocr_carea' id='block_1_8' title="bbox 459 780 2114 861">
    <p class='ocr_par' dir='ltr' id='par_1_8' title="bbox 459 780 2114 861">
     <span class='ocr_line' id='line_1_8' title="bbox 459 780 2114 861; baseline -0.007 -16"><span class='ocrx_word' id='word_1_34' title='bbox 459 789 684 846; x_wconf 91' lang='lat' dir='ltr'>Deinde</span> <span class='ocrx_word' id='word_1_35' title='bbox 702 788 900 861; x_wconf 60' lang='lat' dir='ltr'>ignita</span> <span class='ocrx_word' id='word_1_36' title='bbox 919 785 1220 841; x_wconf 66' lang='lat' dir='ltr'>craticulze</span> <span class='ocrx_word' id='word_1_37' title='bbox 1243 783 1543 855; x_wconf 89' lang='lat' dir='ltr'>imposita,</span> <span class='ocrx_word' id='word_1_38' title='bbox 1567 781 1888 837; x_wconf 88' lang='lat' dir='ltr'>incolumis</span> <span class='ocrx_word' id='word_1_39' title='bbox 1911 780 2114 835; x_wconf 81' lang='lat' dir='ltr'>evasit.</span> 
     </span>
    </p>
   </div>
   <div class='ocr_carea' id='block_1_9' title="bbox 457 872 2116 944">
    <p class='ocr_par' dir='ltr' id='par_1_9' title="bbox 457 872 2116 944">
     <span class='ocr_line' id='line_1_9' title="bbox 457 872 2116 944; baseline -0.006 -9"><span class='ocrx_word' id='word_1_40' title='bbox 457 882 763 935; x_wconf 90' lang='lat' dir='ltr'>Postremo</span> <span class='ocrx_word' id='word_1_41' title='bbox 796 893 966 933; x_wconf 91' lang='lat' dir='ltr'>sacco</span> <span class='ocrx_word' id='word_1_42' title='bbox 1014 876 1264 944; x_wconf 90' lang='lat' dir='ltr'>inclusa,</span> <span class='ocrx_word' id='word_1_43' title='bbox 1300 875 1360 929; x_wconf 91' lang='lat' dir='ltr'>in</span> <span class='ocrx_word' id='word_1_44' title='bbox 1391 874 1599 928; x_wconf 66' lang='lat' dir='ltr'>Nicaeae</span> <span class='ocrx_word' id='word_1_45' title='bbox 1647 872 1928 943; x_wconf 86' lang='lat' dir='ltr'>paludem</span> <span class='ocrx_word' id='word_1_46' title='bbox 1977 887 2116 943; x_wconf 90' lang='lat' dir='ltr'>pro-</span> 
     </span>
    </p>
   </div>
   <div class='ocr_carea' id='block_1_10' title="bbox 450 959 1970 1041">
    <p class='ocr_par' dir='ltr' id='par_1_10' title="bbox 450 959 1970 1041">
     <span class='ocr_line' id='line_1_10' title="bbox 450 959 1970 1041; baseline -0.005 -17"><span class='ocrx_word' id='word_1_47' title='bbox 450 969 613 1041; x_wconf 89' lang='lat' dir='ltr'>jecta</span> <span class='ocrx_word' id='word_1_48' title='bbox 640 967 772 1036; x_wconf 85' lang='lat' dir='ltr'>fuit,</span> <span class='ocrx_word' id='word_1_49' title='bbox 803 973 983 1039; x_wconf 71' lang='grc' dir='ltr'>αιειιιε</span> <span class='ocrx_word' id='word_1_50' title='bbox 1009 967 1093 1021; x_wconf 85' lang='lat' dir='ltr'>ita</span> <span class='ocrx_word' id='word_1_51' title='bbox 1116 964 1469 1038; x_wconf 72' lang='lat' dir='ltr'>martyrium</span> <span class='ocrx_word' id='word_1_52' title='bbox 1518 959 1970 1018; x_wconf 82' lang='lat' dir='ltr'>consummavit.</span> 
     </span>
    </p>
   </div>
   <div class='ocr_carea' id='block_1_11' title="bbox 1108 1109 1460 1167">
    <p class='ocr_par' dir='ltr' id='par_1_11' title="bbox 1108 1109 1460 1167">
     <span class='ocr_line' id='line_1_11' title="bbox 1108 1109 1460 1167; baseline -0.009 0"><span class='ocrx_word' id='word_1_53' title='bbox 1108 1110 1330 1167; x_wconf 90' lang='lat' dir='ltr'>Eodem</span> <span class='ocrx_word' id='word_1_54' title='bbox 1364 1109 1460 1165; x_wconf 90' lang='lat' dir='ltr'>die</span> 
     </span>
    </p>
   </div>
   <div class='ocr_carea' id='block_1_12' title="bbox 848 1227 1718 1300">
    <p class='ocr_par' dir='ltr' id='par_1_12' title="bbox 848 1227 1718 1300">
     <span class='ocr_line' id='line_1_12' title="bbox 848 1227 1718 1300; baseline -0.003 -13"><span class='ocrx_word' id='word_1_55' title='bbox 848 1230 1118 1289; x_wconf 79' lang='lat' dir='ltr'>Domitio</span> <span class='ocrx_word' id='word_1_56' title='bbox 1149 1233 1431 1287; x_wconf 66' lang='lat' dir='ltr'>Parmenz</span> <span class='ocrx_word' id='word_1_57' title='bbox 1461 1227 1718 1300; x_wconf 76' lang='lat' dir='ltr'>apostoli.</span> 
     </span>
    </p>
   </div>
   <div class='ocr_carea' id='block_1_13' title="bbox 523 1349 2112 1424">
    <p class='ocr_par' dir='ltr' id='par_1_13' title="bbox 523 1349 2112 1424">
     <span class='ocr_line' id='line_1_13' title="bbox 523 1349 2112 1424; baseline -0.007 -14"><span class='ocrx_word' id='word_1_58' title='bbox 523 1354 776 1410; x_wconf 89' lang='lat' dir='ltr'>Sanctus</span> <span class='ocrx_word' id='word_1_59' title='bbox 804 1352 900 1407; x_wconf 91' lang='lat' dir='ltr'>hic</span> <span class='ocrx_word' id='word_1_60' title='bbox 922 1349 1226 1424; x_wconf 83' lang='lat' dir='ltr'>apostolus</span> <span class='ocrx_word' id='word_1_61' title='bbox 1247 1352 1571 1405; x_wconf 88' lang='lat' dir='ltr'>Parmenas</span> <span class='ocrx_word' id='word_1_62' title='bbox 1602 1363 1737 1404; x_wconf 91' lang='lat' dir='ltr'>cum</span> <span class='ocrx_word' id='word_1_63' title='bbox 1771 1352 2112 1402; x_wconf 87' lang='lat' dir='ltr'>sanctorum</span> 
     </span>
    </p>
   </div>
   <div class='ocr_carea' id='block_1_14' title="bbox 452 1436 2114 1518">
    <p class='ocr_par' dir='ltr' id='par_1_14' title="bbox 452 1436 2114 1518">
     <span class='ocr_line' id='line_1_14' title="bbox 452 1436 2114 1518; baseline -0.005 -18"><span class='ocrx_word' id='word_1_64' title='bbox 452 1445 858 1518; x_wconf 88' lang='lat' dir='ltr'>apostolorum</span> <span class='ocrx_word' id='word_1_65' title='bbox 918 1442 1247 1514; x_wconf 87' lang='lat' dir='ltr'>discipulus</span> <span class='ocrx_word' id='word_1_66' title='bbox 1307 1447 1484 1509; x_wconf 88' lang='lat' dir='ltr'>esset,</span> <span class='ocrx_word' id='word_1_67' title='bbox 1546 1440 1703 1494; x_wconf 90' lang='lat' dir='ltr'>inter</span> <span class='ocrx_word' id='word_1_68' title='bbox 1731 1436 2114 1509; x_wconf 82' lang='lat' dir='ltr'>Septuaginta</span> 
     </span>
    </p>
   </div>
   <div class='ocr_carea' id='block_1_15' title="bbox 450 1526 2108 1603">
    <p class='ocr_par' dir='ltr' id='par_1_15' title="bbox 450 1526 2108 1603">
     <span class='ocr_line' id='line_1_15' title="bbox 450 1526 2108 1603; baseline -0.007 -13"><span class='ocrx_word' id='word_1_69' title='bbox 450 1539 884 1590; x_wconf 86' lang='lat' dir='ltr'>annumeratus</span> <span class='ocrx_word' id='word_1_70' title='bbox 915 1539 1026 1596; x_wconf 90' lang='lat' dir='ltr'>est,</span> <span class='ocrx_word' id='word_1_71' title='bbox 1060 1537 1237 1603; x_wconf 86' lang='lat' dir='ltr'>atque</span> <span class='ocrx_word' id='word_1_72' title='bbox 1271 1547 1391 1586; x_wconf 87' lang='lat' dir='ltr'>una</span> <span class='ocrx_word' id='word_1_73' title='bbox 1429 1546 1563 1585; x_wconf 92' lang='lat' dir='ltr'>cum</span> <span class='ocrx_word' id='word_1_74' title='bbox 1612 1527 1747 1584; x_wconf 90' lang='lat' dir='ltr'>aliis</span> <span class='ocrx_word' id='word_1_75' title='bbox 1778 1543 1878 1583; x_wconf 92' lang='lat' dir='ltr'>sex</span> <span class='ocrx_word' id='word_1_76' title='bbox 1913 1526 2108 1581; x_wconf 85' lang='lat' dir='ltr'>diaco-</span> 
     </span>
    </p>
   </div>
   <div class='ocr_carea' id='block_1_16' title="bbox 450 1613 2112 1695">
    <p class='ocr_par' dir='ltr' id='par_1_16' title="bbox 450 1613 2112 1695">
     <span class='ocr_line' id='line_1_16' title="bbox 450 1613 2112 1695; baseline -0.007 -16"><span class='ocrx_word' id='word_1_77' title='bbox 450 1625 546 1679; x_wconf 87' lang='lat' dir='ltr'>nis</span> <span class='ocrx_word' id='word_1_78' title='bbox 578 1624 802 1679; x_wconf 91' lang='lat' dir='ltr'>electus</span> <span class='ocrx_word' id='word_1_79' title='bbox 833 1639 901 1678; x_wconf 88' lang='lat' dir='ltr'>ac</span> <span class='ocrx_word' id='word_1_80' title='bbox 926 1621 1273 1695; x_wconf 88' lang='lat' dir='ltr'>designatus</span> <span class='ocrx_word' id='word_1_81' title='bbox 1295 1619 1369 1676; x_wconf 95' lang='lat' dir='ltr'>ad</span> <span class='ocrx_word' id='word_1_82' title='bbox 1391 1616 1855 1674; x_wconf 86' lang='lat' dir='ltr'>ministrandum</span> <span class='ocrx_word' id='word_1_83' title='bbox 1886 1613 2112 1671; x_wconf 88' lang='lat' dir='ltr'>mensis</span> 
     </span>
    </p>
   </div>
   <div class='ocr_carea' id='block_1_17' title="bbox 453 1705 2112 1785">
    <p class='ocr_par' dir='ltr' id='par_1_17' title="bbox 453 1705 2112 1785">
     <span class='ocr_line' id='line_1_17' title="bbox 453 1705 2112 1785; baseline -0.005 -17"><span class='ocrx_word' id='word_1_84' title='bbox 453 1729 680 1781; x_wconf 91' lang='lat' dir='ltr'>eorum,</span> <span class='ocrx_word' id='word_1_85' title='bbox 716 1713 816 1785; x_wconf 87' lang='lat' dir='ltr'>qui</span> <span class='ocrx_word' id='word_1_86' title='bbox 877 1711 952 1768; x_wconf 91' lang='lat' dir='ltr'>ad</span> <span class='ocrx_word' id='word_1_87' title='bbox 1009 1711 1308 1767; x_wconf 89' lang='lat' dir='ltr'>Christum</span> <span class='ocrx_word' id='word_1_88' title='bbox 1367 1707 1731 1766; x_wconf 88' lang='lat' dir='ltr'>accedebant</span> <span class='ocrx_word' id='word_1_89' title='bbox 1763 1712 1822 1762; x_wconf 90' lang='lat' dir='ltr'>et</span> <span class='ocrx_word' id='word_1_90' title='bbox 1849 1705 2112 1777; x_wconf 84' lang='lat' dir='ltr'>baptiza-</span> 
     </span>
    </p>
   </div>
   <div class='ocr_carea' id='block_1_18' title="bbox 449 1797 2111 1875">
    <p class='ocr_par' dir='ltr' id='par_1_18' title="bbox 449 1797 2111 1875">
     <span class='ocr_line' id='line_1_18' title="bbox 449 1797 2111 1875; baseline -0.005 -15"><span class='ocrx_word' id='word_1_91' title='bbox 449 1803 950 1875; x_wconf 88' lang='lat' dir='ltr'>bantur,quemad</span> <span class='ocrx_word' id='word_1_92' title='bbox 961 1802 1089 1858; x_wconf 92' lang='lat' dir='ltr'>mod</span> <span class='ocrx_word' id='word_1_93' title='bbox 1101 1819 1199 1857; x_wconf 91' lang='lat' dir='ltr'>um</span> <span class='ocrx_word' id='word_1_94' title='bbox 1223 1803 1285 1857; x_wconf 87' lang='lat' dir='ltr'>in</span> <span class='ocrx_word' id='word_1_95' title='bbox 1305 1801 1466 1857; x_wconf 83' lang='lat' dir='ltr'>Actis</span> <span class='ocrx_word' id='word_1_96' title='bbox 1479 1799 1884 1872; x_wconf 88' lang='lat' dir='ltr'>apostolorum</span> <span class='ocrx_word' id='word_1_97' title='bbox 1903 1797 2111 1854; x_wconf 79' lang='lat' dir='ltr'>scribit</span> 
     </span>
    </p>
   </div>
   <div class='ocr_carea' id='block_1_19' title="bbox 451 1891 1264 1962">
    <p class='ocr_par' dir='ltr' id='par_1_19' title="bbox 451 1891 1264 1962">
     <span class='ocr_line' id='line_1_19' title="bbox 451 1891 1264 1962; baseline -0.004 -14"><span class='ocrx_word' id='word_1_98' title='bbox 451 1899 690 1949; x_wconf 89' lang='lat' dir='ltr'>sanctus</span> <span class='ocrx_word' id='word_1_99' title='bbox 742 1894 945 1962; x_wconf 89' lang='lat' dir='ltr'>Lucas,</span> <span class='ocrx_word' id='word_1_100' title='bbox 1007 1891 1264 1947; x_wconf 90' lang='lat' dir='ltr'>dicens:</span> 
     </span>
    </p>
   </div>
   <div class='ocr_carea' id='block_1_20' title="bbox 450 1977 2104 2054">
    <p class='ocr_par' dir='ltr' id='par_1_20' title="bbox 450 1977 2104 2054">
     <span class='ocr_line' id='line_1_20' title="bbox 450 1977 2104 2054; baseline -0.003 -17"><span class='ocrx_word' id='word_1_101' title='bbox 450 1983 639 2038; x_wconf 85' lang='lat' dir='ltr'>sancti</span> <span class='ocrx_word' id='word_1_102' title='bbox 673 1982 948 2054; x_wconf 87' lang='lat' dir='ltr'>apostoli)</span> <span class='ocrx_word' id='word_1_103' title='bbox 1008 1981 1369 2051; x_wconf 82' lang='lat' dir='ltr'>Stephanum,</span> <span class='ocrx_word' id='word_1_104' title='bbox 1422 1982 1603 2035; x_wconf 84' lang='lat' dir='ltr'>virum</span> <span class='ocrx_word' id='word_1_105' title='bbox 1651 1980 1878 2049; x_wconf 83' lang='lat' dir='ltr'>plenum</span> <span class='ocrx_word' id='word_1_106' title='bbox 1917 1977 2024 2046; x_wconf 86' lang='lat' dir='ltr'>ﬁde</span> <span class='ocrx_word' id='word_1_107' title='bbox 2054 1983 2104 2033; x_wconf 87' lang='lat' dir='ltr'>et</span> 
     </span>
    </p>
   </div>
   <div class='ocr_carea' id='block_1_21' title="bbox 447 2068 2102 2143">
    <p class='ocr_par' dir='ltr' id='par_1_21' title="bbox 447 2068 2102 2143">
     <span class='ocr_line' id='line_1_21' title="bbox 447 2068 2102 2143; baseline -0.004 -15"><span class='ocrx_word' id='word_1_108' title='bbox 447 2073 663 2143; x_wconf 84' lang='lat' dir='ltr'>Spiritu</span> <span class='ocrx_word' id='word_1_109' title='bbox 691 2079 898 2130; x_wconf 86' lang='lat' dir='ltr'>sancto.</span> <span class='ocrx_word' id='word_1_110' title='bbox 932 2078 983 2126; x_wconf 87' lang='lat' dir='ltr'>et</span> <span class='ocrx_word' id='word_1_111' title='bbox 1028 2071 1370 2141; x_wconf 81' lang='lat' dir='ltr'>Philippum,</span> <span class='ocrx_word' id='word_1_112' title='bbox 1430 2076 1481 2125; x_wconf 86' lang='lat' dir='ltr'>et</span> <span class='ocrx_word' id='word_1_113' title='bbox 1531 2069 1888 2134; x_wconf 81' lang='lat' dir='ltr'>Prochorum,</span> <span class='ocrx_word' id='word_1_114' title='bbox 1921 2073 1972 2122; x_wconf 90' lang='lat' dir='ltr'>et</span> <span class='ocrx_word' id='word_1_115' title='bbox 2005 2068 2102 2122; x_wconf 85' lang='lat' dir='ltr'>Ni-</span> 
     </span>
    </p>
   </div>
   <div class='ocr_carea' id='block_1_22' title="bbox 445 2157 2102 2228">
    <p class='ocr_par' dir='ltr' id='par_1_22' title="bbox 445 2157 2102 2228">
     <span class='ocr_line' id='line_1_22' title="bbox 445 2157 2102 2228; baseline -0.003 -12"><span class='ocrx_word' id='word_1_116' title='bbox 445 2179 718 2226; x_wconf 87' lang='lat' dir='ltr'>canorem,</span> <span class='ocrx_word' id='word_1_117' title='bbox 752 2167 806 2216; x_wconf 91' lang='lat' dir='ltr'>et</span> <span class='ocrx_word' id='word_1_118' title='bbox 836 2163 1132 2228; x_wconf 86' lang='lat' dir='ltr'>Timonem,</span> <span class='ocrx_word' id='word_1_119' title='bbox 1167 2167 1217 2214; x_wconf 90' lang='lat' dir='ltr'>et</span> <span class='ocrx_word' id='word_1_120' title='bbox 1265 2159 1554 2214; x_wconf 83' lang='lat' dir='ltr'>Nicolaum</span> <span class='ocrx_word' id='word_1_121' title='bbox 1603 2160 1870 2212; x_wconf 82' lang='lat' dir='ltr'>advenam</span> <span class='ocrx_word' id='word_1_122' title='bbox 1901 2157 2102 2211; x_wconf 82' lang='lat' dir='ltr'>Antio-</span> 
     </span>
    </p>
   </div>
   <div class='ocr_carea' id='block_1_23' title="bbox 451 2247 2102 2320">
    <p class='ocr_par' dir='ltr' id='par_1_23' title="bbox 451 2247 2102 2320">
     <span class='ocr_line' id='line_1_23' title="bbox 451 2247 2102 2320; baseline -0.003 -14"><span class='ocrx_word' id='word_1_123' title='bbox 451 2253 700 2318; x_wconf 88' lang='lat' dir='ltr'>chenum,</span> <span class='ocrx_word' id='word_1_124' title='bbox 732 2257 785 2305; x_wconf 86' lang='lat' dir='ltr'>et</span> <span class='ocrx_word' id='word_1_125' title='bbox 815 2253 1161 2305; x_wconf 85' lang='lat' dir='ltr'>Parmenam.</span> <span class='ocrx_word' id='word_1_126' title='bbox 1215 2249 1307 2304; x_wconf 90' lang='lat' dir='ltr'>Sic</span> <span class='ocrx_word' id='word_1_127' title='bbox 1354 2247 1532 2320; x_wconf 82' lang='lat' dir='ltr'>igitur</span> <span class='ocrx_word' id='word_1_128' title='bbox 1579 2248 1930 2302; x_wconf 89' lang='lat' dir='ltr'>ministrans</span> <span class='ocrx_word' id='word_1_129' title='bbox 1962 2247 2102 2301; x_wconf 90' lang='lat' dir='ltr'>Par-</span> 
     </span>
    </p>
   </div>
   <div class='ocr_carea' id='block_1_24' title="bbox 445 2335 2103 2410">
    <p class='ocr_par' dir='ltr' id='par_1_24' title="bbox 445 2335 2103 2410">
     <span class='ocr_line' id='line_1_24' title="bbox 445 2335 2103 2410; baseline -0.002 -15"><span class='ocrx_word' id='word_1_130' title='bbox 445 2356 676 2406; x_wconf 89' lang='lat' dir='ltr'>menas,</span> <span class='ocrx_word' id='word_1_131' title='bbox 718 2345 777 2394; x_wconf 90' lang='lat' dir='ltr'>et</span> <span class='ocrx_word' id='word_1_132' title='bbox 833 2355 1075 2410; x_wconf 90' lang='lat' dir='ltr'>operam</span> <span class='ocrx_word' id='word_1_133' title='bbox 1136 2355 1306 2392; x_wconf 92' lang='lat' dir='ltr'>suam</span> <span class='ocrx_word' id='word_1_134' title='bbox 1366 2342 1707 2393; x_wconf 89' lang='lat' dir='ltr'>sanctorum</span> <span class='ocrx_word' id='word_1_135' title='bbox 1757 2335 2103 2409; x_wconf 88' lang='lat' dir='ltr'>indigentiis</span> 
     </span>
    </p>
   </div>
   <div class='ocr_carea' id='block_1_25' title="bbox 445 2426 2103 2501">
    <p class='ocr_par' dir='ltr' id='par_1_25' title="bbox 445 2426 2103 2501">
     <span class='ocr_line' id='line_1_25' title="bbox 445 2426 2103 2501; baseline -0.002 -17"><span class='ocrx_word' id='word_1_136' title='bbox 445 2429 706 2484; x_wconf 81' lang='lat' dir='ltr'>ﬁdeliter</span> <span class='ocrx_word' id='word_1_137' title='bbox 726 2427 1118 2501; x_wconf 88' lang='lat' dir='ltr'>religioseque</span> <span class='ocrx_word' id='word_1_138' title='bbox 1143 2444 1386 2496; x_wconf 88' lang='lat' dir='ltr'>navans,</span> <span class='ocrx_word' id='word_1_139' title='bbox 1406 2443 1473 2482; x_wconf 87' lang='lat' dir='ltr'>ac</span> <span class='ocrx_word' id='word_1_140' title='bbox 1496 2427 1612 2481; x_wconf 91' lang='lat' dir='ltr'>Deo</span> <span class='ocrx_word' id='word_1_141' title='bbox 1647 2427 1894 2497; x_wconf 89' lang='lat' dir='ltr'>ejusque</span> <span class='ocrx_word' id='word_1_142' title='bbox 1926 2426 2103 2480; x_wconf 86' lang='lat' dir='ltr'>disci-</span> 
     </span>
    </p>
   </div>
   <div class='ocr_carea' id='block_1_26' title="bbox 444 2515 2103 2590">
    <p class='ocr_par' dir='ltr' id='par_1_26' title="bbox 444 2515 2103 2590">
     <span class='ocr_line' id='line_1_26' title="bbox 444 2515 2103 2590; baseline -0.001 -18"><span class='ocrx_word' id='word_1_143' title='bbox 444 2519 604 2590; x_wconf 89' lang='lat' dir='ltr'>pulis</span> <span class='ocrx_word' id='word_1_144' title='bbox 634 2525 693 2573; x_wconf 91' lang='lat' dir='ltr'>et</span> <span class='ocrx_word' id='word_1_145' title='bbox 721 2518 1006 2589; x_wconf 91' lang='lat' dir='ltr'>apostolis</span> <span class='ocrx_word' id='word_1_146' title='bbox 1038 2517 1301 2589; x_wconf 87' lang='lat' dir='ltr'>placens,</span> <span class='ocrx_word' id='word_1_147' title='bbox 1334 2516 1541 2571; x_wconf 91' lang='lat' dir='ltr'>morbo</span> <span class='ocrx_word' id='word_1_148' title='bbox 1572 2521 1968 2587; x_wconf 88' lang='lat' dir='ltr'>correptus,et</span> <span class='ocrx_word' id='word_1_149' title='bbox 1993 2515 2103 2570; x_wconf 89' lang='lat' dir='ltr'>sub</span> 
     </span>
    </p>
   </div>
   <div class='ocr_carea' id='block_1_27' title="bbox 449 2605 2103 2680">
    <p class='ocr_par' dir='ltr' id='par_1_27' title="bbox 449 2605 2103 2680">
     <span class='ocr_line' id='line_1_27' title="bbox 449 2605 2103 2680; baseline -0.002 -17"><span class='ocrx_word' id='word_1_150' title='bbox 449 2608 638 2663; x_wconf 90' lang='lat' dir='ltr'>oculis</span> <span class='ocrx_word' id='word_1_151' title='bbox 697 2607 1105 2680; x_wconf 87' lang='lat' dir='ltr'>apostolorum</span> <span class='ocrx_word' id='word_1_152' title='bbox 1163 2607 1281 2662; x_wconf 82' lang='lat' dir='ltr'>vita</span> <span class='ocrx_word' id='word_1_153' title='bbox 1335 2606 1594 2673; x_wconf 82' lang='lat' dir='ltr'>functus,</span> <span class='ocrx_word' id='word_1_154' title='bbox 1659 2605 1732 2660; x_wconf 89' lang='lat' dir='ltr'>ad</span> <span class='ocrx_word' id='word_1_155' title='bbox 1781 2605 2103 2673; x_wconf 83' lang='lat' dir='ltr'>Christum,</span> 
     </span>
    </p>
   </div>
   <div class='ocr_carea' id='block_1_28' title="bbox 450 2695 2103 2770">
    <p class='ocr_par' dir='ltr' id='par_1_28' title="bbox 450 2695 2103 2770">
     <span class='ocr_line' id='line_1_28' title="bbox 450 2695 2103 2770; baseline -0.002 -17"><span class='ocrx_word' id='word_1_156' title='bbox 450 2714 629 2769; x_wconf 91' lang='lat' dir='ltr'>quem</span> <span class='ocrx_word' id='word_1_157' title='bbox 688 2698 1126 2769; x_wconf 89' lang='lat' dir='ltr'>concupiverat,</span> <span class='ocrx_word' id='word_1_158' title='bbox 1182 2697 1471 2770; x_wconf 89' lang='lat' dir='ltr'>migravit,</span> <span class='ocrx_word' id='word_1_159' title='bbox 1527 2711 1809 2751; x_wconf 89' lang='lat' dir='ltr'>coronam</span> <span class='ocrx_word' id='word_1_160' title='bbox 1858 2695 2103 2751; x_wconf 86' lang='lat' dir='ltr'>immar-</span> 
     </span>
    </p>
   </div>
   <div class='ocr_carea' id='block_1_29' title="bbox 450 2788 1942 2862">
    <p class='ocr_par' dir='ltr' id='par_1_29' title="bbox 450 2788 1942 2862">
     <span class='ocr_line' id='line_1_29' title="bbox 450 2788 1942 2862; baseline -0.002 -16"><span class='ocrx_word' id='word_1_161' title='bbox 450 2789 793 2847; x_wconf 89' lang='lat' dir='ltr'>cescibilem</span> <span class='ocrx_word' id='word_1_162' title='bbox 819 2806 886 2845; x_wconf 86' lang='lat' dir='ltr'>ac</span> <span class='ocrx_word' id='word_1_163' title='bbox 916 2805 1166 2862; x_wconf 87' lang='lat' dir='ltr'>regnum</span> <span class='ocrx_word' id='word_1_164' title='bbox 1198 2788 1535 2844; x_wconf 89' lang='lat' dir='ltr'>immortale</span> <span class='ocrx_word' id='word_1_165' title='bbox 1566 2792 1942 2843; x_wconf 90' lang='lat' dir='ltr'>consecutus.</span> 
     </span>
    </p>
   </div>
   <div class='ocr_carea' id='block_1_30' title="bbox 519 2967 2106 3038">
    <p class='ocr_par' dir='ltr' id='par_1_30' title="bbox 519 2967 2106 3038">
     <span class='ocr_line' id='line_1_30' title="bbox 519 2967 2106 3038; baseline -0.001 -12"><span class='ocrx_word' id='word_1_166' title='bbox 519 2971 589 3025; x_wconf 89' lang='lat' dir='ltr'>Et</span> <span class='ocrx_word' id='word_1_167' title='bbox 644 2975 946 3026; x_wconf 89' lang='lat' dir='ltr'>certamen</span> <span class='ocrx_word' id='word_1_168' title='bbox 1003 2970 1193 3025; x_wconf 88' lang='lat' dir='ltr'>sancti</span> <span class='ocrx_word' id='word_1_169' title='bbox 1251 2969 1450 3035; x_wconf 91' lang='lat' dir='ltr'>Quinti</span> <span class='ocrx_word' id='word_1_170' title='bbox 1509 2967 1977 3038; x_wconf 77' lang='lat' dir='ltr'>Thaumaturgi:</span> <span class='ocrx_word' id='word_1_171' title='bbox 2037 2985 2106 3024; x_wconf 86' lang='lat' dir='ltr'>ac</span> 
     </span>
    </p>
   </div>
   <div class='ocr_carea' id='block_1_31' title="bbox 447 3057 2102 3115">
    <p class='ocr_par' dir='ltr' id='par_1_31' title="bbox 447 3057 2102 3115">
     <span class='ocr_line' id='line_1_31' title="bbox 447 3057 2102 3115; baseline -0.003 0"><span class='ocrx_word' id='word_1_172' title='bbox 447 3058 725 3115; x_wconf 89' lang='lat' dir='ltr'>dormitio</span> <span class='ocrx_word' id='word_1_173' title='bbox 783 3064 1126 3115; x_wconf 89' lang='lat' dir='ltr'>sanctorum</span> <span class='ocrx_word' id='word_1_174' title='bbox 1213 3058 1540 3113; x_wconf 80' lang='lat' dir='ltr'>Andronici</span> <span class='ocrx_word' id='word_1_175' title='bbox 1598 3063 1656 3112; x_wconf 89' lang='lat' dir='ltr'>et</span> <span class='ocrx_word' id='word_1_176' title='bbox 1718 3057 2102 3112; x_wconf 65' lang='lat' dir='ltr'>Athanasius:</span> 
     </span>
    </p>
   </div>
   <div class='ocr_carea' id='block_1_32' title="bbox 444 3147 2104 3213">
    <p class='ocr_par' dir='ltr' id='par_1_32' title="bbox 444 3147 2104 3213">
     <span class='ocr_line' id='line_1_32' title="bbox 444 3147 2104 3213; baseline -0.004 -8"><span class='ocrx_word' id='word_1_177' title='bbox 444 3166 681 3205; x_wconf 90' lang='lat' dir='ltr'>necnon</span> <span class='ocrx_word' id='word_1_178' title='bbox 713 3149 1004 3204; x_wconf 89' lang='lat' dir='ltr'>memoria</span> <span class='ocrx_word' id='word_1_179' title='bbox 1053 3148 1242 3204; x_wconf 90' lang='lat' dir='ltr'>sancti</span> <span class='ocrx_word' id='word_1_180' title='bbox 1291 3147 1548 3213; x_wconf 86' lang='lat' dir='ltr'>Troadii,</span> <span class='ocrx_word' id='word_1_181' title='bbox 1579 3152 1636 3201; x_wconf 90' lang='lat' dir='ltr'>et</span> <span class='ocrx_word' id='word_1_182' title='bbox 1682 3147 1870 3201; x_wconf 91' lang='lat' dir='ltr'>sancti</span> <span class='ocrx_word' id='word_1_183' title='bbox 1905 3161 2104 3201; x_wconf 52' lang='lat' dir='ltr'>sacro.</span> 
     </span>
    </p>
   </div>
   <div class='ocr_carea' id='block_1_33' title="bbox 439 3232 2174 3332">
    <p class='ocr_par' dir='ltr' id='par_1_33' title="bbox 439 3232 2174 3332">
     <span class='ocr_line' id='line_1_33' title="bbox 439 3232 2174 3332; baseline -0.004 -38"><span class='ocrx_word' id='word_1_184' title='bbox 439 3238 718 3309; x_wconf 83' lang='lat' dir='ltr'>martyris</span> <span class='ocrx_word' id='word_1_185' title='bbox 750 3239 1063 3310; x_wconf 87' lang='lat' dir='ltr'>Porphyrii</span> <span class='ocrx_word' id='word_1_186' title='bbox 1097 3239 1279 3305; x_wconf 67' lang='lat' dir='ltr'>Gaza),</span> <span class='ocrx_word' id='word_1_187' title='bbox 1303 3242 1360 3292; x_wconf 87' lang='lat' dir='ltr'>et</span> <span class='ocrx_word' id='word_1_188' title='bbox 1385 3236 1735 3291; x_wconf 84' lang='lat' dir='ltr'>Theodoreti</span> <span class='ocrx_word' id='word_1_189' title='bbox 1769 3232 2100 3307; x_wconf 80' lang='lat' dir='ltr'>presbyteri</span> <span class='ocrx_word' id='word_1_190' title='bbox 2129 3264 2174 3332; x_wconf 66' lang='grc' dir='ltr'>α</span> 
     </span>
    </p>
   </div>
   <div class='ocr_carea' id='block_1_34' title="bbox 433 3325 2097 3384">
    <p class='ocr_par' dir='ltr' id='par_1_34' title="bbox 433 3325 2097 3384">
     <span class='ocr_line' id='line_1_34' title="bbox 433 3325 2097 3384; baseline -0.002 0"><span class='ocrx_word' id='word_1_191' title='bbox 433 3328 791 3384; x_wconf 87' lang='lat' dir='ltr'>Antiocheni</span> <span class='ocrx_word' id='word_1_192' title='bbox 816 3344 828 3381; x_wconf 92' lang='lat'><strong>:</strong></span> <span class='ocrx_word' id='word_1_193' title='bbox 852 3343 919 3384; x_wconf 86' lang='lat' dir='ltr'>ac</span> <span class='ocrx_word' id='word_1_194' title='bbox 941 3327 1184 3382; x_wconf 91' lang='lat' dir='ltr'>demum</span> <span class='ocrx_word' id='word_1_195' title='bbox 1207 3332 1508 3382; x_wconf 86' lang='lat' dir='ltr'>certamen</span> <span class='ocrx_word' id='word_1_196' title='bbox 1539 3325 1729 3382; x_wconf 87' lang='lat' dir='ltr'>sancti</span> <span class='ocrx_word' id='word_1_197' title='bbox 1759 3341 2097 3382; x_wconf 88' lang='lat' dir='ltr'>sacromar-</span> 
     </span>
    </p>
   </div>
   <div class='ocr_carea' id='block_1_35' title="bbox 435 3416 1498 3490">
    <p class='ocr_par' dir='ltr' id='par_1_35' title="bbox 435 3416 1498 3490">
     <span class='ocr_line' id='line_1_35' title="bbox 435 3416 1498 3490; baseline 0 -18"><span class='ocrx_word' id='word_1_198' title='bbox 435 3419 582 3489; x_wconf 86' lang='lat' dir='ltr'>tyris</span> <span class='ocrx_word' id='word_1_199' title='bbox 612 3417 897 3474; x_wconf 89' lang='lat' dir='ltr'>Theodoti</span> <span class='ocrx_word' id='word_1_200' title='bbox 931 3418 1182 3490; x_wconf 71' lang='lat' dir='ltr'>Cyriniae</span> <span class='ocrx_word' id='word_1_201' title='bbox 1214 3416 1498 3490; x_wconf 89' lang='lat' dir='ltr'>episcopi.</span> 
     </span>
    </p>
   </div>
   <div class='ocr_carea' id='block_1_36' title="bbox 994 3626 1538 3683">
    <p class='ocr_par' dir='ltr' id='par_1_36' title="bbox 994 3626 1538 3683">
     <span class='ocr_line' id='line_1_36' title="bbox 994 3626 1538 3683; baseline 0 -2"><span class='ocrx_word' id='word_1_202' title='bbox 994 3626 1235 3683; x_wconf 83' lang='lat' dir='ltr'>EODEM</span> <span class='ocrx_word' id='word_1_203' title='bbox 1284 3626 1538 3682; x_wconf 81' lang='lat' dir='ltr'>MENSE.</span> 
     </span>
    </p>
   </div>
   <div class='ocr_carea' id='block_1_37' title="bbox 1101 3768 1440 3824">
    <p class='ocr_par' dir='ltr' id='par_1_37' title="bbox 1101 3768 1440 3824">
     <span class='ocr_line' id='line_1_37' title="bbox 1101 3768 1440 3824; baseline 0.003 -1"><span class='ocrx_word' id='word_1_204' title='bbox 1101 3768 1205 3824; x_wconf 88' lang='lat' dir='ltr'>Die</span> <span class='ocrx_word' id='word_1_205' title='bbox 1262 3770 1440 3824; x_wconf 86' lang='lat' dir='ltr'>tertia</span> 
     </span>
    </p>
   </div>
   <div class='ocr_carea' id='block_1_38' title="bbox 442 3885 2092 4010">
    <p class='ocr_par' dir='ltr' id='par_1_38' title="bbox 442 3885 2092 4010">
     <span class='ocr_line' id='line_1_38' title="bbox 442 3885 2092 4010; baseline -0.001 -68"><span class='ocrx_word' id='word_1_206' title='bbox 442 3887 493 3942; x_wconf 74' lang='grc' dir='ltr'><strong><em>Δ</em></strong></span> <span class='ocrx_word' id='word_1_207' title='bbox 528 3886 815 3941; x_wconf 85' lang='lat' dir='ltr'>Certamen</span> <span class='ocrx_word' id='word_1_208' title='bbox 845 3889 1159 4010; x_wconf 64' lang='lat' dir='ltr'>sanctorurtn</span> <span class='ocrx_word' id='word_1_209' title='bbox 1175 3892 1502 4010; x_wconf 47' lang='lat' dir='ltr'>gnat-limum</span> <span class='ocrx_word' id='word_1_210' title='bbox 1527 3886 1800 3956; x_wconf 80' lang='lat' dir='ltr'>Eutrapii,</span> <span class='ocrx_word' id='word_1_211' title='bbox 1830 3885 2092 3956; x_wconf 83' lang='lat' dir='ltr'>Cleonici,</span> 
     </span>
     <span class='ocr_line' id='line_1_39' title="bbox 1083 3972 1451 4010; baseline 0 0"><span class='ocrx_word' id='word_1_212' title='bbox 1083 3974 1109 4010; x_wconf 88' lang='lat' dir='ltr'>e</span> <span class='ocrx_word' id='word_1_213' title='bbox 1224 3972 1300 4010; x_wconf 66' lang='lat' dir='ltr'>as:</span> <span class='ocrx_word' id='word_1_214' title='bbox 1333 3972 1451 4010; x_wconf 74' lang='lat' dir='ltr'>iscz.</span> 
     </span>
    </p>
   </div>
   <div class='ocr_carea' id='block_1_39' title="bbox 1083 3972 1451 4012">
    <p class='ocr_par' dir='ltr' id='par_1_39' title="bbox 1083 3972 1451 4012">
     <span class='ocr_line' id='line_1_40' title="bbox 1083 3972 1451 4012; baseline 0.003 -1"><span class='ocrx_word' id='word_1_215' title='bbox 1083 3972 1133 4011; x_wconf 86' lang='lat' dir='ltr'>et</span> <span class='ocrx_word' id='word_1_216' title='bbox 1175 3972 1451 4012; x_wconf 74' lang='lat' dir='ltr'>uasmscz.</span> 
     </span>
    </p>
   </div>
   <div class='ocr_carea' id='block_1_40' title="bbox 514 4102 2092 4174">
    <p class='ocr_par' dir='ltr' id='par_1_40' title="bbox 514 4102 2092 4174">
     <span class='ocr_line' id='line_1_41' title="bbox 514 4102 2092 4174; baseline 0.004 -18"><span class='ocrx_word' id='word_1_217' title='bbox 514 4104 694 4157; x_wconf 86' lang='lat' dir='ltr'>Erant</span> <span class='ocrx_word' id='word_1_218' title='bbox 722 4102 781 4157; x_wconf 91' lang='lat' dir='ltr'>hi</span> <span class='ocrx_word' id='word_1_219' title='bbox 827 4103 1194 4174; x_wconf 88' lang='lat' dir='ltr'>temporibus</span> <span class='ocrx_word' id='word_1_220' title='bbox 1245 4103 1603 4172; x_wconf 86' lang='lat' dir='ltr'>Maximiani,</span> <span class='ocrx_word' id='word_1_221' title='bbox 1650 4105 2092 4162; x_wconf 89' lang='lat' dir='ltr'>commilitones</span> 
     </span>
    </p>
   </div>
   <div class='ocr_carea' id='block_1_41' title="bbox 440 4192 2088 4267">
    <p class='ocr_par' dir='ltr' id='par_1_41' title="bbox 440 4192 2088 4267">
     <span class='ocr_line' id='line_1_42' title="bbox 440 4192 2088 4267; baseline 0.002 -20"><span class='ocrx_word' id='word_1_222' title='bbox 440 4198 498 4248; x_wconf 90' lang='lat' dir='ltr'>et</span> <span class='ocrx_word' id='word_1_223' title='bbox 527 4194 758 4266; x_wconf 88' lang='lat' dir='ltr'>cognati</span> <span class='ocrx_word' id='word_1_224' title='bbox 784 4193 970 4248; x_wconf 87' lang='lat' dir='ltr'>sancti</span> <span class='ocrx_word' id='word_1_225' title='bbox 994 4192 1303 4249; x_wconf 91' lang='lat' dir='ltr'>Theodori.</span> <span class='ocrx_word' id='word_1_226' title='bbox 1327 4192 1577 4248; x_wconf 88' lang='lat' dir='ltr'>Adducti</span> <span class='ocrx_word' id='word_1_227' title='bbox 1602 4201 1801 4249; x_wconf 89' lang='lat' dir='ltr'>autem</span> <span class='ocrx_word' id='word_1_228' title='bbox 1833 4195 1905 4251; x_wconf 92' lang='lat' dir='ltr'>ad</span> <span class='ocrx_word' id='word_1_229' title='bbox 1935 4213 2088 4267; x_wconf 75' lang='lat' dir='ltr'>prea-</span> 
     </span>
    </p>
   </div>
   <div class='ocr_carea' id='block_1_42' title="bbox 437 4284 2087 4359">
    <p class='ocr_par' dir='ltr' id='par_1_42' title="bbox 437 4284 2087 4359">
     <span class='ocr_line' id='line_1_43' title="bbox 437 4284 2087 4359; baseline 0.001 -19"><span class='ocrx_word' id='word_1_230' title='bbox 437 4284 628 4340; x_wconf 91' lang='lat' dir='ltr'>sidem</span> <span class='ocrx_word' id='word_1_231' title='bbox 651 4290 937 4357; x_wconf 87' lang='lat' dir='ltr'>tanquam</span> <span class='ocrx_word' id='word_1_232' title='bbox 960 4284 1300 4354; x_wconf 88' lang='lat' dir='ltr'>Christiani,</span> <span class='ocrx_word' id='word_1_233' title='bbox 1325 4284 1470 4340; x_wconf 90' lang='lat' dir='ltr'>diris</span> <span class='ocrx_word' id='word_1_234' title='bbox 1493 4285 1834 4342; x_wconf 86' lang='lat' dir='ltr'>verberibus</span> <span class='ocrx_word' id='word_1_235' title='bbox 1860 4287 2087 4359; x_wconf 83' lang='lat' dir='ltr'>excepti</span> 
     </span>
    </p>
   </div>
   <div class='ocr_carea' id='block_1_43' title="bbox 431 4374 2086 4447">
    <p class='ocr_par' dir='ltr' id='par_1_43' title="bbox 431 4374 2086 4447">
     <span class='ocr_line' id='line_1_44' title="bbox 431 4374 2086 4447; baseline 0.001 -17"><span class='ocrx_word' id='word_1_236' title='bbox 431 4374 693 4441; x_wconf 84' lang='lat' dir='ltr'>fuerunt,</span> <span class='ocrx_word' id='word_1_237' title='bbox 727 4375 875 4431; x_wconf 92' lang='lat' dir='ltr'>adeo</span> <span class='ocrx_word' id='word_1_238' title='bbox 925 4378 990 4430; x_wconf 87' lang='lat' dir='ltr'>ut</span> <span class='ocrx_word' id='word_1_239' title='bbox 1035 4379 1290 4430; x_wconf 89' lang='lat' dir='ltr'>tortores</span> <span class='ocrx_word' id='word_1_240' title='bbox 1349 4375 1462 4447; x_wconf 88' lang='lat' dir='ltr'>ipsi</span> <span class='ocrx_word' id='word_1_241' title='bbox 1521 4375 1594 4430; x_wconf 91' lang='lat' dir='ltr'>ob</span> <span class='ocrx_word' id='word_1_242' title='bbox 1653 4381 2086 4432; x_wconf 89' lang='lat' dir='ltr'>tormentorum</span> 
     </span>
    </p>
   </div>
   <div class='ocr_carea' id='block_1_44' title="bbox 429 4464 2085 4536">
    <p class='ocr_par' dir='ltr' id='par_1_44' title="bbox 429 4464 2085 4536">
     <span class='ocr_line' id='line_1_45' title="bbox 429 4464 2085 4536; baseline 0.001 -16"><span class='ocrx_word' id='word_1_243' title='bbox 429 4465 865 4521; x_wconf 89' lang='lat' dir='ltr'>vehementiam</span> <span class='ocrx_word' id='word_1_244' title='bbox 896 4464 1037 4520; x_wconf 88' lang='lat' dir='ltr'>lassi</span> <span class='ocrx_word' id='word_1_245' title='bbox 1070 4464 1413 4520; x_wconf 87' lang='lat' dir='ltr'>deﬁcerent.</span> <span class='ocrx_word' id='word_1_246' title='bbox 1445 4465 1730 4536; x_wconf 83' lang='lat' dir='ltr'>Martyres</span> <span class='ocrx_word' id='word_1_247' title='bbox 1758 4482 1914 4532; x_wconf 90' lang='lat' dir='ltr'>vero,</span> <span class='ocrx_word' id='word_1_248' title='bbox 1948 4482 2085 4521; x_wconf 90' lang='lat' dir='ltr'>cum</span> 
     </span>
    </p>
   </div>
   <div class='ocr_carea' id='block_1_45' title="bbox 431 4554 2082 4626">
    <p class='ocr_par' dir='ltr' id='par_1_45' title="bbox 431 4554 2082 4626">
     <span class='ocr_line' id='line_1_46' title="bbox 431 4554 2082 4626; baseline 0.001 -18"><span class='ocrx_word' id='word_1_249' title='bbox 431 4554 720 4608; x_wconf 90' lang='lat' dir='ltr'>Dominus</span> <span class='ocrx_word' id='word_1_250' title='bbox 747 4569 866 4608; x_wconf 87' lang='lat' dir='ltr'>una</span> <span class='ocrx_word' id='word_1_251' title='bbox 897 4569 1031 4608; x_wconf 91' lang='lat' dir='ltr'>cum</span> <span class='ocrx_word' id='word_1_252' title='bbox 1089 4559 1292 4609; x_wconf 91' lang='lat' dir='ltr'>sancto</span> <span class='ocrx_word' id='word_1_253' title='bbox 1345 4569 1558 4625; x_wconf 85' lang='lat' dir='ltr'>magno</span> <span class='ocrx_word' id='word_1_254' title='bbox 1609 4560 1868 4626; x_wconf 87' lang='lat' dir='ltr'>martyre</span> <span class='ocrx_word' id='word_1_255' title='bbox 1898 4556 2082 4611; x_wconf 89' lang='lat' dir='ltr'>Theo-</span> 
     </span>
    </p>
   </div>
   <div class='ocr_carea' id='block_1_46' title="bbox 2227 594 3889 674">
    <p class='ocr_par' dir='ltr' id='par_1_46' title="bbox 2227 594 3889 674">
     <span class='ocr_line' id='line_1_47' title="bbox 2227 594 3889 674; baseline 0.001 -22"><span class='ocrx_word' id='word_1_256' title='bbox 2227 594 2480 666; x_wconf 86' lang='grc' dir='ltr'>λάζὸντες</span> <span class='ocrx_word' id='word_1_257' title='bbox 2514 594 2573 652; x_wconf 78' lang='grc' dir='ltr'>δὶ</span> <span class='ocrx_word' id='word_1_258' title='bbox 2601 596 2856 663; x_wconf 79' lang='grc' dir='ltr'>ἐκείνους.</span> <span class='ocrx_word' id='word_1_259' title='bbox 2909 601 3041 657; x_wconf 80' lang='grc' dir='ltr'>Εἶτα</span> <span class='ocrx_word' id='word_1_260' title='bbox 3085 597 3240 669; x_wconf 71' lang='grc' dir='ltr'>ἐτέθη</span> <span class='ocrx_word' id='word_1_261' title='bbox 3293 598 3382 653; x_wconf 79' lang='grc' dir='ltr'>ἐπὶ</span> <span class='ocrx_word' id='word_1_262' title='bbox 3414 596 3652 674; x_wconf 74' lang='grc' dir='ltr'>ἐσχάρας</span> <span class='ocrx_word' id='word_1_263' title='bbox 3681 617 3889 674; x_wconf 87' lang='grc' dir='ltr'>πυρακ-</span> 
     </span>
    </p>
   </div>
   <div class='ocr_carea' id='block_1_47' title="bbox 2222 681 3888 762">
    <p class='ocr_par' dir='ltr' id='par_1_47' title="bbox 2222 681 3888 762">
     <span class='ocr_line' id='line_1_48' title="bbox 2222 681 3888 762; baseline 0 -22"><span class='ocrx_word' id='word_1_264' title='bbox 2222 685 2513 758; x_wconf 74' lang='grc' dir='ltr'>τωθείσης,</span> <span class='ocrx_word' id='word_1_265' title='bbox 2567 684 2833 762; x_wconf 74' lang='grc' dir='ltr'>διέμεινεν</span> <span class='ocrx_word' id='word_1_266' title='bbox 2890 683 3167 758; x_wconf 60' lang='grc' dir='ltr'>ἀεκαόής.</span> <span class='ocrx_word' id='word_1_267' title='bbox 3228 688 3361 745; x_wconf 75' lang='grc' dir='ltr'>Εἶτα</span> <span class='ocrx_word' id='word_1_268' title='bbox 3419 681 3762 760; x_wconf 72' lang='grc' dir='ltr'>ἐμϐληθεῖσα</span> <span class='ocrx_word' id='word_1_269' title='bbox 3810 685 3888 750; x_wconf 86' lang='grc' dir='ltr'>είς</span> 
     </span>
    </p>
   </div>
   <div class='ocr_carea' id='block_1_48' title="bbox 2225 773 3885 853">
    <p class='ocr_par' dir='ltr' id='par_1_48' title="bbox 2225 773 3885 853">
     <span class='ocr_line' id='line_1_49' title="bbox 2225 773 3885 853; baseline 0 -24"><span class='ocrx_word' id='word_1_270' title='bbox 2225 775 2444 844; x_wconf 82' lang='grc' dir='ltr'>σάκκον,</span> <span class='ocrx_word' id='word_1_271' title='bbox 2478 774 2674 853; x_wconf 67' lang='grc' dir='ltr'>ἐρῥίφη</span> <span class='ocrx_word' id='word_1_272' title='bbox 2725 775 2776 831; x_wconf 66' lang='grc' dir='ltr'>ἄν</span> <span class='ocrx_word' id='word_1_273' title='bbox 2833 775 2904 850; x_wconf 71' lang='grc' dir='ltr'>τῇ</span> <span class='ocrx_word' id='word_1_274' title='bbox 2960 775 3136 851; x_wconf 77' lang='grc' dir='ltr'>λίμνῃ</span> <span class='ocrx_word' id='word_1_275' title='bbox 3175 783 3278 847; x_wconf 78' lang='grc' dir='ltr'>τῆς</span> <span class='ocrx_word' id='word_1_276' title='bbox 3312 775 3563 840; x_wconf 58' lang='grc' dir='ltr'>Νικαίας</span> <span class='ocrx_word' id='word_1_277' title='bbox 3587 773 3678 831; x_wconf 82' lang='grc' dir='ltr'>καὶ</span> <span class='ocrx_word' id='word_1_278' title='bbox 3709 774 3885 839; x_wconf 74' lang='grc' dir='ltr'>οὕτως</span> 
     </span>
    </p>
   </div>
   <div class='ocr_carea' id='block_1_49' title="bbox 2224 861 2543 936">
    <p class='ocr_par' dir='ltr' id='par_1_49' title="bbox 2224 861 2543 936">
     <span class='ocr_line' id='line_1_50' title="bbox 2224 861 2543 936; baseline 0.016 -18"><span class='ocrx_word' id='word_1_279' title='bbox 2224 861 2517 936; x_wconf 73' lang='grc' dir='ltr'>ἐτελειώθη</span> <span class='ocrx_word' id='word_1_280' title='bbox 2529 910 2543 924; x_wconf 94' lang='grc'><strong>.</strong></span> 
     </span>
    </p>
   </div>
   <div class='ocr_carea' id='block_1_50' title="bbox 2809 1098 3293 1176">
    <p class='ocr_par' dir='ltr' id='par_1_50' title="bbox 2809 1098 3293 1176">
     <span class='ocr_line' id='line_1_51' title="bbox 2809 1098 3293 1176; baseline -0.004 -3"><span class='ocrx_word' id='word_1_281' title='bbox 2809 1101 2888 1173; x_wconf 73' lang='grc' dir='ltr'>τῇ</span> <span class='ocrx_word' id='word_1_282' title='bbox 2914 1099 3054 1173; x_wconf 61' lang='grc' dir='ltr'>αὐτῇ</span> <span class='ocrx_word' id='word_1_283' title='bbox 3090 1098 3293 1176; x_wconf 65' lang='grc' dir='ltr'>ἠμίρᾳ.</span> 
     </span>
    </p>
   </div>
   <div class='ocr_carea' id='block_1_51' title="bbox 2460 1214 3638 1292">
    <p class='ocr_par' dir='ltr' id='par_1_51' title="bbox 2460 1214 3638 1292">
     <span class='ocr_line' id='line_1_52' title="bbox 2460 1214 3638 1292; baseline 0 -19"><span class='ocrx_word' id='word_1_284' title='bbox 2460 1222 2523 1273; x_wconf 88' lang='grc' dir='ltr'>Ἡ</span> <span class='ocrx_word' id='word_1_285' title='bbox 2557 1215 2821 1292; x_wconf 83' lang='grc' dir='ltr'>χοίμησις</span> <span class='ocrx_word' id='word_1_286' title='bbox 2869 1221 3129 1292; x_wconf 83' lang='grc' dir='ltr'>Παρμενᾶ</span> <span class='ocrx_word' id='word_1_287' title='bbox 3170 1220 3272 1272; x_wconf 77' lang='grc' dir='ltr'>τοῦ</span> <span class='ocrx_word' id='word_1_288' title='bbox 3300 1214 3638 1273; x_wconf 79' lang='grc' dir='ltr'>ἀποστόλου.</span> 
     </span>
    </p>
   </div>
   <div class='ocr_carea' id='block_1_52' title="bbox 2291 1328 3882 1410">
    <p class='ocr_par' dir='ltr' id='par_1_52' title="bbox 2291 1328 3882 1410">
     <span class='ocr_line' id='line_1_53' title="bbox 2291 1328 3882 1410; baseline -0.003 -19"><span class='ocrx_word' id='word_1_289' title='bbox 2291 1333 2464 1397; x_wconf 82' lang='grc' dir='ltr'>Οὗτος</span> <span class='ocrx_word' id='word_1_290' title='bbox 2518 1335 2547 1391; x_wconf 86' lang='grc' dir='ltr'><strong>ὁ</strong></span> <span class='ocrx_word' id='word_1_291' title='bbox 2603 1337 2753 1410; x_wconf 75' lang='grc' dir='ltr'>ἅγιος</span> <span class='ocrx_word' id='word_1_292' title='bbox 2811 1332 3120 1398; x_wconf 82' lang='grc' dir='ltr'>ἀπόστολος</span> <span class='ocrx_word' id='word_1_293' title='bbox 3171 1340 3477 1409; x_wconf 82' lang='grc' dir='ltr'>Παρμενᾶς,</span> <span class='ocrx_word' id='word_1_294' title='bbox 3522 1333 3775 1408; x_wconf 79' lang='grc' dir='ltr'>μαθητὴς</span> <span class='ocrx_word' id='word_1_295' title='bbox 3807 1328 3882 1386; x_wconf 77' lang='grc' dir='ltr'>ὧν</span> 
     </span>
    </p>
   </div>
   <div class='ocr_carea' id='block_1_53' title="bbox 2215 1419 3884 1499">
    <p class='ocr_par' dir='ltr' id='par_1_53' title="bbox 2215 1419 3884 1499">
     <span class='ocr_line' id='line_1_54' title="bbox 2215 1419 3884 1499; baseline -0.001 -21"><span class='ocrx_word' id='word_1_296' title='bbox 2215 1427 2324 1478; x_wconf 79' lang='grc' dir='ltr'>τῶν</span> <span class='ocrx_word' id='word_1_297' title='bbox 2385 1423 2550 1499; x_wconf 90' lang='grc' dir='ltr'>ἁγίων</span> <span class='ocrx_word' id='word_1_298' title='bbox 2609 1423 2955 1497; x_wconf 80' lang='grc' dir='ltr'>ἀποστόλων,</span> <span class='ocrx_word' id='word_1_299' title='bbox 3004 1429 3122 1487; x_wconf 86' lang='grc' dir='ltr'>τοῖς</span> <span class='ocrx_word' id='word_1_300' title='bbox 3181 1419 3598 1498; x_wconf 76' lang='grc' dir='ltr'>Ἐϐδομήκοντα</span> <span class='ocrx_word' id='word_1_301' title='bbox 3627 1422 3884 1496; x_wconf 83' lang='grc' dir='ltr'>συνηρίθ-</span> 
     </span>
    </p>
   </div>
   <div class='ocr_carea' id='block_1_54' title="bbox 2223 1508 3878 1589">
    <p class='ocr_par' dir='ltr' id='par_1_54' title="bbox 2223 1508 3878 1589">
     <span class='ocr_line' id='line_1_55' title="bbox 2223 1508 3878 1589; baseline -0.001 -21"><span class='ocrx_word' id='word_1_302' title='bbox 2223 1532 2388 1586; x_wconf 89' lang='grc' dir='ltr'>μητο.</span> <span class='ocrx_word' id='word_1_303' title='bbox 2425 1511 2678 1589; x_wconf 78' lang='grc' dir='ltr'>Ἐεελὲγη</span> <span class='ocrx_word' id='word_1_304' title='bbox 2714 1511 2772 1569; x_wconf 76' lang='grc' dir='ltr'>δὶ</span> <span class='ocrx_word' id='word_1_305' title='bbox 2803 1513 2895 1569; x_wconf 77' lang='grc' dir='ltr'>σὺν</span> <span class='ocrx_word' id='word_1_306' title='bbox 2927 1518 3046 1576; x_wconf 90' lang='grc' dir='ltr'>τοῖς</span> <span class='ocrx_word' id='word_1_307' title='bbox 3101 1512 3297 1578; x_wconf 77' lang='grc' dir='ltr'>ἄλλοις</span> <span class='ocrx_word' id='word_1_308' title='bbox 3353 1511 3404 1584; x_wconf 76' lang='grc' dir='ltr'>ἔξ</span> <span class='ocrx_word' id='word_1_309' title='bbox 3459 1510 3756 1581; x_wconf 77' lang='grc' dir='ltr'>διακόνοις,</span> <span class='ocrx_word' id='word_1_310' title='bbox 3786 1508 3878 1566; x_wconf 75' lang='grc' dir='ltr'>καὶ</span> 
     </span>
    </p>
   </div>
   <div class='ocr_carea' id='block_1_55' title="bbox 2215 1599 3874 1678">
    <p class='ocr_par' dir='ltr' id='par_1_55' title="bbox 2215 1599 3874 1678">
     <span class='ocr_line' id='line_1_56' title="bbox 2215 1599 3874 1678; baseline 0 -22"><span class='ocrx_word' id='word_1_311' title='bbox 2215 1601 2608 1678; x_wconf 75' lang='grc' dir='ltr'>προεχειρίσθη</span> <span class='ocrx_word' id='word_1_312' title='bbox 2670 1601 2747 1665; x_wconf 85' lang='grc' dir='ltr'>είς</span> <span class='ocrx_word' id='word_1_313' title='bbox 2801 1604 2865 1658; x_wconf 86' lang='grc' dir='ltr'>τὸ</span> <span class='ocrx_word' id='word_1_314' title='bbox 2923 1599 3187 1660; x_wconf 82' lang='grc' dir='ltr'>διακονεῖν</span> <span class='ocrx_word' id='word_1_315' title='bbox 3249 1607 3368 1665; x_wconf 90' lang='grc' dir='ltr'>ταῖς</span> <span class='ocrx_word' id='word_1_316' title='bbox 3423 1605 3716 1674; x_wconf 67' lang='grc' dir='ltr'>τραπέζαις</span> <span class='ocrx_word' id='word_1_317' title='bbox 3764 1605 3874 1656; x_wconf 84' lang='grc' dir='ltr'>τῶν</span> 
     </span>
    </p>
   </div>
   <div class='ocr_carea' id='block_1_56' title="bbox 2215 1690 3876 1768">
    <p class='ocr_par' dir='ltr' id='par_1_56' title="bbox 2215 1690 3876 1768">
     <span class='ocr_line' id='line_1_57' title="bbox 2215 1690 3876 1768; baseline 0 -23"><span class='ocrx_word' id='word_1_318' title='bbox 2215 1693 2685 1768; x_wconf 70' lang='grc' dir='ltr'>προσερχομένων</span> <span class='ocrx_word' id='word_1_319' title='bbox 2738 1696 2819 1764; x_wconf 80' lang='grc' dir='ltr'>τῷ</span> <span class='ocrx_word' id='word_1_320' title='bbox 2886 1694 3130 1768; x_wconf 79' lang='grc' dir='ltr'>Χριστῷ,</span> <span class='ocrx_word' id='word_1_321' title='bbox 3234 1691 3327 1747; x_wconf 80' lang='grc' dir='ltr'>καὶ</span> <span class='ocrx_word' id='word_1_322' title='bbox 3433 1690 3876 1767; x_wconf 79' lang='grc' dir='ltr'>βαπτιζομένων,</span> 
     </span>
    </p>
   </div>
   <div class='ocr_carea' id='block_1_57' title="bbox 2212 1779 3876 1857">
    <p class='ocr_par' dir='ltr' id='par_1_57' title="bbox 2212 1779 3876 1857">
     <span class='ocr_line' id='line_1_58' title="bbox 2212 1779 3876 1857; baseline 0 -23"><span class='ocrx_word' id='word_1_323' title='bbox 2212 1779 2392 1844; x_wconf 83' lang='grc' dir='ltr'>καθὼς</span> <span class='ocrx_word' id='word_1_324' title='bbox 2423 1780 2474 1836; x_wconf 78' lang='grc' dir='ltr'>ἐν</span> <span class='ocrx_word' id='word_1_325' title='bbox 2507 1786 2626 1845; x_wconf 87' lang='grc' dir='ltr'>ταῖς</span> <span class='ocrx_word' id='word_1_326' title='bbox 2655 1780 2882 1857; x_wconf 82' lang='grc' dir='ltr'>Πράξεσι</span> <span class='ocrx_word' id='word_1_327' title='bbox 2921 1785 3029 1837; x_wconf 81' lang='grc' dir='ltr'>τῶν</span> <span class='ocrx_word' id='word_1_328' title='bbox 3081 1780 3244 1856; x_wconf 89' lang='grc' dir='ltr'>ἁγίων</span> <span class='ocrx_word' id='word_1_329' title='bbox 3302 1779 3628 1836; x_wconf 74' lang='grc' dir='ltr'>ἀποστόλων</span> <span class='ocrx_word' id='word_1_330' title='bbox 3665 1781 3694 1836; x_wconf 86' lang='grc' dir='ltr'>ὁ</span> <span class='ocrx_word' id='word_1_331' title='bbox 3722 1781 3876 1855; x_wconf 74' lang='grc' dir='ltr'>ἅγίος</span> 
     </span>
    </p>
   </div>
   <div class='ocr_carea' id='block_1_58' title="bbox 1322 1866 2098 1960">
    <p class='ocr_par' dir='ltr' id='par_1_58' title="bbox 1322 1866 2098 1960">
     <span class='ocr_line' id='line_1_59' title="bbox 1322 1866 2098 1960; baseline -0.005 -14"><span class='ocrx_word' id='word_1_332' title='bbox 1322 1893 1389 1946; x_wconf 89' lang='lat' dir='ltr'>Et</span> <span class='ocrx_word' id='word_1_333' title='bbox 1459 1866 1742 1960; x_wconf 69' lang='lat' dir='ltr'>elegerunt</span> <span class='ocrx_word' id='word_1_334' title='bbox 1810 1887 2098 1959; x_wconf 83' lang='lat' dir='ltr'>(videlicet</span> 
     </span>
    </p>
   </div>
   <div class='ocr_carea' id='block_1_59' title="bbox 2212 1866 3876 1960">
    <p class='ocr_par' dir='ltr' id='par_1_59' title="bbox 2213 1866 3876 1960">
     <span class='ocr_line' id='line_1_60' title="bbox 2213 1866 3876 1960; baseline 0.001 -37"><span class='ocrx_word' id='word_1_335' title='bbox 2213 1869 2407 1948; x_wconf 77' lang='grc' dir='ltr'>γράφει</span> <span class='ocrx_word' id='word_1_336' title='bbox 2467 1874 2702 1960; x_wconf 80' lang='grc' dir='ltr'>Λουκᾶς,</span> <span class='ocrx_word' id='word_1_337' title='bbox 2740 1867 2956 1960; x_wconf 71' lang='grc' dir='ltr'>λέγων·</span> <span class='ocrx_word' id='word_1_338' title='bbox 3001 1869 3120 1960; x_wconf 11' lang='grc' dir='ltr'>,Καὶ</span> <span class='ocrx_word' id='word_1_339' title='bbox 3180 1869 3486 1960; x_wconf 52' lang='grc' dir='ltr'>ἐξελέξαντο</span> <span class='ocrx_word' id='word_1_340' title='bbox 3542 1866 3739 1960; x_wconf 84' lang='grc' dir='ltr'>(δῆλον</span> <span class='ocrx_word' id='word_1_341' title='bbox 3791 1869 3876 1926; x_wconf 71' lang='grc' dir='ltr'>ὅτι</span> 
     </span>
    </p>
   </div>
   <div class='ocr_carea' id='block_1_60' title="bbox 2215 1957 3875 2038">
    <p class='ocr_par' dir='ltr' id='par_1_60' title="bbox 2215 1957 3875 2038">
     <span class='ocr_line' id='line_1_61' title="bbox 2215 1957 3875 2038; baseline 0 -25"><span class='ocrx_word' id='word_1_342' title='bbox 2215 1959 2271 2013; x_wconf 77' lang='grc' dir='ltr'>οὶ</span> <span class='ocrx_word' id='word_1_343' title='bbox 2329 1961 2476 2036; x_wconf 77' lang='grc' dir='ltr'>ἅγιοι</span> <span class='ocrx_word' id='word_1_344' title='bbox 2525 1959 2851 2032; x_wconf 79' lang='grc' dir='ltr'>ἀπόστολοι)</span> <span class='ocrx_word' id='word_1_345' title='bbox 2915 1959 3210 2038; x_wconf 72' lang='grc' dir='ltr'>Στέφανον,</span> <span class='ocrx_word' id='word_1_346' title='bbox 3288 1957 3456 2030; x_wconf 72' lang='grc' dir='ltr'>ἄνδρα</span> <span class='ocrx_word' id='word_1_347' title='bbox 3529 1958 3718 2035; x_wconf 75' lang='grc' dir='ltr'>πλήρη</span> <span class='ocrx_word' id='word_1_348' title='bbox 3776 1959 3875 2013; x_wconf 91' lang='grc' dir='ltr'>πί-</span> 
     </span>
    </p>
   </div>
   <div class='ocr_carea' id='block_1_61' title="bbox 2209 2046 3874 2123">
    <p class='ocr_par' dir='ltr' id='par_1_61' title="bbox 2209 2046 3874 2123">
     <span class='ocr_line' id='line_1_62' title="bbox 2209 2046 3874 2123; baseline 0 -19"><span class='ocrx_word' id='word_1_349' title='bbox 2209 2070 2376 2112; x_wconf 86' lang='grc' dir='ltr'>στεως</span> <span class='ocrx_word' id='word_1_350' title='bbox 2434 2049 2526 2104; x_wconf 88' lang='grc' dir='ltr'>καὶ</span> <span class='ocrx_word' id='word_1_351' title='bbox 2585 2048 2902 2123; x_wconf 87' lang='grc' dir='ltr'>Πνεύματος</span> <span class='ocrx_word' id='word_1_352' title='bbox 2985 2049 3165 2123; x_wconf 73' lang='grc' dir='ltr'>ἁγίου,</span> <span class='ocrx_word' id='word_1_353' title='bbox 3250 2049 3340 2105; x_wconf 83' lang='grc' dir='ltr'>καὶ</span> <span class='ocrx_word' id='word_1_354' title='bbox 3413 2046 3722 2120; x_wconf 80' lang='grc' dir='ltr'>Φίλιππον,</span> <span class='ocrx_word' id='word_1_355' title='bbox 3781 2050 3874 2104; x_wconf 79' lang='grc' dir='ltr'>καὶ</span> 
     </span>
    </p>
   </div>
   <div class='ocr_carea' id='block_1_62' title="bbox 2211 2137 3874 2215">
    <p class='ocr_par' dir='ltr' id='par_1_62' title="bbox 2211 2137 3874 2215">
     <span class='ocr_line' id='line_1_63' title="bbox 2211 2137 3874 2215; baseline 0 -21"><span class='ocrx_word' id='word_1_356' title='bbox 2211 2139 2518 2215; x_wconf 85' lang='grc' dir='ltr'>Πρόχορον,</span> <span class='ocrx_word' id='word_1_357' title='bbox 2575 2139 2666 2194; x_wconf 85' lang='grc' dir='ltr'>καὶ</span> <span class='ocrx_word' id='word_1_358' title='bbox 2733 2139 3028 2214; x_wconf 80' lang='grc' dir='ltr'>Νικάνορα,</span> <span class='ocrx_word' id='word_1_359' title='bbox 3077 2139 3167 2194; x_wconf 81' lang='grc' dir='ltr'>καὶ</span> <span class='ocrx_word' id='word_1_360' title='bbox 3244 2139 3496 2214; x_wconf 78' lang='grc' dir='ltr'>Τίμωνα,</span> <span class='ocrx_word' id='word_1_361' title='bbox 3553 2137 3645 2194; x_wconf 85' lang='grc' dir='ltr'>καὶ</span> <span class='ocrx_word' id='word_1_362' title='bbox 3702 2138 3874 2196; x_wconf 85' lang='grc' dir='ltr'>Νικό-</span> 
     </span>
    </p>
   </div>
   <div class='ocr_carea' id='block_1_63' title="bbox 2211 2224 3868 2302">
    <p class='ocr_par' dir='ltr' id='par_1_63' title="bbox 2211 2224 3868 2302">
     <span class='ocr_line' id='line_1_64' title="bbox 2211 2224 3868 2302; baseline 0.001 -21"><span class='ocrx_word' id='word_1_363' title='bbox 2211 2238 2341 2282; x_wconf 81' lang='grc' dir='ltr'>Λαον</span> <span class='ocrx_word' id='word_1_364' title='bbox 2401 2224 2777 2300; x_wconf 80' lang='grc' dir='ltr'>προσήλυθον,</span> <span class='ocrx_word' id='word_1_365' title='bbox 2858 2225 2948 2281; x_wconf 84' lang='grc' dir='ltr'>καὶ</span> <span class='ocrx_word' id='word_1_366' title='bbox 3035 2232 3343 2302; x_wconf 81' lang='grc' dir='ltr'>Παρμενᾶν.</span> <span class='ocrx_word' id='word_1_367' title='bbox 3430 2230 3705 2282; x_wconf 79' lang='grc' dir='ltr'>Διακονῶν</span> <span class='ocrx_word' id='word_1_368' title='bbox 3777 2224 3868 2283; x_wconf 69' lang='grc' dir='ltr'>οὗν</span> 
     </span>
    </p>
   </div>
   <div class='ocr_carea' id='block_1_64' title="bbox 2210 2314 3873 2392">
    <p class='ocr_par' dir='ltr' id='par_1_64' title="bbox 2210 2314 3873 2392">
     <span class='ocr_line' id='line_1_65' title="bbox 2210 2314 3873 2392; baseline 0.001 -22"><span class='ocrx_word' id='word_1_369' title='bbox 2210 2316 2366 2378; x_wconf 82' lang='grc' dir='ltr'>οὗτος</span> <span class='ocrx_word' id='word_1_370' title='bbox 2423 2317 2451 2371; x_wconf 86' lang='grc' dir='ltr'><strong>ὁ</strong></span> <span class='ocrx_word' id='word_1_371' title='bbox 2510 2321 2816 2389; x_wconf 84' lang='grc' dir='ltr'>Παρμενᾶς,</span> <span class='ocrx_word' id='word_1_372' title='bbox 2873 2314 2962 2370; x_wconf 86' lang='grc' dir='ltr'>καὶ</span> <span class='ocrx_word' id='word_1_373' title='bbox 3014 2320 3133 2378; x_wconf 85' lang='grc' dir='ltr'>ταῖς</span> <span class='ocrx_word' id='word_1_374' title='bbox 3193 2315 3409 2392; x_wconf 84' lang='grc' dir='ltr'>χρείαις</span> <span class='ocrx_word' id='word_1_375' title='bbox 3457 2317 3873 2390; x_wconf 86' lang='grc' dir='ltr'>καθυπηρετού..</span> 
     </span>
    </p>
   </div>
   <div class='ocr_carea' id='block_1_65' title="bbox 2213 2402 3867 2482">
    <p class='ocr_par' dir='ltr' id='par_1_65' title="bbox 2213 2402 3867 2482">
     <span class='ocr_line' id='line_1_66' title="bbox 2213 2402 3867 2482; baseline 0 -22"><span class='ocrx_word' id='word_1_376' title='bbox 2213 2426 2372 2478; x_wconf 89' lang='grc' dir='ltr'>μενος</span> <span class='ocrx_word' id='word_1_377' title='bbox 2418 2410 2525 2461; x_wconf 83' lang='grc' dir='ltr'>τῶν</span> <span class='ocrx_word' id='word_1_378' title='bbox 2579 2405 2748 2480; x_wconf 80' lang='grc' dir='ltr'>ἁγίων</span> <span class='ocrx_word' id='word_1_379' title='bbox 2799 2409 3008 2469; x_wconf 86' lang='grc' dir='ltr'>πιστῶς</span> <span class='ocrx_word' id='word_1_380' title='bbox 3049 2425 3106 2460; x_wconf 88' lang='grc' dir='ltr'>τε</span> <span class='ocrx_word' id='word_1_381' title='bbox 3147 2405 3237 2460; x_wconf 80' lang='grc' dir='ltr'>καὶ</span> <span class='ocrx_word' id='word_1_382' title='bbox 3281 2402 3577 2482; x_wconf 77' lang='grc' dir='ltr'>θεοφιλῶς,</span> <span class='ocrx_word' id='word_1_383' title='bbox 3614 2406 3703 2460; x_wconf 81' lang='grc' dir='ltr'>καὶ</span> <span class='ocrx_word' id='word_1_384' title='bbox 3734 2404 3867 2480; x_wconf 83' lang='grc' dir='ltr'>ἆρὲ-</span> 
     </span>
    </p>
   </div>
   <div class='ocr_carea' id='block_1_66' title="bbox 2210 2493 3869 2568">
    <p class='ocr_par' dir='ltr' id='par_1_66' title="bbox 2210 2493 3869 2568">
     <span class='ocr_line' id='line_1_67' title="bbox 2210 2493 3869 2568; baseline 0 -18"><span class='ocrx_word' id='word_1_385' title='bbox 2210 2516 2351 2550; x_wconf 89' lang='grc' dir='ltr'>σκων</span> <span class='ocrx_word' id='word_1_386' title='bbox 2381 2495 2471 2551; x_wconf 84' lang='grc' dir='ltr'>καὶ</span> <span class='ocrx_word' id='word_1_387' title='bbox 2498 2500 2575 2568; x_wconf 82' lang='grc' dir='ltr'>τῷ</span> <span class='ocrx_word' id='word_1_388' title='bbox 2607 2499 2723 2568; x_wconf 80' lang='grc' dir='ltr'>Θεῷ</span> <span class='ocrx_word' id='word_1_389' title='bbox 2752 2496 2842 2551; x_wconf 83' lang='grc' dir='ltr'>καὶ</span> <span class='ocrx_word' id='word_1_390' title='bbox 2899 2501 3014 2558; x_wconf 89' lang='grc' dir='ltr'>τὸῖς</span> <span class='ocrx_word' id='word_1_391' title='bbox 3072 2493 3237 2551; x_wconf 71' lang='grc' dir='ltr'>αὐτοῦ</span> <span class='ocrx_word' id='word_1_392' title='bbox 3296 2496 3568 2568; x_wconf 78' lang='grc' dir='ltr'>μαθηταῖς</span> <span class='ocrx_word' id='word_1_393' title='bbox 3611 2493 3702 2550; x_wconf 83' lang='grc' dir='ltr'>καὶ</span> <span class='ocrx_word' id='word_1_394' title='bbox 3733 2495 3869 2550; x_wconf 86' lang='grc' dir='ltr'>ἁπο-</span> 
     </span>
    </p>
   </div>
   <div class='ocr_carea' id='block_1_67' title="bbox 2210 2580 3870 2658">
    <p class='ocr_par' dir='ltr' id='par_1_67' title="bbox 2210 2580 3870 2658">
     <span class='ocr_line' id='line_1_68' title="bbox 2210 2580 3870 2658; baseline -0.001 -18"><span class='ocrx_word' id='word_1_395' title='bbox 2210 2583 2454 2656; x_wconf 85' lang='grc' dir='ltr'>στόλοις,</span> <span class='ocrx_word' id='word_1_396' title='bbox 2513 2585 2621 2640; x_wconf 76' lang='grc' dir='ltr'>εῖτα</span> <span class='ocrx_word' id='word_1_397' title='bbox 2681 2586 2938 2654; x_wconf 76' lang='grc' dir='ltr'>νοσήσας,</span> <span class='ocrx_word' id='word_1_398' title='bbox 3008 2583 3090 2638; x_wconf 76' lang='grc' dir='ltr'>ἐπ’</span> <span class='ocrx_word' id='word_1_399' title='bbox 3151 2580 3307 2658; x_wconf 75' lang='grc' dir='ltr'>ὄψεσι</span> <span class='ocrx_word' id='word_1_400' title='bbox 3375 2587 3485 2638; x_wconf 82' lang='grc' dir='ltr'>τῶν</span> <span class='ocrx_word' id='word_1_401' title='bbox 3543 2582 3870 2639; x_wconf 80' lang='grc' dir='ltr'>ἀποστόλων</span> 
     </span>
    </p>
   </div>
   <div class='ocr_carea' id='block_1_68' title="bbox 2207 2670 3873 2748">
    <p class='ocr_par' dir='ltr' id='par_1_68' title="bbox 2207 2670 3873 2748">
     <span class='ocr_line' id='line_1_69' title="bbox 2207 2670 3873 2748; baseline -0.002 -18"><span class='ocrx_word' id='word_1_402' title='bbox 2207 2673 2560 2745; x_wconf 79' lang='grc' dir='ltr'>τελευτήσας,</span> <span class='ocrx_word' id='word_1_403' title='bbox 2620 2674 2754 2748; x_wconf 84' lang='grc' dir='ltr'>πρὸς</span> <span class='ocrx_word' id='word_1_404' title='bbox 2813 2673 3066 2748; x_wconf 84' lang='grc' dir='ltr'>Χριστὸν,</span> <span class='ocrx_word' id='word_1_405' title='bbox 3127 2672 3184 2727; x_wconf 77' lang='grc' dir='ltr'>ὃν</span> <span class='ocrx_word' id='word_1_406' title='bbox 3237 2671 3527 2744; x_wconf 75' lang='grc' dir='ltr'>ἐπόθησεν,</span> <span class='ocrx_word' id='word_1_407' title='bbox 3597 2670 3873 2746; x_wconf 72' lang='grc' dir='ltr'>ἐξεδήμη-</span> 
     </span>
    </p>
   </div>
   <div class='ocr_carea' id='block_1_69' title="bbox 2210 2758 3867 2840">
    <p class='ocr_par' dir='ltr' id='par_1_69' title="bbox 2210 2758 3867 2840">
     <span class='ocr_line' id='line_1_70' title="bbox 2210 2758 3867 2840; baseline -0.001 -22"><span class='ocrx_word' id='word_1_408' title='bbox 2210 2785 2317 2835; x_wconf 85' lang='grc' dir='ltr'>σεν,</span> <span class='ocrx_word' id='word_1_409' title='bbox 2370 2758 2666 2819; x_wconf 76' lang='grc' dir='ltr'>ἀπολαϐὼν</span> <span class='ocrx_word' id='word_1_410' title='bbox 2755 2760 3014 2840; x_wconf 72' lang='grc' dir='ltr'>στέφανον</span> <span class='ocrx_word' id='word_1_411' title='bbox 3098 2760 3364 2840; x_wconf 79' lang='grc' dir='ltr'>ἄφθαρτον</span> <span class='ocrx_word' id='word_1_412' title='bbox 3417 2761 3508 2817; x_wconf 79' lang='grc' dir='ltr'>καὶ</span> <span class='ocrx_word' id='word_1_413' title='bbox 3589 2761 3867 2838; x_wconf 81' lang='grc' dir='ltr'>βασιλείαν</span> 
     </span>
    </p>
   </div>
   <div class='ocr_carea' id='block_1_70' title="bbox 2211 2856 2500 2920">
    <p class='ocr_par' dir='ltr' id='par_1_70' title="bbox 2211 2856 2500 2920">
     <span class='ocr_line' id='line_1_71' title="bbox 2211 2856 2500 2920; baseline 0.014 -11"><span class='ocrx_word' id='word_1_414' title='bbox 2211 2856 2500 2920; x_wconf 78' lang='grc' dir='ltr'>ἀθάνατον.</span> 
     </span>
    </p>
   </div>
   <div class='ocr_carea' id='block_1_71' title="bbox 2282 2942 3865 3019">
    <p class='ocr_par' dir='ltr' id='par_1_71' title="bbox 2282 2942 3865 3019">
     <span class='ocr_line' id='line_1_72' title="bbox 2282 2942 3865 3019; baseline -0.003 -17"><span class='ocrx_word' id='word_1_415' title='bbox 2282 2945 2384 3002; x_wconf 81' lang='grc' dir='ltr'>Καὶ</span> <span class='ocrx_word' id='word_1_416' title='bbox 2417 2942 2650 3016; x_wconf 80' lang='grc' dir='ltr'>ἄθλησις</span> <span class='ocrx_word' id='word_1_417' title='bbox 2706 2948 2802 3000; x_wconf 79' lang='grc' dir='ltr'>τοῦ</span> <span class='ocrx_word' id='word_1_418' title='bbox 2847 2943 3005 3019; x_wconf 81' lang='grc' dir='ltr'>ἁγίου</span> <span class='ocrx_word' id='word_1_419' title='bbox 3063 2942 3299 3001; x_wconf 78' lang='grc' dir='ltr'>Κοΐντου</span> <span class='ocrx_word' id='word_1_420' title='bbox 3353 2947 3452 2998; x_wconf 81' lang='grc' dir='ltr'>τοῦ</span> <span class='ocrx_word' id='word_1_421' title='bbox 3511 2949 3865 3017; x_wconf 81' lang='grc' dir='ltr'>Θαυματουρ-</span> 
     </span>
    </p>
   </div>
   <div class='ocr_carea' id='block_1_72' title="bbox 2210 3029 3865 3110">
    <p class='ocr_par' dir='ltr' id='par_1_72' title="bbox 2210 3029 3865 3110">
     <span class='ocr_line' id='line_1_73' title="bbox 2210 3029 3865 3110; baseline -0.002 -20"><span class='ocrx_word' id='word_1_422' title='bbox 2210 3039 2334 3110; x_wconf 82' lang='grc' dir='ltr'><strong>γοῦ.</strong></span> <span class='ocrx_word' id='word_1_423' title='bbox 2393 3035 2497 3090; x_wconf 79' lang='grc' dir='ltr'>Καὶ</span> <span class='ocrx_word' id='word_1_424' title='bbox 2558 3037 2593 3104; x_wconf 79' lang='grc' dir='ltr'>ἡ</span> <span class='ocrx_word' id='word_1_425' title='bbox 2651 3033 2914 3108; x_wconf 87' lang='grc' dir='ltr'>κοίμησις</span> <span class='ocrx_word' id='word_1_426' title='bbox 2967 3038 3075 3089; x_wconf 81' lang='grc' dir='ltr'>τῶν</span> <span class='ocrx_word' id='word_1_427' title='bbox 3145 3033 3308 3110; x_wconf 86' lang='grc' dir='ltr'>ἁγίων</span> <span class='ocrx_word' id='word_1_428' title='bbox 3368 3029 3721 3108; x_wconf 78' lang='grc' dir='ltr'>Ἀνδρονίκου</span> <span class='ocrx_word' id='word_1_429' title='bbox 3773 3032 3865 3087; x_wconf 85' lang='grc' dir='ltr'>καὶ</span> 
     </span>
    </p>
   </div>
   <div class='ocr_carea' id='block_1_73' title="bbox 2210 3119 3864 3198">
    <p class='ocr_par' dir='ltr' id='par_1_73' title="bbox 2210 3119 3864 3198">
     <span class='ocr_line' id='line_1_74' title="bbox 2210 3119 3864 3198; baseline -0.001 -20"><span class='ocrx_word' id='word_1_430' title='bbox 2210 3124 2546 3189; x_wconf 78' lang='grc' dir='ltr'>’Δθανασίας.</span> <span class='ocrx_word' id='word_1_431' title='bbox 2606 3123 2704 3179; x_wconf 76' lang='grc' dir='ltr'>Καὶ</span> <span class='ocrx_word' id='word_1_432' title='bbox 2768 3126 2961 3197; x_wconf 75' lang='grc' dir='ltr'>μνήμη</span> <span class='ocrx_word' id='word_1_433' title='bbox 3042 3128 3139 3179; x_wconf 80' lang='grc' dir='ltr'>τοῦ</span> <span class='ocrx_word' id='word_1_434' title='bbox 3210 3122 3361 3198; x_wconf 86' lang='grc' dir='ltr'>ἁγίου</span> <span class='ocrx_word' id='word_1_435' title='bbox 3413 3119 3714 3198; x_wconf 83' lang='grc' dir='ltr'>Τρωαδίου,</span> <span class='ocrx_word' id='word_1_436' title='bbox 3774 3121 3864 3176; x_wconf 86' lang='grc' dir='ltr'>καῖ</span> 
     </span>
    </p>
   </div>
   <div class='ocr_carea' id='block_1_74' title="bbox 2210 3210 3864 3290">
    <p class='ocr_par' dir='ltr' id='par_1_74' title="bbox 2210 3210 3864 3290">
     <span class='ocr_line' id='line_1_75' title="bbox 2210 3210 3864 3290; baseline -0.002 -22"><span class='ocrx_word' id='word_1_437' title='bbox 2210 3218 2306 3268; x_wconf 81' lang='grc' dir='ltr'>τοῦ</span> <span class='ocrx_word' id='word_1_438' title='bbox 2382 3213 2535 3289; x_wconf 86' lang='grc' dir='ltr'>ἁγίου</span> <span class='ocrx_word' id='word_1_439' title='bbox 2610 3215 3005 3290; x_wconf 76' lang='grc' dir='ltr'>ἱερομάρτυρος</span> <span class='ocrx_word' id='word_1_440' title='bbox 3101 3214 3415 3288; x_wconf 78' lang='grc' dir='ltr'>Πορφυρίου</span> <span class='ocrx_word' id='word_1_441' title='bbox 3503 3211 3700 3282; x_wconf 81' lang='grc' dir='ltr'>Γάζης,</span> <span class='ocrx_word' id='word_1_442' title='bbox 3774 3210 3864 3266; x_wconf 79' lang='grc' dir='ltr'>καὶ</span> 
     </span>
    </p>
   </div>
   <div class='ocr_carea' id='block_1_75' title="bbox 2213 3298 3868 3380">
    <p class='ocr_par' dir='ltr' id='par_1_75' title="bbox 2213 3298 3868 3380">
     <span class='ocr_line' id='line_1_76' title="bbox 2213 3298 3868 3380; baseline -0.002 -20"><span class='ocrx_word' id='word_1_443' title='bbox 2213 3301 2571 3380; x_wconf 74' lang='grc' dir='ltr'>Θεοδωρήτου</span> <span class='ocrx_word' id='word_1_444' title='bbox 2617 3298 2988 3379; x_wconf 72' lang='grc' dir='ltr'>πρεσϐυτέρου</span> <span class='ocrx_word' id='word_1_445' title='bbox 3047 3302 3410 3379; x_wconf 83' lang='grc' dir='ltr'>Ἀντιοχείας.</span> <span class='ocrx_word' id='word_1_446' title='bbox 3468 3301 3576 3358; x_wconf 88' lang='grc' dir='ltr'>Καὶ</span> <span class='ocrx_word' id='word_1_447' title='bbox 3635 3300 3868 3372; x_wconf 76' lang='grc' dir='ltr'>ἄθλησις</span> 
     </span>
    </p>
   </div>
   <div class='ocr_carea' id='block_1_76' title="bbox 2207 3390 3863 3469">
    <p class='ocr_par' dir='ltr' id='par_1_76' title="bbox 2207 3390 3863 3469">
     <span class='ocr_line' id='line_1_77' title="bbox 2207 3390 3863 3469; baseline -0.002 -21"><span class='ocrx_word' id='word_1_448' title='bbox 2207 3398 2307 3449; x_wconf 81' lang='grc' dir='ltr'>τοῦ</span> <span class='ocrx_word' id='word_1_449' title='bbox 2364 3394 2521 3469; x_wconf 87' lang='grc' dir='ltr'>ἁγίου</span> <span class='ocrx_word' id='word_1_450' title='bbox 2598 3393 2998 3469; x_wconf 76' lang='grc' dir='ltr'>ἱερομάρτυρος</span> <span class='ocrx_word' id='word_1_451' title='bbox 3079 3390 3346 3450; x_wconf 84' lang='grc' dir='ltr'>Θεοδότου</span> <span class='ocrx_word' id='word_1_452' title='bbox 3403 3390 3704 3448; x_wconf 74' lang='grc' dir='ltr'>ἐπισκόπου</span> <span class='ocrx_word' id='word_1_453' title='bbox 3761 3397 3863 3446; x_wconf 85' lang='grc' dir='ltr'>Κυ-</span> 
     </span>
    </p>
   </div>
   <div class='ocr_carea' id='block_1_77' title="bbox 2212 3484 2404 3560">
    <p class='ocr_par' dir='ltr' id='par_1_77' title="bbox 2212 3484 2404 3560">
     <span class='ocr_line' id='line_1_78' title="bbox 2212 3484 2404 3560; baseline 0.005 -22"><span class='ocrx_word' id='word_1_454' title='bbox 2212 3484 2404 3560; x_wconf 84' lang='grc' dir='ltr'>ρινίας.</span> 
     </span>
    </p>
   </div>
   <div class='ocr_carea' id='block_1_78' title="bbox 2751 3609 3306 3687">
    <p class='ocr_par' dir='ltr' id='par_1_78' title="bbox 2751 3609 3306 3687">
     <span class='ocr_line' id='line_1_79' title="bbox 2751 3609 3306 3687; baseline -0.004 -19"><span class='ocrx_word' id='word_1_455' title='bbox 2751 3609 2936 3668; x_wconf 83' lang='lat' dir='ltr'><strong>MHNI</strong></span> <span class='ocrx_word' id='word_1_456' title='bbox 2975 3610 3068 3687; x_wconf 73' lang='lat' dir='ltr'>T9</span> <span class='ocrx_word' id='word_1_457' title='bbox 3107 3612 3306 3687; x_wconf 69' lang='lat' dir='ltr'>Anq.</span> 
     </span>
    </p>
   </div>
   <div class='ocr_carea' id='block_1_79' title="bbox 3008 3767 3062 3818">
    <p class='ocr_par' dir='ltr' id='par_1_79' title="bbox 3008 3767 3062 3818">
     <span class='ocr_line' id='line_1_80' title="bbox 3008 3767 3062 3818; baseline 0 -30"><span class='ocrx_word' id='word_1_458' title='bbox 3008 3767 3062 3818; x_wconf 69' lang='grc' dir='ltr'>Γ.</span> 
     </span>
    </p>
   </div>
   <div class='ocr_carea' id='block_1_80' title="bbox 2207 3875 3864 3955">
    <p class='ocr_par' dir='ltr' id='par_1_80' title="bbox 2207 3875 3864 3955">
     <span class='ocr_line' id='line_1_81' title="bbox 2207 3875 3864 3955; baseline -0.001 -20"><span class='ocrx_word' id='word_1_459' title='bbox 2207 3878 2478 3951; x_wconf 75' lang='grc' dir='ltr'>Ἀθλησις</span> <span class='ocrx_word' id='word_1_460' title='bbox 2532 3881 2641 3935; x_wconf 84' lang='grc' dir='ltr'>τῶν</span> <span class='ocrx_word' id='word_1_461' title='bbox 2698 3875 2866 3955; x_wconf 86' lang='grc' dir='ltr'>ἁγίων</span> <span class='ocrx_word' id='word_1_462' title='bbox 2929 3877 3220 3955; x_wconf 75' lang='grc' dir='ltr'>μαρτύρων</span> <span class='ocrx_word' id='word_1_463' title='bbox 3285 3878 3619 3953; x_wconf 80' lang='grc' dir='ltr'>Εὗτροπίου,</span> <span class='ocrx_word' id='word_1_464' title='bbox 3688 3876 3864 3935; x_wconf 88' lang='grc' dir='ltr'>Κλεο-</span> 
     </span>
    </p>
   </div>
   <div class='ocr_carea' id='block_1_81' title="bbox 2690 3949 3367 4024">
    <p class='ocr_par' dir='ltr' id='par_1_81' title="bbox 2690 3949 3367 4024">
     <span class='ocr_line' id='line_1_82' title="bbox 2690 3949 3367 4024; baseline 0.001 -19"><span class='ocrx_word' id='word_1_465' title='bbox 2690 3949 2866 4024; x_wconf 78' lang='grc' dir='ltr'>νικου,</span> <span class='ocrx_word' id='word_1_466' title='bbox 2896 3949 2986 4006; x_wconf 81' lang='grc' dir='ltr'>καὶ</span> <span class='ocrx_word' id='word_1_467' title='bbox 3009 3949 3367 4008; x_wconf 60' lang='grc' dir='ltr'>’Βασιλίσκοιλ</span> 
     </span>
    </p>
   </div>
   <div class='ocr_carea' id='block_1_82' title="bbox 2276 4095 3860 4173">
    <p class='ocr_par' dir='ltr' id='par_1_82' title="bbox 2276 4095 3860 4173">
     <span class='ocr_line' id='line_1_83' title="bbox 2276 4095 3860 4173; baseline -0.002 -19"><span class='ocrx_word' id='word_1_468' title='bbox 2276 4096 2447 4154; x_wconf 84' lang='grc' dir='ltr'>Οὗτοι</span> <span class='ocrx_word' id='word_1_469' title='bbox 2479 4097 2730 4173; x_wconf 73' lang='grc' dir='ltr'>ὑπῆρχον</span> <span class='ocrx_word' id='word_1_470' title='bbox 2762 4095 2851 4152; x_wconf 78' lang='grc' dir='ltr'>ἐπὶ</span> <span class='ocrx_word' id='word_1_471' title='bbox 2881 4101 2988 4152; x_wconf 83' lang='grc' dir='ltr'>τῶν</span> <span class='ocrx_word' id='word_1_472' title='bbox 3021 4097 3236 4173; x_wconf 88' lang='grc' dir='ltr'>χρόνων</span> <span class='ocrx_word' id='word_1_473' title='bbox 3288 4097 3662 4169; x_wconf 78' lang='grc' dir='ltr'>Μαξιμιανοῦ,</span> <span class='ocrx_word' id='word_1_474' title='bbox 3697 4116 3860 4170; x_wconf 85' lang='grc' dir='ltr'>στρα-</span> 
     </span>
    </p>
   </div>
   <div class='ocr_carea' id='block_1_83' title="bbox 2202 4184 3860 4264">
    <p class='ocr_par' dir='ltr' id='par_1_83' title="bbox 2202 4184 3860 4264">
     <span class='ocr_line' id='line_1_84' title="bbox 2202 4184 3860 4264; baseline -0.001 -22"><span class='ocrx_word' id='word_1_475' title='bbox 2202 4190 2395 4242; x_wconf 83' lang='grc' dir='ltr'>τιῶται</span> <span class='ocrx_word' id='word_1_476' title='bbox 2427 4187 2814 4264; x_wconf 80' lang='grc' dir='ltr'>τυγχάνοντες,</span> <span class='ocrx_word' id='word_1_477' title='bbox 2873 4193 3148 4264; x_wconf 85' lang='grc' dir='ltr'>συγγενεῖς</span> <span class='ocrx_word' id='word_1_478' title='bbox 3201 4185 3297 4242; x_wconf 83' lang='grc' dir='ltr'>τοῦ</span> <span class='ocrx_word' id='word_1_479' title='bbox 3357 4187 3520 4263; x_wconf 84' lang='grc' dir='ltr'>ἁγίου</span> <span class='ocrx_word' id='word_1_480' title='bbox 3550 4184 3860 4262; x_wconf 81' lang='grc' dir='ltr'>Θεοδώρου,</span> 
     </span>
    </p>
   </div>
   <div class='ocr_carea' id='block_1_84' title="bbox 2202 4273 3864 4353">
    <p class='ocr_par' dir='ltr' id='par_1_84' title="bbox 2202 4273 3864 4353">
     <span class='ocr_line' id='line_1_85' title="bbox 2202 4273 3864 4353; baseline -0.001 -22"><span class='ocrx_word' id='word_1_481' title='bbox 2202 4273 2571 4352; x_wconf 68' lang='grc' dir='ltr'>προσάγονται</span> <span class='ocrx_word' id='word_1_482' title='bbox 2600 4277 2676 4342; x_wconf 86' lang='grc' dir='ltr'>ὡς</span> <span class='ocrx_word' id='word_1_483' title='bbox 2705 4275 3019 4353; x_wconf 84' lang='grc' dir='ltr'>Χριστιανοὶ</span> <span class='ocrx_word' id='word_1_484' title='bbox 3067 4281 3146 4350; x_wconf 85' lang='grc' dir='ltr'>τῷ</span> <span class='ocrx_word' id='word_1_485' title='bbox 3203 4276 3456 4353; x_wconf 76' lang='grc' dir='ltr'>ἡγεμόνι·</span> <span class='ocrx_word' id='word_1_486' title='bbox 3507 4282 3591 4332; x_wconf 64' lang='grc' dir='ltr'>καΣ</span> <span class='ocrx_word' id='word_1_487' title='bbox 3626 4277 3864 4332; x_wconf 90' lang='grc' dir='ltr'>τύπτον-</span> 
     </span>
    </p>
   </div>
   <div class='ocr_carea' id='block_1_85' title="bbox 2199 4360 3861 4440">
    <p class='ocr_par' dir='ltr' id='par_1_85' title="bbox 2199 4360 3861 4440">
     <span class='ocr_line' id='line_1_86' title="bbox 2199 4360 3861 4440; baseline -0.001 -20"><span class='ocrx_word' id='word_1_488' title='bbox 2199 4385 2288 4420; x_wconf 90' lang='grc' dir='ltr'>ται</span> <span class='ocrx_word' id='word_1_489' title='bbox 2348 4363 2614 4440; x_wconf 75' lang='grc' dir='ltr'>ἰσχυρῶς.</span> <span class='ocrx_word' id='word_1_490' title='bbox 2672 4367 2831 4430; x_wconf 88' lang='grc' dir='ltr'>Ὅθεν</span> <span class='ocrx_word' id='word_1_491' title='bbox 2901 4366 2952 4420; x_wconf 77' lang='grc' dir='ltr'>οἱ</span> <span class='ocrx_word' id='word_1_492' title='bbox 3017 4360 3129 4440; x_wconf 63' lang='grc' dir='ltr'>’μὲν</span> <span class='ocrx_word' id='word_1_493' title='bbox 3186 4365 3480 4427; x_wconf 79' lang='grc' dir='ltr'>τύπτοντες</span> <span class='ocrx_word' id='word_1_494' title='bbox 3535 4363 3861 4434; x_wconf 76' lang='grc' dir='ltr'>ἐξελύθησαν</span> 
     </span>
    </p>
   </div>
   <div class='ocr_carea' id='block_1_86' title="bbox 2203 4451 3859 4529">
    <p class='ocr_par' dir='ltr' id='par_1_86' title="bbox 2203 4451 3859 4529">
     <span class='ocr_line' id='line_1_87' title="bbox 2203 4451 3859 4529; baseline 0 -21"><span class='ocrx_word' id='word_1_495' title='bbox 2203 4451 2294 4509; x_wconf 82' lang='grc' dir='ltr'>διὰ</span> <span class='ocrx_word' id='word_1_496' title='bbox 2319 4453 2382 4509; x_wconf 85' lang='grc' dir='ltr'>τὸ</span> <span class='ocrx_word' id='word_1_497' title='bbox 2413 4453 2668 4511; x_wconf 80' lang='grc' dir='ltr'>σύντονον</span> <span class='ocrx_word' id='word_1_498' title='bbox 2725 4461 2827 4524; x_wconf 83' lang='grc' dir='ltr'>τῆς</span> <span class='ocrx_word' id='word_1_499' title='bbox 2888 4453 3147 4529; x_wconf 76' lang='grc' dir='ltr'>βασάνου.’</span> <span class='ocrx_word' id='word_1_500' title='bbox 3190 4455 3258 4513; x_wconf 78' lang='grc' dir='ltr'>Οἱ</span> <span class='ocrx_word' id='word_1_501' title='bbox 3315 4452 3375 4510; x_wconf 74' lang='grc' dir='ltr'>δὲ</span> <span class='ocrx_word' id='word_1_502' title='bbox 3417 4455 3704 4528; x_wconf 82' lang='grc' dir='ltr'>μόίρτυρες,</span> <span class='ocrx_word' id='word_1_503' title='bbox 3736 4452 3859 4508; x_wconf 86' lang='grc' dir='ltr'>ἐπι-</span> 
     </span>
    </p>
   </div>
   <div class='ocr_carea' id='block_1_87' title="bbox 2201 4541 3859 4619">
    <p class='ocr_par' dir='ltr' id='par_1_87' title="bbox 2201 4541 3859 4619">
     <span class='ocr_line' id='line_1_88' title="bbox 2201 4541 3859 4619; baseline -0.001 -21"><span class='ocrx_word' id='word_1_504' title='bbox 2201 4546 2456 4618; x_wconf 74' lang='grc' dir='ltr'>φανέντος</span> <span class='ocrx_word' id='word_1_505' title='bbox 2509 4544 2694 4606; x_wconf 84' lang='grc' dir='ltr'>αὐτοῖς</span> <span class='ocrx_word' id='word_1_506' title='bbox 2741 4548 2838 4599; x_wconf 82' lang='grc' dir='ltr'>τοῦ</span> <span class='ocrx_word' id='word_1_507' title='bbox 2896 4545 3119 4619; x_wconf 84' lang='grc' dir='ltr'>Κυρίου,</span> <span class='ocrx_word' id='word_1_508' title='bbox 3181 4544 3272 4599; x_wconf 83' lang='grc' dir='ltr'>καὶ</span> <span class='ocrx_word' id='word_1_509' title='bbox 3327 4548 3430 4598; x_wconf 78' lang='grc' dir='ltr'>τοῦ</span> <span class='ocrx_word' id='word_1_510' title='bbox 3478 4541 3633 4618; x_wconf 83' lang='grc' dir='ltr'>ἁγίου</span> <span class='ocrx_word' id='word_1_511' title='bbox 3687 4563 3859 4618; x_wconf 77' lang='grc' dir='ltr'>μεγμ-</span> 
     </span>
    </p>
   </div>
   <div class='ocr_carea' id='block_1_88' title="bbox 433 4621 2098 4713">
    <p class='ocr_par' dir='ltr' id='par_1_88' title="bbox 433 4621 2091 4713">
     <span class='ocr_line' id='line_1_89' title="bbox 433 4621 2091 4713; baseline 0.004 -19"><span class='ocrx_word' id='word_1_512' title='bbox 433 4641 577 4695; x_wconf 91' lang='lat' dir='ltr'>doro</span> <span class='ocrx_word' id='word_1_513' title='bbox 602 4642 722 4696; x_wconf 89' lang='lat' dir='ltr'>illis</span> <span class='ocrx_word' id='word_1_514' title='bbox 743 4643 1136 4713; x_wconf 87' lang='lat' dir='ltr'>apparuisset,</span> <span class='ocrx_word' id='word_1_515' title='bbox 1159 4621 1492 4698; x_wconf 76' lang='lat' dir='ltr'>incolumes</span> <span class='ocrx_word' id='word_1_516' title='bbox 1516 4644 1707 4698; x_wconf 72' lang='lat' dir='ltr'>el’l‘ecti</span> <span class='ocrx_word' id='word_1_517' title='bbox 1740 4621 1899 4700; x_wconf 71' lang='lat' dir='ltr'>sunt.</span> <span class='ocrx_word' id='word_1_518' title='bbox 1925 4644 2091 4700; x_wconf 88' lang='lat' dir='ltr'>Unde</span> 
     </span>
    </p>
   </div>
   <div class='ocr_carea' id='block_1_89' title="bbox 2212 4621 3856 4713">
    <p class='ocr_par' dir='ltr' id='par_1_89' title="bbox 2212 4621 3856 4710">
     <span class='ocr_line' id='line_1_90' title="bbox 2212 4621 3856 4710; baseline -0.001 -22"><span class='ocrx_word' id='word_1_519' title='bbox 2212 4633 2551 4710; x_wconf 70' lang='grc' dir='ltr'>λομάρτυρος</span> <span class='ocrx_word' id='word_1_520' title='bbox 2587 4621 2908 4709; x_wconf 78' lang='grc' dir='ltr'>Θεοδώρου,</span> <span class='ocrx_word' id='word_1_521' title='bbox 2965 4634 3245 4709; x_wconf 87' lang='grc' dir='ltr'>γεγόνασιν</span> <span class='ocrx_word' id='word_1_522' title='bbox 3309 4635 3498 4710; x_wconf 85' lang='grc' dir='ltr'>ὑγιεῖς.</span> <span class='ocrx_word' id='word_1_523' title='bbox 3539 4633 3600 4689; x_wconf 83' lang='grc' dir='ltr'>Ὀ</span> <span class='ocrx_word' id='word_1_524' title='bbox 3634 4627 3693 4687; x_wconf 70' lang='grc' dir='ltr'>δὲ</span> <span class='ocrx_word' id='word_1_525' title='bbox 3722 4635 3856 4707; x_wconf 80' lang='grc' dir='ltr'>ἡγε-</span> 
     </span>
    </p>
   </div>
   <div class='ocr_carea' id='block_1_90' title="bbox 431 4733 2092 4803">
    <p class='ocr_par' dir='ltr' id='par_1_90' title="bbox 431 4733 2092 4803">
     <span class='ocr_line' id='line_1_91' title="bbox 431 4733 2092 4803; baseline 0.004 -18"><span class='ocrx_word' id='word_1_526' title='bbox 431 4748 674 4803; x_wconf 80' lang='lat' dir='ltr'>praeses,</span> <span class='ocrx_word' id='word_1_527' title='bbox 735 4739 959 4788; x_wconf 86' lang='lat' dir='ltr'>mutato</span> <span class='ocrx_word' id='word_1_528' title='bbox 1012 4733 1284 4799; x_wconf 90' lang='lat' dir='ltr'>consilio,</span> <span class='ocrx_word' id='word_1_529' title='bbox 1344 4740 1595 4789; x_wconf 89' lang='lat' dir='ltr'>conatus</span> <span class='ocrx_word' id='word_1_530' title='bbox 1655 4739 1743 4789; x_wconf 90' lang='lat' dir='ltr'>est</span> <span class='ocrx_word' id='word_1_531' title='bbox 1781 4734 2092 4791; x_wconf 90' lang='lat' dir='ltr'>blanditiis</span> 
     </span>
    </p>
   </div>
   <div class='ocr_carea' id='block_1_91' title="bbox 431 4822 2092 4890">
    <p class='ocr_par' dir='ltr' id='par_1_91' title="bbox 431 4822 2092 4890">
     <span class='ocr_line' id='line_1_92' title="bbox 431 4822 2092 4890; baseline 0.003 -15"><span class='ocrx_word' id='word_1_532' title='bbox 431 4827 702 4875; x_wconf 90' lang='lat' dir='ltr'>sanctum</span> <span class='ocrx_word' id='word_1_533' title='bbox 736 4822 1079 4878; x_wconf 87' lang='lat' dir='ltr'>Cleonicum</span> <span class='ocrx_word' id='word_1_534' title='bbox 1120 4839 1154 4878; x_wconf 91' lang='lat' dir='ltr'>a</span> <span class='ocrx_word' id='word_1_535' title='bbox 1200 4823 1417 4878; x_wconf 80' lang='lat' dir='ltr'>Christi</span> <span class='ocrx_word' id='word_1_536' title='bbox 1469 4823 1584 4878; x_wconf 82' lang='lat' dir='ltr'>fide</span> <span class='ocrx_word' id='word_1_537' title='bbox 1615 4831 1899 4890; x_wconf 86' lang='lat' dir='ltr'>avertere,</span> <span class='ocrx_word' id='word_1_538' title='bbox 1934 4825 2092 4880; x_wconf 89' lang='lat' dir='ltr'>dona</span> 
     </span>
    </p>
   </div>
   <div class='ocr_carea' id='block_1_92' title="bbox 431 4912 2084 4983">
    <p class='ocr_par' dir='ltr' id='par_1_92' title="bbox 431 4912 2084 4983">
     <span class='ocr_line' id='line_1_93' title="bbox 431 4912 2084 4983; baseline 0.003 -16"><span class='ocrx_word' id='word_1_539' title='bbox 431 4916 491 4967; x_wconf 92' lang='lat' dir='ltr'>et</span> <span class='ocrx_word' id='word_1_540' title='bbox 547 4912 801 4968; x_wconf 88' lang='lat' dir='ltr'>honores</span> <span class='ocrx_word' id='word_1_541' title='bbox 861 4914 913 4968; x_wconf 90' lang='lat' dir='ltr'>ei</span> <span class='ocrx_word' id='word_1_542' title='bbox 977 4915 1353 4983; x_wconf 88' lang='lat' dir='ltr'>promittens.</span> <span class='ocrx_word' id='word_1_543' title='bbox 1413 4917 1520 4970; x_wconf 77' lang='lat' dir='ltr'>Ast</span> <span class='ocrx_word' id='word_1_544' title='bbox 1596 4915 1698 4970; x_wconf 91' lang='lat' dir='ltr'>ille</span> <span class='ocrx_word' id='word_1_545' title='bbox 1751 4916 2084 4983; x_wconf 88' lang='lat' dir='ltr'>subridens,</span> 
     </span>
    </p>
   </div>
   <div class='ocr_carea' id='block_1_93' title="bbox 430 5000 2089 5073">
    <p class='ocr_par' dir='ltr' id='par_1_93' title="bbox 430 5000 2089 5073">
     <span class='ocr_line' id='line_1_94' title="bbox 430 5000 2089 5073; baseline 0.003 -17"><span class='ocrx_word' id='word_1_546' title='bbox 430 5000 726 5056; x_wconf 91' lang='lat' dir='ltr'>idolorum</span> <span class='ocrx_word' id='word_1_547' title='bbox 753 5001 1161 5073; x_wconf 86' lang='lat' dir='ltr'>impotentiam</span> <span class='ocrx_word' id='word_1_548' title='bbox 1180 5003 1436 5057; x_wconf 90' lang='lat' dir='ltr'>ludibrio</span> <span class='ocrx_word' id='word_1_549' title='bbox 1456 5005 1746 5073; x_wconf 89' lang='lat' dir='ltr'>exposuit.</span> <span class='ocrx_word' id='word_1_550' title='bbox 1771 5011 1911 5060; x_wconf 82' lang='lat' dir='ltr'>Dum</span> <span class='ocrx_word' id='word_1_551' title='bbox 1936 5007 2089 5061; x_wconf 90' lang='lat' dir='ltr'>enim</span> 
     </span>
    </p>
   </div>
   <div class='ocr_carea' id='block_1_94' title="bbox 428 5090 2085 5164">
    <p class='ocr_par' dir='ltr' id='par_1_94' title="bbox 428 5090 2085 5164">
     <span class='ocr_line' id='line_1_95' title="bbox 428 5090 2085 5164; baseline 0.003 -19"><span class='ocrx_word' id='word_1_552' title='bbox 428 5090 503 5145; x_wconf 88' lang='lat' dir='ltr'>iis</span> <span class='ocrx_word' id='word_1_553' title='bbox 530 5091 892 5146; x_wconf 79' lang='lat' dir='ltr'>sacriﬁcium</span> <span class='ocrx_word' id='word_1_554' title='bbox 939 5092 1128 5153; x_wconf 83' lang='lat' dir='ltr'>ﬁeret.</span> <span class='ocrx_word' id='word_1_555' title='bbox 1187 5093 1314 5164; x_wconf 88' lang='lat' dir='ltr'>ipse</span> <span class='ocrx_word' id='word_1_556' title='bbox 1371 5091 1650 5164; x_wconf 85' lang='lat' dir='ltr'>precibus</span> <span class='ocrx_word' id='word_1_557' title='bbox 1684 5093 1807 5147; x_wconf 89' lang='lat' dir='ltr'>suis</span> <span class='ocrx_word' id='word_1_558' title='bbox 1839 5094 2085 5150; x_wconf 87' lang='lat' dir='ltr'>simula-</span> 
     </span>
    </p>
   </div>
   <div class='ocr_carea' id='block_1_95' title="bbox 427 5181 2086 5252">
    <p class='ocr_par' dir='ltr' id='par_1_95' title="bbox 427 5181 2086 5252">
     <span class='ocr_line' id='line_1_96' title="bbox 427 5181 2086 5252; baseline 0.002 -16"><span class='ocrx_word' id='word_1_559' title='bbox 427 5197 592 5236; x_wconf 87' lang='lat' dir='ltr'>crum</span> <span class='ocrx_word' id='word_1_560' title='bbox 615 5181 813 5235; x_wconf 75' lang='lat' dir='ltr'>Dianm</span> <span class='ocrx_word' id='word_1_561' title='bbox 838 5181 1073 5251; x_wconf 80' lang='lat' dir='ltr'>dejecit.</span> <span class='ocrx_word' id='word_1_562' title='bbox 1095 5183 1284 5246; x_wconf 88' lang='lat' dir='ltr'>Quare</span> <span class='ocrx_word' id='word_1_563' title='bbox 1306 5183 1499 5252; x_wconf 90' lang='lat' dir='ltr'>picem</span> <span class='ocrx_word' id='word_1_564' title='bbox 1524 5187 1584 5236; x_wconf 90' lang='lat' dir='ltr'>et</span> <span class='ocrx_word' id='word_1_565' title='bbox 1603 5182 1871 5238; x_wconf 90' lang='lat' dir='ltr'>bitumen</span> <span class='ocrx_word' id='word_1_566' title='bbox 1895 5185 2086 5240; x_wconf 89' lang='lat' dir='ltr'>tribus</span> 
     </span>
    </p>
   </div>
   <div class='ocr_carea' id='block_1_96' title="bbox 427 5270 2084 5344">
    <p class='ocr_par' dir='ltr' id='par_1_96' title="bbox 427 5270 2084 5344">
     <span class='ocr_line' id='line_1_97' title="bbox 427 5270 2084 5344; baseline 0.004 -20"><span class='ocrx_word' id='word_1_567' title='bbox 427 5270 488 5324; x_wconf 89' lang='lat' dir='ltr'>in</span> <span class='ocrx_word' id='word_1_568' title='bbox 517 5270 814 5326; x_wconf 88' lang='lat' dir='ltr'>lebetibus</span> <span class='ocrx_word' id='word_1_569' title='bbox 839 5271 1243 5332; x_wconf 81' lang='lat' dir='ltr'>fervefactum.</span> <span class='ocrx_word' id='word_1_570' title='bbox 1269 5272 1608 5327; x_wconf 80' lang='lat' dir='ltr'>elTuderunt</span> <span class='ocrx_word' id='word_1_571' title='bbox 1637 5290 1816 5344; x_wconf 90' lang='lat' dir='ltr'>super</span> <span class='ocrx_word' id='word_1_572' title='bbox 1846 5281 2084 5330; x_wconf 89' lang='lat' dir='ltr'>sanctos</span> 
     </span>
    </p>
   </div>
   <div class='ocr_carea' id='block_1_97' title="bbox 424 5361 2080 5435">
    <p class='ocr_par' dir='ltr' id='par_1_97' title="bbox 424 5361 2080 5435">
     <span class='ocr_line' id='line_1_98' title="bbox 424 5361 2080 5435; baseline 0.002 -19"><span class='ocrx_word' id='word_1_573' title='bbox 424 5375 756 5432; x_wconf 88' lang='lat' dir='ltr'>martyres:</span> <span class='ocrx_word' id='word_1_574' title='bbox 791 5361 893 5432; x_wconf 89' lang='lat' dir='ltr'>qui</span> <span class='ocrx_word' id='word_1_575' title='bbox 927 5367 1125 5416; x_wconf 85' lang='lat' dir='ltr'>tamen</span> <span class='ocrx_word' id='word_1_576' title='bbox 1160 5361 1301 5415; x_wconf 88' lang='lat' dir='ltr'>salvi</span> <span class='ocrx_word' id='word_1_577' title='bbox 1351 5368 1409 5415; x_wconf 92' lang='lat' dir='ltr'>et</span> <span class='ocrx_word' id='word_1_578' title='bbox 1455 5362 1625 5417; x_wconf 67' lang='lat' dir='ltr'>illaesi</span> <span class='ocrx_word' id='word_1_579' title='bbox 1659 5365 1870 5419; x_wconf 89' lang='lat' dir='ltr'>servati</span> <span class='ocrx_word' id='word_1_580' title='bbox 1905 5371 2080 5435; x_wconf 85' lang='lat' dir='ltr'>sunt;</span> 
     </span>
    </p>
   </div>
   <div class='ocr_carea' id='block_1_98' title="bbox 422 5449 2098 5522">
    <p class='ocr_par' dir='ltr' id='par_1_98' title="bbox 422 5449 2098 5522">
     <span class='ocr_line' id='line_1_99' title="bbox 422 5449 2098 5522; baseline 0.002 -19"><span class='ocrx_word' id='word_1_581' title='bbox 422 5455 676 5505; x_wconf 90' lang='lat' dir='ltr'>tortores</span> <span class='ocrx_word' id='word_1_582' title='bbox 710 5467 842 5505; x_wconf 87' lang='lat' dir='ltr'>vero</span> <span class='ocrx_word' id='word_1_583' title='bbox 903 5449 1366 5522; x_wconf 83' lang='lat' dir='ltr'>conﬂagrarunt.</span> <span class='ocrx_word' id='word_1_584' title='bbox 1421 5451 1645 5507; x_wconf 88' lang='lat' dir='ltr'>Deinde</span> <span class='ocrx_word' id='word_1_585' title='bbox 1681 5453 1994 5510; x_wconf 89' lang='lat' dir='ltr'>Cleonicus</span> <span class='ocrx_word' id='word_1_586' title='bbox 2027 5461 2098 5510; x_wconf 75' lang='lat' dir='ltr'>et.</span> 
     </span>
    </p>
   </div>
   <div class='ocr_carea' id='block_1_99' title="bbox 418 5540 2083 5612">
    <p class='ocr_par' dir='ltr' id='par_1_99' title="bbox 418 5540 2083 5612">
     <span class='ocr_line' id='line_1_100' title="bbox 418 5540 2083 5612; baseline 0.005 -20"><span class='ocrx_word' id='word_1_587' title='bbox 418 5540 758 5611; x_wconf 89' lang='lat' dir='ltr'>Eutropius,</span> <span class='ocrx_word' id='word_1_588' title='bbox 795 5541 854 5594; x_wconf 90' lang='lat' dir='ltr'>in</span> <span class='ocrx_word' id='word_1_589' title='bbox 882 5557 1117 5595; x_wconf 90' lang='lat' dir='ltr'>crucem</span> <span class='ocrx_word' id='word_1_590' title='bbox 1150 5541 1284 5608; x_wconf 87' lang='lat' dir='ltr'>acti,</span> <span class='ocrx_word' id='word_1_591' title='bbox 1321 5541 1672 5612; x_wconf 84' lang='lat' dir='ltr'>martyrium</span> <span class='ocrx_word' id='word_1_592' title='bbox 1704 5560 2083 5601; x_wconf 89' lang='lat' dir='ltr'>consumma-</span> 
     </span>
    </p>
   </div>
   <div class='ocr_carea' id='block_1_100' title="bbox 420 5629 2078 5708">
    <p class='ocr_par' dir='ltr' id='par_1_100' title="bbox 420 5629 2078 5708">
     <span class='ocr_line' id='line_1_101' title="bbox 420 5629 2078 5708; baseline 0.008 -28"><span class='ocrx_word' id='word_1_593' title='bbox 420 5634 598 5695; x_wconf 88' lang='lat' dir='ltr'>runt;</span> <span class='ocrx_word' id='word_1_594' title='bbox 632 5629 951 5686; x_wconf 88' lang='lat' dir='ltr'>Basiliscus</span> <span class='ocrx_word' id='word_1_595' title='bbox 1011 5636 1209 5686; x_wconf 90' lang='lat' dir='ltr'>autem</span> <span class='ocrx_word' id='word_1_596' title='bbox 1270 5631 1333 5686; x_wconf 90' lang='lat' dir='ltr'>in</span> <span class='ocrx_word' id='word_1_597' title='bbox 1391 5648 1691 5688; x_wconf 86' lang='lat' dir='ltr'>carcerem</span> <span class='ocrx_word' id='word_1_598' title='bbox 1749 5636 2078 5708; x_wconf 83' lang='lat' dir='ltr'>conjectus,</span> 
     </span>
    </p>
   </div>
   <div class='ocr_carea' id='block_1_101' title="bbox 422 5718 1896 5795">
    <p class='ocr_par' dir='ltr' id='par_1_101' title="bbox 422 5718 1896 5795">
     <span class='ocr_line' id='line_1_102' title="bbox 422 5718 1896 5795; baseline 0.008 -26"><span class='ocrx_word' id='word_1_599' title='bbox 422 5722 556 5785; x_wconf 84' lang='lat' dir='ltr'>post</span> <span class='ocrx_word' id='word_1_600' title='bbox 581 5718 823 5791; x_wconf 87' lang='lat' dir='ltr'>aliquod</span> <span class='ocrx_word' id='word_1_601' title='bbox 856 5726 1088 5794; x_wconf 89' lang='lat' dir='ltr'>tempus</span> <span class='ocrx_word' id='word_1_602' title='bbox 1121 5725 1179 5777; x_wconf 88' lang='lat' dir='ltr'>et</span> <span class='ocrx_word' id='word_1_603' title='bbox 1207 5720 1334 5795; x_wconf 87' lang='lat' dir='ltr'>ipse</span> <span class='ocrx_word' id='word_1_604' title='bbox 1366 5722 1484 5778; x_wconf 88' lang='lat' dir='ltr'>vita</span> <span class='ocrx_word' id='word_1_605' title='bbox 1516 5721 1756 5781; x_wconf 84' lang='lat' dir='ltr'>functus</span> <span class='ocrx_word' id='word_1_606' title='bbox 1786 5730 1896 5781; x_wconf 85' lang='lat' dir='ltr'>est.</span> 
     </span>
    </p>
   </div>
   <div class='ocr_carea' id='block_1_102' title="bbox 2205 4721 3861 4798">
    <p class='ocr_par' dir='ltr' id='par_1_102' title="bbox 2205 4721 3861 4798">
     <span class='ocr_line' id='line_1_103' title="bbox 2205 4721 3861 4798; baseline -0.001 -20"><span class='ocrx_word' id='word_1_607' title='bbox 2205 4723 2322 4798; x_wconf 90' lang='grc' dir='ltr'>μὼν</span> <span class='ocrx_word' id='word_1_608' title='bbox 2390 4721 2859 4797; x_wconf 86' lang='grc' dir='ltr'>μεταμελόμενος,</span> <span class='ocrx_word' id='word_1_609' title='bbox 2916 4721 3236 4779; x_wconf 80' lang='grc' dir='ltr'>ἐκολάκευεν</span> <span class='ocrx_word' id='word_1_610' title='bbox 3301 4724 3396 4779; x_wconf 86' lang='grc' dir='ltr'>τὸν</span> <span class='ocrx_word' id='word_1_611' title='bbox 3463 4723 3614 4798; x_wconf 78' lang='grc' dir='ltr'>ἃγιον</span> <span class='ocrx_word' id='word_1_612' title='bbox 3689 4721 3861 4778; x_wconf 83' lang='grc' dir='ltr'>Κλεό-</span> 
     </span>
    </p>
   </div>
   <div class='ocr_carea' id='block_1_103' title="bbox 2199 4811 3858 4888">
    <p class='ocr_par' dir='ltr' id='par_1_103' title="bbox 2199 4811 3858 4888">
     <span class='ocr_line' id='line_1_104' title="bbox 2199 4811 3858 4888; baseline -0.001 -20"><span class='ocrx_word' id='word_1_613' title='bbox 2199 4835 2371 4886; x_wconf 85' lang='grc' dir='ltr'>νικον,</span> <span class='ocrx_word' id='word_1_614' title='bbox 2435 4813 2754 4886; x_wconf 67' lang='grc' dir='ltr'>μεταθέσθαι</span> <span class='ocrx_word' id='word_1_615' title='bbox 2811 4811 2917 4868; x_wconf 81' lang='grc' dir='ltr'>ἀπὸ</span> <span class='ocrx_word' id='word_1_616' title='bbox 2973 4820 3073 4882; x_wconf 78' lang='grc' dir='ltr'>τῆς</span> <span class='ocrx_word' id='word_1_617' title='bbox 3131 4818 3228 4868; x_wconf 81' lang='grc' dir='ltr'>τοῦ</span> <span class='ocrx_word' id='word_1_618' title='bbox 3303 4815 3542 4888; x_wconf 74' lang='grc' dir='ltr'>Χριστοῦ</span> <span class='ocrx_word' id='word_1_619' title='bbox 3599 4811 3858 4883; x_wconf 89' lang='grc' dir='ltr'>πίστεως,</span> 
     </span>
    </p>
   </div>
   <div class='ocr_carea' id='block_1_104' title="bbox 2201 4898 3858 4979">
    <p class='ocr_par' dir='ltr' id='par_1_104' title="bbox 2201 4898 3858 4979">
     <span class='ocr_line' id='line_1_105' title="bbox 2201 4898 3858 4979; baseline -0.002 -21"><span class='ocrx_word' id='word_1_620' title='bbox 2201 4900 2351 4979; x_wconf 82' lang='grc' dir='ltr'>δῶρα</span> <span class='ocrx_word' id='word_1_621' title='bbox 2378 4905 2466 4958; x_wconf 87' lang='grc' dir='ltr'>καὶ</span> <span class='ocrx_word' id='word_1_622' title='bbox 2525 4902 2692 4975; x_wconf 85' lang='grc' dir='ltr'>τιμὰς</span> <span class='ocrx_word' id='word_1_623' title='bbox 2752 4902 3212 4978; x_wconf 81' lang='grc' dir='ltr'>ὑπισχνούμενος.</span> <span class='ocrx_word' id='word_1_624' title='bbox 3246 4905 3308 4960; x_wconf 78' lang='grc' dir='ltr'>Ὀ</span> <span class='ocrx_word' id='word_1_625' title='bbox 3341 4898 3398 4957; x_wconf 80' lang='grc' dir='ltr'>δὲ</span> <span class='ocrx_word' id='word_1_626' title='bbox 3441 4899 3671 4976; x_wconf 84' lang='grc' dir='ltr'>γελάσας</span> <span class='ocrx_word' id='word_1_627' title='bbox 3733 4921 3858 4954; x_wconf 79' lang='grc' dir='ltr'>κατ·</span> 
     </span>
    </p>
   </div>
   <div class='ocr_carea' id='block_1_105' title="bbox 2198 4985 3856 5068">
    <p class='ocr_par' dir='ltr' id='par_1_105' title="bbox 2198 4985 3856 5068">
     <span class='ocr_line' id='line_1_106' title="bbox 2198 4985 3856 5068; baseline -0.004 -20"><span class='ocrx_word' id='word_1_628' title='bbox 2198 4991 2465 5068; x_wconf 89' lang='grc' dir='ltr'>εχλεύασε</span> <span class='ocrx_word' id='word_1_629' title='bbox 2520 4993 2619 5062; x_wconf 84' lang='grc' dir='ltr'>τήν</span> <span class='ocrx_word' id='word_1_630' title='bbox 2697 4996 2806 5046; x_wconf 80' lang='grc' dir='ltr'>τῶν</span> <span class='ocrx_word' id='word_1_631' title='bbox 2882 4990 3128 5048; x_wconf 82' lang='grc' dir='ltr'>εἰδώλων</span> <span class='ocrx_word' id='word_1_632' title='bbox 3191 4991 3487 5057; x_wconf 73' lang='grc' dir='ltr'>ἀσθένειαν.</span> <span class='ocrx_word' id='word_1_633' title='bbox 3544 4989 3740 5053; x_wconf 88' lang='grc' dir='ltr'>Θυσίας</span> <span class='ocrx_word' id='word_1_634' title='bbox 3797 4985 3856 5043; x_wconf 75' lang='grc' dir='ltr'>δὲ</span> 
     </span>
    </p>
   </div>
   <div class='ocr_carea' id='block_1_106' title="bbox 2197 5074 3858 5158">
    <p class='ocr_par' dir='ltr' id='par_1_106' title="bbox 2197 5074 3858 5158">
     <span class='ocr_line' id='line_1_107' title="bbox 2197 5074 3858 5158; baseline -0.003 -20"><span class='ocrx_word' id='word_1_635' title='bbox 2197 5082 2647 5154; x_wconf 66' lang='grc' dir='ltr'>ἐπιτελουμένης,</span> <span class='ocrx_word' id='word_1_636' title='bbox 2706 5080 2795 5136; x_wconf 86' lang='grc' dir='ltr'>διὰ</span> <span class='ocrx_word' id='word_1_637' title='bbox 2851 5090 3168 5158; x_wconf 81' lang='grc' dir='ltr'>προσευχῆς</span> <span class='ocrx_word' id='word_1_638' title='bbox 3220 5083 3284 5138; x_wconf 86' lang='grc' dir='ltr'>τὸ</span> <span class='ocrx_word' id='word_1_639' title='bbox 3342 5082 3526 5153; x_wconf 81' lang='grc' dir='ltr'>ξόανον</span> <span class='ocrx_word' id='word_1_640' title='bbox 3586 5074 3858 5135; x_wconf 76' lang='grc' dir='ltr'>κατέϐαλε</span> 
     </span>
    </p>
   </div>
   <div class='ocr_carea' id='block_1_107' title="bbox 2193 5165 3859 5247">
    <p class='ocr_par' dir='ltr' id='par_1_107' title="bbox 2193 5165 3859 5247">
     <span class='ocr_line' id='line_1_108' title="bbox 2193 5165 3859 5247; baseline -0.004 -19"><span class='ocrx_word' id='word_1_641' title='bbox 2193 5179 2294 5242; x_wconf 79' lang='grc' dir='ltr'>τῆς</span> <span class='ocrx_word' id='word_1_642' title='bbox 2354 5168 2700 5247; x_wconf 75' lang='grc' dir='ltr'>Ἀρτέμιδος.</span> <span class='ocrx_word' id='word_1_643' title='bbox 2761 5173 3073 5228; x_wconf 85' lang='grc' dir='ltr'>Ἐκκαεῖσαν</span> <span class='ocrx_word' id='word_1_644' title='bbox 3134 5173 3224 5227; x_wconf 81' lang='grc' dir='ltr'>οὗν</span> <span class='ocrx_word' id='word_1_645' title='bbox 3285 5173 3478 5227; x_wconf 83' lang='grc' dir='ltr'>πίσσαν</span> <span class='ocrx_word' id='word_1_646' title='bbox 3520 5169 3611 5227; x_wconf 87' lang='grc' dir='ltr'>καὶ</span> <span class='ocrx_word' id='word_1_647' title='bbox 3643 5165 3859 5244; x_wconf 76' lang='grc' dir='ltr'>ἄσφαλ-</span> 
     </span>
    </p>
   </div>
   <div class='ocr_carea' id='block_1_108' title="bbox 2191 5255 3853 5338">
    <p class='ocr_par' dir='ltr' id='par_1_108' title="bbox 2191 5255 3853 5338">
     <span class='ocr_line' id='line_1_109' title="bbox 2191 5255 3853 5338; baseline 0.001 -21"><span class='ocrx_word' id='word_1_648' title='bbox 2191 5281 2288 5317; x_wconf 89' lang='grc' dir='ltr'>τον</span> <span class='ocrx_word' id='word_1_649' title='bbox 2319 5259 2394 5316; x_wconf 78' lang='grc' dir='ltr'>εἷς</span> <span class='ocrx_word' id='word_1_650' title='bbox 2424 5265 2572 5334; x_wconf 87' lang='grc' dir='ltr'>τρεῖς</span> <span class='ocrx_word' id='word_1_651' title='bbox 2601 5255 2838 5331; x_wconf 73' lang='grc' dir='ltr'>λέϐητας</span> <span class='ocrx_word' id='word_1_652' title='bbox 2895 5260 3125 5337; x_wconf 70' lang='grc' dir='ltr'>ἐπέχεον</span> <span class='ocrx_word' id='word_1_653' title='bbox 3184 5261 3271 5317; x_wconf 76' lang='grc' dir='ltr'>ἐπὶ</span> <span class='ocrx_word' id='word_1_654' title='bbox 3328 5261 3459 5324; x_wconf 74' lang='grc' dir='ltr'>τοὺς</span> <span class='ocrx_word' id='word_1_655' title='bbox 3504 5263 3716 5338; x_wconf 85' lang='grc' dir='ltr'>ἁγίους.</span> <span class='ocrx_word' id='word_1_656' title='bbox 3753 5264 3853 5320; x_wconf 83' lang='grc' dir='ltr'>Καὶ</span> 
     </span>
    </p>
   </div>
   <div class='ocr_carea' id='block_1_109' title="bbox 2194 5345 3859 5427">
    <p class='ocr_par' dir='ltr' id='par_1_109' title="bbox 2194 5345 3859 5427">
     <span class='ocr_line' id='line_1_110' title="bbox 2194 5345 3859 5427; baseline 0.001 -22"><span class='ocrx_word' id='word_1_657' title='bbox 2194 5349 2354 5405; x_wconf 81' lang='grc' dir='ltr'>αὐτοὶ</span> <span class='ocrx_word' id='word_1_658' title='bbox 2385 5347 2480 5421; x_wconf 71' lang='grc' dir='ltr'>μὶν</span> <span class='ocrx_word' id='word_1_659' title='bbox 2513 5353 2647 5403; x_wconf 83' lang='grc' dir='ltr'>σῶοι</span> <span class='ocrx_word' id='word_1_660' title='bbox 2695 5345 3165 5427; x_wconf 77' lang='grc' dir='ltr'>διεφυλάχθησαν.</span> <span class='ocrx_word' id='word_1_661' title='bbox 3225 5351 3292 5408; x_wconf 75' lang='grc' dir='ltr'>Οἱ</span> <span class='ocrx_word' id='word_1_662' title='bbox 3327 5347 3384 5405; x_wconf 74' lang='grc' dir='ltr'>δὲ</span> <span class='ocrx_word' id='word_1_663' title='bbox 3443 5347 3639 5423; x_wconf 73' lang='grc' dir='ltr'>δήμιοι</span> <span class='ocrx_word' id='word_1_664' title='bbox 3698 5373 3859 5407; x_wconf 87' lang='grc' dir='ltr'>κατε-</span> 
     </span>
    </p>
   </div>
   <div class='ocr_carea' id='block_1_110' title="bbox 2190 5437 3884 5512">
    <p class='ocr_par' dir='ltr' id='par_1_110' title="bbox 2190 5437 3884 5512">
     <span class='ocr_line' id='line_1_111' title="bbox 2190 5437 3884 5512; baseline 0.001 -18"><span class='ocrx_word' id='word_1_665' title='bbox 2190 5443 2415 5510; x_wconf 85' lang='grc' dir='ltr'>κάησαν.</span> <span class='ocrx_word' id='word_1_666' title='bbox 2473 5439 2598 5494; x_wconf 74' lang='grc' dir='ltr'>Εἶτα</span> <span class='ocrx_word' id='word_1_667' title='bbox 2646 5443 2996 5512; x_wconf 72' lang='grc' dir='ltr'>σταυροῦνται</span> <span class='ocrx_word' id='word_1_668' title='bbox 3049 5437 3341 5502; x_wconf 79' lang='grc' dir='ltr'>Κλεόνικος</span> <span class='ocrx_word' id='word_1_669' title='bbox 3389 5440 3477 5494; x_wconf 82' lang='grc' dir='ltr'>καὶ</span> <span class='ocrx_word' id='word_1_670' title='bbox 3528 5439 3884 5512; x_wconf 58' lang='grc' dir='ltr'>Εὖτρὸπιος,</span> 
     </span>
    </p>
   </div>
   <div class='ocr_carea' id='block_1_111' title="bbox 2189 5525 3856 5606">
    <p class='ocr_par' dir='ltr' id='par_1_111' title="bbox 2189 5525 3856 5606">
     <span class='ocr_line' id='line_1_112' title="bbox 2189 5525 3856 5606; baseline -0.001 -20"><span class='ocrx_word' id='word_1_671' title='bbox 2189 5529 2279 5586; x_wconf 83' lang='grc' dir='ltr'>καὶ</span> <span class='ocrx_word' id='word_1_672' title='bbox 2340 5527 2733 5597; x_wconf 77' lang='grc' dir='ltr'>ἔτελεώθησαν.</span> <span class='ocrx_word' id='word_1_673' title='bbox 2791 5529 2854 5586; x_wconf 88' lang='grc' dir='ltr'>Ὁ</span> <span class='ocrx_word' id='word_1_674' title='bbox 2913 5526 2970 5583; x_wconf 75' lang='grc' dir='ltr'>δὲ</span> <span class='ocrx_word' id='word_1_675' title='bbox 3026 5527 3359 5593; x_wconf 80' lang='grc' dir='ltr'>Βασιλίσκος</span> <span class='ocrx_word' id='word_1_676' title='bbox 3413 5525 3466 5584; x_wconf 78' lang='grc' dir='ltr'>ἒν</span> <span class='ocrx_word' id='word_1_677' title='bbox 3524 5532 3593 5606; x_wconf 68' lang='grc' dir='ltr'>τῇ</span> <span class='ocrx_word' id='word_1_678' title='bbox 3636 5529 3856 5602; x_wconf 80' lang='grc' dir='ltr'>φυλακῇ</span> 
     </span>
    </p>
   </div>
   <div class='ocr_carea' id='block_1_112' title="bbox 2196 5615 3725 5696">
    <p class='ocr_par' dir='ltr' id='par_1_112' title="bbox 2196 5615 3725 5696">
     <span class='ocr_line' id='line_1_113' title="bbox 2196 5615 3725 5696; baseline 0.001 -22"><span class='ocrx_word' id='word_1_679' title='bbox 2196 5617 2448 5696; x_wconf 82' lang='grc' dir='ltr'>βληθεὶς,</span> <span class='ocrx_word' id='word_1_680' title='bbox 2475 5617 2612 5692; x_wconf 85' lang='grc' dir='ltr'>μετὰ</span> <span class='ocrx_word' id='word_1_681' title='bbox 2644 5616 2842 5693; x_wconf 82' lang='grc' dir='ltr'>χρόνον</span> <span class='ocrx_word' id='word_1_682' title='bbox 2875 5618 3001 5672; x_wconf 74' lang='grc' dir='ltr'>τινα</span> <span class='ocrx_word' id='word_1_683' title='bbox 3029 5618 3121 5674; x_wconf 83' lang='grc' dir='ltr'>καὶ</span> <span class='ocrx_word' id='word_1_684' title='bbox 3159 5618 3320 5682; x_wconf 85' lang='grc' dir='ltr'>αὐτὸς</span> <span class='ocrx_word' id='word_1_685' title='bbox 3353 5615 3725 5692; x_wconf 71' lang='grc' dir='ltr'>ἰτελεύτησεν.</span> 
     </span>
    </p>
   </div>
  </div>
