4132 6424
253 399 372 461 337

831 536 1016 594 MllNl
1045 535 1138 593 ΤΩ
1167 534 1366 593 ΑΥΤΩ.

1084 640 1123 690 Δ

415 725 624 798 κνήμη
659 727 767 778 τοῦ
798 722 950 779 όσίου
991 723 1205 800 Πατρὸς
1252 725 1416 798 ἡμῶν
1456 721 1782 800 Γερασίμου.

348 815 656 890 Γερᾶσιμος
725 814 754 869 ὁ
816 812 1240 890 θαυματουργὸς
1282 813 1376 869 τὸν
1435 813 1647 887 κόσμον
1701 810 1933 868 καταλιο

284 906 425 976 πῶν,
453 904 644 978 γὶγονε
685 903 955 980 μοναχός.
1001 902 1104 960 Καὶ
1150 901 1406 968 ἀπελθὼν
1457 901 1536 966 εἴς
1583 903 1686 973 τὴν
1717 899 1931 958 ἂνδοτι-

271 1007 385 1070 ραν
416 991 616 1066 ἔρημον
647 997 751 1061 τῆς
792 991 983 1068 χώρας
1017 986 1314 1063 Θηϐαΐδος,
1369 989 1662 1065 ἡσύχαζεν,
1696 989 1931 1046 ἰκτελῶν

281 1083 352 1139 τὰ
400 1085 496 1138 τοῦ
538 1085 676 1138 θεοῦ
732 1081 1150 1157 προστάγματα.
1209 1084 1479 1136 Τοσοῦτον
1529 1077 1588 1136 δὶ
1635 1082 1737 1150 τὴν
1791 1079 1930 1156 πρὸς

277 1173 410 1230 Θεὸν
494 1169 766 1227 οἷκείωσιν
843 1168 1126 1242 ἐκτήσατο,
1215 1170 1290 1233 ὡς
1367 1167 1608 1248 φυλάξας
1684 1170 1748 1225 τὸ
1815 1169 1932 1224 κατ’

277 1262 482 1332 εἰκόνα,
539 1260 634 1317 καὶ
681 1259 1054 1334 καθομοίωσιν
1096 1263 1206 1316 τῶν
1272 1259 1468 1335 ἁγίων,
1523 1258 1608 1315 ὅτι
1664 1258 1758 1314 καὶ
1812 1262 1922 1314 τῶν

261 1351 483 1428 ⁴ἀγρίων
508 1349 722 1425 θηρίων
748 1351 1014 1426 κατῆρχε,
1046 1349 1136 1405 καὶ
1190 1348 1440 1419 θαύματα
1495 1347 1683 1406 πολλά
1734 1347 1929 1406 Ξποίει.

269 1442 581 1512 Έκτήσατο
615 1437 674 1495 δὲ
699 1439 790 1495 καὶ
824 1439 1099 1514 ὑπουργὸν
1157 1439 1249 1494 καὶ
1301 1433 1424 1494 ὄνον
1450 1470 1454 1480 α
1478 1438 1555 1502 είς
1581 1437 1646 1494 τὸ
1697 1435 1931 1515 ὑδροφο-

275 1537 415 1606 ρεῖν,
447 1529 538 1585 διὰ
566 1530 633 1584 τὸ
666 1527 876 1603 μακρὰν
925 1528 1091 1584 αὑτοῦ
1143 1528 1208 1584 τὸ
1264 1526 1411 1603 ὕδωρ
1467 1527 1718 1604 ἀπέχειν.
1751 1527 1932 1586 Ἀλλὰ

279 1621 374 1675 καὶ
401 1619 582 1675 λίσντι
613 1617 672 1674 ἐκ
698 1622 796 1673 τοῦ
827 1613 990 1694 ὅρους
1043 1617 1363 1681 κατελθόντι
1396 1617 1548 1690 αύτῷ
1601 1616 1689 1672 ἐπὶ
1738 1620 1802 1673 τὸ
1831 1619 1928 1672 θε-

289 1709 620 1784 ραπευθῆναι
671 1708 767 1762 τὸν
825 1707 1114 1781 ὁφθαΑμὸν
1163 1706 1329 1762 αὐτοῦ
1379 1707 1482 1762 ὑπὸ
1558 1703 1724 1778 ξύλου
1778 1705 1927 1776 πλη-

284 1797 473 1876 γέντα,
506 1797 634 1869 μετᾶ
681 1797 745 1852 τὸ
803 1798 1220 1872 θεραπευθῆναι,
1259 1795 1604 1872 προσέταξεν,
1659 1798 1755 1852 τὸν
1802 1790 1925 1850 ὄνον

285 1886 378 1942 ἰπὶ
409 1887 578 1959 νομὰς
621 1883 764 1963 ἄγειν
967 1885 1204 1961 βόσκειν.
1265 1886 1462 1943 Εἴλκεν
1520 1886 1588 1940 οὗ
1649 1885 1808 1979 αὐτὸν
1867 1883 1928 1940 ἐκ
1957 1913 2003 1979 Β

278 1981 379 2033 τοῦ
413 1976 686 2052 σχοινίου,
733 1975 826 2031 καὶ
857 1969 1066 2032 ἔϐοσκε.
1101 1975 1205 2033 Καί
1232 1995 1366 2032 ποτε
1419 1974 1774 2049 κοιμωμένου
1828 1978 1926 2030 τοῦ

275 2067 518 2132 λὲοντος,
583 2062 940 2141 διερχόμενοι
983 2059 1237 2140 ,ἔμποροι
1289 2059 1618 2121 ἆνελοὶϐοντο
1640 2063 1735 2120 τὸν
1779 2060 1922 2123 ὄνον.

271 2163 308 2212 κ
353 2156 370 2178 ‘
411 2156 426 2178 '
655 2156 684 2210 θ
717 2155 732 2173 ‘
798 2156 828 2210 ὁ
882 2153 946 2210 λὲ
1208 2159 1232 2172 "
1359 2153 1374 2176 ’
1419 2155 1447 2210 ὸ
1694 2152 1721 2209 δ
1798 2153 1809 2172 ’

317 2179 371 2211 αι
405 2176 651 2211 υποπτευ
687 2175 766 2218 εις
947 2177 1023 2210 ων
1073 2175 1258 2234 φαγειν
1315 2175 1415 2211 αυτ
1449 2177 1501 2226 ν,
1561 2175 1689 2210 κατε
1729 2166 1921 2226 ικασθη

267 2247 378 2303 ἄντ’
409 2244 624 2301 ἐκείνου
654 2241 1004 2321 ὑδροφορεῖν.
1059 2243 1160 2298 Καὶ
1209 2243 1385 2300 ἐποίει
1415 2242 1594 2306 οὕτως
1629 2243 1798 2319 μέχρι
1826 2250 1924 2314 τῆς

267 2337 531 2405 τελευτῆς
558 2338 657 2390 τοῦ
688 2336 966 2408 γέροντος.
998 2331 1439 2405 Τελευτήσαντος
1495 2332 1554 2388 δὲ
1610 2332 1774 2390 αύτοῦ
1829 2331 1924 2389 ἐπ-

270 2428 502 2483 ιπὶθανε
527 2423 621 2480 καὶ
651 2423 815 2488 αὐτὸς
842 2428 924 2498 τῷ
951 2426 1109 2502 τάφῳ
1127 2423 1316 2483 αὐτοῦ.

413 2605 516 2661 Καὶ
551 2605 749 2679 μνήμη
781 2606 879 2660 τοῦ
909 2599 1062 2658 ὁσίου
1101 2603 1311 2679 Πατρὸς
1339 2603 1501 2674 ἡμῶν
1532 2599 1778 2679 Μάρκου.

339 2721 567 2795 Ιᾶρκος
599 2721 628 2776 ὸ
659 2719 813 2784 ὅσιος
841 2717 1142 2799 φιλόπονος
1201 2717 1254 2775 ἰν
1311 2724 1441 2774 πᾶσι
1470 2720 1788 2796 γενόμενος,
1852 2723 1922 2796 τῇ

273 2807 476 2886 μελέτῃ
531 2815 640 2865 τῶν
702 2810 863 2864 θείων
932 2813 1158 2886 Γραφῶν
1221 2805 1490 2864 ἐπέδωκεν
1544 2809 1757 2878 ἑαυτὸν,
1831 2811 1918 2866 καὶ

268 2903 355 2960 ἰπὶ
397 2901 464 2957 τὸ
521 2897 682 2976 ἄκρον
743 2898 1020 2974 προῆλθεν
1050 2904 1151 2968 τῆς
1196 2898 1411 2972 ἀρετῆς.
1448 2903 1664 2972 Σημεῖα
1704 2897 1762 2956 δὲ
1815 2922 1921 2974 φα-

261 2995 397 3070 νερᾶ
425 2992 480 3048 οἳ
507 3012 566 3047 τε
623 2991 752 3065 παρ’
801 2988 965 3044 αὐτοῦ
997 2988 1391 3068 συγγραφέντες
1439 2987 1704 3067 ὠφελείας
1737 2989 1920 3069 λόγοι,

266 3082 361 3140 καὶ
418 3084 454 3151 ἡ
512 3085 620 3137 τῶν
682 3078 976 3153 θαυμάτων
1059 3078 1320 3155 ἐνέργεια.
1408 3080 1768 3156 Ἦσυχάζοντι
1821 3083 1918 3158 γάρ

266 3193 399 3228 ποτε
423 3169 736 3247 προσῆλθεν
771 3169 920 3240 αὐτῷ
949 3167 1126 3230 ὓαινα.
1158 3169 1220 3223 τὸ
1270 3169 1464 3237 ἑαυτῆς
1488 3168 1673 3225 τέκνον
1706 3166 1913 3247 ἔχουσα

1795 401 1897 460 MA
1909 398 2166 462 BTIUS.

1959 533 2013 601 Λ

3577 403 3695 464 338

2605 534 2843 591 EODEM
2875 535 3126 591 MENSE.

2691 624 2792 678 Die
2835 630 3048 696 quarta

2211 713 2477 768 Memoria
2513 715 2691 769 sancti
2732 715 2916 768 Patris
2959 715 3139 770 nostri
3195 717 3500 775 Gerasimi.

2107 802 2443 858 Gerasimus
2465 803 2938 876 Thaumaturgus
2961 805 3178 860 saeculo
3197 807 3472 863 abdicato
3494 809 3684 869 factus

2036 895 2127 947 est
2159 893 2486 948 monachus
2512 909 2525 946 :
2550 909 2806 964 cumque
2838 893 2899 947 in
2931 911 3196 950 eremum
3217 897 3564 955 interiorem
3589 918 3685 956 re-

2035 983 2230 1056 gionis
2259 983 2574 1039 Thebaidis
2606 984 2970 1052 secessisset,
3005 987 3266 1056 quietam
3325 989 3503 1045 vitam
3557 1008 3686 1046 am-

2037 1071 2246 1144 plexus
2277 1079 2387 1134 est.
2420 1073 2663 1144 explens
2697 1073 2975 1128 mandata
3033 1075 3153 1129 Dei.
3187 1078 3430 1134 Tantam
3481 1091 3681 1137 autem

2037 1163 2193 1235 apud
2227 1164 2409 1218 Deum
2442 1163 2908 1218 familiaritatem
2942 1172 3296 1222 consecutus
3327 1171 3686 1236 est,ut.ima-

2034 1254 2233 1326 ginem
2266 1253 2793 1309 etsimilitudinem
2817 1256 3231 1310 sanctorumin
3248 1258 3440 1328 seipso
3465 1277 3682 1332 reprae-

2037 1353 2301 1415 sentans,
2337 1353 2396 1402 et
2451 1347 2593 1402 feris
2651 1347 2994 1418 imperaret,
3054 1355 3112 1403 et
3166 1350 3340 1421 plura
3396 1354 3687 1412 miracula

2035 1441 2317 1509 patraret.
2354 1435 2570 1490 Habuit
2599 1442 2796 1491 autem
2832 1442 2891 1491 et
2935 1437 3172 1492 asinum
3204 1439 3276 1493 ad
3332 1443 3684 1510 portandam

2027 1521 2250 1597 aquam
2277 1525 2389 1582 sibi
2422 1525 3078 1597 subservientem,quod
3104 1528 3208 1584 illa
3237 1545 3272 1584 a
3301 1529 3429 1584 loco
3452 1531 3685 1604 longius

2033 1615 2288 1680 abesset.
2321 1614 2471 1680 Quin
2503 1619 2563 1670 et
2586 1613 2768 1678 leoni,
2802 1615 2903 1686 qui
2946 1631 3016 1670 ex
3036 1623 3238 1673 monte
3268 1617 3676 1692 descenderat,

2032 1704 2350 1776 ipsumque
2383 1703 2802 1772 adierat,oculi
2837 1705 2926 1760 sui
2955 1705 3113 1779 ligno
3146 1711 3413 1779 percussi
3431 1713 3684 1767 curatio-

2033 1811 2171 1850 nem
2203 1795 2833 1866 petiturus,postquam
2865 1795 3036 1850 illum
3069 1805 3354 1864 curasset,
3378 1803 3681 1873 praecepit,

2031 1893 2099 1943 ut
2117 1887 2353 1942 asinum
2385 1885 2459 1940 ad
2491 1902 2709 1957 pascua
2738 1886 2998 1941 duceret.
3025 1888 3215 1952 Quare
3237 1891 3494 1962 capistro
3512 1892 3684 1947 illum

2034 1975 2299 2039 trahens,
2322 1971 2624 2046 pascebat.
2657 1975 2800 2030 Cum
2827 1991 2962 2030 vero
2990 1976 3312 2048 aliquando
3335 1979 3507 2034 leone
3538 1981 3682 2035 dor-

2031 2066 2252 2122 miente
2284 2063 2420 2118 illac
2469 2069 2956 2135 pertranseuntes
2987 2067 3385 2137 negotiatores
3441 2069 3679 2124 asinum

2031 2153 2783 2224 abstulissent,suspicatus
2815 2154 3154 2209 Gerasimus
3168 2157 3211 2212 ὗ
3248 2155 3483 2212 leonem
3507 2157 3680 2214 illum

2032 2244 2369 2308 devorasse,
2404 2242 2476 2298 ad
2508 2259 2724 2313 aquam
2753 2259 2857 2313 pro
2909 2259 2977 2298 eo
3032 2246 3479 2302 convehendam
3511 2248 3677 2304 dam-

2030 2334 2194 2389 navit
2213 2349 2225 2386 :
2243 2331 2400 2404 quod
2415 2337 2472 2386 et
2493 2332 2602 2389 ille
2633 2331 2827 2386 facere
2859 2333 3120 2403 perrexit.
3149 2350 3336 2405 usque
3359 2336 3432 2390 ad
3454 2335 3682 2392 obitum

2032 2425 2212 2482 senis.
2247 2425 2394 2479 Cum
2425 2428 2625 2480 autem
2686 2423 2736 2477 is
2791 2423 2910 2477 vita
2963 2423 3203 2480 functus
3259 2425 3490 2498 fuisset,
3551 2428 3678 2500 ipse

2032 2518 2212 2575 etiam
2245 2532 2424 2589 super
2454 2515 2583 2588 ejus
2609 2513 2905 2581 tumulum
2927 2516 3300 2572 exanimatus
3327 2519 3608 2575 concidit.

2247 2607 2322 2661 Et
2349 2606 2613 2660 memoria
2641 2607 2820 2661 sancti
2852 2607 3036 2661 Patris
3065 2609 3240 2662 nostri
3268 2608 3465 2665 Marci.

2104 2723 2352 2778 Sanctus
2366 2723 2592 2777 Marcus
2614 2721 2834 2778 laboris
2848 2722 2909 2778 in
2931 2724 3211 2780 omnibus
3231 2729 3682 2788 amantissimus

2031 2817 2180 2876 erat,
2213 2811 2512 2882 simulque
2546 2816 2732 2866 totum
2765 2828 2828 2867 se
2876 2812 3208 2869 divinarum
3242 2816 3680 2889 Scripturarum

2031 2904 2407 2962 meditationi
2435 2904 2650 2970 dabat;
2675 2903 2831 2959 unde
2864 2904 2939 2960 ad
2971 2923 3273 2963 summum
3294 2910 3529 2968 virtutis
3551 2914 3680 2969 cul-

2031 3015 2170 3054 men
2202 2996 2490 3068 pervenit.
2512 2995 2679 3051 Clara
2709 2997 2888 3067 hujus
2919 2999 3002 3052 rei
3025 2999 3194 3070 signa
3225 3007 3364 3055 sunt
3396 3008 3521 3057 tum
3544 3005 3681 3060 libri

2030 3088 2307 3146 utilitatis
2339 3088 2501 3160 pleni
2531 3088 2603 3144 ab
2635 3089 2764 3160 ipso
2813 3089 2885 3144 de
2944 3090 3156 3145 virtute
3185 3094 3528 3164 conscripti.
3555 3102 3682 3152 tum

2033 3179 2459 3236 miraculorum
2490 3179 2562 3234 ab
2603 3180 2812 3236 eodem
2871 3185 3236 3252 patratorum
3295 3186 3501 3255 gratia.
3536 3187 3683 3243 Cum

260 3259 494 3341 τυφλὸν,
521 3259 612 3316 καὶ
650 3261 901 3334 σχήματι
930 3263 1171 3330 ταπεινῷ
1229 3259 1421 3314 ὡσανεὶ
1477 3256 1653 3315 ἐδέετο
1696 3258 1918 3326 ἐλεῆσαι

2036 3271 2194 3325 enim
2223 3269 2550 3341 aliquando
2578 3272 2842 3340 quietam
2864 3271 2926 3326 in
2981 3288 3219 3327 secessu
3249 3273 3426 3329 vitam
3457 3284 3677 3348 ageret,

261 3355 364 3422 τὴν
401 3349 679 3428 τύφλωσιν
710 3352 810 3404 τοῦ
839 3349 1029 3402 τέκνου
1061 3347 1252 3418 αὐτῆς.
1309 3348 1372 3405 Ὁ
1431 3345 1489 3403 δὶ
1539 3349 1700 3424 γνοὺς
1753 3344 1914 3407 ἔπτυ-

270 3463 358 3496 σεν
378 3441 456 3502 εἷς
484 3439 611 3504 τοὺς
639 3435 964 3510 ὀφθαλμοὺς
1023 3436 1206 3508 αὐτοῦ,
1263 3437 1353 3494 καὶ
1412 3437 1666 3510 ἰποίησεν
1725 3439 1919 3504 αὐτοὺς

276 3531 466 3605 δγιεῖς.
521 3529 668 3584 Πιτᾶ
714 3530 926 3603 ἡμέρας
983 3524 1042 3582 δὶ
1123 3526 1292 3583 πάλιν
1349 3527 1578 3584 ἐλθοῦσα
1635 3530 1671 3600 ἡ
1741 3529 1914 3604 ὕαινα,

277 3621 594 3693 προσήγαγε
673 3615 844 3692 δέρμα
901 3621 1061 3692 κριοῦ
1120 3616 1363 3692 μεγάλου
1431 3621 1512 3690 τῷ
1565 3617 1708 3692 ἁγίῳ
1741 3663 1756 3689 ,
1811 3627 1916 3689 τῆς

275 3706 519 3779 ἰατρείας
548 3705 900 3780 ἀντιμισθίαν.
934 3706 998 3764 Ὀ
1029 3703 1087 3760 δὲ
1140 3704 1204 3760 ού
1251 3703 1514 3781 πρότερον
1545 3701 1730 3762 λαϐεῖν
1783 3730 1914 3764 κατ-

272 3793 512 3870 εδέξατο,
569 3791 668 3857 ἕως
717 3799 777 3851 τὸ
848 3794 1037 3868 θηρίον
1101 3794 1366 3870 ὑπέσχετο
1430 3799 1623 3868 μηκέτι
1663 3793 1913 3873 πρόϐατα

268 3889 513 3957 πενήτων
575 3885 857 3961 βλάπτειν.
903 3886 967 3942 ὐ
1024 3883 1082 3940 δὲ
1137 3884 1358 3960 περὶτὰ
1416 3883 1595 3960 ἄλογα
1630 3891 1909 3957 τοιοῦτος,

261 3977 507 4038 ποταπὸς
535 3973 596 4030 ἂν
625 3974 694 4044 ἦν
752 3975 892 4049 πρὸς
948 3972 1268 4047 ἀνθρώπους
1302 3992 1317 4043 ;
1373 3973 1518 4030 οὕτω
1554 3977 1656 4052 γὰρ
1713 3976 1782 4046 ἦν
1812 3998 1912 4032 κα..

259 4066 446 4138 θαρὸς,
478 4064 554 4126 ὡς
580 4063 676 4120 τὸν
703 4059 1070 4138 πρεσϐύτερον
1117 4069 1219 4132 τῆς
1254 4069 1429 4136 μονῆς
1479 4062 1684 4139 λέγειν,
1746 4064 1911 4140 μηδὲ-

262 4175 396 4210 ποτε
423 4155 589 4210 αὐτὸν
621 4150 946 4227 μεταδοῦναι
996 4151 1282 4216 κοινωνίας
1341 4157 1422 4225 τῷ
1471 4154 1706 4228 Μάρκῳ,
1763 4154 1912 4212 ἀλλὰ

261 4243 426 4318 Χεῖρα
473 4242 713 4320 ἇγγὲλου
759 4242 1018 4317 παρέχειν
1075 4241 1222 4316 αὐτῷ
1287 4240 1516 4314 ταύτην.
1574 4244 1800 4301 Ἑκατὸν
1850 4244 1910 4304 δὲ

264 4335 478 4409 χρόνων
507 4334 773 4410 γεγονὼς,
806 4331 1124 4404 ἰτεΑειώθη.

2033 3359 2285 3416 accessit
2313 3359 2386 3414 ad
2417 3358 2585 3414 illum
2614 3359 2845 3431 hyaena,
2882 3367 3203 3431 apportans
3225 3364 3485 3418 catulum
3507 3383 3681 3422 suum

2033 3466 2278 3516 caacum,
2313 3449 2687 3521 supplicique
2717 3455 2884 3522 gestu
2916 3451 3110 3520 ipsum
3158 3453 3384 3526 rogavit
3412 3461 3477 3509 ut
3506 3458 3678 3512 caeci-

2031 3540 2169 3595 tatis
2199 3543 2404 3612 partus
2432 3539 2520 3594 sui
2543 3539 2948 3594 misereretur.
2973 3541 3138 3606 Quod
3171 3542 3272 3599 ille
3303 3545 3679 3604 animadver-

2029 3635 2186 3696 tens,
2215 3647 2348 3686 cum
2372 3631 2433 3685 in
2467 3633 2597 3701 ejus
2622 3631 2824 3686 oculos
2855 3633 3433 3703 conspuisset,sanos
3464 3640 3677 3695 effecit.

2033 3721 2248 3790 Hyama
2269 3720 2554 3790 postridie
2587 3727 2909 3788 revertens,
2944 3722 3202 3793 ingentis
3223 3725 3426 3781 arietis
3454 3729 3674 3798 pellem

2030 3808 2090 3862 in
2125 3809 2397 3863 sanitatis
2415 3808 2644 3864 collatae
2660 3811 3208 3866 remunerationem
3224 3820 3426 3869 sancto
3440 3817 3639 3872 attulit
3663 3835 3676 3872 :

2030 3915 2210 3969 quam
2241 3899 2292 3954 is
2322 3916 2444 3955 non
2474 3901 2638 3971 prius
2669 3900 2940 3971 accipere
2971 3901 3174 3968 voluit,
3197 3920 3375 3974 quam
3403 3908 3521 3962 fera
3547 3926 3679 3980 pro.

2028 3988 2314 4055 mitteret,
2347 4005 2409 4044 se
2440 4005 2749 4060 nunquam
2772 4006 3102 4061 pauperum
3134 3991 3340 4048 ovibus
3372 3994 3683 4052 insidiatu-

2026 4093 2172 4132 ram.
2211 4077 2376 4142 Quod
2435 4078 2483 4133 si
2541 4095 2678 4151 erga
2734 4079 3106 4135 irrationalia
3169 4083 3453 4140 animalia
3500 4087 3680 4143 talem

2028 4164 2292 4221 ostendit
2321 4168 2620 4230 affectum,
2647 4167 2886 4238 qualem
2917 4171 3252 4226 censendus
3272 4179 3362 4226 est
3393 4173 3672 4233 habuisse

2028 4271 2167 4328 erga
2197 4256 2471 4311 homines
2487 4257 2708 4312 ?Tanta
2734 4265 2931 4314 autem
2956 4260 3149 4314 inerat
3179 4261 3229 4314 ei
3254 4251 3676 4321 munditiesut

2025 4343 2336 4416 presbyter
2363 4345 2477 4400 loci
2509 4345 2854 4410 afﬁrmaret,
2891 4364 2953 4402 se
2977 4365 3283 4420 nunquam
3308 4353 3496 4408 Marco
3519 4370 3679 4409 com-

258 4426 609 4482 munionem
640 4423 989 4498 prrebuisse,
1022 4423 1127 4480 sed
1155 4422 1354 4498 angeli
1402 4440 1584 4484 manu
1633 4432 1968 4498 porrectam
2033 4433 2087 4488 ei
2114 4433 2318 4489 fuisse.
2352 4435 2600 4490 Demum
2632 4438 2958 4493 centesimo
2991 4439 3182 4494 aetatis
3207 4456 3365 4496 anno
3396 4443 3513 4498 vita
3540 4444 3679 4500 fun-

255 4521 386 4574 ctus
408 4520 522 4573 est.

329 4604 435 4662 Καὶ
463 4601 743 4674 ’Δθλησις
771 4605 888 4690 τῷν
945 4601 1114 4679 ἁγίων
1179 4601 1468 4680 μαρτύρων
1524 4602 1768 4674 Παύλου,
1827 4605 1914 4662 καὶ

2092 4614 2163 4668 Ει
2190 4618 2491 4671 certamen
2525 4620 2868 4672 sanctorum
2919 4622 3250 4690 martyrum
3283 4621 3472 4686 Pauli,
3503 4640 3678 4680 soro-

256 4693 571 4761 ’ῐουλιανῆς
611 4697 716 4763 τῆς
773 4688 1018 4770 ἀδελφῆς
1061 4692 1259 4760 αὐτοῦ,
1315 4693 1408 4748 καὶ
1468 4693 1838 4768 Στρατονίκου
1868 4694 1922 4750 ἰν

258 4778 621 4856 Πτολεμαΐδι.

804 4871 983 4928 nam
1019 4873 1121 5015 τςὲ
1144 4869 1350 4951 Αττᾳ.

475 5047 754 5120 ’Δθλησις
779 5049 880 5104 τοῦ
909 5047 1069 5125 ἁγίου
1103 5047 1382 5126 μάρτυρος
1404 5046 1709 5126 Εύλογίου.

334 5165 624 5244 Εύλόγιος,
657 5167 687 5224 ὸ
728 5168 827 5223 τοῦ
857 5168 1116 5240 Χριστοῦ,
1151 5165 1383 5241 μάρτυς,
1413 5165 1482 5236 ἧν
1543 5167 1640 5242 μὶν
1700 5165 1762 5224 ἑκ
1815 5175 1919 5240 τῆς

260 5257 450 5333 χώρας
478 5254 874 5325 Παλαιστίνης,
904 5254 1022 5317 υἱὸς
1052 5251 1335 5311 πλουσίων
1363 5254 1918 5330 γονὲων,εἱδωλολα-

250 5350 395 5424 τρῶν
428 5345 510 5405 δὲ.
548 5345 724 5410 Αύτὸς
750 5342 828 5412 δὶ,
875 5343 1162 5408 πιστεύσας
1217 5348 1297 5416 τῷ
1353 5348 1604 5419 Χριστῷ,
1663 5347 1753 5402 καὶ
1808 5348 1915 5424 βα-

255 5439 525 5510 πεισθεὶς,
569 5436 711 5512 μετᾶ
759 5435 986 5500 θάνατον
1041 5438 1150 5490 τῶν
1203 5433 1410 5510 γονέων
1437 5435 1627 5502 αὐτοῦ,
1659 5434 1914 5512 διασκορο

251 5530 417 5594 πίσας
443 5530 540 5586 τὸν
572 5527 820 5584 πλοῦτον
868 5524 1034 5582 αὑτοῦ
1063 5523 1240 5581 πολὺν
1272 5519 1399 5580 ὅντα
1455 5525 1533 5590 εἰς
1587 5525 1716 5590 τοὺς
1743 5527 1918 5600 πὲνη-

251 5641 364 5691 τας,
424 5619 517 5678 καὶ
583 5614 723 5676 ὶκῶν
786 5613 878 5672 διὰ
936 5616 1137 5687 Κύριον
1197 5614 1547 5691 πτωχεύσας,
1578 5618 1914 5694 περιήρχετο

240 5712 376 5770 κατὰ
409 5714 590 5769 πᾶσαν
624 5705 796 5763 πόλιν
831 5702 923 5760 καί
951 5703 1162 5780 χώραν,
1195 5699 1464 5760 διδάσκων
1494 5703 1622 5768 τοὺς
1650 5704 1912 5770 ἀπίστους

2033 4702 2236 4775 risque
2263 4705 2393 4777 ejus
2421 4705 2671 4762 Iuliana)
2705 4723 2719 4762 :
2752 4711 2812 4782 et
2841 4707 3159 4764 Stratonici
3217 4710 3280 4765 in
3318 4711 3464 4768 urbe
3495 4714 3684 4771 Ptole-

2032 4791 2251 4849 maide.

2591 4885 2834 4942 EODEM
2864 4886 3116 4942 MENSE.

2692 4975 2797 5031 Die
2829 4975 3040 5048 quinta

2317 5063 2602 5121 Certamen
2657 5066 2834 5121 sancti
2886 5068 3148 5138 martyris
3184 5062 3430 5140 EulOgii.

2103 5169 2383 5245 Eulogius
2441 5171 2658 5228 Christi
2710 5177 2936 5244 martyr
2993 5179 3121 5231 erat
3177 5191 3250 5232 ex
3306 5176 3548 5250 regione
3580 5178 3682 5234 Pa-

2030 5259 2302 5326 laastinac,
2331 5265 2648 5332 parentum
2671 5261 2913 5333 quidem
2947 5263 3216 5332 divitum,
3269 5265 3372 5320 sed
3425 5265 3681 5321 idolola-

2029 5355 2253 5404 trarum
2291 5349 2451 5405 ﬁlius
2487 5367 2500 5404 :
2534 5350 2661 5421 ipse
2691 5367 2852 5415 vero,
2887 5352 3104 5406 Christi
3139 5352 3315 5408 ﬁdem
3349 5353 3681 5424 amplexus,

2027 5437 2494 5510 baptizatusque.
2529 5445 2664 5511 post
2693 5445 3011 5512 parentum
3036 5440 3262 5495 obitum
3305 5440 3541 5496 divitias
3568 5441 3682 5496 sibi

2027 5526 2503 5600 quamplurimas
2534 5528 2772 5584 relictas
2823 5529 2885 5583 in
2917 5544 3209 5600 pauperes
3266 5528 3592 5592 distribuit,
3626 5535 3686 5584 et

2027 5615 2284 5671 libenter
2310 5623 2552 5689 propter
2583 5618 2897 5674 Dominum
2957 5616 3351 5672 mendicando
3383 5617 3679 5687 victitans,

2026 5721 2135 5780 per
2160 5721 2401 5764 omnem
2431 5709 2728 5784 civitatem
2749 5707 3170 5780 regionemque
3188 5704 3563 5778 circumibat,
3593 5707 3682 5764 in-
