4132 6428
443 395 564 454 339

1734 375 2165 437 MENOLUGH
2215 376 2415 439 PARS
2462 381 2565 440 lll.

3749 380 3872 442 340

452 525 661 586 ﬁdeles
701 523 944 580 verbum
985 516 1201 573 Christi
1255 515 1496 582 docens,
1527 514 1843 585 mulosque
1902 529 1972 568 ex
2020 512 2094 567 iis

2234 510 2302 566 τὸν
2336 509 2504 588 λόγον
2529 517 2628 569 τοῦ
2663 514 2924 588 Χριστοῦ,
2982 509 3074 568 καὶ
3130 508 3386 572 πολλοὺς
3444 507 3498 580 ιε
3535 506 3718 563 αὐτῶν
3748 509 3870 568 ἐπι.

453 617 892 673 convertens.et
922 607 1226 679 baptizans
1257 605 1320 660 in
1342 605 1586 660 nomine
1617 605 1832 669 Patris,
1865 609 1924 660 et
1952 602 2106 669 Filii,

456 713 516 762 et
539 704 793 775 Spiritus
817 697 1026 754 sancti.
1070 695 1236 761 Quod
1284 711 1420 750 cum
1468 695 1712 762 faceret,
1763 693 2110 750 abidolola-

454 795 564 850 tris
594 789 752 864 apud
783 788 1116 861 principem
1148 784 1408 856 regionis
1430 784 1700 855 proditus
1729 790 2112 856 est,compre-

453 883 822 950 hensusque,
856 877 1053 932 eidem
1086 876 1134 930 θ
1194 874 1460 929 sistitur:
1521 873 1918 946 interrogatus
1952 891 2112 941 vero,

453 972 643 1028 libere
693 969 992 1024 Christum
1053 964 1366 1020 confessus
1429 967 1538 1019 est.
1601 965 1791 1029 Quare
1850 965 2113 1022 vestibus

457 1066 764 1125 exutus,ac
783 1057 956 1114 siccis
975 1056 1156 1111 boum
1188 1054 1382 1110 nervis
1404 1053 1728 1109 crudeliter
1748 1054 2112 1126 verberatus,

459 1149 925 1222 compulsusque
955 1146 1255 1201 Christum
1287 1143 1603 1216 abnegare,
1635 1148 1694 1199 et
1724 1143 1900 1199 idolis
1930 1145 2115 1200 sacri-

461 1241 663 1308 ficare,
714 1254 850 1294 cum
889 1235 1139 1306 obsequi
1194 1234 1507 1300 noluisset,
1578 1235 1868 1306 principis
1914 1236 2113 1307 jussu,

461 1345 631 1386 sacro
663 1326 859 1400 capite
893 1324 1182 1396 abscisso,
1208 1323 1270 1378 in
1304 1322 1516 1379 eodem
1547 1321 1679 1378 loco
1711 1323 1980 1396 sepultus
2001 1329 2110 1380 est.

534 1512 607 1567 Et
629 1508 922 1567 memoria
947 1506 1138 1563 sancti
1157 1504 1348 1562 Patris
1362 1504 1549 1561 nostri
1569 1505 1831 1578 Gregorii
1854 1504 2118 1579 episcopi

465 1599 829 1657 Constantiae
859 1599 922 1656 in
951 1599 1143 1671 Cypro
1167 1613 1180 1652 :
1206 1613 1318 1652 nec
1371 1612 1492 1652 non
1521 1595 1813 1652 memoria
1841 1595 2117 1670 Ilesychii

470 1695 710 1749 essetin.

1032 1775 1271 1832 EODEM
1309 1773 1565 1830 MENSE.

1154 1865 1258 1920 Die
1295 1867 1460 1920 sexta

586 1957 867 2015 Certamen
915 1956 1098 2013 sancti
1125 1955 1389 2024 martyris
1420 1952 1656 2011 Cononis
1691 1954 1751 2010 in
1796 1955 2020 2016 Isauria

539 2122 789 2179 Sanctus
818 2121 929 2177 iste
960 2121 1166 2177 Conon
1190 2119 1558 2193 temporibus
1598 2125 1941 2179 sanctorum
1972 2141 2118 2199 apo-

461 2211 775 2273 stolorum,
809 2215 936 2266 erat
962 2227 1030 2266 ex
1060 2210 1301 2278 regione
1331 2209 1571 2264 Isauriae
1618 2211 1930 2268 oriundus.
1964 2215 2111 2272 Cum

457 2309 659 2360 autem
688 2303 1062 2358 Christianus
1094 2306 1271 2371 esset,
1320 2301 1561 2357 feminaa
1619 2319 1798 2374 quam
1845 2304 2119 2378 duxerat,

461 2400 784 2466 antequam
817 2392 1226 2457 convenirent,
1261 2391 1559 2463 persuasit
1613 2399 1680 2449 ut
1734 2394 1909 2451 ambo
1951 2396 2119 2470 virgi-

461 2485 710 2540 nitatem
744 2487 1085 2539 servarent:
1121 2498 1305 2553 quare
1329 2499 1466 2538 cum
1505 2482 1611 2538 illa
1640 2485 1892 2555 perinde
1923 2501 1991 2541 ac
2031 2504 2121 2543 so-

459 2589 594 2628 rore
660 2577 926 2627 versatus
973 2574 1081 2626 est.
1140 2572 1356 2625 Ducem
1403 2588 1580 2642 porro
1642 2573 1852 2628 salutis
1915 2573 2124 2631 habuit

460 2662 952 2734 archistratogam
985 2659 1354 2727 Michaelem,
1377 2661 1475 2731 qui
1498 2666 1556 2715 et
1581 2661 1749 2716 illum
1780 2662 2120 2734 baptizavit,

461 2757 519 2809 et
549 2757 772 2807 sancta:
829 2750 1136 2805 Trinitatis
1195 2767 1418 2805 nomen
1479 2751 1737 2818 edocuit,
1799 2752 2116 2826 divinaque

464 2843 659 2898 eidem
693 2842 974 2912 mysteria
1005 2840 1269 2906 tradidit,
1305 2846 1364 2894 et
1393 2841 1465 2895 ad
1518 2842 1700 2898 ﬁnem
1755 2860 1945 2914 usque
2005 2846 2118 2917 ipsi

463 2932 653 2988 adfuit
681 2950 694 2998 ;
729 2931 1020 3002 stupenda
1051 2931 1298 3001 insuper
1319 2930 1607 2987 miracula
1638 2935 1913 3003 patrandi
1933 2935 2120 2990 virtu-

464 3028 582 3077 tem
614 3021 701 3076 illi
733 3021 1004 3076 contulit.
1039 3021 1239 3074 Conon
1263 3020 1462 3092 itaque
1483 3028 1759 3091 parentes
1781 3022 2119 3094 suosbapti-

463 3113 629 3178 zavit,
664 3128 731 3166 ex
764 3111 981 3181 quibus
1013 3113 1222 3165 Nestor
1252 3109 1440 3180 ipsius
1495 3118 1663 3182 pater
1719 3129 1826 3183 pro
1886 3113 2117 3168 Christo

464 3201 816 3272 martyrium
851 3199 1051 3254 subiit.
1080 3199 1189 3254 Sed
1221 3203 1279 3253 et
1303 3198 1672 3255 adversarios
1699 3218 1838 3256 suos
1861 3203 2115 3271 Graecos,

2151 1879 2203 1946 B

2219 602 2483 680 στρέφων,
2535 603 2627 658 καὶ
2662 601 2935 678 βαπτίζων
2989 600 3067 664 εἷς
3125 601 3187 655 τὸ
3245 600 3424 672 ὄνομα
3475 603 3576 654 τοῦ
3632 602 3874 675 Πατρὸς,

2215 690 2306 746 καὶ
2361 696 2458 747 τοῦ
2516 693 2667 758 Υἱοῦ,
2718 691 2809 746 καὶ
2859 695 2958 746 τοῦ
3016 688 3170 764 ἁγίου
3218 687 3563 760 Πνεύματος.
3604 688 3763 746 Οὕτω
3809 687 3868 747 δὲ

2217 789 2390 840 ποιῶν
2422 784 2768 858 κατεμηνύθη
2817 783 2966 859 παρά
3013 786 3120 837 τῶν
3155 779 3578 856 εἶδωλολατρῶν
3634 787 3715 854 τῷ
3768 782 3868 848 τὰς

2219 873 2408 950 χώρας
2440 873 2689 949 ἄρχοντι.
2751 872 2854 930 Καὶ
2911 871 3202 946 κρατηθεὶς
3261 871 3505 946 παρέστη
3540 871 3711 943 αύτῷ.
3763 871 3871 928 Καὶ

2219 961 2516 1038 ἐρωτηθεὶς
2598 961 2940 1037 ὡμολογησε
3037 960 3346 1036 παρῥησιᾳ.
3426 961 3526 1016 Καὶ
3631 957 3872 1025 έκδυθεῖς

2221 1052 2424 1131 έτύφθη
2484 1051 2736 1131 σφοδρῶς
2801 1051 3118 1128 βουνεύροις
3175 1052 3383 1125 ξηροῖς.
3442 1049 3543 1106 Καὶ
3590 1069 3872 1126 κατηναγ-

2219 1144 2394 1214 κάσθη
2445 1145 2782 1218 ἀρνήσασθαι
2836 1142 2932 1214 μὶν
2980 1141 3074 1197 τὸν
3128 1142 3388 1216 Χριστὸν,
3442 1143 3598 1196 θῦσαι
3649 1138 3709 1196 δὲ
3757 1144 3878 1202 τοῖς

2221 1231 2496 1297 εἰδώλοις.
2525 1233 2617 1296 Ὠς
2673 1229 2731 1286 δὲ
2759 1231 2861 1287 οὐκ
2916 1229 3162 1301 ἐπείσθη,
3220 1232 3511 1305 προστάξει
3539 1234 3636 1286 τοῦ
3667 1228 3878 1305 ἄρχον-

2219 1343 2336 1393 τος,
2368 1323 2468 1392 τήν
2495 1323 2646 1398 ἱερὰν
2702 1321 2866 1379 αὐτοῦ
2921 1319 3166 1399 κεφαλὴν
3223 1321 3539 1396 ἀπετμήθη,
3571 1320 3760 1397 ταφεὶς
3820 1318 3875 1376 ἐν

2221 1413 2373 1486 αὐτῷ
2401 1417 2480 1486 τῷ
2508 1412 2690 1486 τόπῳ.
3145 1465 3148 1468 .

2295 1503 2396 1558 Kui
2457 1504 2653 1576 μνήμη
2709 1505 2806 1556 τοῦ
2863 1499 3016 1556 όσίου
3074 1506 3286 1573 Πατρος
3341 1501 3502 1574 ἡμῶν
3563 1497 3882 1576 Γρηγορίου

2228 1591 2530 1648 ἐπισκόπου
2583 1589 2960 1655 Κωνσταντίας
3042 1595 3142 1660 τῆς
3207 1588 3456 1665 Κύπρου.
3515 1587 3616 1644 Καὶ
3675 1589 3876 1661 μνήμη

2221 1679 2490 1758 Ἦσυχίου
2516 1682 2777 1752 ἀσκητοῦ.

2782 1777 2960 1837 ΜΗΝΙ
2988 1780 3081 1836 ΤΩ
3115 1780 3316 1838 ΔῙἿὮ.

2343 1965 2620 2039 ’Δθλησις
2648 1971 2747 2023 τοῦ
2777 1966 2940 2042 ἁγίουΔ
2976 1881 3250 2042 μέρτυρος
3296 1962 3551 2028 Κόνωνος
3595 1966 3695 2020 τοῦ
3725 1963 3780 2018 έν

2929 2037 3071 2098 Ἰσαυ
3077 2059 3106 2110 ρ
3115 2037 3168 2110 ίᾴ
3179 2082 3190 2093 .

2305 2127 2431 2185 Ἐπὶ
2460 2131 2569 2184 τῶν
2599 2128 2816 2204 χρόνων
2856 2059 3190 2203 τῶύσέιγείιῖ.
3235 2121 3560 2182 ἀποστόλων
3617 2125 3686 2196 ἦν
3731 2121 3899 2189 οὗτος

2231 2217 2260 2272 ὁ
2319 2217 2471 2292 ἅγιος
2526 2219 2732 2287 Κόνων,
2792 2217 2852 2273 ἐκ
2905 2224 3007 2287 τῆς
3035 2217 3228 2288 χώρας
3287 2215 3577 2291 Ἰσαυρίαςο
3621 2217 3896 2290 Χριστια-

2231 2305 2324 2367 νὸς
2359 2302 2420 2361 δὲ
2447 2302 2522 2360 ὢν
2549 2305 2881 2376 συνεζεύχθη
2941 2303 3180 2380 γυναικί’
3242 2302 3390 2360 ἀλλὰ
3441 2303 3568 2379 πρὶν
3627 2300 3664 2372 ἤ
3698 2309 3892 2357 συνελ-

2231 2399 2344 2459 θεῖν
2408 2395 2573 2468 αύτῇ,
2640 2393 2832 2456 πείσας
2908 2393 3255 2468 παρθενεύειν
3339 2399 3504 2463 συνῆν
3586 2393 3728 2466 αὐτῇ
3813 2391 3898 2456 ὡς

2229 2481 2462 2561 ἀδελφῇ.
2498 2481 2782 2560 Ὠδηγεῖτο
2812 2481 2870 2539 δὶ
2900 2484 3002 2539 ὑπὸ
3030 2488 3128 2538 τοῦ
3157 2483 3608 2558 ἀρχιστρατήγου
3648 2478 3891 2556 Μιχαὴλ

2226 2577 2325 2628 τοῦ
2354 2573 2442 2628 καὶ
2474 2574 2835 2650 βαπίσαντος
2885 2573 3075 2640 αὐτὸν,
3123 2572 3214 2627 καὶ
3268 2573 3332 2628 τὸ
3363 2578 3462 2642 τῆς
3525 2570 3677 2644 ἁγίας
3708 2568 3892 2644 Τριά-

2229 2659 2320 2724 δος
2369 2658 2545 2735 ὄνομα
2603 2660 2938 2736 διδάξαντος,
3008 2661 3098 2718 καὶ
3154 2667 3262 2718 τῶν
3351 2660 3508 2726 θείων
3567 2659 3891 2735 μυστηρίων

2227 2751 2376 2824 αύτῷ
2428 2749 2777 2826 μεταδόντος,
2831 2753 2922 2807 καὶ
2981 2751 3147 2827 μέχρι
3209 2749 3403 2816 τέλους
3449 2751 3731 2822 συνόντος,
3798 2748 3896 2804 καὶ

2224 2846 2332 2898 τῶν
2367 2841 2685 2916 παραδόξων
2726 2841 3020 2916 θαυμάτων
3076 2843 3177 2912 τὴν
3230 2843 3502 2919 ὖνέργειαν
3566 2846 3893 2918 χορηγοῦν-

2223 2952 2339 2993 τος.
2369 2927 2660 2989 Ἐϐάπτισε
2695 2930 2753 2986 δὲ
2783 2933 2873 2987 καὶ
2928 2933 3056 2996 τοὺς
3109 2937 3290 3008 γονεῖς
3351 2931 3540 3002 αὐτοῦ,
3572 2931 3623 3002 ἐξ
3680 2931 3742 2986 οὗ
3793 2929 3888 2985 καὶ

2226 3021 2254 3077 ὁ
2285 3023 2466 3098 πατὴρ
2501 3023 2665 3077 αὐτοῦ
2718 3023 2938 3098 Νέστωρ
3003 3023 3138 3097 ὑπὲρ
3190 3027 3426 3096 Χριστοῦ
3485 3019 3884 3097 ἐμαρτύρησεν.

2227 3102 2405 3169 Ἀλλά
2456 3112 2546 3168 xui
2603 3111 2733 3176 τοὺς
2789 3113 3215 3184 ἀνθισταμένους
3245 3111 3392 3184 αύτῷ
3436 3107 3743 3182 ⁸Ἐλληνας,
3790 3107 3883 3166 καὶ

2228 3197 2494 3275 λέγοντας
2557 3203 2632 3276 μή
2699 3203 2836 3256 εἶναι
2895 3199 3078 3278 ἓτερον
3109 3202 3236 3257 Θεὸν
3297 3199 3447 3270 πλὴν
3477 3204 3584 3256 τῶν
3615 3198 3891 3271 εἰδώλων,

465 3297 523 3346 et
553 3270 924 3346 affirmantes
955 3293 1172 3360 praeter
1215 3287 1373 3343 idola
1429 3289 1663 3345 nullum
1723 3308 1852 3346 esse
1910 3293 2119 3360 Deum,

2236 3270 2415 3347 ἔπεισε
2471 3270 2568 3348 xui
2610 3270 3004 3368 παρεσκεύασεν
3062 3290 3408 3366 ὁμολογῆσαι
3473 3288 3688 3367 μεγάλῃ
3740 3292 3900 3370 φωνῇ

465 3381 723 3437 convicit
753 3380 1170 3450 persuasitque
1202 3384 1267 3432 ut
1296 3378 1418 3434 alta
1447 3396 1586 3435 voce
1631 3380 1929 3436 Christum
1980 3399 2124 3437 con-

465 3470 983 3540 ﬁterentur,atque
1015 3468 1322 3524 dicerent:
1348 3469 1513 3524 Unus
1541 3475 1631 3524 est
1659 3471 1918 3526 Cononis
1944 3473 2122 3526 Deus.

465 3562 778 3616 Dmmonas
810 3576 1046 3630 quoque
1082 3559 1313 3632 subegit
1343 3577 1356 3614 :
1391 3565 1449 3614 et
1478 3559 1579 3614 alii
1639 3562 1878 3632 quidem
1905 3563 1976 3618 ab
2019 3562 2124 3618 illo

467 3650 800 3724 agrestibus
819 3649 1037 3704 addicti
1064 3654 1205 3703 sunt
1236 3648 1511 3712 locis,alii
1535 3666 1670 3705 vero
1694 3650 2123 3707 doliisinclusi.

467 3743 773 3796 Postremo
804 3755 840 3793 a
889 3737 1142 3808 praeside
1193 3739 1676 3808 comprehensus,
1711 3745 1769 3793 et
1809 3740 2127 3811 quaestioni

471 3828 797 3898 subjectus,
832 3826 935 3881 sed
966 3843 1000 3880 a
1025 3825 1246 3897 populo
1278 3833 1625 3881 accurrente
1657 3826 1966 3895 liberatus,
1992 3846 2127 3885 cum

472 3915 787 3972 biennium
819 3915 1256 3987 supervixisset,
1296 3915 1473 3970 vitam
1507 3918 1964 3974 consummavit.

536 4034 606 4088 Et
636 4037 913 4086 certamen
941 4033 1122 4086 sancti
1159 4033 1417 4101 martyris
1451 4031 1688 4089 Cononis
1743 4033 2054 4091 hortulani.

541 4192 645 4248 Hic
677 4191 852 4246 Decio
887 4193 1222 4262 imperante
1245 4207 1314 4246 ex
1342 4192 1621 4248 Nazareth
1645 4193 1900 4249 Galileeaa
1924 4196 2130 4251 oriun-

473 4283 584 4338 dus
616 4287 760 4338 erat.
794 4283 860 4336 In
884 4281 1178 4353 regionem
1211 4297 1345 4336 vero
1397 4282 1760 4354 Pamphyliaa
1805 4284 2126 4356 profectus,

473 4373 748 4446 exiguum
781 4377 953 4427 terrea
988 4371 1185 4427 locum
1219 4370 1517 4438 excolens,
1544 4378 1603 4427 et
1627 4372 1688 4427 in
1719 4373 1960 4429 hortum
1985 4392 2129 4431 con-

2226 3381 2320 3436 τὸν
2368 3383 2626 3456 Χριστὸν⁹
2683 3381 2774 3437 καὶ
2836 3381 3028 3436 εἰπεῖν’
3065 3383 3160 3442 Εἷς
3211 3381 3341 3442 Θεὸς
3373 3382 3401 3437 ὁ
3457 3381 3735 3442 Κόνωνος.
3769 3381 3894 3435 ’Υπ-

2232 3471 2379 3542 έταξε
2410 3469 2468 3526 δὲ
2523 3471 2613 3526 καὶ
2663 3470 2790 3533 τοὺς
2849 3467 3132 3545 δαίμονας·
3191 3469 3281 3524 xui
3332 3470 3384 3524 oi
3447 3470 3543 3544 μὶν
3591 3468 3889 3546 ἐφύλαττον

2229 3561 2362 3625 τοὺς
2419 3560 2642 3637 ἀγρούς·
2707 3561 2760 3615 οἱ
2809 3558 2866 3616 δὲ
2919 3557 3333 3631 ἐνεκλείσθησαν
3389 3559 3466 3622 εἷς
3506 3559 3722 3623 πίθους.
3755 3561 3892 3616 Εἶτα

2232 3649 2522 3726 κρατηθεὶς
2555 3648 2703 3723 παρά
2734 3653 2832 3704 τοῦ
2883 3647 3154 3724 ἄρχοντος
3212 3645 3558 3725 ἐτιμωρεῖτο.
3594 3647 3697 3706 Καὶ
3755 3645 3888 3723 δρα-

2237 3740 2355 3814 μὼν
2384 3741 2411 3794 ὁ
2445 3738 2600 3813 λαὸς,
2627 3737 2974 3814 ἐλυτρώσατο
3004 3737 3192 3795 αὐτόν.
3227 3738 3330 3795 Καὶ
3385 3739 3550 3810 ζήσας
3605 3736 3702 3810 ἔτη
3762 3733 3883 3810 δύο,

2233 3825 2529 3900 ἰτελειώθη
2545 3873 2557 3885 .

2341 4028 2446 4087 Καὶ
2477 4025 2710 4100 ἄθΛησις
2733 4031 2830 4083 τοῦ
2863 4026 3022 4104 ἁγίου
3073 4028 3348 4110 μάρτυρος
3389 4024 3647 4088 Κόνωνος
3678 4028 3777 4081 τοῦ

2907 4119 3220 4172 κηπουρου.

2308 4191 2480 4252 Οὗτὸς
2509 4191 2574 4261 ἦν
2607 4189 2696 4246 ἐπὶ
2725 4197 2825 4260 τῆς
2860 4189 3138 4268 βασιλείας
3169 4189 3360 4246 Δεκίου
3392 4187 3453 4244 ἐκ
3496 4187 3745 4263 Ναζαρὲτ
3791 4191 3892 4258 τῆς

2237 4276 2555 4342 Γαλιλαίας.
2586 4279 2796 4343 Ἐλθὼν
2854 4276 2913 4334 δὶ
2968 4278 3046 4342 εἷς
3101 4278 3200 4346 τήν
3265 4275 3456 4353 χώράν
3511 4283 3613 4346 τῆς
3658 4283 3893 4355 Παμφυ-

2238 4369 2498 4437 λίας,καὶ
2556 4368 2724 4424 τόπον
2787 4369 2981 4444 μικρὸν
3045 4362 3440 4441 ἐκλαϐόμενος,
3507 4365 3890 4438 μετεσκεύασεν

471 4471 730 4531 vertens,
762 4479 830 4517 ex
860 4462 1145 4534 plantatis
1176 4461 1256 4516 ibi
1308 4462 1573 4518 oleribus
1630 4465 1847 4520 victum
1901 4465 2034 4533 sibi,
2062 4483 2120 4523 ac

2239 4457 2315 4520 είς
2345 4464 2546 4528 κῆπον,
2575 4459 2667 4514 xui
2713 4479 2954 4536 φυτευων
3013 4457 3253 4533 λάχανα,
3317 4455 3368 4526 ἐξ
3399 4454 3574 4510 αὐτῶν
3607 4454 3890 4530 ἐπορίζετο

473 4552 809 4624 hospitibus
824 4551 1183 4623 pauperibus
1199 4551 1608 4622 parabat.Erat
1632 4560 1830 4609 autem
1863 4555 2120 4611 moribus

2238 4547 2327 4601 xui
2386 4547 2559 4619 ἑαυτῷ
2614 4548 2706 4602 καὶ
2761 4553 2884 4609 τοῖς
2929 4547 3103 4618 ξένοις
3161 4546 3356 4616 πένησι
3411 4545 3611 4622 τροφή.
3673 4544 3775 4601 Ἤν
3835 4539 3893 4600 δὶ

479 4641 734 4712 simplex
765 4640 934 4707 adeo,
958 4645 1026 4694 ut
1053 4656 1186 4695 cum
1215 4641 1513 4708 adessent,
1548 4643 1649 4714 qui
1681 4644 1876 4715 ipsum
1902 4645 1940 4699 7
1969 4662 2120 4701 com-

2238 4637 2328 4691 τὸν
2360 4637 2562 4712 τρόπον
2622 4633 2855 4706 ἀπλοῦς,
2910 4635 2984 4697 ὦς
3042 4633 3133 4688 καὶ
3181 4633 3310 4696 τοὺς
3362 4632 3668 4708 μέλλοντας
3729 4632 3889 4688 αὐτὸν

481 4727 944 4800 prehenderent.
969 4734 1027 4782 et
1052 4729 1125 4783 ad
1157 4729 1472 4800 praesidem
1503 4731 1886 4797 adducerent,
1919 4738 2126 4789 uttor-

481 4819 700 4874 mentis
732 4818 1146 4888 subjiceretur,
1181 4818 1340 4889 quod
1372 4819 1745 4876 Christianus
1775 4827 2127 4889 esset,eum-

479 4925 594 4982 que
625 4925 760 4965 cum
798 4907 1058 4963 ludibrio
1118 4908 1470 4976 salutarent,
1526 4908 1653 4980 ipse
1710 4910 2129 4969 salutationem

474 4998 854 5072 rependerit:
888 5015 1142 5071 cumque
1199 5000 1486 5065 dicerent,
1531 5000 1690 5070 quod
1722 5017 1986 5072 praesens
2028 5021 2128 5059 vo-

472 5098 668 5150 casset
695 5109 854 5159 eum,
887 5089 1304 5163 responderit:
1339 5090 1486 5154 Quid
1516 5090 1676 5146 enim
1709 5107 1857 5163 opus
1905 5099 1996 5148 est
2038 5094 2128 5150 illi

472 5199 654 5256 opera
683 5199 838 5244 mea,
870 5181 1201 5253 praesertim
1236 5196 1374 5235 cum
1405 5179 1776 5235 Christianus
1807 5181 1919 5236 sim
1942 5181 2128 5238 ?Vin-

473 5278 603 5330 ctus
632 5279 854 5329 autem.
889 5276 948 5325 et
984 5270 1059 5325 ad
1116 5268 1429 5338 praesidem
1464 5269 1775 5341 adductus,
1801 5286 1935 5325 cum
1959 5289 2125 5328 com—

472 5363 800 5437 pelleretur
828 5366 894 5414 ut
918 5359 1095 5415 idolis
1151 5357 1535 5425 sacriﬁcaret,
1595 5359 1780 5414 altum
1813 5360 2123 5433 ingemuit,

479 5455 538 5505 et
565 5447 805 5520 praesidi
829 5445 912 5502 ait
940 5462 953 5499 :
1013 5443 1270 5508 Utinam,
1305 5461 1338 5499 ο
1370 5461 1611 5516 praises.
1647 5450 1704 5499 et
1741 5451 1804 5500 tu
1836 5445 1998 5502 idola
2023 5447 2127 5503 ab-

479 5554 747 5610 negares,
783 5539 843 5591 et
871 5534 944 5589 ad
975 5533 1272 5590 Christum
1297 5533 1786 5606 accederes.Ergo
1819 5536 2127 5608 spondylis

473 5627 811 5698 perforatis,
845 5625 1148 5696 clavisque
1177 5623 1385 5678 ferreis
1415 5623 1851 5692 conﬂxus,ante
1886 5641 2125 5683 currum

476 5716 817 5787 compulsus
847 5728 1108 5786 currere,
1136 5713 1315 5773 vitam
1356 5713 1810 5772 consummavit.

2237 4732 2528 4801 κρατῆσαι,
2559 4725 2649 4781 xui
2682 4726 2895 4802 ἀγαγεῖν
2932 4722 3008 4787 είς
3035 4724 3128 4779 τὸν
3159 4721 3403 4800 ἄρχοντα
3452 4723 3538 4780 ἐπὶ
3599 4727 3680 4798 τῷ
3708 4745 3890 4798 τιμω-

2239 4816 2474 4890 ρηθῆναι
2533 4813 2624 4870 διά
2669 4815 2732 4870 τὸ
2792 4815 2930 4870 εἶναι
3006 4814 3356 4889 Χριστιανὸν,
3409 4812 3484 4876 ὡς
3543 4812 3597 4869 ἐν
3651 4815 3893 4889 παιγνίῳ

2239 4905 2650 4977 ἀσπαζομένους
2733 4904 3202 4974 ἀντασπάζεσθαι,
3285 4901 3377 4958 καὶ
3447 4901 3703 4964 εἰπόντας
3785 4901 3898 4973 ὅτι,

2239 4992 2413 5051 Καλεῖ
2441 5014 2498 5048 σε
2530 4992 2838 5066 ὁὴγεμὼν,
2892 4990 3306 5066 ἀποκρίνασθαι,
3365 4990 3530 5049 Ποίαν
3589 4991 3691 5068 γὰρ
3752 4988 3896 5046 ἐκεῖ-

2237 5105 2332 5148 νος
2360 5083 2498 5159 ἐμοῦ
2527 5085 2717 5161 χρείαν
2753 5081 2895 5160 ἔχει,
2933 5082 3172 5158 μάλιστα
3232 5082 3577 5159 ὑπάριοντος
3631 5085 3896 5159 Χριστια-

2235 5179 2381 5245 νούς
2424 5173 2606 5237 Δεθεῖς
2639 5175 2732 5229 οὗν
2788 5173 2880 5229 καὶ
2937 5171 3151 5248 ἀχθεὶς,
3200 5173 3442 5247 παρέστη
3502 5173 3584 5246 τῷ
3638 5174 3892 5248 ἡγεμόνιο

2234 5266 2328 5320 καὶ
2356 5265 2691 5339 προτραπεὶς
2723 5267 2879 5328 θῦσαι
2909 5267 3029 5327 τοῖς
3087 5258 3367 5331 εἰδώλοις,
3433 5261 3567 5337 βαθὺ
3620 5264 3896 5336 στενάξας,

2238 5356 2357 5410 εἶπε
2405 5355 2544 5426 πρὸς
2595 5353 2690 5408 τὸν
2750 5351 3020 5427 ἡγεμόναο
3082 5351 3230 5420 Εἴθε,
3287 5352 3332 5406 ὧ
3379 5351 3633 5426 ἡγεμὼν,
3693 5351 3783 5407 καὶ
3832 5349 3896 5408 σὺ

2237 5444 2384 5518 εἶχες
2470 5443 2800 5518 ἀρνήσασθαι
2849 5441 2918 5496 τά
2975 5438 3182 5496 εἴδωλα
3236 5439 3329 5495 καὶ
3409 5439 3733 5516 προσελθεῖν
3814 5443 3898 5514 τῷ

2236 5537 2478 5608 Χριστῷ.
2500 5532 2637 5588 Τότε
2665 5530 2961 5606 τρυπηθεὶς
2982 5528 3113 5592 τοὺς
3144 5529 3518 5606 ἀστραγάλους
3537 5530 3628 5586 καὶ
3647 5527 3897 5606 σιδηροῖς

2236 5621 2399 5692 ἥλοις
2429 5619 2804 5692 καθηλωθεὶς,
2860 5619 2950 5673 xui
3008 5618 3230 5694 τρέχειν
3278 5615 3586 5696 ἔμπροσθεν
3645 5617 3889 5695 ἅρματος

2238 5710 2418 5768 ἵππων
2451 5708 2823 5788 ἀναγκασθεὶς,
2855 5706 3226 5781 ἐτελεύτησεν.
