4132 6444
312 353 428 415 343

1604 341 2039 406 MENOLOGU
2086 342 2181 439 P’A
2197 343 2287 402 as
2341 344 2439 417 ιιι,

3613 354 3734 414 344

309 487 488 544 cretis
519 489 712 542 esset:
772 491 978 558 postea
1032 501 1168 539 vero
1225 483 1564 556 patriarcha
1621 477 1989 546 ordinatush

2100 473 2307 550 ιηκρίτῃ
2362 475 2690 552 ὑπάρχοντι.
2750 478 2906 534 Ἐπεὶ
2965 475 3024 534 δὲ
3081 479 3431 558 πατριάρχης
3480 503 3737 562 προεχει-

314 577 677 633 monachum
707 576 903 646 ipsum
951 574 1090 628 fecit
1137 589 1257 628 una
1309 588 1446 627 cum
1497 568 1800 636 Michaele,
1861 565 1962 638 qui

2070 565 2254 640 ρίσθη,
2313 563 2564 634 ἐποίησεν
2623 565 2783 621 αὐτὸν
2844 569 3114 644 μοναχὸν,
3176 571 3313 643 μετᾶ
3369 573 3603 649 Μιχαὴλ
3632 580 3731 632 τοῖ’)

319 665 688 738 Synadorum
708 664 1021 734 episcopus
1039 666 1338 733 postremo
1361 665 1595 715 creatus
1618 663 1728 725 est,
1745 671 1962 727 eosque

2104 675 2289 729 στερον
2347 655 2640 730 γεγονότος
2698 655 2996 713 ἐπισκόπου
3055 657 3336 730 Συνάδων,
3386 663 3478 718 καὶ
3525 671 3643 728 τοῖς
3672 665 3726 723 ἐν

321 755 384 812 in
437 753 794 826 patriarchio
857 753 1039 823 probe
1098 751 1368 806 educavit
1411 747 1964 820 :Theophylactum

2103 749 2148 816 ᾧ
2215 745 2603 820 Πατριαρχείῳ
2658 746 2975 820 εὐκτηρίοις
3026 746 3286 821 ένέταξεν·
3357 753 3468 808 εἶτα
3525 751 3583 810 δὶ
3637 758 3728 813 καὶ

318 843 515 892 autem
544 836 889 906 episcopum
943 833 1298 888 Nicomediae
1341 832 1653 888 ordinavit.
1689 830 1798 886 Ubi
1829 845 1965 885 vero

318 925 590 982 Tarasius
638 925 701 978 in
750 923 1029 978 humanis
1081 939 1210 978 esse
1265 923 1459 989 desiit,
1522 922 1693 993 eique
1727 926 1968 976 sanctus

318 1016 682 1087 Nicephorus
713 1015 775 1068 in
823 1014 1230 1085 patriarchatu
1289 1012 1593 1076 successit,
1641 1012 1832 1066 Leone
1868 1012 1968 1065 Ar-

321 1121 496 1160 meno
538 1104 858 1176 imperium
918 1108 1289 1175 capessente,
1347 1109 1524 1173 atque
1583 1100 1864 1157 adversus
1919 1101 1967 1156 θ

321 1211 520 1250 sacras
550 1194 841 1267 imagines
867 1209 996 1248 sese
1028 1193 1701 1259 instruente,accersens
1733 1196 1971 1247 sanctus

323 1284 690 1356 Nicephorus
719 1300 839 1339 una
862 1300 996 1338 cum
1027 1283 1277 1354 reliquis
1299 1282 1593 1354 episcopis
1624 1283 1804 1338 etiam
1836 1298 1974 1337 san-

323 1380 485 1430 ctum
555 1373 1085 1445 Theopbylactum,
1145 1379 1204 1428 et
1258 1371 1546 1444 palatium
1609 1371 1971 1444 ingrediens,

325 1463 544 1519 acriter
566 1463 953 1534 reprehendit
974 1462 1222 1535 impium
1246 1463 1582 1533 sanctisque
1614 1461 1975 1534 imaginibus

327 1552 742 1609 adversantem
775 1553 1215 1625 imperatorem.
1261 1558 1420 1612 Tunc
1477 1553 1814 1626 patriarcha
1844 1551 1978 1624 qui-

331 1642 469 1698 dem
500 1643 563 1697 in
584 1643 844 1698 Thusum
875 1642 1134 1699 insulam
1167 1645 1462 1717 relegatus
1493 1648 1616 1709 est;
1640 1642 1740 1698 alii
1761 1659 1896 1698 vero
1915 1641 1978 1696 in

334 1731 454 1787 alia
484 1731 613 1786 loca
635 1731 926 1803 deportati
951 1749 966 1800 ;
991 1734 1464 1807 Theophylactus
1504 1738 1704 1789 autem
1733 1733 1798 1787 in
1818 1732 1975 1787 Stro-

330 1820 543 1890 hilum,
577 1820 678 1875 ubi
710 1821 887 1876 vitam
919 1825 1371 1878 consummavit.

333 1911 395 1965 Et
422 1913 685 1968 memoria
711 1914 889 1966 sancti
917 1913 1145 1966 Arcadii
1177 1913 1387 1983 Cyprii,
1420 1929 1483 1968 ac
1532 1918 1808 1968 certamen
1865 1913 1980 1967 Eu-

935 1983 1052 2038 buli
1077 1990 1128 2038 et
1147 1985 1382 2040 Iuliani.

404 2099 654 2156 Sanctus
675 2100 963 2156 Arcadius
995 2107 1124 2158 erat
1153 2102 1437 2160 exinsula
1466 2105 1652 2175 Cypro
1670 2101 1981 2169 oriundus,

337 2190 732 2248 monasticam
759 2191 936 2247 vitam
969 2208 1004 2247 a
1033 2209 1219 2264 puero
1246 2193 1646 2265 amplexus,et
1674 2192 1746 2248 ob
1760 2197 1983 2248 rectam

332 2281 565 2336 vivendi
598 2281 948 2337 methodum
981 2283 1097 2337 Deo
1156 2283 1550 2352 gratissimus,
1593 2283 1984 2338 Constantino

337 2373 544 2443 Magno
585 2370 975 2442 imperatores
1023 2372 1363 2443 palaestram
1395 2373 1756 2444 auspicatus.
1790 2371 1987 2427 Multis

334 2459 560 2533 profuit
583 2476 702 2516 non
734 2460 929 2516 solum
961 2462 1232 2534 exemplo
1262 2463 1398 2517 vita)
1429 2479 1550 2517 sua)
1564 2468 1623 2516 et
1650 2461 1986 2530 virtutibus,

338 2549 442 2606 sed
475 2550 653 2605 etiam
686 2537 1036 2606 doctrina'et
1065 2551 1688 2607 adhortationibus.Ex
1708 2551 1800 2605 his
1819 2555 1990 2605 erant

337 2638 603 2695 Eubulus
626 2643 686 2695 et
711 2639 1002 2704 Julianus,
1038 2641 1139 2711 qui
1170 2641 1541 2712 frequentius
1554 2640 1628 2697 ad
1643 2657 1778 2696 eum
1790 2642 1991 2696 venie-

340 2729 503 2790 bant.
522 2729 1024 2800 sermonibusque
1057 2729 1186 2799 ejus
1206 2730 1544 2798 confortati,
1573 2731 1635 2784 in
1654 2728 1989 2786 viavirtutis

336 2816 741 2890 procedebant
764 2835 776 2871 :
810 2822 1016 2889 postea
1040 2834 1171 2873 vero
1197 2819 1526 2890 imperante
1550 2819 1734 2890 impio
1755 2818 1989 2873 Juliano

337 2907 720 2981 Apostata,ab
753 2907 1214 2980 idololatris,qui
1239 2909 1310 2963 ab
1342 2909 1698 2981 imperatore
1722 2913 1991 2980 potesta-

338 3004 460 3053 tem
491 3003 844 3069 acceperant
873 3004 1081 3052 contra
1102 2998 1466 3054 Christianos
1488 2999 1996 3071 libereinsurgen-

339 3088 419 3156 di,
445 3088 598 3159 capti
630 3086 894 3154 fuerunt,
928 3093 987 3141 et
1017 3087 1254 3142 tandem
1289 3094 1422 3160 post
1477 3088 1829 3143 durissimos
1862 3105 1992 3143 cru-

2072 832 2365 888 έπίσκοπον
2466 832 2839 907 Νικομηδείας
2943 836 3377 914 ἐχειροτόνησεν.
3456 842 3734 917 Τελευτή-

2073 943 2267 985 σαντος
2334 919 2390 977 δὲ
2457 925 2752 998 Ταρασίου,
2810 921 3000 1001 γέγονε
3072 928 3423 1005 πατριάρχης
3488 933 3517 988 ὁ
3585 935 3739 1010 ἅγιος

2073 1013 2415 1090 Νικηφόρος.
2448 1015 2830 1087 Κρατησαντος
2893 1012 2951 1070 δὲ
3006 1023 3106 1086 τῆς
3166 1019 3447 1093 βασιλείας
3503 1021 3738 1087 Λέοντος

2073 1105 2172 1157 τοῦ
2204 1100 2518 1178 Ἀρμενίου,
2578 1102 2668 1158 καὶ
2728 1104 2865 1159 κατᾶ
2917 1108 3024 1160 τῶν
3086 1106 3250 1184 ἁγίων
3293 1107 3519 1165 εἰκόνων
3553 1114 3744 1188 χωρή-

2079 1211 2293 1261 σαντος,
2355 1187 2690 1265 παραλαϐὼν
2749 1195 2777 1248 ὁ
2835 1193 2989 1269 ἆγιος
3050 1197 3371 1275 Νικηφόρος
3429 1200 3528 1268 τὴν
3590 1202 3739 1257 ὅσιον
3791 1237 3796 1239 -

2079 1279 2481 1360 Θεοφύλακτον,
2538 1280 2628 1336 καὶ
2683 1281 2810 1346 τοὺς
2871 1281 3102 1348 λοιποὺς
3162 1285 3520 1360 ἐπισκόπους,
3568 1288 3740 1360 ἂνῆλ-

2082 1381 2166 1434 θεν
2227 1369 2280 1425 ἐν
2336 1374 2417 1443 τῷ
2471 1368 2744 1445 παλατίῳ,
2816 1373 2904 1428 καὶ
2965 1373 3163 1449 ἤλεγξε
3217 1381 3400 1440 κακῶς
3457 1384 3737 1454 ποιοῦντα,

2079 1459 2296 1522 καὶτὰς
2350 1459 2503 1534 ἁγίας
2557 1459 2770 1525 εῗκόνας
2832 1463 3187 1538 ἀρνούμενον.
3246 1465 3384 1524 Τότε
3431 1469 3459 1523 ὁ
3511 1468 3606 1542 μὶν
3639 1490 3739 1524 πα-

2081 1549 2356 1626 τριάρχης
2410 1548 2674 1625 ἐξωρίσθη
2739 1552 2814 1617 εἷς
2873 1552 3046 1608 Θάσον
3091 1555 3191 1624 τήν
3223 1563 3414 1626 νῆσον.
3442 1558 3504 1612 Οἱ
3537 1555 3595 1613 δὲ
3624 1556 3744 1614 λοι-

2083 1639 2199 1706 ποὶ,
2235 1637 2405 1701 ἄλλος
2455 1637 2729 1716 ἀλλαχοῦ·
2780 1641 3161 1721 Θεοφύλακτος
3194 1642 3252 1701 δὲ
3282 1645 3357 1710 εἷς
3410 1643 3743 1725 Στρόϐιλον,

2087 1728 2140 1784 έν
2167 1729 2204 1804 ᾔ
2232 1727 2322 1783 καὶ
2354 1727 2723 1800 ἐτελεύτησεν.

2161 1907 2266 1966 Καὶ
2302 1909 2495 1990 μνήμη
2527 1913 2624 1963 τοῦ
2656 1909 3125 1990 ἐσίουλΑρκαδίου
3159 1918 3264 1990 τοῖξ
3291 1913 3557 1990 Κυπρίου,
3588 1915 3680 1972 καὶ

2373 1977 2606 2052 ἄθλησις
2657 1977 2966 2056 Εὐϐούλου,
2998 1985 3089 2039 καὶ
3137 1977 3460 2043 Ἰουλιανοῧ.

2156 2098 2213 2146 '0
2271 2094 2421 2156 ὅσιος
2477 2092 2773 2170 Ἀρχάδιος
2846 2097 3090 2173 ὑπῆρχεν
3152 2097 3212 2155 έκ
3267 2104 3370 2167 τῆς
3425 2103 3595 2173 νήσου
3647 2109 3749 2174 τῆς

2089 2181 2331 2258 Κύπρου,
2394 2181 2642 2258 μοναχὸς
2716 2183 2776 2240 έκ
2862 2185 3094 2264 βρέφους
3149 2189 3462 2266 γενόμενος,
3519 2190 3610 2246 καὶ
3666 2197 3746 2266 τῷ

2090 2276 2206 2345 Θεῷ
2255 2270 2343 2327 διὰ
2397 2271 2677 2336 πολιτείας
2738 2273 3116 2349 εὖαρεστήσας.
3176 2279 3614 2355 Ἀγωνιζόμενος
3657 2279 3750 2337 ἐπὶ

2087 2368 2190 2432 τῆς
2242 2361 2520 2438 βασιλείας
2575 2364 2976 2421 Κωνσταντίνου
3033 2371 3131 2422 τοῦ
3184 2367 3464 2444 Μεγάλου,
3494 2369 3753 2427 καὶπολ-

2093 2449 2224 2513 λοὺς
2257 2449 2507 2528 ὠφελῶν,
2570 2451 2634 2507 οὐ
2693 2451 2860 2525 μόνον
2921 2452 3010 2510 διὰ
3069 2456 3195 2531 βίου
3231 2457 3321 2512 καὶ
3353 2458 3572 2529 ἀρετῆς,
3603 2458 3755 2516 ἀλλὰ

2091 2539 2182 2595 καὶ
2241 2536 2593 2604 διδασκαλίας
2653 2542 2744 2596 καὶ
2801 2545 3194 2619 παραινέσεως’
3255 2546 3308 2618 έξ
3365 2548 3440 2603 ὧν
3497 2547 3633 2618 ἦσαν
3662 2551 3755 2605 καὶ

2095 2623 2396 2699 Εὔϐουλος,
2455 2629 2543 2684 καὶ
2602 2629 2919 2694 Ἰουλιανός.
2981 2633 3189 2698 Οἵτινες
3248 2636 3578 2714 συχνότερον
3619 2639 3758 2716 πρὸς

2094 2718 2253 2773 αὐτὸν
2309 2719 2702 2795 ἀπερχόμενοι,
2766 2723 2857 2777 καὶ
2937 2726 3325 2799 στηριζόμενοι
3382 2731 3498 2789 τοῖς
3559 2725 3756 2803 λόγοις

2095 2807 2260 2864 αὐτοῦ
2292 2807 2596 2882 ἐπεμέλουν
2657 2818 2757 2881 τῆς
2807 2811 3024 2887 ἀρετῆς.
3079 2815 3201 2870 Ἑπί
3260 2813 3316 2870 δὲ
3341 2822 3442 2887 τῆς
3474 2815 3754 2894 βασιλείας

2093 2904 2192 2955 τοῦ
2242 2895 2532 2962 δυσσεϐοῦς
2579 2901 2668 2956 καὶ
2716 2899 3038 2978 Ηαραϐάτου
3086 2905 3409 2978 Ἰουλιανοῦ,
3464 2909 3753 2982 κρατηθέν-

2093 3011 2180 3051 τες
2243 2989 2345 3044 ὑπὸ
2400 2994 2506 3044 τῶν
2585 2987 3027 3067 εἶδωλολατρῶν,
3101 2995 3406 3072 παρρησίαν
3472 2993 3752 3054 λαϐόντων

2098 3079 2204 3134 ἀπὸ
2261 3085 2362 3148 τῆς
2415 3083 2514 3134 τοῦ
2571 3079 2840 3156 βασιλέως
2900 3083 3143 3154 ἐξουσίας
3193 3087 3328 3140 κατὰ
3365 3091 3473 3141 τῶν
3505 3089 3758 3162 Χριστια-

336 3178 527 3233 ciatus
557 3177 747 3248 capite
781 3177 934 3248 plexi
968 3182 1125 3231 sunt.
1159 3178 1296 3242 Quae
1311 3177 1410 3231 ubi
1444 3184 1682 3232 sanctus
1703 3177 1987 3234 Arcadius

2100 3172 2228 3238 νῶν,
2279 3167 2370 3222 καὶ
2433 3169 2840 3242 βασανισθέντες
2903 3170 3166 3248 ἰσχυρῶς,
3226 3175 3752 3254 ἀπεκεφαλίσθησαν.

339 3266 654 3332 intellexit,
716 3267 1101 3321 contristatus
1134 3266 1374 3338 quidem
1409 3272 1497 3322 est
1530 3284 1542 3322 :
1579 3266 1680 3322 sed
1717 3269 1853 3337 Deo,
1888 3270 1988 3340 qui

351 3356 554 3412 omnia
586 3355 665 3410 ita
696 3355 1023 3415 ordinarat.
1055 3357 1274 3429 gratias
1307 3357 1444 3429 egit.
1473 3359 1866 3413 Perseverans
1896 3375 1998 3414 au~

345 3452 463 3503 tem
496 3447 557 3501 in
582 3445 790 3502 eodem
822 3446 953 3502 loco
986 3446 1086 3501 ubi
1120 3447 1408 3502 hactenus
1438 3448 1811 3514 consederat,
1845 3449 2000 3505 inter

344 3536 645 3592 orationes
675 3536 956 3608 lacrymis
986 3536 1261 3608 plurimis
1293 3535 1589 3608 perfusus,
1647 3537 1823 3593 vitam
1862 3538 1999 3593 tini-

347 3627 452 3682 vit.

349 3718 418 3772 Ει
473 3721 747 3788 certamen
809 3722 1122 3770 sanctorum
1181 3715 1568 3788 in_Chersone
1624 3720 2004 3788 episcoporum

493 3786 720 3853 Basilei,
742 3788 1000 3854 Eugenii,
1027 3786 1388 3855 Agathodori,
1413 3795 1463 3842 et
1494 3786 1855 3858 reliquorum.

419 3905 761 3974 Imperante
778 3903 1433 3965 Diocletiano,Hermon
1458 3906 2004 3978 Hierosolymorum

352 3993 672 4065 episc0pus
705 3991 981 4064 allegavit
1010 3992 1340 4064 episcOpos,
1363 3994 1636 4065 prrmm
1668 3995 1910 4066 quidem
1941 3998 2003 4054 in

349 4082 644 4148 Turciam,
677 4081 974 4136 Basileum
1005 4098 1144 4136 vero
1203 4081 1264 4136 in
1313 4083 1670 4138 Chersonem
1699 4101 1712 4139 :
1737 4086 1836 4156 qui
1868 4104 2003 4144 cum

358 4171 440 4227 ibi
472 4171 772 4227 Christum
799 4170 1170 4241 praedicaret,
1210 4171 1552 4228 verberibus
1582 4181 1864 4245 exceptus
1894 4184 2002 4244 est,

353 4266 533 4333 atque
565 4259 711 4315 urbe
743 4261 988 4331 ejectus.
1023 4261 1168 4316 Cum
1225 4278 1361 4317 vero
1411 4263 1701 4334 principis
1725 4264 1914 4322 ﬁlium
1971 4285 2007 4324 a

351 4356 544 4406 morte
569 4351 643 4406 ad
674 4351 850 4405 vitam
890 4357 1458 4419 revocasset,rursus
1480 4355 1824 4422 accersitus,
1849 4358 2008 4428 prin-

353 4441 544 4514 cipem
580 4441 774 4512 ipsum
807 4440 1076 4511 aliosque
1103 4441 1391 4512 plurimos
1412 4441 1870 4513 baptizavit.Sed
1903 4447 2005 4518 qui

351 4531 414 4585 in
448 4547 555 4586 sua
585 4529 941 4586 inﬁdelitate
994 4537 1362 4593 manserant,
1421 4532 1663 4588 funibus
1689 4534 1995 4607 alligatum

349 4617 558 4674 tandiu
589 4635 622 4674 a
654 4618 905 4689 pedibus
963 4625 1297 4691 raptarunt,
1332 4621 1524 4677 donec
1569 4623 1747 4679 vitam
1785 4625 1995 4681 finivit.

349 4707 632 4778 Postejus
660 4711 913 4762 mortem
931 4715 1220 4763 venerunt
1239 4710 1994 4785 Eugenius.Agathodorus,

351 4795 635 4872 capeton,
668 4801 726 4850 et
753 4795 1040 4867 Elpidius,
1068 4797 1190 4869 qui,
1225 4814 1360 4854 cum
1392 4799 1689 4856 Christum
1713 4803 1997 4874 praadica-

353 4890 508 4946 rent.
532 4884 604 4939 ab
643 4883 1084 4958 insurgentibus
1121 4887 1180 4942 in
1215 4887 1350 4943 illos
1378 4889 1595 4946 Graecis
1625 4892 1805 4947 occisi
1836 4899 1996 4951 sunt.

354 4977 496 5030 Post
525 4974 647 5030 haec
677 4975 896 5031 missus
926 4974 1038 5030 fuit
1066 4977 1492 5051 Hierosolymis
1522 4981 1838 5049 Etherius,
1873 4985 1997 5055 qui,

353 5081 486 5122 cum
521 5064 815 5120 feritatem
848 5066 1051 5138 populi
1082 5071 1651 5142 cerneretMagnum
1669 5070 2000 5129 Constanti-

352 5171 497 5209 num
518 5155 613 5208 I0
635 5153 835 5217 adivit,
873 5155 1132 5227 Byzantii
1165 5163 1288 5211 tum
1318 5157 2000 5232 imperantem,cumque

349 5244 576 5318 rogavit
605 5249 671 5298 ut
726 5243 1056 5301 idololatrae
1089 5262 1159 5301 ex
1189 5245 1334 5300 urbe
1366 5247 1666 5304 Chersone
1707 5249 2000 5321 ejiceren-

347 5340 445 5389 tur
478 5351 490 5391 :
527 5333 686 5406 quod
717 5340 777 5389 et
799 5351 866 5389 ex
897 5336 1081 5390 animi
1117 5335 1415 5391 sententia
1444 5337 1708 5410 contigit.
1734 5339 1998 5411 Cumque

349 5423 633 5480 ecclesias
659 5422 1042 5490 condidisset,
1068 5425 1408 5496 iterumque
1467 5425 1912 5498 imperatorem,
1933 5436 1999 5486 ut

352 5514 570 5586 gratias
599 5513 1164 5585 ageret.adiisset,in
1194 5515 1556 5572 Chersonem
1588 5534 1913 5590 regressus,
1945 5527 2004 5578 et

358 5617 524 5656 sacra
555 5618 757 5657 secum
788 5601 1086 5670 deferens,
1119 5603 1181 5657 in
1212 5603 1406 5660 reditu
1437 5603 1497 5660 in
1529 5604 1772 5666 ﬂuvium
1807 5607 2002 5666 Dana-

359 5690 493 5760 prin
514 5692 836 5764 projectus,
870 5694 1047 5752 vitam
1071 5693 1154 5751 ibi
1184 5694 1395 5753 ﬁnivit.

2104 3257 2198 3311 Καὶ
2260 3255 2446 3329 μαθὼν
2480 3261 2648 3311 ταῦτα
2705 3260 2733 3313 ὁ
2789 3259 2936 3323 ὅσιος
2998 3259 3310 3338 Ἀρκάδιος,
3357 3263 3444 3319 καὶ
3488 3264 3757 3337 λυπηθείς

2107 3345 2224 3418 μὲν,
2260 3343 2658 3420 εὐχαριστήσας
2717 3344 2773 3402 δὲ
2826 3353 2904 3420 τῷ
2957 3353 3095 3422 Θεῷ,
3152 3355 3230 3422 τῷ
3261 3350 3434 3414 οὕτως
3468 3353 3763 3428 οῗκονομή-
3803 3403 3806 3406 .

2104 3455 2278 3507 σαντι,
2327 3436 2774 3511 προσευχόμενος
2829 3437 2883 3493 έν
2936 3443 3017 3512 τῷ
3069 3439 3224 3514 τόπῳ
3269 3438 3321 3495 έν
3372 3443 3417 3514 ᾦ
3449 3445 3762 3515 προσεκαθί-

2107 3533 2249 3598 ζετο,
2282 3528 2369 3582 καὶ
2403 3525 2623 3601 δάκρυσι
2681 3525 2926 3592 πολλοῖς
2977 3529 3400 3606 περιχεάμενος,
3440 3531 3760 3608 ἐτελειώθη.

2105 3707 2205 3762 Καὶ
2239 3706 2470 3786 ἄθλησις
2525 3709 2634 3786 τῶν
2689 3703 2740 3786 έν
2801 3707 3044 3786 Χερσῶνι
3099 3707 3411 3786 ἐπισκόπων
3461 3712 3763 3786 Βασιλέως,

2357 3777 2641 3855 Εὐγενίου,
2693 3776 3107 3854 ’Λγάθοδώρου,
3152 3783 3242 3836 καὶ
3287 3781 3522 3841 λοιπῶν.

2178 3893 2301 3951 Ἐπὶ
2333 3901 2435 3964 τῆς
2486 3893 2762 3970 βασιλείας
2823 3893 3236 3967 Διοκλητιανοῦ,
3287 3898 3510 3974 Ἕρμων
3544 3900 3572 3954 ὁ
3601 3901 3764 3976 Ἰερο-

2107 3983 2364 4056 σολόμων
2452 3984 2745 4046 ἐπίσκοπος
2830 3984 3140 4042 ἀπέστειλεν
3246 3985 3596 4057 ἐπισκόπους,
3681 3990 3758 4054 εἰς

2111 4076 2205 4149 μὲν
2262 4073 2532 4149 Τουρκίαν
2592 4072 2854 4151 Ἐφραίμ,
2934 4075 3008 4137 εἷς
3076 4073 3133 4131 δὲ
3189 4079 3448 4152 Χερσῶνα
3504 4079 3754 4136 Βασιλέα·

2107 4163 2231 4220 ἔνθα
2314 4165 2407 4219 τὸν
2498 4165 2730 4239 Χριστὸν
2789 4164 3096 4241 κηρύττων,
3192 4167 3409 4244 τυφθεὶς
3479 4168 3760 4242 ἀπηλάθη.

2109 4255 2351 4332 Ἐγείρας
2411 4252 2467 4311 δὲ
2517 4255 2611 4310 τὸν
2667 4256 2782 4311 υἱὸν
2837 4259 2937 4310 τοῦ
2993 4253 3263 4332 ἄρχοντος
3296 4256 3356 4314 ἐκ
3383 4263 3493 4314 τῶν
3539 4267 3764 4337 νεκρῶν,

2109 4343 2273 4400 πάλιν
2331 4344 2707 4419 προσεκλήθη,
2769 4345 3034 4422 βαπτίσας
3086 4347 3176 4400 καὶ
3227 4347 3320 4402 τὸν
3362 4344 3627 4423 ἄρχοντα,
3676 4351 3765 4404 καὶ

2109 4433 2327 4510 ἐτέρους
2356 4431 2623 4498 πολλοὺς.
2679 4434 2746 4491 Οἱ
2796 4431 2854 4489 δὲ
2903 4432 3120 4490 ἄπιστοι
3172 4437 3426 4510 μανέντες
3457 4436 3648 4512 ἔσυραν
3678 4438 3766 4494 αὐ-

2108 4527 2201 4583 τὸν
2244 4525 2513 4601 σχοινίοις
2570 4524 2676 4578 ἀπὸ
2729 4528 2838 4578 τῶν
2897 4521 3103 4580 ποδῶν.
3164 4525 3260 4580 Καὶ
3316 4525 3613 4599 συρόμενος
3659 4526 3772 4584 ita;

2111 4617 2393 4688 λεύτησεν,
2453 4615 2604 4674 Μετᾶ
2681 4613 2738 4670 Si
2804 4615 2904 4683 τὴν
2981 4615 3147 4671 αὐτοῦ
3201 4615 3462 4687 τελευτὴν
3519 4618 3767 4685 ἐλθόντες

2106 4707 2387 4783 Εὖγένιος,
2446 4701 2849 4781 Ἀγαθόδωρος,
2925 4707 3227 4778 Καπήτων,
3304 4706 3396 4762 καὶ
3456 4707 3766 4786 Ἑλπίδιος,

2109 4797 2402 4874 ἐκήρυττον
2453 4796 2546 4850 τὸν
2597 4795 2854 4868 Χριστόν.
2905 4793 3008 4852 Καὶ
3057 4795 3344 4860 συστάντες
3400 4798 3454 4852 οἱ
3485 4797 3760 4870 Ἕλληνες

2108 4887 2421 4942 ἀπέκτειναν
2491 4884 2715 4947 αὐτοὺς.
2793 4883 2942 4942 Μετὰ
3004 4881 3062 4940 δὲ
3129 4889 3297 4940 ταῦτα
3363 4877 3640 4959 ἀπεστάλη
3707 4891 3759 4964 ἐξ

2107 4971 2506 5048 Ἰεροσολύμων
2571 4969 2844 5046 Αἶθέριος·
2931 4970 3020 5026 καὶ
3117 4969 3248 5028 ἱδὼν
3333 4975 3430 5027 τοῦ
3495 4970 3633 5029 λαοῦ
3698 4977 3763 5032 τὸ

2109 5059 2314 5138 ἄγριον,
2372 5057 2686 5136 προσῆλθεν
2729 5064 2810 5132 τῷ
2862 5057 3105 5135 Μεγάλῳ
3162 5059 3551 5136 Κωνσταντίνῳ
3589 5063 3652 5118 ἐν
3685 5053 3793 5137 np;

2108 5153 2389 5225 Βυζαντίῳ
2457 5152 2582 5206 τότέ
2664 5149 3033 5227 βασιλεύοντι,
3113 5151 3204 5207 καὶ
3279 5152 3524 5228 ᾐτήσατο
3579 5155 3767 5228 αὐτὸν,

2108 5242 2198 5298 καὶ
2231 5239 2580 5317 ἐδιώχθησαν
2641 5238 2700 5296 ἐκ
2756 5247 2855 5311 τῆς
2914 5240 3204 5316 Χερσῶνος
3237 5241 3291 5296 οἱ
3345 5240 3768 5318 εἶδωλοκατραι.

2111 5330 2308 5392 Κτίσας
2369 5327 2426 5385 δὲ
2485 5325 2805 5399 ἐκκλησίας,
2857 5325 3020 5383 πάλιν
3079 5328 3521 5404 προσῆλθεν-τῷ
3553 5332 3774 5408 βασιλεῖ

2111 5419 2472 5496 εὐχαριστῶν.
2535 5417 2639 5475 Καὶ
2697 5416 2818 5492 ἱερᾶ
2877 5410 3062 5472 λαϐὼν
3120 5419 3247 5493 παρ’
3303 5419 3492 5492 αὑτοῦ,
3542 5418 3776 5496 ἐπανήρ-

2112 5530 2245 5587 χετο
2275 5511 2413 5584 πρὸς
2471 5511 2749 5582 Χερσιῖινα.
2806 5507 2904 5561 Καὶ
2939 5506 2993 5561 έν
3025 5511 3104 5579 τῷ
3155 5505 3571 5584 ἐπανέρχεσθαι,
3604 5510 3772 5587 ἀπερ-

2112 5599 2243 5678 ρίφη
2305 5597 2382 5663 εῒς
2436 5597 2529 5654 τὸν
2589 5596 2858 5671 Δανάπριν
2917 5596 3186 5670 ποταμὸν,
3240 5595 3331 5652 καὶ
3380 5595 3494 5654 ἐκεῖ
3520 5596 3767 5670 τελευτᾷ.
