4132 6468
370 409 491 470 345

927 543 1110 599 ΜΗΝῘ
1144 547 1234 598 ΤΩ
1270 542 1491 601 ’ΔΥΤΩ.

447 717 719 791 ’Δθλησις
747 722 860 775 τῶν
890 720 1062 796 ἁγίων
1097 636 1386 797 μαέτύρων
1418 722 1525 775 τῶν
1558 719 1610 775 ἐν
1645 714 1960 792 Σεϐαστείᾳ.

451 840 511 893 Ol
539 842 636 895 τοῦ
685 841 934 914 Χριστοῦ
988 836 1389 914 τεσσαράκοντα
1447 840 1739 915 μάρτυρες,
1798 837 1859 893 ἐκ
1912 834 2037 893 δια-

386 930 558 1009 φόρων
581 930 771 983 τόπων
833 928 1198 1005 ὑπάρχοντες,
1255 928 1308 985 ὲν
1370 927 1693 1002 ὶπιτάγματι
1753 926 2039 1005 ἐστρατεύ-

389 1042 509 1076 οντο
537 1018 619 1075 ἰπὶ
650 1026 755 1088 τῆς
816 1017 1095 1094 βασιλείας
1152 1019 1453 1076 Λικιννίου.
1515 1019 1612 1075 Διᾶ
1670 1018 1729 1076 δὲ
1784 1020 1846 1077 τὸ
1905 1020 2036 1078 εἶναι

390 1108 727 1184 Χριστιανοὶ,
757 1110 1125 1183 κρατηθέντες·
1154 1108 1260 1165 ὐπὸ
1316 1108 1684 1185 Ἀγρικολάου
1736 1110 2037 1186 ἡγεμόνος,

384 1198 649 1273 παρόντος
702 1198 794 1254 καὶ
849 1203 951 1254 τοῦ
1006 1196 1223 1267 δουκὸς,
1281 1198 1649 1275 ἠναγκάζοντο
1708 1204 1863 1264 θῦσαι
1920 1206 2037 1264 τοῖς

385 1287 661 1351 εἰδώλοις.
695 1287 803 1345 Καὶ
837 1288 914 1361 μή
946 1288 1287 1363 πειθόμενοι,
1318 1288 1498 1353 λίθοις
1532 1291 1599 1344 τὰ
1629 1290 1873 1363 στόματα
1900 1283 2038 1345 συν-

385 1372 703 1452 ετρίϐησαν.
738 1378 869 1435 Εἶτα
906 1375 961 1433 ἂν
1021 1373 1137 1452 ὥρᾳ
1194 1381 1489 1454 χειμερινῇ
1547 1378 1745 1454 γυμνοὶ
1794 1378 1880 1434 ἐπὶ
1939 1386 2041 1450 τῆς

386 1467 600 1543 λίμνης
629 1470 710 1539 τῷ
738 1466 891 1543 κρύει
948 1466 1319 1543 παγωθείσης,
1377 1467 1467 1523 καὶ
1525 1467 2042 1544 κρυσταλλωθείσης

382 1554 846 1627 κατεδικάσθησαν
880 1554 1120 1613 ἵστασθαι
1155 1554 1227 1612 δι’
1259 1555 1400 1627 ὅλης
1454 1563 1557 1627 τῆς
1611 1560 1827 1621 νυκτός.
1880 1559 2044 1616 Ἔνθα

392 1649 514 1709 ἱνὸς
548 1646 1063 1722 λιποψυχήσαντος,
1113 1645 1368 1722 καὶπρὸς
1422 1647 1485 1703 τὸ
1535 1645 1770 1717 πλησίον
1807 1647 2041 1723 λουτρὸν

404 1735 724 1811 δραμόντας,
777 1737 870 1793 καὶ
921 1740 992 1811 τῇ
1051 1739 1227 1811 θερμῇ
1287 1735 1658 1808 διαλυθέντος,
1691 1739 1719 1793 ὁ
1759 1738 2043 1817 φυλάττων

400 1827 595 1891 αὐτοὺς
626 1826 1012 1903 καπικλάριος,
1049 1824 1178 1883 ἶδὼν
1211 1826 1263 1899 ἒξ
1302 1829 1540 1903 οὐρανοῦ
1588 1828 1882 1907 στεφάνους
1907 1851 2040 1886 κατ-

1899 404 2285 469 MARTIUS.

2069 541 2127 609 Α

3684 403 3806 463 346

2722 541 2964 599 EODEM
3007 540 3237 597 MENSE

2327 708 2611 763 Certamen
2638 633 3314 779 sanctogdgnngzttlzgtyrum
3361 705 3629 761 Sebastes.

2218 826 2621 900 Quadraginta
2641 825 2859 881 Christi
2881 830 3175 898 martyres
3201 841 3272 880 ex
3292 823 3543 879 diversis
3572 816 3811 878 oriundi

2147 916 2296 972 locis
2326 915 2551 972 Licinio
2609 915 2946 987 imperante
3004 914 3065 969 in
3124 913 3386 968 exercitu
3446 910 3806 967 militabant.

2146 1004 2312 1072 Quod
2342 1009 2541 1060 autem
2570 1003 2887 1059 Christiani
2914 1008 3135 1065 essent,
3169 1002 3276 1056 sub
3314 999 3623 1074 A’gricolao
3655 1016 3809 1071 prae-

2148 1095 2296 1163 side,
2330 1099 2623 1168 praasente
2654 1094 2835 1149 etiam
2866 1092 3037 1160 duce,
3069 1090 3513 1163 comprehensi,
3548 1094 3607 1144 et
3634 1088 3811 1144 idolis

2149 1193 2483 1250 sacrificare
2515 1192 2726 1256 coacti.
2752 1208 2886 1248 cum
2923 1190 2984 1246 id
3021 1191 3215 1247 facere
3242 1193 3611 1252 recusarent,
3644 1188 3808 1259 ipso-

2148 1299 2280 1339 rum
2313 1299 2418 1338 ora
2446 1281 2747 1354 lapidibus
2796 1286 3048 1337 contusa
3091 1280 3276 1335 fuere.
3311 1276 3533 1333 Deinde
3590 1275 3805 1331 hiemis

2150 1378 2418 1444 tempore
2450 1371 2511 1427 in
2542 1370 2760 1445 rigenti
2793 1370 3224 1444 cOngelatoque
3256 1373 3460 1440 stagno
3493 1365 3638 1421 nudi
3669 1382 3810 1437 per-

2152 1466 2395 1518 noctare
2415 1460 2572 1531 jussi
2599 1465 2757 1515 sunt.
2818 1458 2906 1515 Ibi
2955 1475 3089 1515 cum
3122 1474 3299 1525 unus,
3340 1454 3433 1511 cui
3464 1454 3699 1510 animus
3729 1454 3803 1509 ad

2150 1560 2335 1632 frigus
2363 1557 2677 1614 ferendum
2709 1557 3024 1625 defecerat,
3048 1558 3111 1612 in
3142 1555 3480 1628 proximum
3522 1553 3806 1609 balneum

2152 1648 2459 1715 desiliens,
2492 1647 2687 1703 calore
2731 1652 2977 1703 necatus
3021 1645 3252 1713 fuisset,
3282 1644 3510 1716 janitor
3541 1642 3642 1714 qui
3674 1641 3810 1696 illos

2154 1738 2545 1805 custodiebat,
2569 1738 2774 1794 videns
2787 1753 3035 1793 coronas
3058 1752 3237 1809 super
3256 1751 3466 1791 novem
3485 1750 3551 1789 ac
3570 1731 3812 1805 triginta

2152 1833 2445 1899 martyres
2476 1827 2934 1888 descendentes.
2958 1841 3262 1896 unamque
3292 1838 3576 1879 coronam
3608 1837 3811 1893 super-

404 1916 736 1993 ερχομένους
764 1915 852 1972 ἐπὶ
884 1914 1012 1979 τοὺς
1054 1918 1349 1993 τριάκοντα
1405 1916 1558 1973 ἒννία
1614 1917 1911 1994 μάρτυρας,
1958 1919 2037 1975 καῖ

2154 1939 2307 1987 esse,
2341 1937 2473 1993 qua)
2505 1921 2780 1977 exstincti
2812 1919 3024 1976 militis
3049 1918 3265 1984 fuerat,
3325 1915 3607 1972 detractis
3634 1913 3811 1970 vesti-

391 2004 486 2063 ἵνα
530 2007 786 2086 στέφανον
840 2005 1213 2081 περιτεύοντα,
1273 2008 1332 2070 ὃς
1394 2005 1458 2074 ἦν
1511 2012 1608 2063 τοῦ
1667 2005 2035 2079 διαλθυὲντος,

393 2094 759 2170 ἐκδοσάμενος
791 2093 1141 2172 προσιδραμε
1194 2101 1313 2160 τοῖς
1368 2095 1565 2173 ἁγίοις,
1622 2098 1713 2153 καὶ
1769 2098 2043 2155 ἐπίστευσε

384 2191 469 2258 τῷ
500 2191 747 2259 Χριστῷ.
777 2188 872 2259 Τῷ
904 2183 964 2241 δὲ
994 2184 1161 2259 πρωΐ,
1196 2187 1273 2249 ὡς
1303 2185 1575 2265 ἱφάνησκν
1626 2188 1678 2243 οἳ
1712 2189 1806 2262 μὶν
1857 2190 2039 2253 θανέν-

381 2296 497 2345 τες,
535 2276 588 2330 οἱ
622 2274 680 2330 δὲ
710 2271 790 2332 ἔτι
822 2273 1168 2349 ἒμπνὲοντες,
1200 2274 1286 2331 ἐπὶ
1333 2277 1425 2331 τὸν
1475 2275 1723 2353 αἰγιαλὸν
1765 2277 2040 2354 ἀχθέντες,

387 2365 481 2420 καὶ
537 2364 608 2420 τὰ
664 2362 835 2437 σκὲλη
892 2363 1236 2439 θλασθίντες,
1286 2364 1372 2420 ἰπὶ
1460 2367 1679 2440 ἁμαξῶν
1766 2366 2040 2439 ιτὲθησαν,

381 2454 475 2510 καὶ
506 2452 804 2532 ἰῤῥίφησαν
845 2454 898 2510 ἐν
958 2457 1039 2528 τῷ
1093 2458 1352 2529 ποταμιῖν
1412 2455 1500 2511 καὶ
1561 2452 1734 2513 οὕτως
1789 2455 2043 2514 ἐτελειώ-

382 2554 578 2614 θησαν·

947 2653 1127 2708 Mam
1164 2656 1251 2707 ra
1289 2654 1483 2710 arra.
1568 2638 1571 2639 ί

1192 2741 1230 2796 1.

374 2828 652 2901 Ἀθλησις
705 2831 819 2884 τῶν
904 2826 1075 2916 ἁγίων
1133 2848 1501 2921 ἱμερτυρων,
1546 2827 1845 2919 Κψοδράτου,
1934 2833 2041 2888 Κυ-

772 2898 1028 2976 πριανοῦ,
1059 2898 1289 2958 καὶτῶν
1319 2898 1412 2958 σὺν
1444 2898 1648 2965 αὐτοῖς.

428 3021 582 3077 ’Ἐπὶ
624 3023 730 3085 τῆς
797 3017 1078 3094 βασιλείας
1132 3020 1346 3090 Δεκίου,
1399 3018 1649 3097 διωγμοῦ
1705 3019 2038 3092 κινηθέντος,

388 3111 579 3172 πάντες
610 3111 664 3164 οἱ
723 3109 1064 3185 Χριστιανοὶ,
1119 3110 1171 3164 οἱ
1231 3112 1325 3183 μὶν
1385 3109 1749 3184 κρατούμενοι
1809 3110 2044 3189 ἀπεσφά-

385 3205 560 3269 ζοντο,
595 3200 645 3254 οἱ
680 3196 740 3254 δὲ
766 3198 1050 3277 φεύγοντες
1078 3197 1132 3254 ἓν
1180 3204 1299 3262 τοῖς
1354 3194 1533 3273 ὄρεσιν
1582 3200 2038 3275 κατεκρύπτοντο,

2152 2012 2264 2067 bus
2294 2010 2369 2067 ad
2395 2015 2631 2065 sanctos
2672 2024 3052 2081 procurrens.
3108 2008 3170 2062 in
3201 2005 3500 2061 Christum
3533 2003 3806 2060 credidit.

2153 2107 2228 2161 Ut
2255 2105 2382 2160 dies
2407 2103 2625 2169 illuxit,
2649 2120 2783 2159 cum
2810 2103 2870 2157 hi
2896 2100 3137 2173 quidem
3168 2098 3514 2166 exanimati,
3548 2097 3635 2152 illi
3669 2113 3808 2151 vero

2152 2197 2347 2253 adhuc
2377 2197 2673 2268 spirantes
2704 2193 3140 2267 apparuissent,
3177 2192 3251 2247 ad
3284 2191 3476 2263 ripam
3516 2187 3806 2261 perducti,

2149 2288 2354 2346 fractis
2385 2288 2652 2362 ipsorum
2675 2286 2967 2354 cruribus,
2991 2291 3293 2359 postremo
3316 2281 3598 2355 plaustris
3622 2282 3809 2353 impo-

2152 2380 2272 2449 siti,
2304 2379 2367 2436 in
2396 2377 2795 2453 profluentem
2826 2374 3077 2449 projecti
3127 2378 3287 2443 sunt,
3319 2377 3497 2444 atque
3537 2370 3621 2427 ita
3649 2385 3810 2427 mar-

2158 2468 2382 2542 tyrium
2414 2470 2927 2524 cousummarunt.

2723 2646 2963 2705 EODEM
3003 2645 3235 2702 MENSE

2155 2814 2248 2869 ιι
2308 2815 2595 2870 Certamen
2647 2736 2972 2867 sanctlouftn:1
2976 2752 3337 2878 caldam-um
3405 2805 3653 2872 Codrati,
3706 2802 3805 2875 Cy-

2648 2898 2864 2972 priani,
2921 2904 2974 2953 et
3023 2899 3311 2954 sociorum.

2222 3015 2557 3084 lmperante
2590 3008 2765 3065 Decio
2797 3023 2931 3062 cum
2985 3005 3320 3078 persecutio
3373 3008 3538 3059 mota
3578 3002 3810 3069 fuisset,

2151 3100 2469 3161 Christiani
2500 3116 2710 3156 omnes
2750 3103 2851 3155 aut
2879 3097 3035 3169 capti
3094 3094 3533 3160 mactabantur,
3587 3096 3689 3147 aut
3717 3091 3807 3147 fu-

2151 3192 2467 3268 gientesin
2517 3188 2820 3246 montibus
2851 3187 2925 3243 ad
2985 3191 3219 3257 tempus
3265 3181 3807 3239 abscondebantur.

376 3285 479 3352 Ξως
510 3292 731 3364 καιροῦ.
767 3271 1023 3365 ᾧυγοῦσα
1055 3285 1113 3343 δὲ
1143 3288 1233 3344 καὶ
1264 3290 1300 3358 ἡ
1338 3271 1522 3362 μήτηρ
1550 3271 1919 3364 Κοδρᾶτου,ἐκ
1936 3271 2035 3360 τῆς

2160 3286 2321 3340 Tunc
2352 3282 2534 3338 etiam
2564 3274 2756 3336 mater
2806 3277 3041 3333 Codrati
3092 3292 3163 3330 ex
3192 3273 3337 3330 urbe
3368 3271 3811 3328 Corinthiorum

377 3377 602 3440 πόλεως
641 3376 973 3453 ὑπάπχουσα
1008 3377 1337 3452 Κορινθίων,
1370 3377 1612 3448 ἀπῆλθεν
1646 3379 1722 3442 είς
1776 3380 1838 3434 τὸ
1885 3375 2032 3450 ὅρος,

383 3468 474 3523 καὶ
498 3468 923 3544 κατεκρύπτετο.
957 3468 1109 3525 Ἐπεὶ
1146 3464 1204 3522 δὲ
1231 3470 1297 3536 ἦν
1330 3466 1550 3546 ἔφκυος,
1584 3468 1863 3546 ἐγέννησεν
1894 3470 2034 3540 υἱὸν,

390 3556 698 3629 ὀνομάσασα
727 3556 889 3613 αὐτὸν
923 3554 1228 3632 Κοδρᾶτον.
1261 3557 1397 3615 Εἶτα
1425 3557 1613 3634 ὀλίγον
1676 3554 2033 3630 ἐπιϐιώσασα,

391 3644 725 3716 ἰτελεύτησε,
780 3644 1163 3702 καταλιποῦσα
1206 3647 1298 3702 τὸν
1355 3647 1469 3703 υἱὸν
1563 3649 1777 3724 βρέφος.
1852 3650 2034 3711 ’Ὅστις

394 3733 644 3811 ἐτρέφετο
670 3735 767 3792 tua
793 3740 902 3792 τῶν
935 3739 1110 3811 νεφῶν
1138 3738 1537 3810 συνισταμένων
1571 3737 1656 3793 ἐπ’
1712 3737 1896 3809 αὐτὸν,
1941 3738 2033 3795 καὶ

390 3823 720 3893 ποτιζόντων
747 3825 928 3883 αὐτόν.
963 3826 1259 3901 Προϊόντος
1284 3823 1341 3882 δὶ
1370 3830 1472 3881 τοῦ
1528 3827 1756 3903 χρόνου,
1797 3829 2033 3905 ἐγνώρι-

382 3934 477 3969 σαν
499 3911 658 3968 αύτόν
688 3935 831 3995 τινες
861 3912 972 3985 ἤδη
1030 3913 1302 3970 νεανίσκον
1359 3915 1674 3991 γενόμενονο
1722 3916 1811 3972 καὶ
1860 3918 2035 3995 ἀπήρ-

384 4014 555 4071 χοντο
586 3995 725 4070 πρὸς
763 3994 943 4051 αὐτόν’
1006 3995 1082 4049 ὧν
1140 3996 1275 4067 ᾖσαν
1330 3997 1663 4070 Κυπριανὸς,
1729 3994 2030 4071 Διονύσιος,

376 4086 664 4153 ’Δνεκτος,
701 4082 918 4147 Παῦλος
973 4082 1064 4139 καὶ
1113 4085 1366 4158 Κρίσκης.
1430 4085 1609 4160 Ἥρχε
1656 4083 1714 4141 δὲ
1756 4087 1970 4143 πάντων
2003 4090 2032 4145 ὁ

382 4175 537 4247 ἅγιος
571 4170 872 4247 Κοδράτος,
902 4173 996 4229 καὶ
1027 4170 1300 4229 ἒδίδασκεν
1358 4173 1552 4237 αὐτοὺς
1600 4176 1699 4243 τήν
1746 4174 2030 4247 ἀλήθειαν.

386 4263 531 4318 Μετὰ
564 4260 623 4317 δέ
650 4283 772 4317 τινα
806 4267 1009 4338 χρόνον
1040 4263 1144 4317 ὑπὸ
1173 4266 1280 4317 τῶν
1319 4261 1741 4339 εἰδωλολατρῶν
1798 4261 2034 4337 διαϐλη-

386 4350 561 4415 θέντες
606 4355 691 4424 τῷ
747 4347 997 4427 ἄρχοντι,
1058 4350 1148 4406 καὶ
1207 4353 1583 4425 κρατηθέντες,
1644 4352 1893 4430 ἤχθησαν
1954 4356 2031 4420 είς

385 4441 668 4514 Κόρινθον·
738 4441 828 4495 καὶ
911 4442 1340 4516 βασανισθέντες,
1425 4441 1515 4497 καὶ
1595 4442 1761 4518 μέχρι
1837 4443 2031 4508 τέλους

377 4530 472 4585 τὸν
532 4530 768 4604 Χριστὸν
838 4529 1324 4606 ἆνακηρύττοντες,
1407 4531 1503 4593 τὰς
1584 4531 1823 4611 κεφαλὰς
1898 4535 2033 4591 ἁπε-

377 4621 691 4693 τμήθησανο

543 4735 644 4790 Καὶ
676 4733 907 4808 ἄθλησις
936 4740 1036 4793 τοῦ
1065 4735 1224 4814 ἁγίου
1258 4736 1535 4815 μάρτυρος
1568 4741 1875 4800 Διονυσίου.

384 4852 689 4925 Διονύσιος,
722 4854 750 4910 ὁ
782 4857 882 4910 τοῦ
934 4855 1170 4929 Χριστοῦ
1229 4856 1458 4931 μάρτυς,
1520 4856 1769 4933 ὑπῆρχεν
1818 4858 1915 4933 μὶν
1965 4858 2037 4921 εἴς

385 4946 495 4998 τῶν
551 4944 933 5019 γνωρισάντων
989 4944 1083 4999 τὸν
1139 4943 1297 5021 ἅγιον
1380 4942 1677 5022 Κοδράτον,
1734 4949 1825 5003 καὶ
1901 4948 2040 5023 πρὸς

388 5030 549 5087 αὐτὸν
584 5033 1003 5109 ἀπερχομένων.
1035 5034 1400 5108 Κατεμηνύθη
1434 5030 1492 5090 δὶ
1528 5036 1608 5109 τῷ
1653 5034 1884 5113 ἃρχοντι
1935 5044 2037 5109 τῆς

387 5120 606 5187 πόλεως
640 5122 928 5198 Κορίνθου,
973 5123 1154 5180 ὅτιτὸ
1207 5123 1303 5197 μὲν
1354 5125 1678 5203 πρόσταγμα
1722 5133 1829 5183 τῶν
1881 5128 2039 5203 βασι-

388 5209 531 5267 λέων
567 5212 630 5268 οὐ
660 5212 974 5289 πειθαρχεῖ,
1033 5214 1126 5269 καὶ
1181 5217 1290 5270 τῶν
1354 5213 1633 5290 μεγίστων
1686 5221 1821 5282 θεῶν
1877 5222 2041 5272 κατα.

386 5307 595 5378 φρονεῖ·
648 5298 831 5379 ἵτερον
894 5300 953 5358 δὲ
1000 5322 1123 5359 τινα
1190 5303 1446 5380 κηρύττει
1522 5305 1653 5361 θεὸν
1704 5305 2044 5380 ἐσταυρωμέ-

382 5376 502 5463 νον,
538 5390 716 5465 λὲγων
740 5376 829 5447 δτι
876 5390 1038 5455 αὐτός
1097 5391 1238 5448 ἰστιν
1268 5376 1317 5447 ’6
1371 5394 1609 5465 ποιήσας
1655 5395 1746 5450 τὸν
1793 5376 2040 5472 ούρανδν,

380 5480 470 5536 καὶ
499 5481 600 5550 τὴν
654 5487 784 5556 γῆν,
840 5478 936 5536 καῖ
989 5482 1088 5551 τήν
1147 5479 1441 5553 θάλασσαν,
1495 5482 1587 5538 καὶ
1638 5481 1812 5538 πᾶντα
1863 5485 1932 5540 τὰ
1986 5483 2040 5541 ἐν

388 5570 603 5637 αὐτοῖς,
634 5570 665 5624 ὁ
693 5568 786 5625 καὶ
821 5566 1045 5642 μέλλων
1076 5566 1253 5626 ὶλθεῖν
1310 5568 1363 5643 ἕξ
1411 5571 1648 5647 ούρανοῦ
1708 5573 1845 5647 μετὰ
1883 5570 2043 5644 δόξης

386 5664 497 5735 κρῖ·
527 5681 585 5715 αι
619 5662 825 5729 ζῶντας
877 5656 969 5713 καὶ
1026 5657 1270 5735 νεκροὺς,
1326 5660 1419 5715 καὶ
1475 5657 1773 5717 ἀποδοῦναι
1832 5661 2043 5738 ἱκάστῳ

382 5752 522 5837 κατὰ
576 5752 648 5810 τὰ
693 5745 836 5840 ,ἔργα
888 5749 1077 5811 αὐτοῦ.
1131 5750 1295 5819 Ὅθεν
1350 5754 1641 5833 κρατηθεὶς
1716 5754 1806 5812 καὶ
1867 5753 2042 5822 δεθεὶς

2150 3371 2426 3441 oriunda,
2453 3371 2591 3444 fuga
2606 3370 2829 3441 elapsa,
2854 3367 3015 3423 venit
3037 3367 3099 3421 in
3123 3370 3409 3427 montem,
3434 3366 3492 3416 et
3513 3361 3574 3415 in
3606 3359 3811 3414 lateris

2148 3462 2338 3535 degit:
2375 3465 2432 3515 et
2452 3462 2593 3533 quia
2611 3475 2924 3532 prasgnans
2948 3462 3093 3522 erat,
3118 3454 3350 3527 peperit
3381 3452 3593 3515 ﬁlium,
3628 3464 3804 3521 quem

2147 3556 2468 3612 Codratum
2499 3549 2850 3615 nominavit,
2887 3563 2995 3602 nec
3035 3546 3137 3600 diu
3166 3548 3373 3616 postea
3400 3540 3560 3606 vixit,
3593 3538 3805 3593 relicto

2150 3646 2273 3702 ﬁlio
2305 3643 2497 3699 adhuc
2520 3640 2745 3696 infante
2778 3643 3031 3693 mortua.
3067 3632 3451 3689 Nutriebatur
3472 3633 3670 3684 autem
3702 3626 3803 3681 ille

2148 3752 2183 3791 a
2212 3732 2470 3789 nubibus
2502 3746 2681 3801 supra
2711 3729 2907 3800 ipsum
2934 3723 3306 3789 coeuntibus,
3333 3725 3391 3775 et
3419 3734 3636 3789 aquam
3659 3717 3803 3771 affe-

2147 3826 2439 3893 rentibus,
2482 3830 2808 3898 potumque
2841 3820 2894 3875 ei
2950 3815 3381 3891 prmbentibus.
3440 3810 3804 3868 Procedente

2147 3933 2285 3973 vero
2313 3923 2579 3989 tempore
2637 3929 2773 3968 cum
2823 3915 3060 3966 aetatem
3110 3904 3441 3979 juvenilem
3489 3901 3801 3973 attigisset,

2149 4011 2554 4082 cognoverunt
2573 4020 2711 4059 eum
2732 4001 2941 4073 aliqui,
2973 4005 3033 4055 et
3051 3996 3123 4053 ad
3147 4012 3283 4051 eum
3311 3995 3713 4057 accesserunt,
3737 4005 3807 4044 ex

2149 4081 2365 4173 quibus
2396 4101 2568 4152 erant
2594 4094 2943 4165 Cyprianus,
2968 4087 3306 4161 Dyonisius,
3337 4087 3617 4148 Anectus,
3652 4081 3806 4134 Pau-

2148 4190 2260 4256 las,
2320 4193 2378 4242 et
2424 4188 2747 4243 Crescens:
2808 4196 2959 4253 quos
3008 4194 3218 4233 omnes
3269 4173 3510 4246 regebat
3556 4173 3799 4225 sanctus

2147 4279 2455 4345 Codratus,
2489 4281 2548 4330 et
2580 4274 2884 4329 veritatem
2916 4267 3183 4324 docebat.
3214 4267 3354 4319 Post
3384 4258 3628 4332 aliquod
3657 4257 3795 4313 dein

2148 4374 2384 4440 tempus
2397 4365 2470 4421 ab
2492 4363 2787 4419 idolorum
2806 4357 3133 4415 cultoribus
3147 4352 3297 4409 tradi
3308 4352 3348 4406 ti
3372 4358 3511 4405 sunt
3530 4346 3794 4420 prasidi,

2149 4466 2209 4516 et
2234 4438 2415 4515 vincti
2471 4455 2819 4511 Corinthum
2875 4448 3250 4514 adducti;ac
3299 4444 3438 4500 dein
3485 4438 3830 4521 tormentis.

2151 4551 2423 4624 subjecti,
2457 4565 2592 4605 cum
2623 4562 2812 4618 usque
2843 4543 2918 4601 ad
2950 4542 3131 4599 tinem
3174 4538 3476 4594 Christum
3514 4530 3806 4606 praedica-

2067 4655 2113 4721 ι)
2144 4648 2299 4712 rent,
2343 4641 2534 4713 capite
2564 4637 2723 4711 plexi
2749 4641 2908 4693 sunt.

2360 4755 2427 4810 Et
2453 4758 2729 4809 certamen
2771 4748 2949 4805 sancti
2996 4742 3262 4812 martyris
3311 4736 3583 4807 Dionysii.

2217 4844 2555 4918 Dionysius,
2587 4840 2803 4897 Christi
2836 4841 3080 4908 martyr,
3108 4846 3267 4888 unus
3289 4845 3361 4884 ex
3382 4826 3511 4918 illis
3535 4825 3667 4890 fuit,
3702 4822 3805 4895 qui

2147 4916 2421 4994 sanctum
2449 4931 2768 4989 Codratum
2799 4926 3216 5000 cognoverunt,
3241 4923 3302 4975 et
3326 4916 3401 4973 ad
3432 4932 3569 4973 eum
3604 4930 3809 4970 acces-

2149 5034 2375 5088 serunt.
2408 5024 2684 5084 Proditus
2705 5038 2862 5089 vero,
2886 5018 2963 5075 ad
2989 5016 3306 5091 praesidem
3336 5010 3503 5067 urbis
3532 5004 3797 5065 Corinthi

2149 5123 2442 5180 adductus
2491 5124 2601 5187 est,
2654 5114 2814 5189 quod
2868 5111 3151 5171 mandato
3195 5109 3636 5185 imperatorum
3680 5114 3804 5156 non

2150 5217 2440 5280 obediret,
2470 5230 2541 5269 ac
2569 5227 2815 5283 magnos
2846 5208 2988 5264 deos
3019 5204 3431 5263 contemneret
3451 5215 3479 5266 ;~
3500 5197 3689 5252 alium
3705 5208 3804 5251 ve-e

2150 5326 2217 5365 ro
2248 5309 2426 5365 deum
2457 5305 2805 5363 cruciﬁxum
2827 5301 3197 5374 praadicaret,
3224 5294 3449 5351 dicens.
3467 5291 3628 5346 hunc
3650 5301 3802 5351 esse,

2152 5402 2254 5475 qui
2286 5402 2429 5457 fecit
2454 5400 2669 5457 cmlum
2702 5403 2762 5453 et
2789 5402 3031 5454 terram.
3064 5397 3123 5447 et
3142 5404 3327 5447 mare.
3359 5382 3418 5442 et
3445 5382 3647 5439 omnia
3670 5395 3802 5450 quas

2152 5492 2215 5547 in
2246 5491 2332 5547 eis
2353 5495 2511 5557 sunt,
2570 5487 2793 5559 quique
2825 5502 2857 5541 θ
2913 5483 3060 5541 casio
3117 5483 3400 5536 venturus
3457 5475 3623 5559 esset
3654 5483 3801 5559 cum

2152 5580 2360 5653 gloria,
2392 5583 2459 5634 ut
2477 5557 2780 5651 judicaret
2806 5573 2964 5629 vivos
3007 5576 3067 5627 et
3108 5573 3394 5631 mortuos,
3427 5566 3486 5618 et
3525 5557 3804 5653 redderet

2152 5647 2829 5743 unicuiquevsecundum
2847 5678 3029 5735 opera
3052 5675 3177 5715 sua.
3199 5659 3387 5721 Quare
3409 5647 3800 5743 comprehen-

2155 5774 2279 5829 sus,
2300 5764 2361 5819 et
2379 5733 2641 5817 vinculis
2669 5733 3050 5821 constrictus,
3082 5748 3247 5823 stetit
3273 5758 3475 5800 coram
3522 5733 3797 5827 praeside,
