4132 6442
290 358 407 421 347

1574 360 1633 419 Μ
1644 360 2012 420 ENOLOGH
2052 362 2263 425 PARS
2309 364 2413 427 IlI.

3589 371 3716 432 348

287 502 346 552 et
375 497 697 570 urgebatur
742 494 918 552 modo
948 492 1255 553 blanditis.
1289 492 1468 550 modo
1501 493 1681 550 minis
1741 495 1940 550 Chris-

2060 468 2301 569 ἀλύσεσι,
2341 502 2582 574 παρέστη
2644 506 2723 574 τῷ
2779 502 3031 578 ἄρχοντι,
3095 502 3184 559 καὶ
3248 505 3718 580 κατηναγκάζετο²

290 595 417 646 tum
475 607 689 663 negare
726 634 739 658 ,
801 594 859 643 et
918 588 1093 641 idolis
1162 588 1538 643 sacrificare:
1602 588 1707 643 sed
1764 588 1950 660 priori

291 685 596 755 proposito
630 683 960 747 adhaerens,
987 687 1045 736 et
1075 682 1373 736 Christum
1394 698 1607 753 magna
1636 698 1774 736 voce
1806 698 1949 736 con-

295 776 491 843 ﬁtens,
551 775 747 847 gladio
798 774 1216 845 interemptus,
1258 773 1612 845 martyrium
1669 789 1951 829 consum-

291 864 495 920 mavit.

854 1046 1097 1103 EODEM
1126 1045 1377 1102 MENSE.

900 1138 1003 1195 Die
1023 1139 1343 1195 undecima

466 1232 569 1289 12
601 1234 887 1287 Certamen
915 1233 1095 1287 sancti
1121 1231 1542 1301 sacromartyris
1571 1231 1780 1289 Pionii.

364 1320 616 1375 Sanctus
656 1319 768 1373 iste
804 1316 1137 1389 imperante
1169 1317 1347 1372 Decio
1379 1315 1690 1388 presbyter
1718 1320 1846 1372 erat
1886 1315 1949 1371 in

295 1417 503 1469 sancta
530 1412 799 1483 Smyrna;
828 1410 1112 1467 Ecclesia.
1136 1414 1277 1465 Cum
1310 1414 1509 1466 autem
1530 1409 1763 1465 Judmos
1794 1410 1949 1465 Gras-

293 1522 513 1576 cosque
535 1502 1021 1576 reprehenderet,
1048 1503 1240 1575 iisque
1266 1519 1334 1558 ex
1354 1502 1677 1574 Scripturis
1704 1501 1949 1558 demon-

292 1600 509 1651 straret
533 1609 723 1650 unum
747 1609 876 1649 esse
909 1609 1111 1649 verum
1136 1594 1320 1649 Deum
1341 1592 1610 1648 omnium
1636 1592 1947 1657 factorem,

295 1689 354 1739 et
398 1684 774 1757 unigenitum
829 1683 960 1755 ejus
1012 1682 1227 1737 Filium
1283 1683 1482 1738 Jesum
1540 1681 1860 1749 Christum,
1894 1684 1953 1735 et

296 1774 579 1847 Spiritum
611 1779 882 1830 sanctum
908 1790 921 1829 :
955 1774 1381 1846 adjiceretque,
1404 1773 1478 1828 ab
1509 1772 1715 1828 eodem
1738 1788 1950 1844 pecca—

2060 588 2191 642 ποτὲ
2221 590 2316 661 μὲν
2348 591 2683 660 κολακείαις,
2718 594 2849 648 ποτὲ
2881 591 2938 649 δὲ
2970 591 3225 656 ἀπειλαῖς
3259 594 3712 671 ἀρνήσασθαιςμὶν

2059 677 2313 751 Χριστὸν,
2340 682 2427 736 καὶ
2461 683 2616 737 Θῦσαι
2644 687 2763 746 τοῖς
2802 680 3077 746 εῗδώλοις.
3134 684 3234 739 Καὶ
3289 690 3390 753 τῆς
3443 683 3712 758 προτέρας

2060 764 2352 833 ἐνστάσεως
2408 770 2704 847 ἐχόμενος,
2761 772 2851 826 καὶ
2935 771 3165 846 Χριστὸν
3252 771 3547 849 ὁμολογῶν
3609 793 3710 846 με·

2056 854 2200 932 γάλῃ
2263 858 2439 936 φωνῇ,
2494 861 2776 938 ἀπεσφάγη
2865 861 3134 938 μαχαίρᾳ,
3187 862 3278 918 καὶ
3364 860 3542 927 οὕτως
3597 860 3714 919 ἐτε-

2059 942 2291 1017 λειώθη.

2609 1041 2791 1099 ΜΠΝῘ
2828 1041 2920 1097 ΤΩ
2958 1045 3152 1100 ΑΥΤΩ.

2843 1140 2920 1197 ΙΔ

2236 1222 2507 1297 Ἀθλησις
2537 1229 2635 1283 τοῦ
2664 1225 2820 1300 ἁγίου
2848 1228 3246 1304 ἱερομάρτυρος
3286 1228 3533 1288 Πιονίου.

2130 1324 2230 1381 Καὶ
2267 1321 2484 1386 οὗτοςὸ
2516 1326 2669 1399 ἅγιος
2726 1324 2813 1382 ἐπὶ
2874 1332 2973 1396 τῆς
3036 1325 3317 1402 βασιλείας
3373 1328 3441 1398 ἦν
3500 1327 3713 1397 Δεκίου,

2059 1408 2426 1488 πρεσϐύτερος
2453 1421 2555 1484 τῆς
2588 1414 2639 1470 ἰν
2676 1414 2902 1491 Σμύρνῃ
2932 1414 3086 1492 ἁγίας
3117 1415 3471 1488 Ἐκκλησίας.
3520 1416 3714 1494 Ἐλέγ-

2061 1522 2177 1578 χων
2212 1500 2269 1559 δὲ
2298 1501 2599 1566 Ἰουδαίους
2627 1505 2719 1560 καὶ
2778 1503 3074 1576 Ἓλληνας,
3123 1507 3216 1562 καὶ
3260 1508 3458 1563 πείθων
3513 1507 3713 1571 αὖτοὺς

2059 1593 2164 1647 ἀπὸ
2192 1598 2299 1648 τῶν
2334 1598 2584 1673 Γραφῶν,
2617 1596 2702 1650 ὅτι
2735 1596 2807 1657 εἷς
2869 1595 3037 1669 μόνος
3095 1596 3205 1652 ἐστί
3263 1598 3394 1660 Θεὸς
3449 1597 3711 1668 ἀληθινὸς

2058 1681 2181 1738 6τᾶ
2210 1683 2381 1738 πάντα
2436 1685 2696 1754 ποιήσας,
2750 1686 2842 1740 καὶ
2900 1686 2929 1740 ὁ
2990 1687 3300 1763 μονογενὴς
3353 1688 3519 1743 αὐτοῦ
3582 1688 3709 1751 Υἱὸς

2056 1774 2272 1840 Ἰησοῦς
2303 1773 2556 1848 Χριστὸς,
2584 1775 2674 1829 καὶ
2707 1775 2769 1830 τὸ
2798 1778 3020 1849 Πνεῦμα
3048 1775 3110 1831 τὸ
3166 1778 3340 1852 ἅγιον,
3393 1778 3485 1832 καὶ
3533 1798 3709 1853 προσ-

294 1872 452 1924 tores
484 1884 692 1924 omnes
723 1872 782 1924 et
810 1867 1086 1923 inﬁdeles
1133 1867 1494 1923 cruciatibus
1542 1866 1949 1938 subjiciendos

2060 1863 2222 1924 τιθεὶς
2251 1862 2338 1918 ἀτι
2396 1864 2592 1925 πάντες
2660 1865 2713 1919 οἱ
2770 1863 3096 1940 ἁμαρτωλοὶ
3152 1866 3244 1921 καὶ
3304 1867 3520 1923 ἄπιστοι
3577 1869 3708 1945 παρ’

292 1957 439 2025 fore,
465 1959 707 2029 ignique
736 1958 1100 2029 sempiterno
1122 1957 1506 2023 addicendos,
1541 1956 1719 2027 idque
1751 1972 1944 2011 exem-

292 2048 391 2120 plo
423 2047 578 2120 ignis
610 2047 977 2115 Sodomitici,
1010 2047 1258 2118 ejusque
1290 2047 1391 2119 qui
1424 2048 1487 2102 in
1517 2046 1717 2101 Sicilia
1748 2061 1946 2100 erum-

290 2142 399 2214 pit,
431 2141 773 2198 ostenderet
796 2159 809 2208 ;
832 2158 955 2196 una
974 2157 1111 2197 cum
1132 2140 1267 2196 aliis
1292 2140 1645 2196 Christianis
1676 2155 1948 2209 compre-

292 2234 516 2289 hensus
547 2230 619 2287 ab
650 2232 945 2287 idolarum
1003 2231 1354 2300 cultoribus,
1412 2232 1673 2304 primum
1706 2229 1948 2302 quidem

293 2323 545 2378 vinculis
576 2322 952 2391 constrictus,
987 2321 1295 2378 Polemoni
1326 2321 1621 2377 idolorum
1655 2318 1949 2375 sacerdoti

294 2416 576 2487 urbisque
608 2416 871 2487 Smyrna:
893 2415 1149 2487 principi
1177 2415 1427 2470 traditus
1456 2414 1601 2469 fuit:
1628 2412 1844 2469 deinde
1875 2411 1948 2467 ab

298 2509 370 2564 iis
400 2509 475 2565 ad
506 2509 768 2582 regionis
823 2509 1141 2580 praesidem
1197 2508 1510 2574 adductus,
1568 2507 1750 2579 hujus
1772 2506 1950 2578 jussu

297 2598 632 2655 durissimis
654 2599 1001 2654 verberibus
1018 2599 1284 2665 affectus,
1306 2603 1365 2653 et
1393 2598 1454 2652 in
1478 2597 1801 2669 equuleum
1820 2612 1948 2650 sus-

298 2707 519 2762 pensus
550 2695 658 2752 est.
694 2689 1068 2762 lampadibus
1101 2690 1257 2763 ignis
1284 2689 1470 2744 latera
1486 2688 1806 2744 ustulatus.
1836 2688 1946 2741 Po-

300 2787 520 2835 stremo
553 2798 622 2836 ex
650 2781 904 2854 equuleo
937 2781 1264 2852 depositus,
1299 2786 1358 2835 et
1387 2779 1448 2834 in
1479 2778 1789 2835 ardentem
1818 2776 1948 2832 for-

298 2887 508 2927 nacem
541 2871 816 2943 injectus,
849 2870 911 2927 in
960 2871 1227 2927 oratione
1288 2870 1640 2942 martyrium
1671 2884 1950 2924 consum-

299 2965 497 3020 mavit.

296 3076 365 3132 Et
391 3079 655 3132 memoria
673 3079 852 3132 sancti
882 3077 1065 3131 Patris
1094 3075 1273 3131 nostri
1299 3076 1620 3146 Sophronii,
1670 3073 1952 3144 archiepi-

773 3167 924 3235 scopi
952 3164 1325 3235 Hierosolymo
1335 3181 1472 3221 rum.

2056 1953 2221 2008 αὐτοῦ
2249 1955 2755 2027 τιμωρηθήεονται,
2804 1954 2895 2009 καὶ
2956 1955 3089 2029 πυρὶ
3145 1955 3354 2030 αἶ’ωνίῳ
3399 1955 3712 2031 παραδοθή-

2054 2061 2260 2109 σονται,
2292 2043 2379 2097 καὶ
2412 2045 2572 2096 τοῦτο
2606 2039 2776 2111 δῆλον
2822 2042 2882 2097 έκ
2927 2047 3024 2097 τοῦ
3071 2040 3468 2118 Σοδομητιλοῦ
3514 2046 3708 2121 πυρὸς,

2054 2131 2144 2186 καὶ
2197 2135 2295 2185 τοῦ
2352 2129 2405 2187 έν
2468 2131 2695 2205 Σικελίᾳ
2778 2132 3177 2209 ἂνερχομένουο
3262 2133 3535 2211 ἐκρατήθη
3608 2135 3710 2191 ὑπὸ

2053 2224 2163 2275 τῶν
2223 2218 2644 2294 εἷδωλολατρῶν
2706 2221 2841 2294 μετὰ
2895 2222 2986 2277 καί
3068 2222 3264 2298 ἑτέρων
3350 2225 3711 2300 Χριστιανῶν.

2057 2310 2157 2367 Καὶ
2190 2315 2408 2385 πρῶτον
2443 2310 2541 2383 μὲν
2593 2308 2873 2387 παρεδόθη
2928 2309 3214 2385 δεδεμένος
3263 2312 3485 2368 ἁλύσεσι
3533 2312 3708 2370 Πολέ-

2058 2420 2201 2473 μωνι
2232 2403 2312 2471 τῷ
2334 2403 2443 2453 τῶν
2478 2396 2716 2455 εἷδαλων
2750 2400 2905 2472 ἱερεῖ,
2937 2401 3029 2456 καὶ
3056 2406 3136 2474 τῷ
3161 2408 3262 2473 τῆς
3282 2402 3498 2465 πόλεως
3523 2403 3707 2478 Σμύρ-

2056 2510 2154 2560 νης
2183 2490 2435 2564 ἄρχοντι.
2468 2492 2699 2546 Ἔπειτα
2728 2492 2855 2567 παρ’
2889 2490 3111 2546 ἐκτίνων
3152 2495 3450 2568 προσήχθη
3498 2497 3577 2565 τῷ
3606 2499 3708 2563 τῆς

2054 2578 2246 2652 χώρας
2271 2578 2529 2653 ἡγεμόνι.
2560 2580 2624 2636 Ὀ
2656 2577 2714 2634 δὲ
2744 2581 2973 2654 ἡγεμών
3007 2575 3194 2656 ἔτυψεν
3230 2581 3390 2638 αὐτὸν
3437 2580 3708 2659 σφοδρῶς

2053 2670 2143 2724 καί
2177 2666 2266 2723 ἐπὶ
2298 2667 2463 2739 ξύλου
2496 2668 2790 2742 κρεμάσας,
2824 2672 3075 2743 Ααμπάσι
3117 2672 3286 2745 πυρὸς
3331 2672 3429 2734 τὰς
3468 2670 3708 2745 πλευρὰς

2055 2758 2223 2815 αὐτοῦ
2253 2756 2599 2835 κατέφλεξεν.
2631 2758 2763 2814 Εἶτα
2792 2758 2900 2815 ἀπὸ
2954 2764 3053 2816 τοῦ
3102 2760 3268 2833 ξύλου
3317 2756 3710 2835 καταϐιϐάσας,

2054 2846 2145 2904 καὶ
2203 2846 2433 2920 κάμινον
2489 2847 2695 2921 ἀνάψας
2753 2847 3024 2926 μεγάλην,
3082 2846 3334 2907 ἐνέϐαλεν
3418 2852 3583 2909 αὐτὸν
3623 2852 3705 2915 εἷς

2055 2935 2245 3008 αὐτήν.
2276 2937 2339 2993 Ὀ
2373 2933 2429 2993 δὲ
2458 2934 2615 3012 ἅγιος
2646 2938 2699 2993 ἐν
2731 2937 2869 3012 αύτῇ
2901 2941 3347 3016 προσευχόμενος
3387 2939 3707 3012 ἐτελειώθη.

2056 3069 2261 3141 Μνήμη
2320 3071 2437 3150 τοῦ.
2477 3066 2529 3122 έν
2590 3068 2765 3150 ἁγίοις
2819 3070 3029 3150 Πατρὸς
3089 3072 3286 3150 ,ἡμῶν
3385 3070 3711 3150 Σωφρονίου

2411 3140 2848 3215 ἀρχιεπισκόπου
2880 3140 3306 3216 Ἱεροσολύμων.

369 3255 617 3311 Sanctus
644 3257 819 3310 Pater
846 3260 1051 3310 noster
1083 3253 1448 3326 Sophronius
1470 3269 1539 3307 ex
1562 3250 1708 3306 urbe
1732 3251 1944 3307 Dama-

2130 3239 2585 3317 Σωφρόνιοςὸἐν
2639 3240 2814 3317 ἁγίοις
2875 3243 3062 3315 Πατὴρ
3115 3244 3299 3315 ἡμῶν,
3358 3241 3549 3319 γέγονε
3613 3245 3710 3318 μὶν

296 3359 395 3398 sco
428 3342 488 3396 in
512 3342 816 3413 provincia
838 3341 1154 3396 Phoenicim
1179 3341 1468 3413 originem
1488 3338 1687 3405 traxit,
1713 3338 1945 3409 piorum

295 3445 364 3483 ac
394 3428 855 3499 temperantium
896 3434 1209 3499 parentum
1243 3427 1423 3481 filius.
1457 3426 1601 3479 Cum
1633 3440 1768 3478 vero
1798 3441 1948 3495 pras-

295 3514 473 3570 stanti
497 3513 779 3585 prazditus
816 3512 1596 3587 essetingenio,universam
1613 3511 1950 3566 Grzecorum

297 3604 355 3653 et
378 3599 851 3654 Christianorum
880 3598 1162 3669 scriptam
1206 3598 1537 3653 doctrinam
1570 3595 1797 3651 didicit.
1832 3596 1952 3649 Ma-

294 3684 393 3757 gni
437 3684 655 3740 deinde
711 3683 1026 3739 Theodosii
1082 3682 1394 3738 mandram
1452 3681 1694 3754 delegit,
1749 3680 1812 3735 in
1834 3695 1953 3749 qua

295 3770 632 3825 universam
673 3768 889 3823 evolvit
936 3769 1319 3840 Scripturam.
1375 3768 1644 3824 Posthac
1695 3767 1953 3822 Alexan-

295 3856 488 3912 driam
521 3854 823 3928 profectus
853 3860 963 3921 est,
996 3855 1305 3926 amplioris
1337 3854 1691 3910 eruditionis
1718 3869 1953 3925 compa-

297 3948 502 4003 randas
525 3947 721 4003 studio
753 3946 987 4002 ductus.
1023 3948 1271 4020 Propter
1297 3947 1629 4002 doctrinam
1655 3947 1876 4018 itaque,
1897 3950 1956 4002 et

297 4042 579 4099 eximiam
594 4040 779 4113 ipsius
791 4040 1068 4096 virtutem
1082 4042 1396 4113 episcopus
1414 4040 1951 4111 Hierosolymorum

294 4135 487 4191 factus
523 4139 631 4190 est.
690 4133 904 4189 Sancta
962 4134 1182 4190 deinde
1235 4134 1468 4189 civitate
1526 4140 1716 4205 capta,
1748 4152 1956 4191 rursus

298 4227 759 4284 Alexandrinam
792 4227 864 4282 ad
893 4233 1165 4283 sanctum
1196 4229 1481 4283 Joannem
1529 4227 1955 4300 Eleemosyna-

297 4319 455 4375 rium
486 4317 651 4387 abiit,
678 4334 865 4389 eoque
896 4318 1012 4372 vita
1041 4317 1264 4382 functo,
1299 4319 1512 4373 iterum
1548 4318 1957 4391 Hierosolyma

298 4424 602 4481 regressus
626 4413 734 4463 est.
762 4409 905 4463 Cum
936 4413 1133 4463 autem
1163 4407 1567 4479 plureslihros
1589 4409 1953 4480 composuis-

300 4503 409 4565 set,
440 4497 926 4568 diversorumque
959 4503 1301 4553 sanctorum
1351 4499 1626 4553 encomia
1674 4514 1951 4569 persecu-

300 4592 394 4640 tus
426 4586 654 4652 fuisset,
675 4592 734 4640 et
754 4587 930 4641 vitam
955 4592 1175 4642 sanctae
1198 4587 1391 4642 Maria;
1414 4586 1694 4643 humanm
1721 4593 1950 4643 natura)

298 4674 521 4728 viribus
553 4675 843 4744 majorem
882 4676 1359 4746 conscripsisset,
1415 4693 1653 4749 gregem
1712 4692 1948 4749 quoque

299 4765 578 4820 Ecclesiaa
612 4766 713 4821 Dei
745 4766 968 4837 optime
1026 4767 1294 4823 duxisset
1343 4774 1404 4824 et
1432 4769 1841 4841 gubernasset,
1876 4770 1950 4828 ad

300 4861 654 4927 Domenum,
688 4876 865 4931 quem
895 4866 1218 4931 optaverat,
1255 4862 1317 4918 in
1347 4878 1490 4934 pace
1516 4862 1807 4937 migravit.

868 4980 1109 5036 EODEM
1130 4982 1382 5039 MENSE.

562 5140 563 5143 η
877 5072 981 5130 Die
1020 5074 1377 5133 duodecima

300 5162 403 5221 ‘18
433 5164 698 5220 Memoria
727 5167 908 5220 sancti
953 5168 1137 5221 Patris
1190 5170 1366 5221 nostri
1422 5166 1784 5239 Theophanis,
1812 5182 1952 5224 con-

760 5258 981 5326 fessoris
1009 5259 1066 5312 in
1095 5273 1297 5326 magno
1325 5257 1486 5326 Agro.

373 5345 623 5401 Sanctus
672 5346 849 5401 Pater
898 5353 1105 5401 noster
1177 5346 1589 5417 Theophanes,
1648 5346 1952 5402 nobilibus

302 5440 479 5507 atque
511 5435 907 5507 locupletibus
950 5436 1295 5507 parentibus
1324 5441 1499 5490 natus
1543 5441 1710 5508 patre
1739 5436 1951 5491 defun-

303 5530 417 5591 cto,
452 5541 485 5579 a
513 5532 703 5581 matre
745 5525 1029 5580 educatus
1077 5525 1208 5579 fuit.
1271 5533 1579 5580 Annorum
1638 5525 1951 5582 duodecim

302 5613 512 5681 factus,
572 5618 788 5690 puellae
842 5619 1175 5690 desponsus
1219 5622 1327 5676 est.
1395 5635 1573 5689 quam
1633 5635 1768 5675 cum
1827 5620 1951 5675 suis

305 5702 821 5767 adhortationibus
850 5710 925 5768 ad
966 5707 1317 5766 servandam
1342 5707 1739 5783 virginitatem
1770 5712 1955 5783 indu-7

2056 3329 2163 3386 ἀπὸ
2196 3337 2294 3399 τῆς
2324 3329 2516 3407 χώρας
2548 3330 2838 3401 Φοινίκης,
2878 3330 3097 3395 πόλεως
3147 3328 3206 3386 δι
3253 3336 3568 3404 Δαμασκοῦ,
3617 3334 3709 3389 εύ-

2055 3415 2228 3476 σεϐὧν
2258 3420 2350 3476 καὶ
2398 3418 2696 3497 σωφρόνων
2755 3419 2959 3495 γονέων
3012 3419 3163 3483 υίός.¹
3210 3420 3431 3499 Εύφυής
3487 3419 3547 3478 δὲ
3609 3420 3707 3495 ὢν,

2056 3506 2253 3582 ἔμαθεν
2302 3515 2475 3565 πᾶσαν
2529 3508 2843 3580 Ελληνικήν
2893 3509 2983 3565 καὶ
3032 3511 3423 3585 Χριστιανικήν
3465 3514 3707 3591 γραφήν.

2059 3599 2189 3655 Εἶτα
2215 3598 2314 3666 τήν
2371 3594 2610 3673 μάνδραν
2664 3602 2763 3651 τοῦ
2823 3597 3065 3671 μεγάλου
3118 3595 3413 3654 Θεοδοσίου
3468 3599 3707 3657 κατέλα-

2058 3683 2172 3761 ϐεν,
2206 3687 2258 3744 ἓν
2394 3693 2568 3743 πᾶσαν
2630 3685 2825 3757 διῆλθε
2874 3690 3118 3768 Γραφήν.
3167 3690 3401 3746 ’Ἔπειτα
3460 3690 3550 3746 ἐπὶ
3606 3692 3709 3760 τὴν

2058 3776 2466 3854 Ἀλεξάνδρειαν
2497 3774 2737 3847 ἀπῆλθε,
2794 3774 3050 3842 πλείονος
3103 3780 3357 3855 γνώσεως
3404 3778 3710 3857 ἐφιέμενος·

2060 3865 2151 3924 διά
2181 3865 2239 3924 δὶ
2287 3868 2387 3937 τὴν
2445 3871 2669 3944 γνῶσιν,
2733 3865 2823 3922 καὶ
2880 3869 2982 3937 τὴν
3045 3863 3498 3942 ὑπερϐάλλουσαν
3546 3868 3710 3925 αὐτοῦ

2057 3958 2255 4033 ἀρετὴν
2332 3956 2627 4019 ἐπίσκοπος
2706 3955 3110 4033 Ἰεροσολύμων
3193 3958 3417 4034 γίνεται.
3477 3961 3596 4027 Τῆς
3653 3955 3712 4014 δὶ

2059 4048 2217 4124 ἁγίας
2272 4047 2489 4111 πόλεως
2574 4046 3068 4123 πολιορκηθείσης,
3154 4046 3319 4105 πάλιν
3379 4047 3457 4112 εἷς
3515 4048 3708 4121 Ἀλεξ-

2060 4135 2307 4211 άνδρειαν
2365 4138 2504 4209 πρὸς
2561 4136 2651 4192 τὸν
2712 4136 2864 4213 ἅγιον
2925 4138 3185 4207 Ἰωάννην
3236 4138 3329 4193 τὸν
3398 4137 3711 4212 Ἐλεήμονα

2058 4225 2380 4301 ἀπέρχεται,
2439 4224 2529 4281 καὶ
2591 4226 2726 4298 μετά
2779 4224 3041 4294 τελευτὴν
3102 4226 3313 4282 ἐκείνου
3390 4225 3557 4283 πάλιν
3634 4226 3712 4291 εἲς

2058 4315 2414 4390 Ἱεροσόλυμα
2443 4314 2789 4393 ὑποστρέφει,
2821 4313 3054 4377 Πολλὰς
3085 4312 3143 4370 δὲ
3196 4311 3427 4390 βίϐλους
3478 4337 3715 4393 συγγρα-

2058 4406 2323 4479 ψάμενος,
2400 4404 2487 4459 καὶ
2547 4400 2843 4478 διαφόρους
2937 4405 3129 4479 ἁγίους
3215 4403 3565 4480 έγκωμιᾶσας
3621 4404 3711 4460 καὶ

2060 4494 2269 4558 συνθείς
2320 4494 2385 4549 τὸ
2444 4493 2575 4567 ὑπερ
2636 4493 2921 4567 ἄνθρωπον
2984 4490 3234 4569 διήγημα
3282 4499 3381 4549 τοῦ
3440 4494 3563 4571 βίου
3611 4501 3714 4564 τῆς

2059 4585 2212 4646 ὁσίας
2243 4584 2475 4659 Μαρίας,
2506 4582 2595 4637 καὶ
2655 4581 2839 4645 καλῶς
2884 4583 2948 4639 τὸ
2996 4584 3256 4658 ποίμνιον
3293 4588 3396 4649 τῆς
3442 4588 3541 4640 τοῦ
3580 4588 3713 4641 Θεοῦ

2060 4672 2390 4744 Ἐκκλησίας
2426 4674 2845 4748 χειραγωγήσας
2879 4672 2968 4727 καὶ
3001 4672 3206 4743 ἷθύνας,
3245 4672 3298 4729 ἐν
3335 4673 3526 4751 εἰρήνῃ
3578 4675 3715 4750 πρὸς

2060 4763 2282 4839 Κύριον,
2314 4764 2371 4819 δν
2405 4761 2693 4835 ἐπόθησεν,
2726 4759 2874 4834 ἰξεδή
2887 4783 3080 4836 μησεν.

2618 4969 2798 5028 HHNI
2832 4972 2924 5026 ἸὩ
2959 4970 3158 5030 ΑΥΤΩ.

2847 5061 2916 5119 IB

2062 5163 2275 5235 Μνήμη
2314 5162 2433 5235 Δτοῦ
2486 5159 2644 5216 ὁσίου
2699 5160 2911 5235 [πατρὸς
2940 5229 2966 5235 _
2991 5160 3167 5235 {mini
3238 5158 3561 5235 Θεοφάνους,
3619 5163 3718 5219 τοῦ

2304 5231 2660 5308 ὁμολογητοῦ
2684 5232 2781 5287 τοῦ
2810 5229 2864 5289 έν
2892 5229 2973 5305 τῷ
3006 5229 3235 5307 μεγάλῳ
3263 5229 3465 5308 Ἀγρῷ.

2133 5350 2413 5427 Θεοφάνης
2505 5346 2655 5410 ὅσιος
2685 5347 2871 5421 Πατὴρ
2904 5349 3092 5420 ⁴ἡμῶν,
3149 5347 3397 5423 ὑπῆρχεν
3450 5348 3569 5412 υίὸς
3617 5370 3715 5426 γο-

2060 5441 2196 5496 νέων
2229 5438 2463 5513 εὐγενῶν
2520 5439 2612 5493 καὶ
2663 5435 2965 5495 πλουσίων,
3023 5436 3464 5508 Τελευτήσαντος
3514 5436 3573 5494 δὲ
3619 5442 3720 5495 τοῦ

2062 5530 2287 5604 πατρὸς,
2353 5527 2417 5596 ἦν
2478 5529 2913 5606 ἆνατρεφόμενος
2972 5527 3120 5599 παρὰ
3172 5533 3277 5596 τῆς
3334 5529 3569 5604 μητρός.
3620 5535 3718 5586 Γε-

2060 5619 2291 5691 νόμενος
2323 5614 2381 5673 δὶ
2411 5614 2775 5686 δωδεκαετὴς,
2808 5616 3143 5692 συνεζεύχθη
3183 5617 3422 5691 γυναικῒ,
3458 5618 3550 5673 καί
3594 5617 3717 5673 πεί-

2063 5728 2157 5772 σας
2185 5706 2355 5780 αὖτήν
2409 5704 2502 5763 διὰ
2553 5713 2655 5780 τῆς
2712 5703 3066 5770 διδασκαλίας
3121 5704 3290 5764 αὐτοῦ
3347 5698 3712 5786 παρθενεύειν,
