4132 6468
484 458 600 517 349

2016 455 2392 517 MAtlTlUS.

3792 465 3912 527 350

483 586 756 662 ἆπὲκηρεν
789 584 962 655 αὐτὴν
999 585 1051 643 ὲν
1091 590 1160 661 τῇ
1216 589 1316 652 τῆς
1366 585 1714 662 Πριγκίππου
1776 584 1938 661 μονῇ.
1972 585 2143 648 Αὐτὸς

2262 588 2468 653 xisset,
2487 589 2549 644 in
2575 591 2937 647 monasterio
2966 591 3261 664 Principis
3292 592 3573 650 totondit.
3606 597 3737 668 Ipse
3761 614 3920 665 vero,

485 674 543 733 δὶ
573 672 861 749 διανείμας
893 676 989 731 τὸν
1021 676 1259 732 πλοῦτον
1290 680 1409 738 τοῖς
1466 676 1716 747 πένησιν,
1748 673 2001 740 ἀπελθὼν
2036 673 2152 752 ἐγέ-

481 789 601 824 νετο
636 767 888 844 μοναχὸς
920 766 975 823 ἒν
1006 771 1087 840 τῷ
1140 772 1241 837 τῆς
1294 772 1590 843 Σιγριανῆς
1646 762 1760 841 ὄρει
1818 762 2152 839 διακειμένῳ

485 856 868 931 μοναστηρίῳ.
902 857 1190 931 Κρατήσας
1254 852 1312 911 δὲ
1372 853 1655 932 βασιλείας
1704 856 1852 910 Λὲων
1887 856 1915 910 ὁ
1950 855 2152 929 Ἀρμέ-

485 967 619 1005 νιος.
650 942 1041 1019 Εἶκονομάχος
1092 938 1190 1012 ὧν,
1250 940 1454 1013 ἤκουσε
1503 944 1628 1019 περὶ
1674 950 1774 1013 τῆς
1830 943 2027 1018 ἀρετῆς
2054 941 2151 996 τοῦ

487 1035 644 1112 ἁγίου
710 1036 1043 1109 Θεοφάνους,
1078 1034 1166 1089 καὶ
1207 1033 1537 1111 προστείλας
1563 1033 1759 1110 ἤγαγεν
1791 1032 1952 1089 αὐτὸν
1984 1032 2036 1087 ἐν
2081 1036 2150 1107 τῇ

490 1122 859 1201 βασιλευούσῃ
895 1167 911 1195 ,
969 1124 1384 1200 καταναγκάζων
1471 1121 1750 1178 συνελθεῖν
1823 1125 1893 1197 τῇ
1949 1120 2153 1197 αἱρέσει

484 1214 672 1271 αὐτοῦ.
736 1215 828 1283 Μὴ
884 1212 1071 1276 πείσας
1130 1210 1210 1284 δὲ,
1269 1217 1488 1290 πρῶτον
1546 1214 1640 1286 μὲν
1697 1210 2014 1267 ἀπέκλεισεν
2075 1208 2153 1275 εἲς

482 1302 761 1383 φυλακήν.
789 1305 1021 1360 Ἔπειτα
1066 1310 1170 1374 τῆς
1200 1301 1451 1381 φυλακῆς
1511 1297 1761 1358 ἐκϐαλὼν
1792 1345 1807 1369 ,
1863 1301 1956 1357 καὶ
1986 1298 2151 1357 πάλιν

479 1395 892 1473 καταναγκάσας
948 1395 1287 1473 ἀρνήσασθαι
1340 1396 1444 1466 τήν
1487 1398 1598 1450 τῶν
1657 1397 1867 1450 σεπτῶν
1928 1390 2150 1448 εἰκόνων

479 1485 854 1565 προσκύνησιν
892 1529 906 1556 ,
968 1484 1085 1541 ἕπεὶ
1170 1485 1319 1562 ὶὼρα
1398 1481 1540 1559 μηδὲ
1616 1480 1763 1546 ὅλως
1819 1483 2150 1558 ἀνεχόμενον

479 1581 648 1632 τοῦτο
672 1576 923 1645 ἀκοῦσαι,
984 1574 1237 1651 ἰξώρισεν
1294 1573 1374 1638 είς
1434 1572 1826 1649 Σαμοθρᾴκην·
1883 1569 2009 1637 ἔνθα
2059 1571 2152 1627 καὶ

489 1664 795 1721 ἆπελθοντα
824 1665 919 1721 τὸν
948 1664 1126 1740 ἅγιον,
1156 1664 1245 1720 καὶ
1309 1662 1501 1741 ὀλίγον
1558 1659 1948 1733 ἑπιόιώσαντα,
1980 1682 2151 1738 προσ-

498 1749 714 1812 ελάϐετο
748 1756 777 1810 ὁ
808 1753 1028 1829 Κύριος,

2259 676 2649 734 distributoin
2663 696 2954 753 pauperes
2974 682 3355 753 patrimonio,
3383 683 3458 739 ad
3484 686 3918 743 monasterium

2256 768 2319 824 in
2354 775 2555 824 monte
2577 770 2859 843 Sigrianas
2893 773 3151 844 positum
3176 774 3496 845 profectus,
3530 774 3753 831 ibidem
3787 793 3920 833 mo-

2256 860 2513 915 nachum
2545 859 2758 915 induit.
2794 860 2937 917 Cum
2978 868 3177 918 autem
3206 864 3318 919 Leo
3371 867 3661 921 Armenus
3711 866 3917 922 Icono-

2259 949 2506 1004 machus
2546 949 2863 1021 imperium
2923 952 3235 1023 tenuisset,
3292 954 3481 1009 sancti
3540 955 3920 1028 TheOphanis

2257 1039 2534 1095 virtutem
2556 1040 2918 1114 intelligens,
2951 1040 3023 1097 ad
3040 1042 3247 1099 urbem
3268 1045 3491 1117 regiam
3513 1044 3686 1102 illum
3716 1047 3918 1103 venire

2251 1130 2435 1202 jussit
2490 1129 2827 1202 instititque
2873 1136 2939 1186 ut
2987 1132 3199 1188 haeresi
3253 1134 3441 1206 ipsius
3503 1136 3917 1192 assentiretur.

2258 1218 2427 1286 Quod
2462 1236 2601 1275 cum
2660 1220 3125 1293 haudquaquam
3183 1224 3601 1295 persuasisset,
3656 1226 3919 1297 primum

2261 1307 2503 1380 quidem
2532 1309 2814 1365 custodias
2845 1310 3016 1366 illum
3063 1311 3292 1367 includi
3349 1313 3690 1369 mandavit:
3722 1320 3858 1386 post
3886 1331 3918 1371 e

2259 1414 2497 1454 carcere
2529 1397 2807 1454 eductum
2839 1416 3050 1455 rursus
3073 1399 3321 1473 urgebat
3348 1405 3415 1456 ut
3443 1402 3919 1460 venerandarum

2258 1487 2585 1559 imaginum
2645 1488 2871 1543 cultum
2930 1490 3233 1561 ejuraret:
3296 1490 3915 1563 animadvertensque,

2258 1576 2431 1632 illum
2458 1593 2569 1632 nec
2606 1577 2862 1633 tolerare
2914 1578 3064 1633 velle
3120 1596 3251 1651 quas
3313 1579 3686 1647 dicebantur,
3720 1581 3784 1637 in
3818 1581 3926 1637 Sa-

2257 1667 2650 1724 mothraciam
2707 1667 3008 1741 relegavit.
3097 1668 3220 1735 Quo
3288 1669 3592 1742 profectus
3654 1676 3919 1738 sanctus,

2260 1771 2397 1812 cum
2452 1773 2665 1830 parum
2722 1757 3163 1831 supervixisset,
3197 1758 3516 1815 aDomino
3578 1764 3920 1835 assumptus

2264 1850 2372 1902 est.

500 1934 595 1989 Καὶ
625 1934 822 2008 μνήμη
855 1936 953 1989 τοῦ
992 1930 1048 1989 ἐν
1104 1930 1278 2010 ἆγίοις
1336 1931 1549 2006 Ηατρός
1597 1931 1759 2005 ἡμῶν
1819 1928 2143 2007 Γρηγορίου,

2263 1936 2334 1992 Et
2358 1936 2792 1992 commemoratio
2821 1937 3003 1993 sancti
3037 1937 3222 1992 Patris
3278 1939 3457 1993 nostri
3513 1939 3786 2009 Gregorii,
3805 1954 3923 2009 pa-

1105 2021 1258 2078 πάπα
1291 2022 1538 2095 Ῥώμης*

566 2139 691 2198 Ἐπὶ
745 2142 848 2207 τῆς
901 2140 1292 2198 Ἰουστινιανοῦ
1346 2135 1627 2215 βασιλείας
1684 2138 1932 2212 ὑπῆρχεν
1983 2137 2143 2211 οὗτος

488 2230 518 2286 ὁ
568 2230 725 2305 ἅγιος
780 2228 1111 2305 Γρηγόριος,
1162 2229 1407 2304 μοναχὸς
1439 2225 1492 2283 ἐν
1526 2226 1874 2301 μοναστηρίῳ
1904 2224 2141 2298 πλησίον

482 2319 753 2393 Ῥώμης⁸
812 2321 878 2389 ἦν
937 2316 996 2374 δὲ
1044 2318 1184 2373 πάνυ
1271 2317 1517 2393 ἐνάρετος
1552 2336 1565 2350 ·
1649 2316 2025 2391 καταξαίρετον
2086 2313 2144 2372 δὲ

478 2406 765 2481 ἐλεήμων.
824 2409 1150 2483 Δοκιμάζων
1208 2405 1266 2464 δὶ
1321 2406 1481 2464 αὐτὸν
1539 2408 1567 2463 ὁ
1620 2407 1775 2477 Θεὸς,
1828 2403 2141 2463 ἀπέστειλεν

482 2495 715 2574 ἅγγελδν
774 2498 910 2575 πρὸς
998 2497 1161 2554 αὐτὸν
1249 2496 1303 2553 ἐν
1370 2498 1618 2573 σχήματι
1707 2498 2140 2572 ναυαγήσαντος·

486 2588 581 2643 καὶ
641 2585 790 2663 εὗρεν
843 2586 1006 2643 αὐτὸν
1063 2586 1349 2662 πρόθυμον
1406 2586 1542 2662 πρὸς
1596 2587 1658 2642 τὸ
1719 2583 1954 2641 δοῦναι·
2020 2607 2146 2642 πενι-

483 2679 729 2747 τήκοντα
758 2678 862 2753 γὰρ
909 2676 1225 2749 νομίσματα
1278 2673 1481 2732 δέδωκε
1534 2680 1615 2748 τῷ
1666 2675 1971 2747 αἲτήσαντι,
2033 2676 2145 2731 εἶτα

479 2764 565 2839 ἓξ,
595 2768 688 2821 καὶ
728 2772 911 2842 τρίτον
958 2762 1135 2841 ἕτερα,
1189 2764 1295 2828 ἓως
1353 2763 1581 2820 ἐκένωσε
1609 2765 1672 2819 τὸ
1704 2765 1756 2820 ἐν
1779 2768 1847 2838 τῇ
1883 2768 2026 2839 μονῇ
2054 2787 2137 2821 σι-

485 2856 708 2934 τάρκιον
739 2861 837 2912 τοῦ
869 2855 1120 2932 χρυσίου.
1180 2854 1287 2912 Καὶ
1344 2854 1637 2931 γενόμενος
1684 2853 1971 2931 ἅρχιερεὺς
1999 2855 2144 2911 Ῥώ-

489 2969 621 3020 μης,
668 2945 952 3001 συνεκάλει
1005 2946 1124 3009 καθ’
1180 2945 1392 3020 ἡμέραν
1448 2941 1661 2999 δώδεκα
1715 2941 2008 3020 πτωχοὺςο
2054 2944 2143 3001 καὶ

482 3034 731 3114 ἐφαίνετο
759 3034 907 3107 αύτῷ
938 3034 1092 3109 μόνῳ
1142 3037 1229 3090 καὶ
1287 3032 1753 3110 τρισκαιδέκατος,
1810 3032 1900 3088 καὶ
1932 3032 2142 3110 ἐρωτή-

487 3145 674 3186 σαντος
730 3123 892 3180 αύτὸν
952 3121 1121 3178 εἰπεῖν
1174 3123 1239 3178 τὸ
1291 3122 1457 3177 αὐτοῦ
1514 3116 1712 3195 ὄνομα,
1771 3118 2026 3192 ἤκουσεν,
2060 3122 2143 3178 ὅτι

483 3214 815 3287 θαυμαστόν*
888 3212 979 3268 καὶ
1029 3211 1202 3275 οὕτως
1250 3211 1557 3282 ἐσιώπησεν
1645 3213 1945 3283 συννοήσας
1980 3254 1995 3279 ,
2054 3211 2138 3268 ὅτι

2923 2040 3021 2097 pas
3045 2027 3252 2083 Romae.

2324 2142 2657 2199 Iustiniano
2690 2142 3025 2216 imperante
3072 2143 3183 2199 iste
3216 2149 3457 2200 sanctus
3506 2145 3822 2217 Gregorius
3852 2146 3917 2202 in

2252 2232 2623 2288 monasterio
2665 2249 2849 2305 prope
2898 2235 3147 2289 Romam
3196 2233 3555 2288 monachum
3590 2234 3727 2305 egit.
3771 2237 3918 2292 Cum

2252 2328 2453 2377 autem
2500 2321 2816 2377 virtutibus
2876 2321 3175 2390 omnibus,
3236 2339 3305 2378 ac
3346 2323 3644 2394 praacipue
3678 2324 3918 2379 miseri-

2252 2411 2456 2468 cordia
2477 2410 2538 2467 in
2559 2428 2854 2484 pauperes
2866 2410 3151 2483 praaditus
3168 2416 3345 2478 esset,
3362 2412 3535 2467 illum
3552 2412 3918 2483 probaturus

2253 2503 2429 2572 Deus,
2461 2501 2739 2574 angelum
2771 2500 2879 2557 sub
2910 2500 3180 2573 naufragi
3229 2502 3425 2574 specie
3469 2502 3543 2557 ad
3565 2518 3702 2557 eum
3733 2503 3920 2573 misit,

2252 2592 2567 2666 ipsumque
2591 2591 2665 2648 ad
2687 2591 2949 2648 dandum
2970 2592 3443 2664 paratissimum,
3468 2592 3691 2666 reperit
3718 2594 3925 2664 :quin-

2252 2680 2536 2753 quaginta
2558 2697 2817 2752 namque
2843 2697 3123 2736 nummos
3142 2682 3368 2752 petenti
3395 2682 3681 2737 continuo
3704 2698 3920 2737 nume-

2252 2771 2423 2835 ravit,
2455 2768 2671 2826 deinde
2702 2786 2826 2838 sex,
2858 2776 3161 2842 postremo
3187 2777 3306 2826 tres
3339 2770 3511 2837 alios,
3545 2771 3733 2828 donec
3768 2772 3919 2843 auri,

2254 2860 2413 2931 quod
2444 2859 2506 2915 in
2537 2859 2904 2915 monasterio
2936 2858 3213 2924 habebat.
3250 2877 3596 2917 crumenam
3623 2860 3918 2916 exhausit.

2252 2951 2464 3005 Factus
2503 2955 2702 3005 autem
2736 2948 3003 3020 pontifex
3051 2950 3377 3018 Romanus,
3409 2967 3546 3006 cum
3604 2949 3920 3007 duodecim

2254 3038 2521 3112 quotidie
2551 3054 2845 3110 pauperes
2877 3053 3202 3093 convocare
3256 3038 3494 3104 soleret,
3529 3038 3787 3110 quadam
3820 3039 3915 3095 die

2253 3128 2367 3202 ipsi
2394 3127 2506 3183 soli
2537 3126 2749 3182 tertius
2776 3126 3042 3182 decimus
3094 3128 3371 3199 apparuit
3401 3128 3503 3199 qui
3560 3133 3821 3201 rogatus,
3854 3132 3923 3185 ut

2256 3233 2431 3273 suum
2454 3215 2734 3289 proderet
2753 3230 2998 3283 nomen,
3014 3216 3345 3289 respondit,
3367 3216 3479 3272 hoc
3512 3233 3640 3271 esse
3663 3215 3924 3272 admira-

482 3303 723 3380 ἄγγελος
769 3302 902 3358 Θεοῦ
960 3301 1126 3361 ἐστιν.
1188 3301 1482 3375 Γενόμενος
1541 3298 1599 3356 δὶ
1654 3302 1835 3372 πάσης
1891 3299 2141 3366 παιδείας

2257 3306 2395 3363 bile.
2420 3307 2610 3373 Quare
2642 3304 2743 3360 ille
2774 3305 3080 3372 conticuit,
3114 3305 3457 3379 intelligens
3506 3305 3608 3362 Dei
3636 3306 3916 3377 angelum

478 3394 569 3450 καὶ
625 3399 845 3472 Γραφῆς
932 3388 1229 3469 ἔμπειρος,
1285 3388 1475 3446 πολλὰ
1521 3392 1921 3467 συγγράμματα
1976 3412 2142 3447 κατα-

482 3483 737 3542 λέλοιπεν
799 3485 1237 3560 ὑπαγορευθὲντα
1326 3484 1420 3557 μὲν
1476 3483 1812 3554 Ῥωμαϊστὶ,
1873 3482 2141 3555 ὲρμηνευ·

486 3576 634 3630 Θέντα
664 3572 1089 3643 δέἙλληνιστί,
1148 3575 1325 3644 Ζήσας
1381 3569 1439 3626 δὲ
1494 3570 1688 3640 οὕτως,
1746 3569 1838 3625 καὶ
1895 3573 2142 3645 θαύματα

496 3658 717 3739 διάφορα
740 3663 1137 3741 ἐργασάμενος,
1195 3660 1248 3717 ἐν
1304 3660 1496 3737 εἰρήνῃ
1528 3661 1666 3735 πρὸς
1722 3660 1923 3733 Κύριον
1955 3658 2138 3732 ἐξεδή-

501 3773 665 3825 μησεν
675 3795 690 3810 .

1038 3944 1215 3999 ΗΗΝῙ
1246 3941 1341 3997 ΤΩ
1372 3939 1579 3997 ΑΥΤΩ.

653 4123 924 4196 Ἀθλησις
964 4126 1064 4179 τοῦ
1093 4031 1561 4198 ἁγίουῐιῗάρτυρος
1592 4116 1971 4195 Ἀλεξάνδρου.

556 4237 969 4316 Ἀλεξανδροςὸ
1000 4239 1154 4315 ἅγιος
1198 4236 1290 4292 καὶ
1339 4232 1552 4307 ἔνδοξος
1607 4235 1812 4309 μάρτυς
1863 4237 1962 4291 τοῦ
2011 4235 2142 4308 Χρι-

491 4335 643 4401 στοῦ,
676 4329 730 4385 ἐν
760 4334 879 4392 τοῖς
909 4333 1128 4405 καιροῖς
1159 4331 1258 4382 τοῦ
1300 4323 1570 4401 διωγμοῦ,
1600 4324 1691 4380 καὶ
1745 4323 1796 4379 ἐν
1850 4328 1932 4398 τῷ
1961 4325 2143 4380 σκότει

490 4428 591 4491 τῆς
623 4419 834 4491 πλάνης
890 4423 998 4473 τῶν
1060 4413 1510 4491 εἲδωλολατρῶν,
1569 4413 1753 4489 ὣσπερ
1817 4413 2144 4493 πολύφωτος

488 4510 665 4586 ἀστὴρ
719 4509 771 4563 ἐν
825 4502 1069 4579 εὐσεϐείᾳ
1114 4504 1415 4579 διέλαμπεν
1465 4503 1517 4560 ἐν
1580 4500 1759 4578 Πύδνῃ
1811 4506 1882 4578 τῇ
1941 4502 2144 4575 πόλει,

486 4602 588 4669 τὴν
648 4598 836 4670 μανίαν
894 4601 1001 4652 τῶν
1057 4589 1331 4651 δυσσεϐῶν
1380 4591 1708 4668 διελέγχων,
1738 4590 1960 4648 καὶτὸν
2018 4598 2149 4666 Χρι-

2253 3413 2405 3454 esse.
2423 3400 2570 3452 Cum
2592 3400 2791 3450 autem
2816 3395 2877 3449 in
2900 3395 3179 3450 omnibus
3198 3395 3485 3451 doctrinis
3511 3402 3569 3450 et
3591 3396 3916 3467 Scripturis

2252 3491 2410 3543 esset
2456 3491 2743 3551 versatus,
2806 3484 3148 3556 complures
3188 3485 3638 3542 lucubrationes
3668 3484 3918 3556 reliquit

2254 3578 2458 3635 Latino
2491 3593 2767 3632 sermone
2798 3577 3181 3648 compositas,
3230 3577 3293 3632 in
3349 3577 3619 3632 Graecum
3651 3582 3787 3648 post
3816 3577 3920 3631 l4

2252 3683 2591 3725 conversas.
2627 3667 2758 3722 Vita
2786 3665 2986 3736 itaque
3038 3666 3198 3721 hunc
3230 3666 3291 3721 in
3325 3666 3571 3722 modum
3621 3665 3914 3733 traducta,

2253 3767 2314 3818 et
2340 3762 2517 3818 variis
2549 3761 2797 3834 patratis
2844 3759 3177 3828 miraculis,
3208 3760 3273 3817 in
3302 3776 3446 3834 pace
3479 3759 3554 3815 ad
3603 3758 3922 3816 Dominum

2254 3851 2551 3925 migravit.

2828 3939 3071 3998 EODEM
3094 3938 3347 3995 MENSE.

2793 4028 2897 4085 Die
2930 4027 3163 4084 decima
3206 4028 3385 4085 tertia

2502 4117 2786 4174 Certamen
2813 4120 2992 4173 sancti
3025 4117 3291 4189 martyris
3328 4117 3672 4175 Alexandri.

2327 4235 2578 4291 Sanctus
2609 4240 2668 4290 et
2714 4234 3010 4307 gloriosus
3042 4233 3258 4289 Christi
3315 4239 3542 4306 martyr
3588 4233 3922 4290 Alexander

2254 4324 2624 4397 temporibus
2656 4324 3111 4397 persecutionis,
3140 4329 3198 4378 et
3217 4324 3375 4379 inter
3397 4324 3673 4380 tenebras
3696 4324 3915 4380 erroris

2255 4414 2669 4478 idolatrarum,
2703 4413 2863 4468 velut
2907 4413 3465 4484 splendidissimum
3499 4414 3662 4469 sidus
3693 4414 3913 4485 pietate

2255 4503 2491 4560 refulsit
2518 4503 2581 4558 in
2611 4502 2760 4557 urbe
2791 4502 3013 4573 Pydna.
3061 4502 3208 4558 Cum
3240 4507 3437 4557 autem
3470 4503 3795 4574 impiorum
3826 4504 3918 4559 in-

2258 4594 2491 4651 saniam
2522 4594 2923 4666 redargueret,
2952 4594 3375 4665 Christumque
3405 4595 3601 4666 palam
3623 4597 3921 4668 praedica-

486 4667 613 4744 στὸν
636 4667 878 4763 φανερῶς
912 4683 1222 4759 κηρύττων,
1254 4682 1343 4740 καὶ
1393 4667 1641 4744 πολλοές
1694 4686 1805 4739 τῶν
1863 4681 2143 4752 Ἑλλήνων

2262 4689 2373 4751 ret,
2407 4690 2467 4739 et
2492 4700 2563 4739 ex
2586 4683 2802 4739 Graecis
2826 4684 3164 4756 complures
3187 4684 3260 4739 ad
3292 4685 3464 4741 illum
3488 4667 3789 4744 traductos
3820 4688 3921 4744 ba-

486 4777 823 4855 ἐπιστρέφων
910 4775 1047 4851 πρὸς
1132 4772 1289 4829 αὐτὸν
1335 4772 1427 4828 καὶ
1506 4770 1810 4847 βαπτίζων.
1869 4769 2033 4827 Οὕτω
2088 4769 2147 4827 δὶ

476 4870 677 4935 ποιῶν,
711 4864 787 4928 εἰς
842 4864 1011 4941 ὀργὴν
1067 4862 1305 4934 ἐκίνησε.
1363 4860 1484 4917 καθ’
1542 4860 1736 4917 ἑαυτοῦ
1791 4859 1921 4917 τοὺς
1980 4857 2144 4916 εἰδω-

480 4953 757 5029 λολάτρας
812 4955 910 5024 τήν
970 4951 1280 5029 παῤῥησίαν
1350 4950 1516 5007 αὐτοῦ
1588 4950 1679 5006 καὶ
1758 4949 1823 5006 τὸ
1901 4948 2144 5027 ἰσχυρὸν

471 5048 569 5101 τοῦ
626 5042 797 5119 λόγου
850 5044 929 5117 μή
988 5040 1407 5115 ὑπομείναντας.
1464 5040 1624 5098 Ὅθεν
1683 5036 2136 5116 επισυναχθὲντες

471 5134 591 5189 κατ’
648 5133 841 5203 αὐτοῦ,
898 5130 993 5187 καὶ
1046 5130 1415 5206 κρατήσαντες
1474 5127 1661 5197 αὐτὸν,
1716 5126 2141 5204 ἐτιμωρήσαντο

472 5223 740 5299 ἰσχυρῶς,
766 5221 859 5276 καὶ
912 5217 1111 5294 ἔτυψαν
1159 5218 1323 5275 αὐτὸν
1383 5215 1643 5295 ἀφειδῶς,
1698 5216 2138 5292 καταναγκάσαν-

467 5332 555 5375 τες
586 5312 745 5368 αὐτὸν
778 5312 935 5366 θῦσαι
965 5315 1084 5372 τοῖς
1113 5308 1371 5379 ἀνοήτοις
1431 5312 1600 5372 θεοῖς.
1630 5308 1720 5369 Ὠς
1751 5305 1810 5363 δὲ
1865 5306 1966 5362 ούκ
1993 5302 2134 5363 ἔπει-

469 5421 563 5457 σαν
599 5448 615 5472 ,
686 5397 1044 5456 κατεδίκασαν
1132 5398 1296 5455 αὐτὸν
1384 5394 1892 5475 ἀποκεφαλισθῆναι
1923 5439 1939 5454 .
2025 5397 2128 5455 Καὶ

466 5490 644 5554 οὕτως
670 5489 1018 5567 εὐχαριστῶν
1051 5492 1131 5560 τῷ
1179 5491 1316 5561 Θεῷ,
1377 5487 1475 5557 τὴν
1544 5485 1786 5565 κεφαλὴν
1815 5485 2133 5560 ἐκτμηθεῖς,

478 5579 760 5654 παρέδωκε
786 5582 889 5651 τὴν
951 5578 1218 5655 μακαρίαν
1272 5577 1437 5634 αὐτοῦ
1495 5580 1682 5655 ψυχὴν
1727 5576 1808 5652 τῷ
1866 5576 2003 5650 Θεῷ.
2056 5578 2134 5635 Τὸ

2255 4773 2525 4846 ptizaret,
2557 4789 2923 4845 paganorum
2954 4773 3104 4829 iram
3134 4773 3195 4829 in
3217 4790 3277 4829 se
3302 4776 3641 4844 commovit,
3666 4778 3768 4849 qui
3790 4779 3923 4850 ejus

2258 4862 2619 4931 libertatem,
2644 4868 2822 4935 atque
2840 4862 2902 4919 in
2925 4863 3179 4920 dicendo
3200 4864 3318 4920 vim
3342 4882 3495 4939 aagre
3520 4867 3917 4925 sustinebant.

2252 4954 2431 5010 Facta
2478 4952 2681 5026 itaque
2736 4952 3205 5025 conspiratione,
3237 4954 3412 5013 illum
3443 4957 3919 5029 comprehende-

2251 5048 2415 5113 runt,
2442 5059 2730 5117 saevasque
2753 5042 3089 5114 subjectum
3112 5046 3453 5117 quaestioni,
3473 5052 3652 5120 atque
3673 5047 3919 5104 durissi-

2251 5150 2349 5191 mo
2406 5151 2648 5201 cassum,
2679 5133 2973 5207 urgebant
3022 5137 3089 5190 ut
3144 5133 3259 5192 diis
3319 5140 3517 5191 mente
3574 5137 3916 5193 carentibus

2250 5224 2611 5281 immolaret.
2635 5224 2781 5280 Cum
2802 5230 3002 5280 autem
3018 5224 3170 5281 nihil
3192 5224 3604 5296 profecissent,
3629 5223 3913 5283 decollari

2249 5314 2423 5371 illum
2444 5314 2682 5386 jubent.
2718 5316 2903 5385 Atque
2947 5314 3105 5370 hunc
3162 5314 3224 5369 in
3267 5313 3513 5370 modum
3543 5315 3662 5369 Deo
3694 5315 3915 5387 gratias

2248 5419 2451 5477 agens,
2502 5404 2697 5476 capite
2755 5402 2990 5475 plexus.
3024 5403 3262 5458 beatum
3322 5401 3601 5475 spiritum
3659 5404 3912 5460 Domino

2246 5493 2529 5549 tradidit:
2558 5493 2849 5565 pretiosas
2890 5497 3095 5548 autem
3143 5492 3273 5562 ejus
3328 5490 3617 5562 reliquias
3648 5492 3914 5564 religiosi

2246 5582 2489 5655 quidam
2516 5581 2838 5641 Christiani
2869 5582 3219 5655 colligentes
3250 5586 3310 5637 et
3338 5585 3796 5653 componentes,
3819 5599 3925 5639 se-

472 5671 529 5729 εὶ
554 5670 740 5745 τίμιον
768 5670 938 5727 αὐτοῦ
966 5668 1223 5744 λείψανον
1255 5664 1513 5741 ὶλόμενοί
1540 5686 1684 5732 τινες
1727 5673 1836 5723 τῶν
1880 5662 2131 5725 εύλαῦῶν
2242 5672 2567 5745 pelierunt.

475 5765 809 5840 ιριστιςνῶν
836 5758 929 5818 καί
958 5756 1396 5838 «sprevnd
