4132 6458
266 405 382 465 351

520 539 588 594 Et
616 541 888 593 certamen
917 534 1094 590 sancti
1120 531 1380 603 martyris
1411 528 1623 585 Sabini.

323 627 595 693 Sabinus,
618 626 835 684 Christi
859 628 1102 695 martyr,
1129 638 1196 677 ex
1221 620 1459 694 regione
1482 617 1733 692 Egyptii
1755 618 1898 674 fuit:

248 726 492 792 propter
521 716 965 773 incumbentem
987 729 1121 767 vero
1154 710 1586 784 persecutionis
1617 710 1902 764 sasvitiam

253 808 539 864 saeculum
569 805 872 867 deserens,
902 803 1166 869 secessit,
1200 807 1259 857 et
1291 807 1458 857 extra
1513 800 1808 855 civitatem
1841 815 1902 854 se

250 899 481 955 abdidit
508 898 570 952 in
599 897 870 968 exiguam
901 893 1346 950 domunculam.
1381 893 1526 948 Cum
1554 897 1753 947 autem
1777 907 1904 945 ma-

255 1005 372 1061 gna
399 986 872 1043 Christianorum
902 984 1222 1040 multitudo
1248 983 1319 1039 ab
1345 982 1639 1037 idolorum
1671 981 1906 1039 cultori-

251 1078 364 1136 bus
381 1075 1006 1148 comprehenderetur,
1029 1073 1282 1129 Sabinus
1299 1073 1477 1128 etiam
1497 1071 1782 1143 qumsitus
1794 1079 1904 1140 est,

237 1153 371 1222 inec
407 1167 704 1233 inventus,
739 1164 896 1220 haud
927 1163 1039 1219 levi
1100 1161 1375 1219 inﬁdeles
1432 1161 1634 1216 dolore
1687 1163 1903 1218 an‘ecit.

253 1258 414 1312 Tunc
443 1255 756 1311 mendicus
787 1252 1030 1325 quidam
1060 1251 1270 1307 solitus
1300 1250 1374 1306 ad
1423 1250 1706 1305 Sabinum
1739 1267 1908 1306 acce-

257 1345 421 1409 dere,
453 1344 526 1400 ab
561 1360 748 1414 eoque
781 1343 1051 1414 accipere
1088 1341 1266 1396 victui
1325 1339 1686 1410 necessaria,
1717 1340 1907 1396 idola-

254 1435 364 1491 tris
395 1434 580 1488 dixit:
613 1433 764 1498 Quid
791 1431 1010 1487 dabitis
1070 1430 1239 1498 mihi,
1274 1435 1332 1485 et
1385 1428 1696 1484 ostendam
1745 1429 1908 1484 vobis

229 1585 235 1592 _
259 1541 438 1597 quem
461 1521 729 1594 quaeritis
756 1520 1038 1576 Sabinum
1061 1521 1088 1576 ?
1109 1519 1410 1575 Dederunt
1429 1523 1629 1573 autem
1656 1519 1707 1572 ei
1739 1535 1908 1574 num-

255 1632 385 1671 mos
416 1613 589 1679 duos,
622 1629 878 1683 eumque
910 1610 1119 1678 secuti,
1153 1611 1456 1665 irruerunt
1485 1610 1545 1664 in
1577 1608 1909 1664 domuncu-

253 1703 395 1770 lam,
429 1708 606 1773 atque
639 1701 1138 1773 comprehensum
1189 1700 1471 1755 Sabinum
1529 1700 1909 1770 vinctumque

255 1791 631 1848 adduxerunt
659 1790 734 1846 ad
756 1790 1090 1862 praesidem.
1125 1789 1280 1844 Dixit
1308 1805 1484 1860 porro
1507 1788 1578 1844 ad
1603 1805 1738 1843 eum
1763 1806 1908 1859 prae-

1549 397 1598 454 M
1612 395 1991 457 ENOLOGII
2034 394 2235 459 PARS
2279 397 2357 458 ΙΙΙ
2371 439 2386 457 .

1925 529 1983 596 Α

2190 527 2289 582 Καὶ
2330 525 2561 599 ἄθλησις
2589 528 2686 582 τοῦ
2717 521 2870 602 ἅγίου
2903 525 3178 602 μάρτυρος
3224 515 3480 578 Σαϐίνου.

2081 612 2337 684 Σαϐῖνος,
2369 621 2523 675 ὁτοῦ
2553 619 2791 694 Χριστοῦ
2845 618 3074 690 μάρτυς,
3133 615 3380 690 ὑπῆρχεν
3441 613 3500 669 ἐκ
3554 617 3667 684 τῆς

2007 708 2195 783 χώρας
2241 707 2540 784 Αἰγύπτου·
2603 707 2693 763 διὰ
2749 704 2806 762 δέ
2863 708 2961 777 τήν
3019 703 3369 777 ἐπικειμένην
3431 701 3667 780 ἀνάγκην

2007 801 2103 851 τοῦ
2162 795 2414 870 διωγμοῦ
2469 796 2789 853 καταλιπὼν
2839 795 2930 851 τὸν
2993 795 3225 868 κόσμον,
3290 793 3665 868 ἀνεχώρησεν,

2006 885 2096 941 καὶ
2145 885 2377 957 ἐξελθὼν
2455 881 2556 957 ἔξω
2608 893 2708 955 τῆς
2763 885 2980 946 πόλεως
3027 882 3390 941 κατεκύπτετο
3422 881 3475 938 ἐν
3502 881 3666 952 οἰκή-

2011 997 2138 1048 ματι
2195 981 2397 1050 μικρῷ.
2467 974 2702 1032 Πολλῶν
2763 973 2820 1031 δὲ
2875 974 3260 1050 κρατουμένων
3325 975 3663 1048 Χριστιανῶν

2011 1062 2114 1119 ὑπὸ
2142 1069 2254 1120 τῶν
2286 1061 2732 1140 εἷδωλολατρῶν,
2790 1063 3035 1135 ἐζητεῖτο
3066 1063 3158 1118 καὶ
3215 1063 3243 1117 6
3294 1057 3546 1127 Σαϐῖνος,
3571 1059 3664 1116 καὶ

2011 1153 2090 1226 μὴ
2126 1153 2534 1226 εὑρισκόμενος,
2566 1151 2755 1208 ἐλύπει
2804 1151 2934 1216 τοὺς
2986 1149 3268 1216 ἀπίστους.
3329 1151 3470 1208 Τότε
3499 1169 3670 1225 προσ·
3725 1179 3728 1182 ~

2010 1241 2184 1298 ελθὼν
2235 1244 2311 1304 εἷς
2367 1242 2615 1318 πτωχὸς,
2649 1243 2676 1296 6
2711 1242 2848 1318 πρὸς
2893 1239 3052 1296 αὐτὸν
3110 1239 3514 1316 ἀπερχόμενος,
3574 1237 3663 1293 καὶ

2011 1325 2309 1404 λαμϐάνων
2351 1333 2583 1410 τροφὴν,
2643 1334 2764 1386 εἷπε
2810 1338 2928 1392 τοῖς
2987 1327 3447 1406 εἰδωλολάτραις·
3485 1327 3547 1384 Τί
3577 1348 3672 1400 μοι

2013 1415 2214 1486 δίδοτε,
2245 1419 2396 1495 κάγὼ
2434 1416 2702 1489 ὑποδείξω
2735 1419 2862 1491 ὑμῖν
2924 1418 2982 1472 δν
3045 1422 3254 1488 ζητεῖτε
3313 1411 3568 1473 Σαϐῖνον.
3601 1417 3670 1473 Οἱ

2013 1504 2070 1562 δὲ
2099 1504 2303 1562 ἔδωκαν
2335 1507 2484 1580 αὐτῷ
2540 1508 2857 1582 νομίσματα
2918 1506 3040 1564 δύο.
3100 1507 3202 1564 Καὶ
3261 1505 3664 1577 ἀκολουθήσαν-

2009 1618 2098 1661 τες
2147 1595 2295 1669 αὐτῷ
2343 1597 2430 1652 καὶ
2489 1597 2799 1660 ἐπιστάντες
2870 1601 2950 1669 τῷ
2999 1595 3292 1670 οἷ’κήματι,
3351 1595 3656 1671 ἐκράτησαν

2009 1686 2102 1742 τὸν
2137 1681 2384 1757 Σαϐῖνον;
2417 1685 2506 1741 καὶ
2539 1684 2798 1758 δήσαντες
2855 1683 3057 1761 ἤγαγον
3111 1687 3248 1760 πρὸς
3277 1686 3366 1741 τὸν
3399 1683 3668 1762 ἄρχοντα.

2015 1777 2112 1831 Καὶ
2145 1777 2258 1832 εἶπε
2288 1778 2424 1839 πσὸς
2455 1776 2618 1833 αὐτὸν
2677 1779 2705 1832 ὁ
2763 1778 2973 1854 ἄρχων·
3036 1775 3133 1832 Διὰ
3185 1777 3262 1847 τί,
3313 1779 3666 1854 καταφρονῶν

252 1897 394 1938 ses:
448 1882 638 1946 Quare
693 1885 1081 1934 contemnens
1139 1877 1399 1933 edictum
1457 1866 1903 1949 imperatorum,

2017 1870 2111 1922 τοῦ
2142 1868 2568 1944 προστάγματος
2615 1871 2725 1923 τῶν
2779 1866 3070 1943 βασιλέων,
3101 1866 3191 1922 καὶ
3238 1870 3350 1922 τῶν
3403 1865 3666 1940 μεγίστων

254 1985 623 2042 magnosque
667 1969 828 2034 deos,
889 1969 1156 2040 ignotum
1191 1967 1510 2038 quemdam
1542 1967 1719 2022 deum
1752 1984 1907 2038 pras-

255 2058 417 2115 dicas
444 2058 471 2112 ?
500 2060 598 2114 Ib
632 2057 960 2129 Respondit
995 2056 1245 2112 Sabinus
1273 2073 1285 2112 :
1333 2057 1482 2122 Quia
1511 2056 1672 2112 hunc
1731 2073 1908 2128 quem

252 2148 510 2220 praedico
544 2148 749 2210 Deum,
783 2164 903 2219 prae
935 2146 1214 2201 omnibus
1245 2146 1538 2211 confiteri,
1573 2146 1746 2217 eique
1779 2163 1906 2201 cre-

255 2237 396 2292 dere
425 2243 482 2291 te
515 2241 766 2307 Oportet.
801 2236 1003 2306 Itaque
1035 2240 1170 2306 post
1225 2239 1522 2290 tormenta
1550 2235 1613 2290 in
1664 2235 1908 2290 ﬂuvium

255 2325 578 2400 projectus,
609 2326 789 2380 vitam
824 2325 1034 2380 ﬁnivit.

822 2415 1062 2470 EODEM
1094 2413 1347 2470 MENSE.

787 2503 891 2560 Die
915 2503 1146 2559 decima
1168 2508 1380 2574 quarta

228 2585 713 2650 ‘Comnicmoratio
742 2594 922 2649 sancti
945 2594 1130 2648 Patris
1148 2595 1322 2648 nostri
1350 2593 1736 2649 Euschcmonis
1763 2593 1910 2664 epis-

845 2682 972 2753 copi
999 2684 1306 2753 Lampsaci.

326 2773 576 2829 Sanctus
605 2775 780 2830 Pater
830 2778 1036 2829 noster
1065 2773 1403 2844 Christique
1463 2771 1768 2829 confessor
1794 2773 1906 2827 Eu-

237 2863 556 2926 'schemon,
607 2881 640 2918 a
695 2879 879 2936 puero
937 2863 1120 2934 probe
1180 2862 1548 2934 honesteque
1601 2861 1906 2930 educatus,

241 2951 433 3008 factus
467 2958 556 3008 est
587 2953 702 3008 Deo
734 2953 962 3008 amicus
990 2969 1004 3019 ;
1063 2957 1242 3024 atque
1275 2951 1338 3006 in
1368 2952 1564 3008 virum
1626 2951 1903 3019 evadens,

246 3041 572 3096 sacrarium
625 3041 739 3096 fuit
795 3040 1158 3097 sanctissimi
1227 3041 1502 3112 Spiritus.
1559 3041 1904 3112 Angelicam

245 3129 463 3185 deinde
495 3131 806 3202 amplexus
834 3131 1035 3190 vitam,
1087 3129 1476 3185 orthodoxam
1508 3129 1773 3184 studiose
1814 3146 1903 3185 se-

2017 1961 2176 2027 θεῶν,
2204 1953 2391 2034 ἕτερον
2449 1957 2567 2021 θεὸν
2629 1955 2916 2032 κηρύττεις
2973 1956 3348 2032 ἀγνώριστονς
3406 1957 3464 2011 Ὀ
3515 1952 3572 2010 δὲ
3593 1953 3669 2010 είς-

2013 2046 2155 2116 πὼν,
2187 2044 2271 2100 δτι
2318 2045 2553 2103 Μᾶλλον
2595 2047 2654 2101 ὃν
2688 2045 2795 2120 ἐγὼ
2825 2045 3081 2122 κηρύττω
3115 2048 3267 2117 Θεὸν,
3301 2043 3540 2108 ὀφείλεις
3581 2043 3674 2099 καὶ

2015 2132 2078 2189 σὺ
2128 2134 2442 2209 γνωρίσαι,
2526 2135 2616 2191 καὶ
2700 2139 2980 2190 πιστεῦσαι
3080 2134 3248 2208 αὐτῷ·
3326 2135 3666 2210 τιμωρηθεὶς

2016 2221 2212 2302 ἐῤῥίφη
2247 2222 2299 2278 ἐν
2324 2229 2404 2298 τῷ
2434 2229 2690 2298 ποταμῷ,
2721 2224 2813 2280 καὶ
2844 2223 3163 2295 ἐτελειώθη.

2548 2405 2729 2463 ΜΗΝΙ
2777 2406 2862 2460 ΤΩ
2916 2405 3134 2462 ΑΥΤΩ.

2800 2496 2880 2552 ΙΔ’

2013 2581 2220 2656 Μνήμη
2253 2583 2352 2637 τοῦ
2380 2579 2533 2637 ὁσίου
2565 2581 2777 2654 Πατρὸς
2827 2582 2989 2654 ἡμων
3023 2580 3418 2656 Εὐσχήμονος,
3447 2577 3672 2636 ἐπισκό-

2601 2691 2708 2726 που
2758 2671 3086 2744 Λαμψάκου.

2081 2770 2275 2846 Βύσχή
2288 2792 2404 2844 μων
2433 2771 2462 2827 6
2493 2770 2545 2826 ἐν
2577 2769 2758 2845 ἁγίοις
2814 2771 3000 2844 Πατὴρ
3049 2773 3212 2844 ἡμῶν
3264 2769 3354 2825 καὶ
3387 2767 3671 2846 ὁμολογη-

2009 2863 2111 2932 τὴς
2140 2865 2239 2916 τοῦ
2284 2865 2540 2936 Χριστοῦ,
2600 2860 2660 2916 ἐκ
2719 2859 2952 2940 βρέφους
3007 2858 3194 2924 καλῶς
3252 2862 3340 2917 καὶ
3403 2859 3668 2937 ἑναρέτως

2011 2951 2286 3024 αὐξηθεὶς,
2347 2949 2507 3028 φίλος
2557 2951 2746 3028 γέγονε
2800 2953 2895 3006 τοῦ
2952 2951 3210 3028 Χριστοῦ·
3244 2950 3333 3006 καὶ
3365 2949 3443 3016 είς
3506 2948 3673 3024 ἄνδρα

2009 3042 2221 3096 τέλειον
2253 3041 2479 3119 φθάσας,
2511 3041 2638 3103 ναὸς
2701 3041 2906 3112 ὑπῆρξε
2958 3045 3056 3096 τοῦ
3112 3041 3378 3117 παναγίου
3420 3041 3672 3114 Πνεῦμα-

2009 3151 2127 3199 τος,
2183 3131 2274 3185 τὸν
2335 3128 2625 3205 ἁγγελικὸν
2690 3129 2807 3206 βίον
2855 3129 3135 3203 ἐλόμενος
3182 3130 3272 3185 καὶ
3321 3131 3420 3200 τὴν
3453 3128 3675 3208 690660-

229 3220 233 3225 ’
267 3224 560 3275 ctatusest
581 3219 778 3275 ﬁdem:
806 3237 874 3276 ac
895 3219 1138 3275 domum
1171 3219 1244 3274 ad
1271 3219 1624 3274 hierarchici
1657 3219 1898 3274 culmen

2017 3221 2102 3292 Εον
2140 3220 2319 3274 πίστιν
2367 3217 2774 3294 ἐρατισάμενος.
2835 3218 3013 3276 Ἀλλᾶ
3067 3241 3156 3274 και
3205 3219 3284 3284 εἲς
3335 3221 3399 3275 τὸ
3446 3226 3548 3289 τῆς
3579 3219 3677 3296 ἆρ-

243 3315 479 3364 evectus
508 3309 774 3374 honoris,
810 3309 1103 3380 spirituali
1138 3307 1417 3380 impletus
1448 3315 1538 3363 est
1584 3310 1808 3381 gratia:
1843 3315 1903 3364 et

2017 3264 2099 3292 ην.
2367 3264 2390 3274 -
2432 3264 2588 3274 -..η
2637 3264 2774 3281 -.-ν
2853 3264 3013 3276 ........
3069 3264 3156 3274 η...
3205 3264 3282 3284 ...,
3346 3264 3398 3275 ...
3457 3264 3547 3289 ..μ
3580 3264 3612 3275 .,

2017 3307 2364 3386 χιερωσόνης
2395 3264 2532 3382 ίὶψος
2586 3264 2852 3379 ἓνελθὼν,
2894 3329 3122 3384 χαριτος
3181 3307 3480 3385 ἐπληρώθη
3516 3264 3676 3365 πνεῦ-

244 3397 442 3453 divino
474 3415 795 3454 succensus
837 3398 979 3458 zelo.
1040 3398 1570 3453 Iconomachorum
1625 3398 1902 3455 haeresim

237 3488 526 3558 repressit
556 3505 624 3543 ac
653 3487 845 3561 fregit.
883 3487 1165 3543 Miracula
1195 3505 1434 3560 quoque
1469 3487 1657 3543 multa
1682 3505 1747 3544 ac
1778 3506 1902 3545 ma-

239 3591 356 3648 gna
387 3577 670 3647 patravit:
707 3583 884 3649 atque
919 3577 1074 3632 inter
1100 3577 1219 3632 alia
1251 3577 1544 3632 infantem
1577 3583 1901 3647 mortuum,

245 3664 358 3719 sibi
382 3682 416 3720 a
444 3673 632 3721 matre
663 3666 1131 3737 lacrymabunda
1170 3666 1568 3738 deportatum,
1601 3666 1674 3722 ad
1705 3667 1903 3734 vitam,

242 3753 377 3808 fusa
398 3756 470 3809 ad
494 3757 679 3810 Deum
707 3757 999 3822 oratione,
1027 3755 1334 3810 revocavit.
1361 3755 1521 3810 Feris
1545 3755 1905 3811 animalibus

253 3843 533 3898 terribilis
563 3844 770 3899 factus.
798 3844 924 3898 solo
949 3845 1123 3913 jussu
1151 3843 1221 3897 ab
1242 3845 1416 3916 agris,
1441 3844 1658 3915 quibus
1690 3861 1902 3900 noxam

251 3931 609 3998 inferebant,
644 3948 713 3986 ea
757 3931 997 4003 repulit.
1038 3931 1329 3986 Custodim
1362 3931 1621 4004 denique
1653 3933 1906 3989 traditus

251 4020 324 4075 ab
349 4036 438 4080 eo,
471 4020 571 4092 qui
605 4025 746 4075 tunc
773 4021 1091 4092 imperium
1123 4021 1452 4088 obtinebat,
1481 4021 1761 4077 hmretico
1794 4028 1903 4078 im-

249 4114 545 4180 peratore,
578 4109 738 4165 velut
769 4127 1072 4164 sacrarum
1115 4110 1440 4183 imaginum
1499 4111 1709 4170 cultor.
1743 4112 1904 4184 ipsos

231 4198 524 4254 custodes
551 4215 690 4254 suos
719 4199 860 4255 fecit
885 4216 940 4254 οι
955 4191 1226 4254 ιΗοάοιω
1272 4199 1409 4255 fidei
1462 4217 1592 4255 esse
1622 4201 1900 4268 cultores,

248 4303 358 4343 sua
388 4287 656 4344 doctrina
687 4305 1023 4359 persuasos.
1052 4289 1321 4356 Quarein
1350 4290 1627 4346 exsilium
1655 4292 1900 4363 ejectus,

243 4376 426 4432 vitam
460 4377 666 4434 finivit.

236 4506 243 4512 .
318 4470 358 4519 E
388 4475 690 4524 certamen
721 4474 1065 4525 sanctorum
1090 4476 1422 4541 martyrum
1455 4470 1666 4543 Satyri,
1700 4471 1902 4527 Satur-

247 4554 380 4616 nili,
412 4557 682 4623 Reucati,
714 4559 1021 4629 Perpetua
1055 4564 1113 4612 et
1143 4559 1488 4627 Felicitatis,
1522 4576 1653 4631 quas
1703 4560 1903 4616 Roma

2015 3402 2275 3472 ματικῆς.
2333 3395 2438 3455 Καὶ
2481 3393 2638 3471 ζήλῳ
2685 3396 2813 3470 θείῳ
2860 3396 3151 3473 πυρωθεῖς,
3181 3399 3282 3467 τήν
3339 3403 3449 3453 τῶν
3510 3398 3672 3456 Εἰκο-

2007 3493 2276 3560 νομαχων
2321 3482 2610 3540 κατέλυσεν
2670 3482 2896 3560 α’ίρεσιν.
2955 3485 3220 3556 Ἐποίησε
3278 3485 3335 3542 δὶ
3393 3486 3483 3542 καὶ
3537 3486 3669 3542 θαύ-

2014 3595 2158 3648 ματα
2207 3572 2395 3630 πολλᾶ
2451 3573 2541 3628 καὶ
2601 3571 2898 3649 παράδοξα.
2957 3574 3232 3644 Τεθνηκὸς
3286 3575 3387 3652 γὰρ
3450 3575 3667 3655 βρέφος,

2014 3663 2422 3740 βασταζόμενον
2491 3664 2592 3720 ὑπὸ
2647 3667 2747 3730 τῆς
2812 3663 3019 3737 μητρὸς
3075 3665 3163 3718 καὶ
3224 3663 3547 3737 κλαιούσης,
3581 3666 3672 3721 εὖ-

2011 3753 2235 3825 ξάμενος
2287 3758 2367 3825 τῷ
2419 3757 2558 3825 Θεῷ,
2617 3753 2755 3828 πρὸς
2816 3753 2961 3822 ζωήν
3021 3753 3352 3830 ἐπανήγαγε·
3421 3755 3512 3810 καὶ
3569 3767 3672 3826 θη-

2011 3843 2152 3916 ρίοις
2191 3843 2402 3918 ἀγρίοις
2462 3836 2696 3920 φοϐερός
2747 3843 2958 3917 γέγονε.
3020 3846 3313 3918 Προσταξει
3369 3845 3468 3918 γὰρ
3530 3864 3666 3916 μονη

2009 3931 2144 3987 αὐτᾶ
2172 3929 2445 3988 ἀπεδιώκε
2479 3930 2608 3994 τοὺς
2664 3931 2862 4008 ἀγροὺς
2922 3927 3392 3987 καταϐλάπτοντα.
3451 3935 3528 4006 Τῇ
3560 3953 3661 4009 φυ-

2009 4017 2153 4090 λακῇ
2201 4017 2258 4075 δὶ
2285 4017 2611 4096 παραδοθεὶς
2665 4021 2812 4094 παρᾶ
2857 4024 2955 4076 τοῦ
3007 4023 3333 4092 κρατοῦντος
3391 4020 3664 4094 αἱρετικοῦ

2014 4106 2308 4184 βασιλέως,
2343 4109 2418 4171 ὡς
2455 4110 2845 4184 προαυνητής
2885 4115 2996 4165 τῶν
3028 4109 3193 4184 ἁγίων
3225 4107 3471 4180 εἰκόνων,
3492 4131 3667 4186 προσ-

2008 4199 2245 4267 κυνητὰς
2274 4201 2375 4264 τῆς
2433 4197 2729 4273 ὀρθοδόξου
2779 4199 3014 4277 πίστεως
3070 4197 3196 4261 τοὺς
3243 4197 3404 4254 αὐτὸν
3463 4199 3671 4277 φυλάτ-

2007 4299 2201 4340 τοντας
2252 4282 2322 4352 τῇ
2381 4279 2508 4354 παρ’
2595 4278 2758 4334 αὖνοῦ
2846 4276 3173 4353 διδασκαλίᾳ
3249 4276 3545 4353 πεποίηκεν
3595 4280 3672 4347 εἷς

2007 4367 2218 4443 ἐξορίαν
2259 4366 2316 4424 δε
2345 4368 2673 4432 ἀποσταλεὶς
2705 4368 3024 4438 ἐτελειώθη.

2083 4457 2181 4513 Καὶ
2210 4455 2440 4528 ἄθλησις
2496 4462 2604 4514 τῶν
2659 4458 2822 4535 ἁγίων
2879 4458 3168 4533 μαρτύρων
3231 4459 3501 4536 Σατύρου,
3559 4466 3666 4515 Σα-

2005 4547 2291 4622 τουρίλου,
2343 4547 2658 4618 Ῥευκάτου,
2715 4547 3080 4623 Περπετούας,
3137 4549 3231 4604 καὶ
3287 4547 3664 4620 Φιληκιτάτης

245 4645 599 4714 martyrium
640 4646 991 4702 subierunt:
1041 4663 1279 4704 necnon
1337 4648 1658 4705 Alexandri
1691 4649 1753 4706 in
1785 4651 1900 4722 Py—

2017 4635 2061 4692 ἐν
2091 4640 2160 4711 τῇ
2217 4636 2410 4713 Ῥώμῃ
2474 4638 2956 4714 μαρτυρησάντων.
3013 4638 3114 4695 Καὶ
3177 4635 3539 4715 Ἀλεξάνδρου
3567 4643 3664 4695 τοῦ

244 4731 384 4790 dna.

814 4824 1059 4881 EODEM
1095 4826 1240 4882 ΜΕΝ
1247 4825 1326 4881 SE

237 4960 247 4966 .
745 4913 850 4970 Die
902 4912 1134 4970 decima
1189 4915 1401 4987 quinta

236 5003 350 5062 .10
381 5001 666 5058 Certamen
689 5009 1001 5058 sanctorum
1028 5011 1336 5073 martyrum
1379 5003 1636 5073 Timolai,
1668 5007 1898 5079 Agapii,

884 5100 936 5149 et
962 5095 1256 5149 sociorum.

239 5199 250 5246 ᾖ
308 5182 505 5247 Sancti
541 5182 663 5250 isti,
686 5181 1133 5254 multorumque
1177 5183 1574 5239 certaminum
1606 5189 1899 5256 martyres

240 5273 479 5336 Christi,
515 5271 880 5328 Diocletiano
911 5273 1292 5343 imperatore,
1325 5273 1612 5328 vixerunt.
1642 5276 1900 5347 Agapius

245 5363 488 5435 quidem
541 5378 612 5417 ex
658 5360 806 5416 urbe
838 5362 1006 5427 Gaza,
1037 5359 1337 5415 Timolaus
1394 5377 1530 5415 vero
1589 5379 1660 5419 ex
1713 5365 1898 5420 Ponto

247 5451 496 5520 Euxino,
557 5450 896 5523 Dionysius,
946 5455 1006 5504 et
1051 5448 1203 5503 alter
1259 5449 1577 5521 Dionysius
1624 5469 1696 5508 ex
1753 5453 1899 5509 urbe

245 5542 462 5614 Tripoli
517 5541 859 5604 Pbuaniciae,
921 5537 1206 5593 Romulus
1265 5539 1766 5611 Dispolitanorum
1795 5544 1900 5599 Ec-

247 5629 444 5685 clesiae
477 5630 896 5686 subdiaconus.
937 5628 1039 5683 liic
1071 5643 1373 5683 accessere
1404 5629 1521 5684 duo
1580 5631 1900 5689 Alexandri

250 5735 320 5776 ex
347 5721 612 5792 Egypto.
648 5720 715 5777 Hi
745 5719 1006 5776 fervente
1038 5718 1476 5793 persecutione,
1493 5719 1708 5779 Christi
1741 5739 1898 5782 amo-

2007 4725 2059 4784 ἐν
2093 4723 2294 4802 Πύδνῃ.

2551 4819 2736 4878 MHNI
2773 4823 2862 4876 ΤΩ
2899 4819 3102 4879 ΑΥΤΩ.

2789 4908 2876 4966 IE‘

2007 5003 2278 5076 Ἀθλησις
2295 5008 2405 5062 τῶν
2433 5004 2600 5081 ἁγίων
2655 5009 2946 5083 μαρτυρῶν
3001 5004 3315 5080 Τιμολάου,
3368 5006 3664 5083 ’Λγάπίοικ

2505 5096 2596 5150 καὶ
2648 5099 2759 5151 τῶν
2819 5093 2915 5151 σὺν
2948 5093 3163 5158 αὐτοῖς.

2081 5182 2248 5241 Οὗτοι
2280 5183 2334 5238 οἱ
2373 5185 2521 5259 ἅγιοι
2577 5184 2668 5239 καὶ
2712 5183 3022 5249 πολύαθλοι
3072 5189 3170 5240 τοῦ
3232 5187 3469 5258 Χριστοῦ
3528 5189 3668 5263 μάρ-

2008 5293 2163 5347 τυρες
2208 5273 2463 5348 ὑπῆρχον
2543 5273 2634 5330 ἐπὶ
2690 5271 3091 5344 Διοκλητιανοῦ
3143 5278 3241 5329 τοῦ
3293 5275 3584 5351 βασιλέως
3639 5278 3670 5334 6

2013 5362 2109 5436 μὶν
2169 5364 2435 5436 ’Δγαπιος
2483 5363 2590 5420 ἀπὸ
2641 5366 2818 5434 Γάζης
2870 5370 2971 5433 τῆς
3029 5363 3270 5427 πόλεως’
3316 5365 3345 5419 6
3402 5363 3462 5421 δὲ
3488 5367 3672 5441 Τιμό-

2010 5449 2145 5514 λαος
2228 5449 2290 5507 ἐκ
2358 5456 2456 5507 τοῦ
2543 5452 2768 5524 Εὖξίνου
2827 5451 3056 5508 Πόντου·
3118 5451 3397 5516 Διονύσιος
3456 5451 3536 5521 δὲ,
3579 5456 3672 5512 καὶ

2008 5537 2187 5606 ἓτεςος
2249 5541 2528 5605 Διονύσιος
2587 5540 2647 5597 ἐκ
2693 5539 3018 5616 Τριπόλεως
3072 5547 3174 5610 τῆς
3217 5540 3503 5612 Φοινίκηςο
3536 5543 3673 5599 Ῥώο

2013 5631 2190 5706 μυλος
2213 5629 2271 5688 δὶ
2299 5633 2365 5701 ἦν
2385 5629 2750 5693 ὑποδιάκονὸς
2773 5637 2876 5695 τῆς
2903 5629 3290 5686 Διοσπολιπῶν
3314 5631 3670 5704 Ἐκκλησίας.

2011 5720 2258 5796 Πλησίον
2300 5721 2358 5780 δὲ
2411 5723 2614 5801 καλοῖ
2640 5719 2764 5779 δύὸ-
2792 5719 3143 5804 ’Δλεεανδροι
3201 5721 3310 5779 ἀπὸ
3364 5723 3672 5802 Αἰγύπτορς
