4132 6464
430 387 551 449 353

1977 376 2301 442 ΜΑΗΙῙΙΒ.

3732 405 3808 462 35
3818 397 3868 461 Alt

431 518 664 586 Οἲτινες,
700 516 948 596 διωγμοῦ
998 515 1176 590 ὄντος,
1237 517 1327 576 διὰ
1382 520 1475 576 τὸν
1526 518 1663 596 πρὸς
1720 517 1952 593 Χριστὸν
1991 510 2063 567 πό

2207 526 2270 567 re
2303 514 2597 582 succensi,
2629 518 2900 589 proprias
2932 519 3259 579 vincientes
3307 539 3544 598 manus,
3575 527 3860 588 Caesareas

429 620 522 674 θον
583 609 844 680 δήσαντες
893 610 989 672 τὶς
1048 611 1252 666 ἑαυτῶν
1311 611 1538 686 Χεῖρας,
1585 609 1886 681 αὐτόματοι
1922 621 2092 678 προσ-

425 696 599 768 ῆλθον
661 701 743 770 τῷ
807 699 934 754 τότε
1020 698 1365 776 βασανίζοντι
1444 697 1800 775 Χριστιανοὺς
1857 690 2091 769 ἡγεμόνι

425 793 526 857 τῆς
586 786 899 863 Καισαρίων
955 787 1193 851 πόλεως.
1262 789 1364 848 Καὶ
1444 790 1724 854 σταθέντες
1782 783 2088 859 ἔμπροσθεν

427 876 614 947 αὐτοῦ,
691 876 1051 954 Χριστιανοὺς
1130 878 1355 942 ἑαυτοὺς
1440 877 1837 954 ὡμολόγησαν.
1891 873 1953 931 Ὀ
2031 867 2090 928 δδ

432 967 687 1042 ἡγεμὼν,
745 964 978 1023 πλεῖστα
1031 966 1259 1032 τούτους
1315 967 1722 1044 παρακαλεσας,
1775 963 1868 1021 καὶ
1925 963 2092 1034 ἀναγ-

429 1062 596 1120 κάσας
652 1057 830 1127 θῦσαι,
887 1056 979 1113 καὶ
1035 1054 1186 1132 δῶρα
1257 1058 1345 1115 καὶ
1421 1058 1586 1132 τιμὰς
1659 1055 1846 1116 αὐτοῖς
1904 1050 2090 1107 δοῦναι

430 1145 815 1222 δποσχόμενος
850 1145 1211 1218 ὁπακούσασι,
1263 1147 1355 1203 καὶ
1383 1148 1523 1222 πρὸς
1554 1149 1619 1203 τὸ
1648 1147 1842 1202 δαυτοῦ
1871 1143 2091 1215 θελημα

432 1236 612 1304 ἐλθεῖν
668 1244 852 1294 πείσαι
913 1237 990 1312 μὴ
1047 1234 1319 1309 δυνηθεὶς,
1380 1238 1763 1313 ἐτιμωρήσατο
1823 1233 2090 1308 ἰσχυρῶς.

426 1325 530 1384 Καὶ
565 1327 702 1400 μετᾶ
727 1326 824 1389 τὰς
849 1326 1148 1401 τιμωρίας,
1206 1325 1348 1402 ξίφει
1403 1327 1611 1384 τούτων
1667 1325 1959 1398 ἀποτέμνει
1989 1322 2086 1386 τὰς

419 1414 686 1494 κεφαλὰς,
730 1415 825 1471 καὶ
856 1414 1000 1472 οὕτω
1050 1413 1372 1493 παρέδωκαν
1427 1416 1524 1480 τὰς
1571 1417 1726 1492 ἁγίας
1775 1413 1959 1490 ψυχὰς
1998 1411 2090 1469 αύ-

432 1508 542 1561 τῶν
564 1509 644 1560 τῶ
673 1505 874 1582 Κυρίῳ.

562 1649 669 1709 Καὶ
699 1647 931 1723 ἄθλησις
958 1656 1059 1708 τοῦ
1105 1649 1268 1728 ἁγίου
1302 1653 1580 1730 μάρτυρος
1609 1649 1935 1728 Νικάνδρου

499 1792 810 1873 Νίκανδρος,
859 1797 888 1852 ὁ
943 1801 1043 1853 τοῦ
1101 1801 1337 1873 Χριστοῦ
1399 1798 1697 1875 μάρτυς,ἦν
1744 1797 1839 1871 μὶν
1870 1795 1960 1852 καὶ
1992 1780 2084 1850 αύιξ

2205 601 2465 671 praasidi,
2527 605 2892 663 Christianos
2949 611 3158 668 eodem
3219 619 3485 686 tempore
3537 623 3858 691 torquenti,

2204 697 2416 761 sponte
2438 709 2568 748 sese
2591 694 2955 762 obtulerunt,
2980 706 3038 755 et
3057 718 3259 757 coram
3281 703 3408 776 ipso
3433 711 3678 775 stantes,
3703 711 3864 765 Chri-

2205 779 2430 836 stianos
2462 799 2524 838 se
2557 800 2688 840 esse
2736 788 2992 844 confessi
3053 797 3210 848 sunt.
3273 795 3500 850 Praases
3547 813 3688 854 vero
3720 816 3857 856 cum

2201 867 2474 938 pluribus
2504 888 2606 928 eos
2636 874 3074 948 adhortaretur,
3123 884 3627 957 compelleretque
3667 894 3734 943 ut
3763 907 3860 946 sa-

2201 961 2561 1030 criﬁcarent,
2581 983 2834 1024 munera
2853 969 3250 1044 honoresque,
3275 976 3323 1029 si
3347 977 3858 1052 paruissent,ipsis

2201 1067 2264 1106 se
2294 1052 2572 1112 daturum
2603 1059 2943 1129 spondens;
2976 1078 3230 1134 cumque
3262 1065 3337 1120 ad
3368 1083 3538 1123 suam
3585 1070 3858 1127 volunta-

2201 1145 2322 1198 tem
2351 1159 2454 1198 eos
2487 1146 2719 1203 trahere
2768 1165 2890 1205 non
2938 1158 3160 1222 posset,
3211 1155 3512 1212 atrocibus
3543 1161 3856 1216 tormentis

2201 1230 2492 1304 subjecit:
2525 1241 2778 1309 postque
2808 1240 3126 1310 cruciatus,
3168 1242 3353 1314 jussit
3388 1245 3630 1303 illorum
3660 1250 3856 1321 capita

2197 1319 2394 1392 gladio
2424 1323 2730 1381 abscindi:
2793 1333 2972 1400 atque
3030 1330 3112 1387 ita
3169 1339 3403 1390 sanctas
3456 1352 3594 1393 suas
3625 1319 3854 1395 animas

2198 1409 2448 1469 Domino
2480 1414 2798 1472 tradidere.

2409 1644 2476 1700 Et
2508 1652 2782 1704 certamen
2821 1653 3000 1708 sancti
3044 1655 3308 1724 martyris
3338 1653 3628 1713 Nicandri.

2265 1786 2580 1857 Nicander,
2613 1791 2829 1848 Christi
2861 1799 3106 1867 martyr,
3141 1796 3345 1853 ﬂoruit
3374 1805 3431 1855 et
3459 1801 3588 1873 ipse
3620 1802 3860 1859 Diocle-‘

428 1882 519 1946 τὸς
545 1883 625 1939 ἐπὶ
680 1891 782 1955 τῆς
839 1885 1118 1961 βασιλείας
1172 1885 1592 1957 Διοκλητιανοῦ.
1645 1886 1780 1962 Εἶχε
1830 1885 1888 1941 δὶ
1918 1883 2069 1961 ἔργον

2193 1875 2355 1932 tiano
2387 1876 2768 1950 imperatore.
2797 1882 3134 1940 Adhibebat
3162 1893 3363 1943 autem
3391 1891 3675 1947 continuo
3706 1909 3851 1966 ope-

426 1970 702 2037 διαπαντὸς
731 1975 797 2030 τὸ
827 1972 1240 2042 ἐπισκέπτεσθαι
1282 1976 1406 2040 τοὺς
1458 1975 1511 2032 ἐν
1565 1976 1834 2038 φυλακαῖς
1864 1975 2075 2052 ἁγίους,

420 2063 507 2118 καὶ
562 2064 896 2140 θεραπεύειν,
952 2065 1042 2120 καὶ
1105 2064 1458 2142 ἐπιχορηγεῖν
1521 2063 1710 2128 αὐτοῖς
1765 2067 1866 2134 τὴν
1921 2065 2075 2140 ἀναγ-

416 2153 574 2209 καίαν
630 2157 857 2231 τροφήν·
920 2149 999 2210 ἔτι
1051 2153 1110 2212 δὶ
1165 2157 1256 2211 καὶ
1310 2159 1528 2220 θάπτειν
1581 2157 1650 2212 τὰ
1706 2154 1937 2230 λείψανα
1983 2155 2076 2211 a5-

418 2249 552 2302 τῶν.
583 2243 736 2300 Ἰδὼν
775 2246 866 2300 οὖν
920 2245 1008 2301 καὶ
1064 2245 1272 2302 τούτων
1329 2250 1440 2302 τῶν
1493 2245 1665 2322 ἁγίων
1722 2247 1788 2301 τὰ
1843 2243 2074 2319 λείψανα

409 2332 718 2411 ἰρῥιμμὲνα
776 2332 920 2390 οὕτω
986 2335 1078 2390 καὶ
1151 2330 1550 2409 ἆνεπιμέλητα,
1609 2335 1725 2391 ἐπεὶ
1785 2335 1836 2390 ἐν
1891 2336 2074 2411 ἡμέρᾳ

409 2423 512 2479 οὐκ
571 2422 780 2498 ἐτόλμα
829 2423 1182 2502 προσεγγίσαι
1241 2425 1448 2496 αὐτοῖς,
1502 2425 1592 2482 ἳνα
1651 2427 1728 2500 μὴ
1785 2427 1874 2482 καὶ
1913 2426 2074 2491 αὐτὸς

406 2517 684 2589 κρατηθῇ,
743 2513 795 2570 ἐν
854 2515 1001 2571 νυκτὶ
1057 2515 1332 2587 ἀπελθὼν,
1390 2515 1600 2571 ἀνεῖλεν
1651 2516 1787 2570 αύτά
1838 2513 1894 2570 ’ἐν
1951 2516 2070 2571 καθ’

403 2600 487 2656 ἔν’
516 2603 605 2658 καὶ
639 2603 896 2668 κατέθετο
945 2602 996 2659 ἐν
1045 2603 1124 2660 svi
1177 2600 1350 2678 τόπῳ.
1413 2603 1632 2668 Θεαθείς
1675 2603 1766 2659 οὖν
1826 2605 1930 2659 ὑπὸ
1984 2625 2072 2658 τι-

405 2713 503 2756 νος
584 2695 695 2747 τῶν
779 2690 1226 2770 είδωλολατρῶν,
1312 2688 1580 2765 διεϐλήθη
1669 2697 1750 2766 τῷ
1815 2691 2067 2768 ἄρχοντι.

409 2784 517 2840 Καὶ
588 2783 882 2857 κρατηθεὶς
983 2783 1162 2851 εὐθὺς,
1240 2782 1591 2859 ἐτιμωρεῖτο,
1666 2787 1758 2838 καὶ
1841 2784 2070 2859 Χριστὸν

403 2871 683 2946 ἀρνεῖσθαι
741 2873 1094 2949 ἠναγκάζετο.
1153 2874 1218 2930 Ὁ
1275 2871 1332 2929 δὲ
1391 2874 1530 2948 πρὸς
1582 2875 1644 2928 τὸ
1701 2874 1778 2946 μή
1827 2874 2070 2950 ἀρνήσα-

406 2963 528 3016 σθαι
560 2960 745 3032 αύτὸν,
776 2962 865 3017 καὶ
899 2961 1026 3017 Θεὸν
1073 2960 1290 3037 μᾶλλον
1335 2961 1622 3037 ἐκήρυττεν
1653 2962 1942 3034 ἀληθινὸν,
1975 2964 2067 3019 καὶ

413 3047 748 3126 δημιουργὸν
799 3056 900 3107 τοῦ
953 3055 1174 3116 παντός.
1258 3055 1416 3109 Ὅθεν
1474 3053 1553 3115 εἷς
1613 3052 1782 3128 ὀργήν
1839 3054 2068 3123 κινήσας

411 3140 502 3195 τὸν
530 3139 794 3217 ἄρχοντα,
850 3142 952 3211 τὴν
1012 3137 1102 3197 διὰ
1159 3141 1347 3219 ξίφους
1404 3139 1622 3217 δέχεται
1665 3142 2067 3212 τελευτήν,καὶ

2185 1981 2313 2020 ram
2345 1966 2638 2024 invisendi
2672 1977 2910 2028 sanctos
2941 1975 3161 2030 carceri
3191 1975 3474 2048 inclusos,
3508 1979 3702 2051 iisque
3733 1983 3850 2038 mi-

2184 2055 2476 2111 nistrandi
2510 2064 2569 2112 et
2598 2061 3004 2116 necessarium
3035 2064 3254 2119 victum
3285 2069 3668 2137 procurandi,
3702 2087 3847 2127 nec-

2183 2160 2305 2200 non
2336 2161 2544 2201 eorum
2576 2148 2862 2220 reliquias
2920 2152 3271 2224 sepeliendi.
3319 2156 3536 2212 Videns
3565 2175 3701 2232 ergo
3733 2161 3854 2216 hu-'

2173 2234 2442 2306 jusmodi
2465 2243 2807 2294 sanctorum
2831 2240 3116 2312 reliquias
3137 2244 3218 2299 ita
3242 2243 3545 2316 dispersas
3568 2252 3629 2303 et
3655 2250 3840 2322 negle

2180 2329 2326 2390 ctas,
2361 2341 2496 2380 eum
2531 2343 2651 2382 non
2682 2329 2928 2384 auderet
2959 2330 3033 2386 ad
3065 2348 3166 2388 eas
3199 2332 3293 2388 die
3324 2335 3629 2406 accedere,
3675 2354 3752 2394 ne
3782 2344 3843 2394 et

2179 2413 2307 2484 ipse
2337 2407 2964 2490 comprehenderetur,
3009 2427 3189 2477 noctu
3229 2423 3570 2494 adveniens,
3604 2443 3703 2482 eas
3734 2442 3846 2483 au-J

2177 2503 2408 2563 ferebat
2456 2505 2604 2561 alias
2656 2514 2792 2578 post
2843 2509 3012 2577 alias,
3073 2517 3133 2567 et
3186 2529 3304 2568 uno
3351 2514 3678 2586 eodemque
3708 2516 3840 2573 loco

2177 2591 2524 2650 collocabat.
2547 2596 2965 2667 Deprehensus
2987 2599 3166 2672 igitur
3187 2601 3260 2656 ab
3282 2603 3483 2674 aliquo
3506 2621 3576 2660 ex
3598 2605 3842 2662 idolola-

2176 2680 2304 2745 tris,
2331 2682 2721 2755 proditusque
2745 2688 3004 2757 praasidi,
3031 2706 3098 2745 ac
3121 2690 3321 2746 statim
3345 2695 3837 2767 comprehensus,

2174 2774 2490 2829 tormentis
2541 2775 2844 2846 subjectus
2902 2776 3036 2846 fuit,
3099 2786 3158 2835 et
3211 2784 3510 2839 Christum
3544 2785 3850 2860 abnegare'

2174 2863 2538 2933 compulsus.
2568 2868 2698 2937 Ipse
2724 2883 2860 2922 vero
2882 2869 3078 2925 noluit
3101 2888 3238 2927 eum
3261 2873 3578 2947 abnegare,
3605 2877 3709 2932 sed
3729 2895 3836 2949 po-

2174 2952 2292 3006 tius
2323 2952 2510 3008 Deum
2535 2970 2739 3010 verum
2771 2973 2903 3012 esse
2933 2963 2992 3014 et
3022 2961 3435 3019 universorum
3465 2965 3836 3024 conditorem

2172 3041 2551 3112 praedicabat.
2577 3045 2951 3118 QuaprOpter
2978 3065 3113 3104 cum
3143 3051 3460 3122 praesidem
3493 3053 3568 3108 ad
3599 3055 3835 3113 iracun-

2173 3129 2333 3186 diam
2367 3135 2802 3202 commovisset,
2836 3137 3032 3209 gladio
3083 3155 3322 3195 cursum
3361 3141 3492 3196 vita)
3524 3142 3747 3198 ﬁnivit:
3777 3150 3836 3201 et

407 3226 550 3284 οὕτω
603 3228 937 3298 τελειωθεὶς,
1024 3225 1265 3286 ἀπέλαϐε
1349 3233 1600 3310 στέφανον
1673 3231 1919 3302 αἰώνιον,
1975 3230 2067 3286 καὶ

2183 3220 2259 3275 sic
2281 3221 2616 3285 defunctus,
2639 3225 2870 3297 accepit
2889 3232 3173 3284 aeternam
3195 3246 3498 3299 coronam,
3521 3235 3578 3286 et
3597 3231 3832 3290 beatam

417 3322 561 3388 ζωήν
593 3317 860 3394 μακαρίαν
890 3317 981 3374 καὶ
1011 3317 1394 3391 ἀτελεύτητον.

479 3409 575 3463 Καὶ
615 3406 846 3480 ἄθλησις
886 3413 985 3466 τοῦ
1041 3409 1200 3484 ἁγίου
1247 3409 1571 3466 ¹ἀποστόλου
1601 3407 1932 3485 Νικάνδρου.
1967 3409 2064 3466 Καὶ

416 3497 603 3571 μνήμη
633 3501 730 3554 τοῦ
761 3498 916 3554 ὁσίου
966 3500 1217 3556 Ἰωάννου
1263 3504 1361 3555 τοῦ
1406 3499 1458 3556 ἐν
1508 3501 1920 3578 Ῥουφινιαναῖς.

934 3646 1122 3703 MHNI
1172 3647 1267 3724 T9
1316 3647 1522 3727 ΔΥΤῼ.

1185 3763 1276 3833 lC.

511 3875 781 3948 ’Λθλησις
809 3881 909 3933 τοῦ
958 3877 1114 3955 ἁγίου
1160 3877 1468 3935 Ἰουλιανοῦ
1498 3881 1594 3934 τοῦ
1625 3876 1677 3934 ἓν
1711 3877 1954 3942 Κιλικία,

469 3991 788 4066 Ἰουλιανὸς,
820 3995 850 4050 ὁ
876 3998 976 4049 τοῦ
1024 3995 1260 4070 Χριστοῦ
1310 3996 1538 4071 μάρτυς,
1590 3995 1840 4072 ὑπῆρχεν
1867 3996 1928 4053 ἐκ
1955 4003 2057 4067 τῆς

406 4078 737 4157 ’Δναζάρϐου
761 4084 1004 4155 πόλεως,
1063 4085 1180 4148 υἱὸς
1237 4083 1548 4157 βουλευτοῦ
1585 4106 1734 4147 τινος
1759 4083 2060 4156 Ἕλληνος,

405 4173 621 4245 μητέρα
674 4171 817 4249 ἔχων
868 4175 1222 4249 Χριστιανήν·
1281 4174 1402 4244 ἥτις
1455 4176 1544 4231 καὶ
1605 4173 1840 4246 ἐδίδαξεν
1899 4175 2060 4231 αὐτὸν

387 4259 466 4313 τὰ
493 4261 612 4336 ἱερὰ
661 4263 981 4337 Γράμματα.
1039 4263 1141 4321 Καὶ
1205 4266 1340 4337 μετὰ
1393 4266 1456 4320 τὸ
1514 4265 1758 4339 γενέσθαι
1815 4262 1943 4320 δέκα
1972 4267 2072 4320 καῖ’

404 4348 554 4404 ὀκτὼ
585 4349 742 4422 ἐτῶν,
772 4354 1068 4428 προσήχθη
1122 4352 1174 4408 ἐν
1223 4354 1413 4429 Λῗγαῖς
1461 4357 1530 4428 τῇ
1563 4352 1722 4409 πόλει
1763 4358 2063 4428 Μαρκιανῷ

391 4444 480 4511 τῷ
527 4443 758 4518 ἡγεμόνι
812 4445 959 4516 παρὰ
1004 4449 1114 4500 τῶν
1171 4443 1615 4519 εἶδωλολατρῶν.
1675 4445 1781 4501 Καὶ
1839 4447 2066 4522 ἀναγκα-

397 4531 551 4592 σθεὶς
582 4533 736 4587 θῦσαι
781 4538 900 4596 τοῖς
959 4531 1239 4604 εἰδώλοις,
1293 4533 1394 4590 οὐκ
1429 4534 1671 4605 ἐπείσθη.
1706 4535 1798 4589 Διὸ
1827 4534 2065 4607 ἀνοίξαν-

2173 3325 2242 3364 ac
2272 3310 2391 3365 ﬁne
2423 3318 2724 3368 carentem
2752 3315 2952 3373 vitam.

2240 3401 2311 3453 Et
2339 3406 2642 3457 certamen
2674 3406 2865 3460 sancti
2914 3408 3180 3478 Apostoli
3228 3409 3544 3467 Nicandri:
3578 3417 3638 3468 et
3665 3429 3828 3470 com-

2168 3490 2517 3544 memoratio
2550 3493 2738 3548 sancti
2761 3493 2962 3550 Joanis
2993 3495 3056 3550 in
3078 3496 3430 3554 Ruﬁnianis.

2719 3636 2960 3693 EODEM
3017 3640 3163 3695 MEN
3168 3639 3268 3697 SE.

2695 3752 2800 3808 Die
2829 3753 3063 3813 decima
3101 3762 3284 3814 sexta.

2380 3871 2475 3925 17
2516 3870 2801 3929 Certamen
2830 3877 3010 3931 sancti
3035 3878 3254 3933 Iuliani
3287 3879 3349 3933 in
3381 3878 3600 3936 Cilicia.

2237 3985 2530 4055 Julianus,
2553 3987 2770 4044 Christi
2794 3997 3038 4064 martyr,
3065 3999 3192 4050 erat
3217 4012 3288 4050 ex
3319 3995 3463 4051 urbe
3496 3998 3825 4069 Anazarbo,

2169 4075 2328 4130 ﬁlius
2361 4077 2673 4149 cujusdam
2734 4081 3025 4137 senatoris
3079 4085 3289 4150 Graeci,
3319 4092 3570 4143 matrem
3601 4088 3829 4144 habens

2167 4165 2586 4230 Christianam,
2621 4185 2754 4238 quae
2779 4175 2838 4224 et
2868 4171 3061 4242 ipsum
3097 4191 3293 4230 sacras
3327 4176 3574 4233 Litteras
3604 4177 3825 4235 docuit.

2167 4255 2312 4311 Cum
2346 4262 2545 4310 autem
2587 4274 2809 4312 annum
2867 4258 3171 4316 decimum
3215 4268 3483 4318 octavum
3516 4273 3734 4338 ageret,
3769 4269 3832 4323 in

2166 4346 2376 4401 urbem
2400 4349 2566 4419 Egas
2581 4347 2652 4403 ad
2679 4349 3040 4405 Marcianum
3065 4353 3380 4423 praesidem
3403 4355 3476 4410 ab
3498 4356 3830 4414 idololatris

2168 4435 2482 4499 adductus,
2513 4442 2572 4492 et
2619 4438 2692 4492 ad
2725 4440 3184 4496 sacriﬁcandum
3233 4445 3598 4514 compulsus,
3633 4443 3839 4502 noluit

2167 4524 2427 4580 obedire.
2454 4527 2824 4599 QuaprOpter
2845 4529 3104 4595 lictores,
3129 4531 3421 4587 violenter
3446 4550 3511 4588 os
3535 4535 3666 4606 ejus
3690 4552 3828 4608 ape-

383 4637 478 4680 τες
521 4619 574 4673 οἱ
628 4616 824 4693 δήμιοι
873 4623 1010 4695 μετὰ
1059 4621 1183 4698 βίας
1227 4622 1291 4677 τὸ
1336 4623 1514 4694 στόμα
1549 4621 1738 4688 αὐτοῦ,
1767 4623 2058 4698 ἐγχέουσιν

2183 4614 2408 4679 fientes,
2433 4616 2633 4670 vinum
2667 4623 2724 4671 et
2752 4635 2992 4673 carnem
3026 4620 3202 4676 idolis
3234 4621 3434 4677 oblata
3456 4623 3824 4683 infuderunt.

393 4706 550 4762 οἶνον
579 4707 670 4762 καὶ
701 4711 861 4784 κρέας
914 4715 1021 4766 τῶν
1081 4709 1485 4776 εἰδωλοθύτων.
1547 4711 1672 4768 Εἶτα
1719 4707 2054 4784 ἐμϐάλλεται

395 4793 479 4858 εἷς
509 4795 784 4872 φυλακὴν,
813 4798 904 4854 καὶ
957 4801 1141 4874 ἄγεται
1190 4802 1226 4870 ἡ
1280 4802 1466 4875 μήτηρ
1500 4799 1686 4859 αὐτοῦ.
1721 4803 1818 4857 Καὶ
1851 4802 2054 4878 ἐρωτη-

393 4889 549 4948 θεῖσα
605 4886 731 4962 περὶ
789 4887 976 4961 αὐτοῦ,
1034 4889 1278 4963 ᾐτήσατο
1324 4890 1416 4944 τὸν
1468 4891 1584 4945 υἱὸν
1627 4890 1794 4957 αὐτῆς
1829 4889 2055 4963 δοθῆναι

392 4973 534 5050 αὐτῇ
564 4975 655 5031 ἰπὶ
690 4983 839 5053 τρεῖς
897 4977 1132 5055 ἡμέρας,
1190 4980 1327 5056 πρὸς
1385 4981 1448 5035 τὸ
1508 4979 1903 5056 βουλεύσασθαι
1938 4984 2056 5056 μετ’

395 5063 590 5124 αὐτοῦ.
653 5067 758 5124 Καὶ
811 5066 1008 5124 τούτου
1084 5069 1406 5143 γενομένου,
1473 5069 1638 5126 πάλιν
1699 5071 1918 5145 ἄγονται
1977 5070 2055 5134 εἰς

390 5151 650 5225 ἐξέτασιν,
704 5158 793 5212 καὶ
851 5160 1006 5213 εἷπον
1090 5160 1167 5232 μή
1249 5159 1582 5235 ἀρνήσασθαι
1657 5160 1747 5214 τὸν
1799 5159 2048 5232 Χριστόν.

385 5243 544 5301 Ὅθεν
600 5245 702 5314 τήν
758 5247 858 5318 μὲν
919 5245 1128 5322 μητέρα
1177 5246 1344 5302 αὑτοῦ
1394 5246 1665 5304 ἀπέλυσαν
1699 5245 2046 5321 διατεμόντες

381 5331 478 5394 τὰς
528 5336 762 5407 πτέρνας
810 5335 1002 5405 αὖτῆς’
1052 5337 1143 5392 τὸν
1197 5333 1256 5391 δὶ
1311 5337 1461 5412 ἅγιον
1516 5337 1809 5395 ’[ουλιανὸν
1840 5333 2052 5411 ἐμϐαλ-

385 5417 572 5486 λοντες
628 5423 708 5486 εἷς
765 5425 964 5480 σάκκον
1019 5425 1260 5501 γὲμοντα
1316 5426 1554 5499 ἑρπετῶν
1621 5421 1885 5493 ἰοϐόλων,
1962 5429 2053 5484 καὶ

389 5508 641 5586 ψάμμου,
713 5512 946 5590 ἕρῥιψαν
1007 5513 1060 5569 ἐν
1124 5536 1192 5590 τῃ
1262 5513 1522 5591 θαλάσσῃ.
1575 5516 1860 5596 Ἐξερῥίφη
1896 5515 1954 5574 δὲ
1989 5519 2052 5574 τὸ

388 5596 637 5676 λείψανον
705 5603 876 5660 αὐτοῦ
947 5604 1001 5660 ἐν
1066 5602 1466 5682 Ἀλεξανδρείᾳ·
1536 5605 1627 5662 καὶ
1685 5604 1856 5686 ἐτάφη
1909 5608 2054 5683 παρὰ

390 5695 651 5766 γυναικὸς
686 5696 873 5772 χήρας
897 5695 1042 5760 τινὸς
1065 5690 1356 5761 εὐλαϐοῦς.

2171 4702 2393 4758 Deinde
2435 4705 2496 4758 in
2545 4721 2845 4762 carcerem
2896 4711 3200 4774 coniectus
3246 4717 3354 4775 est,
3391 4717 3448 4767 et
3475 4719 3669 4769 mater
3699 4715 3828 4786 ejus

2170 4791 2460 4847 adducta:
2496 4810 2626 4864 quin
2659 4795 2731 4850 de
2763 4796 2866 4852 illo
2889 4798 3271 4872 interrogata,
3297 4801 3467 4872 petiit
3490 4803 3602 4858 sibi
3637 4803 3829 4859 ﬁlium

2170 4899 2344 4936 suum
2391 4883 2636 4937 concedi
2670 4901 2774 4956 per
2831 4892 2951 4942 tres
3009 4889 3156 4956 dies,
3191 4891 3409 4960 quibus
3456 4899 3656 4964 posset
3693 4910 3828 4950 cum

2169 4971 2272 5026 illo
2304 4970 2655 5028 deliberare.
2691 4975 2813 5040 Quo
2846 4975 3020 5045 facto,
3053 4995 3292 5035 rursum
3326 4981 3388 5036 in
3433 4983 3848 5054 qumstionem'

2168 5060 2580 5117 adducuntur:
2633 5069 2691 5118 et
2746 5082 2880 5120 cum
2943 5066 3235 5125 dixissent
3305 5088 3366 5126 se
3446 5089 3825 5144 nequaquam

2167 5154 2468 5208 Christum
2499 5154 2895 5228 abnegaturos
2933 5175 3086 5224 esse,
3135 5167 3386 5217 matrem
3427 5163 3670 5233 quidem
3697 5163 3827 5219 cal-

2167 5243 2367 5298 caneis
2391 5242 2704 5314 perforatis
2759 5245 3136 5314 dimiserunt,
3170 5256 3442 5306 sanctum
3475 5269 3609 5306 vero
3639 5251 3826 5308 Julia-

2164 5348 2310 5386 num
2333 5331 2395 5386 in
2421 5348 2654 5388 saccum
2679 5334 3019 5407 injicientes
3043 5338 3419 5409 serpentibus
3439 5340 3748 5396 venenatis
3769 5345 3830 5395 et

2165 5437 2346 5476 arena
2375 5420 2641 5491 plenum.
2677 5423 2738 5477 in
2781 5441 2943 5480 mare
2997 5427 3409 5497 projecerunt:
3446 5444 3515 5482 ex
3547 5445 3662 5498 quo
3696 5431 3826 5499 ejus

2162 5509 2432 5581 reliquiaa
2476 5511 2888 5569 Alexandriam
2938 5515 3162 5586 ejectaa,
3197 5532 3232 5571 a
3260 5515 3536 5588 religiosa
3564 5516 3823 5588 quadam

2161 5599 2337 5656 vidua
2367 5600 2613 5673 sepulta
2655 5607 2809 5657 sunt.
