4132 6430
257 355 377 414 355

1557 345 1980 409 MENOLOGII
2028 345 2226 409 PARS
2265 346 2371 409 Ill.

3549 345 3672 406 356

327 491 399 545 Et
424 488 866 545 commemoratio
916 488 1095 541 sancti
1136 483 1372 553 apostoli
1420 481 1734 540 Aristobuli
1765 498 1833 537 ea:

2031 478 2117 535 ,ἰαὶ
2179 481 2370 553 μνήμη
2426 484 2523 535 τοῦ
2599 480 2756 555 ἁγίου
2831 479 3146 555 ἀποστόλου
3213 472 3675 555 ’Δριστοῦούλου,

899 558 1275 627 septuaginta.

329 678 725 738 Aristobulus.
760 675 993 730 divinus
1049 672 1267 730 Christi
1324 671 1652 744 apostolus,
1702 670 1818 726 fuit
1848 687 1917 726 ex

254 770 629 842 septuaginta
677 766 1009 837 discipulis.
1061 767 1203 820 Post
1247 764 1570 837 gloriosam
1623 769 1822 818 autem
1858 766 1921 816 et

256 861 622 916 salutiferam
654 858 1067 913 ascensionem
1099 857 1296 927 magni
1344 856 1445 911 Dei
1496 860 1554 909 et
1598 853 1917 909 Salvatoris

252 950 444 1005 nostri
474 950 610 1004 Jesu
633 947 870 1014 Christi,
900 953 1142 1002 secutus
1165 952 1254 1001 est
1271 952 1547 1001 sanctum
1579 942 1918 1016 apostolum

255 1038 521 1106 Paulum,
553 1053 835 1110 magnum
865 1036 1026 1091 orbis
1058 1036 1382 1105 doctorem,
1414 1035 1477 1090 in
1511 1050 1750 1090 omnem
1782 1032 1914 1088 civi-

253 1133 436 1183 tatem
467 1132 526 1182 et
548 1128 877 1199 regionem,
912 1126 1260 1182 ministrans
1305 1130 1365 1181 et
1413 1124 1678 1179 serviens
1713 1122 1826 1189 illi,
1854 1126 1921 1177 ut

252 1219 548 1292 genuinus
579 1222 638 1272 et
660 1216 815 1273 [idus
838 1216 1189 1289 discipulus.
1210 1216 1355 1271 Cum
1384 1231 1523 1271 vero
1553 1214 1657 1270 ille
1689 1212 1917 1284 episco-

255 1326 363 1380 pos
393 1308 717 1375 ordinaret,
752 1312 810 1361 et
837 1306 913 1362 ad
969 1306 1301 1362 docendam
1356 1321 1557 1361 veram
1616 1303 1817 1370 fidem,
1863 1306 1922 1357 et

255 1399 555 1453 Christum
587 1395 1035 1469 prmdicandum
1079 1396 1142 1452 in
1173 1411 1413 1451 omnem
1444 1393 1750 1466 regionem
1780 1392 1921 1446 mit-

251 1492 423 1555 teret,
458 1486 754 1541 ordinavit
808 1491 869 1541 et
919 1485 1138 1556 ipsum,
1199 1484 1494 1555 misitque
1524 1483 1588 1537 in
1616 1483 1920 1554 regionem

254 1578 698 1643 Britannorum,
733 1576 833 1647 qui
888 1580 1029 1630 tunc
1086 1579 1256 1629 erant
1313 1572 1591 1628 homines
1624 1570 1919 1639 inﬁdeles,

254 1666 507 1731 feroces,
541 1672 599 1720 et
627 1663 917 1720 crudeles.
946 1664 1032 1719 Ad
1057 1680 1206 1735 quos
1230 1663 1332 1718 ubi
1355 1663 1618 1734 primum
1648 1660 1919 1724 accessit,

257 1761 318 1812 et
371 1756 671 1811 Christum
747 1752 1110 1826 pradicavit,
1172 1751 1517 1808 verberibus
1594 1749 1918 1822 aliquando

2670 551 2787 614 ένὸς
2817 557 2923 608 τῶν
2956 554 3034 611 Ο’.

2101 679 2553 758 Ἀριστόϐουλος,
2604 685 2633 740 ὁ
2691 687 2839 749 θεῖος
2896 683 3205 749 ἀπόστολος
3260 690 3357 741 τοῦ
3416 686 3677 760 Χριστου,

2030 771 2248 848 ὑπῆρχε
2300 774 2394 847 μέν
2447 773 2508 828 ἐκ
2552 778 2660 829 τῶν
2710 770 3092 848 ἑϐδομήκοντα
3135 779 3415 849 μαθητῶν.
3448 774 3595 829 Μετὰ
3626 770 3683 829 δέ

2026 862 2124 931 τήν
2184 860 2398 934 ἔνδοξον
2455 864 2544 919 καὶ
2617 866 2889 937 σωτήριον
2947 863 3223 938 ἀνάληψιν
3277 868 3376 919 τοῦ
3439 864 3683 938 μεγάλου

2029 954 2163 1006 Θεοῦ
2192 952 2283 1006 καὶ
2317 958 2578 1027 Σωτῆρος
2637 956 2800 1026 ἡμῶν
2856 957 3039 1024 Ἰησοῦ
3097 956 3351 1029 Χριστοῦ,
3381 950 3682 1023 ἠκολούθει

2027 1044 2107 1111 τῷ
2139 1041 2282 1116 ἁγίῳ
2305 1040 2599 1116 ἀποστόλῳ
2620 1040 2847 1116 Παύλῳ,
2871 1047 2953 1116 τῷ
2984 1040 3213 1118 μεγάλῳ
3239 1039 3555 1115 διδασκάλῳ
3582 1048 3687 1111 τῆς

2029 1129 2381 1202 οἰκουμένης,
2454 1131 2531 1194 είς
2605 1136 2778 1187 πᾶσαν
2857 1132 3021 1189 πόλιν
3087 1131 3539 1206 διακονούμενος,
3595 1130 3687 1186 καί

2030 1215 2304 1274 δουλεύων
2365 1219 2536 1293 αὐτῷ,
2594 1220 2670 1285 ὡς
2725 1222 2954 1296 γνήσιος
3009 1221 3099 1276 καὶ
3157 1222 3349 1283 πιστὸς
3412 1220 3686 1294 μαθητὴς.

2026 1308 2181 1365 Ἐπεὶ
2242 1304 2301 1363 δὲ
2352 1307 2428 1371 είς
2486 1314 2658 1365 πᾶσαν
2718 1311 2909 1386 χώραν
2969 1315 3310 1385 χειροτονῶν
3358 1307 3689 1365 ἀπεστελλεν

2028 1394 2380 1467 ἐπισκόπους,
2413 1396 2502 1453 ἐπὶ
2557 1403 2638 1471 τῷ
2695 1396 2966 1454 διδάσκειν
3022 1400 3123 1468 τήν
3178 1399 3447 1471 ἀληθινήν
3489 1399 3692 1469 πίστιν,

2029 1486 2118 1541 καὶ
2148 1486 2434 1562 κηρύττειν
2482 1488 2575 1543 τὸν
2631 1489 2898 1563 Χριστὸν,
2958 1493 3353 1565 χειροτονήσας
3382 1491 3472 1546 καὶ
3502 1490 3687 1560 αὐτὸν,

2030 1575 2267 1651 ἔπεμψεν
2330 1576 2405 1639 εἰς
2462 1580 2563 1648 τήν
2631 1579 2819 1655 χώραν
2878 1583 2988 1635 τῶν
3048 1584 3383 1655 Βρεττανῶν,
3441 1577 3680 1635 ἀπίστων

2035 1666 2413 1742 ὑπαρχόντων,
2497 1665 2587 1722 καὶ
2665 1666 2891 1743 ἀγρίων,
2978 1668 3069 1723 καὶ
3126 1668 3296 1742 ὠμῶν
3356 1670 3681 1744 ἀνθρώπων.

2031 1755 2194 1814 ’Δλλ’
2241 1757 2396 1829 ὅμως
2454 1754 2730 1829 ἀπελθὼν,
2784 1756 2875 1812 καὶ
2933 1757 3024 1811 τὸν
3082 1758 3315 1833 Χριστὸν
3371 1757 3683 1834 κηρύττων,

256 1853 560 1919 exceptus,
578 1844 901 1916 aliquando
924 1844 1253 1899 secundum
1276 1843 1673 1915 profluentem
1691 1846 1914 1897 tractus

2031 1846 2108 1900 καὶ
2141 1846 2273 1899 ποτε
2324 1845 2421 1918 μὲν
2462 1846 2824 1919 τυπτόμενος,
2883 1848 3017 1901 ποτε
3074 1844 3133 1901 δὲ
3189 1849 3324 1903 κατᾶ
3370 1848 3464 1910 τὰς
3506 1848 3681 1923 ῥύμας

255 1936 506 1992 subinde
528 1935 787 1990 ludibrio
816 1934 1118 2006 expositus
1140 1939 1249 1989 est.
1275 1934 1521 1989 Interim
1554 1932 1760 1988 multis
1780 1948 1913 2003 per-

254 2027 441 2082 suasit
469 2031 535 2080 ut
582 2025 658 2081 ad
706 2025 1005 2079 Christum
1055 2024 1429 2091 accederent,
1464 2029 1523 2080 et
1553 2021 1919 2094 baptizaren-

254 2121 370 2172 tur.
404 2114 569 2171 Unde
601 2113 700 2170 18
733 2131 868 2170 cum
903 2114 1218 2170 ecclesiam
1259 2112 1689 2179 constituisset,
1726 2112 1786 2166 in
1819 2126 1917 2166 ea-

257 2222 371 2277 que
429 2204 808 2277 presbyteros
866 2209 926 2259 et
981 2203 1264 2259 diaconos
1323 2201 1683 2269 ordinasset,
1741 2200 1921 2255 vitam

258 2293 711 2351 consummavit.

256 2386 324 2440 Et
357 2390 633 2440 certamen
683 2389 999 2439 sanctorum
1051 2388 1360 2452 martyrum
1416 2381 1666 2450 Menigm'
1716 2384 1769 2435 et
1812 2381 1919 2434 Ro-

1000 2473 1174 2529 mani.

332 2563 582 2620 Sanctus
613 2562 921 2635 Menignus
953 2562 1097 2616 vixit
1123 2561 1458 2633 imperante
1490 2560 1686 2625 Decio,
1720 2558 1921 2615 oriun-

258 2652 370 2709 dus
397 2670 466 2708 ex
496 2653 734 2708 civitate
762 2654 930 2717 Paro,
963 2657 1087 2705 arte
1116 2650 1284 2713 fullo,
1319 2655 1377 2705 et
1400 2650 1601 2705 labore
1632 2662 1919 2703 manuum

258 2743 371 2798 sibi
403 2743 623 2797 victum
654 2757 1032 2812 comparans,
1062 2738 1439 2795 ministrabat
1464 2738 1815 2793 Christianis
1845 2736 1919 2791 ob

256 2834 739 2905 persecutionem
769 2833 831 2887 in
872 2848 1139 2888 carceres
1184 2830 1491 2903 conjectis.
1528 2827 1917 2884 Desiderabat

259 2928 461 2980 autem
484 2929 544 2978 et
564 2923 689 2994 ipse
712 2939 817 2993 pro
841 2921 1072 2977 Christo
1100 2920 1450 2992 martyrium
1485 2918 1707 2981 subire,
1740 2917 1919 2987 idque

258 3013 539 3084 precibus
571 3010 951 3084 efﬂagitabat.
985 3014 1175 3075 Quare
1201 3009 1426 3065 audivit
1448 3024 1651 3064 vocem
1682 3006 1796 3062 sibi
1828 3005 1921 3061 di-

258 3106 493 3158 centem
517 3118 531 3157 :
566 3101 856 3173 Menigne,
888 3100 1025 3155 veni
1047 3099 1122 3155 ad
1150 3115 1269 3166 me,
1292 3104 1351 3153 et
1380 3097 1647 3153 invenies
1668 3095 1919 3169 gratiam

2025 1934 2346 2007 συρόμενος,
2378 1932 2581 1989 ἄλλοτε
2630 1933 2687 1990 δὲ
2739 1935 3169 2010 χλευαζόμενος,
3212 1934 3463 2000 πολλοὺς
3509 1934 3686 1992 ἔπεισε

2021 2020 2345 2098 προσελθεῖν
2394 2028 2475 2095 τῷ
2528 2028 2772 2100 Χριστῷ,
2831 2026 2920 2080 καὶ
2988 2026 3374 2095 Βαπτισθῆναι.
3404 2028 3563 2090 ’Ὀθεν
3594 2025 3685 2081 καὶ

2023 2110 2319 2183 ἐκκλησίαν
2412 2115 2839 2187 συστησάμενος,
2936 2112 3027 2169 καὶ
3101 2108 3526 2191 πρεσϐυτέρους,
3600 2113 3689 2170 καὶ

2025 2197 2310 2264 διακόνους
2342 2200 2396 2257 ἐν
2429 2201 2566 2278 αὐτῇ
2591 2204 2952 2276 καταστήσας,
2984 2202 3300 2275 έτελειώθη.

2098 2379 2198 2436 Καὶ
2250 2379 2483 2452 ἄθλησις
2524 2385 2630 2438 τῶν
2679 2381 2845 2458 ἁγίων
2893 2382 3184 2459 μαρτύρων
3217 2380 3504 2458 Μενίγνου,
3533 2381 3621 2438 καὶ

2710 2472 2925 2546 Ῥωμαν
2934 2476 3018 2531 οὖ.

2094 2560 2159 2618 Ὀ
2191 2561 2287 2634 μὲν
2338 2562 2491 2635 ἁγιος
2541 2562 2805 2636 Μένιγνος
2853 2562 3075 2637 ὑπῆρχε
3126 2563 3223 2634 μὲν
3276 2560 3365 2618 ἰπὶ
3402 2568 3503 2633 τῆς
3538 2562 3695 2639 βασι-

2028 2648 2195 2712 λείας’
2233 2650 2446 2719 Δεκίου,
2478 2647 2537 2706 ἐκ
2578 2655 2680 2716 τῆς
2712 2650 2931 2714 πόλεως
2986 2650 3210 2727 Παρίου.
3249 2652 3491 2730 Κναφεὺς
3524 2650 3581 2707 δὲ
3618 2649 3692 2707 ὣν

2021 2740 2113 2795 καὶ
2136 2744 2233 2795 τοῦ
2265 2740 2593 2816 ἐργοχείρου
2619 2741 2783 2796 αὐτοῦ
2805 2742 3013 2820 τροφὰς
3040 2743 3433 2818 ποριζόμενος,
3455 2748 3694 2819 παρεῖχε

2023 2836 2138 2889 τοῖς
2170 2829 2260 2886 διὰ
2287 2831 2377 2886 τὸν
2428 2829 2674 2908 διωγμὸν
2735 2833 2812 2895 είς
2873 2831 3118 2907 φυλακάς
3174 2833 3694 2907 ἀποκεκλεισμένοις

2024 2921 2395 2994 Χριστιανοῖς.
2430 2918 2723 2992 Ἐπεθύμει
2757 2916 2815 2975 δε
2862 2922 2953 2975 καὶ
2982 2918 3145 2984 αὐτὸς
3178 2928 3523 2996 μαρτυρῆσαι
3558 2921 3689 2994 ὑπέρ

2024 3013 2291 3084 Χρξστοῦ,
2337 3008 2426 3064 καὶ
2480 3008 2777 3083 παρεκάλει
2836 3010 2967 3087 ὑπὲρ
3021 3011 3241 3068 τούτου.
3275 3012 3368 3066 Διὸ
3398 3012 3488 3067 καὶ
3523 3012 3689 3082 ἦλθεν

2026 3098 2172 3171 αύτῷ
2230 3099 2385 3177 φωνή
2444 3099 2695 3175 λέγουσα·
2756 3100 3011 3176 Μένιγνε,
3071 3100 3196 3165 ἐλθὲ
3254 3102 3391 3174 πρὸς
3452 3122 3541 3175 με,
3601 3100 3691 3157 καὶ

258 3210 459 3249 coram
489 3207 605 3247 me.
639 3191 907 3248 Accessit
943 3207 1080 3263 ergo
1124 3189 1199 3245 ad
1221 3189 1511 3261 judicem,
1544 3194 1603 3243 et
1631 3186 1915 3242 Christia-

478 3298 483 3299 ,
540 3297 550 3299 _
574 3298 583 3299 κ
606 3298 615 3299 ,
639 3297 651 3299 _
704 3298 715 3299 γ
740 3280 857 3299 κμιιε
878 3296 997 3299 ,,__,
1034 3284 1110 3299 --ι
1159 3280 1333 3299 ns___.
1356 3277 1546 3299 ,ιε-,μ
1574 3275 1914 3299 ----ι.--;ι.-...

2031 3189 2277 3263 εὑρήσεις
2308 3186 2469 3265 χάριν
2516 3187 2745 3245 ἐνώπιόν
2804 3211 2931 3261 μου.
2981 3189 3266 3264 Παραστᾶς
3297 3188 3393 3245 οὖν
3422 3194 3503 3263 τῷ
3534 3189 3689 3245 δικά-

2033 3282 2081 3299 νε
2132 3298 2153 3299 7
2264 3298 2267 3299 ν
2304 3276 2346 3299 ηδ
2402 3278 2471 3299 ν-
2522 3298 2557 3299 7,
2671 3278 2684 3296 ἵ
2783 3278 2799 3299 ι
2916 3278 2929 3295 \
3030 3280 3044 3299 ε
3138 3278 3159 3299 ‘
3267 3282 3280 3299 I
3466 3279 3481 3299 9
3532 3280 3546 3299 Ι
3594 3281 3620 3299 Λ

255 3298 401 3337 num
434 3298 496 3337 se
530 3297 660 3337 esse
692 3280 1002 3336 confessus
1025 3284 1132 3334 est.
1157 3277 1551 3346 Quamobrem
1574 3275 1917 3333 verberibus

257 3376 559 3444 exceptus,
619 3370 936 3444 gladioque
990 3369 1188 3443 digitis
1240 3384 1527 3425 manuum
1590 3373 1648 3423 et
1702 3364 1921 3439 pedum

253 3462 557 3531 abscissis,
577 3463 769 3534 capite
792 3462 1000 3533 plexus
1021 3462 1154 3518 fuit.
1179 3460 1545 3517 Veneranda;
1568 3464 1769 3516 autem
1792 3459 1921 3530 ejus

250 3554 521 3625 reliquias
545 3554 606 3609 in
628 3554 777 3610 urbe
801 3553 1070 3626 sepultas,
1096 3553 1367 3626 praebent
1388 3553 1703 3607 sanitatem
1726 3550 1920 3606 omni-

252 3643 364 3699 bus
397 3643 673 3700 ﬂdelibus
703 3660 893 3715 usque
927 3645 989 3699 in
1020 3644 1378 3699 hodiernum
1410 3643 1590 3697 diem.
1620 3644 1920 3697 Romanus

253 3739 451 3788 autem
484 3750 621 3789 cum
653 3734 933 3789 Ecclesia;
958 3735 1240 3789 Caesareas
1268 3733 1605 3788 Palaestinae
1632 3731 1920 3786 diaconus

254 3828 431 3890 esset,
464 3822 802 3894 Christique
836 3822 1017 3878 fidem
1049 3822 1339 3894 populum
1362 3822 1621 3886 doceret,
1646 3837 1915 3891 compre-

250 3911 498 3977 hensus,
529 3910 855 3981 multisque
900 3910 1214 3965 tormentis
1273 3910 1672 3974 excruciatus,
1707 3908 1916 3964 eodem

246 4000 343 4055 die
376 3999 573 4073 gladio
607 4016 799 4055 cassus
831 4000 1013 4055 finem
1046 4000 1294 4071 accepit.

316 4091 387 4145 Et
417 4094 722 4146 certamen
773 4089 961 4145 sancti
1013 4089 1291 4160 martyris
1344 4089 1555 4160 Papae:
1610 4091 1669 4143 et
1696 4091 1914 4142 sanctas

242 4179 522 4251 martyris
543 4178 889 4252 Euphrasius
911 4196 924 4234 :
950 4195 1186 4235 necnon
1203 4176 1693 4235 commemoratio
1718 4176 1908 4232 sancti

242 4267 564 4326 Alexandri
596 4286 766 4343 papae
798 4271 997 4327 Romae
1028 4287 1041 4338 ;
1076 4274 1135 4325 et
1164 4275 1508 4326 sanctorum
1530 4266 1833 4340 Trophimi
1855 4274 1914 4324 et

250 4357 466 4427 Thalli,

812 4448 1056 4505 EODEM
1094 4448 1348 4504 MENSE.

728 4538 830 4594 Die
873 4538 1107 4594 decima
1146 4539 1419 4610 septima.

467 4630 922 4685 Commemoratio
951 4631 1131 4685 sancti
1180 4628 1390 4697 Alean’i,
1429 4626 1542 4684 viri
1570 4628 1683 4683 Dei.

310 4790 445 4845 Fuit
484 4789 581 4845 hic
635 4807 707 4846 ex
762 4790 909 4847 urbe
958 4796 1169 4860 Roma,
1229 4791 1627 4863 Euphemiani
1680 4791 1913 4862 patricii

248 4878 433 4942 filius,
465 4895 499 4934 a
528 4896 646 4950 quo
677 4895 923 4935 uxorem
947 4879 1164 4936 ducere
1196 4880 1563 4952 compulsus,
1593 4897 1727 4935 cum
1750 4880 1904 4936 cele-

239 4967 427 5023 bratis
458 4970 686 5040 nuptiis
716 4971 1053 5026 conversari
1082 4987 1221 5026 eum
1253 4987 1388 5026 cum
1416 4986 1638 5042 sponsa
1667 4976 1907 5040 oporte-

238 5063 350 5126 ret,
382 5059 599 5114 tradito
626 5060 821 5115 eidem
844 5060 1096 5132 nuptiali
1122 5060 1371 5127 annulo,
1397 5059 1572 5115 domo
1600 5058 1909 5115 discessit:

242 5154 300 5202 et
331 5148 613 5205 Edessam
644 5149 856 5205 urbem
911 5151 1232 5222 profectus,
1293 5166 1401 5221 per
1456 5148 1660 5204 decem
1693 5154 1752 5203 et
1779 5156 1909 5203 octo

240 5254 431 5293 annos
463 5238 622 5311 apud
680 5239 997 5294 ecclesiam
1056 5238 1301 5294 mansit.
1356 5240 1436 5293 Ex
1485 5240 1676 5309 ipsius
1707 5244 1907 5295 autem

237 5328 451 5384 virtute
482 5328 740 5398 agnitus,
766 5346 829 5384 se
859 5328 1174 5384 subduxit:
1213 5330 1577 5399 Romamque
1610 5334 1906 5400 repetens,

239 5419 513 5489 proprias
546 5419 705 5475 aedes
736 5419 1001 5483 intravit,
1034 5418 1134 5473 ubi
1183 5419 1440 5490 ignotus,
1473 5419 1628 5488 apud
1655 5420 1906 5491 januam

242 5523 302 5561 se
336 5508 654 5572 continuit,
684 5514 917 5580 patrem
943 5514 1315 5577 matremque
1347 5512 1645 5579 spectans,
1672 5514 1729 5563 et
1759 5524 1793 5563 a
1822 5509 1905 5565 fa-

238 5596 421 5651 mulis
448 5598 572 5652 suis
602 5598 861 5653 ludibrio
893 5597 1166 5653 habitus:
1216 5598 1315 5652 19
1360 5598 1706 5669 parentibus
1736 5600 1907 5655 insu-

236 5701 365 5758 per,
391 5690 452 5741 et
478 5691 643 5746 casta
668 5688 857 5761 ipsius
886 5705 1072 5747 uxore
1100 5687 1464 5759 dolentibus,
1492 5696 1903 5764 perpetuoque

1931 4605 1980 4670 D

2032 3282 2199 3347 ζοντι,
2260 3276 2349 3331 καὶ
2402 3278 2723 3353 Χριστιανὸν
2783 3278 2968 3334 ἑαυτὸν
3023 3278 3404 3355 ὁμολογήσας,
3462 3279 3684 3353 έτύφθη.

2030 3366 2133 3423 Καὶ
2160 3366 2407 3442 μαχαίρᾳ
2433 3367 2624 3429 κοπείς
2680 3366 2806 3430 τοὺς
2867 3365 3171 3432 δακτύλους
3223 3374 3332 3424 τῶν
3365 3374 3570 3446 χειρῶν
3597 3365 3689 3424 καὶ

2027 3460 2135 3511 τῶν
2167 3454 2378 3525 ποδῶν,
2436 3455 2865 3535 ἀπεκεφαλίσθη.
2923 3458 2994 3512 Τὸ
3052 3454 3110 3513 δὲ
3152 3458 3338 3532 τίμιον
3371 3459 3536 3516 αὐτοῦ
3566 3458 3689 3515 λεί-

2028 3548 2196 3620 ψανον
2227 3546 2389 3623 ταφὶν
2420 3544 2471 3600 έν
2521 3550 2590 3620 τῇ
2640 3547 2823 3616 πόλει,
2873 3550 3105 3623 παρέχει
3156 3548 3361 3622 ’ἰάματα
3412 3554 3541 3605 πᾶσι
3570 3555 3687 3613 τοῖς

2027 3640 2245 3699 πιστοῖς
2279 3636 2445 3711 μέχρι
2494 3642 2595 3705 τῆς
2631 3638 2900 3712 σήμερον.
2944 3638 3007 3696 ’0
3056 3636 3115 3693 δὶ
3160 3640 3462 3714 Ῥωμανὸς,
3496 3638 3686 3696 διάκο-

2028 3745 2122 3786 νος
2152 3722 2226 3779 ὢν
2258 3728 2356 3795 τῆς
2386 3725 2439 3779 έν
2472 3724 2770 3802 Καισαρείᾳ
2796 3733 2897 3797 τῆς
2929 3726 3303 3799 Παλαιστίνης
3332 3729 3686 3800 Ἐκκλησίας,

2028 3814 2117 3869 καὶ
2140 3814 2233 3869 τὸν
2267 3812 2399 3869 λαὸν
2434 3812 2700 3871 διδάσκων
2751 3818 2851 3885 τήν
2911 3816 2987 3879 εἷς
3025 3818 3255 3891 Χριστὸν
3289 3818 3489 3888 πίστιν,
3522 3818 3683 3885 ἐκρα-

2023 3906 2189 3975 τήθη,
2222 3905 2310 3960 καὶ
2344 3903 2536 3960 ποΛλὰ
2584 3906 2937 3981 βασανισθεὶς,
2987 3909 3104 3963 κατ’
3150 3909 3318 3977 αὐτὴν
3345 3908 3443 3977 τήν
3475 3908 3684 3982 ἡμέραν

2023 3996 2087 4049 τὸ
2118 3992 2208 4049 διὰ
2237 3994 2421 4073 ξίφους
2452 3992 2665 4069 ἐδέξατο
2692 3995 2877 4059 τέλος.

2097 4084 2200 4141 Καὶ
2230 4083 2459 4155 ἄθλησις
2514 4089 2614 4141 τοῦ
2666 4086 2822 4162 ἁγίου
2883 4086 3154 4162 μάρτυρος
3206 4086 3388 4157 Πάπα,
3443 4086 3535 4143 καὶ
3578 4093 3679 4159 τῆς

2025 4170 2183 4247 ἁγίας
2245 4174 2517 4248 μάρτυρος
2579 4171 2905 4251 Εὖφρασίας.
2964 4174 3065 4231 Kal
3126 4176 3320 4249 μνήμη
3377 4178 3475 4231 τοῦ
3524 4173 3683 4252 ἁγίου

2025 4257 2411 4334 Ἀλεξάνδρου,
2453 4260 2607 4317 πάπα
2661 4262 2908 4336 Ῥώμηςο
2967 4261 3059 4318 καὶ
3108 4267 3219 4320 τῶν
3277 4264 3448 4342 ἁγίων
3478 4263 3684 4342 Templ-

2028 4369 2133 4423 μου
2162 4350 2253 4403 καὶ
2285 4351 2395 4404 ΘᾶΑ
2405 4348 2507 4405 λου
2520 4391 2533 4410 .

2593 4441 2771 4499 ΜΗΝΙ
2793 4446 2877 4496 ΤΩ
2908 4445 3107 4500 ΔΥΤΩ.

2818 4533 2895 4586 IZ’

2154 4618 2359 4692 Μνήμη
2388 4620 2488 4674 τοῦ
2519 4617 2681 4694 ἁγίου
2711 4616 2963 4747 ’Δὲεξίου
2991 4624 3090 4676 τοῦ
3121 4620 3416 4697 ἀνθρώπου
3441 4624 3539 4678 τοῦ

2820 4712 2931 4747 εου.

2820 4712 2931 4749 εου.

2092 4796 2266 4858 Οὗτος
2319 4796 2387 4865 ἧν
2444 4795 2553 4851 ἀπὸ
2607 4802 2709 4866 τῆς
2788 4796 3030 4871 Ῥώμής,
3113 4799 3233 4862 υἱὸς
3318 4800 3685 4877 Εύφημιανοῦ

2020 4884 2331 4961 πατρικίου,
2378 4885 2439 4946 ὅς
2492 4886 2579 4940 καὶ
2641 4886 2779 4961 πρὸς
2832 4888 3014 4962 γάμον
3069 4885 3323 4959 ἐξέδωκεν
3356 4888 3542 4947 αύτόν.
3573 4892 3684 4945 Τοῦ

2018 4973 2199 5050 γάμου
2230 4972 2288 5030 δὲ
2316 4974 2639 5049 γενομένου,
2698 4976 2836 5031 κατὰ
2890 4978 2984 5032 τὸν
3038 4978 3253 5053 καιρὸν,
3314 4980 3431 5034 καθ’
3463 4978 3522 5033 ὅν
3573 4974 3680 5034 ἔδει

2016 5068 2086 5136 τῇ
2116 5062 2304 5142 νύμφῃ
2336 5061 2772 5137 προσομιλῆσαι,
2834 5063 2963 5129 δοὺς
3021 5065 3157 5140 αὐτῇ
3211 5068 3305 5122 τὸν
3356 5063 3680 5141 ἄραϐονικὸν

2020 5150 2337 5221 δακτύλιον,
2371 5152 2565 5226 ἐξῆλθε
2610 5158 2707 5209 τοῦ
2762 5154 2940 5224 οἴκου,
2971 5156 3057 5211 καὶ
3091 5160 3191 5224 τήν
3220 5154 3387 5211 πόλιν
3418 5153 3681 5213 Ἔδεσσαν

2016 5237 2364 5313 καταλαϐὼν,
2419 5242 2747 5316 προσέμεινε
2928 5243 3194 5317 ἐκκλησίᾳ
3249 5243 3343 5316 ἔτη
3409 5242 3537 5300 δέκα
3592 5244 3684 5299 καὶ

2020 5330 2187 5387 ὀκτώ.
2220 5330 2487 5395 Γνωσθεὶς
2517 5327 2575 5385 δὲ
2605 5328 2694 5386 διὰ
2720 5334 2821 5402 τήν
2870 5333 3066 5408 ἀρετὴν
3104 5333 3291 5404 αὐτοῦ,
3329 5335 3681 5409 ὑπεχώρησε,

2015 5420 2105 5475 καὶ
2164 5420 2333 5475 πάλιν
2390 5420 2635 5487 ἀπῆλθεν
2697 5420 2775 5484 εἷς
2829 5423 3054 5495 Ῥώμην
3111 5424 3204 5478 καὶ
3260 5418 3534 5479 κατέλαϐε
3587 5423 3681 5478 τὸν

2016 5506 2156 5564 ἴδιον
2195 5510 2365 5579 οἶκον,
2423 5507 2516 5564 καὶ
2574 5508 2868 5583 ἀγνοηθεὶς
2916 5515 2995 5583 τῷ
3052 5510 3267 5567 πυλῶνι
3318 5509 3683 5589 προσεκαρτέ-

2016 5619 2120 5675 ρει,
2152 5599 2371 5675 βλέπων
2426 5597 2517 5652 τὸν
2577 5598 2785 5673 πατέρα
2838 5599 2930 5655 καὶ
2984 5602 3087 5671 τήν
3149 5600 3381 5678 μητέρα,
3414 5600 3683 5675 έμπαιζό-

2018 5710 2177 5764 μενος
2213 5688 2320 5744 ὑπὸ
2348 5690 2460 5743 τῶν
2496 5683 2711 5744 δούλων
2754 5686 2941 5761 αὐτοῦ,
2988 5689 3168 5747 καὶτοι
3197 5695 3307 5748 τῶν
3333 5692 3553 5769 γονέων,
3587 5687 3676 5744 καί
