  <div class='ocr_page' id='page_1' title='image "/cluster/home/n/w/nwhite01/storage/ocr_20150623/117/coo.31924054870211/188.png"; bbox 0 0 4132 6430; ppageno 0'>
   <div class='ocr_carea' id='block_1_1' title="bbox 356 387 477 453">
    <p class='ocr_par' dir='ltr' id='par_1_1' title="bbox 356 387 477 453">
     <span class='ocr_line' id='line_1_1' title="bbox 356 387 477 453; baseline -0.025 -6"><span class='ocrx_word' id='word_1_1' title='bbox 356 387 477 453; x_wconf 71' lang='lat'><strong>357</strong></span> 
     </span>
    </p>
   </div>
   <div class='ocr_carea' id='block_1_2' title="bbox 1895 380 2271 445">
    <p class='ocr_par' dir='ltr' id='par_1_2' title="bbox 1895 380 2271 445">
     <span class='ocr_line' id='line_1_2' title="bbox 1895 380 2271 445; baseline 0.003 -5"><span class='ocrx_word' id='word_1_2' title='bbox 1895 380 2271 445; x_wconf 81' lang='lat' dir='ltr'><strong>MARTIUS.</strong></span> 
     </span>
    </p>
   </div>
   <div class='ocr_carea' id='block_1_3' title="bbox 3669 389 3786 450">
    <p class='ocr_par' dir='ltr' id='par_1_3' title="bbox 3669 389 3786 450">
     <span class='ocr_line' id='line_1_3' title="bbox 3669 389 3786 450; baseline 0 -1"><span class='ocrx_word' id='word_1_3' title='bbox 3669 389 3786 450; x_wconf 84' lang='lat'><strong>358</strong></span> 
     </span>
    </p>
   </div>
   <div class='ocr_carea' id='block_1_4' title="bbox 353 509 2017 589">
    <p class='ocr_par' dir='ltr' id='par_1_4' title="bbox 353 509 2013 589">
     <span class='ocr_line' id='line_1_4' title="bbox 353 509 2013 589; baseline -0.004 -18"><span class='ocrx_word' id='word_1_4' title='bbox 353 520 453 585; x_wconf 77' lang='grc' dir='ltr'><strong>τῆς</strong></span> <span class='ocrx_word' id='word_1_5' title='bbox 530 512 811 589; x_wconf 77' lang='grc' dir='ltr'>σώφρονος</span> <span class='ocrx_word' id='word_1_6' title='bbox 915 512 1083 569; x_wconf 74' lang='grc' dir='ltr'>αὐτοῦ</span> <span class='ocrx_word' id='word_1_7' title='bbox 1155 512 1412 587; x_wconf 85' lang='grc' dir='ltr'>γυναικὸς</span> <span class='ocrx_word' id='word_1_8' title='bbox 1485 509 1845 584; x_wconf 70' lang='grc' dir='ltr'><strong>λυπουμένων</strong></span> <span class='ocrx_word' id='word_1_9' title='bbox 1922 511 2013 566; x_wconf 78' lang='grc' dir='ltr'><strong>καὶ</strong></span> 
     </span>
    </p>
   </div>
   <div class='ocr_carea' id='block_1_5' title="bbox 2132 509 3781 589">
    <p class='ocr_par' dir='ltr' id='par_1_5' title="bbox 2132 512 3781 589">
     <span class='ocr_line' id='line_1_5' title="bbox 2132 512 3781 589; baseline 0.005 -21"><span class='ocrx_word' id='word_1_10' title='bbox 2132 512 2293 569; x_wconf 91' lang='lat' dir='ltr'><strong>illius</strong></span> <span class='ocrx_word' id='word_1_11' title='bbox 2332 529 2511 571; x_wconf 88' lang='lat' dir='ltr'><strong>causa</strong></span> <span class='ocrx_word' id='word_1_12' title='bbox 2561 515 2955 588; x_wconf 83' lang='lat' dir='ltr'><strong>plorantibus.</strong></span> <span class='ocrx_word' id='word_1_13' title='bbox 3016 518 3279 574; x_wconf 81' lang='lat' dir='ltr'><strong>Instante</strong></span> <span class='ocrx_word' id='word_1_14' title='bbox 3338 524 3536 577; x_wconf 88' lang='lat' dir='ltr'><strong>autem</strong></span> <span class='ocrx_word' id='word_1_15' title='bbox 3596 520 3781 589; x_wconf 90' lang='lat' dir='ltr'><strong>obitu,</strong></span> 
     </span>
    </p>
   </div>
   <div class='ocr_carea' id='block_1_6' title="bbox 350 597 2013 679">
    <p class='ocr_par' dir='ltr' id='par_1_6' title="bbox 350 597 2013 679">
     <span class='ocr_line' id='line_1_6' title="bbox 350 597 2013 679; baseline -0.004 -18"><span class='ocrx_word' id='word_1_16' title='bbox 350 602 657 661; x_wconf 70' lang='grc' dir='ltr'><strong>κλαιόντων</strong></span> <span class='ocrx_word' id='word_1_17' title='bbox 720 599 1014 667; x_wconf 87' lang='grc' dir='ltr'>διαπαντὸς</span> <span class='ocrx_word' id='word_1_18' title='bbox 1068 601 1194 679; x_wconf 81' lang='grc' dir='ltr'>περὶ</span> <span class='ocrx_word' id='word_1_19' title='bbox 1245 601 1434 660; x_wconf 82' lang='grc' dir='ltr'>αὐτοῦ.</span> <span class='ocrx_word' id='word_1_20' title='bbox 1487 603 1596 671; x_wconf 80' lang='grc' dir='ltr'>Τῆς</span> <span class='ocrx_word' id='word_1_21' title='bbox 1654 597 1713 656; x_wconf 72' lang='grc' dir='ltr'>δὶ</span> <span class='ocrx_word' id='word_1_22' title='bbox 1753 599 2013 670; x_wconf 80' lang='grc' dir='ltr'><strong>τελευτῆς</strong></span> 
     </span>
    </p>
   </div>
   <div class='ocr_carea' id='block_1_7' title="bbox 352 686 2014 769">
    <p class='ocr_par' dir='ltr' id='par_1_7' title="bbox 352 686 2014 769">
     <span class='ocr_line' id='line_1_7' title="bbox 352 686 2014 769; baseline -0.005 -18"><span class='ocrx_word' id='word_1_23' title='bbox 352 695 523 751; x_wconf 76' lang='grc' dir='ltr'>αὐτοῦ</span> <span class='ocrx_word' id='word_1_24' title='bbox 554 695 1026 769; x_wconf 84' lang='grc' dir='ltr'>προσεγγισάσης,</span> <span class='ocrx_word' id='word_1_25' title='bbox 1062 693 1305 763; x_wconf 71' lang='grc' dir='ltr'>ζητήσας</span> <span class='ocrx_word' id='word_1_26' title='bbox 1384 692 1621 768; x_wconf 78' lang='grc' dir='ltr'><strong>χάρτην,</strong></span> <span class='ocrx_word' id='word_1_27' title='bbox 1693 686 1892 767; x_wconf 78' lang='grc' dir='ltr'>ἔγραψε</span> <span class='ocrx_word' id='word_1_28' title='bbox 1946 688 2014 743; x_wconf 80' lang='grc' dir='ltr'>τὰ</span> 
     </span>
    </p>
   </div>
   <div class='ocr_carea' id='block_1_8' title="bbox 352 777 2016 859">
    <p class='ocr_par' dir='ltr' id='par_1_8' title="bbox 352 777 2016 859">
     <span class='ocr_line' id='line_1_8' title="bbox 352 777 2016 859; baseline -0.005 -19"><span class='ocrx_word' id='word_1_29' title='bbox 352 783 477 859; x_wconf 81' lang='grc' dir='ltr'>περὶ</span> <span class='ocrx_word' id='word_1_30' title='bbox 533 781 703 840; x_wconf 74' lang='grc' dir='ltr'>αὐτοῦ</span> <span class='ocrx_word' id='word_1_31' title='bbox 759 784 957 850; x_wconf 87' lang='grc' dir='ltr'>πάντα,</span> <span class='ocrx_word' id='word_1_32' title='bbox 1009 782 1101 838; x_wconf 80' lang='grc' dir='ltr'><strong>καὶ</strong></span> <span class='ocrx_word' id='word_1_33' title='bbox 1159 785 1413 856; x_wconf 82' lang='grc' dir='ltr'>κατεῖχεν</span> <span class='ocrx_word' id='word_1_34' title='bbox 1463 779 1517 837; x_wconf 70' lang='grc' dir='ltr'>ἰν</span> <span class='ocrx_word' id='word_1_35' title='bbox 1573 783 1644 854; x_wconf 79' lang='grc' dir='ltr'><strong>τῇ</strong></span> <span class='ocrx_word' id='word_1_36' title='bbox 1697 778 1846 855; x_wconf 86' lang='grc' dir='ltr'>χειρὶ</span> <span class='ocrx_word' id='word_1_37' title='bbox 1881 777 2016 851; x_wconf 82' lang='grc' dir='ltr'>μετὰ</span> 
     </span>
    </p>
   </div>
   <div class='ocr_carea' id='block_1_9' title="bbox 357 864 2015 949">
    <p class='ocr_par' dir='ltr' id='par_1_9' title="bbox 357 864 2015 949">
     <span class='ocr_line' id='line_1_9' title="bbox 357 864 2015 949; baseline -0.005 -19"><span class='ocrx_word' id='word_1_38' title='bbox 357 872 639 945; x_wconf 63' lang='grc' dir='ltr'><strong>τελευτήν⁸</strong></span> <span class='ocrx_word' id='word_1_39' title='bbox 671 871 741 943; x_wconf 70' lang='grc' dir='ltr'>ἢν</span> <span class='ocrx_word' id='word_1_40' title='bbox 772 872 802 929; x_wconf 80' lang='grc' dir='ltr'><strong>ὁ</strong></span> <span class='ocrx_word' id='word_1_41' title='bbox 835 869 1091 949; x_wconf 75' lang='grc' dir='ltr'>βασιλεὺς</span> <span class='ocrx_word' id='word_1_42' title='bbox 1145 871 1407 944; x_wconf 78' lang='grc' dir='ltr'>ὀνώριος</span> <span class='ocrx_word' id='word_1_43' title='bbox 1452 864 1664 940; x_wconf 78' lang='grc' dir='ltr'>λαϐὼν,</span> <span class='ocrx_word' id='word_1_44' title='bbox 1693 867 1903 944; x_wconf 76' lang='grc' dir='ltr'>άνὲγνω</span> <span class='ocrx_word' id='word_1_45' title='bbox 1935 865 2015 930; x_wconf 76' lang='grc' dir='ltr'>εἷς</span> 
     </span>
    </p>
   </div>
   <div class='ocr_carea' id='block_1_10' title="bbox 360 956 2015 1036">
    <p class='ocr_par' dir='ltr' id='par_1_10' title="bbox 360 956 2015 1036">
     <span class='ocr_line' id='line_1_10' title="bbox 360 956 2015 1036; baseline -0.005 -16"><span class='ocrx_word' id='word_1_46' title='bbox 360 962 591 1035; x_wconf 68' lang='grc' dir='ltr'>ἱπῆκοον</span> <span class='ocrx_word' id='word_1_47' title='bbox 650 963 893 1019; x_wconf 85' lang='grc' dir='ltr'>πάντων.</span> <span class='ocrx_word' id='word_1_48' title='bbox 952 959 1085 1020; x_wconf 86' lang='grc' dir='ltr'>Τότε</span> <span class='ocrx_word' id='word_1_49' title='bbox 1133 959 1374 1036; x_wconf 70' lang='grc' dir='ltr'>ἐγνώσθη</span> <span class='ocrx_word' id='word_1_50' title='bbox 1424 960 1488 1015; x_wconf 83' lang='grc' dir='ltr'>τὸ</span> <span class='ocrx_word' id='word_1_51' title='bbox 1536 959 1655 1015; x_wconf 89' lang='grc' dir='ltr'>κατ’</span> <span class='ocrx_word' id='word_1_52' title='bbox 1694 956 1877 1015; x_wconf 77' lang='grc' dir='ltr'>αὐτόν.</span> <span class='ocrx_word' id='word_1_53' title='bbox 1912 957 2015 1015; x_wconf 85' lang='grc' dir='ltr'>Καὶ</span> 
     </span>
    </p>
   </div>
   <div class='ocr_carea' id='block_1_11' title="bbox 362 1048 2015 1132">
    <p class='ocr_par' dir='ltr' id='par_1_11' title="bbox 362 1048 2015 1132">
     <span class='ocr_line' id='line_1_11' title="bbox 362 1048 2015 1132; baseline -0.005 -22"><span class='ocrx_word' id='word_1_54' title='bbox 362 1052 526 1116; x_wconf 76' lang='grc' dir='ltr'>οὕτως</span> <span class='ocrx_word' id='word_1_55' title='bbox 557 1051 729 1132; x_wconf 68' lang='grc' dir='ltr'>ἰτάφη</span> <span class='ocrx_word' id='word_1_56' title='bbox 773 1052 836 1109; x_wconf 80' lang='grc' dir='ltr'>τὸ</span> <span class='ocrx_word' id='word_1_57' title='bbox 883 1052 1035 1128; x_wconf 72' lang='grc' dir='ltr'>ἅγιον</span> <span class='ocrx_word' id='word_1_58' title='bbox 1095 1051 1262 1107; x_wconf 80' lang='grc' dir='ltr'>αὐτοῦ</span> <span class='ocrx_word' id='word_1_59' title='bbox 1291 1049 1551 1127; x_wconf 79' lang='grc' dir='ltr'>λείψανον</span> <span class='ocrx_word' id='word_1_60' title='bbox 1581 1048 1638 1106; x_wconf 66' lang='grc' dir='ltr'>ἂν</span> <span class='ocrx_word' id='word_1_61' title='bbox 1666 1052 1747 1123; x_wconf 79' lang='grc' dir='ltr'>τῷ</span> <span class='ocrx_word' id='word_1_62' title='bbox 1776 1052 1890 1121; x_wconf 80' lang='grc' dir='ltr'><strong>ναῷ</strong></span> <span class='ocrx_word' id='word_1_63' title='bbox 1917 1051 2015 1105; x_wconf 88' lang='grc' dir='ltr'><strong>τοῦ</strong></span> 
     </span>
    </p>
   </div>
   <div class='ocr_carea' id='block_1_12' title="bbox 359 1139 1157 1216">
    <p class='ocr_par' dir='ltr' id='par_1_12' title="bbox 359 1139 1157 1216">
     <span class='ocr_line' id='line_1_12' title="bbox 359 1139 1157 1216; baseline 0.001 -18"><span class='ocrx_word' id='word_1_64' title='bbox 359 1141 547 1215; x_wconf 81' lang='grc' dir='ltr'>Ἀγίου</span> <span class='ocrx_word' id='word_1_65' title='bbox 575 1139 890 1197; x_wconf 76' lang='grc' dir='ltr'><strong>ἀποστόλου</strong></span> <span class='ocrx_word' id='word_1_66' title='bbox 930 1141 1157 1216; x_wconf 79' lang='grc' dir='ltr'>ηὲτρου.</span> 
     </span>
    </p>
   </div>
   <div class='ocr_carea' id='block_1_13' title="bbox 532 1254 1835 1334">
    <p class='ocr_par' dir='ltr' id='par_1_13' title="bbox 532 1254 1835 1334">
     <span class='ocr_line' id='line_1_13' title="bbox 532 1254 1835 1334; baseline -0.003 -18"><span class='ocrx_word' id='word_1_67' title='bbox 532 1260 640 1317; x_wconf 82' lang='grc' dir='ltr'>Καὶ</span> <span class='ocrx_word' id='word_1_68' title='bbox 675 1256 910 1331; x_wconf 76' lang='grc' dir='ltr'><strong>ἄθλησις</strong></span> <span class='ocrx_word' id='word_1_69' title='bbox 935 1262 1035 1315; x_wconf 89' lang='grc' dir='ltr'><strong>τοῦ</strong></span> <span class='ocrx_word' id='word_1_70' title='bbox 1079 1258 1234 1334; x_wconf 82' lang='grc' dir='ltr'>ἁγίου</span> <span class='ocrx_word' id='word_1_71' title='bbox 1266 1257 1540 1334; x_wconf 77' lang='grc' dir='ltr'>μάρτυρος</span> <span class='ocrx_word' id='word_1_72' title='bbox 1569 1254 1835 1330; x_wconf 73' lang='grc' dir='ltr'>Μαρίνου.</span> 
     </span>
    </p>
   </div>
   <div class='ocr_carea' id='block_1_14' title="bbox 422 1368 2015 1455">
    <p class='ocr_par' dir='ltr' id='par_1_14' title="bbox 422 1368 2015 1455">
     <span class='ocr_line' id='line_1_14' title="bbox 422 1368 2015 1455; baseline -0.006 -19"><span class='ocrx_word' id='word_1_73' title='bbox 422 1380 694 1455; x_wconf 75' lang='grc' dir='ltr'>Μαρῖνος,</span> <span class='ocrx_word' id='word_1_74' title='bbox 754 1378 784 1433; x_wconf 77' lang='grc' dir='ltr'><strong>ὃ</strong></span> <span class='ocrx_word' id='word_1_75' title='bbox 839 1380 937 1433; x_wconf 91' lang='grc' dir='ltr'><strong>τοῦ</strong></span> <span class='ocrx_word' id='word_1_76' title='bbox 994 1377 1230 1452; x_wconf 79' lang='grc' dir='ltr'>Χριστοῦ</span> <span class='ocrx_word' id='word_1_77' title='bbox 1289 1375 1515 1450; x_wconf 81' lang='grc' dir='ltr'>μάρτυς,</span> <span class='ocrx_word' id='word_1_78' title='bbox 1565 1370 1886 1447; x_wconf 79' lang='grc' dir='ltr'>Χριστιανὸς</span> <span class='ocrx_word' id='word_1_79' title='bbox 1917 1368 2015 1442; x_wconf 81' lang='grc' dir='ltr'>ὢν,</span> 
     </span>
    </p>
   </div>
   <div class='ocr_carea' id='block_1_15' title="bbox 347 1458 2019 1543">
    <p class='ocr_par' dir='ltr' id='par_1_15' title="bbox 347 1458 2019 1543">
     <span class='ocr_line' id='line_1_15' title="bbox 347 1458 2019 1543; baseline -0.005 -19"><span class='ocrx_word' id='word_1_80' title='bbox 347 1468 443 1525; x_wconf 81' lang='grc' dir='ltr'><strong>καὶ</strong></span> <span class='ocrx_word' id='word_1_81' title='bbox 473 1469 618 1543; x_wconf 81' lang='grc' dir='ltr'>ὀρῶν</span> <span class='ocrx_word' id='word_1_82' title='bbox 648 1466 777 1532; x_wconf 77' lang='grc' dir='ltr'>τοὺς</span> <span class='ocrx_word' id='word_1_83' title='bbox 814 1462 1223 1542; x_wconf 79' lang='grc' dir='ltr'>είδωλολάτρας</span> <span class='ocrx_word' id='word_1_84' title='bbox 1270 1463 1516 1534; x_wconf 74' lang='grc' dir='ltr'>θύοντας,</span> <span class='ocrx_word' id='word_1_85' title='bbox 1549 1461 1612 1517; x_wconf 85' lang='grc' dir='ltr'><strong>ού</strong></span> <span class='ocrx_word' id='word_1_86' title='bbox 1646 1461 1811 1536; x_wconf 88' lang='grc' dir='ltr'>μόνον</span> <span class='ocrx_word' id='word_1_87' title='bbox 1840 1458 2019 1537; x_wconf 69' lang='grc' dir='ltr'>ἄλογα</span> 
     </span>
    </p>
   </div>
   <div class='ocr_carea' id='block_1_16' title="bbox 356 1553 2015 1633">
    <p class='ocr_par' dir='ltr' id='par_1_16' title="bbox 356 1553 2015 1633">
     <span class='ocr_line' id='line_1_16' title="bbox 356 1553 2015 1633; baseline -0.005 -18"><span class='ocrx_word' id='word_1_88' title='bbox 356 1564 497 1629; x_wconf 80' lang='grc' dir='ltr'>ζῶα,</span> <span class='ocrx_word' id='word_1_89' title='bbox 522 1555 851 1633; x_wconf 79' lang='grc' dir='ltr'>τετράποδα,</span> <span class='ocrx_word' id='word_1_90' title='bbox 909 1556 999 1613; x_wconf 81' lang='grc' dir='ltr'><strong>καὶ</strong></span> <span class='ocrx_word' id='word_1_91' title='bbox 1057 1556 1292 1625; x_wconf 82' lang='grc' dir='ltr'>πετείνὰ,</span> <span class='ocrx_word' id='word_1_92' title='bbox 1351 1553 1498 1611; x_wconf 78' lang='grc' dir='ltr'>ἀλλὰ</span> <span class='ocrx_word' id='word_1_93' title='bbox 1553 1555 1644 1610; x_wconf 79' lang='grc' dir='ltr'><strong>καὶ</strong></span> <span class='ocrx_word' id='word_1_94' title='bbox 1676 1554 2015 1627; x_wconf 82' lang='grc' dir='ltr'>ἀνθρώπους,</span> 
     </span>
    </p>
   </div>
   <div class='ocr_carea' id='block_1_17' title="bbox 362 1640 2018 1723">
    <p class='ocr_par' dir='ltr' id='par_1_17' title="bbox 362 1640 2018 1723">
     <span class='ocr_line' id='line_1_17' title="bbox 362 1640 2018 1723; baseline -0.005 -19"><span class='ocrx_word' id='word_1_95' title='bbox 362 1646 626 1718; x_wconf 71' lang='grc' dir='ltr'>ἰζὴλωσε·</span> <span class='ocrx_word' id='word_1_96' title='bbox 658 1647 752 1703; x_wconf 80' lang='grc' dir='ltr'><strong>καὶ</strong></span> <span class='ocrx_word' id='word_1_97' title='bbox 801 1648 997 1723; x_wconf 67' lang='grc' dir='ltr'>ἱορτῆς</span> <span class='ocrx_word' id='word_1_98' title='bbox 1052 1647 1360 1723; x_wconf 71' lang='grc' dir='ltr'>γενομὶνης</span> <span class='ocrx_word' id='word_1_99' title='bbox 1411 1649 1529 1707; x_wconf 86' lang='grc' dir='ltr'>τοῖς</span> <span class='ocrx_word' id='word_1_100' title='bbox 1590 1643 1828 1719; x_wconf 84' lang='grc' dir='ltr'>ἀψύχοις</span> <span class='ocrx_word' id='word_1_101' title='bbox 1860 1640 2018 1698; x_wconf 82' lang='grc' dir='ltr'>εἰδώ-</span> 
     </span>
    </p>
   </div>
   <div class='ocr_carea' id='block_1_18' title="bbox 371 1730 2020 1812">
    <p class='ocr_par' dir='ltr' id='par_1_18' title="bbox 371 1730 2020 1812">
     <span class='ocr_line' id='line_1_18' title="bbox 371 1730 2020 1812; baseline -0.002 -21"><span class='ocrx_word' id='word_1_102' title='bbox 371 1740 512 1804; x_wconf 83' lang='grc' dir='ltr'>λοις,</span> <span class='ocrx_word' id='word_1_103' title='bbox 541 1736 760 1812; x_wconf 75' lang='grc' dir='ltr'>δραμὼν</span> <span class='ocrx_word' id='word_1_104' title='bbox 791 1736 1119 1811; x_wconf 66' lang='grc' dir='ltr'>κατέστρεψε</span> <span class='ocrx_word' id='word_1_105' title='bbox 1171 1737 1263 1791; x_wconf 83' lang='grc' dir='ltr'>τὸν</span> <span class='ocrx_word' id='word_1_106' title='bbox 1328 1734 1542 1811; x_wconf 84' lang='grc' dir='ltr'>βωμὸν,</span> <span class='ocrx_word' id='word_1_107' title='bbox 1589 1733 1680 1787; x_wconf 80' lang='grc' dir='ltr'><strong>καὶ</strong></span> <span class='ocrx_word' id='word_1_108' title='bbox 1709 1732 1777 1788; x_wconf 75' lang='grc' dir='ltr'><strong>τά</strong></span> <span class='ocrx_word' id='word_1_109' title='bbox 1807 1730 2020 1804; x_wconf 88' lang='grc' dir='ltr'>θύματα</span> 
     </span>
    </p>
   </div>
   <div class='ocr_carea' id='block_1_19' title="bbox 368 1818 2015 1900">
    <p class='ocr_par' dir='ltr' id='par_1_19' title="bbox 368 1818 2015 1900">
     <span class='ocr_line' id='line_1_19' title="bbox 368 1818 2015 1900; baseline -0.004 -18"><span class='ocrx_word' id='word_1_110' title='bbox 368 1827 747 1898; x_wconf 74' lang='grc' dir='ltr'>κατεπάτησεν,</span> <span class='ocrx_word' id='word_1_111' title='bbox 804 1827 934 1889; x_wconf 81' lang='grc' dir='ltr'>τοὺς</span> <span class='ocrx_word' id='word_1_112' title='bbox 982 1846 1041 1882; x_wconf 84' lang='grc' dir='ltr'><strong>τε</strong></span> <span class='ocrx_word' id='word_1_113' title='bbox 1100 1819 1345 1887; x_wconf 77' lang='grc' dir='ltr'>δυσεϐεῖς</span> <span class='ocrx_word' id='word_1_114' title='bbox 1400 1824 1565 1900; x_wconf 76' lang='grc' dir='ltr'>ἱερεῖς</span> <span class='ocrx_word' id='word_1_115' title='bbox 1618 1823 1728 1877; x_wconf 81' lang='grc' dir='ltr'><strong>τῶν</strong></span> <span class='ocrx_word' id='word_1_116' title='bbox 1768 1818 2015 1877; x_wconf 77' lang='grc' dir='ltr'>εἰδώλων</span> 
     </span>
    </p>
   </div>
   <div class='ocr_carea' id='block_1_20' title="bbox 2123 602 3783 681">
    <p class='ocr_par' dir='ltr' id='par_1_20' title="bbox 2123 602 3783 681">
     <span class='ocr_line' id='line_1_20' title="bbox 2123 602 3783 681; baseline 0.005 -24"><span class='ocrx_word' id='word_1_117' title='bbox 2123 603 2389 658; x_wconf 75' lang='lat' dir='ltr'><strong>chartam</strong></span> <span class='ocrx_word' id='word_1_118' title='bbox 2423 602 2770 676; x_wconf 88' lang='lat' dir='ltr'><strong>deposcens,</strong></span> <span class='ocrx_word' id='word_1_119' title='bbox 2814 606 3089 662; x_wconf 89' lang='lat' dir='ltr'><strong>universa</strong></span> <span class='ocrx_word' id='word_1_120' title='bbox 3136 624 3267 678; x_wconf 68' lang='lat' dir='ltr'><strong>quae</strong></span> <span class='ocrx_word' id='word_1_121' title='bbox 3318 608 3515 680; x_wconf 89' lang='lat' dir='ltr'><strong>ipsum</strong></span> <span class='ocrx_word' id='word_1_122' title='bbox 3545 616 3783 681; x_wconf 89' lang='lat' dir='ltr'><strong>specta-</strong></span> 
     </span>
    </p>
   </div>
   <div class='ocr_carea' id='block_1_21' title="bbox 2122 691 3781 770">
    <p class='ocr_par' dir='ltr' id='par_1_21' title="bbox 2122 691 3781 770">
     <span class='ocr_line' id='line_1_21' title="bbox 2122 691 3781 770; baseline 0.006 -22"><span class='ocrx_word' id='word_1_123' title='bbox 2122 691 2290 760; x_wconf 88' lang='lat' dir='ltr'><strong>bant,</strong></span> <span class='ocrx_word' id='word_1_124' title='bbox 2310 695 2682 767; x_wconf 86' lang='lat' dir='ltr'><strong>conscripsit,</strong></span> <span class='ocrx_word' id='word_1_125' title='bbox 2704 697 2868 753; x_wconf 85' lang='lat' dir='ltr'>illam</span> <span class='ocrx_word' id='word_1_126' title='bbox 2892 706 3026 770; x_wconf 86' lang='lat' dir='ltr'><strong>post</strong></span> <span class='ocrx_word' id='word_1_127' title='bbox 3049 699 3277 754; x_wconf 91' lang='lat' dir='ltr'><strong>obitum</strong></span> <span class='ocrx_word' id='word_1_128' title='bbox 3312 717 3493 755; x_wconf 89' lang='lat' dir='ltr'><strong>manu</strong></span> <span class='ocrx_word' id='word_1_129' title='bbox 3529 709 3739 758; x_wconf 90' lang='lat' dir='ltr'><strong>tenens</strong></span> <span class='ocrx_word' id='word_1_130' title='bbox 3767 718 3781 758; x_wconf 92' lang='lat'>:</span> 
     </span>
    </p>
   </div>
   <div class='ocr_carea' id='block_1_22' title="bbox 2126 786 3783 864">
    <p class='ocr_par' dir='ltr' id='par_1_22' title="bbox 2126 786 3783 864">
     <span class='ocr_line' id='line_1_22' title="bbox 2126 786 3783 864; baseline 0.007 -28"><span class='ocrx_word' id='word_1_131' title='bbox 2126 798 2305 853; x_wconf 91' lang='lat' dir='ltr'><strong>quam</strong></span> <span class='ocrx_word' id='word_1_132' title='bbox 2338 800 2472 839; x_wconf 91' lang='lat' dir='ltr'><strong>cum</strong></span> <span class='ocrx_word' id='word_1_133' title='bbox 2502 786 2796 842; x_wconf 82' lang='lat' dir='ltr'><strong>Honorius</strong></span> <span class='ocrx_word' id='word_1_134' title='bbox 2827 788 3150 859; x_wconf 83' lang='lat' dir='ltr'><strong>imperator</strong></span> <span class='ocrx_word' id='word_1_135' title='bbox 3180 792 3527 864; x_wconf 84' lang='lat' dir='ltr'><strong>accepisset,</strong></span> <span class='ocrx_word' id='word_1_136' title='bbox 3551 793 3783 848; x_wconf 88' lang='lat' dir='ltr'><strong>cunctis</strong></span> 
     </span>
    </p>
   </div>
   <div class='ocr_carea' id='block_1_23' title="bbox 2125 873 3783 955">
    <p class='ocr_par' dir='ltr' id='par_1_23' title="bbox 2125 873 3783 955">
     <span class='ocr_line' id='line_1_23' title="bbox 2125 873 3783 955; baseline 0.006 -28"><span class='ocrx_word' id='word_1_137' title='bbox 2125 873 2507 930; x_wconf 84' lang='lat' dir='ltr'><strong>audientibus</strong></span> <span class='ocrx_word' id='word_1_138' title='bbox 2537 875 2696 949; x_wconf 83' lang='lat' dir='ltr'><strong>legit.</strong></span> <span class='ocrx_word' id='word_1_139' title='bbox 2731 878 2875 932; x_wconf 90' lang='lat' dir='ltr'><strong>Tum</strong></span> <span class='ocrx_word' id='word_1_140' title='bbox 2932 895 3066 934; x_wconf 86' lang='lat' dir='ltr'><strong>vero</strong></span> <span class='ocrx_word' id='word_1_141' title='bbox 3126 881 3254 953; x_wconf 88' lang='lat' dir='ltr'><strong>ejus</strong></span> <span class='ocrx_word' id='word_1_142' title='bbox 3287 888 3417 938; x_wconf 90' lang='lat' dir='ltr'><strong>acta</strong></span> <span class='ocrx_word' id='word_1_143' title='bbox 3442 889 3783 955; x_wconf 88' lang='lat' dir='ltr'><strong>patuerunt.</strong></span> 
     </span>
    </p>
   </div>
   <div class='ocr_carea' id='block_1_24' title="bbox 2124 959 3787 1042">
    <p class='ocr_par' dir='ltr' id='par_1_24' title="bbox 2124 959 3787 1042">
     <span class='ocr_line' id='line_1_24' title="bbox 2124 959 3787 1042; baseline 0.007 -29"><span class='ocrx_word' id='word_1_144' title='bbox 2124 959 2292 1015; x_wconf 89' lang='lat' dir='ltr'><strong>Illius</strong></span> <span class='ocrx_word' id='word_1_145' title='bbox 2321 961 2521 1033; x_wconf 86' lang='lat' dir='ltr'><strong>itaque</strong></span> <span class='ocrx_word' id='word_1_146' title='bbox 2581 969 2800 1021; x_wconf 62' lang='lat' dir='ltr'><strong>sanctas</strong></span> <span class='ocrx_word' id='word_1_147' title='bbox 2858 965 3127 1038; x_wconf 69' lang='lat' dir='ltr'><strong>reliquias</strong></span> <span class='ocrx_word' id='word_1_148' title='bbox 3185 967 3247 1023; x_wconf 90' lang='lat' dir='ltr'><strong>in</strong></span> <span class='ocrx_word' id='word_1_149' title='bbox 3300 969 3522 1042; x_wconf 90' lang='lat' dir='ltr'><strong>templo</strong></span> <span class='ocrx_word' id='word_1_150' title='bbox 3591 971 3787 1027; x_wconf 80' lang='lat' dir='ltr'><strong>Sancti</strong></span> 
     </span>
    </p>
   </div>
   <div class='ocr_carea' id='block_1_25' title="bbox 2124 1050 3139 1124">
    <p class='ocr_par' dir='ltr' id='par_1_25' title="bbox 2124 1050 3139 1124">
     <span class='ocr_line' id='line_1_25' title="bbox 2124 1050 3139 1124; baseline 0.008 -21"><span class='ocrx_word' id='word_1_151' title='bbox 2124 1050 2282 1105; x_wconf 88' lang='lat' dir='ltr'><strong>Petri</strong></span> <span class='ocrx_word' id='word_1_152' title='bbox 2312 1052 2567 1124; x_wconf 83' lang='lat' dir='ltr'><strong>apostoli</strong></span> <span class='ocrx_word' id='word_1_153' title='bbox 2596 1053 2849 1110; x_wconf 81' lang='lat' dir='ltr'><strong>conditae</strong></span> <span class='ocrx_word' id='word_1_154' title='bbox 2878 1054 3139 1111; x_wconf 84' lang='lat' dir='ltr'><strong>fuerunt.</strong></span> 
     </span>
    </p>
   </div>
   <div class='ocr_carea' id='block_1_26' title="bbox 2375 1260 3533 1337">
    <p class='ocr_par' dir='ltr' id='par_1_26' title="bbox 2375 1260 3533 1337">
     <span class='ocr_line' id='line_1_26' title="bbox 2375 1260 3533 1337; baseline 0.009 -23"><span class='ocrx_word' id='word_1_155' title='bbox 2375 1260 2448 1314; x_wconf 85' lang='lat' dir='ltr'><strong>Et</strong></span> <span class='ocrx_word' id='word_1_156' title='bbox 2476 1266 2751 1317; x_wconf 78' lang='lat' dir='ltr'><strong>certamen</strong></span> <span class='ocrx_word' id='word_1_157' title='bbox 2780 1264 2961 1319; x_wconf 78' lang='lat' dir='ltr'><strong>sancti</strong></span> <span class='ocrx_word' id='word_1_158' title='bbox 3005 1263 3217 1321; x_wconf 77' lang='lat' dir='ltr'><strong>Marini</strong></span> <span class='ocrx_word' id='word_1_159' title='bbox 3254 1270 3533 1337; x_wconf 77' lang='lat' dir='ltr'><strong>martyris.</strong></span> 
     </span>
    </p>
   </div>
   <div class='ocr_carea' id='block_1_27' title="bbox 2198 1372 3788 1467">
    <p class='ocr_par' dir='ltr' id='par_1_27' title="bbox 2198 1372 3788 1467">
     <span class='ocr_line' id='line_1_27' title="bbox 2198 1372 3788 1467; baseline 0.011 -40"><span class='ocrx_word' id='word_1_160' title='bbox 2198 1372 2476 1441; x_wconf 85' lang='lat' dir='ltr'><strong>Marinus,</strong></span> <span class='ocrx_word' id='word_1_161' title='bbox 2509 1375 2727 1432; x_wconf 88' lang='lat' dir='ltr'><strong>Christi</strong></span> <span class='ocrx_word' id='word_1_162' title='bbox 2758 1382 3003 1450; x_wconf 85' lang='lat' dir='ltr'><strong>martyr,</strong></span> <span class='ocrx_word' id='word_1_163' title='bbox 3037 1396 3172 1435; x_wconf 92' lang='lat' dir='ltr'><strong>cum</strong></span> <span class='ocrx_word' id='word_1_164' title='bbox 3204 1382 3573 1442; x_wconf 88' lang='lat' dir='ltr'><strong>Christianus</strong></span> <span class='ocrx_word' id='word_1_165' title='bbox 3606 1394 3788 1467; x_wconf 77' lang='lat' dir='ltr'><strong>esset,</strong></span> 
     </span>
    </p>
   </div>
   <div class='ocr_carea' id='block_1_28' title="bbox 2127 1461 3787 1550">
    <p class='ocr_par' dir='ltr' id='par_1_28' title="bbox 2127 1461 3787 1550">
     <span class='ocr_line' id='line_1_28' title="bbox 2127 1461 3787 1550; baseline 0.012 -38"><span class='ocrx_word' id='word_1_166' title='bbox 2127 1462 2187 1513; x_wconf 90' lang='lat' dir='ltr'><strong>et</strong></span> <span class='ocrx_word' id='word_1_167' title='bbox 2236 1475 2271 1514; x_wconf 88' lang='lat' dir='ltr'><strong>a</strong></span> <span class='ocrx_word' id='word_1_168' title='bbox 2321 1461 2566 1533; x_wconf 80' lang='lat' dir='ltr'><strong>paganis</strong></span> <span class='ocrx_word' id='word_1_169' title='bbox 2616 1478 2738 1518; x_wconf 92' lang='lat' dir='ltr'><strong>non</strong></span> <span class='ocrx_word' id='word_1_170' title='bbox 2791 1465 2965 1519; x_wconf 91' lang='lat' dir='ltr'><strong>modo</strong></span> <span class='ocrx_word' id='word_1_171' title='bbox 3024 1465 3397 1525; x_wconf 86' lang='lat' dir='ltr'><strong>irrationalia</strong></span> <span class='ocrx_word' id='word_1_172' title='bbox 3435 1461 3787 1550; x_wconf 67' lang='lat' dir='ltr'><strong>animantia,</strong></span> 
     </span>
    </p>
   </div>
   <div class='ocr_carea' id='block_1_29' title="bbox 2130 1549 3790 1621">
    <p class='ocr_par' dir='ltr' id='par_1_29' title="bbox 2130 1549 3790 1621">
     <span class='ocr_line' id='line_1_29' title="bbox 2130 1549 3790 1621; baseline 0.011 -19"><span class='ocrx_word' id='word_1_173' title='bbox 2130 1549 2573 1621; x_wconf 82' lang='lat' dir='ltr'><strong>quadrupedes.</strong></span> <span class='ocrx_word' id='word_1_174' title='bbox 2593 1557 2652 1606; x_wconf 91' lang='lat' dir='ltr'><strong>et</strong></span> <span class='ocrx_word' id='word_1_175' title='bbox 2672 1568 2828 1621; x_wconf 85' lang='lat' dir='ltr'><strong>aves,</strong></span> <span class='ocrx_word' id='word_1_176' title='bbox 2845 1570 3047 1609; x_wconf 91' lang='lat' dir='ltr'><strong>verum</strong></span> <span class='ocrx_word' id='word_1_177' title='bbox 3073 1556 3248 1613; x_wconf 88' lang='lat' dir='ltr'><strong>etiam</strong></span> <span class='ocrx_word' id='word_1_178' title='bbox 3278 1559 3551 1617; x_wconf 88' lang='lat' dir='ltr'><strong>homines</strong></span> <span class='ocrx_word' id='word_1_179' title='bbox 3574 1563 3790 1621; x_wconf 90' lang='lat' dir='ltr'><strong>immo-</strong></span> 
     </span>
    </p>
   </div>
   <div class='ocr_carea' id='block_1_30' title="bbox 2127 1634 3788 1721">
    <p class='ocr_par' dir='ltr' id='par_1_30' title="bbox 2127 1634 3788 1721">
     <span class='ocr_line' id='line_1_30' title="bbox 2127 1634 3788 1721; baseline 0.011 -32"><span class='ocrx_word' id='word_1_180' title='bbox 2127 1634 2510 1719; x_wconf 24' lang='lat' dir='ltr'><strong>lari‘videret,</strong></span> <span class='ocrx_word' id='word_1_181' title='bbox 2532 1639 2654 1693; x_wconf 88' lang='lat' dir='ltr'><strong>zelo</strong></span> <span class='ocrx_word' id='word_1_182' title='bbox 2677 1640 2983 1709; x_wconf 89' lang='lat' dir='ltr'><strong>incensus,</strong></span> <span class='ocrx_word' id='word_1_183' title='bbox 3003 1648 3062 1697; x_wconf 90' lang='lat' dir='ltr'><strong>et</strong></span> <span class='ocrx_word' id='word_1_184' title='bbox 3080 1643 3142 1698; x_wconf 93' lang='lat' dir='ltr'><strong>in</strong></span> <span class='ocrx_word' id='word_1_185' title='bbox 3166 1645 3427 1702; x_wconf 90' lang='lat' dir='ltr'><strong>medium</strong></span> <span class='ocrx_word' id='word_1_186' title='bbox 3444 1652 3788 1721; x_wconf 89' lang='lat' dir='ltr'><strong>prosiliens,</strong></span> 
     </span>
    </p>
   </div>
   <div class='ocr_carea' id='block_1_31' title="bbox 2129 1712 3786 1807">
    <p class='ocr_par' dir='ltr' id='par_1_31' title="bbox 2129 1712 3786 1807">
     <span class='ocr_line' id='line_1_31' title="bbox 2129 1712 3786 1807; baseline 0.01 -27"><span class='ocrx_word' id='word_1_187' title='bbox 2129 1712 2264 1780; x_wconf 88' lang='lat' dir='ltr'><strong>cum</strong></span> <span class='ocrx_word' id='word_1_188' title='bbox 2317 1725 2534 1782; x_wconf 82' lang='lat' dir='ltr'><strong>festum</strong></span> <span class='ocrx_word' id='word_1_189' title='bbox 2567 1727 2852 1786; x_wconf 89' lang='lat' dir='ltr'><strong>inanimis</strong></span> <span class='ocrx_word' id='word_1_190' title='bbox 2886 1731 3063 1788; x_wconf 89' lang='lat' dir='ltr'><strong>idolis</strong></span> <span class='ocrx_word' id='word_1_191' title='bbox 3104 1742 3395 1807; x_wconf 81' lang='lat' dir='ltr'><strong>ageretur.</strong></span> <span class='ocrx_word' id='word_1_192' title='bbox 3430 1738 3617 1796; x_wconf 85' lang='lat' dir='ltr'><strong>altare</strong></span> <span class='ocrx_word' id='word_1_193' title='bbox 3649 1741 3786 1797; x_wconf 91' lang='lat' dir='ltr'><strong>sub-</strong></span> 
     </span>
    </p>
   </div>
   <div class='ocr_carea' id='block_1_32' title="bbox 2126 1812 3786 1894">
    <p class='ocr_par' dir='ltr' id='par_1_32' title="bbox 2126 1812 3786 1894">
     <span class='ocr_line' id='line_1_32' title="bbox 2126 1812 3786 1894; baseline 0.011 -29"><span class='ocrx_word' id='word_1_194' title='bbox 2126 1812 2320 1877; x_wconf 80' lang='lat' dir='ltr'><strong>vertit,</strong></span> <span class='ocrx_word' id='word_1_195' title='bbox 2353 1813 2625 1870; x_wconf 81' lang='lat' dir='ltr'><strong>victimas</strong></span> <span class='ocrx_word' id='word_1_196' title='bbox 2675 1817 3062 1880; x_wconf 86' lang='lat' dir='ltr'><strong>conculcavit.</strong></span> <span class='ocrx_word' id='word_1_197' title='bbox 3108 1819 3446 1894; x_wconf 90' lang='lat' dir='ltr'><strong>impiosque</strong></span> <span class='ocrx_word' id='word_1_198' title='bbox 3487 1825 3786 1884; x_wconf 90' lang='lat' dir='ltr'><strong>idolorum</strong></span> 
     </span>
    </p>
   </div>
   <div class='ocr_carea' id='block_1_33' title="bbox 368 1899 2017 1992">
    <p class='ocr_par' dir='ltr' id='par_1_33' title="bbox 368 1909 2017 1992">
     <span class='ocr_line' id='line_1_33' title="bbox 368 1909 2017 1992; baseline -0.004 -22"><span class='ocrx_word' id='word_1_199' title='bbox 368 1909 674 1989; x_wconf 78' lang='grc' dir='ltr'>καθύϐρισε,</span> <span class='ocrx_word' id='word_1_200' title='bbox 758 1914 854 1971; x_wconf 81' lang='grc' dir='ltr'><strong>καὶ</strong></span> <span class='ocrx_word' id='word_1_201' title='bbox 937 1915 1123 1971; x_wconf 70' lang='grc' dir='ltr'>ἑαυτὸν</span> <span class='ocrx_word' id='word_1_202' title='bbox 1223 1913 1543 1992; x_wconf 86' lang='grc' dir='ltr'>Χριστιανὸν</span> <span class='ocrx_word' id='word_1_203' title='bbox 1630 1909 2017 1985; x_wconf 79' lang='grc' dir='ltr'>ὡμολόγησεν,</span> 
     </span>
    </p>
   </div>
   <div class='ocr_carea' id='block_1_34' title="bbox 2132 1899 3787 1992">
    <p class='ocr_par' dir='ltr' id='par_1_34' title="bbox 2132 1899 3787 1980">
     <span class='ocr_line' id='line_1_34' title="bbox 2132 1899 3787 1980; baseline 0.011 -26"><span class='ocrx_word' id='word_1_204' title='bbox 2132 1899 2499 1956; x_wconf 86' lang='lat' dir='ltr'><strong>sacriﬁculos</strong></span> <span class='ocrx_word' id='word_1_205' title='bbox 2526 1904 2891 1960; x_wconf 89' lang='lat' dir='ltr'><strong>contumelia</strong></span> <span class='ocrx_word' id='word_1_206' title='bbox 2911 1906 3110 1961; x_wconf 71' lang='lat' dir='ltr'><strong>affecit</strong></span> <span class='ocrx_word' id='word_1_207' title='bbox 3133 1922 3145 1961; x_wconf 91' lang='lat'><strong>:</strong></span> <span class='ocrx_word' id='word_1_208' title='bbox 3180 1925 3362 1980; x_wconf 86' lang='lat' dir='ltr'><strong>seque</strong></span> <span class='ocrx_word' id='word_1_209' title='bbox 3385 1911 3787 1972; x_wconf 88' lang='lat' dir='ltr'><strong>Christianum</strong></span> 
     </span>
    </p>
   </div>
   <div class='ocr_carea' id='block_1_35' title="bbox 364 2003 2024 2080">
    <p class='ocr_par' dir='ltr' id='par_1_35' title="bbox 364 2003 2024 2080">
     <span class='ocr_line' id='line_1_35' title="bbox 364 2003 2024 2080; baseline -0.003 -20"><span class='ocrx_word' id='word_1_210' title='bbox 364 2005 529 2061; x_wconf 75' lang='grc' dir='ltr'>εἰπὼν</span> <span class='ocrx_word' id='word_1_211' title='bbox 561 2005 669 2077; x_wconf 75' lang='grc' dir='ltr'>ὅτι,</span> <span class='ocrx_word' id='word_1_212' title='bbox 712 2004 959 2062; x_wconf 79' lang='grc' dir='ltr'>Πιστεύω</span> <span class='ocrx_word' id='word_1_213' title='bbox 1016 2004 1096 2068; x_wconf 72' lang='grc' dir='ltr'>εἷς</span> <span class='ocrx_word' id='word_1_214' title='bbox 1154 2005 1385 2080; x_wconf 81' lang='grc' dir='ltr'>Χριστὸν</span> <span class='ocrx_word' id='word_1_215' title='bbox 1438 2003 1533 2058; x_wconf 84' lang='grc' dir='ltr'><strong>τὸν</strong></span> <span class='ocrx_word' id='word_1_216' title='bbox 1586 2003 1709 2057; x_wconf 79' lang='grc' dir='ltr'>Υἱὸν</span> <span class='ocrx_word' id='word_1_217' title='bbox 1760 2005 1857 2056; x_wconf 88' lang='grc' dir='ltr'><strong>τοῦ</strong></span> <span class='ocrx_word' id='word_1_218' title='bbox 1888 2004 2024 2057; x_wconf 87' lang='grc' dir='ltr'>Θεοῦ</span> 
     </span>
    </p>
   </div>
   <div class='ocr_carea' id='block_1_36' title="bbox 360 2088 2021 2170">
    <p class='ocr_par' dir='ltr' id='par_1_36' title="bbox 360 2088 2021 2170">
     <span class='ocr_line' id='line_1_36' title="bbox 360 2088 2021 2170; baseline -0.004 -20"><span class='ocrx_word' id='word_1_219' title='bbox 360 2094 452 2150; x_wconf 81' lang='grc' dir='ltr'><strong>τὸν</strong></span> <span class='ocrx_word' id='word_1_220' title='bbox 513 2098 807 2170; x_wconf 79' lang='grc' dir='ltr'>μονογενῆ,</span> <span class='ocrx_word' id='word_1_221' title='bbox 859 2096 953 2151; x_wconf 86' lang='grc' dir='ltr'><strong>τὸν</strong></span> <span class='ocrx_word' id='word_1_222' title='bbox 1012 2096 1319 2166; x_wconf 74' lang='grc' dir='ltr'>ποιήσαντα</span> <span class='ocrx_word' id='word_1_223' title='bbox 1375 2094 1469 2148; x_wconf 82' lang='grc' dir='ltr'><strong>τὸν</strong></span> <span class='ocrx_word' id='word_1_224' title='bbox 1521 2088 1892 2166; x_wconf 79' lang='grc' dir='ltr'>ούρανὸν,καὶ</span> <span class='ocrx_word' id='word_1_225' title='bbox 1922 2089 2021 2159; x_wconf 78' lang='grc' dir='ltr'>τὴν</span> 
     </span>
    </p>
   </div>
   <div class='ocr_carea' id='block_1_37' title="bbox 355 2180 2025 2260">
    <p class='ocr_par' dir='ltr' id='par_1_37' title="bbox 355 2180 2025 2260">
     <span class='ocr_line' id='line_1_37' title="bbox 355 2180 2025 2260; baseline -0.002 -22"><span class='ocrx_word' id='word_1_226' title='bbox 355 2190 487 2260; x_wconf 80' lang='grc' dir='ltr'>γῆν,</span> <span class='ocrx_word' id='word_1_227' title='bbox 542 2185 643 2253; x_wconf 75' lang='grc' dir='ltr'>τὴν</span> <span class='ocrx_word' id='word_1_228' title='bbox 701 2183 999 2257; x_wconf 82' lang='grc' dir='ltr'>θάλασσαν,</span> <span class='ocrx_word' id='word_1_229' title='bbox 1054 2183 1145 2239; x_wconf 82' lang='grc' dir='ltr'><strong>καὶ</strong></span> <span class='ocrx_word' id='word_1_230' title='bbox 1201 2184 1375 2239; x_wconf 80' lang='grc' dir='ltr'>πάντα</span> <span class='ocrx_word' id='word_1_231' title='bbox 1430 2183 1498 2238; x_wconf 81' lang='grc' dir='ltr'><strong>τὰ</strong></span> <span class='ocrx_word' id='word_1_232' title='bbox 1552 2180 1604 2237; x_wconf 71' lang='grc' dir='ltr'>ἓν</span> <span class='ocrx_word' id='word_1_233' title='bbox 1656 2181 1860 2243; x_wconf 80' lang='grc' dir='ltr'>αὐτοῖς.</span> <span class='ocrx_word' id='word_1_234' title='bbox 1891 2181 2025 2235; x_wconf 87' lang='grc' dir='ltr'>Τότε</span> 
     </span>
    </p>
   </div>
   <div class='ocr_carea' id='block_1_38' title="bbox 359 2267 2022 2349">
    <p class='ocr_par' dir='ltr' id='par_1_38' title="bbox 359 2267 2022 2349">
     <span class='ocr_line' id='line_1_38' title="bbox 359 2267 2022 2349; baseline -0.002 -22"><span class='ocrx_word' id='word_1_235' title='bbox 359 2272 707 2348; x_wconf 67' lang='grc' dir='ltr'>ὀργισθέντες</span> <span class='ocrx_word' id='word_1_236' title='bbox 763 2273 814 2328; x_wconf 80' lang='grc' dir='ltr'>οἱ</span> <span class='ocrx_word' id='word_1_237' title='bbox 874 2270 1299 2349; x_wconf 75' lang='grc' dir='ltr'>εἰδωλολάτραι,</span> <span class='ocrx_word' id='word_1_238' title='bbox 1356 2269 1655 2345; x_wconf 63' lang='grc' dir='ltr'>ἐκράτησαν</span> <span class='ocrx_word' id='word_1_239' title='bbox 1714 2269 1899 2340; x_wconf 78' lang='grc' dir='ltr'>αὐτὸν,</span> <span class='ocrx_word' id='word_1_240' title='bbox 1930 2267 2022 2325; x_wconf 78' lang='grc' dir='ltr'>καὶ</span> 
     </span>
    </p>
   </div>
   <div class='ocr_carea' id='block_1_39' title="bbox 361 2356 2020 2435">
    <p class='ocr_par' dir='ltr' id='par_1_39' title="bbox 361 2356 2020 2435">
     <span class='ocr_line' id='line_1_39' title="bbox 361 2356 2020 2435; baseline -0.001 -21"><span class='ocrx_word' id='word_1_241' title='bbox 361 2365 585 2434; x_wconf 87' lang='grc' dir='ltr'>πρῶτον</span> <span class='ocrx_word' id='word_1_242' title='bbox 641 2360 738 2434; x_wconf 77' lang='grc' dir='ltr'>μὶν</span> <span class='ocrx_word' id='word_1_243' title='bbox 798 2359 1234 2435; x_wconf 68' lang='grc' dir='ltr'>ἐτιμωρήσαντο,</span> <span class='ocrx_word' id='word_1_244' title='bbox 1294 2360 1322 2415; x_wconf 83' lang='grc' dir='ltr'><strong>ὁ</strong></span> <span class='ocrx_word' id='word_1_245' title='bbox 1384 2358 1479 2433; x_wconf 78' lang='grc' dir='ltr'><strong>μὶν</strong></span> <span class='ocrx_word' id='word_1_246' title='bbox 1522 2356 1752 2435; x_wconf 75' lang='grc' dir='ltr'>ῥοπάλῳ</span> <span class='ocrx_word' id='word_1_247' title='bbox 1778 2357 2020 2428; x_wconf 88' lang='grc' dir='ltr'>τύπτων,</span> 
     </span>
    </p>
   </div>
   <div class='ocr_carea' id='block_1_40' title="bbox 360 2442 2021 2523">
    <p class='ocr_par' dir='ltr' id='par_1_40' title="bbox 360 2442 2021 2523">
     <span class='ocr_line' id='line_1_40' title="bbox 360 2442 2021 2523; baseline -0.002 -19"><span class='ocrx_word' id='word_1_248' title='bbox 360 2448 390 2504; x_wconf 82' lang='grc' dir='ltr'>ὁ</span> <span class='ocrx_word' id='word_1_249' title='bbox 422 2447 482 2504; x_wconf 68' lang='grc' dir='ltr'><strong>δί</strong></span> <span class='ocrx_word' id='word_1_250' title='bbox 512 2448 659 2521; x_wconf 83' lang='grc' dir='ltr'>λίθῳ</span> <span class='ocrx_word' id='word_1_251' title='bbox 688 2442 988 2523; x_wconf 73' lang='grc' dir='ltr'>συντρίϐων</span> <span class='ocrx_word' id='word_1_252' title='bbox 1043 2448 1106 2504; x_wconf 83' lang='grc' dir='ltr'>τὸ</span> <span class='ocrx_word' id='word_1_253' title='bbox 1159 2446 1336 2521; x_wconf 87' lang='grc' dir='ltr'>στόμα</span> <span class='ocrx_word' id='word_1_254' title='bbox 1390 2446 1555 2503; x_wconf 79' lang='grc' dir='ltr'>αὐτοῦ</span> <span class='ocrx_word' id='word_1_255' title='bbox 1585 2446 1675 2502; x_wconf 83' lang='grc' dir='ltr'><strong>καὶ</strong></span> <span class='ocrx_word' id='word_1_256' title='bbox 1702 2447 1832 2508; x_wconf 78' lang='grc' dir='ltr'>τοὺς</span> <span class='ocrx_word' id='word_1_257' title='bbox 1863 2445 2021 2501; x_wconf 82' lang='grc' dir='ltr'>ὀόόν-</span> 
     </span>
    </p>
   </div>
   <div class='ocr_carea' id='block_1_41' title="bbox 358 2532 2019 2613">
    <p class='ocr_par' dir='ltr' id='par_1_41' title="bbox 358 2532 2019 2613">
     <span class='ocr_line' id='line_1_41' title="bbox 358 2532 2019 2613; baseline -0.001 -20"><span class='ocrx_word' id='word_1_258' title='bbox 358 2558 478 2607; x_wconf 87' lang='grc' dir='ltr'>τας,</span> <span class='ocrx_word' id='word_1_259' title='bbox 512 2536 687 2601; x_wconf 74' lang='grc' dir='ltr'>ἄλλος</span> <span class='ocrx_word' id='word_1_260' title='bbox 718 2538 896 2612; x_wconf 87' lang='grc' dir='ltr'>σύρων</span> <span class='ocrx_word' id='word_1_261' title='bbox 951 2538 1011 2594; x_wconf 67' lang='grc' dir='ltr'>ἐκ</span> <span class='ocrx_word' id='word_1_262' title='bbox 1063 2542 1176 2594; x_wconf 89' lang='grc' dir='ltr'><strong>τῶν</strong></span> <span class='ocrx_word' id='word_1_263' title='bbox 1230 2541 1466 2613; x_wconf 84' lang='grc' dir='ltr'>τριχῶν.</span> <span class='ocrx_word' id='word_1_264' title='bbox 1498 2538 1729 2593; x_wconf 75' lang='grc' dir='ltr'>Ἔπειτα</span> <span class='ocrx_word' id='word_1_265' title='bbox 1759 2532 2019 2607; x_wconf 82' lang='grc' dir='ltr'>δήσαντες</span> 
     </span>
    </p>
   </div>
   <div class='ocr_carea' id='block_1_42' title="bbox 359 2624 2019 2704">
    <p class='ocr_par' dir='ltr' id='par_1_42' title="bbox 359 2624 2019 2704">
     <span class='ocr_line' id='line_1_42' title="bbox 359 2624 2019 2704; baseline -0.002 -21"><span class='ocrx_word' id='word_1_266' title='bbox 359 2628 546 2699; x_wconf 74' lang='grc' dir='ltr'>αὐτὸν,</span> <span class='ocrx_word' id='word_1_267' title='bbox 606 2625 925 2704; x_wconf 69' lang='grc' dir='ltr'>παρέδωκαν</span> <span class='ocrx_word' id='word_1_268' title='bbox 982 2631 1063 2701; x_wconf 77' lang='grc' dir='ltr'><strong>τῷ</strong></span> <span class='ocrx_word' id='word_1_269' title='bbox 1119 2633 1221 2699; x_wconf 81' lang='grc' dir='ltr'><strong>τῆς</strong></span> <span class='ocrx_word' id='word_1_270' title='bbox 1278 2628 1471 2703; x_wconf 85' lang='grc' dir='ltr'>χώρας</span> <span class='ocrx_word' id='word_1_271' title='bbox 1527 2625 1735 2697; x_wconf 74' lang='grc' dir='ltr'>ἐκείνης</span> <span class='ocrx_word' id='word_1_272' title='bbox 1768 2624 2019 2701; x_wconf 78' lang='grc' dir='ltr'>ἄρχοντιο</span> 
     </span>
    </p>
   </div>
   <div class='ocr_carea' id='block_1_43' title="bbox 356 2714 2019 2796">
    <p class='ocr_par' dir='ltr' id='par_1_43' title="bbox 356 2714 2019 2796">
     <span class='ocr_line' id='line_1_43' title="bbox 356 2714 2019 2796; baseline -0.003 -22"><span class='ocrx_word' id='word_1_273' title='bbox 356 2718 448 2774; x_wconf 82' lang='grc' dir='ltr'><strong>καὶ</strong></span> <span class='ocrx_word' id='word_1_274' title='bbox 476 2718 565 2774; x_wconf 75' lang='grc' dir='ltr'>ὑπ’</span> <span class='ocrx_word' id='word_1_275' title='bbox 613 2716 822 2774; x_wconf 73' lang='grc' dir='ltr'>ἐκείνου</span> <span class='ocrx_word' id='word_1_276' title='bbox 869 2716 1088 2796; x_wconf 71' lang='grc' dir='ltr'>τυφθεὶς</span> <span class='ocrx_word' id='word_1_277' title='bbox 1146 2716 1397 2790; x_wconf 83' lang='grc' dir='ltr'>ἀνηλεῶς</span> <span class='ocrx_word' id='word_1_278' title='bbox 1461 2714 1778 2792; x_wconf 88' lang='grc' dir='ltr'>βουνεύροις</span> <span class='ocrx_word' id='word_1_279' title='bbox 1806 2717 2019 2792; x_wconf 83' lang='grc' dir='ltr'>ξηροῖς,</span> 
     </span>
    </p>
   </div>
   <div class='ocr_carea' id='block_1_44' title="bbox 359 2803 2019 2883">
    <p class='ocr_par' dir='ltr' id='par_1_44' title="bbox 359 2803 2019 2883">
     <span class='ocr_line' id='line_1_44' title="bbox 359 2803 2019 2883; baseline -0.003 -20"><span class='ocrx_word' id='word_1_280' title='bbox 359 2806 472 2863; x_wconf 76' lang='grc' dir='ltr'>εἶτα</span> <span class='ocrx_word' id='word_1_281' title='bbox 503 2807 827 2883; x_wconf 72' lang='grc' dir='ltr'>κρεμασθεῖς</span> <span class='ocrx_word' id='word_1_282' title='bbox 856 2805 949 2862; x_wconf 79' lang='grc' dir='ltr'><strong>καὶ</strong></span> <span class='ocrx_word' id='word_1_283' title='bbox 988 2806 1192 2880; x_wconf 78' lang='grc' dir='ltr'>ξεσθεῖς</span> <span class='ocrx_word' id='word_1_284' title='bbox 1246 2804 1343 2869; x_wconf 74' lang='grc' dir='ltr'><strong>τὰς</strong></span> <span class='ocrx_word' id='word_1_285' title='bbox 1398 2804 1662 2883; x_wconf 79' lang='grc' dir='ltr'>πλευρὰς,</span> <span class='ocrx_word' id='word_1_286' title='bbox 1692 2803 1850 2866; x_wconf 71' lang='grc' dir='ltr'>τέλος</span> <span class='ocrx_word' id='word_1_287' title='bbox 1883 2803 2019 2881; x_wconf 81' lang='grc' dir='ltr'>ξίφει</span> 
     </span>
    </p>
   </div>
   <div class='ocr_carea' id='block_1_45' title="bbox 358 2896 1056 2975">
    <p class='ocr_par' dir='ltr' id='par_1_45' title="bbox 358 2896 1056 2975">
     <span class='ocr_line' id='line_1_45' title="bbox 358 2896 1056 2975; baseline 0.003 -22"><span class='ocrx_word' id='word_1_288' title='bbox 358 2899 458 2969; x_wconf 77' lang='grc' dir='ltr'><strong>τήν</strong></span> <span class='ocrx_word' id='word_1_289' title='bbox 476 2896 722 2975; x_wconf 66' lang='grc' dir='ltr'>κεφαλὴν</span> <span class='ocrx_word' id='word_1_290' title='bbox 751 2897 1056 2968; x_wconf 76' lang='grc' dir='ltr'>ἆπετυήθη.</span> 
     </span>
    </p>
   </div>
   <div class='ocr_carea' id='block_1_46' title="bbox 924 3014 1463 3118">
    <p class='ocr_par' dir='ltr' id='par_1_46' title="bbox 924 3014 1463 3118">
     <span class='ocr_line' id='line_1_46' title="bbox 924 3014 1463 3118; baseline -0.002 -47"><span class='ocrx_word' id='word_1_291' title='bbox 924 3014 1108 3071; x_wconf 83' lang='lat' dir='ltr'><strong>MHNI</strong></span> <span class='ocrx_word' id='word_1_292' title='bbox 1137 3014 1234 3118; x_wconf 51' lang='lat' dir='ltr'><strong>TQ‘</strong></span> <span class='ocrx_word' id='word_1_293' title='bbox 1265 3015 1463 3070; x_wconf 85' lang='grc' dir='ltr'><strong>ΑΥΤΩ.</strong></span> 
     </span>
    </p>
   </div>
   <div class='ocr_carea' id='block_1_47' title="bbox 470 3103 1913 3268">
    <p class='ocr_par' dir='ltr' id='par_1_47' title="bbox 470 3103 1913 3268">
     <span class='ocr_line' id='line_1_47' title="bbox 470 3103 1913 3268; baseline -0.005 -17"><span class='ocrx_word' id='word_1_294' title='bbox 470 3194 680 3268; x_wconf 76' lang='grc' dir='ltr'>Μνήμη</span> <span class='ocrx_word' id='word_1_295' title='bbox 728 3196 828 3248; x_wconf 91' lang='grc' dir='ltr'><strong>τοῦ</strong></span> <span class='ocrx_word' id='word_1_296' title='bbox 875 3190 930 3248; x_wconf 74' lang='grc' dir='ltr'><strong>ἐν</strong></span> <span class='ocrx_word' id='word_1_297' title='bbox 981 3103 1409 3268; x_wconf 47' lang='grc' dir='ltr'>ἁγίοιςΠῗΙῐζατρὸς</span> <span class='ocrx_word' id='word_1_298' title='bbox 1438 3192 1599 3264; x_wconf 85' lang='grc' dir='ltr'>ἡμῶν</span> <span class='ocrx_word' id='word_1_299' title='bbox 1632 3186 1913 3264; x_wconf 83' lang='grc' dir='ltr'>Κυρίλλου</span> 
     </span>
    </p>
   </div>
   <div class='ocr_carea' id='block_1_48' title="bbox 979 3262 1402 3340">
    <p class='ocr_par' dir='ltr' id='par_1_48' title="bbox 979 3262 1402 3340">
     <span class='ocr_line' id='line_1_48' title="bbox 979 3262 1402 3340; baseline 0.002 -20"><span class='ocrx_word' id='word_1_300' title='bbox 979 3262 1402 3340; x_wconf 71' lang='grc' dir='ltr'>Ἰεροσολύμων.</span> 
     </span>
    </p>
   </div>
   <div class='ocr_carea' id='block_1_49' title="bbox 432 3375 2019 3459">
    <p class='ocr_par' dir='ltr' id='par_1_49' title="bbox 432 3375 2019 3459">
     <span class='ocr_line' id='line_1_49' title="bbox 432 3375 2019 3459; baseline -0.004 -19"><span class='ocrx_word' id='word_1_301' title='bbox 432 3382 603 3446; x_wconf 80' lang='grc' dir='ltr'>Οὗτος</span> <span class='ocrx_word' id='word_1_302' title='bbox 666 3385 914 3458; x_wconf 79' lang='grc' dir='ltr'>ὑπῆρχεν</span> <span class='ocrx_word' id='word_1_303' title='bbox 974 3382 1089 3445; x_wconf 73' lang='grc' dir='ltr'>υἱὸς</span> <span class='ocrx_word' id='word_1_304' title='bbox 1148 3382 1347 3459; x_wconf 71' lang='grc' dir='ltr'>γονέων</span> <span class='ocrx_word' id='word_1_305' title='bbox 1397 3375 1629 3437; x_wconf 73' lang='grc' dir='ltr'>εὐσεϐῶν</span> <span class='ocrx_word' id='word_1_306' title='bbox 1671 3378 1759 3435; x_wconf 75' lang='grc' dir='ltr'>ἐπὶ</span> <span class='ocrx_word' id='word_1_307' title='bbox 1790 3383 1887 3444; x_wconf 77' lang='grc' dir='ltr'><strong>τῆς</strong></span> <span class='ocrx_word' id='word_1_308' title='bbox 1920 3381 2019 3455; x_wconf 87' lang='grc' dir='ltr'><strong>βα-</strong></span> 
     </span>
    </p>
   </div>
   <div class='ocr_carea' id='block_1_50' title="bbox 371 3468 2016 3545">
    <p class='ocr_par' dir='ltr' id='par_1_50' title="bbox 371 3468 2016 3545">
     <span class='ocr_line' id='line_1_50' title="bbox 371 3468 2016 3545; baseline -0.002 -19"><span class='ocrx_word' id='word_1_309' title='bbox 371 3470 574 3534; x_wconf 87' lang='grc' dir='ltr'>σιλείας</span> <span class='ocrx_word' id='word_1_310' title='bbox 604 3471 1002 3530; x_wconf 78' lang='grc' dir='ltr'>Κωνσταντίου.</span> <span class='ocrx_word' id='word_1_311' title='bbox 1064 3471 1215 3530; x_wconf 80' lang='grc' dir='ltr'>Ἐπεὶ</span> <span class='ocrx_word' id='word_1_312' title='bbox 1275 3468 1332 3527; x_wconf 68' lang='grc' dir='ltr'><strong>δε</strong></span> <span class='ocrx_word' id='word_1_313' title='bbox 1390 3471 1419 3526; x_wconf 86' lang='grc' dir='ltr'>ὁ</span> <span class='ocrx_word' id='word_1_314' title='bbox 1473 3475 1579 3527; x_wconf 89' lang='grc' dir='ltr'><strong>τῶν</strong></span> <span class='ocrx_word' id='word_1_315' title='bbox 1614 3469 2016 3545; x_wconf 73' lang='grc' dir='ltr'>Ἰεροσολύμων</span> 
     </span>
    </p>
   </div>
   <div class='ocr_carea' id='block_1_51' title="bbox 374 3559 2022 3638">
    <p class='ocr_par' dir='ltr' id='par_1_51' title="bbox 374 3559 2022 3638">
     <span class='ocr_line' id='line_1_51' title="bbox 374 3559 2022 3638; baseline -0.002 -22"><span class='ocrx_word' id='word_1_316' title='bbox 374 3560 657 3627; x_wconf 65' lang='grc' dir='ltr'>ἐπίσκοπος</span> <span class='ocrx_word' id='word_1_317' title='bbox 686 3564 937 3636; x_wconf 78' lang='grc' dir='ltr'>Μάξιμος</span> <span class='ocrx_word' id='word_1_318' title='bbox 988 3560 1134 3618; x_wconf 76' lang='grc' dir='ltr'>τὲλει</span> <span class='ocrx_word' id='word_1_319' title='bbox 1197 3560 1321 3638; x_wconf 88' lang='grc' dir='ltr'>βίου</span> <span class='ocrx_word' id='word_1_320' title='bbox 1378 3559 1679 3637; x_wconf 69' lang='grc' dir='ltr'>ἐχρήσατο,</span> <span class='ocrx_word' id='word_1_321' title='bbox 1721 3561 1877 3623; x_wconf 77' lang='grc' dir='ltr'>οὗτος</span> <span class='ocrx_word' id='word_1_322' title='bbox 1908 3559 2022 3613; x_wconf 82' lang='grc' dir='ltr'>ἀντ’</span> 
     </span>
    </p>
   </div>
   <div class='ocr_carea' id='block_1_52' title="bbox 380 3647 2021 3726">
    <p class='ocr_par' dir='ltr' id='par_1_52' title="bbox 380 3647 2021 3726">
     <span class='ocr_line' id='line_1_52' title="bbox 380 3647 2021 3726; baseline 0 -22"><span class='ocrx_word' id='word_1_323' title='bbox 380 3647 583 3705; x_wconf 69' lang='grc' dir='ltr'>ἐκείνου</span> <span class='ocrx_word' id='word_1_324' title='bbox 631 3655 722 3721; x_wconf 74' lang='grc' dir='ltr'><strong>τῆς</strong></span> <span class='ocrx_word' id='word_1_325' title='bbox 774 3651 1139 3721; x_wconf 77' lang='grc' dir='ltr'>ἑπισκοπικῆς</span> <span class='ocrx_word' id='word_1_326' title='bbox 1200 3649 1428 3726; x_wconf 87' lang='grc' dir='ltr'>χάριτος</span> <span class='ocrx_word' id='word_1_327' title='bbox 1482 3651 1716 3723; x_wconf 75' lang='grc' dir='ltr'>ἠξιώθη,</span> <span class='ocrx_word' id='word_1_328' title='bbox 1746 3655 1854 3705; x_wconf 86' lang='grc' dir='ltr'><strong>τῶν</strong></span> <span class='ocrx_word' id='word_1_329' title='bbox 1882 3650 2021 3705; x_wconf 84' lang='grc' dir='ltr'>ἀπο-</span> 
     </span>
    </p>
   </div>
   <div class='ocr_carea' id='block_1_53' title="bbox 379 3737 2020 3818">
    <p class='ocr_par' dir='ltr' id='par_1_53' title="bbox 379 3737 2020 3818">
     <span class='ocr_line' id='line_1_53' title="bbox 379 3737 2020 3818; baseline 0.001 -25"><span class='ocrx_word' id='word_1_330' title='bbox 379 3737 646 3794; x_wconf 85' lang='grc' dir='ltr'>στόλικῶν</span> <span class='ocrx_word' id='word_1_331' title='bbox 696 3739 982 3818; x_wconf 77' lang='grc' dir='ltr'>δογμάτων</span> <span class='ocrx_word' id='word_1_332' title='bbox 1070 3741 1372 3816; x_wconf 80' lang='grc' dir='ltr'>προθύμως</span> <span class='ocrx_word' id='word_1_333' title='bbox 1446 3740 1806 3816; x_wconf 73' lang='grc' dir='ltr'>ὑπερμαχῶν.</span> <span class='ocrx_word' id='word_1_334' title='bbox 1866 3738 2020 3796; x_wconf 88' lang='grc' dir='ltr'>Ἀκά-</span> 
     </span>
    </p>
   </div>
   <div class='ocr_carea' id='block_1_54' title="bbox 374 3827 2021 3907">
    <p class='ocr_par' dir='ltr' id='par_1_54' title="bbox 374 3827 2021 3907">
     <span class='ocr_line' id='line_1_54' title="bbox 374 3827 2021 3907; baseline 0.001 -24"><span class='ocrx_word' id='word_1_335' title='bbox 374 3848 493 3891; x_wconf 88' lang='grc' dir='ltr'>κιος</span> <span class='ocrx_word' id='word_1_336' title='bbox 548 3827 602 3885; x_wconf 76' lang='grc' dir='ltr'>δὶ</span> <span class='ocrx_word' id='word_1_337' title='bbox 671 3831 946 3907; x_wconf 87' lang='grc' dir='ltr'>Ἀρειανὸς</span> <span class='ocrx_word' id='word_1_338' title='bbox 1004 3827 1102 3900; x_wconf 78' lang='grc' dir='ltr'>ὢν,</span> <span class='ocrx_word' id='word_1_339' title='bbox 1160 3830 1252 3886; x_wconf 86' lang='grc' dir='ltr'><strong>καὶ</strong></span> <span class='ocrx_word' id='word_1_340' title='bbox 1316 3830 1407 3885; x_wconf 86' lang='grc' dir='ltr'>τὸν</span> <span class='ocrx_word' id='word_1_341' title='bbox 1465 3828 1519 3885; x_wconf 80' lang='grc' dir='ltr'>ἐν</span> <span class='ocrx_word' id='word_1_342' title='bbox 1578 3828 1869 3905; x_wconf 80' lang='grc' dir='ltr'>Καισαρείᾳ</span> <span class='ocrx_word' id='word_1_343' title='bbox 1921 3836 2021 3899; x_wconf 83' lang='grc' dir='ltr'><strong>τῆς</strong></span> 
     </span>
    </p>
   </div>
   <div class='ocr_carea' id='block_1_55' title="bbox 369 3917 2019 3996">
    <p class='ocr_par' dir='ltr' id='par_1_55' title="bbox 369 3917 2019 3996">
     <span class='ocr_line' id='line_1_55' title="bbox 369 3917 2019 3996; baseline -0.001 -21"><span class='ocrx_word' id='word_1_344' title='bbox 369 3918 729 3992; x_wconf 84' lang='grc' dir='ltr'>Παλαιστίνης</span> <span class='ocrx_word' id='word_1_345' title='bbox 778 3920 971 3996; x_wconf 87' lang='grc' dir='ltr'>θρόνον</span> <span class='ocrx_word' id='word_1_346' title='bbox 1017 3919 1255 3996; x_wconf 68' lang='grc' dir='ltr'>ἐπέχων,</span> <span class='ocrx_word' id='word_1_347' title='bbox 1287 3921 1377 3976; x_wconf 81' lang='grc' dir='ltr'><strong>καὶ</strong></span> <span class='ocrx_word' id='word_1_348' title='bbox 1428 3920 1531 3976; x_wconf 84' lang='grc' dir='ltr'>ὑπὸ</span> <span class='ocrx_word' id='word_1_349' title='bbox 1560 3927 1660 3990; x_wconf 85' lang='grc' dir='ltr'><strong>τῆς</strong></span> <span class='ocrx_word' id='word_1_350' title='bbox 1692 3919 1747 3975; x_wconf 67' lang='grc' dir='ltr'>ἒν</span> <span class='ocrx_word' id='word_1_351' title='bbox 1778 3917 2019 3995; x_wconf 84' lang='grc' dir='ltr'>Σαρδικῇ</span> 
     </span>
    </p>
   </div>
   <div class='ocr_carea' id='block_1_56' title="bbox 362 4009 2022 4088">
    <p class='ocr_par' dir='ltr' id='par_1_56' title="bbox 362 4009 2022 4088">
     <span class='ocr_line' id='line_1_56' title="bbox 362 4009 2022 4088; baseline -0.001 -22"><span class='ocrx_word' id='word_1_352' title='bbox 362 4009 590 4067; x_wconf 80' lang='grc' dir='ltr'>συνόδου</span> <span class='ocrx_word' id='word_1_353' title='bbox 646 4013 1006 4088; x_wconf 74' lang='grc' dir='ltr'>καθαιρεθεὶς,</span> <span class='ocrx_word' id='word_1_354' title='bbox 1066 4011 1179 4069; x_wconf 75' lang='grc' dir='ltr'>ἐπεὶ</span> <span class='ocrx_word' id='word_1_355' title='bbox 1236 4013 1524 4087; x_wconf 84' lang='grc' dir='ltr'>γνώριμος</span> <span class='ocrx_word' id='word_1_356' title='bbox 1552 4011 1621 4081; x_wconf 80' lang='grc' dir='ltr'>ἦν</span> <span class='ocrx_word' id='word_1_357' title='bbox 1657 4016 1738 4085; x_wconf 78' lang='grc' dir='ltr'><strong>τῷ</strong></span> <span class='ocrx_word' id='word_1_358' title='bbox 1781 4010 2022 4087; x_wconf 83' lang='grc' dir='ltr'>βασιλεῖ,</span> 
     </span>
    </p>
   </div>
   <div class='ocr_carea' id='block_1_57' title="bbox 361 4097 2021 4178">
    <p class='ocr_par' dir='ltr' id='par_1_57' title="bbox 361 4097 2021 4178">
     <span class='ocr_line' id='line_1_57' title="bbox 361 4097 2021 4178; baseline 0.001 -22"><span class='ocrx_word' id='word_1_359' title='bbox 361 4099 561 4157; x_wconf 70' lang='grc' dir='ltr'>ἰκεῖθεν</span> <span class='ocrx_word' id='word_1_360' title='bbox 595 4097 741 4178; x_wconf 78' lang='grc' dir='ltr'>ἔχων</span> <span class='ocrx_word' id='word_1_361' title='bbox 771 4102 873 4169; x_wconf 72' lang='grc' dir='ltr'>τὴν</span> <span class='ocrx_word' id='word_1_362' title='bbox 913 4100 1179 4175; x_wconf 73' lang='grc' dir='ltr'>ἐξουσίαν,</span> <span class='ocrx_word' id='word_1_363' title='bbox 1238 4101 1329 4156; x_wconf 83' lang='grc' dir='ltr'>τὸν</span> <span class='ocrx_word' id='word_1_364' title='bbox 1391 4098 1672 4176; x_wconf 84' lang='grc' dir='ltr'>Κύριλλον</span> <span class='ocrx_word' id='word_1_365' title='bbox 1697 4105 1793 4156; x_wconf 78' lang='grc' dir='ltr'><strong>τοῦ</strong></span> <span class='ocrx_word' id='word_1_366' title='bbox 1825 4101 2021 4178; x_wconf 83' lang='grc' dir='ltr'>θρόνου</span> 
     </span>
    </p>
   </div>
   <div class='ocr_carea' id='block_1_58' title="bbox 360 4188 2021 4267">
    <p class='ocr_par' dir='ltr' id='par_1_58' title="bbox 360 4188 2021 4267">
     <span class='ocr_line' id='line_1_58' title="bbox 360 4188 2021 4267; baseline -0.001 -22"><span class='ocrx_word' id='word_1_367' title='bbox 360 4195 630 4255; x_wconf 72' lang='grc' dir='ltr'>καθελεῖν.</span> <span class='ocrx_word' id='word_1_368' title='bbox 690 4192 753 4249; x_wconf 92' lang='grc' dir='ltr'>Ὁ</span> <span class='ocrx_word' id='word_1_369' title='bbox 810 4188 868 4247; x_wconf 72' lang='grc' dir='ltr'>δὲ</span> <span class='ocrx_word' id='word_1_370' title='bbox 925 4190 1002 4255; x_wconf 84' lang='grc' dir='ltr'>εἷς</span> <span class='ocrx_word' id='word_1_371' title='bbox 1054 4190 1264 4267; x_wconf 83' lang='grc' dir='ltr'>Ταρσὸν</span> <span class='ocrx_word' id='word_1_372' title='bbox 1323 4188 1576 4255; x_wconf 76' lang='grc' dir='ltr'>ἀπελθὼν</span> <span class='ocrx_word' id='word_1_373' title='bbox 1627 4194 1706 4263; x_wconf 80' lang='grc' dir='ltr'><strong>τῷ</strong></span> <span class='ocrx_word' id='word_1_374' title='bbox 1734 4189 2021 4264; x_wconf 79' lang='grc' dir='ltr'>θαυμασίῳ</span> 
     </span>
    </p>
   </div>
   <div class='ocr_carea' id='block_1_59' title="bbox 365 4274 2020 4354">
    <p class='ocr_par' dir='ltr' id='par_1_59' title="bbox 365 4274 2020 4354">
     <span class='ocr_line' id='line_1_59' title="bbox 365 4274 2020 4354; baseline -0.001 -19"><span class='ocrx_word' id='word_1_375' title='bbox 365 4288 524 4351; x_wconf 84' lang='grc' dir='ltr'>συνῆν</span> <span class='ocrx_word' id='word_1_376' title='bbox 575 4274 852 4354; x_wconf 78' lang='grc' dir='ltr'>Σιλόανῷ.</span> <span class='ocrx_word' id='word_1_377' title='bbox 909 4278 1008 4335; x_wconf 80' lang='grc' dir='ltr'>Καὶ</span> <span class='ocrx_word' id='word_1_378' title='bbox 1067 4278 1145 4344; x_wconf 81' lang='grc' dir='ltr'><strong>είς</strong></span> <span class='ocrx_word' id='word_1_379' title='bbox 1202 4278 1523 4335; x_wconf 85' lang='grc' dir='ltr'>Σελεύκειαν</span> <span class='ocrx_word' id='word_1_380' title='bbox 1555 4278 2020 4353; x_wconf 87' lang='grc' dir='ltr'>συγκροτηθείσης</span> 
     </span>
    </p>
   </div>
   <div class='ocr_carea' id='block_1_60' title="bbox 361 4367 2021 4446">
    <p class='ocr_par' dir='ltr' id='par_1_60' title="bbox 361 4367 2021 4446">
     <span class='ocr_line' id='line_1_60' title="bbox 361 4367 2021 4446; baseline 0 -21"><span class='ocrx_word' id='word_1_381' title='bbox 361 4368 612 4441; x_wconf 85' lang='grc' dir='ltr'>συνόδου,</span> <span class='ocrx_word' id='word_1_382' title='bbox 666 4371 805 4445; x_wconf 84' lang='grc' dir='ltr'>πρὸς</span> <span class='ocrx_word' id='word_1_383' title='bbox 850 4372 950 4439; x_wconf 76' lang='grc' dir='ltr'><strong>τήν</strong></span> <span class='ocrx_word' id='word_1_384' title='bbox 1010 4367 1590 4429; x_wconf 83' lang='grc' dir='ltr'>Κωνσταντινούπολιν</span> <span class='ocrx_word' id='word_1_385' title='bbox 1646 4367 1933 4446; x_wconf 66' lang='grc' dir='ltr'>ἐξέδραμεν</span> <span class='ocrx_word' id='word_1_386' title='bbox 1993 4370 2021 4425; x_wconf 80' lang='grc' dir='ltr'><strong>ὁ</strong></span> 
     </span>
    </p>
   </div>
   <div class='ocr_carea' id='block_1_61' title="bbox 359 4452 2022 4536">
    <p class='ocr_par' dir='ltr' id='par_1_61' title="bbox 359 4452 2022 4536">
     <span class='ocr_line' id='line_1_61' title="bbox 359 4452 2022 4536; baseline -0.002 -19"><span class='ocrx_word' id='word_1_387' title='bbox 359 4461 641 4527; x_wconf 81' lang='grc' dir='ltr'>Ἀκάκιος,</span> <span class='ocrx_word' id='word_1_388' title='bbox 698 4459 787 4515; x_wconf 83' lang='grc' dir='ltr'><strong>καὶ</strong></span> <span class='ocrx_word' id='word_1_389' title='bbox 849 4452 1020 4515; x_wconf 78' lang='grc' dir='ltr'>ἔκεισε</span> <span class='ocrx_word' id='word_1_390' title='bbox 1074 4460 1167 4515; x_wconf 87' lang='grc' dir='ltr'>τὸν</span> <span class='ocrx_word' id='word_1_391' title='bbox 1229 4457 1455 4534; x_wconf 65' lang='grc' dir='ltr'>βασιλέα</span> <span class='ocrx_word' id='word_1_392' title='bbox 1512 4457 1773 4536; x_wconf 83' lang='grc' dir='ltr'>ὑπερορίᾳ</span> <span class='ocrx_word' id='word_1_393' title='bbox 1800 4456 2022 4515; x_wconf 85' lang='grc' dir='ltr'>καταδι-</span> 
     </span>
    </p>
   </div>
   <div class='ocr_carea' id='block_1_62' title="bbox 354 4546 2024 4621">
    <p class='ocr_par' dir='ltr' id='par_1_62' title="bbox 354 4546 2024 4621">
     <span class='ocr_line' id='line_1_62' title="bbox 354 4546 2024 4621; baseline -0.001 -16"><span class='ocrx_word' id='word_1_394' title='bbox 354 4550 516 4605; x_wconf 84' lang='grc' dir='ltr'>κάσαι</span> <span class='ocrx_word' id='word_1_395' title='bbox 550 4547 850 4621; x_wconf 76' lang='grc' dir='ltr'>Κύριλλον.</span> <span class='ocrx_word' id='word_1_396' title='bbox 899 4550 1049 4605; x_wconf 72' lang='grc' dir='ltr'>Μετὰ</span> <span class='ocrx_word' id='word_1_397' title='bbox 1079 4546 1138 4603; x_wconf 71' lang='grc' dir='ltr'>δὲ</span> <span class='ocrx_word' id='word_1_398' title='bbox 1175 4547 1437 4618; x_wconf 75' lang='grc' dir='ltr'>τελευτήν</span> <span class='ocrx_word' id='word_1_399' title='bbox 1492 4547 1894 4617; x_wconf 79' lang='grc' dir='ltr'>Κωνσταντίου,</span> <span class='ocrx_word' id='word_1_400' title='bbox 1924 4555 2024 4618; x_wconf 81' lang='grc' dir='ltr'><strong>τῆς</strong></span> 
     </span>
    </p>
   </div>
   <div class='ocr_carea' id='block_1_63' title="bbox 2129 1985 3787 2059">
    <p class='ocr_par' dir='ltr' id='par_1_63' title="bbox 2129 1985 3787 2059">
     <span class='ocr_line' id='line_1_63' title="bbox 2129 1985 3787 2059; baseline 0.01 -17"><span class='ocrx_word' id='word_1_401' title='bbox 2129 1985 2466 2043; x_wconf 88' lang='lat' dir='ltr'><strong>confessus:</strong></span> <span class='ocrx_word' id='word_1_402' title='bbox 2527 1989 2733 2058; x_wconf 88' lang='lat' dir='ltr'><strong>Credo,</strong></span> <span class='ocrx_word' id='word_1_403' title='bbox 2785 1990 2887 2059; x_wconf 87' lang='lat' dir='ltr'><strong>ait,</strong></span> <span class='ocrx_word' id='word_1_404' title='bbox 2948 1992 3011 2047; x_wconf 89' lang='lat' dir='ltr'><strong>in</strong></span> <span class='ocrx_word' id='word_1_405' title='bbox 3065 1993 3367 2050; x_wconf 89' lang='lat' dir='ltr'><strong>Christum</strong></span> <span class='ocrx_word' id='word_1_406' title='bbox 3425 1999 3633 2056; x_wconf 87' lang='lat' dir='ltr'><strong>Filium</strong></span> <span class='ocrx_word' id='word_1_407' title='bbox 3682 2003 3787 2057; x_wconf 91' lang='lat' dir='ltr'><strong>Dei</strong></span> 
     </span>
    </p>
   </div>
   <div class='ocr_carea' id='block_1_64' title="bbox 2132 2076 3787 2159">
    <p class='ocr_par' dir='ltr' id='par_1_64' title="bbox 2132 2076 3787 2159">
     <span class='ocr_line' id='line_1_64' title="bbox 2132 2076 3787 2159; baseline 0.01 -29"><span class='ocrx_word' id='word_1_408' title='bbox 2132 2076 2532 2149; x_wconf 87' lang='lat' dir='ltr'><strong>Unigenitum.</strong></span> <span class='ocrx_word' id='word_1_409' title='bbox 2564 2078 2848 2134; x_wconf 86' lang='lat' dir='ltr'><strong>factorem</strong></span> <span class='ocrx_word' id='word_1_410' title='bbox 2881 2082 3012 2136; x_wconf 72' lang='lat' dir='ltr'><strong>coeli</strong></span> <span class='ocrx_word' id='word_1_411' title='bbox 3045 2088 3103 2136; x_wconf 90' lang='lat' dir='ltr'><strong>et</strong></span> <span class='ocrx_word' id='word_1_412' title='bbox 3134 2087 3325 2149; x_wconf 82' lang='lat' dir='ltr'><strong>terrae,</strong></span> <span class='ocrx_word' id='word_1_413' title='bbox 3350 2088 3554 2159; x_wconf 86' lang='lat' dir='ltr'><strong>maris,</strong></span> <span class='ocrx_word' id='word_1_414' title='bbox 3580 2095 3637 2144; x_wconf 90' lang='lat' dir='ltr'><strong>et</strong></span> <span class='ocrx_word' id='word_1_415' title='bbox 3667 2108 3787 2147; x_wconf 88' lang='lat' dir='ltr'><strong>om-</strong></span> 
     </span>
    </p>
   </div>
   <div class='ocr_carea' id='block_1_65' title="bbox 2128 2163 3791 2236">
    <p class='ocr_par' dir='ltr' id='par_1_65' title="bbox 2128 2163 3791 2236">
     <span class='ocr_line' id='line_1_65' title="bbox 2128 2163 3791 2236; baseline 0.011 -19"><span class='ocrx_word' id='word_1_416' title='bbox 2128 2163 2297 2218; x_wconf 91' lang='lat' dir='ltr'><strong>nium</strong></span> <span class='ocrx_word' id='word_1_417' title='bbox 2331 2182 2461 2236; x_wconf 71' lang='lat' dir='ltr'><strong>quae</strong></span> <span class='ocrx_word' id='word_1_418' title='bbox 2493 2165 2555 2221; x_wconf 90' lang='lat' dir='ltr'><strong>in</strong></span> <span class='ocrx_word' id='word_1_419' title='bbox 2586 2167 2672 2222; x_wconf 91' lang='lat' dir='ltr'><strong>eis</strong></span> <span class='ocrx_word' id='word_1_420' title='bbox 2720 2173 2877 2225; x_wconf 89' lang='lat' dir='ltr'><strong>sunt.</strong></span> <span class='ocrx_word' id='word_1_421' title='bbox 2929 2169 3325 2234; x_wconf 89' lang='lat' dir='ltr'><strong>Quamobrem</strong></span> <span class='ocrx_word' id='word_1_422' title='bbox 3357 2175 3432 2229; x_wconf 90' lang='lat' dir='ltr'><strong>ad</strong></span> <span class='ocrx_word' id='word_1_423' title='bbox 3461 2174 3612 2232; x_wconf 91' lang='lat' dir='ltr'><strong>iram</strong></span> <span class='ocrx_word' id='word_1_424' title='bbox 3647 2195 3791 2235; x_wconf 92' lang='lat' dir='ltr'><strong>con-</strong></span> 
     </span>
    </p>
   </div>
   <div class='ocr_carea' id='block_1_66' title="bbox 2129 2253 3788 2341">
    <p class='ocr_par' dir='ltr' id='par_1_66' title="bbox 2129 2253 3788 2341">
     <span class='ocr_line' id='line_1_66' title="bbox 2129 2253 3788 2341; baseline 0.01 -32"><span class='ocrx_word' id='word_1_425' title='bbox 2129 2253 2291 2309; x_wconf 89' lang='lat' dir='ltr'><strong>citati</strong></span> <span class='ocrx_word' id='word_1_426' title='bbox 2324 2254 2676 2323; x_wconf 79' lang='lat' dir='ltr'><strong>idololatras,</strong></span> <span class='ocrx_word' id='word_1_427' title='bbox 2714 2257 2909 2330; x_wconf 91' lang='lat' dir='ltr'><strong>ipsum</strong></span> <span class='ocrx_word' id='word_1_428' title='bbox 2929 2261 3547 2333; x_wconf 88' lang='lat' dir='ltr'><strong>comprehenderunt:</strong></span> <span class='ocrx_word' id='word_1_429' title='bbox 3581 2273 3639 2323; x_wconf 88' lang='lat' dir='ltr'><strong>et</strong></span> <span class='ocrx_word' id='word_1_430' title='bbox 3664 2269 3788 2341; x_wconf 91' lang='lat' dir='ltr'><strong>pri-</strong></span> 
     </span>
    </p>
   </div>
   <div class='ocr_carea' id='block_1_67' title="bbox 2129 2345 3787 2426">
    <p class='ocr_par' dir='ltr' id='par_1_67' title="bbox 2129 2345 3787 2426">
     <span class='ocr_line' id='line_1_67' title="bbox 2129 2345 3787 2426; baseline 0.011 -29"><span class='ocrx_word' id='word_1_431' title='bbox 2129 2360 2291 2399; x_wconf 90' lang='lat' dir='ltr'><strong>mum</strong></span> <span class='ocrx_word' id='word_1_432' title='bbox 2321 2345 2563 2416; x_wconf 88' lang='lat' dir='ltr'><strong>quidem</strong></span> <span class='ocrx_word' id='word_1_433' title='bbox 2620 2346 2731 2419; x_wconf 91' lang='lat' dir='ltr'><strong>ipsi</strong></span> <span class='ocrx_word' id='word_1_434' title='bbox 2781 2365 2888 2420; x_wconf 91' lang='lat' dir='ltr'><strong>per</strong></span> <span class='ocrx_word' id='word_1_435' title='bbox 2946 2366 3007 2405; x_wconf 88' lang='lat' dir='ltr'><strong>se</strong></span> <span class='ocrx_word' id='word_1_436' title='bbox 3068 2350 3239 2407; x_wconf 91' lang='lat' dir='ltr'><strong>illum</strong></span> <span class='ocrx_word' id='word_1_437' title='bbox 3279 2356 3659 2426; x_wconf 87' lang='lat' dir='ltr'><strong>cruciarunt;</strong></span> <span class='ocrx_word' id='word_1_438' title='bbox 3690 2358 3787 2415; x_wconf 93' lang='lat' dir='ltr'><strong>hic</strong></span> 
     </span>
    </p>
   </div>
   <div class='ocr_carea' id='block_1_68' title="bbox 2128 2428 3790 2516">
    <p class='ocr_par' dir='ltr' id='par_1_68' title="bbox 2128 2428 3790 2516">
     <span class='ocr_line' id='line_1_68' title="bbox 2128 2428 3790 2516; baseline 0.011 -33"><span class='ocrx_word' id='word_1_439' title='bbox 2128 2428 2370 2516; x_wconf 89' lang='lat' dir='ltr'><strong>quidem</strong></span> <span class='ocrx_word' id='word_1_440' title='bbox 2399 2431 2556 2487; x_wconf 90' lang='lat' dir='ltr'><strong>fuste</strong></span> <span class='ocrx_word' id='word_1_441' title='bbox 2586 2432 2843 2501; x_wconf 66' lang='lat' dir='ltr'><strong>casdens,</strong></span> <span class='ocrx_word' id='word_1_442' title='bbox 2903 2435 3004 2491; x_wconf 91' lang='lat' dir='ltr'><strong>ille</strong></span> <span class='ocrx_word' id='word_1_443' title='bbox 3062 2454 3201 2493; x_wconf 83' lang='lat' dir='ltr'><strong>vero</strong></span> <span class='ocrx_word' id='word_1_444' title='bbox 3246 2440 3443 2512; x_wconf 90' lang='lat' dir='ltr'><strong>lapide</strong></span> <span class='ocrx_word' id='word_1_445' title='bbox 3474 2459 3539 2498; x_wconf 90' lang='lat' dir='ltr'><strong>os</strong></span> <span class='ocrx_word' id='word_1_446' title='bbox 3570 2444 3700 2516; x_wconf 88' lang='lat' dir='ltr'><strong>ejus</strong></span> <span class='ocrx_word' id='word_1_447' title='bbox 3732 2450 3790 2501; x_wconf 89' lang='lat' dir='ltr'><strong>et</strong></span> 
     </span>
    </p>
   </div>
   <div class='ocr_carea' id='block_1_69' title="bbox 2130 2515 3787 2597">
    <p class='ocr_par' dir='ltr' id='par_1_69' title="bbox 2130 2515 3787 2597">
     <span class='ocr_line' id='line_1_69' title="bbox 2130 2515 3787 2597; baseline 0.01 -26"><span class='ocrx_word' id='word_1_448' title='bbox 2130 2515 2337 2572; x_wconf 89' lang='lat' dir='ltr'><strong>dentes</strong></span> <span class='ocrx_word' id='word_1_449' title='bbox 2363 2519 2758 2590; x_wconf 90' lang='lat' dir='ltr'><strong>contundens,</strong></span> <span class='ocrx_word' id='word_1_450' title='bbox 2782 2522 2935 2578; x_wconf 87' lang='lat' dir='ltr'><strong>alius</strong></span> <span class='ocrx_word' id='word_1_451' title='bbox 2953 2524 3200 2597; x_wconf 89' lang='lat' dir='ltr'><strong>capillos</strong></span> <span class='ocrx_word' id='word_1_452' title='bbox 3220 2527 3507 2585; x_wconf 87' lang='lat' dir='ltr'><strong>vellicans</strong></span> <span class='ocrx_word' id='word_1_453' title='bbox 3532 2546 3544 2586; x_wconf 92' lang='lat'><strong>:</strong></span> <span class='ocrx_word' id='word_1_454' title='bbox 3571 2515 3787 2589; x_wconf 89' lang='lat' dir='ltr'><strong>deinde</strong></span> 
     </span>
    </p>
   </div>
   <div class='ocr_carea' id='block_1_70' title="bbox 2126 2608 3788 2695">
    <p class='ocr_par' dir='ltr' id='par_1_70' title="bbox 2126 2608 3788 2695">
     <span class='ocr_line' id='line_1_70' title="bbox 2126 2608 3788 2695; baseline 0.01 -34"><span class='ocrx_word' id='word_1_455' title='bbox 2126 2623 2263 2662; x_wconf 84' lang='lat' dir='ltr'><strong>vero</strong></span> <span class='ocrx_word' id='word_1_456' title='bbox 2293 2608 2548 2665; x_wconf 81' lang='lat' dir='ltr'><strong>vinculis</strong></span> <span class='ocrx_word' id='word_1_457' title='bbox 2582 2611 2996 2681; x_wconf 86' lang='lat' dir='ltr'><strong>constrictum,</strong></span> <span class='ocrx_word' id='word_1_458' title='bbox 3028 2616 3269 2685; x_wconf 60' lang='lat' dir='ltr'><strong>prasidi</strong></span> <span class='ocrx_word' id='word_1_459' title='bbox 3316 2618 3476 2675; x_wconf 91' lang='lat' dir='ltr'><strong>illius</strong></span> <span class='ocrx_word' id='word_1_460' title='bbox 3526 2622 3788 2695; x_wconf 81' lang='lat' dir='ltr'><strong>regionis</strong></span> 
     </span>
    </p>
   </div>
   <div class='ocr_carea' id='block_1_71' title="bbox 2127 2697 3790 2773">
    <p class='ocr_par' dir='ltr' id='par_1_71' title="bbox 2127 2697 3790 2773">
     <span class='ocr_line' id='line_1_71' title="bbox 2127 2697 3790 2773; baseline 0.01 -21"><span class='ocrx_word' id='word_1_461' title='bbox 2127 2697 2445 2767; x_wconf 89' lang='lat' dir='ltr'><strong>tradidere,</strong></span> <span class='ocrx_word' id='word_1_462' title='bbox 2471 2702 2641 2772; x_wconf 86' lang='lat' dir='ltr'><strong>cujus</strong></span> <span class='ocrx_word' id='word_1_463' title='bbox 2664 2702 2841 2773; x_wconf 89' lang='lat' dir='ltr'><strong>jussu</strong></span> <span class='ocrx_word' id='word_1_464' title='bbox 2872 2703 3055 2759; x_wconf 88' lang='lat' dir='ltr'><strong>aridis</strong></span> <span class='ocrx_word' id='word_1_465' title='bbox 3076 2704 3317 2763; x_wconf 90' lang='lat' dir='ltr'><strong>bubulis</strong></span> <span class='ocrx_word' id='word_1_466' title='bbox 3350 2711 3546 2766; x_wconf 85' lang='lat' dir='ltr'><strong>nervis</strong></span> <span class='ocrx_word' id='word_1_467' title='bbox 3578 2712 3790 2768; x_wconf 91' lang='lat' dir='ltr'><strong>miser-</strong></span> 
     </span>
    </p>
   </div>
   <div class='ocr_carea' id='block_1_72' title="bbox 2125 2786 3786 2871">
    <p class='ocr_par' dir='ltr' id='par_1_72' title="bbox 2125 2786 3786 2871">
     <span class='ocr_line' id='line_1_72' title="bbox 2125 2786 3786 2871; baseline 0.011 -31"><span class='ocrx_word' id='word_1_468' title='bbox 2125 2786 2275 2841; x_wconf 91' lang='lat' dir='ltr'><strong>rime</strong></span> <span class='ocrx_word' id='word_1_469' title='bbox 2307 2804 2516 2856; x_wconf 74' lang='lat' dir='ltr'><strong>caesus,</strong></span> <span class='ocrx_word' id='word_1_470' title='bbox 2556 2806 2692 2845; x_wconf 82' lang='lat' dir='ltr'><strong>mox</strong></span> <span class='ocrx_word' id='word_1_471' title='bbox 2740 2807 3086 2863; x_wconf 89' lang='lat' dir='ltr'><strong>suspensus,</strong></span> <span class='ocrx_word' id='word_1_472' title='bbox 3141 2800 3199 2850; x_wconf 92' lang='lat' dir='ltr'><strong>et</strong></span> <span class='ocrx_word' id='word_1_473' title='bbox 3246 2796 3434 2855; x_wconf 87' lang='lat' dir='ltr'><strong>latera</strong></span> <span class='ocrx_word' id='word_1_474' title='bbox 3463 2802 3786 2871; x_wconf 88' lang='lat' dir='ltr'><strong>ustulatus,</strong></span> 
     </span>
    </p>
   </div>
   <div class='ocr_carea' id='block_1_73' title="bbox 2125 2879 2925 2947">
    <p class='ocr_par' dir='ltr' id='par_1_73' title="bbox 2125 2879 2925 2947">
     <span class='ocr_line' id='line_1_73' title="bbox 2125 2879 2925 2947; baseline 0.003 -16"><span class='ocrx_word' id='word_1_475' title='bbox 2125 2882 2426 2947; x_wconf 90' lang='lat' dir='ltr'><strong>postremo</strong></span> <span class='ocrx_word' id='word_1_476' title='bbox 2460 2879 2786 2936; x_wconf 88' lang='lat' dir='ltr'><strong>decollatus</strong></span> <span class='ocrx_word' id='word_1_477' title='bbox 2818 2886 2925 2937; x_wconf 90' lang='lat' dir='ltr'><strong>est.</strong></span> 
     </span>
    </p>
   </div>
   <div class='ocr_carea' id='block_1_74' title="bbox 2686 2999 3220 3059">
    <p class='ocr_par' dir='ltr' id='par_1_74' title="bbox 2686 2999 3220 3059">
     <span class='ocr_line' id='line_1_74' title="bbox 2686 2999 3220 3059; baseline 0.011 -6"><span class='ocrx_word' id='word_1_478' title='bbox 2686 2999 2929 3056; x_wconf 87' lang='lat' dir='ltr'><strong>EODEM</strong></span> <span class='ocrx_word' id='word_1_479' title='bbox 2967 3002 3220 3059; x_wconf 76' lang='lat' dir='ltr'><strong>MENSE.</strong></span> 
     </span>
    </p>
   </div>
   <div class='ocr_carea' id='block_1_75' title="bbox 2622 3087 3279 3151">
    <p class='ocr_par' dir='ltr' id='par_1_75' title="bbox 2622 3087 3279 3151">
     <span class='ocr_line' id='line_1_75' title="bbox 2622 3087 3279 3151; baseline 0.012 -9"><span class='ocrx_word' id='word_1_480' title='bbox 2622 3087 2727 3143; x_wconf 90' lang='lat' dir='ltr'><strong>Die</strong></span> <span class='ocrx_word' id='word_1_481' title='bbox 2778 3087 3011 3147; x_wconf 89' lang='lat' dir='ltr'><strong>decima</strong></span> <span class='ocrx_word' id='word_1_482' title='bbox 3057 3097 3279 3151; x_wconf 85' lang='lat' dir='ltr'><strong>octava.</strong></span> 
     </span>
    </p>
   </div>
   <div class='ocr_carea' id='block_1_76' title="bbox 2199 3174 3714 3259">
    <p class='ocr_par' dir='ltr' id='par_1_76' title="bbox 2199 3174 3714 3259">
     <span class='ocr_line' id='line_1_76' title="bbox 2199 3174 3714 3259; baseline 0.009 -28"><span class='ocrx_word' id='word_1_483' title='bbox 2199 3174 2301 3231; x_wconf 75' lang='lat'><strong>20</strong></span> <span class='ocrx_word' id='word_1_484' title='bbox 2334 3176 2788 3259; x_wconf 59' lang='lat' dir='ltr'><strong>Commemoratio</strong></span> <span class='ocrx_word' id='word_1_485' title='bbox 2842 3183 3025 3259; x_wconf 68' lang='lat' dir='ltr'><strong>sancti</strong></span> <span class='ocrx_word' id='word_1_486' title='bbox 3061 3182 3257 3259; x_wconf 63' lang='lat' dir='ltr'><strong>Patris</strong></span> <span class='ocrx_word' id='word_1_487' title='bbox 3302 3188 3479 3243; x_wconf 82' lang='lat' dir='ltr'><strong>nostri</strong></span> <span class='ocrx_word' id='word_1_488' title='bbox 3517 3188 3714 3259; x_wconf 77' lang='lat' dir='ltr'><strong>Cyrilh&#39;</strong></span> 
     </span>
    </p>
   </div>
   <div class='ocr_carea' id='block_1_77' title="bbox 2706 3252 3213 3322">
    <p class='ocr_par' dir='ltr' id='par_1_77' title="bbox 2706 3252 3213 3322">
     <span class='ocr_line' id='line_1_77' title="bbox 2706 3252 3213 3322; baseline 0.012 -18"><span class='ocrx_word' id='word_1_489' title='bbox 2706 3252 3213 3322; x_wconf 79' lang='lat' dir='ltr'><strong>Hierosolymitani.</strong></span> 
     </span>
    </p>
   </div>
   <div class='ocr_carea' id='block_1_78' title="bbox 2198 3364 3781 3445">
    <p class='ocr_par' dir='ltr' id='par_1_78' title="bbox 2198 3364 3781 3445">
     <span class='ocr_line' id='line_1_78' title="bbox 2198 3364 3781 3445; baseline 0.01 -27"><span class='ocrx_word' id='word_1_490' title='bbox 2198 3366 2315 3420; x_wconf 89' lang='lat' dir='ltr'><strong>Iste</strong></span> <span class='ocrx_word' id='word_1_491' title='bbox 2344 3364 2459 3436; x_wconf 90' lang='lat' dir='ltr'><strong>piis</strong></span> <span class='ocrx_word' id='word_1_492' title='bbox 2488 3366 2839 3437; x_wconf 85' lang='lat' dir='ltr'><strong>parentibus</strong></span> <span class='ocrx_word' id='word_1_493' title='bbox 2895 3373 3070 3424; x_wconf 88' lang='lat' dir='ltr'><strong>natus</strong></span> <span class='ocrx_word' id='word_1_494' title='bbox 3126 3376 3217 3426; x_wconf 90' lang='lat' dir='ltr'><strong>est</strong></span> <span class='ocrx_word' id='word_1_495' title='bbox 3272 3372 3600 3445; x_wconf 87' lang='lat' dir='ltr'><strong>imperante</strong></span> <span class='ocrx_word' id='word_1_496' title='bbox 3631 3378 3781 3434; x_wconf 89' lang='lat' dir='ltr'><strong>Con-</strong></span> 
     </span>
    </p>
   </div>
   <div class='ocr_carea' id='block_1_79' title="bbox 2129 3454 3782 3539">
    <p class='ocr_par' dir='ltr' id='par_1_79' title="bbox 2129 3454 3782 3539">
     <span class='ocr_line' id='line_1_79' title="bbox 2129 3454 3782 3539; baseline 0.01 -32"><span class='ocrx_word' id='word_1_497' title='bbox 2129 3454 2369 3508; x_wconf 89' lang='lat' dir='ltr'><strong>stantio.</strong></span> <span class='ocrx_word' id='word_1_498' title='bbox 2405 3455 2655 3510; x_wconf 80' lang='lat' dir='ltr'><strong>Maximo</strong></span> <span class='ocrx_word' id='word_1_499' title='bbox 2685 3461 2883 3511; x_wconf 89' lang='lat' dir='ltr'><strong>autem</strong></span> <span class='ocrx_word' id='word_1_500' title='bbox 2916 3457 3460 3532; x_wconf 84' lang='lat' dir='ltr'><strong>Hierosolymorum</strong></span> <span class='ocrx_word' id='word_1_501' title='bbox 3503 3466 3782 3539; x_wconf 90' lang='lat' dir='ltr'><strong>episcopo</strong></span> 
     </span>
    </p>
   </div>
   <div class='ocr_carea' id='block_1_80' title="bbox 2126 3544 3779 3630">
    <p class='ocr_par' dir='ltr' id='par_1_80' title="bbox 2126 3544 3779 3630">
     <span class='ocr_line' id='line_1_80' title="bbox 2126 3544 3779 3630; baseline 0.01 -33"><span class='ocrx_word' id='word_1_502' title='bbox 2126 3544 2246 3599; x_wconf 83' lang='lat' dir='ltr'><strong>vita</strong></span> <span class='ocrx_word' id='word_1_503' title='bbox 2295 3544 2521 3609; x_wconf 87' lang='lat' dir='ltr'><strong>functo,</strong></span> <span class='ocrx_word' id='word_1_504' title='bbox 2580 3545 2955 3619; x_wconf 90' lang='lat' dir='ltr'><strong>episcopatus</strong></span> <span class='ocrx_word' id='word_1_505' title='bbox 3013 3550 3201 3620; x_wconf 84' lang='lat' dir='ltr'><strong>gratia</strong></span> <span class='ocrx_word' id='word_1_506' title='bbox 3256 3551 3470 3625; x_wconf 88' lang='lat' dir='ltr'><strong>dignus</strong></span> <span class='ocrx_word' id='word_1_507' title='bbox 3510 3558 3779 3630; x_wconf 74' lang='lat' dir='ltr'><strong>effectus,</strong></span> 
     </span>
    </p>
   </div>
   <div class='ocr_carea' id='block_1_81' title="bbox 2128 3633 3779 3717">
    <p class='ocr_par' dir='ltr' id='par_1_81' title="bbox 2128 3633 3779 3717">
     <span class='ocr_line' id='line_1_81' title="bbox 2128 3633 3779 3717; baseline 0.01 -30"><span class='ocrx_word' id='word_1_508' title='bbox 2128 3633 2337 3704; x_wconf 87' lang='lat' dir='ltr'><strong>illique</strong></span> <span class='ocrx_word' id='word_1_509' title='bbox 2395 3633 2770 3702; x_wconf 90' lang='lat' dir='ltr'><strong>substitutus,</strong></span> <span class='ocrx_word' id='word_1_510' title='bbox 2830 3653 2937 3707; x_wconf 92' lang='lat' dir='ltr'><strong>pro</strong></span> <span class='ocrx_word' id='word_1_511' title='bbox 2992 3637 3369 3712; x_wconf 82' lang='lat' dir='ltr'><strong>dogmatibus</strong></span> <span class='ocrx_word' id='word_1_512' title='bbox 3434 3647 3779 3717; x_wconf 85' lang='lat' dir='ltr'><strong>apostolicis</strong></span> 
     </span>
    </p>
   </div>
   <div class='ocr_carea' id='block_1_82' title="bbox 2127 3723 3779 3806">
    <p class='ocr_par' dir='ltr' id='par_1_82' title="bbox 2127 3723 3779 3806">
     <span class='ocr_line' id='line_1_82' title="bbox 2127 3723 3779 3806; baseline 0.008 -28"><span class='ocrx_word' id='word_1_513' title='bbox 2127 3723 2405 3778; x_wconf 89' lang='lat' dir='ltr'><strong>alacriter</strong></span> <span class='ocrx_word' id='word_1_514' title='bbox 2433 3723 2771 3779; x_wconf 86' lang='lat' dir='ltr'><strong>decertavit.</strong></span> <span class='ocrx_word' id='word_1_515' title='bbox 2804 3725 2915 3780; x_wconf 90' lang='lat' dir='ltr'><strong>Sed</strong></span> <span class='ocrx_word' id='word_1_516' title='bbox 2946 3729 3193 3785; x_wconf 80' lang='lat' dir='ltr'><strong>Aeacius</strong></span> <span class='ocrx_word' id='word_1_517' title='bbox 3225 3732 3500 3801; x_wconf 88' lang='lat' dir='ltr'><strong>Arianus,</strong></span> <span class='ocrx_word' id='word_1_518' title='bbox 3525 3736 3626 3806; x_wconf 92' lang='lat' dir='ltr'><strong>qui</strong></span> <span class='ocrx_word' id='word_1_519' title='bbox 3658 3738 3779 3792; x_wconf 71' lang='lat' dir='ltr'><strong>Ca3-</strong></span> 
     </span>
    </p>
   </div>
   <div class='ocr_carea' id='block_1_83' title="bbox 2130 3812 3785 3897">
    <p class='ocr_par' dir='ltr' id='par_1_83' title="bbox 2130 3812 3785 3897">
     <span class='ocr_line' id='line_1_83' title="bbox 2130 3812 3785 3897; baseline 0.008 -29"><span class='ocrx_word' id='word_1_520' title='bbox 2130 3829 2311 3868; x_wconf 73' lang='lat' dir='ltr'><strong>sareaa</strong></span> <span class='ocrx_word' id='word_1_521' title='bbox 2332 3812 2661 3868; x_wconf 66' lang='lat' dir='ltr'><strong>Palaestinae</strong></span> <span class='ocrx_word' id='word_1_522' title='bbox 2682 3813 2962 3870; x_wconf 89' lang='lat' dir='ltr'><strong>thronum</strong></span> <span class='ocrx_word' id='word_1_523' title='bbox 2981 3817 3490 3893; x_wconf 86' lang='lat' dir='ltr'><strong>obtinebat,atque</strong></span> <span class='ocrx_word' id='word_1_524' title='bbox 3508 3841 3542 3879; x_wconf 90' lang='lat' dir='ltr'><strong>a</strong></span> <span class='ocrx_word' id='word_1_525' title='bbox 3559 3827 3785 3897; x_wconf 86' lang='lat' dir='ltr'><strong>synodo</strong></span> 
     </span>
    </p>
   </div>
   <div class='ocr_carea' id='block_1_84' title="bbox 2128 3902 3790 3982">
    <p class='ocr_par' dir='ltr' id='par_1_84' title="bbox 2128 3902 3790 3982">
     <span class='ocr_line' id='line_1_84' title="bbox 2128 3902 3790 3982; baseline 0.009 -25"><span class='ocrx_word' id='word_1_526' title='bbox 2128 3902 2465 3958; x_wconf 91' lang='lat' dir='ltr'><strong>Sardicensi</strong></span> <span class='ocrx_word' id='word_1_527' title='bbox 2496 3908 2835 3975; x_wconf 86' lang='lat' dir='ltr'><strong>segregatus</strong></span> <span class='ocrx_word' id='word_1_528' title='bbox 2857 3904 3070 3974; x_wconf 83' lang='lat' dir='ltr'><strong>fuerat,</strong></span> <span class='ocrx_word' id='word_1_529' title='bbox 3093 3924 3229 3964; x_wconf 91' lang='lat' dir='ltr'><strong>cum</strong></span> <span class='ocrx_word' id='word_1_530' title='bbox 3262 3909 3607 3982; x_wconf 90' lang='lat' dir='ltr'><strong>imperatori</strong></span> <span class='ocrx_word' id='word_1_531' title='bbox 3631 3922 3790 3972; x_wconf 90' lang='lat' dir='ltr'><strong>esset</strong></span> 
     </span>
    </p>
   </div>
   <div class='ocr_carea' id='block_1_85' title="bbox 2128 3992 3792 4073">
    <p class='ocr_par' dir='ltr' id='par_1_85' title="bbox 2128 3992 3792 4073">
     <span class='ocr_line' id='line_1_85' title="bbox 2128 3992 3792 4073; baseline 0.01 -27"><span class='ocrx_word' id='word_1_532' title='bbox 2128 3998 2327 4057; x_wconf 91' lang='lat' dir='ltr'><strong>notus,</strong></span> <span class='ocrx_word' id='word_1_533' title='bbox 2362 3995 2652 4063; x_wconf 85' lang='lat' dir='ltr'><strong>potestate</strong></span> <span class='ocrx_word' id='word_1_534' title='bbox 2684 3992 2755 4047; x_wconf 89' lang='lat' dir='ltr'><strong>ab</strong></span> <span class='ocrx_word' id='word_1_535' title='bbox 2786 3993 2996 4050; x_wconf 91' lang='lat' dir='ltr'><strong>eodem</strong></span> <span class='ocrx_word' id='word_1_536' title='bbox 3026 4002 3286 4070; x_wconf 89' lang='lat' dir='ltr'><strong>accepta.</strong></span> <span class='ocrx_word' id='word_1_537' title='bbox 3320 4001 3606 4073; x_wconf 86' lang='lat' dir='ltr'><strong>Cyrillum</strong></span> <span class='ocrx_word' id='word_1_538' title='bbox 3630 4021 3661 4060; x_wconf 91' lang='lat' dir='ltr'><strong>e</strong></span> <span class='ocrx_word' id='word_1_539' title='bbox 3682 4023 3792 4062; x_wconf 77' lang='lat' dir='ltr'><strong>sua</strong></span> 
     </span>
    </p>
   </div>
   <div class='ocr_carea' id='block_1_86' title="bbox 2131 4080 3789 4156">
    <p class='ocr_par' dir='ltr' id='par_1_86' title="bbox 2131 4080 3789 4156">
     <span class='ocr_line' id='line_1_86' title="bbox 2131 4080 3789 4156; baseline 0.011 -22"><span class='ocrx_word' id='word_1_540' title='bbox 2131 4080 2270 4136; x_wconf 89' lang='lat' dir='ltr'><strong>sede</strong></span> <span class='ocrx_word' id='word_1_541' title='bbox 2302 4080 2538 4152; x_wconf 87' lang='lat' dir='ltr'><strong>dejecit.</strong></span> <span class='ocrx_word' id='word_1_542' title='bbox 2573 4081 2626 4136; x_wconf 88' lang='lat' dir='ltr'><strong>Is</strong></span> <span class='ocrx_word' id='word_1_543' title='bbox 2655 4098 2792 4137; x_wconf 85' lang='lat' dir='ltr'><strong>vero</strong></span> <span class='ocrx_word' id='word_1_544' title='bbox 2822 4085 3067 4139; x_wconf 90' lang='lat' dir='ltr'><strong>Tarsum</strong></span> <span class='ocrx_word' id='word_1_545' title='bbox 3108 4089 3465 4156; x_wconf 76' lang='lat' dir='ltr'><strong>concedens,</strong></span> <span class='ocrx_word' id='word_1_546' title='bbox 3499 4110 3619 4150; x_wconf 92' lang='lat' dir='ltr'><strong>una</strong></span> <span class='ocrx_word' id='word_1_547' title='bbox 3652 4112 3789 4153; x_wconf 90' lang='lat' dir='ltr'><strong>cum</strong></span> 
     </span>
    </p>
   </div>
   <div class='ocr_carea' id='block_1_87' title="bbox 2129 4170 3789 4257">
    <p class='ocr_par' dir='ltr' id='par_1_87' title="bbox 2129 4170 3789 4257">
     <span class='ocr_line' id='line_1_87' title="bbox 2129 4170 3789 4257; baseline 0.01 -31"><span class='ocrx_word' id='word_1_548' title='bbox 2129 4170 2469 4226; x_wconf 87' lang='lat' dir='ltr'><strong>admirabili</strong></span> <span class='ocrx_word' id='word_1_549' title='bbox 2523 4171 2755 4227; x_wconf 87' lang='lat' dir='ltr'><strong>Silvano</strong></span> <span class='ocrx_word' id='word_1_550' title='bbox 2808 4181 3210 4233; x_wconf 89' lang='lat' dir='ltr'><strong>commoratus</strong></span> <span class='ocrx_word' id='word_1_551' title='bbox 3258 4185 3365 4234; x_wconf 90' lang='lat' dir='ltr'><strong>est.</strong></span> <span class='ocrx_word' id='word_1_552' title='bbox 3412 4182 3624 4240; x_wconf 88' lang='lat' dir='ltr'><strong>Coacta</strong></span> <span class='ocrx_word' id='word_1_553' title='bbox 3654 4192 3789 4257; x_wconf 92' lang='lat' dir='ltr'><strong>post</strong></span> 
     </span>
    </p>
   </div>
   <div class='ocr_carea' id='block_1_88' title="bbox 2128 4260 3784 4336">
    <p class='ocr_par' dir='ltr' id='par_1_88' title="bbox 2128 4260 3784 4336">
     <span class='ocr_line' id='line_1_88' title="bbox 2128 4260 3784 4336; baseline 0.008 -20"><span class='ocrx_word' id='word_1_554' title='bbox 2128 4260 2411 4316; x_wconf 81' lang='lat' dir='ltr'><strong>Seleuciae</strong></span> <span class='ocrx_word' id='word_1_555' title='bbox 2443 4260 2691 4331; x_wconf 89' lang='lat' dir='ltr'><strong>synodo,</strong></span> <span class='ocrx_word' id='word_1_556' title='bbox 2714 4262 3293 4336; x_wconf 89' lang='lat' dir='ltr'><strong>Constantinopolim</strong></span> <span class='ocrx_word' id='word_1_557' title='bbox 3324 4271 3576 4327; x_wconf 85' lang='lat' dir='ltr'><strong>Acacius</strong></span> <span class='ocrx_word' id='word_1_558' title='bbox 3605 4274 3784 4331; x_wconf 91' lang='lat' dir='ltr'><strong>advo-</strong></span> 
     </span>
    </p>
   </div>
   <div class='ocr_carea' id='block_1_89' title="bbox 2128 4349 3787 4426">
    <p class='ocr_par' dir='ltr' id='par_1_89' title="bbox 2128 4349 3787 4426">
     <span class='ocr_line' id='line_1_89' title="bbox 2128 4349 3787 4426; baseline 0.01 -23"><span class='ocrx_word' id='word_1_559' title='bbox 2128 4349 2283 4417; x_wconf 88' lang='lat' dir='ltr'><strong>lans,</strong></span> <span class='ocrx_word' id='word_1_560' title='bbox 2305 4349 2649 4421; x_wconf 89' lang='lat' dir='ltr'><strong>imperatori</strong></span> <span class='ocrx_word' id='word_1_561' title='bbox 2674 4352 2969 4421; x_wconf 90' lang='lat' dir='ltr'><strong>persuasit</strong></span> <span class='ocrx_word' id='word_1_562' title='bbox 2996 4359 3063 4407; x_wconf 94' lang='lat' dir='ltr'><strong>ut</strong></span> <span class='ocrx_word' id='word_1_563' title='bbox 3089 4356 3373 4426; x_wconf 90' lang='lat' dir='ltr'><strong>Cyrillum</strong></span> <span class='ocrx_word' id='word_1_564' title='bbox 3396 4361 3605 4417; x_wconf 85' lang='lat' dir='ltr'><strong>exsilio</strong></span> <span class='ocrx_word' id='word_1_565' title='bbox 3627 4365 3787 4420; x_wconf 90' lang='lat' dir='ltr'><strong>mul-</strong></span> 
     </span>
    </p>
   </div>
   <div class='ocr_carea' id='block_1_90' title="bbox 2129 4440 3787 4519">
    <p class='ocr_par' dir='ltr' id='par_1_90' title="bbox 2129 4440 3787 4519">
     <span class='ocr_line' id='line_1_90' title="bbox 2129 4440 3787 4519; baseline 0.01 -25"><span class='ocrx_word' id='word_1_566' title='bbox 2129 4444 2300 4496; x_wconf 90' lang='lat' dir='ltr'><strong>taret.</strong></span> <span class='ocrx_word' id='word_1_567' title='bbox 2361 4441 2585 4494; x_wconf 82' lang='lat' dir='ltr'><strong>Mortuo</strong></span> <span class='ocrx_word' id='word_1_568' title='bbox 2632 4440 2999 4509; x_wconf 89' lang='lat' dir='ltr'><strong>Constantio,</strong></span> <span class='ocrx_word' id='word_1_569' title='bbox 3059 4459 3194 4499; x_wconf 92' lang='lat' dir='ltr'><strong>cum</strong></span> <span class='ocrx_word' id='word_1_570' title='bbox 3252 4446 3569 4519; x_wconf 89' lang='lat' dir='ltr'><strong>imperium</strong></span> <span class='ocrx_word' id='word_1_571' title='bbox 3628 4452 3787 4510; x_wconf 89' lang='lat' dir='ltr'><strong>obti-</strong></span> 
     </span>
    </p>
   </div>
   <div class='ocr_carea' id='block_1_91' title="bbox 2129 4528 3787 4602">
    <p class='ocr_par' dir='ltr' id='par_1_91' title="bbox 2129 4528 3787 4602">
     <span class='ocr_line' id='line_1_91' title="bbox 2129 4528 3787 4602; baseline 0.01 -18"><span class='ocrx_word' id='word_1_572' title='bbox 2129 4528 2362 4584; x_wconf 90' lang='lat' dir='ltr'><strong>nuisset</strong></span> <span class='ocrx_word' id='word_1_573' title='bbox 2380 4528 2670 4596; x_wconf 85' lang='lat' dir='ltr'><strong>Julianus,</strong></span> <span class='ocrx_word' id='word_1_574' title='bbox 2693 4529 2987 4602; x_wconf 89' lang='lat' dir='ltr'><strong>velletque</strong></span> <span class='ocrx_word' id='word_1_575' title='bbox 3008 4532 3314 4590; x_wconf 89' lang='lat' dir='ltr'><strong>universos</strong></span> <span class='ocrx_word' id='word_1_576' title='bbox 3337 4536 3448 4592; x_wconf 89' lang='lat' dir='ltr'><strong>sibi</strong></span> <span class='ocrx_word' id='word_1_577' title='bbox 3467 4538 3787 4601; x_wconf 89' lang='lat' dir='ltr'><strong>benevolos</strong></span> 
     </span>
    </p>
   </div>
   <div class='ocr_carea' id='block_1_92' title="bbox 359 4611 2017 4715">
    <p class='ocr_par' dir='ltr' id='par_1_92' title="bbox 359 4611 2017 4715">
     <span class='ocr_line' id='line_1_92' title="bbox 359 4611 2017 4715; baseline -0.003 -22"><span class='ocrx_word' id='word_1_578' title='bbox 359 4611 643 4715; x_wconf 80' lang='grc' dir='ltr'>βασιλείας</span> <span class='ocrx_word' id='word_1_579' title='bbox 693 4639 968 4715; x_wconf 74' lang='grc' dir='ltr'>κρατήσας</span> <span class='ocrx_word' id='word_1_580' title='bbox 1022 4637 1347 4709; x_wconf 82' lang='grc' dir='ltr'>Ἰουλιανὸς,</span> <span class='ocrx_word' id='word_1_581' title='bbox 1393 4611 1588 4713; x_wconf 43' lang='grc' dir='ltr'>’θὲχων</span> <span class='ocrx_word' id='word_1_582' title='bbox 1623 4611 2017 4694; x_wconf 74' lang='grc' dir='ltr'>ἐπισπάσασθαι</span> 
     </span>
    </p>
   </div>
   <div class='ocr_carea' id='block_1_93' title="bbox 2132 4611 3891 4715">
    <p class='ocr_par' dir='ltr' id='par_1_93' title="bbox 2138 4618 3891 4697">
     <span class='ocr_line' id='line_1_93' title="bbox 2138 4618 3891 4697; baseline 0.007 -23"><span class='ocrx_word' id='word_1_583' title='bbox 2138 4618 2409 4686; x_wconf 88' lang='lat' dir='ltr'><strong>reddere,</strong></span> <span class='ocrx_word' id='word_1_584' title='bbox 2436 4635 2556 4674; x_wconf 87' lang='lat' dir='ltr'><strong>una</strong></span> <span class='ocrx_word' id='word_1_585' title='bbox 2587 4635 2721 4674; x_wconf 92' lang='lat' dir='ltr'><strong>cum</strong></span> <span class='ocrx_word' id='word_1_586' title='bbox 2754 4619 2983 4675; x_wconf 73' lang='lat' dir='ltr'><strong>casteris</strong></span> <span class='ocrx_word' id='word_1_587' title='bbox 3032 4622 3209 4678; x_wconf 89' lang='lat' dir='ltr'><strong>etiam</strong></span> <span class='ocrx_word' id='word_1_588' title='bbox 3259 4626 3547 4697; x_wconf 88' lang='lat' dir='ltr'><strong>Cyrillum</strong></span> <span class='ocrx_word' id='word_1_589' title='bbox 3580 4633 3788 4693; x_wconf 86' lang='lat' dir='ltr'><strong>exsilio</strong></span> <span class='ocrx_word' id='word_1_590' title='bbox 3889 4684 3891 4687; x_wconf 83' lang='lat'><strong>.</strong></span> 
     </span>
    </p>
   </div>
   <div class='ocr_carea' id='block_1_94' title="bbox 355 4723 2017 4807">
    <p class='ocr_par' dir='ltr' id='par_1_94' title="bbox 355 4723 2017 4807">
     <span class='ocr_line' id='line_1_94' title="bbox 355 4723 2017 4807; baseline 0.001 -25"><span class='ocrx_word' id='word_1_591' title='bbox 355 4726 565 4791; x_wconf 82' lang='grc' dir='ltr'>πάντας</span> <span class='ocrx_word' id='word_1_592' title='bbox 597 4726 675 4791; x_wconf 73' lang='grc' dir='ltr'>εἷς</span> <span class='ocrx_word' id='word_1_593' title='bbox 706 4723 942 4799; x_wconf 67' lang='grc' dir='ltr'>εὔνοιαν,</span> <span class='ocrx_word' id='word_1_594' title='bbox 1000 4726 1264 4807; x_wconf 69' lang='grc' dir='ltr'>ἰῤῥύσατο</span> <span class='ocrx_word' id='word_1_595' title='bbox 1327 4726 1461 4801; x_wconf 84' lang='grc' dir='ltr'><strong>μετᾶ</strong></span> <span class='ocrx_word' id='word_1_596' title='bbox 1518 4727 1736 4783; x_wconf 82' lang='grc' dir='ltr'>πάντων</span> <span class='ocrx_word' id='word_1_597' title='bbox 1783 4728 1874 4783; x_wconf 83' lang='grc' dir='ltr'><strong>καὶ</strong></span> <span class='ocrx_word' id='word_1_598' title='bbox 1924 4728 2017 4783; x_wconf 88' lang='grc' dir='ltr'><strong>τὸν</strong></span> 
     </span>
    </p>
   </div>
   <div class='ocr_carea' id='block_1_95' title="bbox 357 4816 2016 4895">
    <p class='ocr_par' dir='ltr' id='par_1_95' title="bbox 357 4816 2016 4895">
     <span class='ocr_line' id='line_1_95' title="bbox 357 4816 2016 4895; baseline -0.001 -20"><span class='ocrx_word' id='word_1_599' title='bbox 357 4817 665 4894; x_wconf 81' lang='grc' dir='ltr'>Κύριλλον,</span> <span class='ocrx_word' id='word_1_600' title='bbox 728 4818 817 4875; x_wconf 81' lang='grc' dir='ltr'><strong>καὶ</strong></span> <span class='ocrx_word' id='word_1_601' title='bbox 874 4823 953 4892; x_wconf 81' lang='grc' dir='ltr'>τῷ</span> <span class='ocrx_word' id='word_1_602' title='bbox 1023 4816 1151 4891; x_wconf 75' lang='grc' dir='ltr'>ἰδίῳ</span> <span class='ocrx_word' id='word_1_603' title='bbox 1226 4817 1404 4895; x_wconf 90' lang='grc' dir='ltr'>θρόνῳ</span> <span class='ocrx_word' id='word_1_604' title='bbox 1481 4817 1829 4889; x_wconf 71' lang='grc' dir='ltr'>κατέστησεν.</span> <span class='ocrx_word' id='word_1_605' title='bbox 1893 4823 2016 4873; x_wconf 89' lang='grc' dir='ltr'><strong>Κα-</strong></span> 
     </span>
    </p>
   </div>
   <div class='ocr_carea' id='block_1_96' title="bbox 358 4904 2020 4985">
    <p class='ocr_par' dir='ltr' id='par_1_96' title="bbox 358 4904 2020 4985">
     <span class='ocr_line' id='line_1_96' title="bbox 358 4904 2020 4985; baseline 0 -23"><span class='ocrx_word' id='word_1_606' title='bbox 358 4905 475 4971; x_wconf 87' lang='grc' dir='ltr'><strong>λῶς</strong></span> <span class='ocrx_word' id='word_1_607' title='bbox 533 4909 625 4964; x_wconf 83' lang='grc' dir='ltr'><strong>οῦν</strong></span> <span class='ocrx_word' id='word_1_608' title='bbox 677 4909 740 4965; x_wconf 80' lang='grc' dir='ltr'>τὸ</span> <span class='ocrx_word' id='word_1_609' title='bbox 796 4908 1050 4983; x_wconf 84' lang='grc' dir='ltr'>ποίμνιον</span> <span class='ocrx_word' id='word_1_610' title='bbox 1110 4905 1319 4980; x_wconf 77' lang='grc' dir='ltr'>ίθύνας,</span> <span class='ocrx_word' id='word_1_611' title='bbox 1377 4907 1518 4985; x_wconf 85' lang='grc' dir='ltr'>πρὸς</span> <span class='ocrx_word' id='word_1_612' title='bbox 1578 4908 1774 4983; x_wconf 79' lang='grc' dir='ltr'>Κύριον</span> <span class='ocrx_word' id='word_1_613' title='bbox 1833 4904 2020 4980; x_wconf 69' lang='grc' dir='ltr'>ἐξεδή-</span> 
     </span>
    </p>
   </div>
   <div class='ocr_carea' id='block_1_97' title="bbox 362 5017 553 5073">
    <p class='ocr_par' dir='ltr' id='par_1_97' title="bbox 362 5017 553 5073">
     <span class='ocr_line' id='line_1_97' title="bbox 362 5017 553 5073; baseline 0.01 -20"><span class='ocrx_word' id='word_1_614' title='bbox 362 5017 553 5073; x_wconf 82' lang='grc' dir='ltr'>μησεν.</span> 
     </span>
    </p>
   </div>
   <div class='ocr_carea' id='block_1_98' title="bbox 500 5085 1873 5183">
    <p class='ocr_par' dir='ltr' id='par_1_98' title="bbox 500 5085 1873 5183">
     <span class='ocr_line' id='line_1_98' title="bbox 500 5085 1873 5183; baseline -0.003 -39"><span class='ocrx_word' id='word_1_615' title='bbox 500 5086 602 5144; x_wconf 81' lang='grc' dir='ltr'>Καί</span> <span class='ocrx_word' id='word_1_616' title='bbox 633 5085 866 5160; x_wconf 71' lang='grc' dir='ltr'>ἄθλησις</span> <span class='ocrx_word' id='word_1_617' title='bbox 891 5090 1002 5143; x_wconf 85' lang='grc' dir='ltr'><strong>τῶν</strong></span> <span class='ocrx_word' id='word_1_618' title='bbox 1025 5086 1194 5183; x_wconf 71' lang='grc' dir='ltr'>ἁγίων</span> <span class='ocrx_word' id='word_1_619' title='bbox 1215 5086 1351 5176; x_wconf 53' lang='grc' dir='ltr'><strong>ἔπτᾶ</strong></span> <span class='ocrx_word' id='word_1_620' title='bbox 1379 5089 1651 5163; x_wconf 84' lang='grc' dir='ltr'>γυναικῶν</span> <span class='ocrx_word' id='word_1_621' title='bbox 1677 5088 1788 5143; x_wconf 84' lang='grc' dir='ltr'><strong>τῶν</strong></span> <span class='ocrx_word' id='word_1_622' title='bbox 1821 5085 1873 5141; x_wconf 68' lang='grc' dir='ltr'>ἐν</span> 
     </span>
    </p>
   </div>
   <div class='ocr_carea' id='block_1_99' title="bbox 1097 5169 1309 5235">
    <p class='ocr_par' dir='ltr' id='par_1_99' title="bbox 1097 5169 1309 5235">
     <span class='ocr_line' id='line_1_99' title="bbox 1097 5169 1309 5235; baseline 0.014 -19"><span class='ocrx_word' id='word_1_623' title='bbox 1097 5169 1309 5235; x_wconf 82' lang='grc' dir='ltr'>Λμισῷ.</span> 
     </span>
    </p>
   </div>
   <div class='ocr_carea' id='block_1_100' title="bbox 426 5244 2014 5330">
    <p class='ocr_par' dir='ltr' id='par_1_100' title="bbox 426 5244 2014 5330">
     <span class='ocr_line' id='line_1_100' title="bbox 426 5244 2014 5330; baseline -0.002 -22"><span class='ocrx_word' id='word_1_624' title='bbox 426 5252 553 5309; x_wconf 81' lang='grc' dir='ltr'><strong>Ἐπῖ</strong></span> <span class='ocrx_word' id='word_1_625' title='bbox 608 5257 709 5323; x_wconf 86' lang='grc' dir='ltr'><strong>τῆς</strong></span> <span class='ocrx_word' id='word_1_626' title='bbox 772 5248 1054 5330; x_wconf 83' lang='grc' dir='ltr'>βασιλείας</span> <span class='ocrx_word' id='word_1_627' title='bbox 1123 5254 1221 5306; x_wconf 90' lang='grc' dir='ltr'><strong>τοῦ</strong></span> <span class='ocrx_word' id='word_1_628' title='bbox 1295 5244 1587 5312; x_wconf 77' lang='grc' dir='ltr'>δυσσεϐοῦς</span> <span class='ocrx_word' id='word_1_629' title='bbox 1644 5249 2014 5323; x_wconf 83' lang='grc' dir='ltr'>Μαξιμιανοῦ,</span> 
     </span>
    </p>
   </div>
   <div class='ocr_carea' id='block_1_101' title="bbox 356 5337 2011 5419">
    <p class='ocr_par' dir='ltr' id='par_1_101' title="bbox 356 5337 2011 5419">
     <span class='ocr_line' id='line_1_101' title="bbox 356 5337 2011 5419; baseline -0.002 -20"><span class='ocrx_word' id='word_1_630' title='bbox 356 5337 607 5419; x_wconf 76' lang='grc' dir='ltr'>διωγμοῦ</span> <span class='ocrx_word' id='word_1_631' title='bbox 690 5343 1004 5413; x_wconf 69' lang='grc' dir='ltr'>κινηθέντος</span> <span class='ocrx_word' id='word_1_632' title='bbox 1091 5337 1357 5415; x_wconf 73' lang='grc' dir='ltr'>μεγάλου,</span> <span class='ocrx_word' id='word_1_633' title='bbox 1438 5343 1580 5395; x_wconf 82' lang='grc' dir='ltr'>πᾶσα</span> <span class='ocrx_word' id='word_1_634' title='bbox 1654 5337 1848 5409; x_wconf 73' lang='grc' dir='ltr'>ἡλικία</span> <span class='ocrx_word' id='word_1_635' title='bbox 1903 5344 2011 5395; x_wconf 91' lang='grc' dir='ltr'><strong>τῶν</strong></span> 
     </span>
    </p>
   </div>
   <div class='ocr_carea' id='block_1_102' title="bbox 353 5427 2011 5509">
    <p class='ocr_par' dir='ltr' id='par_1_102' title="bbox 353 5427 2011 5509">
     <span class='ocr_line' id='line_1_102' title="bbox 353 5427 2011 5509; baseline -0.002 -20"><span class='ocrx_word' id='word_1_636' title='bbox 353 5433 652 5509; x_wconf 72' lang='grc' dir='ltr'>ἀνθρώπων</span> <span class='ocrx_word' id='word_1_637' title='bbox 709 5437 818 5490; x_wconf 91' lang='grc' dir='ltr'><strong>τῶν</strong></span> <span class='ocrx_word' id='word_1_638' title='bbox 876 5430 1306 5505; x_wconf 84' lang='grc' dir='ltr'>ὁμολογούντων</span> <span class='ocrx_word' id='word_1_639' title='bbox 1358 5429 1453 5485; x_wconf 88' lang='grc' dir='ltr'><strong>τὸν</strong></span> <span class='ocrx_word' id='word_1_640' title='bbox 1512 5428 1767 5503; x_wconf 79' lang='grc' dir='ltr'>Χριστὸν,</span> <span class='ocrx_word' id='word_1_641' title='bbox 1796 5427 1887 5484; x_wconf 77' lang='grc' dir='ltr'><strong>διὰ</strong></span> <span class='ocrx_word' id='word_1_642' title='bbox 1916 5431 2011 5506; x_wconf 88' lang='grc' dir='ltr'><strong>βα-</strong></span> 
     </span>
    </p>
   </div>
   <div class='ocr_carea' id='block_1_103' title="bbox 352 5516 2009 5603">
    <p class='ocr_par' dir='ltr' id='par_1_103' title="bbox 352 5516 2009 5603">
     <span class='ocr_line' id='line_1_103' title="bbox 352 5516 2009 5603; baseline 0 -26"><span class='ocrx_word' id='word_1_643' title='bbox 352 5522 521 5579; x_wconf 90' lang='grc' dir='ltr'>σάνων</span> <span class='ocrx_word' id='word_1_644' title='bbox 554 5521 834 5603; x_wconf 82' lang='grc' dir='ltr'>διαφόρων</span> <span class='ocrx_word' id='word_1_645' title='bbox 895 5520 985 5577; x_wconf 74' lang='grc' dir='ltr'><strong>καὶ</strong></span> <span class='ocrx_word' id='word_1_646' title='bbox 1044 5519 1313 5575; x_wconf 86' lang='grc' dir='ltr'>ποικίλων</span> <span class='ocrx_word' id='word_1_647' title='bbox 1377 5518 1613 5584; x_wconf 86' lang='grc' dir='ltr'>θανάτων</span> <span class='ocrx_word' id='word_1_648' title='bbox 1673 5516 2009 5589; x_wconf 78' lang='grc' dir='ltr'>ἐξεκόπτετο.</span> 
     </span>
    </p>
   </div>
   <div class='ocr_carea' id='block_1_104' title="bbox 347 5606 2007 5684">
    <p class='ocr_par' dir='ltr' id='par_1_104' title="bbox 347 5606 2007 5684">
     <span class='ocr_line' id='line_1_104' title="bbox 347 5606 2007 5684; baseline -0.004 -13"><span class='ocrx_word' id='word_1_649' title='bbox 347 5611 499 5671; x_wconf 80' lang='grc' dir='ltr'>Ἐπεὶ</span> <span class='ocrx_word' id='word_1_650' title='bbox 529 5617 624 5671; x_wconf 67' lang='grc' dir='ltr'><strong>οὖν</strong></span> <span class='ocrx_word' id='word_1_651' title='bbox 652 5615 747 5670; x_wconf 73' lang='grc' dir='ltr'>καὶ</span> <span class='ocrx_word' id='word_1_652' title='bbox 772 5611 827 5669; x_wconf 73' lang='grc' dir='ltr'>ἐν</span> <span class='ocrx_word' id='word_1_653' title='bbox 860 5613 1076 5683; x_wconf 81' lang='grc' dir='ltr'>Ἀμισῷ</span> <span class='ocrx_word' id='word_1_654' title='bbox 1128 5612 1199 5684; x_wconf 80' lang='grc' dir='ltr'><strong>τῇ</strong></span> <span class='ocrx_word' id='word_1_655' title='bbox 1257 5606 1419 5665; x_wconf 89' lang='grc' dir='ltr'>πόλει</span> <span class='ocrx_word' id='word_1_656' title='bbox 1450 5614 1555 5670; x_wconf 84' lang='grc' dir='ltr'>πᾶς</span> <span class='ocrx_word' id='word_1_657' title='bbox 1588 5609 1617 5663; x_wconf 82' lang='grc' dir='ltr'>ὁ</span> <span class='ocrx_word' id='word_1_658' title='bbox 1646 5609 1738 5664; x_wconf 85' lang='grc' dir='ltr'><strong>τὸν</strong></span> <span class='ocrx_word' id='word_1_659' title='bbox 1772 5610 2007 5683; x_wconf 83' lang='grc' dir='ltr'>Χριστὸν</span> 
     </span>
    </p>
   </div>
   <div class='ocr_carea' id='block_1_105' title="bbox 347 5696 2005 5783">
    <p class='ocr_par' dir='ltr' id='par_1_105' title="bbox 347 5696 2005 5783">
     <span class='ocr_line' id='line_1_105' title="bbox 347 5696 2005 5783; baseline -0.004 -20"><span class='ocrx_word' id='word_1_660' title='bbox 347 5706 473 5763; x_wconf 70' lang='grc' dir='ltr'>θεὸν</span> <span class='ocrx_word' id='word_1_661' title='bbox 502 5704 796 5783; x_wconf 81' lang='grc' dir='ltr'>κηρύττων</span> <span class='ocrx_word' id='word_1_662' title='bbox 850 5700 956 5757; x_wconf 79' lang='grc' dir='ltr'><strong>ὑπὸ</strong></span> <span class='ocrx_word' id='word_1_663' title='bbox 983 5703 1083 5757; x_wconf 88' lang='grc' dir='ltr'><strong>τοῦ</strong></span> <span class='ocrx_word' id='word_1_664' title='bbox 1128 5696 1398 5776; x_wconf 74' lang='grc' dir='ltr'>ἄρχοντος</span> <span class='ocrx_word' id='word_1_665' title='bbox 1442 5704 1541 5770; x_wconf 83' lang='grc' dir='ltr'><strong>τῆς</strong></span> <span class='ocrx_word' id='word_1_666' title='bbox 1565 5696 1735 5769; x_wconf 76' lang='grc' dir='ltr'>αὐτῆς</span> <span class='ocrx_word' id='word_1_667' title='bbox 1765 5698 2005 5773; x_wconf 87' lang='grc' dir='ltr'>πόλεως,</span> 
     </span>
    </p>
   </div>
   <div class='ocr_carea' id='block_1_106' title="bbox 2128 4708 3783 4798">
    <p class='ocr_par' dir='ltr' id='par_1_106' title="bbox 2128 4708 3783 4798">
     <span class='ocr_line' id='line_1_106' title="bbox 2128 4708 3783 4798; baseline 0.012 -36"><span class='ocrx_word' id='word_1_668' title='bbox 2128 4708 2445 4763; x_wconf 85' lang='lat' dir='ltr'><strong>liberatum</strong></span> <span class='ocrx_word' id='word_1_669' title='bbox 2469 4709 2724 4780; x_wconf 56' lang='lat' dir='ltr'><strong>proprias</strong></span> <span class='ocrx_word' id='word_1_670' title='bbox 2751 4709 2875 4765; x_wconf 91' lang='lat' dir='ltr'><strong>sedi</strong></span> <span class='ocrx_word' id='word_1_671' title='bbox 2900 4711 3177 4767; x_wconf 87' lang='lat' dir='ltr'><strong>restituit.</strong></span> <span class='ocrx_word' id='word_1_672' title='bbox 3201 4718 3343 4771; x_wconf 90' lang='lat' dir='ltr'><strong>Cum</strong></span> <span class='ocrx_word' id='word_1_673' title='bbox 3375 4735 3513 4792; x_wconf 87' lang='lat' dir='ltr'><strong>ergo</strong></span> <span class='ocrx_word' id='word_1_674' title='bbox 3544 4738 3783 4798; x_wconf 80' lang='lat' dir='ltr'><strong>gregem</strong></span> 
     </span>
    </p>
   </div>
   <div class='ocr_carea' id='block_1_107' title="bbox 2127 4798 3497 4881">
    <p class='ocr_par' dir='ltr' id='par_1_107' title="bbox 2127 4798 3497 4881">
     <span class='ocr_line' id='line_1_107' title="bbox 2127 4798 3497 4881; baseline 0.011 -28"><span class='ocrx_word' id='word_1_675' title='bbox 2127 4798 2278 4855; x_wconf 90' lang='lat' dir='ltr'><strong>bene</strong></span> <span class='ocrx_word' id='word_1_676' title='bbox 2309 4798 2720 4871; x_wconf 88' lang='lat' dir='ltr'><strong>gubernasset,</strong></span> <span class='ocrx_word' id='word_1_677' title='bbox 2754 4798 2828 4856; x_wconf 89' lang='lat' dir='ltr'><strong>ad</strong></span> <span class='ocrx_word' id='word_1_678' title='bbox 2858 4801 3178 4860; x_wconf 88' lang='lat' dir='ltr'><strong>Dominum</strong></span> <span class='ocrx_word' id='word_1_679' title='bbox 3205 4807 3497 4881; x_wconf 88' lang='lat' dir='ltr'><strong>migravit.</strong></span> 
     </span>
    </p>
   </div>
   <div class='ocr_carea' id='block_1_108' title="bbox 2196 5066 3710 5144">
    <p class='ocr_par' dir='ltr' id='par_1_108' title="bbox 2196 5066 3710 5144">
     <span class='ocr_line' id='line_1_108' title="bbox 2196 5066 3710 5144; baseline 0.01 -22"><span class='ocrx_word' id='word_1_680' title='bbox 2196 5066 2264 5124; x_wconf 84' lang='lat' dir='ltr'><strong>Et</strong></span> <span class='ocrx_word' id='word_1_681' title='bbox 2288 5074 2565 5124; x_wconf 80' lang='lat' dir='ltr'><strong>certamen</strong></span> <span class='ocrx_word' id='word_1_682' title='bbox 2593 5074 2910 5126; x_wconf 83' lang='lat' dir='ltr'><strong>sanctorum</strong></span> <span class='ocrx_word' id='word_1_683' title='bbox 2935 5078 3139 5144; x_wconf 81' lang='lat' dir='ltr'><strong>septem</strong></span> <span class='ocrx_word' id='word_1_684' title='bbox 3177 5078 3472 5135; x_wconf 83' lang='lat' dir='ltr'><strong>mulierum</strong></span> <span class='ocrx_word' id='word_1_685' title='bbox 3510 5082 3710 5139; x_wconf 75' lang='lat' dir='ltr'><strong>Amisi.</strong></span> 
     </span>
    </p>
   </div>
   <div class='ocr_carea' id='block_1_109' title="bbox 2199 5249 3780 5333">
    <p class='ocr_par' dir='ltr' id='par_1_109' title="bbox 2199 5249 3780 5333">
     <span class='ocr_line' id='line_1_109' title="bbox 2199 5249 3780 5333; baseline 0.008 -27"><span class='ocrx_word' id='word_1_686' title='bbox 2199 5250 2534 5321; x_wconf 86' lang='lat' dir='ltr'><strong>Imperante</strong></span> <span class='ocrx_word' id='word_1_687' title='bbox 2565 5249 2749 5322; x_wconf 89' lang='lat' dir='ltr'><strong>impio</strong></span> <span class='ocrx_word' id='word_1_688' title='bbox 2778 5253 3133 5310; x_wconf 83' lang='lat' dir='ltr'><strong>Maximiano</strong></span> <span class='ocrx_word' id='word_1_689' title='bbox 3166 5273 3301 5313; x_wconf 90' lang='lat' dir='ltr'><strong>cum</strong></span> <span class='ocrx_word' id='word_1_690' title='bbox 3334 5276 3547 5333; x_wconf 85' lang='lat' dir='ltr'><strong>magna</strong></span> <span class='ocrx_word' id='word_1_691' title='bbox 3576 5279 3780 5333; x_wconf 89' lang='lat' dir='ltr'><strong>perse-</strong></span> 
     </span>
    </p>
   </div>
   <div class='ocr_carea' id='block_1_110' title="bbox 2125 5342 3783 5423">
    <p class='ocr_par' dir='ltr' id='par_1_110' title="bbox 2125 5342 3783 5423">
     <span class='ocr_line' id='line_1_110' title="bbox 2125 5342 3783 5423; baseline 0.006 -24"><span class='ocrx_word' id='word_1_692' title='bbox 2125 5344 2282 5399; x_wconf 86' lang='lat' dir='ltr'><strong>cutio</strong></span> <span class='ocrx_word' id='word_1_693' title='bbox 2314 5348 2613 5397; x_wconf 89' lang='lat' dir='ltr'><strong>commota</strong></span> <span class='ocrx_word' id='word_1_694' title='bbox 2658 5342 2889 5410; x_wconf 84' lang='lat' dir='ltr'><strong>fuisset,</strong></span> <span class='ocrx_word' id='word_1_695' title='bbox 2941 5363 3149 5401; x_wconf 88' lang='lat' dir='ltr'><strong>omnes</strong></span> <span class='ocrx_word' id='word_1_696' title='bbox 3200 5347 3473 5405; x_wconf 90' lang='lat' dir='ltr'><strong>homines</strong></span> <span class='ocrx_word' id='word_1_697' title='bbox 3521 5354 3783 5423; x_wconf 86' lang='lat' dir='ltr'><strong>cujusvis</strong></span> 
     </span>
    </p>
   </div>
   <div class='ocr_carea' id='block_1_111' title="bbox 2124 5431 3781 5503">
    <p class='ocr_par' dir='ltr' id='par_1_111' title="bbox 2124 5431 3781 5503">
     <span class='ocr_line' id='line_1_111' title="bbox 2124 5431 3781 5503; baseline 0.007 -16"><span class='ocrx_word' id='word_1_698' title='bbox 2124 5432 2333 5499; x_wconf 71' lang='lat' dir='ltr'><strong>astatis,</strong></span> <span class='ocrx_word' id='word_1_699' title='bbox 2368 5431 2469 5503; x_wconf 91' lang='lat' dir='ltr'><strong>qui</strong></span> <span class='ocrx_word' id='word_1_700' title='bbox 2490 5431 2788 5486; x_wconf 89' lang='lat' dir='ltr'><strong>Christum</strong></span> <span class='ocrx_word' id='word_1_701' title='bbox 2811 5434 3259 5503; x_wconf 82' lang='lat' dir='ltr'><strong>confiterentur,</strong></span> <span class='ocrx_word' id='word_1_702' title='bbox 3282 5438 3529 5495; x_wconf 89' lang='lat' dir='ltr'><strong>diversis</strong></span> <span class='ocrx_word' id='word_1_703' title='bbox 3552 5443 3781 5499; x_wconf 88' lang='lat' dir='ltr'><strong>crucia-</strong></span> 
     </span>
    </p>
   </div>
   <div class='ocr_carea' id='block_1_112' title="bbox 2123 5519 3779 5593">
    <p class='ocr_par' dir='ltr' id='par_1_112' title="bbox 2123 5519 3779 5593">
     <span class='ocr_line' id='line_1_112' title="bbox 2123 5519 3779 5593; baseline 0.007 -18"><span class='ocrx_word' id='word_1_704' title='bbox 2123 5521 2283 5576; x_wconf 91' lang='lat' dir='ltr'><strong>tibus</strong></span> <span class='ocrx_word' id='word_1_705' title='bbox 2313 5525 2373 5575; x_wconf 89' lang='lat' dir='ltr'><strong>et</strong></span> <span class='ocrx_word' id='word_1_706' title='bbox 2399 5519 2578 5575; x_wconf 89' lang='lat' dir='ltr'><strong>variis</strong></span> <span class='ocrx_word' id='word_1_707' title='bbox 2608 5520 2816 5575; x_wconf 90' lang='lat' dir='ltr'><strong>mortis</strong></span> <span class='ocrx_word' id='word_1_708' title='bbox 2848 5522 3165 5593; x_wconf 86' lang='lat' dir='ltr'><strong>generibus</strong></span> <span class='ocrx_word' id='word_1_709' title='bbox 3188 5526 3779 5587; x_wconf 82' lang='lat' dir='ltr'><strong>occidebantur.Cum</strong></span> 
     </span>
    </p>
   </div>
   <div class='ocr_carea' id='block_1_113' title="bbox 2122 5609 3784 5693">
    <p class='ocr_par' dir='ltr' id='par_1_113' title="bbox 2122 5609 3784 5693">
     <span class='ocr_line' id='line_1_113' title="bbox 2122 5609 3784 5693; baseline 0.006 -28"><span class='ocrx_word' id='word_1_710' title='bbox 2122 5626 2258 5683; x_wconf 86' lang='lat' dir='ltr'><strong>ergo</strong></span> <span class='ocrx_word' id='word_1_711' title='bbox 2291 5610 2472 5665; x_wconf 85' lang='lat' dir='ltr'><strong>etiam</strong></span> <span class='ocrx_word' id='word_1_712' title='bbox 2504 5610 2567 5663; x_wconf 91' lang='lat' dir='ltr'><strong>in</strong></span> <span class='ocrx_word' id='word_1_713' title='bbox 2598 5609 2747 5664; x_wconf 89' lang='lat' dir='ltr'><strong>urbe</strong></span> <span class='ocrx_word' id='word_1_714' title='bbox 2782 5611 2983 5665; x_wconf 79' lang='lat' dir='ltr'><strong>Amiso</strong></span> <span class='ocrx_word' id='word_1_715' title='bbox 3008 5611 3279 5683; x_wconf 88' lang='lat' dir='ltr'><strong>quisquis</strong></span> <span class='ocrx_word' id='word_1_716' title='bbox 3304 5616 3601 5674; x_wconf 90' lang='lat' dir='ltr'><strong>Christum</strong></span> <span class='ocrx_word' id='word_1_717' title='bbox 3633 5638 3784 5693; x_wconf 76' lang='lat' dir='ltr'><strong>pras-</strong></span> 
     </span>
    </p>
   </div>
   <div class='ocr_carea' id='block_1_114' title="bbox 2120 5697 3786 5775">
    <p class='ocr_par' dir='ltr' id='par_1_114' title="bbox 2120 5697 3786 5775">
     <span class='ocr_line' id='line_1_114' title="bbox 2120 5697 3786 5775; baseline 0.008 -18"><span class='ocrx_word' id='word_1_718' title='bbox 2120 5697 2357 5758; x_wconf 79' lang='lat' dir='ltr'><strong>dicabat</strong></span> <span class='ocrx_word' id='word_1_719' title='bbox 2374 5700 2584 5766; x_wconf 89' lang='lat' dir='ltr'><strong>Deum,</strong></span> <span class='ocrx_word' id='word_1_720' title='bbox 2610 5699 2683 5756; x_wconf 87' lang='lat' dir='ltr'><strong>ab</strong></span> <span class='ocrx_word' id='word_1_721' title='bbox 2705 5699 2979 5772; x_wconf 85' lang='lat' dir='ltr'><strong>ejusdem</strong></span> <span class='ocrx_word' id='word_1_722' title='bbox 3003 5699 3170 5760; x_wconf 85' lang='lat' dir='ltr'><strong>urbis</strong></span> <span class='ocrx_word' id='word_1_723' title='bbox 3191 5706 3447 5775; x_wconf 65' lang='lat' dir='ltr'><strong>praeside</strong></span> <span class='ocrx_word' id='word_1_724' title='bbox 3468 5706 3786 5770; x_wconf 85' lang='lat' dir='ltr'><strong>idololatra</strong></span> 
     </span>
    </p>
   </div>
  </div>
