4132 6432
353 412 475 473 359

1645 392 2081 458 MENOLOGII
2130 393 2222 452 PA
2238 392 2331 452 RS
2376 391 2480 452 ΙΙΙ.

3658 385 3778 447 360

350 549 808 611 interficeretur,
858 548 1085 616 septem
1142 537 1427 594 mulieres
1474 533 1822 589 Christianae
1880 528 2003 584 zelo

2123 525 2530 603 εἷδωλολάτρου
2579 524 2758 596 ὄντος,
2816 501 3134 602 ἐφονεύετο,
3175 520 3311 578 ἑπτὰ
3355 526 3594 596 γυναῖκει
3639 524 3780 595 Χρι-

357 641 638 705 incensas,
667 651 865 692 coram
897 633 1023 703 ipso
1059 632 1342 695 astantes,
1391 624 1758 680 Christianas
1790 637 1852 676 se
1881 635 2010 675 esse

324 722 326 728 ’
355 729 637 802 professa:
669 730 826 786 sunt,
860 735 1116 792 eumque
1162 717 1349 771 libere
1396 711 1922 784 reprehendentes,
1957 713 2016 762 et

357 799 656 873 crudelem
709 820 885 884 atque
938 810 1251 881 injustum,
1283 804 1666 873 veritatisque
1700 799 2012 854 inimicum

353 907 746 980 appellantes,
774 903 847 958 ad
878 902 1028 956 iram
1079 897 1472 954 concitarunt.
1521 895 1710 958 Quare
1750 889 2011 961 primum

351 975 630 1059 extensa,
663 991 839 1062 virgis
869 1005 1038 1046 caasze
1089 991 1264 1042 sunt:
1315 981 1529 1038 deinde
1579 977 1860 1034 mamilla:
1891 975 2014 1030 illis

347 1089 505 1143 ferro
537 1083 852 1141 abscissae:
886 1095 1023 1136 mox
1066 1091 1393 1148 suspensas,
1439 1069 1645 1126 tandiu
1675 1067 2012 1124 dilacerata)

354 1182 515 1244 sunt,
572 1171 914 1246 usquedum
981 1184 1186 1224 earum
1254 1161 1542 1219 intestina
1615 1161 2010 1232 apparerent:

356 1272 656 1340 postremo
689 1265 752 1318 in
776 1262 1080 1332 ingentem
1110 1257 1414 1312 fornacem
1445 1250 1601 1324 ignis
1633 1249 2016 1304 vehementer

351 1339 664 1413 accensam
686 1352 946 1424 injectis,
968 1348 1059 1404 2|
1095 1346 1156 1401 in
1180 1344 1390 1400 eadem
1410 1339 1736 1414 psallentes
1759 1343 1818 1394 et
1837 1352 2012 1392 oran-

321 1523 324 1527 γ
352 1449 465 1511 tes,
499 1445 616 1500 Deo
648 1441 880 1498 animas
908 1434 1303 1494 tradiderunt.

910 1641 1154 1700 EODEM
1193 1637 1448 1695 MENSE.

888 1761 992 1817 Die
1023 1759 1255 1816 decima
1291 1770 1474 1812 nona.

2121 617 2330 672 στιαναὶ
2392 617 2732 688 ζηλώσασαι,
2793 614 3021 685 ἔστησαν
3077 607 3382 688 ἔμπροσθεν
3444 607 3632 678 αύτοῦ,
3685 610 3773 664 καὶ

2116 706 2445 781 Χριπιανᾶς
2500 705 2690 768 ἑαυτὰς
2757 703 3148 780 ὡμολόγησαν,
3211 700 3373 757 αὐτὸν
3423 721 3483 755 τε
3539 697 3776 774 ἤλεγξαν

2117 795 2395 871 παρῥησίᾳ
2424 794 2575 869 ὠμὸν
2608 795 2697 849 καὶ
2747 790 2934 848 ἄδικον
2991 789 3423 858 ἆποκαλέσασαι,
3452 789 3542 844 καὶ
3578 789 3773 863 ἐχθρὸν

2115 891 2217 956 τῆς
2248 883 2527 958 ἀληθείας.
2586 889 2763 940 Ταῦτα
2819 883 3090 955 εἰποῦσαι,
3142 880 3234 936 καὶ
3293 880 3370 942 εἰς
3417 881 3588 955 όργὴν
3617 879 3780 951 κινή-

2118 995 2273 1030 σασαι
2341 973 2524 1046 αὐτὸν,
2609 979 2829 1049 πρῶτον
2919 972 3012 1040 μὶν
3099 972 3417 1038 ἐκτεθεῖσαι,
3473 968 3777 1046 ἐτυφθησαν

2123 1066 2258 1140 μετὰ
2289 1059 2550 1141 ῥαϐδίων.
2605 1065 2837 1122 Ἔπειτα
2887 1061 3019 1124 τοὺς
3077 1059 3314 1135 μαστοὺς
3348 1057 3486 1138 ξίφει
3518 1056 3780 1134 ἐξεκόπη-

2119 1176 2235 1212 σαν.
2296 1155 2396 1210 Καὶ
2453 1154 2634 1230 τρίτον
2703 1154 3088 1230 κρεμασθεῖσαι
3149 1149 3436 1222 ἐξέσθησαν
3494 1145 3780 1219 τοσοῦτον,

2115 1241 2222 1308 ἕως
2251 1243 2522 1323 ἐφάνησαν
2566 1243 2635 1300 τὰ
2691 1240 2877 1319 ἔντερα
2933 1241 3133 1298 αὐτῶν.
3194 1240 3290 1295 Καὶ
3348 1237 3668 1295 τελευταῖον
3703 1235 3779 1300 εἷς

2116 1321 2347 1407 κάμινον
2395 1335 2568 1411 πυρὸς
2624 1331 2866 1409 μεγάλην
2925 1329 3172 1408 ῗσχυρῶς
3227 1327 3530 1385 ἐκκαιεῖσαν
3563 1321 3784 1400 ἐμϐλη-

2118 1426 2313 1496 θεῖσαι,
2373 1423 2426 1480 ἐν
2482 1422 2621 1495 αὐτῇ
2675 1419 2985 1497 ψάλλουσαι
3042 1421 3133 1476 καὶ
3199 1421 3641 1496 προσευχόμεναι
3701 1418 3782 1488 τῷ

2117 1511 2254 1587 Θεῷ,
2287 1509 2607 1590 παρέδωκαν
2638 1515 2735 1575 τὰς
2765 1512 2970 1568 ἑαυτῶν
3003 1511 3204 1586 ψυχάς.

2671 1629 2856 1686 ΜΗΝΙ
2894 1633 2979 1682 ΤΩ
3017 1631 3214 1684 ΑῘἽὩ.

2901 1746 2985 1804 ῙΘ⁹

363 1883 647 1941 Certamen
677 1886 989 1966 sanctoruln
1029 1879 1284 1966 Patauin,
1332 1873 1431 1966 qui
1476 1871 1544 1966 ab
1573 1867 1924 1966 @thiopibus
1951 1868 2012 1921 in

2123 1863 2403 1966 $22,201:-
2410 1863 2836 1966 :‘rmvnf-yllinv“
2885 1864 3140 1966 Ιξατὲρων
3197 1880 3337 1947 των-
3393 1856 3780 1966 άναιρεδὲντῗυν

565 1955 896 2012 monasterio
923 1950 1114 2006 Sancti
1142 1947 1301 2003 Sabz
1341 1944 1622 2014 interfecti
1648 1947 1796 1997 sunt.

423 2133 622 2189 Sancti
655 2131 753 2187 isti
782 2133 986 2186 Patres
1018 2143 1086 2182 ex
1109 2125 1357 2181 diversis
1385 2121 1531 2178 locis
1564 2117 1924 2192 congregati,
1957 2121 2016 2171 et

355 2225 420 2279 in
452 2221 817 2278 monasterio
851 2216 1047 2274 Sancti
1079 2215 1267 2270 Patris
1316 2209 1504 2267 nostri
1553 2208 1716 2264 Sabae
1750 2223 2015 2262 commo-

352 2317 576 2378 rantes,
610 2311 671 2365 in
703 2305 1125 2365 exercitatione
1157 2309 1215 2358 et
1263 2301 1516 2374 pulchro
1575 2297 1864 2370 regimine
1895 2296 2014 2351 Deo

356 2401 710 2458 serviebant.
765 2400 838 2454 At
906 2394 1141 2470 generis
1211 2390 1458 2448 humani
1532 2387 1766 2443 invidus
1824 2385 2013 2440 hostis

357 2491 654 2554 diabolus,
679 2495 806 2544 tum
836 2486 1093 2542 maxime
1119 2481 1466 2538 hominibus
1486 2479 1700 2533 virtute
1722 2481 2015 2550 praastan-

354 2583 517 2638 tibus
568 2581 842 2644 infestus,
904 2576 1185 2634 adversus
1258 2573 1394 2628 illos
1479 2569 1752 2626 excitavit
1805 2567 2012 2623 atheos

355 2671 681 2744 Ethiopas,
713 2674 779 2724 ut
807 2667 908 2740 qui
938 2665 1208 2738 copiosas
1239 2679 1380 2734 opes
1411 2677 1473 2716 se
1518 2659 1643 2715 illic
1672 2662 2013 2729 reperturas

356 2765 684 2834 sperarent.
723 2759 934 2814 Verum
967 2771 1099 2811 cum
1132 2752 1462 2824 irruptione
1483 2749 1637 2805 facta
1662 2747 1814 2803 nihil
1846 2747 2012 2802 inve-

357 2852 614 2916 nissent,
661 2850 812 2904 iram
869 2847 930 2901 in
988 2861 1089 2901 eos
1147 2839 1542 2907 effundentes,
1587 2838 1736 2895 alios
1768 2836 2010 2908 quidem

351 2940 805 3005 obtruncarunt,
864 2935 1013 2991 alios
1071 2949 1209 2988 vero
1270 2931 1720 2986 dissecuerunt:
1756 2925 2012 2981 aliorum

351 3046 566 3086 manus
595 3026 1016 3101 praeciderunt,
1067 3027 1242 3094 atque
1293 3019 1548 3076 aliorum
1589 3015 1810 3089 pedes:
1861 3013 2012 3070 alios

351 3119 768 3184 confoderunt,
823 3129 1030 3170 eorum
1081 3110 1364 3166 intestina
1417 3105 1828 3162 efl‘undentes:
1863 3102 2014 3158 alios

355 3207 617 3279 denique
643 3205 819 3261 variis
850 3202 1045 3259 modis
1068 3198 1515 3256 interfecerunt.
1543 3198 1618 3250 At
1637 3194 1725 3249 illi
1751 3193 1822 3249 de
1845 3207 2028 3257 more,

348 3295 568 3369 gratias
599 3297 840 3367 agentes
873 3296 930 3346 et
959 3293 1224 3353 orantes,
1247 3286 1451 3341 beatas
1476 3283 1706 3339 animas
1738 3297 1876 3336 suas
1911 3295 2016 3350 per
2047 3261 2090 3328 C

351 3383 512 3439 hunc
569 3381 814 3438 modum
871 3381 989 3434 Deo
1051 3375 1369 3442 tradidere,
1430 3371 1794 3444 accipientes
1833 3369 2012 3423 vitam

349 3479 634 3530 azternam
663 3471 829 3545 regni
862 3469 1170 3534 caalorum,
1206 3469 1448 3538 propter
1488 3478 1668 3534 quam
1699 3455 2013 3514 diuturnas

347 3564 481 3619 vitas
503 3564 772 3619 asceticae
794 3576 1042 3633 pugnas,
1067 3563 1127 3613 et
1149 3554 1500 3628 martyrium
1522 3549 1804 3607 laboriosi
1827 3552 2013 3604 certa-

352 3652 534 3712 minis
567 3650 997 3708 sustinuerant.

912 3765 1155 3822 EODEM
1193 3761 1447 3818 MENSE.

959 3882 1064 3938 Die
1101 3878 1404 3936 vicesima.

353 3979 638 4035 Certamen
668 3979 878 4031 sancte
908 3970 1158 4026 Photina
1186 3966 1575 4031 Samaritana,
1619 3968 1672 4017 et
1705 3961 2009 4018 Sociorum.

423 4159 638 4213 Sancta
667 4153 940 4218 Photina,
973 4166 1106 4222 quae
1137 4153 1196 4203 et
1225 4144 1614 4212 Samaritana,
1639 4158 1774 4198 cum
1806 4157 1923 4212 qua
1954 4145 2013 4196 et

350 4245 637 4301 Dominus
667 4241 741 4298 ad
772 4247 1018 4313 puteum
1057 4242 1148 4292 est
1194 4234 1548 4299 collocutus,
1579 4231 1827 4287 Neronis
1860 4237 2012 4285 tem-

347 4335 595 4407 poribus
652 4331 814 4387 vixit.
895 4332 1036 4384 Post
1108 4326 1335 4382 obitum
1407 4328 1607 4378 autem
1669 4325 2009 4375 sanctorum

345 4424 753 4498 apostolorum
779 4419 936 4476 Petri
969 4423 1028 4474 et
1057 4415 1248 4483 Pauli,
1271 4429 1394 4469 una
1418 4428 1554 4468 cum
1586 4409 1711 4467 ﬁlio
1744 4425 1849 4465 suo
1876 4410 2008 4464 Jose

346 4512 412 4568 in
443 4513 589 4569 urbe
620 4511 809 4567 Aricm
856 4506 1207 4578 Carthagine
1257 4502 1498 4570 mansit,
1527 4499 1826 4556 Christum
1857 4515 2008 4570 pras-

345 4601 572 4696 dicans.
621 4603 697 4654 At
745 4599 906 4653 ﬁlius
963 4596 1093 4668 ejus
1155 4593 1352 4648 Victor
1389 4589 1671 4646 adversus
1701 4590 1914 4643 Avares
1944 4602 2009 4641 re
2041 4630 2088 4696 Β

343 4689 499 4745 bene
529 4693 714 4761 gesta,
743 4687 934 4742 factus
966 4690 1056 4739 est
1084 4683 1390 4754 copiarum
1425 4679 1656 4746 ductor,
1683 4679 2010 4750 jussusque

347 4779 449 4834 πα
481 4776 848 4832 Christianos
895 4772 1149 4828 Galilaaaa
1206 4785 1464 4826 necare.-
1501 4768 1647 4824 Cum
1703 4783 1844 4822 vero
1875 4765 2012 4820 illos

350 4884 473 4924 non
503 4865 820 4933 occideret,
854 4862 958 4918 sed
1007 4862 1204 4933 potius
1254 4861 1496 4915 doceret
1523 4873 1732 4913 omnes
1765 4874 1898 4928 quae
1937 4855 2013 4911 ad

351 4957 649 5012 Christum
682 4957 972 5025 spectant,
1016 4957 1193 5022 atque
1235 4949 1582 5004 Sebastiano
1615 4946 2012 5002 Christianam

353 5046 534 5102 ﬁdem
566 5042 981 5117 persuasisset,
1014 5039 1482 5111 comprehensus
1513 5042 1624 5101 est,
1655 5041 1715 5091 et
1757 5036 2010 5104 vinctus,

351 5155 473 5194 una
502 5153 638 5192 cum
668 5133 918 5204 reliquis
947 5131 1258 5194 adductus,
1293 5135 1353 5185 et
1398 5128 1745 5200 imperatori
1776 5126 2011 5182 oblatus

354 5233 462 5282 est.
499 5226 604 5281 Hic
661 5225 1001 5295 aliquorum
1060 5219 1264 5276 oculos
1322 5217 1548 5284 effodit,
1605 5217 1754 5273 alios
1785 5216 2008 5272 carceri

351 5317 618 5383 inclusit,
642 5314 791 5371 alios
816 5329 951 5368 vero
975 5314 1037 5366 in
1059 5310 1219 5382 ligno
1245 5308 1558 5380 suspendit
1581 5324 1594 5361 :
1617 5307 1753 5362 aliis
1783 5307 2009 5362 corium

353 5407 630 5472 detraxit,
662 5405 799 5461 aliis
827 5402 1021 5458 virilia
1049 5400 1322 5457 abscidit.
1354 5398 1667 5454 Photidem
1697 5414 1832 5454 vero
1863 5396 2009 5453 dua-

351 5496 462 5553 bus
494 5495 805 5553 arboribus
837 5509 1073 5549 summa
1094 5491 1148 5545 vi
1171 5489 1476 5545 inclinatis
1497 5487 2010 5560 alligavit,easque

354 5585 703 5652 dissolvens,
731 5585 922 5656 ipsam
982 5583 1045 5638 in
1102 5579 1250 5636 duas
1306 5584 1504 5651 partes
1547 5577 1740 5634 scidit.
1775 5577 2008 5647 Reliqui

353 5675 545 5746 capite
575 5674 734 5748 plexi
782 5677 942 5733 sunt.
1002 5674 1079 5729 At
1129 5669 1383 5729 Photina
1435 5667 1500 5726 in
1557 5682 1794 5726 carcere
1825 5667 2008 5725 ﬁnem

353 5762 583 5822 vivendi
611 5764 772 5820 fecit.

2196 1931 2308 2010 ὑπᾷ
2373 1941 2480 1992 τῶν
2557 1931 2836 2000 Αἰθιόπων
2913 1934 2967 1990 ἐν
3031 1931 3111 2010 ’τῇ
3200 1934 3342 2008 μονῇ
3415 1931 3530 1987 τοιῖ
3591 1931 3782 2009 ’Λγίου

2197 2005 2367 2068 Σάὸα.

2193 2125 2358 2182 Οὗτοι
2411 2125 2464 2179 οἱ
2522 2124 2663 2198 ἅγιοι
2723 2121 2956 2198 Πατὲρες
3014 2121 3074 2178 ἐκ
3131 2119 3407 2200 διαφορων
3443 2119 3628 2176 τόπων
3655 2139 3782 2174 συν-

2123 2215 2400 2289 αχθέντες,
2457 2213 2545 2268 καὶ
2603 2217 2672 2288 τῇ
2735 2216 2876 2287 μονῇ
2934 2215 3032 2267 τοῦ
3088 2211 3282 2288 Ἀγίου
3331 2205 3482 2266 Σάὸα
3511 2209 3781 2286 προσκαθ-

2123 2304 2398 2378 εζόμενοι,
2449 2301 2500 2358 ἐν
2565 2304 2787 2373 ἀσκήσει
2841 2300 2932 2356 καὶ
2988 2300 3132 2376 καλῇ
3194 2300 3450 2372 πολιτείᾳ
3503 2300 3596 2355 τὸν
3648 2299 3778 2354 Θεὸν

2122 2393 2464 2470 ἐθεράπευον.
2512 2391 2675 2448 Ἀλλ’
2724 2392 2752 2447 ὁ
2814 2391 3141 2468 βασκαίνων,
3174 2390 3262 2446 καὶ
3295 2393 3508 2464 φθονῶν
3534 2393 3614 2461 τῷ
3637 2389 3778 2465 γὲνει

2117 2489 2224 2540 τῶν
2259 2484 2559 2558 ἀνθρώπων
2594 2476 2878 2553 διάϐολος,
2927 2479 3017 2536 καὶ
3069 2479 3311 2554 μάλιστα
3339 2484 3456 2543 τοῖς
3486 2477 3777 2554 ἐναρέτοις,

2120 2572 2387 2650 ἐξήγειρεν
2423 2571 2506 2627 ἐπ’
2536 2569 2731 2632 αὐτοὺς
2773 2570 2904 2633 τοὺς
2953 2571 3143 2634 ἀθέους
3197 2567 3484 2630 Αἰθίοπας,
3519 2565 3779 2622 ἐλπίσαν-

2117 2685 2213 2724 τας
2272 2659 2516 2717 πλούτου
2567 2660 2880 2735 περιουσίαν
2937 2658 3133 2735 εὑρεῖν.
3191 2663 3277 2720 Ὠς
3328 2654 3385 2712 δὶ
3443 2653 3774 2720 ἀπελθόντες

2121 2747 2273 2806 οὐδὲν
2307 2751 2486 2826 εὗρον,
2546 2751 2639 2805 τὸν
2701 2751 2871 2824 θυμὸν
2931 2749 3107 2804 αὐτῶν
3162 2747 3374 2824 ἑξέχεον
3435 2745 3522 2802 ἐπ’
3553 2744 3774 2815 αὖτοὺς,

2117 2843 2245 2903 τοὺς
2281 2841 2375 2914 μὶν
2425 2839 2942 2918 ἀποκεφαλίσαντες,
2995 2837 3122 2901 τοὺς
3174 2835 3231 2894 δὲ
3281 2837 3775 2914 διχοτομήσαντες,

2116 2935 2224 2986 τῶν
2259 2927 2316 2986 δὲ
2347 2934 2561 3005 χεῖρας,
2615 2933 2725 2984 τῶν
2785 2926 2844 2984 δὶ
2895 2926 3067 2990 πόδας
3125 2925 3520 3002 ἀποκόψαντες,
3551 2924 3679 2986 τοὺς
3714 2920 3773 2978 δὶ

2117 3023 2628 3091 κατακεντήσαντες,
2685 3024 2775 3074 καὶ
2843 3017 2913 3073 τὰ
2987 3013 3172 3092 ἔντερα
3235 3016 3413 3072 αὐτῶν
3471 3013 3777 3091 ἐκχέοντες,

2117 3109 2207 3164 καὶ
2253 3107 2528 3187 διαφόρως
2585 3107 2893 3170 ἀνελόντες.
2951 3107 3046 3164 Καὶ
3108 3103 3252 3162 οὕτω
3309 3106 3557 3176 συνήθως
3606 3103 3782 3179 εὐχα-

2119 3203 2450 3275 ριστοῦντες,
2495 3197 2585 3253 καὶ
2637 3196 3100 3274 προσευχόμενοι,
3149 3191 3468 3271 παρέδωκαν
3527 3194 3624 3256 τὰς
3676 3213 3784 3267 μα-

2118 3286 2309 3365 καρίας
2365 3288 2546 3344 αὑτῶν
2601 3287 2784 3364 ψυχὰς
2836 3291 2917 3356 τῷ
2982 3285 3187 3361 Κυρίῳ,
3243 3279 3616 3346 ἀπολαϐόντες
3670 3283 3773 3352 τήν

2121 3379 2344 3434 αἰώνιον
2406 3379 2551 3449 ζωήν
2609 3384 2712 3447 τῆς
2762 3381 2871 3433 τῶν
2922 3377 3163 3453 οὐρανῶν
3230 3373 3530 3452 βασιλείας,
3586 3371 3658 3428 δι’
3711 3373 3780 3443 ἦς

2119 3469 2246 3531 τοὺς
2313 3489 2374 3524 τε
2451 3466 2693 3545 μακροὺς
2762 3473 2864 3537 τῆς
2939 3467 3222 3538 ἀσκήσεως
3275 3466 3516 3541 ἀγῶνας,
3572 3461 3664 3519 καὶ
3717 3461 3779 3518 τὸ

2124 3560 2420 3637 μαρτύριον
2472 3565 2574 3629 τῆς
2632 3555 2897 3614 ἐπιπόνου
2972 3555 3258 3630 ἀθλήσεως
3314 3553 3619 3630 προθύμως
3677 3552 3780 3608 ύπ-

2121 3651 2362 3724 ἔμειναν.

2683 3763 2866 3822 ΜΗΝΙ
2892 3767 2979 3818 Ta
3013 3762 3215 3821 ΑΥΤΩ.

2925 3881 2986 3939 Κ,

2119 3971 2390 4042 ’Δθλησις
2444 3977 2544 4042 τῆς
2606 3971 2756 4060 ἑγίας
2831 3976 3134 4060 φυγεειν-ῆς,
3189 3974 3320 4060 τῇς.
3341 3967 3432 4024 καὶ
3499 3962 3778 4040 Σαμαρεί-

2545 4040 2720 4112 τιδος,
2763 4043 2856 4098 καὶ
2901 4047 3010 4099 τῶν
3062 4041 3155 4098 σὺν
3186 4040 3348 4116 αὐτῇ.

2189 4133 2252 4190 Ἦ
2275 4133 2400 4209 ἁγία
2431 4133 2704 4202 Φωτεινή,
2737 4134 2772 4203 ἡ
2803 4131 2893 4188 καὶ
2927 4136 3278 4206 Σαμαρεῖτις,
3318 4128 3462 4204 ᾗτινι
3485 4128 3577 4185 καὶ
3609 4129 3637 4184 ὁ
3669 4125 3780 4202 Κύ-

2121 4243 2238 4298 ριος
2266 4222 2354 4277 ἐπὶ
2383 4227 2452 4297 τῇ
2474 4225 2623 4296 πηγῇ
2652 4219 2966 4297 συνέτυχεν,
2998 4223 3065 4292 ἦν
3100 4220 3151 4277 ἐν
3181 4225 3299 4284 τοῖς
3329 4219 3556 4296 χρόνοις
3588 4218 3785 4294 Νερω-

2117 4332 2227 4374 νος.
2264 4311 2414 4369 Μετά
2445 4308 2502 4366 δὲ
2551 4310 2614 4366 τὸ
2668 4308 2832 4376 τέλος
2881 4315 2987 4366 τῶν
3021 4311 3185 4387 ἁγίων
3217 4309 3541 4366 ἀποστόλων
3575 4309 3785 4384 Πέτρου

2117 4401 2208 4456 καὶ
2269 4399 2510 4470 Παύλου,
2565 4401 2784 4476 ὑπῆρχε
2860 4399 2952 4456 σὺν
3002 4404 3082 4472 τῷ
3156 4401 3260 4473 υἱῷ
3311 4399 3480 4469 αὐτῆς
3537 4397 3699 4466 Ἰωσὴ
3731 4395 3784 4451 ἐν

2119 4488 2434 4566 Καρθαγένῃ
2491 4487 2651 4545 πόλει
2735 4491 2836 4555 τῆς
2923 4491 3214 4565 Ἀφρικῆς,
3291 4488 3633 4564 κηρύττουσα
3688 4485 3780 4560 τὸν

2119 4579 2376 4652 Χριστόν.
2409 4579 2471 4636 Ὁ
2531 4574 2592 4633 δὲ
2649 4577 2768 4641 υἱὸς
2825 4579 2996 4649 αὐτῆς
3053 4578 3266 4653 Βίκτωρ
3324 4575 3462 4632 κατὰ
3487 4580 3597 4631 τῶν
3625 4568 3787 4632 Ἀϐά-

2123 4688 2230 4745 ρων
2292 4665 2728 4744 ἀνδραγαθήσας,
2784 4667 2970 4744 γέγονε
3026 4666 3413 4745 στρατηλάτης
3468 4665 3562 4722 καὶ
3619 4685 3788 4740 προσ-

2122 4758 2288 4832 ετάγη
2318 4755 2446 4818 τοὺς
2497 4757 2550 4812 ἐν
2605 4755 2876 4829 Γαλιλαίᾳ
2932 4754 3297 4834 Χριστιανοὺς
3329 4756 3595 4834 φονεύειν.
3631 4752 3782 4809 Ἐπεὶ

2123 4843 2179 4902 δὲ
2211 4845 2309 4901 οὐκ
2337 4844 2610 4919 ἐφόνευεν,
2641 4843 2770 4902 ἀλλ’
2818 4843 3062 4902 ἔδίδασκε
3112 4845 3328 4921 μᾶλλον
3359 4847 3533 4901 πάντα
3557 4845 3625 4900 τὰ
3654 4843 3780 4917 περὶ

2121 4937 2388 5011 Χριστοῦ,
2420 4935 2509 4990 καὶ
2561 4929 2919 4990 Σεϐαστιανὸν
2965 4935 3152 4998 πείσας
3206 4938 3491 4990 πιστεῦσαι
3538 4934 3783 5008 Χριστῷ,

2120 5026 2486 5097 παραπαλείς
2540 5025 2694 5099 ἢχθη
2758 5021 2982 5100 δέσμιος
3045 5024 3181 5096 μετά
3234 5028 3342 5100 τῶν
3398 5021 3635 5090 λοιπῶν,
3689 5020 3782 5075 καὶ

2119 5115 2358 5191 παρέστη
2390 5118 2470 5186 τῷ
2505 5111 2745 5190 βασιλεῖ.
2795 5115 2858 5172 Ὀ
2918 5111 2976 5169 δὲ
3026 5117 3135 5169 τῶν
3171 5113 3268 5188 μὶν
3296 5111 3424 5175 τοὺς
3459 5107 3781 5186 ὀφθαλμοὺς

2120 5204 2369 5281 ἐξώρυξε,
2425 5202 2552 5265 τοὺς
2607 5199 2664 5258 δὲ
2721 5203 2797 5267 εἷς
2845 5202 3094 5281 φυλακὴν
3133 5197 3422 5270 ἐνέϐαλεν,
3456 5198 3784 5261 ἅλλους-ἐπὶ

2118 5295 2295 5370 ξύλων
2343 5289 2625 5369 ἐκρέμασε·
2679 5298 2788 5350 τῶν
2851 5292 2908 5349 δὲ
2961 5294 3024 5350 τὸ
3079 5291 3254 5370 δερμα
3301 5290 3552 5367 ἐξέδειρε,
3583 5294 3692 5345 τῶν
3728 5287 3787 5345 δὲ

2117 5387 2184 5440 τὰ
2229 5381 2412 5440 αἰδοῖα
2464 5381 2722 5458 ἀπέκοψε⁹
2782 5385 2882 5453 τήν
2945 5381 3169 5439 Φωτίδα
3200 5381 3281 5452 δὲ,
3313 5379 3409 5437 δύο
3442 5377 3634 5456 δένδρα
3663 5377 3787 5435 κλί-

2117 5495 2234 5545 νας,
2277 5470 2600 5544 προσέδησε,
2650 5471 2739 5527 καὶ
2798 5471 3080 5537 ἀπολύσας
3134 5472 3270 5528 αὐτὰ
3321 5469 3566 5546 διέσχισε
3599 5464 3783 5543 μέσον.

2119 5563 2187 5621 Οἱ
2219 5559 2276 5617 δὲ
2307 5560 2496 5618 λοιποὶ
2553 5559 3086 5640 ἀπεκεφαλίσθησαν.
3146 5563 3209 5618 ’Π
3257 5559 3316 5616 δὶ
3347 5561 3596 5628 Φωτεινὴ
3630 5557 3683 5612 ἐν
3714 5559 3782 5631 τῇ

2118 5650 2341 5730 φυλακῇ
2371 5648 2692 5723 ἂτελειώθη.
