4132 6430
340 409 456 476 361

1856 413 2229 480 MARTIUS.

3666 418 3783 491 362

337 549 448 608 Καὶ
515 549 718 624 μνήμη
777 553 879 638 τος)
937 546 991 605 ἐν
1043 547 1227 638 ἐγίοις
1306 547 1552 638 Πατρὸςκ
1595 550 1758 622 ἡμῶν
1845 555 2017 625 Θωμᾶ

2140 552 2200 609 Et
2227 560 2688 638 commemoratio
2716 561 2895 638 sancti
2948 561 3132 638 VPa'ris
3190 563 3634 638 nostriiThomw
3676 583 3788 638 pa-

651 622 1010 700 πατριάρχου
1043 620 1696 684 Κώνσταντινουπόλεω-ς.

419 755 773 829 Θωμᾶςὸἒν
832 756 1007 830 ἁγίοις
1065 757 1250 830 Πατήρ
1309 759 1494 828 ἡμῶν,
1551 755 1643 813 διὰ
1695 757 1796 826 τήν
1853 757 2020 831 ὑπερ-

358 844 674 902 ϐάλλουσαν
708 845 875 900 αὐτοῦ
908 845 1122 917 ἀρετὴν,
1155 845 1245 900 καί
1305 848 1403 914 τήν
1454 844 1619 920 ἂκραν
1671 845 1876 927 σύνεσιν
1927 846 2014 901 καὶ

361 931 667 1004 εὐλάϐειαν,
754 932 1008 997 διάκονος
1094 936 1503 1010 προχειρίζεται
1588 941 1687 1005 τῆς
1773 933 2020 1010 μεγάλης

359 1025 674 1094 ἐκκλησίας,
709 1024 800 1078 καὶ
859 1022 1246 1093 σακελλάριος,
1307 1023 1410 1078 ὑπὸ
1465 1028 1563 1079 τοῦ
1607 1023 1758 1078 ὁσίου
1812 1023 2021 1097 Πατρὸς

362 1117 523 1188 ἡμῶν
546 1115 642 1169 καῖ
675 1112 726 1168 ἐν
764 1112 1004 1186 θαύμασι
1060 1111 1315 1189 μεγίστου
1372 1113 1629 1170 Ἰωάννου
1680 1117 1775 1168 τοῦ
1828 1113 2020 1167 ἐπικα-

354 1201 633 1275 λουμένου
665 1202 1005 1272 Νηστευτοῦ,
1039 1199 1126 1256 ἐπὶ
1185 1207 1286 1270 τῆς
1347 1200 1624 1277 βασιλείας
1678 1204 1775 1257 τοῦ
1831 1198 2017 1256 ἀοιδί-

357 1314 466 1366 μου
525 1290 618 1346 καί
681 1290 953 1366 μακαρίου
1003 1290 1326 1366 Μαυρικίου.
1380 1292 1482 1347 Καὶ
1545 1292 1682 1364 μετὰ
1755 1290 2016 1361 τελευτήν

346 1383 526 1438 αὐτοῦ
554 1401 617 1436 τε
644 1384 744 1436 τοῦ
774 1380 1045 1452 Ἰωάννου,
1077 1380 1166 1435 καὶ
1197 1383 1294 1435 τοῦ
1353 1381 1470 1453 μετ’
1521 1380 1681 1435 αὐτὸν
1735 1379 2020 1436 ἐπισκοπί-

353 1493 552 1534 σαντος
617 1472 914 1545 Κειριακοῦ,
973 1469 1381 1546 προχειρίζεται
1465 1469 1816 1546 πατριάρχης
1875 1477 2018 1526 Κων-

357 1559 880 1628 σταντινουπὸλεας,
912 1559 1004 1614 καὶ
1061 1558 1430 1628 ἐπισκόπησον
1491 1557 1584 1630 ἔτη
1643 1559 1790 1634 τρία,
1840 1567 2020 1634 μῆνας

362 1648 481 1706 δύο*
513 1649 702 1704 πολλὰ
755 1649 893 1704 κατὰ
947 1651 1059 1703 τῶν
1119 1648 1375 1721 αἱρέσεων
1435 1649 1862 1724 ἀγωνισάμενος,
1923 1649 2012 1704 καὶ

365 1739 501 1801 τοὺς
534 1736 832 1813 αὶρετικούς
882 1737 1273 1812 καταισχύνας,
1325 1739 1416 1792 καὶ
1464 1738 1534 1792 τὰ
1579 1735 1843 1812 ὀρθόδοεα
1890 1735 2016 1812 δόγ-

374 1848 520 1902 ματα
555 1827 832 1901 κρατύνας,
891 1824 982 1881 καί
1036 1827 1100 1882 τὸ
1157 1826 1414 1900 ποίμνιον
1472 1829 1748 1899 ποιμάνας
1807 1825 2014 1894 καλῶς,

2490 629 2756 686 triarcha:
2790 633 3422 704 Constantinopolitani.

2203 750 2453 806 Sanctus
2489 753 2662 807 Pater
2691 759 2896 810 noster
2923 757 3198 824 Thomas,
3227 766 3472 831 propter
3495 761 3792 819 excellen-

2131 845 2248 895 tem
2284 857 2452 896 suam
2485 843 2762 899 virtutem
2817 851 2876 901 et
2932 863 3226 904 summam
3286 851 3660 922 prudentiam
3722 870 3793 910 ac

2131 928 2507 1000 religionem.
2534 930 2821 988 diaconus
2842 950 3071 1006 magnas
3099 936 3365 994 ecclesias
3394 939 3794 1008 ordinatur,et

2134 1017 2484 1074 sacellarius
2513 1036 2548 1075 a
2579 1027 2784 1076 sancto
2815 1024 2986 1078 Patre
3019 1032 3223 1080 nostro
3273 1032 3332 1080 et
3377 1027 3439 1082 in
3483 1029 3793 1086 miraculis

2131 1105 2443 1176 patrandis
2467 1109 2724 1163 maximo
2740 1110 2964 1165 Joanne
2987 1120 3378 1185 cognomento
3425 1116 3791 1187 Jejunatore,

2132 1194 2466 1266 imperante
2498 1197 2720 1253 celebri
2750 1205 2806 1254 et
2837 1198 3011 1256 beato
3040 1202 3339 1258 Mauricio.
3375 1209 3513 1260 Post
3560 1207 3792 1264 obitum

2130 1289 2328 1338 autem
2361 1283 2542 1356 hujus
2571 1285 2836 1356 Joannis,
2870 1289 3118 1362 ejusque
3151 1290 3212 1345 in
3265 1291 3608 1364 episcopatu
3657 1311 3792 1351 suc-

2132 1371 2386 1426 cessoris
2417 1373 2664 1444 Cyriaci,
2706 1375 3016 1433 ordinatus
3067 1379 3406 1450 patriarcha
3451 1385 3792 1440 Constanti-

2134 1457 2541 1530 n0politanus,
2575 1476 2712 1517 eum
2743 1464 3150 1537 episcopatum
3180 1467 3364 1540 gessit
3411 1485 3598 1527 annos
3647 1478 3789 1542 tres,

2132 1561 2370 1601 menses
2400 1546 2566 1603 duos.
2600 1550 2744 1605 Cum
2777 1567 2916 1607 vero
2949 1552 3274 1624 plurimum
3306 1563 3512 1612 contra
3533 1558 3790 1616 haereses

2133 1633 2806 1710 decertasset,ipsosque
2830 1640 3142 1698 hmreticos
3165 1645 3391 1716 pudore
3409 1647 3789 1720 perfudisset,

2134 1723 2521 1780 orthodoxam
2545 1743 2781 1798 quoque
2804 1728 3134 1785 doctrinam
3169 1731 3538 1802 stabiliisset,
3573 1740 3632 1791 et
3659 1751 3794 1809 gre-

2132 1827 2264 1883 gem
2296 1830 2469 1868 suum
2503 1814 2654 1870 bene
2687 1822 2745 1870 et
2773 1817 2846 1872 ad
2877 1819 2980 1873 Dei
3038 1819 3484 1892 beueplacitum
3514 1825 3788 1894 rexisset,

373 1918 466 1972 καί
508 1918 825 1992 θεαρέστως,
881 1914 972 1970 καί
1027 1921 1142 1977 τοῖς
1201 1913 1440 1971 εὐσεϐέσι
1502 1917 1783 1990 βασιλεῦσι
1834 1914 2021 1977 καλῶς

2140 1917 2368 1956 necnon
2404 1903 2531 1974 pios
2561 1904 2952 1977 imperatores
2982 1909 3268 1978 praeclare
3299 1911 3698 1982 instruxisset,
3721 1930 3791 1970 ac

368 2004 606 2077 διδάξας,
636 2007 727 2060 καὶ
755 2009 825 2079 τῇ
857 2002 1204 2080 ξσυγκλήτῳ,
1261 2005 1351 2060 καὶ
1411 2007 1567 2062 παντὶ
1627 2010 1706 2076 τῷ
1763 2006 2019 2080 ἱερατικῷ

358 2096 603 2170 τάγματι
660 2094 1004 2172 καταφανεὶς,
1061 2092 1360 2168 αἰδέσιμος,
1424 2095 1559 2168 μετᾶ
1613 2098 1781 2150 ταῦτα
1837 2093 2020 2171 ἀρῥω-

347 2187 580 2255 στήσας,
610 2186 746 2258 πρὸς
779 2182 1052 2257 οὐρανοὺς
1107 2181 1376 2258 ἀνέδραμε
1431 2183 1668 2260 χαίρων,
1727 2184 1803 2247 ὡς
1853 2184 2016 2255 εἰκὸς,

343 2276 440 2331 κάί
473 2271 924 2350 ἀγαλλιώμενος.

893 2392 1098 2450 MHNI’
1135 2393 1229 2451 ΤΩ
1271 2395 1476 2451 ΑΥΤΩ.

1136 2502 1250 2558 ΚΔ¹

351 2602 566 2674 Μνήμη
627 2603 726 2655 τοῦ
784 2597 937 2654 ὁσίου
991 2599 1205 2674 Πατρὸς
1258 2599 1434 2674 ’ἡμῶν
1524 2595 1837 2654 Βενεδίκτου
1920 2597 2021 2672 ἆρ-

858 2668 1224 2746 χιμανδρίτου
1254 2668 1502 2744 Ῥώμης.

423 2789 605 2849 Οὗτος
638 2787 887 2863 ὑπῆρχεν
920 2787 978 2843 ἐκ
1035 2795 1136 2858 τῆς
1193 2787 1486 2860 Ῥωμαίων
1545 2783 1786 2851 πόλεως,
1849 2784 2021 2842 Εὐλο-

345 2877 600 2954 γημένος
659 2876 1096 2949 ὀνομαζόμενος.
1154 2877 1364 2948 Μικρες
1425 2873 1483 2930 δὲ
1540 2869 1637 2941 ὤν,
1695 2872 2012 2929 καταλιπὼν

348 2971 443 3025 καὶ
505 2968 709 3040 οἰκίαν,
766 2967 858 3022 καὶ
915 2959 1121 3042 γονεῖς,
1171 2965 1395 3037 ἐξῆλθεν
1455 2965 1531 3026 εἰς
1584 2958 1794 3039 ἔρημον
1850 2963 2018 3018 τόπον

363 3057 496 3130 μετὰ
520 3064 624 3126 τῆς
686 3054 1092 3131 ἀνατρεφούσης
1151 3053 1314 3110 αὐτὸν
1352 3054 1541 3131 γραὸς,
1600 3053 1690 3108 καὶ
1747 3051 2017 3128 ἡσύχασε,

361 3147 450 3202 καὶ
499 3145 811 3222 εὐχόμενος
867 3139 1031 3202 ἔλαϐε
1089 3142 1403 3221 χαρίσματα
1455 3141 1700 3218 ἰαμάτων
1758 3143 1865 3198 ἀπὸ
1920 3144 2018 3197 τοῦ

359 3242 517 3295 Θεοῦ.
583 3241 810 3312 Πρῶτον
875 3237 970 3310 μὶν
1027 3237 1128 3312 γάρ
1213 3235 1521 3310 ἡγούμενος
1605 3233 1897 3308 γενόμενος
1946 3235 2016 3305 τῇ

357 3327 710 3402 παρακλήσει
765 3330 875 3382 τῶν
933 3329 1214 3402 μοναχῶν,
1272 3324 1364 3380 καί
1418 3321 1508 3379 διὰ
1563 3325 1663 3392 τήν
1736 3323 1834 3398 ἆκρ

357 3425 463 3486 τῆς
514 3415 830 3492 ἐγκρατείας
895 3415 1142 3489 maniis}:
1201 3414 1327 3485 παρ’
1384 3412 1584 3482 αὐτῶν,
1644 3409 2016 3482 ἐπεϐουλεύθη

369 3503 702 3578 δηλητηρίῳ
733 3505 1033 3584 φαρμάκῳ.
1072 3504 1167 3559 Καὶ
1205 3497 1390 3559 λαϐὼν
1417 3504 1480 3558 τὸ
1509 3504 1778 3574 ποτήριον
1822 3499 2019 3579 ἐσφρά-

373 3595 660 3666 γισεν,καῖ
710 3592 935 3663 διελύθη
997 3592 1070 3654 ὡς
1135 3590 1273 3653 ἅλας
1331 3592 1358 3646 ὁ
1416 3589 1598 3653 ὕελος.
1659 3591 1886 3646 Ἔπειτα
1930 3586 2020 3643 καί

383 3680 532 3736 ἄλλα
563 3683 793 3753 θύματα
818 3681 1054 3738 πλεῖστα
1109 3680 1353 3750 ἐποίησε.
1410 3679 1724 3742 Μέλλοντος
1785 3676 1842 3734 δὲ
1883 3678 2020 3750 πρὸς

385 3770 584 3842 Κᾶριον
620 3768 894 3845 ἐκδημεῖν,
930 3770 1169 3844 μοναχοί
1200 3789 1340 3830 τινες
1381 3765 1476 3823 δύο
1535 3761 1786 3830 εὐλαϐεῖς
1836 3763 2021 3837 ἔδοξαν

380 3861 502 3914 καθ’
531 3859 724 3922 ὕπνους
755 3859 889 3916 ἰδεῖν
922 3859 1047 3915 ὁδὸν
1094 3859 1229 3932 πρὸς
1285 3857 1507 3932 οὐρανὸν
1568 3858 1674 3912 ἀπὸ
1729 3861 1833 3932 γῆς
1894 3858 2024 3911 ἀνα-

373 3955 662 4026 φέρουσαν,
724 3952 1145 4023 ὑπεστρωμένην
1223 3949 1469 4021 ἱματίοις
1525 3946 1876 4015 πολυτελέσι,
1933 3947 2024 4002 καὶ

369 4009 668 4114 λαμπάδας
729 4042 1100 4114 ἀναπτομένας
1158 4037 1486 4110 ἑκατέρωθεν
1558 4045 1659 4108 τῆς
1714 4035 1865 4094 ὁδοῦ.
1927 4037 2024 4092 Καὶ

367 4132 764 4207 ἐρωτήσαντες,
850 4131 998 4193 τίνος
1083 4127 1224 4184 ἐστὶν
1283 4129 1318 4198 ἡ
1381 4125 1533 4193 ἀδὸς,
1589 4126 1826 4196 ἤκουσαν
1881 4129 2027 4200 παρὰ

368 4221 709 4300 λευκονρόρου
739 4218 956 4295 ἀνδρὸς,
984 4219 1066 4275 ὅτι
1127 4217 1260 4289 αὕτη
1322 4217 1463 4272 ἐστὶν
1522 4219 1558 4288 ἡ
1609 4215 1732 4280 ὁδὸς
1784 4214 2028 4274 Βενεδίκ-

366 4331 461 4366 του
493 4315 591 4366 τοῦ
617 4308 1020 4384 εὐλογημένου.
1083 4307 1187 4365 Καὶ
1246 4305 1390 4361 οὕτω
1437 4305 1748 4370 τελειωθεὶς
1793 4304 2025 4376 ἀνῆλθεν

365 4400 442 4464 εἰς
477 4399 772 4477 οὐρανούς.

365 4517 474 4577 Καὶ
519 4518 716 4591 μνήμη
773 4520 870 4571 τοῦ
930 4514 1086 4570 ὁσίου
1144 4507 1407 4604 Ἰακιιξϐου
1462 4514 1560 4568 τοῦ
1618 4509 1756 4567 Νέου
1819 4510 2032 4566 ἐπισκό-

972 4606 1077 4642 που
1106 4604 1426 4663 γεγονοτος.

440 4701 766 4768 Ἰάκωϐοςό
807 4706 979 4776 ὅσιος,
1036 4704 1087 4778 ἐξ
1145 4703 1371 4760 ἁπαλῶν
1429 4701 1646 4776 ὀνύχων
1703 4701 1796 4756 τὸν
1858 4700 2026 4771 ἀσκη-
2059 4679 2102 4746 D

365 4797 520 4851 τικὸν
583 4794 848 4868 ἑλόμενος
912 4796 1055 4871 βίον,
1111 4793 1202 4849 καὶ
1265 4793 1510 4867 μοναχὸς
1567 4791 1884 4865 γενόμενος,
1939 4792 2028 4845 καὶ

366 4885 593 4958 νηστείᾳ
649 4887 737 4941 καὶ
798 4884 1095 4960 ἀγρυπνίᾳ,
1142 4883 1232 4940 καὶ
1287 4886 1356 4957 τῇ
1417 4882 1591 4970 λοιπῇ
1671 4879 2028 4952 κακοπαθείᾳ,

367 4979 437 5050 τῇ
469 4997 529 5032 τε
563 4976 765 5051 μελέτῃ
803 4981 912 5030 τῶν
955 4974 1112 5030 θείων
1171 4977 1417 5050 Γραφῶν,
1475 4973 1568 5027 καὶ
1621 4976 1741 5033 ταῖς
1798 4975 2028 5046 συχναῖς

370 5066 508 5140 πρὸς
533 5066 662 5122 Θεὸν
699 5065 892 5142 εὐχαῖς
950 5060 1214 5139 πρότερον
1277 5061 1464 5118 ἑαυτὸν
1514 5059 1834 5134 ἐκκαθάρας.
1887 5061 2034 5116 Μετὰ

370 5160 538 5211 ταῦτα
603 5159 702 5211 τοῦ
779 5156 1138 5209 ἐπισκοπικοῦ
1215 5151 1528 5225 ἀξιώματος
1579 5150 1842 5221 ἀξιοῦται.
1904 5151 2035 5206 Ἐπῒ

371 5250 478 5301 τῶν
507 5246 734 5320 χρόνων
777 5243 836 5300 δὲ
890 5248 999 5299 τῶν
1059 5237 1334 5298 δυασεϐὦν
1394 5239 1818 5315 Ε”κονομάχων,
1867 5261 2035 5295 κατα-

369 5337 692 5410 ναγκασθεὶς
751 5335 841 5389 ὑπ’
891 5333 1108 5388 ἐκείνων
1163 5332 1415 5400 πλεῖστα,
1489 5329 1590 5397 τήν
1665 5333 1774 5383 τῶν
1861 5328 2031 5403 ἁγίων

369 5426 463 5480 καὶ
523 5431 730 5480 σεπτῶν
793 5423 1019 5480 εἰκόνων
1076 5422 1416 5497 ἀρνήσασθαι
1489 5419 1884 5494 προσκύνησιν,
1943 5419 2032 5474 καὶ

377 5517 454 5588 μὴ
509 5519 766 5582 πεισθεὶς,
814 5513 1066 5577 πολλοὺς
1160 5513 1499 5589 πειρασμοὺς
1585 5513 1858 5583 ὑπέμεινε,
1945 5513 2035 5568 καὶ

372 5602 580 5678 ἱξορίας
613 5604 969 5667 ἀνεικάστους
1021 5603 1250 5671 ὑπέστη,
1310 5601 1400 5657 καὶ
1459 5599 1649 5674 λιμὸν,
1701 5601 1790 5656 καί
1851 5599 2034 5676 δίψαν,

364 5693 455 5748 καὶ
484 5694 640 5769 ’ἕτερα
670 5694 923 5761 πλείονα,
959 5694 1097 5760 ἅπερ
1154 5691 1230 5754 εἰς
1270 5691 1430 5747 αὐτὸν
1484 5690 1538 5745 οἰ
1588 5685 1867 5754 δυσσεϐεῖς
1913 5690 2040 5746 έπε-

370 5779 552 5855 νόουν,
585 5780 966 5859 ἐκαρτέρησεν.
1018 5780 1152 5836 Εἶτα
1212 5776 1266 5833 ἐν
1327 5776 1515 5839 αὐταῖς
1569 5773 1809 5839 πολλαῖς
1867 5776 2036 5850 βασά-

644 5903 917 5964 Ριτιοι.
979 5900 1092 5961 Gn.
1141 5896 1376 5960 CXVII.

2131 1992 2386 2059 senatui,
2448 1993 2674 2065 totique
2736 1996 3092 2052 sacerdotali
3162 1999 3361 2054 ordini
3416 2003 3790 2058 venerandus

2131 2083 2528 2153 apparuisset,
2563 2084 2810 2140 adversa
2841 2087 3180 2144 valetudine
3213 2097 3541 2162 correptus,
3573 2092 3650 2148 ad
3679 2109 3792 2149 caa-

2127 2171 2219 2228 los
2249 2173 2516 2246 gaudens
2547 2180 2607 2230 et
2635 2175 2964 2246 exsultans,
2997 2179 3083 2233 uti
3116 2195 3354 2252 aequum
3403 2187 3548 2251 erat,
3600 2183 3787 2239 advo-

2125 2263 2285 2320 lavit.

2682 2386 2924 2443 EODEM
2962 2389 3108 2445 ΜΕΝ
3113 2389 3214 2445 SE.

2638 2490 2739 2547 Die
2769 2493 3050 2572 vicesima
3080 2496 3275 2567 prima

2127 2584 2229 2642 28
2289 2586 2740 2645 Commemoratio
2783 2594 2964 2648 sancti
3026 2596 3205 2651 Patris
3263 2600 3443 2653 nostri
3499 2600 3789 2657 Benedicti

2607 2663 3066 2721 archimandritas
3096 2669 3299 2724 Rome.

2199 2757 2279 2842 Ex
2310 2759 2715 2816 Romanorum
2747 2763 2893 2820 urbe
2926 2766 3149 2836 prodiit
3173 2768 3270 2824 hic
3317 2770 3650 2842 appellatus
3681 2773 3791 2828 Be-

2126 2840 2418 2898 nedictus.
2455 2846 2608 2900 Puer
2637 2846 2880 2903 domum
2915 2856 2972 2904 et
3004 2859 3281 2921 parentes
3304 2840 3607 2924 deserens,
3644 2856 3788 2913 soli-

2130 2931 2397 2986 tudinem
2429 2950 2564 2988 cum
2597 2937 2849 3002 nutrice,
2901 2940 3114 2996 aﬂ'ecta
3147 2942 3276 3013 jam
3324 2951 3497 3002 astate
3540 2947 3786 3020 femina,

2128 3025 2454 3098 ingressus,
2491 3027 2756 3098 quietam
2790 3031 2965 3087 vitam
2999 3033 3308 3106 amplexus
3340 3043 3448 3103 est,
3499 3044 3559 3094 et
3587 3056 3788 3112 orans,

2127 3118 2378 3186 gratiam
2409 3117 2788 3172 curationum
2819 3136 2853 3175 a
2885 3121 3000 3177 Deo
3031 3124 3280 3196 accepit.
3315 3125 3582 3182 Primum
3626 3128 3789 3184 enim

2129 3202 2441 3258 monachis
2474 3211 2684 3276 sponte
2717 3207 3106 3266 invitantibus
3137 3211 3320 3269 abbas
3351 3220 3607 3285 creatus,
3651 3233 3792 3273 mox

1845 3290 2016 3377 (6:51“;
2048 3302 2091 3370 ο
2129 3290 2355 3346 eisdem
2385 3291 2460 3347 ob
2494 3300 2761 3351 exactam
2818 3297 3246 3356 abstinentiam
3305 3318 3520 3360 exosus
3574 3304 3790 3378 factus,

2129 3384 2363 3439 insidiis
2393 3391 2484 3441 est
2513 3390 2845 3460 appetitus:
2876 3390 2979 3446 sed
3006 3392 3205 3449 oblata
3226 3395 3495 3452 veneﬁca
3523 3398 3790 3470 potione,

2130 3493 2265 3532 cum
2298 3485 2608 3550 acceptum
2644 3482 2926 3551 poculum
2985 3485 3296 3556 signasset,
3356 3489 3594 3560 vitrum,
3646 3491 3791 3548 salis

2131 3568 2418 3637 adinstar,
2453 3571 2714 3628 solutum
2742 3573 2874 3630 fuit.
2908 3577 3049 3632 Post
3081 3584 3140 3633 et
3169 3579 3427 3651 plurima
3457 3582 3574 3639 alia
3604 3585 3789 3640 mira-

2131 3661 2265 3717 cula
2290 3665 2562 3734 patravit.
2597 3666 2741 3721 Cum
2771 3673 2968 3723 autem
3002 3680 3159 3726 esset
3183 3671 3258 3726 ad
3314 3673 3630 3732 Dominum
3678 3678 3793 3734 mi-

2132 3763 2427 3828 graturus,
2466 3755 2582 3812 duo
2615 3759 2874 3832 religiosi
2909 3765 3188 3820 monachi
3221 3767 3328 3822 visi
3388 3775 3528 3824 sunt
3576 3771 3688 3826 sibi
3729 3772 3792 3828 in

2136 3847 2386 3913 somnis,
2411 3848 2564 3903 viam
2587 3849 2658 3904 ad
2683 3851 2896 3906 caelum
2921 3870 2956 3908 a
2978 3860 3132 3910 terra
3149 3859 3491 3915 tendentem
3516 3863 3795 3932 pretiosis

2137 3935 2499 3991 substratam
2523 3938 2809 4009 palliis,et
2829 3945 3097 4000 accensis
3119 3947 3400 4019 utrinque
3420 3950 3798 4022 lampadibus

2138 4024 2559 4095 splendentem
2593 4044 2876 4085 cernere:
2929 4033 3374 4093 sciscitantibus
3423 4046 3642 4098 autem.
3695 4057 3795 4097 cu-

2127 4113 2372 4184 jusnam
2407 4121 2564 4170 esset
2594 4133 2662 4172 ea
2687 4119 2800 4186 via,
2833 4120 2990 4175 visus
3021 4129 3112 4178 est
3140 4125 3226 4179 vir
3267 4126 3521 4183 candido
3575 4131 3796 4187 amictu

2137 4212 2383 4262 ornatus
2412 4209 2830 4278 respondisse:
2866 4213 3000 4269 Haec
3048 4221 3139 4270 est
3185 4217 3275 4273 via
3328 4219 3653 4277 Benedicti.
3700 4226 3798 4279 At-

2137 4315 2251 4369 que
2271 4315 2378 4370 per
2402 4298 2559 4356 hunc
2591 4301 2835 4358 modum
2859 4305 2976 4361 vita
2995 4306 3256 4379 functus,
3285 4309 3434 4366 abiit
3462 4313 3525 4368 in
3555 4313 3794 4372 caelum.

2190 4494 2260 4549 Et
2285 4493 2730 4552 commemoratio
2759 4498 2952 4555 sancti
2975 4501 3172 4558 Jacobi
3198 4503 3449 4561 Junioris
3479 4507 3742 4580 episcopi.

2202 4689 2454 4748 Jacobus
2487 4708 2555 4748 ex
2587 4695 2809 4750 teneris
2859 4699 3198 4771 unguiculis
3246 4704 3565 4761 asceticam
3621 4707 3801 4766 vitam

2139 4781 2316 4855 elegit
2344 4800 2356 4838 :
2389 4799 2457 4839 ac
2481 4787 2811 4842 monachus
2843 4787 3056 4860 factus,
3089 4793 3349 4864 primum
3375 4796 3616 4868 quidem
3641 4801 3804 4872 Jeju-

2139 4873 2276 4941 niis,
2310 4873 2544 4947 vigiliis,
2576 4883 2754 4947 atque
2784 4878 2918 4934 aliis
2952 4880 3467 4951 afﬂictationibus.
3500 4905 3569 4945 ac
3618 4891 3802 4962 potis-

2141 4966 2360 5020 simum
2394 4983 2699 5023 sacrarum
2732 4969 3174 5042 Scriptararum
3201 4977 3716 5048 meditationibus,
3749 4988 3810 5039 et

2142 5059 2445 5114 continuis
2475 5060 2549 5115 ad
2582 5063 2766 5117 Deum
2799 5065 3075 5135 precibus
3116 5071 3381 5142 seipsum
3418 5076 3806 5148 expurgavit:

2141 5163 2278 5202 mox
2311 5165 2444 5202 vero
2478 5148 2552 5203 ad
2584 5149 2932 5222 dignitatem
2968 5156 3371 5230 episcopalem
3400 5167 3487 5216 est
3522 5163 3805 5221 elevatus.

2143 5239 2256 5295 Sed
2302 5256 2436 5295 cum
2486 5241 2808 5313 impiorum
2860 5247 3391 5306 Iconomachorum
3443 5255 3808 5326 temporibus

2147 5331 2502 5387 sollicitatus
2535 5335 2860 5404 plurimum
2893 5339 2967 5394 ab
2999 5340 3073 5395 iis
3105 5341 3335 5409 fuisset,
3368 5350 3435 5398 ut
3463 5345 3689 5400 cultum
3713 5363 3811 5402 sa-

2145 5439 2384 5478 crarum
2443 5430 2502 5478 et
2555 5428 3030 5486 venerandarum
3092 5433 3419 5505 imaginum
3460 5435 3806 5509 abnegaret,

2148 5513 2328 5586 idque
2361 5515 2553 5572 facere
2586 5515 2993 5584 detrectasset,
3031 5523 3248 5578 multas
3275 5524 3492 5580 subivit
3530 5529 3811 5584 tentatio-

2148 5605 2687 5672 nes,intolerabilia
2709 5627 2919 5682 passus
2942 5614 3169 5676 exsilia.
3195 5614 3505 5681 etfamem.
3541 5625 3599 5675 et
3627 5619 3812 5694 sitim,

2148 5699 2207 5750 et
2236 5694 2355 5750 alia
2384 5695 2667 5767 plurima,
2702 5715 2833 5770 qum
2864 5700 3146 5758 adversus
3201 5719 3334 5758 eum
3383 5706 3550 5780 impii
3609 5710 3812 5768 animo

2148 5785 2588 5857 concipiebant.
2623 5785 2932 5847 Postremo
2967 5790 3060 5849 his
3091 5791 3347 5866 aliisque
3372 5797 3604 5872 multis,
3631 5805 3692 5856 et
3717 5815 3818 5858 va-

3450 5916 3526 5977 ﬂ
