4132 6428
370 395 488 460 363

1693 378 2118 444 MENOLOGII
2167 379 2370 442 PARS
2414 381 2518 442 III.

3678 386 3801 454 364

370 531 478 585 riis
515 527 846 588 tormentis,
880 529 937 579 et
965 521 1452 578 aiflictationibus
1494 520 1751 586 attritus,
1784 517 2018 572 beatam

2152 532 2271 581 νοις,
2303 511 2395 566 καὶ
2442 517 2560 573 τοῖς
2619 507 2904 587 διαφόροις
2962 517 3314 587 πειρασμοῖς,
3367 514 3468 583 τήν
3529 514 3800 590 μακαρίαν

375 622 638 677 animam
672 635 837 673 suam
871 617 929 670 in
963 631 1174 669 manus
1210 613 1306 668 Dei
1339 614 1441 668 24
1478 613 1742 673 tradidit.
1770 629 1875 683 pro
1907 628 2023 682 quo

378 728 512 767 cum
545 725 732 780 usque
761 707 834 761 ad
863 714 1110 761 mortem
1168 721 1454 778 generose
1501 703 1884 767 decertasset,
1936 719 2026 756 re-

374 817 555 875 gnum
588 799 824 854 cmleste
868 802 1196 864 assecutus,
1257 811 1392 851 cum
1449 794 1552 850 illo
1621 794 1685 848 in
1738 799 2029 848 internum

376 888 653 945 exsultat.

436 1045 509 1098 Et
539 1041 978 1096 commemoratio
1009 1040 1184 1094 sancti
1212 1037 1422 1108 Berylli
1451 1036 1697 1108 episcOpi
1723 1035 1966 1092 Catane.

447 1203 696 1258 Sanctus
727 1203 902 1256 Pater
931 1205 1135 1254 noster
1167 1197 1432 1269 Beryllus
1465 1214 1533 1252 ex
1566 1195 1882 1251 Antiochia
1930 1191 2033 1265 Sy-

374 1292 480 1349 rias
538 1291 848 1356 oriundus,
909 1289 1099 1345 sancti
1158 1289 1316 1344 Petri
1372 1286 1626 1360 apostoli
1703 1283 2035 1355 discipulus

373 1383 664 1445 factus,ab
689 1399 756 1436 eo
779 1381 1096 1453 episc0pus
1118 1381 1351 1436 Catanze
1384 1380 1446 1433 in
1478 1378 1677 1433 Sicilia
1724 1377 2036 1431 ordinatus

375 1474 598 1538 est.Qui
623 1489 758 1527 cum
783 1473 1066 1544 praeclare
1089 1487 1324 1544 gregem
1353 1470 1620 1527 rexisset.
1646 1473 1704 1523 et
1726 1469 1784 1521 in
1817 1480 2038 1537 pascua

373 1563 662 1618 salutaria
692 1561 1059 1624 deduxisset,
1093 1559 1435 1629 multosque
1467 1574 1536 1613 ex
1586 1555 1930 1611 inﬁdelibus
1961 1551 2036 1609 ad

375 1651 592 1706 Christi
628 1651 807 1706 ﬁdem
839 1649 1207 1714 adduxisset,
1243 1649 1400 1703 dono
1427 1646 1823 1720 plurimorum
1852 1643 2034 1698 mira-

379 1742 652 1797 culorum
685 1740 898 1813 dignus
927 1742 1171 1796 effectus
1205 1745 1312 1802 est,
1346 1755 1415 1794 ex
1458 1737 1675 1808 quibus
1723 1750 1909 1790 unum
1941 1732 2037 1788 hic

378 1831 839 1887 commemorari
858 1835 1107 1901 oportet.
1144 1830 1298 1883 Fons
1321 1827 1621 1882 eratcirca
1641 1824 1812 1879 illum
1840 1823 2036 1878 locum

380 1923 817 1978 amarissimam
844 1921 1070 1975 habens
1100 1935 1337 1990 aquam,
1373 1934 1551 1989 quani
1581 1916 1729 1972 fusis
1752 1915 1824 1971 ad
1853 1917 2035 1970 Deum

375 2011 651 2083 precibus
674 2011 735 2065 in
755 2010 990 2065 dulcem
1015 2016 1219 2081 potum
1243 2007 1677 2062 transmutavit.
1707 2005 1872 2072 Quod
1899 2021 2035 2060 cum

371 2100 620 2155 vidisset
649 2098 893 2170 quidam
926 2100 1161 2153 Graacus
1213 2097 1566 2153 idololatrian
1613 2095 1902 2151 acerrime
1929 2093 2037 2150 ad-

371 2191 587 2256 dictus,
622 2189 855 2244 Christo
875 2188 1148 2252 credidit,
1177 2192 1235 2242 et
1259 2204 1392 2243 cum
1418 2203 1486 2242 eo
1510 2185 1714 2258 plures
1734 2185 1856 2241 alii.
1891 2187 2034 2239 Cum

373 2297 509 2334 vero
544 2279 682 2343 alia,
717 2295 905 2350 eaque
939 2295 1058 2333 non
1091 2295 1280 2349 pauca
1303 2276 1590 2332 miracula
1611 2279 2032 2348 perpetrasset,

375 2374 435 2425 et
463 2369 536 2424 ad
571 2368 928 2440 profundam
958 2373 1326 2423 senectutem
1381 2365 1768 2438 pervenisset,
1817 2363 1889 2418 ad
1923 2363 2037 2434 Do-

375 2460 603 2515 minum
637 2459 924 2531 migravit,
960 2465 1244 2514 aeternam
1267 2457 1340 2512 ab
1363 2471 1432 2512 eo
1457 2457 1634 2512 vitam
1659 2459 2033 2510 consecutus.

376 2552 452 2604 At
481 2548 848 2604 venerabiles
878 2548 1007 2618 ejus
1034 2547 1304 2617 reliquiae
1339 2549 1400 2601 in
1450 2545 1553 2600 illa
1602 2543 1803 2599 insula
1847 2543 2035 2600 hono-

377 2639 542 2693 rilice
575 2639 853 2704 conditm,
887 2637 1187 2703 omnibus,
1244 2637 1345 2707 qui
1399 2653 1534 2692 cum
1589 2633 1704 2690 {ide
1755 2633 1829 2690 ad
1877 2633 2037 2704 ipsas

372 2727 684 2794 accedunt,
717 2728 1036 2784 sanitatem
1099 2742 1290 2798 usque
1348 2726 1410 2780 in
1468 2723 1829 2781 hodiernum
1877 2722 2037 2779 diem

375 2816 717 2874 conferunt.

932 2897 1174 2953 EODEM
1216 2895 1470 2950 MENSE.

851 2998 952 3054 Die
985 2997 1270 3054 vicesima
1300 2993 1565 3052 secunda

385 3115 845 3174 Commemoratio
874 3116 1052 3172 sancti
1096 3115 1399 3170 Artemonis
1456 3112 1702 3183 episcopi
1757 3109 2035 3166 Seleucia.

451 3277 666 3334 Beatus
697 3278 982 3332 Artemon
1034 3275 1364 3331 Seleuciam
1418 3273 1670 3346 patriam
1719 3270 1928 3327 habuit
1983 3267 2112 3337 etC

375 3367 701 3430 civitatem,
733 3373 939 3438 utpote
971 3367 1070 3438 qui
1104 3365 1163 3420 in
1195 3381 1266 3420 ea
1296 3369 1472 3419 natus
1531 3369 1708 3432 atque
1759 3360 2045 3416 educatus

373 3457 574 3513 fuerit.
613 3457 757 3511 Cum
788 3461 988 3511 autem
1039 3455 1248 3510 beatus
1295 3453 1515 3509 Paulus
1567 3451 1712 3507 illuc
1763 3450 2043 3517 venisset,

378 3545 569 3602 factus
605 3552 694 3601 est
724 3547 852 3615 ejus
886 3545 1252 3616 discipulus:
1289 3541 1668 3615 postmodum
1728 3539 2043 3612 episcopus

380 3635 651 3706 ejusdem
688 3636 853 3689 urbis
887 3635 1192 3694 Seleucim,
1227 3639 1286 3687 et
1343 3631 1546 3704 populi
1597 3630 1820 3692 doctor,
1864 3635 2042 3698 atque

380 3724 644 3778 veritatis
678 3741 891 3794 praeco.
927 3725 1117 3787 Quare
1167 3721 1342 3775 editis
1389 3719 1664 3791 plurimis
1713 3717 2039 3781 miraculis,

380 3829 501 3866 non
535 3829 753 3883 paucos
786 3829 854 3867 ex
887 3811 1183 3866 idolorum
1217 3809 1550 3865 cultoribus
1588 3807 1660 3863 ab
1715 3823 1916 3861 errore
1967 3804 2040 3860 ad

377 3900 698 3954 Dominum
733 3915 1074 3964 conversos,
1108 3915 1214 3968 per
1245 3897 1532 3961 divinum,
1594 3901 1652 3950 et
1697 3892 2042 3964 augustissi-

377 3998 761 4060 mum,atque
794 3990 1127 4045 salutarem
1162 3987 1523 4059 baptismum
1555 3984 1928 4041 Christianos
1955 3982 2040 4038 fe-

379 4080 478 4133 cit.
517 4081 657 4135 Post
687 4080 811 4136 hmo
845 4081 961 4151 pie.
1015 4085 1192 4149 atque
1247 4082 1312 4132 ut
1361 4077 1477 4131 Deo
1529 4073 1821 4146 placebat,
1879 4089 2039 4128 com-

372 4168 623 4223 missum
658 4169 768 4224 sibi
803 4185 1042 4242 gregem
1077 4184 1306 4238 regens.
1343 4172 1399 4221 et
1454 4164 1778 4220 Ecclesiam
1827 4162 2042 4235 guber-

375 4275 548 4325 nans,
579 4260 856 4314 omnibus
890 4258 1199 4332 egentibus
1221 4257 1412 4313 factus
1437 4261 1527 4311 est
1552 4254 1762 4310 salutis
1781 4254 1875 4310 25
1905 4270 2038 4324 por-

374 4353 490 4413 tus,
524 4349 836 4404 viduarum
895 4348 1196 4411 defensor,
1258 4346 1662 4418 orplianorum
1716 4347 2036 4414 protector,

373 4439 788 4496 mendicorum
813 4445 1216 4512 etpauperum
1246 4436 1382 4492 dux.
1413 4435 1513 4491 His
1545 4435 1746 4506 itaque
1777 4449 1840 4490 se
1871 4449 2036 4489 exer-

372 4545 516 4585 cens
549 4530 850 4603 operibus,
884 4535 943 4584 et
981 4529 1098 4583 Deo
1151 4543 1258 4600 per
1305 4525 1508 4581 omnia
1552 4523 1913 4591 deserviens,
1960 4521 2036 4578 ad

2135 602 2304 657 αὖτοῦ
2335 603 2524 676 ψυχῆν
2561 599 2638 664 εἷς
2699 607 2892 676 χεῖρας
2950 604 3215 675 παρέθετο
3262 606 3360 659 τοῦ
3410 607 3567 672 Θεοῦ,
3623 601 3694 659 δι’
3737 606 3796 661 δν

2141 690 2306 764 μέχρι
2389 691 2625 744 θανάτου
2713 689 3016 763 προθύμως
3117 689 3550 765 ἀγωνισάμενος,
3636 692 3795 766 βασι-

2138 772 2287 830 λείαν
2319 770 2514 831 ἔλαϐεν
2564 774 2810 850 οὐραιῶν
2871 775 2963 830 σὺν
3028 777 3178 850 αὐτῷ
3236 775 3663 852 ἀγαλλιώμενος
3719 779 3796 842 είς

2137 862 2362 928 αἰῶνας.

2138 1038 2237 1092 Καὶ
2322 1037 2517 1110 μνήμη
2602 1041 2701 1092 τοῦ
2793 1036 2973 1115 ἁγίου-
3069 1037 3366 1115 Βηρύλλου
3487 1037 3794 1096 επισκόπου

2828 1111 3104 1180 Κατάνης,

2212 1197 2567 1273 Βήρυλλοςὸ
2609 1197 2663 1254 iv
2722 1200 2905 1274 ἁγίοις
2970 1200 3154 1274 Πατὴρ
3210 1202 3374 1274 ἡμῶν
3435 1202 3682 1277 ὑπῆρχεν
3745 1202 3797 1274 ἐξ

2141 1285 2490 1361 ’Δντιοχείας
2533 1295 2635 1357 τῆς
2697 1289 2916 1364 Συρίας.
2967 1291 3213 1360 Γεγονὼς
3271 1288 3329 1346 δὲ
3389 1292 3642 1364 μαθητὴς
3697 1294 3796 1346 τοῦ

2143 1377 2302 1452 ἁγίου
2334 1381 2540 1453 Πὲτρου
2587 1377 2924 1445 ἀποστόλου,
2983 1383 3112 1450 παρ’
3165 1381 3336 1435 αὐτοῦ
3393 1386 3787 1455 χειροτονεῖται

2143 1465 2443 1532 ἐπίσκοπος
2493 1469 2743 1540 Κατάνης
2797 1476 2898 1540 τῆς
2953 1469 3006 1526 iv
3071 1469 3315 1542 Σικελίᾳ.
3370 1471 3557 1532 Ὅστις
3611 1470 3795 1533 καλῶς

2142 1557 2412 1631 ποιμανας
2442 1560 2505 1614 τὸ
2535 1558 2813 1630 ποίμνιον,
2863 1560 2954 1615 καὶ
3000 1559 3088 1616 ἐπὶ
3134 1560 3308 1634 νομὰς
3358 1558 3635 1636 ὁδηγήσας
3685 1582 3796 1616 σω·

2140 1645 2358 1720 τηρίας⁹
2413 1647 2501 1702 καὶ
2557 1646 2808 1710 πολλοὺς
2861 1652 2966 1702 τῶν
3029 1647 3271 1704 ἀπίστων
3327 1649 3466 1722 πρὸς
3521 1650 3625 1717 τήν
3698 1651 3798 1704 τοῦ

2143 1733 2383 1808 Χριστοῦ
2411 1734 2587 1790 πίστιν
2647 1733 2884 1809 ἀγαγὼν,
2941 1735 3154 1806 ἠξιώθη
3209 1735 3298 1790 καὶ
3359 1735 3651 1808 θαυμάτων
3703 1755 3799 1808 με·

2143 1843 2360 1897 γιστων·
2411 1823 2464 1896 ἐξ
2509 1825 2585 1879 ὦν
2639 1823 2758 1887 ἰνὸς
2816 1825 3106 1902 ἀναγκαῖον
3164 1824 3586 1899 ἐπιμνησθῆναι.
3637 1827 3796 1901 Πηγὴ

2069 1886 2210 1982 Βῆν
2244 1914 2381 1970 κατᾶ
2435 1915 2529 1970 τὸν
2592 1912 2760 1971 τόπον
2815 1915 3046 1986 ἐκεῖνον,
3105 1917 3300 1991 πικρὸν
3356 1911 3565 1992 ἔχουσα
3621 1913 3796 1990 ὕδωρ,

2145 2002 2294 2060 ἀλλᾶ
2347 2005 2783 2079 προσευξάμενος
2831 2009 2911 2077 τῷ
2967 2009 3108 2078 Θεῷ,
3159 2005 3234 2068 εἰς
3289 2002 3546 2081 γλυκεῖαν
3634 2005 3795 2078 μετε-

2145 2088 2283 2149 ϐαλε
2313 2096 2603 2165 ποιότητα.
2648 2095 2748 2151 Καὶ
2809 2093 2938 2150 ἰδὼν
2994 2099 3157 2150 τοῦτο
3216 2091 3438 2165 Ἕλλην
3488 2115 3574 2157 τις
3629 2092 3795 2171 ἄκρος

2144 2180 2586 2259 εἰδωλολάτρης,
2622 2183 2900 2240 ἐπίστευσε
2929 2189 3010 2256 τῷ
3040 2184 3280 2258 Χριστῷ,
3311 2183 3404 2239 καὶ
3462 2183 3554 2238 σὺν
3607 2183 3798 2258 ἐκείνῳ

2143 2274 2318 2351 ἕτεροι
2345 2273 2576 2334 πολλοί.
2607 2275 2704 2330 Καὶ
2737 2271 2893 2349 ἕτερα
2925 2271 2983 2329 δὲ
3013 2273 3112 2329 οὐκ
3143 2271 3312 2349 ὀλίγα
3341 2273 3593 2347 θαύματα
3648 2272 3797 2329 iacu-

2147 2367 2327 2435 Λὲσας,
2359 2366 2439 2431 είς
2493 2365 2627 2442 βαθὺ
2683 2371 2857 2442 γῆρας
2907 2363 3106 2433 ἐλθὼν,
3165 2364 3305 2441 πρὸς
3353 2364 3555 2434 Κύριον
3611 2361 3797 2434 ἰξεδήο

2150 2478 2344 2530 μησεν,
2377 2450 2673 2511 ἀπολαϐὼν
2708 2455 2795 2509 ὑπ’
2853 2454 3023 2510 αὐτοῦ
3077 2454 3178 2523 τὴν
3225 2451 3446 2508 αίώνιον
3501 2455 3668 2523 ζωήν.
3721 2453 3796 2510 Τὸ

2148 2543 2206 2602 δὶ
2231 2545 2420 2620 τίμιον
2450 2544 2616 2600 αὐτοῦ
2647 2542 2904 2618 λείψανον
2936 2543 3193 2614 κατετέθη
3237 2539 3290 2597 iv
3330 2545 3399 2616 τῇ
3449 2543 3602 2615 νήσῳ
3651 2539 3799 2597 ἐντί-

2149 2657 2290 2710 μως,
2322 2633 2527 2708 ίάματα
2553 2634 2812 2710 παρέχων
2864 2637 2992 2688 πᾶσι
3051 2637 3168 2696 τοῖς
3218 2636 3426 2695 πιστῶς
3484 2650 3803 2708 προσερχο-

2149 2726 2336 2800 μᾷνοις
2367 2723 2514 2797 αὖτῷ
2547 2725 2714 2801 μέχρι
2744 2730 2846 2794 τῆς
2887 2725 3154 2798 σήμερον.

2700 2885 2883 2943 MHNI
2927 2889 3011 2966 τᾳ
3050 2888 3242 2965 Ana.

2914 2985 3022 3044 KB'

2147 3101 2357 3175 Μνήμη
2443 3103 2543 3156 τοῦ
2626 3099 2789 3176 ἁγίου
2838 3098 3232 3176 ΔἈρτέμωνος
3317 3095 3617 3156 ἆπισκὸπου
3703 3103 3804 3156 Σε-

2838 3171 3106 3234 λευκείας.

2220 3272 2505 3347 ’Δρτὲμων
2548 3273 2575 3328 ὁ
2640 3274 2907 3347 μακάριος
2963 3272 3063 3341 τήν
3122 3268 3442 3326 Σελεύκειαν
3498 3265 3660 3346 ἔσχεν
3711 3269 3802 3327 καὶ

2151 3358 2502 3435 πατρίδακαὶ
2535 3359 2722 3425 πόλιν,
2765 3361 2841 3424 ὡς
2893 3359 2948 3416 iv
3006 3359 3144 3434 αὐτῇ
3201 3361 3291 3416 καὶ
3351 3360 3652 3437 γεννηθείς,
3711 3359 3799 3415 καὶ

2149 3449 2488 3524 ἀνατραφείς.
2549 3453 2662 3508 Τοὖ
2719 3446 2777 3504 δὲ
2838 3450 3107 3526 μακαρίου
3173 3447 3396 3505 Παύλου
3477 3449 3545 3505 τὰ
3629 3448 3802 3505 ἐκεῖσε

2147 3534 2572 3609 καταλαϐόντος,
2629 3537 2840 3616 ἐγένετο
2927 3538 3136 3594 ἐκείνου
3197 3541 3473 3612 μαθητὴς,
3544 3541 3661 3594 εἶτα
3711 3539 3801 3594 καὶ

2145 3626 2442 3690 ἐπίσκοπος
2490 3635 2591 3698 τῆς
2643 3629 2813 3691 αὐτῆς
2868 3627 3086 3690 πόλεως
3149 3627 3491 3697 Σελευκείας,
3548 3625 3806 3684 διδασκα-

2147 3717 2244 3780 λός
2273 3740 2332 3774 τε
2359 3723 2458 3774 τοῦ
2491 3719 2651 3786 λαοῦ,
2701 3718 2791 3774 καὶ
2834 3721 3003 3796 κῆρυξ
3051 3725 3150 3790 τῆς
3209 3719 3496 3790 ἀληθείας.
3543 3719 3802 3792 Θαύματα

2147 3805 2204 3862 δὲ
2229 3807 2418 3864 πολλᾶ
2455 3811 2715 3879 ποιήσας,
2777 3807 2874 3864 οὐκ
2931 3807 3158 3885 ὀλίγους
3219 3814 3325 3864 τῶν
3377 3807 3798 3883 εἶδωλολατρῶν

2144 3898 2251 3954 ἀπὸ
2281 3906 2380 3969 τῆς
2411 3897 2626 3970 πλάνης
2673 3897 2995 3976 ἐπιστρέψας
3054 3900 3190 3975 πρὸς
3247 3899 3338 3953 τὸν
3391 3899 3614 3971 Κύριον,
3662 3900 3797 3972 Χρι-

2145 3987 2393 4052 στιανοὺς
2429 3987 2517 4044 διὰ
2555 3992 2652 4044 τοῦ
2713 3988 2884 4057 θείου,
2943 3989 3033 4044 καὶ
3082 3985 3406 4059 πανσέπτου,
3465 3985 3556 4040 καὶ
3612 4007 3790 4057 σωτη-

2145 4077 2381 4154 ρεώδους
2465 4080 2843 4155 βαπτίσματος
2933 4077 3178 4149 ἐποίησε.
3265 4077 3396 4134 Καὶ.
3441 4077 3575 4151 μετὰ
3629 4080 3795 4133 ταῦτα

2145 4163 2383 4231 εὐσεϐῶς
2440 4168 2528 4224 καὶ
2586 4171 2886 4246 θεαρὲστως
2949 4171 3048 4239 τήν
3135 4165 3565 4243 ὲγχειρισθεῖσαν
3651 4166 3799 4240 αὖτῷ

2142 4259 2389 4332 ποίμνην
2424 4255 2641 4327 ἰθύνων,
2671 4257 2760 4312 καὶ
2793 4258 2891 4326 τήν
2925 4257 3257 4327 Ἐκκλησίαν
3303 4251 3698 4332 διακυϐερνῶν,
3730 4256 3798 4327 ἦν

2139 4354 2271 4404 πᾶσι
2328 4355 2446 4411 τοῖς
2505 4349 2695 4425 χρείαν
2752 4342 2944 4423 ἔχουσι
3004 4347 3176 4421 λιμήν
3246 4349 3540 4424 σωτήριος,
3601 4351 3796 4423 χηρῶν

2140 4440 2474 4512 προστάτης,
2520 4439 2768 4516 ὀρφανῶν
2837 4436 3219 4513 ἀντιλήπτιυρ,
3283 4443 3528 4514 πτωχῶν
3561 4437 3650 4493 καὶ
3699 4457 3799 4492 πε-

2140 4530 2320 4599 νήτων
2354 4527 2619 4604 χορηγός.
2654 4530 2741 4586 Ἐν
2772 4529 2990 4591 τούτοις
3024 4526 3082 4584 δὶ
3111 4525 3478 4598 πολιτευθεὶς,
3519 4525 3610 4583 καί
3657 4526 3795 4582 κατὰ

367 4633 507 4673 eum
538 4619 708 4675 latus
734 4621 797 4674 in
827 4617 1122 4690 profunda
1154 4620 1462 4672 senectute
1483 4613 1777 4687 migravit,
1810 4611 2028 4686 sempi-

2152 4618 2313 4709 πάντα
2341 4617 2468 4674 Θεὸν
2503 4616 2852 4694 θεραπεύσας,
2913 4617 2967 4709 ἐν
3021 4617 3168 4693 γήρᾳ
3224 4617 3384 4693 βαθεῖ
3438 4617 3576 4695 πρὸς
3625 4613 3789 4672 αὐτὸν

371 4712 606 4764 ternam
635 4711 813 4764 vitam
845 4712 1223 4764 consecutus.

443 4798 515 4853 Et
543 4803 846 4853 certamen
870 4795 1227 4851 sacrosancti
1251 4787 1528 4867 martyris
1550 4793 1754 4851 Basilii
1785 4791 2033 4868 presby-

375 4886 487 4942 teri
518 4889 970 4959 Ancyranorum
1005 4884 1303 4940 Ecclesim.

937 5004 1179 5060 EODEM
1221 5002 1473 5058 MENSE.

889 5121 992 5176 Die
1023 5119 1306 5176 vicesima
1339 5118 1515 5174 tertia

374 5243 658 5298 Certamen
699 5237 1037 5292 sacrosanrti
1093 5233 1354 5301 martyris
1411 5232 1648 5288 Niconis.
1711 5239 1762 5284 et
1817 5235 2035 5285 con/um

602 5311 911 5379 nonaginta
941 5323 1132 5363 novem
1161 5307 1433 5359 sociorum
1465 5308 1788 5370 martyrum.

445 5482 548 5537 Hic
577 5480 943 5552 temporibus
970 5475 1270 5542 Quintiani
1305 5471 1564 5544 prmlecti
1601 5472 1729 5535 fuit,
1764 5473 2032 5543 Neapoli-

370 5576 510 5626 tana
541 5589 605 5626 ex
643 5573 881 5643 regione
915 5566 1226 5624 oriundus.
1260 5571 1447 5618 matre
1477 5562 1832 5626 Christiana,
1869 5570 2032 5634 patre

367 5677 504 5712 vero
534 5663 731 5716 Graeco
764 5667 958 5715 natus.
995 5671 1134 5711 Lum
1169 5663 1368 5710 autem
1412 5653 1718 5719 militaret,
1770 5659 1828 5708 et
1874 5654 2030 5726 peri-

373 5746 647 5804 culosum
678 5757 981 5806 certamen
1008 5746 1278 5816 instaret,
1327 5742 1580 5818 graviter
1609 5743 2032 5817 ingemiscens,

2143 4704 2446 4782 ἰξεδήμησε
2477 4707 2690 4783 χαίρων
2720 4701 3017 4763 ἀπολαϐὼν
3051 4707 3198 4777 ζωὴν
3229 4705 3473 4766 αίώνιον.

2213 4797 2313 4854 Καὶ
2370 4795 2602 4868 ἄθλησις
2659 4801 2758 4853 τοῦ
2815 4797 2972 4872 ἁγίου
3040 4797 3446 4872 ίερομάρτυρος
3511 4793 3798 4854 Βασιλείου

2141 4880 2508 4962 πρεσϐυτίρου
2537 4893 2638 4958 τῆς
2669 4887 3011 4962 Ἀγκυρανῶν
3055 4885 3407 4957 Ἐκκλησίας.

2694 4996 2877 5054 MHNl
2915 5001 3004 5053 ΤΩ
3041 4995 3241 5053 ΑΥΤΩ.

2910 5115 3011 5171 Kl“

2142 5231 2412 5316 ’Δθλησις
2467 5234 2568 5316 τοῦ
2640 5230 2799 5316 ἁγίου
2871 5231 3281 5316 ,ἱερομάρτυρος
3337 5227 3666 5316 ,Νίκωνοςη
3704 5228 3797 5316 καὶ

2215 5308 2322 5359 τῶν
2380 5302 2525 5376 ,σὺν
2635 5302 2786 5376 αὐτῷ
2867 5302 3097 5359 ἑκατὸν’
3166 5302 3523 5373 ἐννενήκοντα
3649 5302 3798 5358 ὲννὲα

2217 5375 2524 5450 μαρτύρων.

2215 5474 2389 5536 Οὗτος
2453 5475 2699 5550 ὑπῆρχεν
2753 5474 2889 5529 κατὰ
2961 5472 3090 5536 τοὺς
3149 5471 3373 5544 καιροὺς
3449 5474 3802 5530 Κουϊντιανοῦ

2142 5563 2438 5639 ἡγεμόνος,
2473 5565 2532 5618 ἐκ
2578 5571 2677 5632 τῆς
2728 5564 2917 5638 χώρας
2976 5567 3083 5617 τῶν
3146 5562 3531 5631 Νεαπνιλιτῶν,
3591 5561 3803 5635 μητρὸς

2147 5655 2242 5727 μὶν
2300 5658 2652 5724 Χιῐιστιανῆς,
2712 5652 2913 5728 πατρὸς
2975 5648 3033 5706 δὲ
3088 5651 3389 5722 ’Έλληνος.
3445 5649 3799 5727 Στρατευθεῖς

2144 5738 2222 5813 δὶ,
2280 5741 2368 5797 καὶ
2437 5739 2513 5805 εἷς
2575 5741 2810 5819 ἀνάγκην
2869 5738 3124 5814 πολέμου
3182 5739 3445 5818 εὑρεθεὶς,
3512 5739 3602 5796 καὶ
3659 5735 3796 5818 βαθὺ
