4132 6424
1826 385 2198 483 MARTIUS.

3633 417 3759 480 3“

303 549 576 626 στενάξας,
631 553 730 610 καὶ
788 554 983 610 εἰπών’
1046 555 1206 630 Κόριε
1263 557 1444 625 Ἰησοῦ
1502 554 1723 630 Χριστὶ,
1772 554 1800 608 6
1849 553 1981 616 Θεὸς

2110 555 2229 610 ait:
2264 555 2516 610 Domine
2541 553 2676 610 Jesu
2708 550 2958 617 Christe,
2992 551 3146 608 Deus
3175 551 3386 608 matris
3443 567 3612 612 mem.
3655 551 3764 608 ad-

302 652 404 714 τῆς
438 643 658 716 μητρός
694 667 828 717 μου,
867 647 1059 721 βοήθει
1108 668 1226 719 μοι,
1275 645 1688 721 ἠνδραγαθησεν
1721 645 1987 721 ἰσχυρῶς.

309 736 445 792 Εῗτα
502 734 876 809 ὑποστρέψας,
939 737 1024 792 καὶ
1087 736 1480 810 συνταξάμενος
1522 739 1592 808 τῇ
1640 735 1836 807 μητρὶ,
1886 754 1992 788 κα-

315 818 540 880 τέλαϐεν
579 824 687 878 ὑπὸ
731 824 976 898 ἀγγέλου
1007 824 1318 902 ἐπιφανείας
1362 826 1425 879 τὸ
1479 819 1608 899 ὅρος
1664 827 1762 878 τοῦ
1798 822 1992 877 Γάνου·

325 915 413 968 καὶ
467 911 635 988 εὖρὼν
698 912 996 970 ἐπίσκοπον
1024 911 1077 969 ἐν
1118 917 1197 985 τῷ
1229 911 1512 987 σπηλαίῳ,
1572 909 1867 982 ἐϐαπτισθη
1904 912 1991 966 ὑπ’

329 1003 507 1064 αὐτοῦ,
539 1003 627 1058 καὶ
691 998 906 1074 ἔμεινεν
957 1003 1069 1058 ἐκεῖ
1119 999 1247 1058 ’δίκα
1297 999 1416 1072 ἔτη,
1467 1001 1555 1056 καὶ
1592 1005 1989 1076 χειροτονεῖται

328 1092 414 1146 ὑπ’
471 1091 637 1146 αὐτοῦ
695 1089 1017 1154 ἐπίσκοπος.
1109 1092 1239 1148 Εἶτα
1321 1088 1636 1167 παρέδωκεν
1695 1089 1843 1162 αὐτῷ
1899 1089 1987 1143 καὶ

322 1179 604 1257 μοναχοὺς
681 1181 775 1235 τὸν
858 1181 1091 1255 ἀριθμὸν
1170 1179 1361 1236 ἱκατὸν
1419 1179 1743 1250 ἐνενήκοντα
1817 1175 1988 1234 ἐννὲα·

316 1269 406 1325 καὶ
439 1266 621 1331 οὕτως
680 1267 999 1342 ἐτελειώθη.
1053 1269 1231 1333 Αὐτὸς
1288 1266 1346 1325 δὲ
1397 1267 1559 1346 γνοὺς
1589 1266 1658 1323 δι’
1706 1265 1988 1323 ἀποκαλῦ-

307 1362 482 1432 ψεως,
537 1357 624 1413 ὅτι
689 1358 883 1431 μέλλει
945 1357 1049 1415 ὑπὸ
1105 1362 1214 1414 τῶν
1287 1357 1454 1414 ἐθνῶν
1512 1359 1872 1435 ἀφανισθῆναι
1925 1357 1988 1412 τὸ

306 1445 370 1525 ὄρ
388 1469 463 1520 ›ς,
499 1444 838 1524 παραλαϐὼν
891 1446 1016 1509 τοὺς
1068 1447 1372 1521 μοναγοὺς,
1425 1448 1667 1517 ἀπῆλθεν
1711 1445 1787 1510 εἷς
1822 1450 1988 1504 Μυτι-

309 1537 521 1608 λήνην,
585 1537 700 1593 εἶτα
756 1544 834 1599 είς
893 1536 1148 1593 Ἰταλίαν.
1213 1538 1374 1594 Ἐνθα
1427 1537 1514 1592 καὶ
1577 1535 1807 1612 εὖροῦσα
1864 1536 1990 1591 ἒαυυ

319 1627 413 1681 τὸν
473 1629 509 1696 ἡ
572 1627 758 1701 μήτηρ
819 1626 1010 1696 αὐτοῦ,
1085 1625 1176 1680 καὶ
1246 1625 1598 1697 ἀσπασαμένη
1679 1623 1988 1701 παραυτίκα

324 1714 693 1786 ἐτελεῦτησεν.
744 1714 1030 1771 Ἀπελθὼν
1094 1712 1152 1770 δὶ
1199 1714 1276 1777 εἰς
1326 1713 1390 1770 τὸ
1428 1713 1798 1789 Ταυρομενίου
1830 1711 1984 1789 ὅρος,

320 1803 558 1878 κατῴκει
592 1805 722 1878 μετά
758 1808 869 1860 τῶν
933 1805 1192 1878 μαθητῶν
1251 1803 1437 1860 αὖτοῦ.
1492 1805 1598 1860 Καὶ
1657 1801 1988 1866 ἀποστείλας

323 1893 353 1948 ὀ
387 1893 596 1970 ἅρχων,
625 1895 715 1950 καὶ
746 1896 1021 1971 κρατήσας
1052 1893 1272 1966 αὐτοὺς,
1302 1892 1714 1971 ἀπεκεφάλισεν.

390 2073 494 2129 Καὶ
527 2072 763 2145 ἄθλησις
793 2077 892 2130 τοῦ
925 2073 1085 2150 ἁγίου
1120 2074 1396 2150 μάρτυρος
1428 2071 1718 2144 Δομετίου.

385 2251 660 2324 Δομέτιος
723 2252 752 2306 ὁ
814 2255 914 2309 τοῦ
968 2254 1206 2325 Χριστοῦ
1265 2249 1473 2326 μάρτυρ
1529 2249 1598 2320 ἦν
1653 2252 1747 2324 μὶν
1781 2249 1870 2306 ἐπὶ
1895 2271 1988 2306 τυ-

301 2332 581 2416 ⁹ριαννίσέἱος
637 2340 943 2396 Ἰουλιανοῧ
995 2343 1090 2395 τοῦ
1149 2335 1492 2416 Παραϐάτου,
1553 2338 1614 2394 ἐκ
1666 2343 1766 2405 τῆς
1800 2339 1987 2416 χώρας

316 2429 587 2506 Φρυγίας.
647 2430 821 2506 Ὁρῶν
882 2426 940 2485 δὲ
994 2428 1120 2492 τοὺς
1179 2427 1573 2502 προκειμένους
1621 2432 1702 2500 τῷ
1742 2431 1988 2504 τυράννῳ

316 2519 573 2583 πολλοὺς
606 2515 784 2587 ὄντας,
815 2519 906 2575 καὶ
953 2520 1071 2574 καθ’
1103 2518 1330 2588 ἑκάστην
1383 2519 1864 2594 προστιθεμένους,
1896 2517 1988 2574 καὶ

317 2610 699 2682 ἀρνουμὶνους
757 2609 853 2682 μὶν
927 2609 1022 2663 τὸν
1104 2608 1364 2684 Χριστὸν,
1431 2611 1869 2682 προσκυνοῦντας
1932 2604 1989 2663 δὲ

309 2703 434 2760 τοῖς
499 2695 782 2765 εἷδώλοις,
842 2693 1150 2774 ἐδυσφόρει,
1209 2697 1301 2750 καὶ
1353 2696 1673 2771 ἠγανάκτει,
1713 2696 1804 2751 καὶ
1837 2694 1986 2770 Λύπῃ

309 2787 509 2862 πολλῇ
541 2808 846 2865 συνειχετο.
906 2789 994 2844 Ἐν
1061 2791 1160 2860 μιᾷ
1218 2784 1308 2842 οὖν
1371 2792 1476 2841 τῶν
1531 2789 1779 2862 ἡμερῶν,
1817 2788 1986 2842 ἱππο-

317 2877 557 2953 δρομίας
618 2879 1076 2952 ἐπιτελουμένης,
1127 2877 1218 2933 καὶ
1291 2879 1476 2943 θυσίας
1535 2883 1987 2957 προσφερομένης

310 2977 435 3034 τοῖς
498 2973 830 3046 ἀκαθάρτοις
892 2967 1136 3044 δαίμοσι,
1195 2969 1303 3045 οὐχ
1363 2969 1665 3042 ὑπέμεινεν
1713 2968 1860 3024 ἀλλὰ
1892 2975 1987 3040 ζη-

323 3061 513 3124 λώσας
573 3059 732 3134 ζήλῳ
790 3061 976 3133 θεϊκῷ,
1037 3057 1164 3130 ἔστη
1227 3059 1389 3133 μέσον
1447 3063 1544 3114 τοῦ
1602 3061 1850 3132 θεάτρου,
1897 3061 1988 3114 καὶ

324 3150 534 3227 μεγάλῃ
570 3154 726 3230 φωνῇ
769 3149 861 3206 τόν
911 3170 970 3205 τε
1025 3148 1331 3214 ἀποστάτην
1392 3147 1687 3205 Ἰουλιανὸν
1721 3149 1988 3224 ἀνεθεμά-

314 3261 459 3306 τισε,
517 3239 616 3295 καὶ
668 3239 801 3302 τοὺς
858 3231 1401 3313 εἶδωλολαιὲροῦντας
1443 3235 1714 3309 διὲπτυσε,
1742 3237 1833 3294 καὶ
1862 3237 1992 3302 τοὺς

2096 644 2238 716 juva
2267 659 2362 699 me
2387 661 2399 698 :
2429 649 2606 714 atque
2637 642 2721 698 ita
2741 643 2862 697 viro
2885 642 3021 697 furti
3055 640 3234 715 digna
3267 642 3530 698 facinora
3551 641 3759 698 edidit.

2103 734 2314 789 Postea
2336 749 2626 790 reversus.
2649 748 2781 787 cum
2805 731 2878 787 de
2904 732 3208 804 proposito
3231 749 3338 787 suo
3360 737 3614 787 matrem
3639 747 3766 787 cer-

2104 822 2313 877 tiorem
2347 821 2608 888 fecisset,
2640 819 2713 875 ab
2743 820 2953 893 angelo
2986 820 3096 875 sibi
3127 827 3452 892 apparente
3492 819 3763 888 edoctus,

2102 911 2177 967 ad
2204 911 2349 968 Cani
2402 916 2664 968 montem
2718 909 3016 981 profectus
3073 915 3182 964 est.
3229 908 3311 964 lbi
3363 911 3424 965 in
3474 909 3763 983 spelunca

2102 1000 2445 1072 episcopum
2470 998 2781 1067 nactus,ab
2806 1015 2994 1070 eoque
3018 998 3365 1070 baptizatus,
3397 999 3760 1056 decennium

2099 1090 2323 1150 mansit
2373 1106 2442 1146 ac
2474 1089 2715 1148 demum
2742 1088 3055 1160 episcopus
3087 1088 3160 1144 ab
3192 1087 3401 1144 eodem
3446 1088 3760 1146 ordinatus

2098 1178 2228 1234 fuit.
2254 1179 2523 1234 Posthzec
2549 1178 2862 1234 monachis
2886 1194 3135 1234 numero
3157 1185 3397 1234 centum
3427 1179 3756 1250 nonaginta

2098 1285 2308 1326 novem
2341 1269 2657 1341 prafectus
2687 1267 2760 1326 ab
2794 1267 3003 1324 eodem
3034 1267 3164 1322 fuit.
3200 1268 3294 1323 Sic
3323 1274 3521 1324 autem
3571 1268 3754 1330 ﬁnem

2097 1358 2329 1414 vivendi
2355 1358 2514 1414 fecit.
2548 1359 2692 1414 Cum
2726 1358 2884 1414 enim
2915 1357 3116 1414 divina
3144 1357 3505 1414 revelatione
3535 1372 3756 1431 cogno-

2099 1448 2300 1518 visset,
2334 1464 2369 1506 a
2386 1448 2714 1515 gentilibus
2733 1453 2997 1504 montem
3020 1464 3151 1503 esse
3181 1447 3555 1516 vastandum,
3586 1463 3757 1507 acce-

2097 1537 2216 1610 ptis
2241 1537 2905 1609 monachis,Mitylenen
2927 1536 3370 1603 discessit,inde
3394 1537 3455 1592 in
3483 1536 3716 1593 Italiam
3740 1551 3757 1592 :

2097 1626 2199 1682 ubi
2229 1643 2366 1682 cum
2389 1633 2643 1684 matrem
2675 1627 3000 1692 invisisset,
3025 1631 3204 1698 atque
3229 1625 3555 1684 demortua)
3578 1626 3759 1681 funus

2098 1720 2386 1782 curasset,
2416 1714 2478 1772 in
2508 1715 2886 1772 Tauromenii
2918 1720 3186 1773 montem
3234 1713 3492 1784 transiit,
3551 1713 3754 1787 ibique

2096 1819 2234 1860 cum
2266 1803 2578 1875 discipulis
2608 1804 2732 1860 suis
2763 1803 3066 1860 habitavit.
3101 1804 3339 1860 Mittens
3371 1807 3574 1861 autem
3602 1818 3756 1878 prm-

2098 1909 2212 1962 ses,
2248 1909 2471 1964 eosque
2503 1892 3038 1965 comprehendens,
3071 1891 3404 1956 decollavit.

2289 2088 2391 2146 28
2418 2089 2482 2148 Et
2509 2093 2788 2146 certamen
2815 2091 2993 2146 sancti
3018 2091 3278 2158 maityrt‘s
3303 2090 3560 2147 Dometii.

2171 2258 2476 2314 Dometius
2507 2257 2723 2315 Christi
2755 2263 3000 2331 martyr,
3033 2257 3413 2330 tyrannidem
3442 2263 3754 2314 exercente

2095 2347 2329 2405 Iuliano
2361 2353 2665 2419 Apostata,
2698 2348 2810 2406 fuit
2840 2365 2909 2408 ex
2957 2349 3212 2421 Phrygia
3259 2347 3550 2415 oriundus
3586 2364 3598 2402 :
3653 2347 3756 2419 qui

2095 2454 2233 2493 cum
2263 2437 2485 2495 videret
2512 2438 2732 2496 multos
2756 2455 2904 2495 esse.
2932 2437 3032 2510 qui
3061 2445 3313 2511 tyranno
3361 2437 3756 2505 adhaarerent,

2095 2533 2155 2584 et
2184 2527 2447 2600 quotidie
2478 2529 2710 2584 Christo
2740 2529 3178 2594 renuntiantes,
3211 2527 3372 2586 idola
3417 2527 3758 2584 adorarent.

2096 2619 2480 2673 vehementer
2510 2618 2787 2682 indoluit,
2821 2624 2881 2676 et
2910 2619 3183 2678 anxiatus
3217 2623 3304 2674 est
3343 2618 3566 2686 animo,
3620 2634 3758 2690 gra-

2096 2708 2267 2779 vique
2301 2724 2550 2763 mmrore
2582 2709 2987 2766 contristatus.
3019 2709 3200 2783 Igitur
3224 2707 3481 2779 quadam
3504 2707 3598 2762 die
3621 2725 3757 2764 cum

2097 2802 2405 2867 equestres
2435 2795 2560 2850 ludi
2603 2803 2940 2870 agerentur,
2975 2802 3034 2851 et
3080 2797 3331 2869 impuris
3380 2797 3756 2853 daemonibus

2096 2887 2456 2940 offerrentur
2469 2884 2911 2948 sacriﬁcia,non
2935 2886 3126 2956 potuit
3144 2886 3404 2957 seipsum
3422 2886 3755 2954 continere,

2097 2973 2242 3044 quin
2265 2973 2463 3029 divino
2484 2973 2605 3028 zelo
2634 2972 3060 3030 inﬂammatus.
3087 2973 3147 3028 in
3172 2973 3434 3029 medium
3457 2973 3758 3030 theatrum

2097 3064 2386 3136 prodiret,
2420 3071 2479 3119 et
2507 3081 2722 3137 magna
2746 3081 2885 3120 voce
2913 3063 3214 3120 Julianum
3247 3063 3487 3135 quidem
3519 3069 3760 3136 aposta-

2097 3161 2218 3210 tam
2250 3153 2396 3210 diris
2427 3154 2757 3222 devoveret,
2819 3153 3115 3210 idolorum
3158 3170 3294 3209 vero
3347 3152 3607 3209 cultores
3657 3153 3760 3208 de-

2099 3259 2345 3316 spuens,
2374 3243 2523 3299 falso
2557 3243 2746 3299 dictos
2777 3241 2921 3299 deos
2952 3242 3366 3299 subsannaret.
3391 3241 3763 3315 Quapropter

319 3328 724 3405 ψευδωνύμους
776 3327 932 3392 θεοὺς
986 3325 1318 3402 ἐχληύασεν.
1382 3326 1680 3402 Κρατηθεῖς
1737 3328 1849 3396 οὖν,
1898 3329 1987 3382 καὶ

2106 3333 2589 3404 comprehensus,
2618 3332 2902 3404 durisque
2921 3332 3174 3388 vinculis
3203 3332 3586 3393 constrictus.
3613 3347 3763 3402 prm-

317 3420 496 3485 δεθεὶς
555 3415 838 3497 ἀσιραλῶς,
891 3415 1166 3492 παρεδόθη
1224 3422 1304 3491 τῷ
1359 3418 1614 3493 ἄρχοντι,
1652 3416 1741 3472 καὶ
1774 3415 1987 3481 πολλάς

331 3509 603 3584 βασάνους
672 3505 934 3578 ὑποστάς,
1011 3504 1344 3576 ἀπεκλείσθη
1410 3505 1486 3567 είς
1547 3503 1822 3584 φυλακήν.
1886 3505 1988 3563 Καὶ

335 3597 475 3670 μετα
506 3595 693 3668 ὀλίγας
723 3596 933 3670 ἡμέρας
981 3601 1082 3664 τῆς
1137 3593 1392 3673 φυλακῆς
1422 3590 1736 3665 ἐκϐληθεὶς,
1768 3595 1858 3650 καὶ
1889 3616 1985 3650 κα-

328 3685 711 3758 ταναγκασθεῖς
764 3685 1100 3759 ἀρνήσασθαι
1153 3685 1246 3739 τὸν
1294 3684 1551 3759 Χριστὸν,
1609 3685 1700 3738 καὶ
1754 3685 1829 3759 μή
1860 3705 1983 3739 πει-

334 3777 507 3844 σθεῖς,
538 3773 668 3852 ξίφει
693 3777 788 3844 τήν
821 3775 968 3850 ἱεράν
994 3772 1157 3829 αὐτοῦ
1187 3773 1432 3854 κεφαλὴν
1465 3774 1771 3846 ἀπιτυήθη.

862 3913 1036 3965 nam
1095 3910 1188 3987 T9
1242 3909 1449 3987 ΔΥΤῼ.

1111 4031 1215 4084 ΚΔ¹

325 4149 601 4220 Ἀθλησις
628 4152 739 4203 τῶν
773 4147 937 4226 ἁγίων
973 4146 1264 4226 τριάκοντα
1293 4143 1452 4201 πὲντε
1484 4146 1774 4222 μαρτύρων
1799 4150 1908 4205 τῶν
1936 4145 1987 4202 ἐν

1011 4216 1318 4295 Καισαρείᾳ.

403 4373 500 4426 Καὶ
563 4371 713 4426 οὗτοι
773 4371 827 4425 οἱ
878 4370 1022 4448 ἅγιοι
1079 4369 1373 4445 τριάκοντα
1415 4366 1573 4424 πέντε
1601 4369 1868 4446 μάρτυρες
1895 4375 1994 4426 τοῦ

327 4464 574 4537 Χριστοῦ
613 4459 664 4515 ἐν
722 4459 1015 4535 Καισαρείᾳ
1068 4459 1166 4527 τῆς
1228 4455 1598 4527 Παλαιστίνης
1630 4458 1991 4534 ὑπάρχοντες,

324 4547 520 4620 ἐπειδὴ
582 4547 761 4624 δόγιια
836 4547 1194 4626 κατεπέμορθη
1275 4548 1424 4619 παρὰ
1481 4551 1576 4602 τοῦ
1634 4545 1864 4614 ἀσεϐοῦς
1902 4551 1992 4606 καὶ

323 4641 655 4715 παρανόμου
685 4638 1011 4708 Ἱουλιανοῦ,
1068 4637 1391 4700 κελεύοντος
1443 4637 1536 4691 τὸν
1600 4637 1694 4709 μὶν
1752 4641 1992 4714 Χριστὸν

2097 3423 2210 3478 sidi
2259 3423 2556 3478 traditur:
2617 3423 2941 3493 multisque
2995 3422 3309 3477 tormentis
3359 3421 3648 3487 toleratis,
3695 3421 3761 3476 in

2097 3527 2397 3567 carcerem
2422 3509 2779 3565 detruditur.
2804 3509 2970 3565 Unde
2994 3511 3199 3582 paucis
3223 3516 3356 3582 post
3385 3509 3597 3566 diebus
3619 3508 3763 3564 edu-

2098 3605 2248 3660 ctus.
2283 3600 2760 3670 sollicitatusque
2793 3599 3094 3654 Christum
3147 3601 3464 3672 abnegare,
3517 3613 3651 3654 cum
3702 3597 3763 3652 id

2096 3690 2289 3745 facere
2329 3687 2738 3757 detrectasset,
2772 3704 3008 3744 sacrum
3040 3689 3092 3744 ei
3125 3694 3303 3761 caput
3329 3688 3527 3762 gladio
3550 3703 3762 3760 ampu-

2096 3785 2287 3836 tatum
2320 3785 2427 3838 est.

2653 3915 2897 3972 EODEM
2935 3915 3187 3972 MENSE.

2579 4032 2683 4088 Die
2713 4033 2999 4089 vicesima
3029 4036 3261 4105 quarta.

2103 4176 2396 4236 Certamen
2452 4181 2771 4232 sanctorum
2785 4171 3068 4302 σει-ἰσίκια
3141 4175 3387 4249 quinque
3441 4180 3758 4246 martyrum

2825 4261 3073 4302 aesareae.

2825 4261 3054 4305 ἀεεανεαε
3062 4290 3073 4302 .

2174 4381 2242 4435 Hi
2299 4395 2539 4452 quoque
2597 4379 2787 4436 sancti
2845 4378 3092 4450 triginta
3146 4378 3414 4449 quinque
3471 4381 3766 4449 martyres

2103 4469 2318 4529 Christi
2343 4470 2623 4525 Cmsarem
2652 4468 2713 4525 in
2737 4468 3054 4524 Palmstina
3071 4467 3451 4524 claruerunt:
3477 4467 3576 4538 qui
3600 4471 3767 4537 post-

2105 4577 2286 4634 quam
2320 4559 2650 4624 decretum,
2683 4575 2800 4629 quo
2832 4573 3041 4614 omnes
3073 4556 3440 4628 jubebantur
3467 4555 3768 4614 Christum

2105 4652 2421 4724 abnegare,
2457 4653 2516 4702 et
2542 4647 2684 4702 deos
2715 4647 3028 4720 gentilium
3060 4647 3330 4711 adorare,
3364 4645 3437 4703 ab
3495 4645 3678 4716 impio
3709 4648 3772 4702 et

325 4712 659 4799 ἀθετεῖσθαι,
719 4729 850 4791 τοὺς
909 4726 968 4784 δὲ
1025 4726 1316 4798 Ἔλλήνων
1373 4725 1528 4790 θεοὺς
1558 4712 1992 4801 προσκυνεῖσθαι,

2109 4741 2399 4796 scelerato
2424 4737 2658 4793 Juliano
2683 4737 3121 4809 promulgatum
3153 4742 3263 4802 est,
3289 4753 3408 4791 non
3432 4737 3625 4791 solum
3644 4750 3769 4790 non

330 4820 399 4880 οὗ
446 4841 611 4893 μονον
669 4820 774 4875 οὐκ
831 4818 1155 4887 ἐπείσθησαν
1222 4821 1386 4872 τοῦτο
1445 4820 1697 4885 ποιῆσαι,
1731 4817 1996 4876 ἀλλὰκαὶ

335 4909 848 4985 παρρησιασάμενοι
889 4905 1100 4983 μεγάλῃ
1152 4909 1307 4984 φωνῇ
1354 4905 1452 4961 ἀνά
1498 4909 1672 4960 πᾶσαν
1702 4908 1800 4975 τήν
1833 4909 1997 4965 πόλιν

335 4999 641 5074 περιιόντες
702 4998 910 5074 ελεγον·
971 4996 1201 5073 Χριστὸς
1259 4999 1351 5069 μὲν
1398 4995 1562 5068 μόνος
1596 4996 1670 5059 ὡς
1703 4999 1830 5060 Θεὸς
1861 4998 2001 5070 ἀλη.

340 5091 486 5156 θινὸς
543 5089 798 5164 τιμάσθω
855 5109 914 5144 τε
966 5088 1052 5142 καὶ
1116 5082 1373 5142 σεϐἑσθωσ
1430 5087 1542 5141 θεοὶ
1597 5084 1656 5143 ’δὲ
1704 5087 1755 5143 οἳ
1784 5092 1875 5145 τὸν
1906 5092 2004 5147 οὗ-

338 5183 501 5257 ρανὸν
532 5183 626 5236 καὶ
654 5183 755 5250 τὴν
810 5186 915 5255 γῆν
971 5179 1073 5234 οὐκ
1119 5177 1402 5249 ἐποίησαν,
1449 5176 1839 5237 ἀπολέσθωσαν
1873 5185 2006 5257 μετά

334 5276 443 5327 τῶν
506 5265 819 5343 σεϐομένων
879 5269 1094 5331 αὐτούς.
1158 5267 1528 5344 Κρατηθέντες
1589 5267 1681 5323 οὖν
1743 5269 1846 5326 ὑπὸ
1897 5278 2003 5329 τῶν

2109 4834 2434 4904 potuerunt
2461 4827 2674 4882 adduci
2706 4833 2771 4881 ut
2801 4827 2858 4881 id
2891 4827 3172 4890 facerent,
3226 4825 3331 4881 sed
3379 4825 3558 4882 etiam
3607 4825 3770 4897 inge-

2112 4936 2232 4975 nua
2262 4917 2538 4973 libertate
2571 4922 2898 4987 assumpta.
2932 4934 3038 4987 per
3065 4914 3404 4971 universam
3427 4914 3637 4970 urbem
3663 4912 3774 4968 cir-

2113 5013 2486 5068 cumeuntes.
2519 5022 2736 5079 magna
2767 5022 2906 5060 voce
2940 5005 3257 5061 dicebant:
3291 5004 3560 5060 Christus
3591 5010 3658 5060 ut
3686 5017 3777 5057 ve-

2115 5114 2218 5154 rus
2253 5097 2424 5164 Deus,
2458 5095 2622 5151 solus
2653 5095 2979 5150 honoretur
3010 5102 3068 5151 et
3108 5095 3430 5151 adoretur:
3483 5092 3564 5148 dii
3613 5108 3775 5159 vero,

2117 5188 2218 5262 qui
2251 5186 2466 5242 ccelum
2500 5192 2558 5242 et
2599 5192 2815 5242 terram
2850 5203 2973 5242 non
3003 5186 3295 5252 fecerunt,
3349 5187 3596 5255 pereant
3639 5196 3776 5236 cum

2120 5276 2401 5333 omnibus
2435 5276 2534 5347 qui
2564 5276 2700 5332 illos
2729 5283 3106 5332 venerantur.
3139 5270 3564 5346 Comprehenai
3598 5270 3779 5343 igitur

329 5351 787 5426 εἰδωλολατρῶν,
847 5347 1230 5424 παρεδόθησαν
1288 5347 1531 5426 φυλακῇ.
1611 5351 1703 5406 καὶ
1755 5372 2010 5427 καταμη-

323 5443 580 5506 νυθίντες
607 5445 690 5512 τῷ
728 5439 1008 5512 ἀποστάτῃ
1059 5441 1156 5492 τοῦ
1212 5441 1454 5510 Χριστοῦ
1486 5436 1796 5512 Ἰουλιανῷ,
1831 5456 2008 5516 παρα-

325 5532 491 5604 νόμῳ
577 5530 868 5603 προστάξει
949 5526 1157 5582 ἐκείνου
1215 5525 1313 5587 τάς
1396 5525 1642 5600 κεφαλάς
1707 5529 2011 5604 προθύμως

326 5622 755 5693 ἀπετμήθησαν,
823 5613 1225 5691 ἀναδραμόντες
1315 5616 1458 5691 πρὸς
1512 5616 1766 5689 Χριστὸν,
1829 5618 1886 5673 δν
1955 5620 2015 5677 ἐκ

334 5711 572 5788 βρέφους
633 5709 1069 5778 ἐπιποθήσαντες
1126 5703 1228 5758 οὐκ
1282 5704 1616 5778 ἠρνήσαντο,
1671 5705 1762 5762 καὶ
1810 5703 2012 5768 ἔλαϐον

322 5803 481 5877 γέρας
518 5797 831 5866 ἀθανασίας.

2119 5367 2192 5424 ab
2227 5365 2582 5427 idololatris,
2618 5371 2677 5420 et
2707 5367 2928 5422 carceri
2974 5365 3210 5430 inclusi,
3264 5380 3330 5419 ac
3390 5359 3572 5417 delati
3621 5357 3778 5430 apud

2122 5463 2453 5532 apostatam
2485 5457 2822 5529 Christique
2854 5457 3273 5527 abnegatorem
3307 5455 3559 5527 impium
3591 5452 3780 5507 Julia-

2122 5563 2268 5602 num
2325 5545 2506 5618 hujus
2538 5547 2817 5603 mandato
2849 5545 3142 5619 capitibus
3168 5544 3450 5600 abscissis
3507 5540 3785 5598 alacriter

2123 5635 2197 5691 ad
2230 5635 2530 5691 Christum
2561 5637 2893 5700 avolarunt,
2925 5650 3102 5708 quem
3133 5633 3205 5689 ab
3237 5633 3488 5688 infantia
3546 5627 3786 5686 deride-

2124 5728 2349 5795 rarant,
2384 5740 2453 5781 ac
2483 5741 2796 5798 nunquam
2828 5727 3224 5798 negaverant:
3277 5727 3454 5795 atque
3501 5721 3584 5778 ita
3633 5733 3789 5794 pra-

2129 5813 2314 5870 mium
2349 5811 2815 5870 immortalitatis
2846 5817 2986 5868 sunt
3016 5811 3342 5869 consecuti.
