4132 6436
378 403 501 486 βω

944 523 1188 580 EODEM
1227 519 1480 576 MENSE.

881 624 987 680 Die
1022 621 1303 679 vicesima
1334 620 1546 691 quinta

619 729 715 784 27
751 724 1116 782 Annuntiatio
1144 722 1504 779 sanctissimae
1533 718 1810 786 Deiparae.

460 849 779 905 Hominum
814 849 1045 901 amator
1092 859 1161 897 ac
1213 840 1556 896 misericors
1605 837 1759 891 Deus
1817 838 2043 899 noster,

393 941 492 1012 qui
519 953 755 1009 semper
776 934 1094 991 sollicitam
1119 929 1366 987 humani
1389 926 1624 1000 generis
1647 941 1851 980 curam
1871 923 2043 994 gerit,

387 1047 520 1086 cum
555 1027 1063 1098 contemplaretur
1093 1022 1419 1082 hominem,
1454 1032 1742 1074 manuum
1803 1028 2046 1069 suarum

394 1120 767 1192 ﬁgmentum,
801 1132 836 1172 a
867 1113 1102 1168 diabolo
1135 1112 1197 1166 in
1225 1108 1566 1165 servitutem
1598 1104 1929 1171 redactum,
1956 1117 2050 1156 vo-

384 1209 500 1264 luit
527 1207 744 1262 Filium
779 1220 952 1259 suum
984 1201 1380 1270 unigenitum,
1415 1195 1734 1252 Dominum
1773 1198 2046 1248 nostrum

381 1298 578 1355 Jesum
599 1296 921 1357 Christum,
947 1293 1203 1356 mittere,
1225 1289 1323 1360 qui
1349 1287 1520 1342 illum
1553 1303 1624 1341 ex
1665 1282 1886 1339 diaboli
1922 1297 2046 1337 ma-

386 1387 564 1442 nibus
595 1385 872 1456 eriperet.
907 1382 1052 1438 Cum
1082 1386 1282 1436 autem
1315 1377 1374 1432 id
1405 1375 1582 1432 vellet
1612 1371 1870 1447 ignorari
1924 1386 2046 1426 non

395 1477 590 1532 solum
614 1492 648 1531 a
667 1475 906 1538 Satano,
933 1471 1036 1527 sed
1062 1471 1243 1525 etiam
1273 1467 1346 1523 ab
1377 1466 1524 1538 ipsis
1563 1463 1903 1520 cmiestibus
1932 1461 2045 1515 vir-

387 1567 636 1632 tutibus,
667 1565 770 1620 uni
805 1559 1297 1634 archangelorum
1330 1556 1586 1629 glorioso
1629 1552 1885 1609 Gabrieli
1935 1550 2048 1604 hoc

389 1672 673 1713 arcanum
708 1652 1029 1710 commisit.
1062 1650 1271 1705 EtTecit
1300 1659 1498 1702 autem
1532 1661 1637 1716 per
1669 1659 1835 1698 suam
1855 1639 2046 1712 provi-

391 1746 677 1804 dentiam.
716 1750 784 1798 ut
814 1747 1019 1797 sancta
1048 1741 1219 1807 Virgo
1251 1754 1400 1808 pura
1431 1741 1488 1790 et
1518 1732 1901 1788 immaculata
1941 1745 2048 1784 na-

394 1843 681 1899 sceretur,
715 1851 846 1904 quin
879 1830 1024 1885 tanti
1057 1829 1196 1883 boni
1230 1827 1410 1897 digna
1439 1825 1610 1878 foret.
1646 1821 1882 1878 Gabriel
1909 1835 2046 1890 ergo

1728 377 2160 445 MENOLOGH
2209 378 2405 441 PARS
2455 378 2564 442 Ill.

2068 523 2117 587 A

2703 511 2887 572 MHNI
2926 517 3015 592 το
3056 514 3246 592 mu.

2929 613 3038 670 KE'

2330 717 2393 776 Ὁ
2421 716 2816 795 εύαγγελισμός
2861 726 2964 789 τῆς
3013 720 3304 797 ὑπεραγίας
3344 720 3638 781 Θεοτόκου.

2221 835 2283 892 Ὁ
2315 834 2706 913 φιλάνθρωπος
2761 836 2852 894 καὶ
2910 838 3167 912 ἰλεήμων
3227 840 3358 903 Θεὸς
3397 843 3584 914 ἡμῶν,
3619 842 3647 897 ὁ
3678 840 3821 898 πάν-

2150 944 2275 979 τοτε
2330 925 2633 1002 φροντίζων
2689 931 2788 982 τοῦ
2838 927 3026 1004 γένους
3079 934 3187 984 τῶν
3237 931 3564 1005 ἀνθρώπων,
3595 933 3815 1007 θεωρῶν

2151 1013 2214 1068 τὸ
2243 1017 2352 1068 τῶν
2411 1020 2615 1090 χειρῶν
2671 1015 2838 1072 αὑτοῦ
2895 1016 3341 1094 πλαστούργημα
3394 1019 3489 1076 τὸν
3525 1018 3814 1096 ἄνθρωπον

2151 1106 2664 1184 καταδουλούμενον
2729 1113 2833 1168 ὑπὸ
2885 1115 2983 1169 τοῦ
3042 1110 3331 1182 διαϐόλου,
3363 1111 3658 1187 ἠϐουλήθη
3697 1115 3820 1188 ἰξα-

2152 1200 2438 1255 ποστεῖλαι
2488 1201 2580 1255 τὸν
2630 1202 2752 1257 Υἱὸν
2787 1203 2955 1258 αὑτοῦ
3009 1204 3101 1258 τὸν
3161 1212 3430 1280 μονογενῆ
3484 1206 3578 1261 τὸν
3613 1203 3818 1282 Κύριον

2153 1291 2315 1362 ἡμῶν
2349 1291 2559 1360 Ἰησοῦν
2610 1291 2865 1367 Χριστὸν,
2915 1290 3359 1368 ἕκλυτρώσασθαι
3408 1294 3567 1350 αὐτὸν
3618 1294 3678 1350 ἐκ
3703 1299 3819 1351 τῶν

2152 1384 2250 1434 τοῦ
2282 1374 2548 1436 διαϐόλου
2577 1386 2804 1457 χειρῶν.
2867 1384 3014 1439 Ἐπεὶ
3077 1381 3135 1439 δὲ
3187 1384 3461 1454 ἠθέλησεν
3509 1386 3571 1442 οὐ
3607 1388 3824 1461 μαθεῖν,

2155 1468 2220 1522 ού
2255 1470 2422 1542 μόνον
2479 1471 2572 1525 τὸν
2631 1477 2895 1542 Σατανᾶν,
2954 1472 3100 1528 αλλὰ
3154 1473 3247 1529 καὶ
3305 1474 3469 1538 αὐτάς
3501 1476 3598 1540 τὰς
3649 1477 3822 1551 οὐρα-

2151 1559 2305 1620 νίους
2367 1556 2649 1632 δυνάμεις,
2709 1559 2788 1615 ἑνὶ
2842 1559 2949 1615 τῶν
3009 1562 3394 1638 ἀρχαγγέλων,
3446 1559 3693 1636 Γαϐριήλ
3736 1569 3819 1637 τῷ

2154 1643 2376 1720 ἐνδόξῳ,
2436 1649 2623 1724 θαρῥεῖ
2673 1650 2735 1704 τὸ
2799 1652 3119 1722 μυστήριον.
3157 1659 3558 1728 Προοίκονομεῖ
3601 1651 3657 1709 δὲ
3688 1675 3815 1728 γεν-

2153 1738 2385 1805 νηθῆναι
2444 1737 2534 1791 καὶ
2590 1739 2690 1805 τὴν
2751 1739 2906 1812 ἁγίαν
2971 1739 3238 1814 Παρθένον
3299 1743 3469 1817 άγνῆν
3528 1742 3617 1797 καὶ
3648 1755 3816 1806 καθα-

2160 1825 2278 1901 ραν,
2314 1825 2390 1888 ὡς
2417 1826 2565 1896 ἀξίαν
2623 1825 2784 1881 οὖσαν
2841 1829 3097 1884 τοιούτου
3153 1829 3346 1888 καλοῦ.
3400 1831 3504 1887 Καὶ
3539 1830 3607 1900 δὴ
3641 1832 3819 1888 ἐλθὼν

390 1925 551 1980 venit
583 1925 640 1977 in
672 1898 884 1978 urbem
919 1922 1162 1975 Nazaret
1191 1915 1573 1988 appellatam,
1609 1911 1822 1982 illique
1855 1909 2005 1964 dixit
2034 1925 2039 1962 :

2159 1898 2460 1990 ὑΓαϐριήλ
2490 1915 2565 1977 είς
2608 1915 2771 1971 πόλιν
2826 1917 3128 1993 λεγομένην
3181 1921 3439 1994 Ναζαρὶτ,
3476 1898 3624 1996 λέγει
3655 1921 3818 1994 αύτῇο

389 2018 526 2076 Ave,
559 2015 747 2083 gratia
785 2012 976 2083 plena,
1032 2009 1289 2062 Dominus
1338 2012 1531 2059 tecum.
1581 2001 1690 2056 llla
1739 2016 1873 2055 vere
1925 1999 2047 2054 ait:

390 2103 669 2170 Quomodo
697 2105 791 2170 ﬁet
843 2099 981 2154 mihi
1027 2096 1228 2152 istud?
1289 2095 1393 2149 Cui
1447 2093 1588 2147 ille:
1640 2092 1882 2160 Spiritus
1929 2104 2046 2144 san-

391 2201 531 2259 ctus,
565 2190 780 2261 inquit,
814 2189 1157 2257 superveniet
1205 2187 1264 2238 in
1314 2191 1384 2247 te,
1437 2189 1487 2237 et
1544 2182 1717 2235 virtus
1775 2178 2051 2233 Altismmi

398 2279 767 2337 obumbrabit.
804 2279 922 2332 tibi.
965 2278 1110 2331 Tum
1158 2275 1311 2329 illa:
1361 2274 1495 2326 Ecce
1551 2268 1755 2325 ancilla
1802 2266 2047 2332 Domini,

394 2376 494 2442 ﬁat
523 2371 663 2425 mihi
691 2368 987 2423 secundum
1041 2365 1264 2420 verbum
1327 2369 1500 2416 tuum.
1561 2361 1685 2425 Quo
1743 2358 1900 2413 dicto
1957 2356 2047 2412 Fi-

389 2461 539 2517 lium
570 2466 629 2514 et
661 2458 911 2513 Verbum
945 2455 1046 2510 Dei
1075 2451 1512 2526 supernaturali
1533 2449 1708 2504 modo
1736 2446 2044 2517 concepit:

389 2556 448 2605 et
477 2555 617 2604 tunc
648 2547 847 2602 omnia
878 2544 1162 2617 mysteria
1212 2543 1310 2596 tiei
1366 2540 1560 2603 Verbi,
1622 2544 1687 2593 ut
1742 2536 2046 2592 hominem

384 2640 575 2706 decet,
601 2655 706 2710 pro
740 2644 945 2691 nostra
971 2635 1160 2689 salute
1191 2631 1438 2702 impleta
1475 2634 1632 2685 sunt.

951 2750 1184 2806 EODEM
1225 2747 1476 2802 MENSE.

913 2850 1014 2904 Die
1045 2848 1324 2903 vicesima
1355 2849 1520 2901 sexta

393 2954 677 3009 Certamen
730 2955 1069 3014 snnctorum,
1120 2948 1217 3073 zui
1273 2947 1333 3000 in
1405 2942 1633 3002 Gotthia
1711 2939 2043 3009 martyrium

1055 3036 1113 3073 su
1161 3022 1362 3072 ierunt.

1055 3022 1362 3074 subierunt.

455 3139 524 3196 Hi
581 3139 842 3203 fuerunt,
902 3134 1262 3208 Vinguricho
1323 3133 1674 3188 Gotthorum
1731 3127 2039 3200 principe:

384 3229 822 3293 Valentiniano,
855 3226 1098 3281 Valente
1130 3241 1197 3279 ac
1229 3223 1503 3278 Gratiano
1536 3219 1819 3276 Romanis
1850 3217 2043 3287 impe-

2158 2006 2348 2078 Χαῖρε,
2407 2012 2853 2080 κεχαριτωμένη,
2913 2009 2941 2060 ὁ
3006 2009 3204 2082 Κύριος
3265 2012 3398 2082 μετὰ
3439 2015 3575 2083 ,σοῦ.
3632 2011 3694 2068 ἹΙ
3759 2007 3818 2066 δὶ

2159 2095 2292 2148 εἴπεο
2328 2093 2430 2149 Καὶ
2463 2099 2578 2156 πῶς
2637 2092 2782 2150 ἔσται
2840 2117 2934 2169 μοι
2990 2101 3192 2167 τοῦτο;
3255 2099 3283 2153 ὁ
3343 2097 3401 2154 δὲ
3439 2098 3563 2176 ἔφη·
3602 2103 3822 2172 Πνεῦμα

2158 2183 2308 2258 ἅγιον
2365 2181 2710 2239 ἐπελεύσεται
2786 2184 2874 2239 ἐπὶ
2953 2186 3030 2254 σε,
3116 2187 3207 2242 καὶ
3286 2185 3513 2260 δύναμις
3569 2189 3823 2262 Ὑψίστου

2157 2270 2453 2328 ἐπισκιάσει
2514 2294 2622 2333 σοι.
2675 2274 2778 2330 Καὶ
2836 2275 3003 2330 εἶπεν·
3066 2273 3204 2333 Ἰδοὺ
3262 2279 3296 2347 ἡ
3360 2275 3536 2348 δούλη
3596 2279 3820 2350 Κυρίου,

2154 2361 2364 2436 γένοιτό
2419 2384 2513 2435 μοι
2571 2363 2708 2418 κατά
2764 2364 2827 2418 τὸ
2884 2365 3038 2441 ῥῆμᾶ
3089 2386 3206 2422 σου.
3268 2367 3372 2424 Καὶ
3413 2369 3526 2441 ἅμα
3552 2372 3633 2440 τῷ
3661 2365 3818 2444 λόγῳ

2157 2446 2418 2536 συνέλαϐε
2467 2452 2559 2508 τὸν
2621 2453 2741 2508 Υἱὸν
2803 2455 2890 2508 καὶ
2952 2456 3130 2529 Λόγον
3185 2459 3282 2510 τοῦ
3341 2460 3476 2511 Θεοῦ
3510 2457 3822 2536 ὑπερφυῶς,

2152 2541 2242 2595 καὶ
2300 2535 2486 2598 ἔκτοτε
2526 2541 2779 2613 ἐτελέσθη
2843 2545 3016 2599 πάντα
3071 2544 3136 2600 τά
3197 2547 3473 2620 μυστήρια
3527 2551 3626 2602 τοῦ
3663 2535 3824 2602 γΘεοῦ

2154 2630 2337 2705 Λόγου
2377 2630 2859 2708 ἀνθρωποπρεπῶς
2892 2632 2970 2698 εἰς
2998 2635 3272 2710 σωτηρίαν
3305 2637 3490 2709 ἡμῶν.

2705 2740 2888 2798 MHNI
2933 2743 3025 2798 ΤΩ
3062 2745 3266 2800 ΑΥΤΩ.

2943 2841 3034 2909 KC’

2261 2926 2536 2999 Ἅθλησις
2562 2932 2669 2984 τῶν
2708 2928 2758 2984 ἰν
2804 2929 2998 3003 Γοτθίᾳ
3031 2931 3494 3009 μαρτυρησάντων
3518 2933 3704 3010 ἁγίων.

2226 3105 2392 3164 Οὗτοι
2444 3107 2698 3184 ὑπῆρχον
2755 3107 2842 3164 ἐπὶ
2903 3107 3313 3188 Ούῖγγουρίχου
3384 3109 3654 3188 ἄρχοντος
3701 3117 3811 3168 τῶν

2152 3196 2392 3266 Γότθων,
2446 3193 2925 3266 Οὐαλεντινιανοῦ,
2984 3201 3076 3256 καὶ
3135 3199 3463 3270 Οὐάλεντος,
3523 3203 3612 3259 καὶ
3673 3209 3814 3280 Γρα-

381 3319 700 3375 ratoribus.
734 3320 878 3373 Cum
909 3323 1108 3371 autem
1139 3329 1350 3368 omnes
1381 3313 1443 3366 in
1475 3310 1727 3366 ecclesia
1755 3305 2039 3362 Christia-

2153 3289 2338 3340 τιανοῦ
2401 3283 2668 3361 βασιλέων
2726 3288 3033 3362 Ῥωμαίων.
3097 3290 3438 3348 Ψαλλόντων
3491 3290 3548 3348 δὲ
3595 3276 3812 3350 πάντων

381 3425 596 3464 norum
631 3407 975 3479 psallerent,
1012 3405 1247 3473 Deoque
1299 3399 1506 3456 laudes
1557 3401 1858 3460 canerent,
1911 3394 2042 3449 mit-

381 3505 514 3555 tens
542 3498 952 3571 Vingurichus,
986 3494 1297 3550 ecclesiam
1321 3487 1912 3557 incendit,simulque
1937 3501 2040 3540 eos

379 3587 724 3645 combussit.
745 3588 904 3641 Tunc
928 3587 1102 3639 etiam
1129 3582 1374 3653 contigit
1394 3578 1692 3635 hominem
1719 3574 2037 3647 quemdam

379 3675 913 3744 Christianum.qui
942 3674 1013 3728 ad
1039 3672 1307 3726 eamdem
1332 3669 1645 3724 ecclesiam
1671 3665 2038 3720 oblationem

380 3765 627 3822 ferebat.
663 3762 1088 3834 comprehendi
1123 3778 1134 3814 :
1171 3761 1594 3828 Christumque
1627 3756 2035 3817 confitentem,

381 3854 442 3908 in
479 3853 681 3925 ignem
716 3853 952 3923 proﬁci,
987 3849 1425 3918 oblationis-que
1478 3846 1577 3902 28
1629 3845 1757 3900 loco
1805 3843 2037 3897 Christo

382 3942 534 3996 ﬁeri.
571 3944 788 3996 [lorum
822 3947 1021 3995 autem
1053 3937 1337 4008 reliquias
1362 3935 1764 4007 collegituxor
1793 3931 2038 3988 alterius

381 4031 694 4102 cujusdam
726 4030 1018 4102 principis
1048 4027 1240 4100 gentis
1273 4025 1644 4091 Gotthorum,
1704 4021 2040 4077 Christiana

380 4125 557 4190 atque
577 4119 1066 4185 orthodoxa,cum
1090 4115 1454 4189 presbyteris
1480 4113 1797 4184 laicisque:
1821 4117 1880 4166 et
1900 4126 2038 4165 suas

379 4209 689 4266 facultates
717 4210 840 4266 filio
873 4208 1322 4278 derelinquens,
1343 4203 1413 4260 de
1447 4202 1576 4258 loco
1607 4202 1666 4256 in
1700 4201 1897 4256 locum
1930 4199 2037 4254 cir-

378 4299 579 4365 cuivit,
612 4298 801 4355 donec
832 4300 893 4354 in
928 4304 1146 4353 terram
1178 4298 1582 4352 Romanorum
1613 4291 1791 4357 venit,
1819 4294 1877 4344 et
1900 4304 2036 4344 cum

377 4407 448 4446 ea
465 4391 590 4446 ﬁlia
611 4391 763 4462 ejus.
791 4389 1012 4446 Deinde
1035 4389 1096 4443 in
1117 4387 1422 4459 propriam
1450 4384 1754 4456 regionem
1767 4395 2037 4454 regressa

376 4485 487 4540 est.
521 4481 872 4552 relinquens
902 4479 1040 4535 filim
1074 4494 1195 4533 suae
1229 4475 1557 4547 reliquias:
1591 4490 1722 4544 qua;
1767 4470 2035 4542 Cyzicum

375 4567 604 4632 abiens,
630 4575 857 4638 partem
882 4569 1146 4639 ipsarum
1192 4564 1411 4620 civitati
1445 4561 1710 4631 tradidit,
1743 4565 1920 4632 atque
1954 4557 2037 4613 ita

375 4655 560 4711 finem
589 4656 819 4712 vivendi
848 4657 1007 4712 fecit.

377 4874 452 4928 Et
497 4879 774 4930 certamen
831 4879 1144 5000 sanetorugz
1199 4879 1511 4954 martyrum
1581 4867 1920 4926 Philemonis
1977 4870 2032 4921 et

1141 4961 1313 5000 omna

1141 4961 1313 5000 0mm.

446 5060 757 5117 Philemon
785 5067 843 5118 et
865 5063 1144 5124 Domnus,
1169 5061 1386 5117 Christi
1410 5063 1721 5127 martyres,
1756 5057 1927 5109 erant
1957 5069 2030 5107 ex

373 5149 518 5206 urbe
552 5154 734 5207 Roma
765 5151 1022 5207 oriundi.
1057 5154 1343 5222 Tempore
1375 5155 1576 5204 autem
1597 5141 2029 5216 persecutionis

368 5240 666 5296 abeuntes
689 5243 745 5296 in
778 5241 1140 5314 provinciam
1171 5239 1370 5306 ltalim,
1406 5235 1812 5309 praedicabant
1869 5231 2030 5285 Chri-

369 5332 880 5396 stum,etmultos
939 5348 1008 5386 ex
1067 5328 1412 5383 infidelibus
1464 5323 1737 5380 doctrina
1796 5338 1902 5376 sua
1954 5319 2026 5374 ab

367 5422 664 5478 idolorum
697 5441 895 5480 errore
943 5427 1354 5478 convertentes
1411 5418 1484 5474 ad
1539 5413 1771 5471 Domini
1839 5412 2026 5469 nostri

367 5510 502 5564 Jesu
533 5513 749 5568 Christi
782 5513 980 5578 ﬁdem,
1007 5509 1776 5582 baptizabant.Quapropter
1806 5519 1940 5558 cum
1966 5502 2027 5557 in

369 5591 518 5654 iram
538 5593 1740 5669 idololatrasconcitassent,comprehensi
1755 5593 2024 5650 etvincu-

446 5737 470 5771 ³
497 5739 632 5800 Luc.
666 5763 709 5817 ι,
736 5747 920 5804 28-38.

2147 3387 2199 3444 ἐν
2231 3378 2299 3448 τῇ
2355 3375 2463 3429 τῶν
2523 3381 2857 3450 Χριστιανῶν
2912 3375 3200 3451 ἐκκλησίᾳ,
3259 3382 3349 3436 καὶ
3396 3383 3488 3438 τὸν
3551 3382 3680 3438 Θεὸν
3716 3380 3815 3438 δο-

2147 3461 2540 3537 ξολογούντων,
2621 3464 2948 3529 ἀποστείλας
3037 3468 3469 3545 Οὖϊγγουρϊχος,
3554 3470 3815 3546 ἐνέπρησε

2144 3554 2244 3620 τήν
2305 3552 2626 3625 ἐκκλησίαν,
2684 3557 2774 3611 καὶ
2833 3559 3154 3614 κατέκαυσεν
3215 3561 3434 3623 αὐτούς.
3489 3563 3620 3620 ’Ότι
3663 3562 3816 3616 συνέ-

2149 3635 2218 3708 6η
2277 3639 2366 3694 καὶ
2420 3643 2510 3695 τὸν
2564 3640 2849 3717 ἄνθρωπὸν
2907 3665 3028 3700 τινα
3093 3648 3416 3722 Χριστιανὸν
3490 3650 3812 3724 προσφορὰν

2147 3728 2448 3801 κομίζοντα
2476 3735 2543 3804 τῇ
2577 3731 2843 3804 ἐκκλησίᾳ
2901 3743 3260 3809 κρατηθῆναι,
3319 3738 3408 3791 καί
3450 3740 3541 3791 τὸν
3571 3739 3813 3813 Χριστὸν

2149 3817 2580 3894 ὁμολογήσαντα
2610 3817 2952 3894 ἐμϐληθῆναι
3004 3824 3080 3886 εἷς
3109 3827 3171 3880 τὸ
3211 3830 3337 3895 πῦ),
3370 3826 3457 3880 καί
3491 3827 3609 3880 ἀντὶ
3641 3847 3813 3900 προσ-

2149 3913 2320 3982 φορᾶς
2377 3910 2622 3983 γενέσθαι
2703 3915 2783 3982 τῷ
2872 3915 3110 3988 Χριστῷ.
3170 3912 3390 3970 Τούτων
3449 3914 3520 3968 τὰ
3579 3913 3816 3989 λείψανα

2147 3998 2445 4073 συνήγαγεν
2503 4001 2539 4069 ἡ
2602 3994 2834 4072 σύμϐιος
2889 4004 2986 4056 τοῦ
3045 4000 3228 4074 ἑτέρου
3287 3999 3559 4078 ἄρχοντος
3605 4009 3703 4059 τοῦ
3733 4001 3816 4059 ἔθ-

2145 4106 2272 4149 νους
2319 4091 2426 4141 τῶν
2477 4088 2712 4160 Γότθων,
2780 4091 3078 4164 Χριστιανή
3139 4089 3275 4146 οὖσα
3330 4093 3421 4147 καὶ
3491 4091 3803 4168 ὀρθόδυξος,

2150 4175 2284 4248 μετά
2342 4171 2722 4253 πρεσϐυτέρων
2774 4181 2865 4234 καὶ
2953 4179 3178 4235 λαϊκῶν.
3252 4181 3350 4236 Καὶ
3436 4181 3815 4238 καταλιποῦσα

2143 4265 2243 4333 τήν
2305 4264 2544 4335 ἐξουσίαν
2602 4271 2682 4338 τῷ
2739 4269 2840 4340 υἱῷ
2888 4267 3075 4338 αὐτῆς,
3107 4272 3275 4326 τόπον
3306 4270 3366 4326 ἐκ
3395 4271 3567 4327 τόπου
3597 4292 3811 4345 περιερ-

2145 4355 2387 4429 χομένη,
2434 4355 2604 4425 ἦλθεν
2648 4352 2755 4420 ἵως
2804 4365 2905 4428 τῆς
2954 4365 3058 4434 γῆς
3108 4360 3423 4433 Ῥωμαίων,
3455 4363 3618 4430 καὶὴ
3647 4363 3813 4435 θυγάο

2141 4463 2246 4518 τηρ
2304 4443 2471 4516 αὐτῆς
2534 4445 2846 4518 μετάύτῆς.
2910 4451 3045 4506 Εἶτα
3102 4449 3266 4506 πάλιν
3319 4449 3563 4518 ἀπῆλθεν
3598 4450 3672 4510 εἷς
3703 4451 3805 4518 τήν

2147 4532 2286 4590 ἰδίαν
2341 4536 2552 4612 χώραν,
2611 4537 2989 4594 καταλιποῦσα
3043 4543 3112 4614 τῇ
3175 4539 3396 4616 θυγατρὶ
3437 4541 3506 4596 τὰ
3555 4539 3803 4614 λείψανα·

2059 4639 2109 4704 D
2145 4620 2268 4694 ἥτις
2319 4625 2396 4688 εἰς
2449 4627 2684 4697 Κύζικον
2733 4628 3064 4700 ἀπελθοῦσα,
3124 4628 3354 4687 δέδωκεν
3387 4628 3440 4703 ἔξ
3484 4631 3664 4689 αὐτῶν
3718 4651 3814 4706 με·

2145 4712 2268 4790 ρίδα
2294 4719 2364 4790 τῇ
2395 4716 2584 4789 πόλει,
2608 4717 2701 4773 καὶ
2734 4717 2910 4783 οὕτως
2941 4719 3262 4792 ἐτελειώθη,

2141 4857 2237 4913 Καὶ
2283 4853 2518 4930 ἄθλησις
2565 4863 2676 4916 τῶν
2729 4859 2922 4939 ἁγίων-
2961 4861 3250 4938 μαρτύρων
3303 4863 3660 4939 Φιλήμονος,
3708 4865 3802 4920 καὶ

2855 4933 3086 5009 Δόμνου.

2211 5044 2510 5118 Φιλήμων,
2539 5047 2628 5102 καὶ
2686 5045 2923 5119 Δόμνος,
2983 5050 3034 5104 οἱ
3090 5053 3186 5105 τοῦ
3242 5051 3485 5125 Χριστοῦ
3513 5048 3797 5124 Μάρτυρες

2139 5133 2390 5208 ὑπῆρχον
2442 5131 2502 5189 ἐκ
2563 5141 2666 5204 τῆς
2735 5135 2976 5210 Ῥώμηςσ
3029 5138 3116 5194 ἐπὶ
3171 5136 3229 5194 δὲ
3277 5143 3384 5195 τῶν
3443 5143 3648 5214 καιρῶν
3703 5142 3803 5195 τοῦ

2138 5221 2391 5298 διωγμοῦ
2441 5221 2761 5289 ἀπελθόντες
2815 5227 2865 5281 ἐν
2917 5231 2984 5302 τῇ
3039 5229 3200 5303 χώρᾳ
3245 5236 3348 5299 τῆς
3395 5229 3649 5294 Ἰταλίας,
3682 5228 3810 5301 ἐκή-

2138 5334 2329 5390 ρυττον
2367 5314 2459 5368 τὸν
2507 5317 2767 5388 Χριστὸν,
2815 5318 2906 5372 καὶ
2956 5317 3205 5386 πολλοὺς
3251 5324 3360 5374 τῶν
3409 5318 3654 5375 ἀπίστων
3685 5324 3810 5384 ταῖς

2137 5402 2395 5480 διδαχαῖς
2441 5404 2616 5460 αὐτῶν
2667 5405 2774 5462 ἀπὸ
2821 5415 2924 5478 τῆς
2961 5407 3175 5481 πλάνης
3221 5413 3328 5464 τῶν
3392 5407 3640 5466 εἰδώλων
3692 5409 3811 5465 ἐπι-

2135 5494 2453 5572 στρέφοντες
2486 5493 2574 5550 ἐπὶ
2602 5498 2702 5566 τῆν
2750 5502 2849 5554 τοῦ
2897 5499 3095 5572 Κυρίου
3143 5502 3304 5573 ἡμῶν
3355 5501 3536 5572 Ἰησοῦ
3567 5504 3804 5577 Χριστοῦ

2133 5584 2336 5655 πίστιν,
2380 5579 2693 5656 ἐϐάπτιζον.
2767 5587 2869 5643 Διά
2912 5592 3074 5646 τοῦτο
3123 5589 3202 5653 εἰς
3260 5589 3428 5666 ὀργῆν
3482 5592 3806 5655 κινύσαντες
