4132 6424
265 397 389 459 309
1776 393 2149 457 MARTIUS.
3587 395 3721 466 370'

264 527 398 590 τοὺς
485 521 953 598 είδωλολᾶτρας,
1015 521 1390 595 ἐκρατήθησαν
1428 566 1442 595 ,
1527 521 1620 578 καί
1700 519 1907 580 δεθέντε

2049 527 2125 585 lis
2157 527 2728 601 constrictipraesidi
2745 532 3062 604 provinciae
3077 533 3278 590 traditi
3302 538 3698 594 suntPraases

272 618 525 684 ἇλύσεσι,
561 612 948 690 παρεδόθησαν
979 618 1058 686 τῷ
1087 619 1189 683 τῆς
1221 615 1411 690 χώρας
1466 613 1717 690 ἄρχοντι.
1774 619 1828 670 Ὀ
1887 613 1907 670 ἓ

2048 626 2246 674 autem
2282 637 2417 675 cum
2446 620 2581 676 illos
2608 622 2868 687 vidisset,
2891 624 3148 694 primum
3176 627 3415 696 quidem
3433 636 3706 684 assenta-

272 706 468 784 ἅρχων
505 703 640 760 {adn
673 703 892 769 αὐτοὺς,
926 709 1143 778 πρῶτον
1203 705 1298 776 μὶν
1356 701 1446 758 διὰ
1475 701 1766 766 κολακείας
1795 702 1907 759 ἐπει

2046 710 2309 765 tionibus
2341 710 2671 766 conabatur
2711 729 2810 767 eos
2843 730 2877 768 ο,
2937 715 3049 768 ﬁde
3106 715 3323 771 Christi
3379 718 3703 786 abducere,

278 804 412 871 ρᾶτο
456 793 772 869 μεθιστάναι
834 791 1032 854 αὐτοὺς
1079 791 1186 847 ἀπὸ
1241 799 1342 861 τῆς
1398 795 1497 847 τοῦ
1556 797 1792 868 Χριστοῦ
1848 791 1907 848 πί

2044 799 2304 855 honores
2335 806 2396 855 et
2426 803 2686 872 pretiosa
2707 801 2863 858 dona
2895 805 3248 874 promittens
3276 815 3510 878 :postea
3543 825 3704 879 vero,

282 908 470 953 στεως,
500 884 668 957 τιμας
696 883 1141 958 ὖπισχνοῦμενος
1202 882 1411 950 αὐτοῖς,
1468 881 1558 937 καὶ
1608 879 1755 957 δῶρα
1801 880 1907 938 πολ

2044 906 2179 944 cum
2212 890 2436 945 videret
2464 906 2565 945 eos
2587 891 2790 946 omnia
2820 893 2994 946 nihili
3025 893 3308 957 facere,et
3329 897 3523 951 solum
3544 898 3703 952 (;hri-

2044 984 2205 1034 stum
2237 980 2534 1043 invocare,
2566 981 2826 1036 vestibus
2858 982 2991 1037 exui
3015 984 3334 1052 mandavit,
3371 992 3430 1040 et
3459 987 3700 1043 extendi

2042 1084 2113 1123 ex
2136 1076 2392 1140 quatuor
2421 1069 2689 1141 partibus
2719 1069 2779 1124 in
2805 1077 3041 1139 terram,
3077 1089 3144 1128 ac
3184 1074 3506 1130 crudeliter
3525 1079 3694 1143 caedi,

283 977 388 1035 λοῦ
413 979 544 1050 ἄξια.
588 975 844 1042 Ἔπειτα,
895 974 969 1035 ὡς
1029 970 1168 1028 εἶδεν
1230 971 1425 1034 αὐτοὺς
1471 975 1648 1028 πάντα
1707 973 1801 1046 μὲν
1861 974 1939 1037 είς

283 1065 440 1122 οὐδὲν
495 1063 917 1140 λογιζομένους,
977 1061 1143 1134 μόνον
1203 1061 1262 1116 δῖε
1317 1061 1542 1136 Χριστὸν
1570 1060 1936 1134 ἐπικαλουμέ-

277 1178 426 1223 νους,
453 1155 758 1230 γυμνώσας
802 1151 893 1206 καὶ
922 1149 1184 1214 ἀπλώσας
1232 1151 1319 1206 ἑπὶ
1378 1151 1479 1219 τήν
1527 1157 1631 1226 γῆν
1701 1150 1761 1207 ἐκ
1814 1173 1907 1208 τεσ

2039 1163 2107 1213 ut
2134 1164 2488 1231 cogerentur
2514 1159 2692 1214 idolis
2726 1160 3082 1215 sacrificare.
3110 1161 3221 1216 Sed
3249 1179 3383 1218 cum
3418 1181 3610 1234 neque
3636 1167 3694 1222 id

274 1247 474 1313 σάρων,
508 1242 738 1299 ῑτυπτεν
793 1237 1052 1318 ἀφειδῶς,
1113 1240 1427 1315 ἀναγκάζων
1484 1244 1640 1305 θῦσαι
1694 1247 1809 1304 τοῖς
1858 1241 1904 1297 εί

2039 1248 2126 1302 eis
2156 1249 2572 1318 persuasisset,
2606 1249 2666 1302 in
2690 1265 2986 1304 carcerem
3033 1250 3170 1305 illos
3221 1252 3473 1308 detrusit
3505 1271 3516 1307 :
3552 1255 3691 1310 inde

263 1333 495 1396 ϐώλοις.
529 1335 625 1397 Ὠς
655 1327 712 1387 δὲ
746 1331 852 1386 οὐκ
883 1327 1113 1399 ἔπεισεν,
1148 1329 1463 1386 ἀπέκλεισεν
1524 1330 1600 1394 είς
1660 1330 1907 1409 φυλακὴν

2035 1353 2174 1393 vero
2198 1338 2464 1404 eductos,
2497 1345 2674 1410 atque
2732 1339 2948 1394 iterum
2983 1341 3326 1397 saevissimis
3377 1346 3688 1400 tormentis

257 1429 347 1481 καί
378 1431 486 1494 τῆς
521 1421 782 1499 φυλακῆς
814 1415 1090 1489 ἐκϐαλὼν,
1118 1420 1210 1474 καὶ
1255 1418 1422 1475 πάλιν
1470 1425 1902 1497 τιμωρησάμενο

2037 1429 2352 1497 cruciatos,
2388 1429 2683 1502 capitibus
2714 1429 2996 1485 abscissis
3028 1431 3346 1486 interemit.

262 1513 461 1577 αὐτοὺς
493 1510 898 1586 ἀπανθρώπως,
941 1508 1358 1584 ἀπεκεφάλισεν.

268 1612 373 1672 Καὶ
411 1607 648 1681 ἄθλησις
674 1612 781 1663 τῶν
849 1609 1019 1684 ἁγίων
1071 1606 1370 1684 μαρτύρων
1433 1605 1793 1681 Καλλινίκου,
1835 1608 1924 1664 καὶ

933 1617 1019 1662 ξων
1083 1617 1370 1684 μαρτύρων
1433 1617 1793 1681 ΚαΑλινῐκου,
1835 1629 1905 1664 κα

933 1678 1287 1742 Βασιλίσσης.

2107 1617 2206 1674 29
2238 1618 2307 1673 Et
2333 1623 2609 1674 certamen
2636 1624 2956 1673 sanrtorum
2999 1626 3311 1689 martyrum
3359 1621 3621 1677 Callinici

2681 1697 2733 1742 et
2755 1691 3048 1742 Basilissz.

1219 1722 1287 1750 t"

2681 1697 2733 1744 et
2755 1691 3048 1745 Busilissz.

355 1778 704 1850 Καλλίνικος,
737 1778 832 1834 καὶ
878 1777 1196 1848 Βασίλισσα,
1256 1777 1309 1831 οὶ
1363 1779 1461 1833 τοῦ
1509 1782 1744 1853 Χριστοῦ
1788 1777 1907 1855 μάρ·

2101 1778 2428 1834 Callinicus
2459 1783 2516 1832 et
2548 1779 2855 1840 Basilissa.
2888 1780 3105 1834 Christi
3137 1785 3450 1853 martyres.
3499 1783 3690 1856 impe-

273 1893 461 1949 τυρες,
516 1873 764 1946 ὑπῆρχον
829 1870 924 1942 μὶν
1001 1867 1088 1923 ἐπὶ
1141 1874 1242 1938 τῆς
1299 1867 1577 1944 βασιλείας
1634 1868 1824 1924 Δεκίου
1869 1870 1907 1925 ἐι

2032 1873 2202 1924 rante
2236 1868 2434 1934 Decio,
2461 1867 2740 1922 vivebant
2793 1867 2853 1923 in
2914 1870 3217 1939 provincia
3248 1870 3507 1926 Galatiae.
3541 1873 3687 1929 Cum

270 1970 371 2032 τῆς
405 1963 591 2037 χώρας
623 1959 912 2020 Γαλατίας·
946 1956 1184 2013 πλουσία
1241 1955 1299 2012 δὶ
1331 1955 1464 2012 οὗσα
1509 1960 1544 2027 ἡ
1607 1957 1925 2029 Βασίλισσα,

263 2050 448 2109 ἆδίδου
480 2050 746 2125 χρήματα
791 2052 873 2121 τῷ
933 2043 1266 2120 Καλλινίκῳ,
1325 2046 1656 2121 ἀπέρχεσθαι
1706 2047 1784 2110 είς
1830 2050 1927 2113 τὰς

255 2138 538 2220 ιρυλακας,
596 2138 689 2193 καὶ
747 2140 1009 2214 παρέχειν
1067 2140 1182 2198 τοῖς
1231 2135 1614 2199 ἀποκλείστοις
1659 2139 1923 2212 Χριστια-

247 2237 367 2294 νοῖς
431 2230 575 2304 πρὸς
637 2226 959 2304 διατροφὴν,
1021 2227 1171 2291 ὅπως
1229 2227 1499 2304 εὔχωνται
1562 2228 1696 2303 ὑπὲρ
1725 2228 1921 2301 αὐτῆς,

247 2324 700 2398 προθυμοποιεῖν
731 2341 790 2375 τε
829 2319 1028 2383 αὐτοὺς
1067 2320 1142 2382 εἷς
1193 2317 1258 2374 τὸ
1317 2318 1639 2394 μαρτύριον,
1689 2319 1779 2373 καί
1840 2321 1916 2392 μή

245 2412 499 2470 ὲκκακεῖν
535 2410 590 2466 ὲν
621 2415 740 2473 ταῖς
799 2409 1071 2484 θλίψεσιν.
1109 2413 1198 2466 Ἐν
1231 2412 1330 2481 μιᾷ
1389 2408 1479 2463 οὖν
1529 2413 1636 2463 τῶν
1689 2411 1915 2484 ἡμερῶν

242 2502 608 2578 κρατηθεῖςὸ
672 2498 1036 2569 Καλλίνικος,
1093 2501 1180 2554 καὶ
1242 2498 1555 2574 ἐρωτηθεὶς,
1611 2498 1756 2561 τίνος
1806 2499 1916 2569 εἠ,

247 2593 604 2670 [θρησκείας]
637 2592 716 2662 μή
768 2587 926 2650 εἰδὼς
957 2586 1261 2664 ψεύδεσθαι,
1308 2585 1696 2664 ὡμολόγησεν.
1757 2589 1914 2646 Ὀθεν

245 2681 448 2746 δεθεὶς,
486 2678 766 2756 παρεδόθη
812 2683 893 2751 τῷ
927 2679 1174 2754 ἄρχοντι.
1236 2679 1579 2752 Κρατηθεῖσα
1627 2676 1685 2732 δὲ
1730 2679 1820 2733 καὶ
1876 2681 1910 2749 ἡ

241 2774 374 2849 ἁγία
437 2770 765 2838 Βασίλισσα,
817 2769 1056 2843 παρέστη
1111 2773 1189 2842 τῷ
1227 2768 1518 2842 κριτηρίῳ.
1574 2768 1668 2824 Καὶ
1726 2768 1910 2842 ἀμφό-

240 2883 391 2937 τεροι
425 2863 521 2916 τὸν
555 2859 789 2932 Χριστὸν
853 2856 1134 2935 παρρησίᾳ
1195 2855 1666 2932 ὁμολογήσαντες,
1717 2855 1908 2934 διαφό-

249 2972 371 3027 ροις
407 2949 666 3027 βασάνοις
722 2947 993 3021 πρότερον
1052 2941 1563 3016 καθυϐεϐλτςθησαν,
1609 2945 1908 3022 ἀναγκαζό-

250 3062 409 3114 μενοι
440 3041 782 3113 ἀρνήσασθαι
846 3037 940 3110 μὶν
1002 3036 1093 3091 τὸν
1155 3036 1411 3109 Χριστὸν,
1470 3034 1624 3100 θῦσαι
1678 3035 1735 3092 δὲ
1788 3042 1905 3098 τοῖς

241 3127 519 3191 εἰδώλοις.
553 3129 647 3196 Μὴ
687 3128 994 3192 πεισθέντες
1052 3123 1130 3198 δὲ,
1189 3125 1327 3203 ξίφει
1383 3125 1480 3190 τὰς
1519 3125 1668 3202 ἱερὰς
1727 3127 1901 3183 αὐτῶν

2034 1964 2233 2013 autem
2257 1957 2537 2012 Basilissa
2565 1957 2784 2012 divitiis
2806 1956 3340 2021 abundaret,dabat
3367 1962 3683 2030 pecuniam

2031 2046 2344 2112 Callinico,
2373 2052 2431 2101 ut
2467 2046 2658 2101 abiret
2688 2045 2761 2101 ad
2792 2047 3558 2119 carceres,Christianisque
3588 2049 3679 2104 in-

2029 2136 2212 2192 clusis
2244 2135 2457 2190 victum
2493 2135 3067 2202 subministraret,ut
3097 2153 3202 2206 pro
3235 2153 3296 2192 se.
3317 2143 3592 2192 orarent:
3616 2144 3682 2194 ut

2029 2225 2259 2281 scilicet
2286 2230 2344 2280 et
2372 2225 2412 2279 ii
2438 2231 2709 2296 prompto
2734 2225 2934 2280 animo
2952 2224 3025 2279 ad
3043 2225 3390 2296 martyrium
3417 2226 3676 2282 subeun-

2026 2314 2168 2370 dum
2201 2320 2420 2376 essent,
2456 2320 2516 2369 et
2546 2315 2605 2368 in
2637 2313 3121 2369 tribulationibus
3152 2331 3270 2368 non
3329 2314 3673 2371 deficerent.

2025 2405 2290 2472 Quadam
2319 2405 2499 2477 igitur
2543 2405 2638 2459 die
2697 2404 3168 2476 comprehensus
3217 2403 3558 2467 Callinicus.
3619 2411 3676 2461 et

2023 2495 2196 2567 cujus
2209 2494 2682 2566 essetreligionis
2697 2494 3359 2566 interrogatus,mentiri
3377 2497 3672 2562 nesciens,

2022 2586 2331 2642 confessus
2379 2593 2470 2641 est
2495 2587 2639 2640 Tum
2691 2601 2826 2640 vero
2860 2586 3107 2649 vinctus,
3143 2585 3380 2656 prmsidi
3423 2587 3672 2642 traditus

2018 2674 2150 2731 fuit.
2185 2675 2628 2746 Comprehensa
2659 2680 2856 2729 autem
2891 2681 2949 2730 et
2980 2681 3179 2729 sancta
3211 2675 3671 2743 Basilissa,sisti-

2019 2769 2116 2819 tur
2147 2780 2344 2819 coram
2409 2763 2728 2818 tribunali:
2766 2769 2823 2818 et
2870 2762 3044 2818 ambo
3103 2763 3401 2818 Christum
3487 2764 3670 2821 libere

2018 2853 2665 2923 conﬁtentes,primum
2701 2852 2874 2907 variis
2897 2852 3210 2906 tormentis
3240 2852 3486 2908 cruciati
3510 2861 3667 2909 sunt.

2015 2948 2082 2998 ut
2109 2943 2407 2998 Christum
2438 2958 2676 3013 negare,
2711 2949 2770 2996 et
2797 2941 2972 2996 idolis
3004 2941 3338 2997 sacriﬁcare
3387 2959 3672 3015 cogeren-

2014 3037 2113 3089 tur
2144 3051 2158 3101 ;
2194 3031 2409 3088 deinde
2439 3049 2574 3087 cum
2605 3032 2678 3088 ad
2711 3031 2768 3086 id
2801 3031 3004 3086 induci
3048 3047 3170 3086 non
3201 3039 3464 3103 possent,
3497 3049 3666 3088 sacra

2014 3139 2220 3180 eorum
2248 3123 2442 3194 capita
2470 3121 2665 3195 gladio
2699 3122 2965 3177 abscissa
2994 3126 3170 3176 sunt:
3195 3127 3372 3192 atque
3403 3121 3484 3177 ita
3498 3137 3666 3194 egre-

235 3220 476 3299 κεφαλὰς
502 3219 928 3292 ἀπετμήθησαν,
946 3213 1133 3278 καλῶς
1159 3216 1476 3285 νικήσαντες
1494 3217 1586 3272 τὸν
1613 3211 1896 3291 διάϐολον,

301 3312 314 3330 ι
361 3310 375 3328 9
467 3307 489 3330 κ
545 3303 608 3330 ﬂ!
654 3328 735 3330 Α--
775 3305 1050 3330 n,r_\4'_-,,
1095 3304 1335 3330 -_!---,,_°.__

2019 3212 2102 3287 gie
2127 3211 2431 3269 diabolum
2462 3212 2788 3279 vincentes,
2812 3211 3095 3267 coalorum
3128 3227 3376 3284 regnum
3407 3227 3659 3284 recepe-

2019 3307 2147 3330 ...κε

228 3312 318 3368 καί
351 3303 736 3370 ἀπολαϐόντες
775 3305 1052 3382 βασιλείαν
1090 3304 1358 3380 οὐρανῶν.

813 3409 990 3465 ΜΗΝΙ
1012 3408 1103 3464 ΤΩ
1132 3407 1330 3467 ΑΥΤΩ.

1031 3508 1144 3566 κε’.

245 3611 527 3700 Ἀθλησές
605 3616 713 3702 τῖον
768 3611 941 3702 ειξγίων
971 3609 1284 3702 ,μαρτρρων
1350 3608 1603 3701 Φιλητοῦ
1655 3609 1900 3702 συγκλη-

329 3687 493 3769 τικοῦ
547 3683 636 3738 καὶ
691 3681 882 3748 Λυδίας
930 3681 1032 3753 τῆς
1075 3681 1255 3738 αὖτοῦ
1309 3681 1588 3760 γυναικὸς,
1643 3681 1745 3739 καῖ’
1791 3687 1902 3740 τῶν

333 3775 563 3812 τεκνων.

334 3853 456 3912 Ἐπί
485 3849 762 3930 Ἀδριανοῦ
813 3851 1088 3930 βασιλέως
1145 3853 1401 3927 ὑπῆρχον
1459 3852 1630 3909 οὗτοι.
1687 3859 1900 3928 Κρατη-

249 3944 362 4011 οείς
391 3943 544 3999 οὗνὸ
574 3944 841 4018 μακάριος
893 3941 1161 4014 Φιλητὸς,
1220 3943 1461 4018 παρέστη
1523 3946 1604 4015 τῷ
1665 3941 1900 4017 βασιλεῖ.

239 4035 304 4094 Ὅ
334 4032 395 4091 δὶ
429 4031 693 4110 βασιλεὺς
725 4034 802 4106 μή
835 4030 1084 4103 δυνηθεὶς
1124 4031 1440 4102 ἀντιστῆναι
1471 4035 1540 4107 τῇ
1593 4037 1694 4087 τοῦ
1759 4032 1903 4108 μαρ-

241 4147 406 4200 τυρος
496 4123 663 4202 σοφίᾳ
694 4166 710 4194 ,
794 4120 1105 4196 παρέδωκεν
1163 4121 1321 4178 αὐτὸν
1409 4121 1772 4202 Ἀμφιλοχίῳ
1825 4128 1905 4195 τῷ

250 4213 424 4271 δουκίο
453 4212 514 4276 ὅς
566 4212 871 4289 παραυτίκα
927 4213 1272 4293 ἀμφοτέρους
1332 4213 1606 4289 κρεμάσας
1666 4211 1750 4269 ἰπὶ
1814 4211 1905 4284 εὖ·

248 4305 362 4363 λων
393 4304 556 4377 ἕξεεν.
590 4307 728 4363 Εἶτα
757 4304 833 4368 είς
872 4303 1120 4383 φυλακὴν
1182 4299 1451 4378 ἐμϐάλλει
1491 4303 1604 4377 ἅμα
1663 4301 1902 4380 Κρονίδῃ

246 4395 682 4470 Κομενταρησίῳ
721 4394 1087 4452 πιστεύσαντι.
1121 4397 1202 4468 Τῇ
1255 4393 1312 4450 δί
1369 4395 1520 4450 νυκτὶ
1550 4392 1902 4469 ψαλλόντων,

239 4488 332 4542 καὶ
376 4480 723 4561 εὐχομένων,
825 4482 1001 4555 ἦλθον
1085 4482 1312 4560 ἄγγελοι
1394 4483 1904 4560 παραθαρρύνοντες

241 4575 441 4636 αὐτοὺς
469 4575 609 4646 πρὸς
636 4572 762 4635 τοὺς
791 4573 1026 4649 ἀγῶνας.
1075 4573 1179 4630 Καὶ
1233 4572 1321 4628 ἐπὶ
1375 4575 1478 4643 τήν
1546 4573 1733 4646 αῧριον
1787 4595 1901 4630 πα-

2007 3307 2168 3359 runt.

2567 3401 2808 3458 EODEM
2831 3399 3083 3456 MENSE.

2471 3502 2576 3558 Die
2597 3501 2876 3558 vicesima
2903 3501 3158 3573 septima

2009 3601 2298 3659 Certamen
2346 3607 2664 3657 sanctorum
2718 3607 3024 3668 martyrum
3080 3598 3287 3655 Phileti
3357 3602 3651 3671 senatoris,

2329 3680 2383 3729 et
2409 3675 2602 3730 uxoris
2631 3673 2750 3743 ejus
2777 3674 2965 3742 Lydia
2995 3687 3059 3726 ac
3077 3672 3340 3742 ﬁliorum.

2078 3864 2342 3922 Fuerunt
2371 3863 2432 3919 hi
2461 3862 2721 3918 Adriano
2763 3862 3142 3934 imperatore.
3177 3863 3661 3935 Comprehensus

2007 3959 2209 4012 autem
2239 3953 2449 4010 beatus
2468 3952 3107 4024 Philetus,imperatori
3141 3953 3665 4025 sistitur.Impera-

2007 4050 2103 4102 tor
2131 4061 2268 4100 vero
2301 4044 2580 4115 martyris
2621 4043 2929 4115 sapientiae
2978 4043 3256 4099 resistere
3290 4061 3410 4098 non
3437 4043 3663 4113 valens,

2008 4134 2426 4206 Amphilochia
2457 4134 2590 4189 duci
2626 4149 2762 4189 eum
2795 4132 3070 4187 tradidit:
3106 4132 3207 4204 qui
3242 4133 3663 4190 continuoam-

2008 4223 2116 4280 bos
2147 4224 2324 4297 lignis
2355 4239 2678 4295 suspensos
2725 4222 3054 4277 dilaniavit.
3090 4223 3214 4276 Mox
3248 4223 3309 4278 in
3362 4239 3664 4279 carcerem

2009 4312 2264 4369 detrusit
2291 4329 2413 4367 una
2455 4329 2590 4368 cum
2649 4312 2906 4367 Cronide
2963 4312 3524 4379 Commentariensi,
3559 4313 3662 4383 qui

2002 4403 2129 4475 jam
2143 4401 2493 4457 crediderat.
2507 4403 2690 4457 Noctu
2709 4418 2842 4455 vero
2858 4399 3250 4471 psallentibus
3273 4407 3332 4454 et
3353 4401 3661 4457 orantibus

2009 4493 2252 4550 astitere
2285 4491 2500 4565 angeli.
2536 4507 2758 4560 eosque
2789 4489 2862 4544 ad
2894 4505 3150 4560 pugnam
3175 4490 3536 4545 animarunt.
3559 4491 3658 4546 Se-

2014 4580 2330 4655 quentidie
2345 4581 2568 4636 sanctis
2599 4596 2798 4635 coram
2825 4579 3157 4634 astantibus
3180 4579 3329 4634 dixit
3350 4585 3659 4652 tyrannus:

242 4643 558 4741 ραστάντων
584 4667 692 4718 τῶν
724 4643 920 4737 ἁγίων,
969 4659 1072 4741 ἔφη
1106 4663 1135 4718 ὁ
1181 4662 1466 4738 τύραννος.
1499 4643 1714 4719 Πολλαὶ
1770 4665 1898 4738 ὑμῖν

2019 4643 2192 4729 adulta
2220 4671 2384 4728 vobis
2416 4676 2713 4726 tormenta
2771 4677 3074 4742 parantur.
3110 4671 3236 4724 Mox
3295 4671 3353 4724 in
3375 4643 3664 4728 Vlebetem

243 4755 560 4812 ἀπόκεινται
591 4753 876 4826 τιμωρίαι.
911 4754 1044 4810 Εἶτα
1113 4747 1384 4826 ἐμϐάλλει
1418 4752 1470 4809 ἰν
1505 4747 1699 4823 λέϐητι
1760 4754 1902 4829 χαλο

242 4849 326 4917 θεῷ
381 4844 775 4920 ἰκπυρωθὲντι,
835 4842 1058 4918 γέμοντι
1115 4839 1285 4916 ἆλαίῳ
1337 4841 1428 4898 καὶ
1485 4841 1733 4919 ῥητίνης.
1796 4843 1900 4901 Καὶ

245 4935 580 5002 ποιήσαντες
607 4945 670 4989 το
698 4936 796 4989 τοῦ
827 4935 1062 5007 σταυροῦ
1122 4937 1378 5004 σημεῖον,
1435 4929 1745 5008 ἒψῦχραναν
1803 4934 1896 4989 τὸν

247 5017 478 5092 λέϐητα.
540 5023 640 5078 Καὶ
699 5019 829 5078 ίδὼν
890 5023 921 5078 ὁ
979 5019 1128 5091 δοὺξ,
1188 5015 1463 5077 ἔπίστευσε
1513 5026 1595 5095 τῷ
1653 5027 1898 5099 Χριστῷ,

242 5114 337 5168 καῖ
364 5107 613 5170 ἐνέϐαλεν
645 5112 834 5168 ἑαυτὸν
865 5110 918 5166 έν
951 5109 1031 5184 τῷ
1062 5105 1254 5180 λέϐητι
1286 5110 1477 5166 εῗπών·
1532 5112 1718 5188 Κῦριε,
1757 5112 1896 5189 βοή-

243 5214 324 5268 θει
355 5225 477 5275 μοι.
507 5203 645 5261 Τότε
673 5199 812 5272 ἦλθε
867 5201 1024 5279 φωνή
1076 5199 1137 5256 ἐκ
1192 5203 1288 5255 τοῦ
1346 5198 1602 5276 οὐρανοῦ.
1654 5201 1898 5258 Ἤκουσα

2009 4779 2243 4818 ωηοιιη]
2270 4760 2645 4821 candentem.
2680 4759 2810 4815 oleo
2843 4760 3159 4829 resinaque
3200 4760 3528 4831 oppletum,
3565 4777 3665 4818 eos

2010 4852 2288 4924 coujecit.
2325 4854 2398 4907 At
2422 4851 2511 4905 illi
2553 4850 2806 4905 formato
2838 4849 3031 4904 crucis
3057 4850 3244 4922 signo,
3280 4849 3493 4906 lebetis
3542 4851 3662 4907 fer-

2009 4959 2207 4999 vorem
2238 4941 2588 4997 restinxere.
2621 4939 2789 5005 Quod
2820 4955 3070 4995 cernens
3100 4939 3239 5001 dux,
3265 4940 3328 4996 in
3360 4941 3658 4998 Christum

2009 5030 2284 5090 credidit.
2321 5045 2503 5102 seque
2535 5029 2596 5084 in
2627 5027 2884 5084 lebetem
2943 5027 3214 5096 immisit,
3247 5029 3455 5086 dicens
3489 5047 3502 5085 :
3537 5032 3660 5087 Do-

2003 5121 2182 5187 mine,
2214 5119 2430 5191 adjuva
2462 5135 2575 5175 me.
2617 5119 2778 5173 Tunc
2804 5135 2913 5174 vox
2974 5135 3006 5174 e
3064 5117 3212 5174 c0310
3244 5118 3488 5191 delapsa
3518 5125 3609 5176 est
3641 5136 3655 5174 :

2007 5210 2351 5268 Orationem
2384 5215 2546 5264 tuam
2576 5207 2772 5263 audivi
2798 5223 2812 5262 :
2841 5207 3013 5263 laetus
3035 5206 3108 5262 ad
3141 5222 3234 5262 me
3260 5206 3536 5262 ascende.
3556 5207 3660 5264 80

233 5301 340 5364 τῆς
372 5293 614 5365 δεήσεως
644 5313 764 5357 σου,
792 5288 985 5355 ἄνελθε
1014 5291 1150 5364 πρὸς
1213 5290 1280 5364 μὶ
1337 5291 1574 5367 χαίρων.
1625 5289 1779 5347 Ἰδὼν
1839 5290 1896 5348 δὲ

233 5385 264 5441 ὃ
298 5384 563 5461 βασιλεὺς
588 5379 1059 5457 διαφυλαχθέντας
1092 5379 1286 5444 αὐτοὺς
1314 5380 1892 5458 ὑγιεῖς,ἆνεχώρησεν⁶

229 5475 394 5532 αὐτοὶ
426 5472 487 5531 δὶ
511 5473 800 5546 εὖξαμενοι
829 5468 1250 5541 ἐτελειώθησαν.

2004 5298 2148 5355 Illos
2177 5304 2378 5354 autem
2409 5300 2735 5369 imperator
2774 5295 2994 5351 illaesos
3032 5295 3325 5366 prodiisse
3378 5295 3656 5357 intuitus,

2006 5387 2284 5444 discessit
2318 5404 2331 5442 :
2364 5387 2478 5460 ipsi
2509 5402 2644 5442 vero
2693 5391 2950 5454 orantes,
2988 5384 3170 5440 ﬁnem
3220 5383 3451 5440 vivendi
3475 5383 3661 5446 .fece-

2003 5483 2165 5535 runt.

2076 5587 2145 5641 Et
2175 5590 2450 5642 certamen
2477 5590 2792 5710 sanctorqulrn
2828 5588 3156 5710 farti/rum
3210 5579 3500 5647 Manuelis,
3531 5587 3585 5636 et

2767 5672 2826 5710 eo
2867 5671 2988 5710 osu.

2767 5671 2988 5710 εοαοειι.

2075 5755 2305 5814 Manno]
2357 5772 2425 5814 ac
2482 5753 2869 5822 Theodosius,
2933 5749 3149 5807 Christi
3210 5755 3519 5824 martyres,
3582 5769 3652 5811 ex

306 5583 405 5640 Καὶ
446 5582 681 5654 ἄθλησις
712 5581 823 5637 τῶν
871 5577 1038 5708 ἀξίων
1070 5578 1359 5670 μαρτύρων
1410 5576 1697 5650 Μανουὴλ,
1730 5579 1822 5635 καὶ

944 5665 1212 5708 εοοοσιου.

944 5665 1212 5708 εοοοσίου.

307 5754 570 5826 Ιανουὴλ
594 5755 689 5812 καὶ
717 5747 1012 5811 Θεοδόσιος
1039 5749 1094 5803 οἳ
1149 5749 1248 5806 τοῦ
1304 5749 1541 5826 Χριστοῦ
1596 5711 1892 5826 μάρτυρες,
