4132 6448
408 391 520 458 371
1730 393 2161 458 MENOIDGI!
2201 394 2412 458 PARS
2458 393 2564 457 Ill.
3710 395 3833 458 373

412 531 808 591 Orientalium
831 531 1072 605 regione
1102 531 1506 599 oriundi,cum
1527 532 1895 590 Christianos
1908 548 2061 605 quo-

2191 520 2433 604 inﬁpxov
2466 526 2526 583 ἐκ
2550 534 2652 598 τῆς
2691 528 2883 605 χώρας
2906 534 3017 586 τῶν
3047 528 3441 602 Ἀνατολικῶν,
3470 532 3560 587 καὶ
3591 530 3829 607 ὁρῶντες

414 621 563 678 tidie
589 621 664 677 ab
696 620 1026 677 idololatris
1053 621 1337 677 trucidari
1369 628 1705 690 cernerent,
1739 621 2067 678 deliberato

2191 615 2301 680 τοὺς
2357 614 2909 697 Χριστιανοὺςᾼκαθί
2952 618 3185 689 ἑκάστην
3238 620 3451 694 ἡμέραν
3528 618 3833 697 φονευομέ-

414 711 578 768 inter
606 726 669 766 se
700 709 948 766 consilio
994 714 1332 766 statuerunt
1379 710 1563 767 libere
1621 727 1820 784 agere,
1850 715 1910 767 et
1960 726 2068 783 pro

2191 717 2297 760 νους
2361 698 2467 753 ὑπὸ
2522 701 2630 752 τῶν
2687 694 3140 775 εἶδωλολατρῶν,
3210 701 3491 755 συνὲθεντο
3542 694 3830 770 ’ἀλλήλοις

418 797 651 855 Christo
685 797 857 855 mori.
883 798 1280 863 Quamobrem
1310 799 1385 854 ad
1420 798 1533 855 loci
1564 800 1904 871 prasidem.
1929 807 2071 856 tunc

416 888 640 945 multos
669 887 1040 944 Christianos
1068 888 1143 943 ad
1189 888 1585 960 quastionem
1639 895 1948 945 vocantem
1981 894 2073 945 at-

419 994 536 1051 que
567 977 1270 1050 interﬁcientem,sponte
1300 995 1409 1035 sua
1436 994 1742 1035 accessere
1763 997 1774 1032 :
1793 984 1853 1034 et
1870 995 2072 1034 coram

416 1073 711 1135 astantes,
770 1066 958 1123 libere
1016 1068 1316 1124 Christum
1375 1068 1826 1141 praedicarunt,
1887 1084 2071 1141 seque

418 1157 787 1215 Christianos
820 1156 1071 1229 professi
1128 1163 1287 1213 sunt.
1358 1158 1482 1224 Quo
1526 1158 1680 1215 facto
1742 1176 1864 1215 non
1896 1157 2072 1214 modo

420 1253 715 1321 quotquot
740 1246 991 1303 aderant
1016 1248 1472 1319 praesentemsed
1505 1248 1700 1320 ipsum
1723 1249 1904 1305 etiam
1930 1266 2073 1321 pras-

423 1337 610 1393 sidem
631 1353 703 1393 ea
730 1336 1078 1392 fortitudine
1093 1337 1276 1393 animi
1291 1342 1469 1410 atque
1501 1337 1779 1394 libertate
1791 1337 2074 1411 obstupe-

420 1426 637 1483 fecere.
670 1428 818 1482 Tum
848 1441 984 1482 vero
1015 1426 1454 1498 comprehensi.
1488 1427 1551 1483 in
1599 1444 1897 1483 carcerem
1930 1442 2074 1484 con-

418 1515 567 1589 jecti
596 1521 739 1572 sunt
764 1533 776 1570 :
809 1515 949 1571 inde
983 1514 1233 1571 evolutis
1263 1516 1495 1587 aliquot
1523 1516 1734 1572 diebus
1755 1533 1790 1572 a
1821 1516 2073 1589 praeside

427 1604 647 1670 educti,
678 1622 813 1662 cum
842 1604 1345 1678 compellerentur
1373 1605 1672 1662 Christum
1723 1622 1958 1678 negare,
2019 1611 2079 1661 et

425 1692 607 1749 idolis
646 1693 1001 1760 sacriﬁcare,
1037 1710 1148 1750 nec
1179 1693 1254 1749 ad
1283 1693 1343 1748 id
1358 1693 1573 1749 adduci
1605 1700 1872 1767 possent,
1897 1693 2079 1766 pluri-

426 1781 542 1840 bus
570 1781 932 1838 cruciatibus
963 1781 1422 1855 subjecti,lignis
1455 1781 1750 1854 suspensi.
1784 1783 1977 1839 latera
1996 1781 2080 1838 di-

424 1870 691 1935 lacerati,
723 1870 1102 1944 postmodum
1129 1887 1161 1926 e
1188 1870 1367 1944 lignis
1397 1870 1869 1945 depositi,acutis
1901 1888 2082 1945 super

426 1958 665 2021 tribulis
696 1959 982 2033 impositi,
1013 1959 1256 2017 demum
1286 1959 1564 2017 decollati
1590 1966 1749 2018 sunt.

581 2192 651 2274 Et
680 2220 957 2271 certamen
986 2217 1324 2271 sacrosancti
1374 2216 1640 2287 martyris
1687 2214 1931 2272 Codrati.

498 2374 922 2433 Sacrosanctus
951 2380 1179 2449 martyr
1197 2375 1484 2432 Codratus
1507 2392 1643 2432 cum
1671 2380 1828 2432 esset
1847 2376 2046 2449 episco
2063 2405 2078 2418 -

426 2483 561 2541 pus.
594 2471 653 2523 et
681 2464 756 2521 ab
788 2464 1086 2521 idolorum
1142 2465 1472 2521 cultoribus
1521 2466 1594 2522 ab
1654 2464 1823 2532 urbe,
1868 2466 1932 2522 in
1963 2481 2081 2538 qua

425 2555 623 2611 fuerat
650 2554 980 2615 ordinatus.
1015 2554 1298 2628 expulsus
1329 2555 1562 2620 fuisset,
1605 2554 1839 2627 ipsique
1892 2555 2077 2610 inter-

428 2643 746 2711 dictum,in
779 2643 1024 2700 nomine
1054 2643 1269 2699 Christi
1302 2642 1539 2710 docere,
1563 2644 1610 2700 si
1633 2644 1875 2715 quidem
1906 2645 2083 2701 vellet

427 2737 641 2801 vivere.
673 2754 793 2792 non
829 2736 1004 2793 modo
1034 2737 1195 2793 istud
1232 2738 1427 2795 facere
1476 2755 1599 2794 non
1653 2738 1922 2805 cessavit,
1977 2755 2078 2795 ve-

426 2843 560 2885 rum
593 2827 771 2883 etiam
803 2831 986 2882 totam
1018 2827 1227 2884 urbem
1258 2827 1638 2892 circumiens,
1662 2832 1956 2898 quotquot
1983 2844 2077 2883 ca-

426 2920 819 2977 techumenos
849 2920 1092 2993 reperit,
1144 2920 1497 2994 baptizavit:
1541 2936 1651 2976 nec
1708 2920 2080 2977 Christianos

426 3009 715 3067 duntaxat
741 3009 803 3065 in
834 3009 1106 3065 custodia
1133 3009 1429 3077 detentos,
1465 3009 1569 3066 sed
1599 3010 1780 3066 etiam
1803 3008 2080 3066 infideles

420 3099 701 3156 visitabat
726 3115 739 3154 :
775 3103 833 3154 et
859 3098 997 3154 illos
1020 3098 1265 3172 quidem
1289 3098 1581 3155 reddebat
1600 3099 1675 3155 ad
1704 3114 2083 3171 perseveran-

424 3187 572 3245 dum
628 3187 692 3243 in
747 3186 965 3243 Christi
1027 3186 1143 3243 fide
1187 3187 1587 3260 promptiores
1619 3207 1633 3256 ;
1666 3188 1775 3243 hos
1804 3203 1941 3243 vero
1975 3185 2080 3243 do-

2173 785 2669 862 παῤῥησιάσασθαι,
2727 786 2820 842 καὶ
2887 785 3177 852 ἀποθανεῖν
3232 789 3366 864 ὑπὲρ
3414 791 3512 844 τοῦ
3569 791 3826 862 Χριστοῖὶ.

2177 874 2280 934 Καὶ
2312 872 2716 937 διαπελθόντες.
2750 879 2945 949 (Forte
2979 894 2993 933 :
3025 873 3092 946 δὴ
3152 876 3498 949 ἀπελθόντες)
3527 875 3827 949 αὐτόματοι

2176 985 2316 1038 προς
2343 965 2439 1020 τὸν
2461 972 2560 1034 τῆς
2594 966 2780 1040 χώρας
2810 962 3077 1042 ἄρχοντα,
3108 962 3420 1036 ἐξετάζοντα
3438 966 3562 1021 τότε
3582 963 3831 1027 πολλοὺς

2175 1058 2284 1110 τῶν
2319 1059 2684 1129 Χριστιανῶν,
2741 1051 2832 1110 καὶ
2882 1054 3201 1131 φονεύοντα,
3260 1053 3559 1126 ἐστάθησαν
3618 1050 3855 1129 ἔμπρο-’

2180 1145 2302 1200 σθεν
2330 1144 2518 1200 αὐτοῦ·
2576 1144 2668 1199 καὶ
2724 1142 3005 1219 παρρησίᾳ
3057 1143 3151 1199 τὸν
3211 1145 3446 1219 Χριστὸν
3492 1143 3830 1218 ἀνακηρύεαν

2178 1254 2289 1302 τες,
2334 1233 2425 1289 καὶ
2457 1233 2680 1296 ἑαυτοὺς
2714 1233 3072 1308 Χριστιανοὺς
3101 1233 3572 1309 ὁμολογήσαντες,
3602 1233 3834 1304 ἆξέπλη-

2181 1326 2274 1397 ξαν
2306 1322 2369 1378 οὐ
2402 1322 2570 1396 μόνον
2602 1321 2732 1384 τοὺς
2761 1326 3135 1397 παρεστῶτας,
3167 1321 3317 1378 ἀλλὰ
3342 1321 3433 1377 καὶ
3471 1323 3564 1378 τὸν
3593 1318 3839 1398 ἄρχοντα

2180 1416 2250 1486 τῇ
2283 1409 2502 1486 ἀνδρείᾳ
2549 1413 2730 1467 αὐτῶν
2792 1411 2882 1467 καὶ
2940 1410 3242 1488 παρῥησίᾳ.
3294 1411 3435 1469 Τότε
3487 1413 3838 1485 κρατηθέντες

2182 1501 2616 1572 ἂπεκλείσθησαν
2662 1500 2741 1563 εἷς
2801 1504 3070 1579 φυλακήν·
3104 1501 3195 1556 καὶ
3249 1499 3382 1574 μετά
3432 1522 3584 1566 τινας
3628 1501 3840 1576 ἡμέρας

2185 1585 2437 1646 ἰκϐαλὼν
2468 1589 2664 1652 αὐτοὺς
2698 1590 2726 1645 ὁ
2781 1590 2973 1665 ἄρχων
3024 1595 3126 1659 τῆς
3184 1589 3462 1667 φυλακῆς,
3493 1606 3844 1664 κατηναγκα-

2187 1686 2271 1750 ζεν
2303 1680 2637 1754 ἀρνήσασθαι
2667 1677 2759 1735 τὸν
2794 1679 3047 1751 Χριστὸν,
3087 1680 3178 1734 καὶ
3225 1681 3380 1734 θῦσαι
3409 1676 3526 1741 τοῖς
3559 1676 3857 1741 εἰδώλοις(

2182 1769 2244 1825 Ὠ
2275 1766 2332 1825 ὂὶ
2358 1769 2458 1825 οὐκ
2481 1767 2713 1841 ἔπεισεν,
2770 1766 3003 1824 πλεῖστα
3063 1769 3375 1844 βασανίσας,
3404 1766 3495 1823 καὶ
3526 1766 3613 1824 ἐπὶ
3662 1768 3839 1840 ξύλων

2185 1857 2462 1933 κρεμάσας
2499 1858 2720 1929 αὐτοὺς,
2751 1857 2967 1920 καὶτὰς
3024 1858 3265 1928 πλευρὰς
3323 1857 3496 1929 ξὲσας,
3556 1859 3674 1914 εἶτα
3725 1863 3838 1914 τῶν

2109 1910 2161 1974 Β
2187 1910 3397 2025 έὲλξρῖἐέτᾶεζέὲὲὲιέζᾯαῖἐπιὶέρζὲἆᾷωἷ⁷
3414 1910 3600 2021 iam?
3619 1910 3839 2013 ista;

2185 2036 2406 2106 αὐτοὺς,
2437 2036 2595 2101 τέλος
2628 2037 3046 2117 ἀπεκεφάλισεν.

2293 2198 2392 2256 Καὶ
2426 2197 2658 2271 ἄθλησις
2686 2201 2785 2254 τοῦ
2815 2196 2972 2275 ἁγίου
3000 2196 3400 2276 ὶερομάρτυρος
3432 2194 3733 2276 Κοδράτου.

2258 2374 2536 2452 Κοδράτος
2569 2378 2598 2434 ὁ
2656 2376 3018 2453 ὶερομάρτυρ,
3077 2362 3374 2441 ἐπίσκοπος
3428 2374 3527 2446 ὣν,
3563 2375 3654 2433 καὶ
3710 2374 3843 2433 διωο

2190 2466 2344 2543 χοεῗς
2402 2466 2505 2522 ὑπὸ
2548 2471 2654 2522 τῶν
2716 2463 3138 2539 εὶδωλολατρῶν
3187 2464 3247 2522 ἑκ
3292 2470 3394 2533 τῆς
3423 2464 3661 2535 πόλεως,
3695 2465 3746 2522 ἐν
3802 2465 3842 2543 ᾖ

2190 2555 2613 2632 ἐχειροτονήθη,
2671 2555 2761 2612 καὶ
2830 2555 3199 2632 παραγγελίαν
3232 2552 3543 2628 δεξάμενος,
3579 2558 3656 2629 μή
3689 2553 3843 2612 διδα-

2188 2666 2333 2701 σκειν
2366 2646 2451 2700 ἐπὶ
2484 2649 2563 2716 τῷ
2595 2643 2823 2717 ὀνόματι
2880 2648 2978 2699 τοῦ
3035 2644 3294 2719 Χριστοῦ,
3343 2643 3396 2699 εἴ
3424 2642 3686 2719 βούλοιτο
3720 2648 3842 2718 ζῇν,

2199 2733 2262 2791 οὐ
2298 2735 2461 2808 μόνον
2496 2734 2592 2790 οὐκ
2623 2731 2893 2790 ἐπαύσατο
2919 2737 3080 2789 τοῦτο
3119 2738 3320 2804 ποιεῖν,
3349 2729 3497 2789 ἀλλὰ
3522 2735 3611 2789 καὶ
3668 2740 3844 2789 πᾶσαν

2188 2822 2353 2880 πόλιν
2394 2825 2849 2901 περιερχόμενος,
2907 2824 3074 2888 ὅσους
3128 2822 3341 2899 εὕρισκε
3390 2824 3844 2899 κατηχουυιένους

2189 2909 2463 2983 ἰὸἀπτιζε·
2513 2914 2603 2969 καὶ
2659 2911 2789 2976 τοὺς
2844 2911 2897 2969 ἐν
2953 2910 3223 2988 φυλακαῖς
3279 2916 3712 2986 κρατουμένους,
3768 2912 3839 2968 οὐ

2188 3002 2541 3077 Χριστιανοὺς
2576 3001 2767 3077 μόνον,
2819 3001 2965 3058 ἀλλᾶ
3020 3003 3109 3058 καὶ
3161 3000 3418 3064 ἀπίστους
3465 2999 3837 3075 ἐπεσκέπτετο,

2188 3090 2437 3154 καὶτοὺς
2500 3092 2595 3166 μὶν
2656 3092 3091 3166 προεθυμοποίει
3152 3090 3404 3165 ἐμμένειν
3444 3095 3514 3166 τῇ
3576 3091 3652 3155 εὶς
3718 3097 3848 3169 Χρι-

2191 3180 2318 3237 στὸν
2374 3180 2580 3249 πίστει,
2631 3180 2762 3244 τοὺς
2813 3177 2873 3235 δὶ
2920 3177 3012 3235 διὰ
3069 3176 3424 3243 διδασκαλίας
3471 3178 3678 3237 ἔπεισεν
3719 3180 3847 3260 ἀφί-

423 3280 612 3338 cendo
642 3280 1015 3348 hortabatur,
1046 3285 1111 3336 ut
1140 3279 1302 3336 idola
1333 3280 1700 3346 desererent,
1726 3280 1932 3336 dicens
1950 3280 2035 3337 eis
2066 3296 2079 3335 :

2193 3270 2413 3326 στασθαι
2440 3275 2548 3325 τῶν
2582 3266 2855 3338 εἷδώλων,
2885 3267 3059 3346 λέγων
3093 3268 3304 3332 αὐτοῖς’
3355 3267 3578 3340 Ἐπειδή
3615 3270 3847 3345 μέλλετε

424 3373 919 3446 Quandoquidem
949 3373 1223 3429 morituri
1275 3374 1438 3437 estis.
1475 3374 1765 3446 perempti
1812 3373 1885 3429 ab
1935 3373 2081 3441 illis,

428 3463 529 3537 qui
557 3479 656 3519 vos
687 3463 748 3517 in
779 3463 937 3519 hunc
987 3478 1287 3519 carcerem
1341 3460 1747 3532 detruserunt,
1788 3463 1880 3518 8|
1924 3469 2082 3517 sata-

427 3552 568 3627 gite,
604 3557 672 3608 ut
700 3568 804 3625 pro
833 3552 1066 3609 Christo
1098 3550 1633 3618 moriamini,bona
1664 3569 1795 3624 qum
1828 3551 1953 3607 illic
1991 3568 2081 3608 re-

428 3645 626 3720 posita
655 3645 1477 3719 sunt,consecuturi.Agnitus
1504 3646 1705 3717 itaque
1729 3644 1801 3700 ab
1833 3640 2082 3701 idolola-

428 3739 745 3809 tris,atque
757 3739 1360 3809 captus,postmultos
1380 3738 1679 3794 cruciatus
1690 3744 2083 3807 etmrumnas,

429 3830 626 3904 gladio
657 3835 1002 3903 peremptus
1032 3834 1161 3886 est:
1192 3835 1370 3902 atque
1414 3830 1498 3887 ita
1527 3830 1708 3887 vitam
1738 3829 1976 3895 ﬁniens,
2008 3830 2084 3887 ad

427 3918 730 3978 Christum
752 3917 1044 3990 migravit.

607 4062 679 4121 Et
706 4066 982 4117 certamen
1032 4063 1214 4117 sancti
1248 4059 1520 4133 Stephani
1556 4060 1902 4130 confessoris.

502 4228 838 4302 Stephanus
867 4225 1084 4283 Christi
1117 4224 1443 4293 confessor,
1469 4226 1666 4282 Leone
1697 4225 2083 4281 Armenoim-

429 4316 1036 4395 perante,monachus
1068 4315 1278 4379 factus,
1302 4331 1438 4372 cum
1467 4314 1784 4371 virtutibus
1806 4314 2086 4371 omnibus

430 4416 591 4469 esset
607 4408 1069 4466 ornatusetiam
1096 4405 1413 4479 prin-fectus
1441 4404 1792 4462 monasterii
1826 4404 2083 4479 Trigliw,

429 4500 737 4560 monachis
755 4496 1126 4572 rogantibus,
1168 4502 1402 4552 creatus
1454 4493 1589 4562 fuit,
1640 4494 1744 4551 ubi
1793 4494 2087 4567 plurimos

430 4590 555 4647 suis
583 4587 1060 4646 institutionibus
1104 4586 1279 4655 juvit,
1335 4601 1635 4657 purosque
1695 4585 1813 4642 Deo
1843 4584 2079 4640 obtulit.

429 4677 544 4735 Sed
576 4684 781 4750 postea
809 4692 945 4733 cum
978 4649 1507 4747 prasiatusimpius
1536 4649 1863 4747 imperator
1892 4673 2084 4730 haere-
2115 4649 2160 4713 D

433 4769 557 4825 sim'
579 4767 859 4824 adversus
888 4781 1088 4822 sacras
1114 4765 1603 4838 venerandasque
1645 4766 1934 4838 imagines
1954 4783 2080 4823 mo-

430 4866 973 4932 visset.smvamque
984 4859 1461 4932 persecutionem
1484 4866 1694 4916 contra
1722 4859 2082 4918 orthodoxos

433 4956 771 5019 excitasset,
800 4951 1125 5009 accersitus
1155 4957 1214 5006 et
1241 4951 1368 5024 ipse
1406 4950 1757 5024 adigebatur
1783 4951 2079 5008 adoratio-

431 5060 571 5105 nem
604 5049 943 5099 sanctarum
974 5041 1300 5114 imaginum
1333 5042 1771 5113 ejurare,atque
1799 5040 2082 5097 adversus

432 5134 820 5193 orthodoxam
846 5131 1024 5187 ﬁdem
1074 5146 1141 5185 se
1180 5130 1573 5186 subscribere.
1628 5129 1795 5195 Quod
1825 5145 1962 5186 cum
2018 5145 2082 5186 se

427 5226 725 5283 facturum
760 5225 1052 5294 negasset.
1079 5219 1181 5276 sed
1203 5226 1263 5276 et
1290 5219 1506 5290 impios
1527 5218 1987 5291 appellaret,qui
2007 5219 2083 5276 ad

429 5313 591 5373 istud
618 5307 1083 5385 perpetrandum
1143 5307 1603 5379 compellebant.
1636 5306 1909 5378 pluribus
1959 5309 2111 5380 pri--

427 5422 594 5465 mum
616 5399 978 5459 cruciatibus
1000 5404 1264 5461 vexatus,
1299 5403 1359 5453 et
1386 5398 1445 5452 in
1480 5398 1752 5454 custodia
1781 5399 2078 5468 detentus,

429 5498 491 5554 in
524 5493 799 5552 exsilium
824 5489 1067 5546 tandem
1081 5488 1424 5559 deportatus
1446 5494 1760 5561 estzatque
1784 5489 1844 5544 in
1872 5490 2078 5545 exsilio

429 5584 638 5644 morbo
669 5586 999 5651 correptus.
1030 5577 1105 5632 ad
1138 5578 1476 5641 Dominum,
1539 5596 1645 5651 pro
1697 5596 1813 5652 quo
1858 5579 2079 5636 multos

432 5674 868 5745 diuturnosque
923 5667 1161 5727 labores
1205 5668 1591 5738 exhauserat,
1651 5669 1823 5728 lmtus
1866 5672 2080 5746 migra-

426 5763 536 5818 wit.

2196 3359 2481 3415 ἀποθανεῖν
2539 3359 2685 3433 παρᾶ
2740 3362 2851 3414 τῶν
2910 3357 3354 3414 ἀποκλεισάντων
3413 3359 3554 3431 ὑμᾶς
3638 3358 3689 3415 ἐν
3774 3363 3844 3435 τῇ

2195 3448 2414 3523 φυλακῇ
2443 3445 2758 3523 ταύτῃ,κᾶ’ν
2792 3446 2889 3503 διὰ
2933 3448 3030 3503 τὸν
3088 3448 3320 3521 Χριστὸν
3377 3449 3700 3513 ἀποθάνετε.
3749 3447 3846 3506 ἵνα

2193 3539 2401 3615 τύχητε
2455 3544 2563 3594 τῶν
2624 3539 2825 3603 ἐκεῖθεν
2895 3538 3133 3613 ἀγαθῶν.
3220 3538 3487 3602 Γνωσθεὶς
3546 3539 3642 3595 οὗν
3698 3541 3845 3611 παρὰ

2190 3633 2298 3684 τῶν
2357 3625 2802 3702 εὶδωλολατρῶν,
2875 3627 2967 3683 καὶ
3024 3629 3337 3702 ιφατηθεὶς,
3415 3628 3548 3701 μετὰ
3624 3628 3885 3695 πολλὰς⁶

2190 3717 2461 3793 τιμωρίας
2490 3719 2580 3773 καὶ
2618 3719 2908 3787 κακώσεις,
2961 3720 3031 3792 τῇ
3086 3719 3336 3794 μαχαίρᾳ
3389 3716 3698 3797 ἀπεσφάγη,
3756 3719 3848 3774 καὶ

2192 3808 2335 3864 οὕτω
2362 3806 2673 3873 τελειωθεὶς
2706 3808 2842 3883 πρὸς
2873 3807 3100 3884 Χριστὸν
3133 3804 3487 3883 ἰξεδήμησεν.

2336 4048 2441 4110 Καὶ
2471 4046 2704 4120 ἄθλησις
2722 4052 2821 4105 τοῦ
2871 4048 3024 4105 ὁσίου
3062 4044 3332 4129 Στεφάνου
3358 4049 3457 4102 τοῦ
3487 4042 3699 4120 ὁμολο-

2960 4140 3153 4197 γητου.
3496 4157 3501 4163 η

2272 4239 2544 4315 Στέφανος
2574 4237 2605 4293 ὁ
2654 4236 3021 4313 ὁμολογητής
3050 4240 3149 4293 τοῦ
3204 4236 3462 4310 Χριστοῦ,
3501 4234 3569 4305 ἦν
3602 4235 3692 4292 ἰπὶ
3747 4243 3852 4307 τῆς

2198 4325 2482 4406 βασιλείας
2540 4328 2776 4390 Λέοντος
2832 4330 2941 4383 τοῦ
2987 4325 3310 4402 Ἀρμενίου,
3399 4326 3644 4402 μοναχὸς
3696 4327 3856 4403 γενό-

2198 4438 2382 4492 μενος,
2441 4417 2534 4472 καὶ
2593 4423 2766 4473 πᾶσαν
2827 4416 3027 4491 ἀρετήν
3081 4415 3458 4487 κατορθώσας,
3511 4413 3583 4470 δι’
3635 4416 3704 4484 ἧς
3756 4415 3850 4470 καὶ

2191 4507 2529 4585 Ἠγοῦμενος
2578 4508 2818 4585 γεγονὼς
2874 4514 2975 4577 τῆς
3036 4510 3236 4580 μονῆς.
3299 4505 3614 4582 Τριγλείας,
3671 4525 3850 4578 παρα-

2194 4597 2390 4669 κλήσει
2419 4601 2526 4652 τῶν
2562 4602 2849 4673 μοναχῶν,
2904 4594 3155 4658 πολλοὺς
3197 4593 3286 4651 διὰ
3339 4602 3441 4664 τῆς
3499 4591 3854 4658 διδασκαλίας

2192 4686 2356 4743 αὐτοῦ
2432 4682 2709 4763 ὠφέλησε,
2765 4686 2858 4742 καὶ
2916 4683 3190 4761 καθαροὺς
3242 4688 3324 4757 τῷ
3390 4687 3508 4755 Θεῷ
3573 4688 3847 4760 παρεστη-

2191 4797 2301 4836 σεν.
2333 4775 2514 4835 Ἀλλᾶ
2546 4776 2684 4849 μετὰ
2711 4779 2878 4831 ταῦτα
2921 4777 3020 4831 τοῦ
3078 4774 3340 4851 ῥηθέντος
3396 4769 3694 4837 δυσσεϐοῦς
3752 4776 3851 4851 βα·

2192 4864 2390 4928 σιλέως
2449 4864 2653 4938 αἵρεσιν
2710 4866 3036 4936 κινήσαντος
3119 4863 3257 4919 κατᾶ
3307 4867 3417 4920 τῶν
3481 4865 3673 4940 ἁγίων,
3758 4868 3851 4922 καὶ

2191 4959 2401 5011 σεπτῶν
2435 4954 2680 5024 εἰκόνων,
2713 4954 2804 5010 καὶ
2864 4952 3113 5030 διωγμὸν
3177 4953 3315 5009 κατὰ
3367 4958 3476 5008 τῶν
3536 4950 3845 5029 ὀρθοδὸεων

2189 5044 2464 5117 ἂραμὲνου
2495 5044 2712 5117 πικρὸν,
2745 5039 3119 5118 προσκληθεὶς
3179 5043 3270 5098 καὶ
3329 5041 3517 5109 αὑτὸς,
3573 5061 3845 5116 καττριαγ-

2188 5133 2380 5202 κάζετο
2413 5133 2747 5208 ἀρνήσασθαι
2788 5133 2889 5201 τήν
2945 5132 3320 5206 προσκύνησιν
3369 5133 3479 5185 τῶν
3541 5131 3710 5205 ἁγίων
3767 5130 3849 5186 εὶ-

2188 5222 2384 5289 κόνων,
2426 5221 2517 5277 καὶ
2549 5221 2865 5297 ὑπογράψαι
2887 5221 3025 5276 κατᾶ
3080 5224 3182 5286 τῆς
3243 5216 3543 5296 ὄρθοδόξου
3586 5220 3845 5283 πίστεως.

2192 5312 2289 5370 Καὶ
2325 5311 2402 5384 μὴ
2452 5310 2695 5375 πεισθεὶς
2748 5309 2913 5367 τοῦὲο
2963 5317 3215 5380 ποιῆσαι,
3276 5309 3426 5366 ἀλλὰ
3456 5308 3673 5383 μᾶλλον
3720 5306 3851 5365 δυσ-

2189 5396 2366 5463 σεϐεῖς
2423 5399 2773 5464 ἀποκαλέσας
2834 5400 2965 5465 τοὺς
3014 5400 3094 5465 εὶς
3146 5402 3312 5455 τοῦτο
3360 5398 3520 5455 αὐτὸν
3577 5420 3852 5476 καταναγ-

2186 5488 2472 5560 κάζοντας,
2512 5495 2743 5546 πΑεῖστα
2792 5489 3136 5563 τιμωρηθεὶς
3193 5489 3484 5565 πρότερον,
3536 5488 3627 5545 καὶ
3667 5488 3845 5567 φυλα-

2186 5586 2310 5641 καῖς
2340 5579 2784 5652 προσομιλήσας,
2835 5577 3127 5653 ἐξωρίσθη.
3191 5578 3286 5634 Καὶ
3319 5577 3374 5634 ἐν
3432 5582 3501 5653 τῇ
3541 5578 3725 5654 ὲξορίᾳ
3750 5600 3845 5636 νο·

2187 5675 2378 5743 σήσας,
2409 5671 2544 5745 πρὸς
2574 5670 2801 5745 Κύριον,
2825 5666 2896 5725 δι’
2923 5669 2982 5724 εν
3009 5670 3145 5733 τοὺς
3162 5667 3430 5742 πολλοὺς,
3471 5670 3562 5726 καὶ
3595 5670 3841 5744 μακροὺς

2184 5761 2391 5826 πόνους
2417 5759 2643 5830 ὀπάστὴ,
2675 5759 2886 5836 χαίρων
