  <div class='ocr_page' id='page_1' title='image "/cluster/home/n/w/nwhite01/storage/ocr_20150623/117/coo.31924054870211/196.png"; bbox 0 0 4132 6422; ppageno 0'>
   <div class='ocr_carea' id='block_1_1' title="bbox 317 383 1995 450">
    <p class='ocr_par' dir='ltr' id='par_1_1' title="bbox 317 385 1995 449">
     <span class='ocr_line' id='line_1_1' title="bbox 317 385 1995 449; baseline 0.001 -3"><span class='ocrx_word' id='word_1_1' title='bbox 317 385 436 446; x_wconf 80' lang='lat'>373</span> <span class='ocrx_word' id='word_1_2' title='bbox 1839 386 1995 449; x_wconf 81' lang='lat' dir='ltr'>MAR</span> 
     </span>
    </p>
   </div>
   <div class='ocr_carea' id='block_1_2' title="bbox 2110 383 3773 450">
    <p class='ocr_par' dir='ltr' id='par_1_2' title="bbox 2110 386 3773 450">
     <span class='ocr_line' id='line_1_2' title="bbox 2110 386 3773 450; baseline -0.002 -2"><span class='ocrx_word' id='word_1_3' title='bbox 2110 386 2215 450; x_wconf 71' lang='lat' dir='ltr'>&#39;JS.</span> <span class='ocrx_word' id='word_1_4' title='bbox 3656 388 3773 444; x_wconf 52' lang='grc' dir='ltr'>τιτι</span> 
     </span>
    </p>
   </div>
   <div class='ocr_carea' id='block_1_3' title="bbox 880 519 1995 588">
    <p class='ocr_par' dir='ltr' id='par_1_3' title="bbox 880 521 1473 582">
     <span class='ocr_line' id='line_1_3' title="bbox 880 521 1473 582; baseline 0.003 -2"><span class='ocrx_word' id='word_1_5' title='bbox 880 521 1066 582; x_wconf 68' lang='lat' dir='ltr'>HHNI</span> <span class='ocrx_word' id='word_1_6' title='bbox 1123 525 1206 580; x_wconf 75' lang='grc' dir='ltr'>ΥΩ</span> <span class='ocrx_word' id='word_1_7' title='bbox 1265 524 1473 582; x_wconf 75' lang='grc' dir='ltr'>ΔΤΤΩ.</span> 
     </span>
    </p>
   </div>
   <div class='ocr_carea' id='block_1_4' title="bbox 2110 519 3198 588">
    <p class='ocr_par' dir='ltr' id='par_1_4' title="bbox 2672 519 3198 578">
     <span class='ocr_line' id='line_1_4' title="bbox 2672 519 3198 578; baseline 0 -2"><span class='ocrx_word' id='word_1_8' title='bbox 2672 519 2912 578; x_wconf 88' lang='lat' dir='ltr'>EODEM</span> <span class='ocrx_word' id='word_1_9' title='bbox 2944 520 3198 577; x_wconf 83' lang='lat' dir='ltr'>MENSE.</span> 
     </span>
    </p>
   </div>
   <div class='ocr_carea' id='block_1_5' title="bbox 1105 613 3270 673">
    <p class='ocr_par' dir='ltr' id='par_1_5' title="bbox 1105 613 3270 673">
     <span class='ocr_line' id='line_1_5' title="bbox 1105 613 3270 673; baseline -0.001 -1"><span class='ocrx_word' id='word_1_10' title='bbox 1105 616 1212 673; x_wconf 82' lang='lat' dir='ltr'>KH‘</span> <span class='ocrx_word' id='word_1_11' title='bbox 2617 613 2719 668; x_wconf 90' lang='lat' dir='ltr'>Die</span> <span class='ocrx_word' id='word_1_12' title='bbox 2750 613 3031 669; x_wconf 89' lang='lat' dir='ltr'>vicesima</span> <span class='ocrx_word' id='word_1_13' title='bbox 3065 619 3270 669; x_wconf 90' lang='lat' dir='ltr'>octava</span> 
     </span>
    </p>
   </div>
   <div class='ocr_carea' id='block_1_6' title="bbox 397 719 1995 850">
    <p class='ocr_par' dir='ltr' id='par_1_6' title="bbox 397 719 1937 850">
     <span class='ocr_line' id='line_1_6' title="bbox 397 719 1937 850; baseline -0.003 -70"><span class='ocrx_word' id='word_1_14' title='bbox 397 720 682 790; x_wconf 76' lang='grc' dir='ltr'>Ἀθλησις</span> <span class='ocrx_word' id='word_1_15' title='bbox 716 725 823 792; x_wconf 79' lang='grc' dir='ltr'>τῆς</span> <span class='ocrx_word' id='word_1_16' title='bbox 852 719 1008 795; x_wconf 77' lang='grc' dir='ltr'>ἁγίας</span> <span class='ocrx_word' id='word_1_17' title='bbox 1036 721 1369 850; x_wconf 47' lang='grc' dir='ltr'>λΜιῖτρώνης</span> <span class='ocrx_word' id='word_1_18' title='bbox 1421 727 1524 792; x_wconf 85' lang='grc' dir='ltr'>τῆς</span> <span class='ocrx_word' id='word_1_19' title='bbox 1579 719 1688 777; x_wconf 84' lang='grc' dir='ltr'>ἀπὸ</span> <span class='ocrx_word' id='word_1_20' title='bbox 1741 725 1937 777; x_wconf 84' lang='grc' dir='ltr'>Θεσσα-</span> 
     </span>
     <span class='ocr_line' id='line_1_7' title="bbox 1075 814 1281 850; baseline 0.01 -1"><span class='ocrx_word' id='word_1_21' title='bbox 1075 815 1134 849; x_wconf 91' lang='grc' dir='ltr'>ον</span> <span class='ocrx_word' id='word_1_22' title='bbox 1160 814 1281 850; x_wconf 66' lang='lat' dir='ltr'>nnc.</span> 
     </span>
    </p>
   </div>
   <div class='ocr_carea' id='block_1_7' title="bbox 2110 719 3690 850">
    <p class='ocr_par' dir='ltr' id='par_1_7' title="bbox 2187 721 3690 780">
     <span class='ocr_line' id='line_1_8' title="bbox 2187 721 3690 780; baseline 0.001 -3"><span class='ocrx_word' id='word_1_23' title='bbox 2187 721 2288 778; x_wconf 70' lang='lat'>82</span> <span class='ocrx_word' id='word_1_24' title='bbox 2321 722 2601 778; x_wconf 85' lang='lat' dir='ltr'>Certamen</span> <span class='ocrx_word' id='word_1_25' title='bbox 2629 728 2831 778; x_wconf 78' lang='lat' dir='ltr'>sanctae</span> <span class='ocrx_word' id='word_1_26' title='bbox 2859 725 3130 778; x_wconf 71' lang='lat' dir='ltr'>Matrona:</span> <span class='ocrx_word' id='word_1_27' title='bbox 3176 739 3244 778; x_wconf 75' lang='lat' dir='ltr'>ea:</span> <span class='ocrx_word' id='word_1_28' title='bbox 3287 723 3690 780; x_wconf 81' lang='lat' dir='ltr'>Thessalonica.</span> 
     </span>
    </p>
   </div>
   <div class='ocr_carea' id='block_1_8' title="bbox 1075 814 1281 864">
    <p class='ocr_par' dir='ltr' id='par_1_8' title="bbox 1075 814 1281 864">
     <span class='ocr_line' id='line_1_9' title="bbox 1075 814 1281 864; baseline -0.005 -15"><span class='ocrx_word' id='word_1_29' title='bbox 1075 814 1281 864; x_wconf 87' lang='grc' dir='ltr'>ονικης.</span> 
     </span>
    </p>
   </div>
   <div class='ocr_carea' id='block_1_9' title="bbox 416 915 2005 997">
    <p class='ocr_par' dir='ltr' id='par_1_9' title="bbox 416 915 2005 997">
     <span class='ocr_line' id='line_1_10' title="bbox 416 915 2005 997; baseline -0.003 -21"><span class='ocrx_word' id='word_1_30' title='bbox 416 919 685 997; x_wconf 72' lang='grc' dir='ltr'>Ματρώνα</span> <span class='ocrx_word' id='word_1_31' title='bbox 716 921 754 990; x_wconf 79' lang='grc' dir='ltr'><strong>ἡ</strong></span> <span class='ocrx_word' id='word_1_32' title='bbox 799 922 898 976; x_wconf 91' lang='grc' dir='ltr'>τοῦ</span> <span class='ocrx_word' id='word_1_33' title='bbox 922 923 1160 995; x_wconf 77' lang='grc' dir='ltr'>Χριστοῦ</span> <span class='ocrx_word' id='word_1_34' title='bbox 1207 919 1414 995; x_wconf 76' lang='grc' dir='ltr'>μάρτυς</span> <span class='ocrx_word' id='word_1_35' title='bbox 1460 920 1528 989; x_wconf 85' lang='grc' dir='ltr'>ἦν</span> <span class='ocrx_word' id='word_1_36' title='bbox 1562 918 1622 975; x_wconf 78' lang='grc' dir='ltr'>ἰκ</span> <span class='ocrx_word' id='word_1_37' title='bbox 1647 925 1749 988; x_wconf 81' lang='grc' dir='ltr'>τῆς</span> <span class='ocrx_word' id='word_1_38' title='bbox 1785 915 2005 980; x_wconf 87' lang='grc' dir='ltr'>πόλεως</span> 
     </span>
    </p>
   </div>
   <div class='ocr_carea' id='block_1_10' title="bbox 349 1004 2008 1086">
    <p class='ocr_par' dir='ltr' id='par_1_10' title="bbox 349 1004 2008 1086">
     <span class='ocr_line' id='line_1_11' title="bbox 349 1004 2008 1086; baseline -0.006 -17"><span class='ocrx_word' id='word_1_39' title='bbox 349 1011 796 1079; x_wconf 79' lang='grc' dir='ltr'>Θεσσαλονίκης,</span> <span class='ocrx_word' id='word_1_40' title='bbox 886 1006 1062 1081; x_wconf 75' lang='grc' dir='ltr'>δούλη</span> <span class='ocrx_word' id='word_1_41' title='bbox 1133 1010 1386 1086; x_wconf 81' lang='grc' dir='ltr'>γυναικὸς</span> <span class='ocrx_word' id='word_1_42' title='bbox 1469 1005 1752 1076; x_wconf 78' lang='grc' dir='ltr'>Ἰουδαίας,</span> <span class='ocrx_word' id='word_1_43' title='bbox 1839 1004 2008 1079; x_wconf 78' lang='grc' dir='ltr'>ἀνδρα</span> 
     </span>
    </p>
   </div>
   <div class='ocr_carea' id='block_1_11' title="bbox 350 1098 2006 1176">
    <p class='ocr_par' dir='ltr' id='par_1_11' title="bbox 350 1098 2006 1176">
     <span class='ocr_line' id='line_1_12' title="bbox 350 1098 2006 1176; baseline -0.006 -14"><span class='ocrx_word' id='word_1_44' title='bbox 350 1105 586 1174; x_wconf 68' lang='grc' dir='ltr'>ἐχούσης</span> <span class='ocrx_word' id='word_1_45' title='bbox 655 1099 1144 1176; x_wconf 73' lang='grc' dir='ltr'>στρατοπεδάρχην</span> <span class='ocrx_word' id='word_1_46' title='bbox 1231 1099 1656 1170; x_wconf 80' lang='grc' dir='ltr'>Θεσσαλονίκης.</span> <span class='ocrx_word' id='word_1_47' title='bbox 1735 1098 2006 1154; x_wconf 83' lang='grc' dir='ltr'>Ἀκολου-</span> 
     </span>
    </p>
   </div>
   <div class='ocr_carea' id='block_1_12' title="bbox 349 1188 2004 1267">
    <p class='ocr_par' dir='ltr' id='par_1_12' title="bbox 349 1188 2004 1267">
     <span class='ocr_line' id='line_1_13' title="bbox 349 1188 2004 1267; baseline -0.005 -16"><span class='ocrx_word' id='word_1_48' title='bbox 349 1197 518 1251; x_wconf 85' lang='grc' dir='ltr'>θοῦσα</span> <span class='ocrx_word' id='word_1_49' title='bbox 552 1191 611 1248; x_wconf 71' lang='grc' dir='ltr'>δὶ</span> <span class='ocrx_word' id='word_1_50' title='bbox 639 1196 710 1267; x_wconf 75' lang='grc' dir='ltr'>τῇ</span> <span class='ocrx_word' id='word_1_51' title='bbox 741 1192 908 1266; x_wconf 81' lang='grc' dir='ltr'>κυρίᾳ</span> <span class='ocrx_word' id='word_1_52' title='bbox 936 1190 1104 1260; x_wconf 74' lang='grc' dir='ltr'>αὐτῆς</span> <span class='ocrx_word' id='word_1_53' title='bbox 1161 1192 1327 1266; x_wconf 73' lang='grc' dir='ltr'>μέχρι</span> <span class='ocrx_word' id='word_1_54' title='bbox 1384 1197 1486 1259; x_wconf 79' lang='grc' dir='ltr'>τῆς</span> <span class='ocrx_word' id='word_1_55' title='bbox 1527 1195 1844 1265; x_wconf 84' lang='grc' dir='ltr'>συναγωγῆς</span> <span class='ocrx_word' id='word_1_56' title='bbox 1895 1188 2004 1243; x_wconf 81' lang='grc' dir='ltr'>τῶν</span> 
     </span>
    </p>
   </div>
   <div class='ocr_carea' id='block_1_13' title="bbox 338 1276 2007 1356">
    <p class='ocr_par' dir='ltr' id='par_1_13' title="bbox 338 1276 2007 1356">
     <span class='ocr_line' id='line_1_14' title="bbox 338 1276 2007 1356; baseline -0.008 -12"><span class='ocrx_word' id='word_1_57' title='bbox 338 1282 668 1353; x_wconf 80' lang='grc' dir='ltr'>Ἰουδαίων,</span> <span class='ocrx_word' id='word_1_58' title='bbox 718 1281 832 1338; x_wconf 85' lang='grc' dir='ltr'>ἐκεῖ</span> <span class='ocrx_word' id='word_1_59' title='bbox 889 1281 984 1356; x_wconf 77' lang='grc' dir='ltr'>μὶν</span> <span class='ocrx_word' id='word_1_60' title='bbox 1045 1279 1144 1335; x_wconf 79' lang='grc' dir='ltr'>οὐκ</span> <span class='ocrx_word' id='word_1_61' title='bbox 1201 1280 1536 1355; x_wconf 71' lang='grc' dir='ltr'>εἰσήρχετο,</span> <span class='ocrx_word' id='word_1_62' title='bbox 1595 1276 2007 1354; x_wconf 75' lang='grc' dir='ltr'>ὗποστρὲφουσα</span> 
     </span>
    </p>
   </div>
   <div class='ocr_carea' id='block_1_14' title="bbox 338 1367 2004 1448">
    <p class='ocr_par' dir='ltr' id='par_1_14' title="bbox 338 1367 2004 1448">
     <span class='ocr_line' id='line_1_15' title="bbox 338 1367 2004 1448; baseline -0.007 -17"><span class='ocrx_word' id='word_1_63' title='bbox 338 1373 402 1431; x_wconf 82' lang='grc' dir='ltr'>δὶ</span> <span class='ocrx_word' id='word_1_64' title='bbox 464 1375 760 1448; x_wconf 79' lang='grc' dir='ltr'>ἀπήρχετο</span> <span class='ocrx_word' id='word_1_65' title='bbox 821 1370 900 1435; x_wconf 79' lang='grc' dir='ltr'>εἷς</span> <span class='ocrx_word' id='word_1_66' title='bbox 971 1372 1072 1441; x_wconf 76' lang='grc' dir='ltr'>τήν</span> <span class='ocrx_word' id='word_1_67' title='bbox 1127 1374 1234 1425; x_wconf 83' lang='grc' dir='ltr'>τῶν</span> <span class='ocrx_word' id='word_1_68' title='bbox 1293 1373 1638 1445; x_wconf 83' lang='grc' dir='ltr'>Χριστιανῶν</span> <span class='ocrx_word' id='word_1_69' title='bbox 1693 1367 2004 1439; x_wconf 75' lang='grc' dir='ltr'>ἐκκλησίαν,</span> 
     </span>
    </p>
   </div>
   <div class='ocr_carea' id='block_1_15' title="bbox 335 1456 2005 1536">
    <p class='ocr_par' dir='ltr' id='par_1_15' title="bbox 335 1456 2005 1536">
     <span class='ocr_line' id='line_1_16' title="bbox 335 1456 2005 1536; baseline -0.006 -16"><span class='ocrx_word' id='word_1_70' title='bbox 335 1464 508 1520; x_wconf 79' lang='grc' dir='ltr'>κάκεῖ</span> <span class='ocrx_word' id='word_1_71' title='bbox 559 1460 937 1536; x_wconf 82' lang='grc' dir='ltr'>προσηύχετο.</span> <span class='ocrx_word' id='word_1_72' title='bbox 994 1461 1390 1532; x_wconf 83' lang='grc' dir='ltr'>Διαγνωσθεῖσα</span> <span class='ocrx_word' id='word_1_73' title='bbox 1450 1456 1508 1514; x_wconf 73' lang='grc' dir='ltr'>δὶ</span> <span class='ocrx_word' id='word_1_74' title='bbox 1563 1457 1712 1532; x_wconf 76' lang='grc' dir='ltr'>παρὰ</span> <span class='ocrx_word' id='word_1_75' title='bbox 1763 1460 1866 1522; x_wconf 83' lang='grc' dir='ltr'>τῆς</span> <span class='ocrx_word' id='word_1_76' title='bbox 1910 1477 2005 1510; x_wconf 89' lang='grc' dir='ltr'>κυ-</span> 
     </span>
    </p>
   </div>
   <div class='ocr_carea' id='block_1_16' title="bbox 343 1543 2002 1631">
    <p class='ocr_par' dir='ltr' id='par_1_16' title="bbox 343 1543 2002 1631">
     <span class='ocr_line' id='line_1_17' title="bbox 343 1543 2002 1631; baseline -0.005 -23"><span class='ocrx_word' id='word_1_77' title='bbox 343 1554 468 1631; x_wconf 84' lang='grc' dir='ltr'>ρίας</span> <span class='ocrx_word' id='word_1_78' title='bbox 512 1550 707 1620; x_wconf 76' lang='grc' dir='ltr'>αὐτῆς,</span> <span class='ocrx_word' id='word_1_79' title='bbox 763 1549 1020 1604; x_wconf 77' lang='grc' dir='ltr'>τύπτεται</span> <span class='ocrx_word' id='word_1_80' title='bbox 1076 1549 1344 1624; x_wconf 84' lang='grc' dir='ltr'>ἱσχυρῶς,</span> <span class='ocrx_word' id='word_1_81' title='bbox 1399 1547 1490 1604; x_wconf 77' lang='grc' dir='ltr'>καὶ</span> <span class='ocrx_word' id='word_1_82' title='bbox 1549 1544 1897 1603; x_wconf 83' lang='grc' dir='ltr'>ἀποκλείεται</span> <span class='ocrx_word' id='word_1_83' title='bbox 1952 1543 2002 1600; x_wconf 87' lang='grc' dir='ltr'>ἐν</span> 
     </span>
    </p>
   </div>
   <div class='ocr_carea' id='block_1_17' title="bbox 347 1632 2008 1720">
    <p class='ocr_par' dir='ltr' id='par_1_17' title="bbox 347 1632 2008 1720">
     <span class='ocr_line' id='line_1_18' title="bbox 347 1632 2008 1720; baseline -0.007 -21"><span class='ocrx_word' id='word_1_84' title='bbox 347 1647 422 1716; x_wconf 70' lang='grc' dir='ltr'>τῇ</span> <span class='ocrx_word' id='word_1_85' title='bbox 454 1642 693 1720; x_wconf 67' lang='grc' dir='ltr'>φυλακῇ.</span> <span class='ocrx_word' id='word_1_86' title='bbox 729 1637 835 1696; x_wconf 82' lang='grc' dir='ltr'>Καὶ</span> <span class='ocrx_word' id='word_1_87' title='bbox 865 1637 955 1694; x_wconf 79' lang='grc' dir='ltr'>ἐπὶ</span> <span class='ocrx_word' id='word_1_88' title='bbox 1011 1635 1156 1694; x_wconf 79' lang='grc' dir='ltr'>πολὺ</span> <span class='ocrx_word' id='word_1_89' title='bbox 1223 1639 1408 1700; x_wconf 78' lang='grc' dir='ltr'>ἄσιτος</span> <span class='ocrx_word' id='word_1_90' title='bbox 1461 1634 1801 1710; x_wconf 78' lang='grc' dir='ltr'>διαμείνασα,</span> <span class='ocrx_word' id='word_1_91' title='bbox 1842 1632 2008 1690; x_wconf 83' lang='grc' dir='ltr'>πάλιν</span> 
     </span>
    </p>
   </div>
   <div class='ocr_carea' id='block_1_18' title="bbox 356 1724 2004 1806">
    <p class='ocr_par' dir='ltr' id='par_1_18' title="bbox 356 1724 2004 1806">
     <span class='ocr_line' id='line_1_19' title="bbox 356 1724 2004 1806; baseline -0.004 -21"><span class='ocrx_word' id='word_1_92' title='bbox 356 1730 622 1806; x_wconf 68' lang='grc' dir='ltr'>ἐξάγεται,</span> <span class='ocrx_word' id='word_1_93' title='bbox 685 1728 778 1783; x_wconf 84' lang='grc' dir='ltr'>καὶ</span> <span class='ocrx_word' id='word_1_94' title='bbox 835 1726 1146 1801; x_wconf 81' lang='grc' dir='ltr'>μαστίζετάι</span> <span class='ocrx_word' id='word_1_95' title='bbox 1204 1724 1462 1804; x_wconf 75' lang='grc' dir='ltr'>ἀφειδῶς,</span> <span class='ocrx_word' id='word_1_96' title='bbox 1519 1727 1610 1782; x_wconf 85' lang='grc' dir='ltr'>καὶ</span> <span class='ocrx_word' id='word_1_97' title='bbox 1666 1725 2004 1801; x_wconf 75' lang='grc' dir='ltr'>κακαναγκά-</span> 
     </span>
    </p>
   </div>
   <div class='ocr_carea' id='block_1_19' title="bbox 363 1813 2005 1893">
    <p class='ocr_par' dir='ltr' id='par_1_19' title="bbox 363 1813 2005 1893">
     <span class='ocr_line' id='line_1_20' title="bbox 363 1813 2005 1893; baseline -0.001 -22"><span class='ocrx_word' id='word_1_98' title='bbox 363 1827 513 1892; x_wconf 57' lang='lat' dir='ltr'>(tu:</span> <span class='ocrx_word' id='word_1_99' title='bbox 551 1818 875 1893; x_wconf 69' lang='grc' dir='ltr'>ἀρνήσασθαι</span> <span class='ocrx_word' id='word_1_100' title='bbox 931 1816 1025 1872; x_wconf 88' lang='grc' dir='ltr'>τὸν</span> <span class='ocrx_word' id='word_1_101' title='bbox 1084 1816 1460 1891; x_wconf 79' lang='grc' dir='ltr'>Χριστόν.⁹Ως</span> <span class='ocrx_word' id='word_1_102' title='bbox 1493 1813 1550 1872; x_wconf 70' lang='grc' dir='ltr'>δὲ</span> <span class='ocrx_word' id='word_1_103' title='bbox 1607 1813 1708 1871; x_wconf 77' lang='grc' dir='ltr'>οὐκ</span> <span class='ocrx_word' id='word_1_104' title='bbox 1758 1813 2005 1884; x_wconf 82' lang='grc' dir='ltr'>ἐπείσθη,</span> 
     </span>
    </p>
   </div>
   <div class='ocr_carea' id='block_1_20' title="bbox 2186 911 3764 983">
    <p class='ocr_par' dir='ltr' id='par_1_20' title="bbox 2186 911 3764 983">
     <span class='ocr_line' id='line_1_21' title="bbox 2186 911 3764 983; baseline 0 -17"><span class='ocrx_word' id='word_1_105' title='bbox 2186 912 2451 966; x_wconf 83' lang='lat' dir='ltr'>Matrona</span> <span class='ocrx_word' id='word_1_106' title='bbox 2476 911 2690 966; x_wconf 80' lang='lat' dir='ltr'>Christi</span> <span class='ocrx_word' id='word_1_107' title='bbox 2731 915 2956 983; x_wconf 86' lang='lat' dir='ltr'>martyr</span> <span class='ocrx_word' id='word_1_108' title='bbox 3013 929 3081 966; x_wconf 82' lang='lat' dir='ltr'>ex</span> <span class='ocrx_word' id='word_1_109' title='bbox 3138 911 3284 966; x_wconf 82' lang='lat' dir='ltr'>urbe</span> <span class='ocrx_word' id='word_1_110' title='bbox 3338 912 3764 967; x_wconf 82' lang='lat' dir='ltr'>Thessalonica</span> 
     </span>
    </p>
   </div>
   <div class='ocr_carea' id='block_1_21' title="bbox 2115 1000 3764 1073">
    <p class='ocr_par' dir='ltr' id='par_1_21' title="bbox 2115 1000 3764 1073">
     <span class='ocr_line' id='line_1_22' title="bbox 2115 1000 3764 1073; baseline -0.001 -17"><span class='ocrx_word' id='word_1_111' title='bbox 2115 1005 2309 1056; x_wconf 89' lang='lat' dir='ltr'>ortum</span> <span class='ocrx_word' id='word_1_112' title='bbox 2343 1000 2587 1064; x_wconf 80' lang='lat' dir='ltr'>ducens,</span> <span class='ocrx_word' id='word_1_113' title='bbox 2621 1001 2836 1056; x_wconf 59' lang='lat' dir='ltr'>Iudaeas</span> <span class='ocrx_word' id='word_1_114' title='bbox 2889 1000 3202 1073; x_wconf 82' lang='lat' dir='ltr'>cujusdam</span> <span class='ocrx_word' id='word_1_115' title='bbox 3261 1001 3530 1056; x_wconf 84' lang='lat' dir='ltr'>mulieris</span> <span class='ocrx_word' id='word_1_116' title='bbox 3574 1017 3764 1067; x_wconf 88' lang='lat' dir='ltr'>serva,</span> 
     </span>
    </p>
   </div>
   <div class='ocr_carea' id='block_1_22' title="bbox 2114 1089 3766 1161">
    <p class='ocr_par' dir='ltr' id='par_1_22' title="bbox 2114 1089 3766 1161">
     <span class='ocr_line' id='line_1_23' title="bbox 2114 1089 3766 1161; baseline 0 -17"><span class='ocrx_word' id='word_1_117' title='bbox 2114 1090 2310 1144; x_wconf 84' lang='lat' dir='ltr'>virum</span> <span class='ocrx_word' id='word_1_118' title='bbox 2367 1089 2644 1145; x_wconf 78' lang='lat' dir='ltr'>habentis</span> <span class='ocrx_word' id='word_1_119' title='bbox 2702 1089 3252 1161; x_wconf 88' lang='lat' dir='ltr'>stratopedarcham</span> <span class='ocrx_word' id='word_1_120' title='bbox 3305 1091 3766 1156; x_wconf 59' lang='lat' dir='ltr'>Thessalonica,</span> 
     </span>
    </p>
   </div>
   <div class='ocr_carea' id='block_1_23' title="bbox 2117 1178 3768 1252">
    <p class='ocr_par' dir='ltr' id='par_1_23' title="bbox 2117 1178 3768 1252">
     <span class='ocr_line' id='line_1_24' title="bbox 2117 1178 3768 1252; baseline 0 -19"><span class='ocrx_word' id='word_1_121' title='bbox 2117 1195 2375 1250; x_wconf 87' lang='lat' dir='ltr'>sequens</span> <span class='ocrx_word' id='word_1_122' title='bbox 2435 1178 2741 1234; x_wconf 90' lang='lat' dir='ltr'>dominam</span> <span class='ocrx_word' id='word_1_123' title='bbox 2793 1195 2960 1234; x_wconf 88' lang='lat' dir='ltr'>suam</span> <span class='ocrx_word' id='word_1_124' title='bbox 3010 1196 3197 1250; x_wconf 89' lang='lat' dir='ltr'>usque</span> <span class='ocrx_word' id='word_1_125' title='bbox 3257 1179 3330 1234; x_wconf 92' lang='lat' dir='ltr'>ad</span> <span class='ocrx_word' id='word_1_126' title='bbox 3405 1194 3768 1252; x_wconf 77' lang='lat' dir='ltr'>synagogam</span> 
     </span>
    </p>
   </div>
   <div class='ocr_carea' id='block_1_24' title="bbox 2114 1267 3769 1339">
    <p class='ocr_par' dir='ltr' id='par_1_24' title="bbox 2114 1267 3769 1339">
     <span class='ocr_line' id='line_1_25' title="bbox 2114 1267 3769 1339; baseline -0.001 -16"><span class='ocrx_word' id='word_1_127' title='bbox 2114 1268 2473 1324; x_wconf 71' lang='lat' dir='ltr'>Judmorum.</span> <span class='ocrx_word' id='word_1_128' title='bbox 2510 1267 2654 1323; x_wconf 88' lang='lat' dir='ltr'>illuc</span> <span class='ocrx_word' id='word_1_129' title='bbox 2686 1274 2885 1322; x_wconf 90' lang='lat' dir='ltr'>tamen</span> <span class='ocrx_word' id='word_1_130' title='bbox 2911 1284 3033 1322; x_wconf 92' lang='lat' dir='ltr'>non</span> <span class='ocrx_word' id='word_1_131' title='bbox 3066 1267 3532 1339; x_wconf 76' lang='lat' dir='ltr'>ingrediebatur,</span> <span class='ocrx_word' id='word_1_132' title='bbox 3553 1269 3657 1322; x_wconf 91' lang='lat' dir='ltr'>sed</span> <span class='ocrx_word' id='word_1_133' title='bbox 3680 1282 3769 1322; x_wconf 88' lang='lat' dir='ltr'>re-</span> 
     </span>
    </p>
   </div>
   <div class='ocr_carea' id='block_1_25' title="bbox 2115 1357 3770 1430">
    <p class='ocr_par' dir='ltr' id='par_1_25' title="bbox 2115 1357 3770 1430">
     <span class='ocr_line' id='line_1_26' title="bbox 2115 1357 3770 1430; baseline 0.001 -19"><span class='ocrx_word' id='word_1_134' title='bbox 2115 1374 2337 1430; x_wconf 76' lang='lat' dir='ltr'>gressa,</span> <span class='ocrx_word' id='word_1_135' title='bbox 2370 1357 2572 1412; x_wconf 87' lang='lat' dir='ltr'>abibat</span> <span class='ocrx_word' id='word_1_136' title='bbox 2599 1357 2674 1413; x_wconf 91' lang='lat' dir='ltr'>ad</span> <span class='ocrx_word' id='word_1_137' title='bbox 2703 1358 3175 1412; x_wconf 88' lang='lat' dir='ltr'>Christianorum</span> <span class='ocrx_word' id='word_1_138' title='bbox 3199 1357 3534 1424; x_wconf 83' lang='lat' dir='ltr'>ecclesiam,</span> <span class='ocrx_word' id='word_1_139' title='bbox 3567 1357 3770 1428; x_wconf 84' lang='lat' dir='ltr'>ibique</span> 
     </span>
    </p>
   </div>
   <div class='ocr_carea' id='block_1_26' title="bbox 2115 1446 3771 1518">
    <p class='ocr_par' dir='ltr' id='par_1_26' title="bbox 2115 1446 3771 1518">
     <span class='ocr_line' id='line_1_27' title="bbox 2115 1446 3771 1518; baseline -0.001 -15"><span class='ocrx_word' id='word_1_140' title='bbox 2115 1446 2732 1518; x_wconf 87' lang='lat' dir='ltr'>orabat.Deprehensa</span> <span class='ocrx_word' id='word_1_141' title='bbox 2761 1446 2941 1518; x_wconf 74' lang='lat' dir='ltr'>igitur</span> <span class='ocrx_word' id='word_1_142' title='bbox 2969 1464 3001 1502; x_wconf 86' lang='lat' dir='ltr'>a</span> <span class='ocrx_word' id='word_1_143' title='bbox 3024 1447 3267 1501; x_wconf 87' lang='lat' dir='ltr'>domina</span> <span class='ocrx_word' id='word_1_144' title='bbox 3297 1463 3423 1509; x_wconf 84' lang='lat' dir='ltr'>sua,</span> <span class='ocrx_word' id='word_1_145' title='bbox 3449 1447 3771 1501; x_wconf 79' lang='lat' dir='ltr'>crudeliter</span> 
     </span>
    </p>
   </div>
   <div class='ocr_carea' id='block_1_27' title="bbox 2113 1537 3768 1610">
    <p class='ocr_par' dir='ltr' id='par_1_27' title="bbox 2113 1537 3768 1610">
     <span class='ocr_line' id='line_1_28' title="bbox 2113 1537 3768 1610; baseline 0 -18"><span class='ocrx_word' id='word_1_146' title='bbox 2113 1537 2663 1610; x_wconf 82' lang='lat' dir='ltr'>verberatur,atque</span> <span class='ocrx_word' id='word_1_147' title='bbox 2696 1539 2758 1592; x_wconf 91' lang='lat' dir='ltr'>in</span> <span class='ocrx_word' id='word_1_148' title='bbox 2794 1538 3125 1594; x_wconf 78' lang='lat' dir='ltr'>custodiam</span> <span class='ocrx_word' id='word_1_149' title='bbox 3158 1537 3588 1605; x_wconf 88' lang='lat' dir='ltr'>detruditur,et</span> <span class='ocrx_word' id='word_1_150' title='bbox 3616 1537 3768 1592; x_wconf 86' lang='lat' dir='ltr'>mul-</span> 
     </span>
    </p>
   </div>
   <div class='ocr_carea' id='block_1_28' title="bbox 2116 1627 3766 1695">
    <p class='ocr_par' dir='ltr' id='par_1_28' title="bbox 2116 1627 3766 1695">
     <span class='ocr_line' id='line_1_29' title="bbox 2116 1627 3766 1695; baseline -0.002 -12"><span class='ocrx_word' id='word_1_151' title='bbox 2116 1631 2313 1683; x_wconf 88' lang='lat' dir='ltr'>torum</span> <span class='ocrx_word' id='word_1_152' title='bbox 2359 1627 2590 1682; x_wconf 89' lang='lat' dir='ltr'>dierum</span> <span class='ocrx_word' id='word_1_153' title='bbox 2645 1627 2846 1682; x_wconf 90' lang='lat' dir='ltr'>inedia</span> <span class='ocrx_word' id='word_1_154' title='bbox 2903 1632 3258 1682; x_wconf 78' lang='lat' dir='ltr'>maceratur.</span> <span class='ocrx_word' id='word_1_155' title='bbox 3309 1628 3454 1681; x_wconf 92' lang='lat' dir='ltr'>Tum</span> <span class='ocrx_word' id='word_1_156' title='bbox 3533 1627 3766 1695; x_wconf 89' lang='lat' dir='ltr'>educta,</span> 
     </span>
    </p>
   </div>
   <div class='ocr_carea' id='block_1_29' title="bbox 2116 1716 3768 1790">
    <p class='ocr_par' dir='ltr' id='par_1_29' title="bbox 2116 1716 3768 1790">
     <span class='ocr_line' id='line_1_30' title="bbox 2116 1716 3768 1790; baseline -0.002 -16"><span class='ocrx_word' id='word_1_157' title='bbox 2116 1716 2318 1790; x_wconf 81' lang='lat' dir='ltr'>ﬂagris</span> <span class='ocrx_word' id='word_1_158' title='bbox 2348 1718 2669 1772; x_wconf 64' lang='lat' dir='ltr'>saevissime</span> <span class='ocrx_word' id='word_1_159' title='bbox 2727 1717 2992 1783; x_wconf 65' lang='lat' dir='ltr'>caeditur,</span> <span class='ocrx_word' id='word_1_160' title='bbox 3053 1721 3121 1771; x_wconf 92' lang='lat' dir='ltr'>ut</span> <span class='ocrx_word' id='word_1_161' title='bbox 3178 1716 3261 1772; x_wconf 91' lang='lat' dir='ltr'>sic</span> <span class='ocrx_word' id='word_1_162' title='bbox 3305 1716 3768 1788; x_wconf 85' lang='lat' dir='ltr'>compelleretur</span> 
     </span>
    </p>
   </div>
   <div class='ocr_carea' id='block_1_30' title="bbox 2117 1803 3762 1879">
    <p class='ocr_par' dir='ltr' id='par_1_30' title="bbox 2117 1803 3762 1879">
     <span class='ocr_line' id='line_1_31' title="bbox 2117 1803 3762 1879; baseline -0.001 -17"><span class='ocrx_word' id='word_1_163' title='bbox 2117 1807 2419 1862; x_wconf 88' lang='lat' dir='ltr'>Christum</span> <span class='ocrx_word' id='word_1_164' title='bbox 2450 1803 2764 1879; x_wconf 78' lang='lat' dir='ltr'>abnegare.</span> <span class='ocrx_word' id='word_1_165' title='bbox 2797 1805 2963 1870; x_wconf 89' lang='lat' dir='ltr'>Quod</span> <span class='ocrx_word' id='word_1_166' title='bbox 2992 1822 3127 1860; x_wconf 90' lang='lat' dir='ltr'>cum</span> <span class='ocrx_word' id='word_1_167' title='bbox 3161 1822 3220 1860; x_wconf 91' lang='lat' dir='ltr'>se</span> <span class='ocrx_word' id='word_1_168' title='bbox 3242 1804 3534 1860; x_wconf 86' lang='lat' dir='ltr'>facturam</span> <span class='ocrx_word' id='word_1_169' title='bbox 3558 1821 3762 1878; x_wconf 84' lang='lat' dir='ltr'>negas-</span> 
     </span>
    </p>
   </div>
   <div class='ocr_carea' id='block_1_31' title="bbox 362 1887 1995 1982">
    <p class='ocr_par' dir='ltr' id='par_1_31' title="bbox 362 1887 1995 1982">
     <span class='ocr_line' id='line_1_32' title="bbox 362 1887 1995 1982; baseline -0.006 -15"><span class='ocrx_word' id='word_1_170' title='bbox 362 1887 532 1967; x_wconf 59' lang='grc' dir='ltr'>πάλιν</span> <span class='ocrx_word' id='word_1_171' title='bbox 554 1887 800 1982; x_wconf 43' lang='grc' dir='ltr'>ῥ’ίπτεται</span> <span class='ocrx_word' id='word_1_172' title='bbox 846 1907 926 1969; x_wconf 81' lang='grc' dir='ltr'>είς</span> <span class='ocrx_word' id='word_1_173' title='bbox 984 1887 1255 1982; x_wconf 69' lang='grc' dir='ltr'>φυλακὴν,</span> <span class='ocrx_word' id='word_1_174' title='bbox 1314 1903 1366 1961; x_wconf 90' lang='grc' dir='ltr'>ἐν</span> <span class='ocrx_word' id='word_1_175' title='bbox 1424 1907 1463 1979; x_wconf 71' lang='grc' dir='ltr'><strong><em>ᾖ</em></strong></span> <span class='ocrx_word' id='word_1_176' title='bbox 1515 1905 1606 1961; x_wconf 84' lang='grc' dir='ltr'>καὶ</span> <span class='ocrx_word' id='word_1_177' title='bbox 1659 1905 1760 1974; x_wconf 78' lang='grc' dir='ltr'>τὴν</span> <span class='ocrx_word' id='word_1_178' title='bbox 1820 1905 1995 1980; x_wconf 56' lang='grc' dir='ltr'>ψυχὴν</span> 
     </span>
    </p>
   </div>
   <div class='ocr_carea' id='block_1_32' title="bbox 2110 1887 3764 1982">
    <p class='ocr_par' dir='ltr' id='par_1_32' title="bbox 2117 1894 3764 1965">
     <span class='ocr_line' id='line_1_33' title="bbox 2117 1894 3764 1965; baseline -0.002 -13"><span class='ocrx_word' id='word_1_179' title='bbox 2117 1903 2226 1964; x_wconf 90' lang='lat' dir='ltr'>set,</span> <span class='ocrx_word' id='word_1_180' title='bbox 2249 1913 2456 1952; x_wconf 89' lang='lat' dir='ltr'>rursus</span> <span class='ocrx_word' id='word_1_181' title='bbox 2477 1896 2536 1950; x_wconf 89' lang='lat' dir='ltr'>in</span> <span class='ocrx_word' id='word_1_182' title='bbox 2569 1895 2901 1951; x_wconf 85' lang='lat' dir='ltr'>custodiam</span> <span class='ocrx_word' id='word_1_183' title='bbox 2937 1894 3278 1965; x_wconf 83' lang='lat' dir='ltr'>conjicitur,</span> <span class='ocrx_word' id='word_1_184' title='bbox 3308 1895 3371 1949; x_wconf 90' lang='lat' dir='ltr'>in</span> <span class='ocrx_word' id='word_1_185' title='bbox 3403 1910 3522 1965; x_wconf 88' lang='lat' dir='ltr'>qua</span> <span class='ocrx_word' id='word_1_186' title='bbox 3551 1900 3610 1948; x_wconf 89' lang='lat' dir='ltr'>et</span> <span class='ocrx_word' id='word_1_187' title='bbox 3639 1894 3764 1965; x_wconf 90' lang='lat' dir='ltr'>spi-</span> 
     </span>
    </p>
   </div>
   <div class='ocr_carea' id='block_1_33' title="bbox 358 1994 2004 2070">
    <p class='ocr_par' dir='ltr' id='par_1_33' title="bbox 358 1994 2004 2070">
     <span class='ocr_line' id='line_1_34' title="bbox 358 1994 2004 2070; baseline -0.005 -14"><span class='ocrx_word' id='word_1_188' title='bbox 358 1996 606 2057; x_wconf 73' lang='grc' dir='ltr'>ἀπίδωκε</span> <span class='ocrx_word' id='word_1_189' title='bbox 632 1995 713 2070; x_wconf 79' lang='grc' dir='ltr'>τῷ</span> <span class='ocrx_word' id='word_1_190' title='bbox 749 2001 886 2069; x_wconf 53' lang='lat' dir='ltr'>Quir</span> <span class='ocrx_word' id='word_1_191' title='bbox 948 1997 1015 2065; x_wconf 76' lang='grc' dir='ltr'>ἧς</span> <span class='ocrx_word' id='word_1_192' title='bbox 1066 1996 1129 2051; x_wconf 86' lang='grc' dir='ltr'>τὸ</span> <span class='ocrx_word' id='word_1_193' title='bbox 1191 1994 1446 2069; x_wconf 74' lang='grc' dir='ltr'>λείψανον</span> <span class='ocrx_word' id='word_1_194' title='bbox 1499 1996 1604 2050; x_wconf 85' lang='grc' dir='ltr'>ἀπὸ</span> <span class='ocrx_word' id='word_1_195' title='bbox 1655 1998 1753 2050; x_wconf 88' lang='grc' dir='ltr'>τοῦ</span> <span class='ocrx_word' id='word_1_196' title='bbox 1779 1995 2004 2069; x_wconf 80' lang='grc' dir='ltr'>τείχους</span> 
     </span>
    </p>
   </div>
   <div class='ocr_carea' id='block_1_34' title="bbox 343 2082 2002 2166">
    <p class='ocr_par' dir='ltr' id='par_1_34' title="bbox 343 2082 2002 2166">
     <span class='ocr_line' id='line_1_35' title="bbox 343 2082 2002 2166; baseline -0.004 -22"><span class='ocrx_word' id='word_1_197' title='bbox 343 2087 567 2166; x_wconf 49' lang='lat' dir='ltr'>tapeta.</span> <span class='ocrx_word' id='word_1_198' title='bbox 598 2089 634 2157; x_wconf 78' lang='grc' dir='ltr'>ὴ</span> <span class='ocrx_word' id='word_1_199' title='bbox 667 2088 832 2160; x_wconf 85' lang='grc' dir='ltr'>κυρία</span> <span class='ocrx_word' id='word_1_200' title='bbox 877 2083 1066 2154; x_wconf 76' lang='grc' dir='ltr'>αὐτῆς.</span> <span class='ocrx_word' id='word_1_201' title='bbox 1119 2082 1295 2143; x_wconf 69' lang='grc' dir='ltr'>Ἀλλὰ</span> <span class='ocrx_word' id='word_1_202' title='bbox 1353 2085 1406 2140; x_wconf 84' lang='lat' dir='ltr'>ol</span> <span class='ocrx_word' id='word_1_203' title='bbox 1435 2083 1754 2160; x_wconf 83' lang='grc' dir='ltr'>Χριστιανοὶ</span> <span class='ocrx_word' id='word_1_204' title='bbox 1810 2082 2002 2139; x_wconf 76' lang='grc' dir='ltr'>ἀνελόο</span> 
     </span>
    </p>
   </div>
   <div class='ocr_carea' id='block_1_35' title="bbox 344 2169 1998 2253">
    <p class='ocr_par' dir='ltr' id='par_1_35' title="bbox 344 2169 1998 2253">
     <span class='ocr_line' id='line_1_36' title="bbox 344 2169 1998 2253; baseline -0.003 -22"><span class='ocrx_word' id='word_1_205' title='bbox 344 2199 508 2253; x_wconf 75' lang='grc' dir='ltr'>μενοι</span> <span class='ocrx_word' id='word_1_206' title='bbox 540 2175 735 2238; x_wconf 81' lang='grc' dir='ltr'>νυκτὸς</span> <span class='ocrx_word' id='word_1_207' title='bbox 764 2171 985 2248; x_wconf 70' lang='grc' dir='ltr'>ἔθαψαν.</span> <span class='ocrx_word' id='word_1_208' title='bbox 1045 2175 1295 2248; x_wconf 82' lang='grc' dir='ltr'>Ὕστερον</span> <span class='ocrx_word' id='word_1_209' title='bbox 1356 2170 1413 2228; x_wconf 83' lang='grc' dir='ltr'>δὶ</span> <span class='ocrx_word' id='word_1_210' title='bbox 1441 2169 1795 2246; x_wconf 73' lang='grc' dir='ltr'>Ἀλέξανδρος</span> <span class='ocrx_word' id='word_1_211' title='bbox 1824 2173 1852 2228; x_wconf 98' lang='lat'>6</span> <span class='ocrx_word' id='word_1_212' title='bbox 1884 2171 1998 2226; x_wconf 85' lang='grc' dir='ltr'>ἐπί-</span> 
     </span>
    </p>
   </div>
   <div class='ocr_carea' id='block_1_36' title="bbox 332 2259 2000 2332">
    <p class='ocr_par' dir='ltr' id='par_1_36' title="bbox 332 2259 2000 2332">
     <span class='ocr_line' id='line_1_37' title="bbox 332 2259 2000 2332; baseline -0.004 -9"><span class='ocrx_word' id='word_1_213' title='bbox 332 2286 551 2328; x_wconf 86' lang='grc' dir='ltr'>σκοπος</span> <span class='ocrx_word' id='word_1_214' title='bbox 601 2262 758 2320; x_wconf 74' lang='grc' dir='ltr'>ἔνδον</span> <span class='ocrx_word' id='word_1_215' title='bbox 801 2270 905 2332; x_wconf 81' lang='grc' dir='ltr'>τῆς</span> <span class='ocrx_word' id='word_1_216' title='bbox 964 2261 1180 2325; x_wconf 87' lang='grc' dir='ltr'>πόλεως</span> <span class='ocrx_word' id='word_1_217' title='bbox 1237 2259 1640 2332; x_wconf 77' lang='grc' dir='ltr'>Θεσσαλονίκης</span> <span class='ocrx_word' id='word_1_218' title='bbox 1707 2259 2000 2332; x_wconf 70' lang='grc' dir='ltr'>ἐκκλησίαν</span> 
     </span>
    </p>
   </div>
   <div class='ocr_carea' id='block_1_37' title="bbox 331 2349 1709 2428">
    <p class='ocr_par' dir='ltr' id='par_1_37' title="bbox 331 2349 1709 2428">
     <span class='ocr_line' id='line_1_38' title="bbox 331 2349 1709 2428; baseline -0.003 -15"><span class='ocrx_word' id='word_1_219' title='bbox 331 2357 528 2418; x_wconf 84' lang='grc' dir='ltr'>κτίσας</span> <span class='ocrx_word' id='word_1_220' title='bbox 561 2354 645 2410; x_wconf 82' lang='grc' dir='ltr'>ἐπ’</span> <span class='ocrx_word' id='word_1_221' title='bbox 677 2355 907 2426; x_wconf 82' lang='grc' dir='ltr'>ὀνόματι</span> <span class='ocrx_word' id='word_1_222' title='bbox 937 2358 1038 2423; x_wconf 77' lang='grc' dir='ltr'>τῆς</span> <span class='ocrx_word' id='word_1_223' title='bbox 1070 2352 1250 2428; x_wconf 79' lang='grc' dir='ltr'>ἁγίας,</span> <span class='ocrx_word' id='word_1_224' title='bbox 1283 2349 1395 2408; x_wconf 85' lang='grc' dir='ltr'>ἐκεῖ</span> <span class='ocrx_word' id='word_1_225' title='bbox 1431 2353 1709 2409; x_wconf 71' lang='grc' dir='ltr'>κατέθετο.</span> 
     </span>
    </p>
   </div>
   <div class='ocr_carea' id='block_1_38' title="bbox 329 2456 1998 2535">
    <p class='ocr_par' dir='ltr' id='par_1_38' title="bbox 329 2456 1998 2535">
     <span class='ocr_line' id='line_1_39' title="bbox 329 2456 1998 2535; baseline -0.002 -16"><span class='ocrx_word' id='word_1_226' title='bbox 329 2464 441 2524; x_wconf 79' lang='grc' dir='ltr'>Καὶ</span> <span class='ocrx_word' id='word_1_227' title='bbox 475 2463 714 2532; x_wconf 68' lang='grc' dir='ltr'>ἄθλησις</span> <span class='ocrx_word' id='word_1_228' title='bbox 741 2464 840 2516; x_wconf 88' lang='grc' dir='ltr'>τοῦ</span> <span class='ocrx_word' id='word_1_229' title='bbox 897 2458 1056 2535; x_wconf 79' lang='grc' dir='ltr'>ἁγίου</span> <span class='ocrx_word' id='word_1_230' title='bbox 1112 2458 1424 2515; x_wconf 79' lang='grc' dir='ltr'>ἀποστόλου</span> <span class='ocrx_word' id='word_1_231' title='bbox 1475 2456 1848 2534; x_wconf 82' lang='grc' dir='ltr'>ἸῙρωδίωνος,</span> <span class='ocrx_word' id='word_1_232' title='bbox 1880 2458 1998 2523; x_wconf 71' lang='grc' dir='ltr'>δνὸς</span> 
     </span>
    </p>
   </div>
   <div class='ocr_carea' id='block_1_39' title="bbox 1049 2535 1280 2590">
    <p class='ocr_par' dir='ltr' id='par_1_39' title="bbox 1049 2535 1280 2590">
     <span class='ocr_line' id='line_1_40' title="bbox 1049 2535 1280 2590; baseline 0.017 -4"><span class='ocrx_word' id='word_1_233' title='bbox 1049 2535 1161 2587; x_wconf 79' lang='grc' dir='ltr'>τῶν</span> <span class='ocrx_word' id='word_1_234' title='bbox 1202 2537 1280 2590; x_wconf 82' lang='grc' dir='ltr'>υ“.</span> 
     </span>
    </p>
   </div>
   <div class='ocr_carea' id='block_1_40' title="bbox 401 2633 1994 2716">
    <p class='ocr_par' dir='ltr' id='par_1_40' title="bbox 401 2633 1994 2716">
     <span class='ocr_line' id='line_1_41' title="bbox 401 2633 1994 2716; baseline -0.005 -16"><span class='ocrx_word' id='word_1_235' title='bbox 401 2639 692 2716; x_wconf 81' lang='grc' dir='ltr'>Ἦρωδίων</span> <span class='ocrx_word' id='word_1_236' title='bbox 724 2641 753 2696; x_wconf 90' lang='lat'>6</span> <span class='ocrx_word' id='word_1_237' title='bbox 795 2643 892 2694; x_wconf 89' lang='grc' dir='ltr'>τοῦ</span> <span class='ocrx_word' id='word_1_238' title='bbox 949 2641 1193 2715; x_wconf 83' lang='grc' dir='ltr'>Χριστοῦ</span> <span class='ocrx_word' id='word_1_239' title='bbox 1236 2633 1568 2707; x_wconf 70' lang='grc' dir='ltr'>ἀπόστολος,</span> <span class='ocrx_word' id='word_1_240' title='bbox 1618 2637 1868 2713; x_wconf 80' lang='grc' dir='ltr'>ὑπῆρχεν</span> <span class='ocrx_word' id='word_1_241' title='bbox 1920 2638 1994 2700; x_wconf 78' lang='grc' dir='ltr'>εἶς</span> 
     </span>
    </p>
   </div>
   <div class='ocr_carea' id='block_1_41' title="bbox 326 2725 1994 2804">
    <p class='ocr_par' dir='ltr' id='par_1_41' title="bbox 326 2725 1994 2804">
     <span class='ocr_line' id='line_1_42' title="bbox 326 2725 1994 2804; baseline -0.007 -11"><span class='ocrx_word' id='word_1_242' title='bbox 326 2739 446 2793; x_wconf 77' lang='grc' dir='ltr'>τῶν</span> <span class='ocrx_word' id='word_1_243' title='bbox 480 2728 866 2804; x_wconf 72' lang='grc' dir='ltr'>ἐϐδομήκοντα</span> <span class='ocrx_word' id='word_1_244' title='bbox 891 2731 1173 2803; x_wconf 82' lang='grc' dir='ltr'>μαθητῶν.</span> <span class='ocrx_word' id='word_1_245' title='bbox 1206 2727 1561 2792; x_wconf 81' lang='grc' dir='ltr'>’Δκολουθῶν</span> <span class='ocrx_word' id='word_1_246' title='bbox 1588 2725 1646 2783; x_wconf 68' lang='grc' dir='ltr'>δὲ</span> <span class='ocrx_word' id='word_1_247' title='bbox 1675 2732 1791 2790; x_wconf 85' lang='grc' dir='ltr'>τοῖς</span> <span class='ocrx_word' id='word_1_248' title='bbox 1819 2727 1994 2803; x_wconf 78' lang='grc' dir='ltr'>ἁγίοις</span> 
     </span>
    </p>
   </div>
   <div class='ocr_carea' id='block_1_42' title="bbox 327 2818 1992 2895">
    <p class='ocr_par' dir='ltr' id='par_1_42' title="bbox 327 2818 1992 2895">
     <span class='ocr_line' id='line_1_43' title="bbox 327 2818 1992 2895; baseline -0.006 -15"><span class='ocrx_word' id='word_1_249' title='bbox 327 2821 702 2886; x_wconf 76' lang='grc' dir='ltr'>ἀποστόλοις,</span> <span class='ocrx_word' id='word_1_250' title='bbox 756 2821 1012 2895; x_wconf 70' lang='grc' dir='ltr'>συνήργει</span> <span class='ocrx_word' id='word_1_251' title='bbox 1075 2818 1260 2880; x_wconf 80' lang='grc' dir='ltr'>αὐτοῖς</span> <span class='ocrx_word' id='word_1_252' title='bbox 1344 2818 1424 2879; x_wconf 70' lang='grc' dir='ltr'>εἷς</span> <span class='ocrx_word' id='word_1_253' title='bbox 1474 2819 1538 2873; x_wconf 85' lang='grc' dir='ltr'>τὸ</span> <span class='ocrx_word' id='word_1_254' title='bbox 1603 2822 1701 2872; x_wconf 89' lang='grc' dir='ltr'>τοῦ</span> <span class='ocrx_word' id='word_1_255' title='bbox 1753 2820 1992 2892; x_wconf 76' lang='grc' dir='ltr'>Χριστοῦ</span> 
     </span>
    </p>
   </div>
   <div class='ocr_carea' id='block_1_43' title="bbox 329 2905 1992 2988">
    <p class='ocr_par' dir='ltr' id='par_1_43' title="bbox 329 2905 1992 2988">
     <span class='ocr_line' id='line_1_44' title="bbox 329 2905 1992 2988; baseline -0.004 -20"><span class='ocrx_word' id='word_1_256' title='bbox 329 2917 626 2988; x_wconf 69' lang='grc' dir='ltr'>κήρυγμα,</span> <span class='ocrx_word' id='word_1_257' title='bbox 687 2907 964 2965; x_wconf 78' lang='grc' dir='ltr'>δουλεύων</span> <span class='ocrx_word' id='word_1_258' title='bbox 1022 2909 1210 2970; x_wconf 79' lang='grc' dir='ltr'>αὐτοῖς</span> <span class='ocrx_word' id='word_1_259' title='bbox 1242 2905 1296 2962; x_wconf 76' lang='grc' dir='ltr'>ἐν</span> <span class='ocrx_word' id='word_1_260' title='bbox 1353 2908 1542 2974; x_wconf 77' lang='grc' dir='ltr'>ἅπασι,</span> <span class='ocrx_word' id='word_1_261' title='bbox 1572 2907 1661 2962; x_wconf 85' lang='grc' dir='ltr'>καὶ</span> <span class='ocrx_word' id='word_1_262' title='bbox 1695 2905 1992 2962; x_wconf 83' lang='grc' dir='ltr'>ὑποταττό-</span> 
     </span>
    </p>
   </div>
   <div class='ocr_carea' id='block_1_44' title="bbox 339 2997 1991 3079">
    <p class='ocr_par' dir='ltr' id='par_1_44' title="bbox 339 2997 1991 3079">
     <span class='ocr_line' id='line_1_45' title="bbox 339 2997 1991 3079; baseline -0.002 -23"><span class='ocrx_word' id='word_1_263' title='bbox 339 3024 501 3079; x_wconf 75' lang='grc' dir='ltr'>μενος</span> <span class='ocrx_word' id='word_1_264' title='bbox 533 3003 610 3063; x_wconf 86' lang='grc' dir='ltr'>ὡς</span> <span class='ocrx_word' id='word_1_265' title='bbox 639 3003 888 3075; x_wconf 80' lang='grc' dir='ltr'>Χριστοῦ</span> <span class='ocrx_word' id='word_1_266' title='bbox 941 2999 1192 3070; x_wconf 71' lang='grc' dir='ltr'>μαθητὴς</span> <span class='ocrx_word' id='word_1_267' title='bbox 1249 3001 1346 3052; x_wconf 85' lang='grc' dir='ltr'>τοῦ</span> <span class='ocrx_word' id='word_1_268' title='bbox 1395 2997 1662 3058; x_wconf 51' lang='grc' dir='ltr'>ἐπόντος’</span> <span class='ocrx_word' id='word_1_269' title='bbox 1700 2997 1763 3054; x_wconf 90' lang='grc' dir='ltr'>Ὁ</span> <span class='ocrx_word' id='word_1_270' title='bbox 1819 2997 1991 3052; x_wconf 82' lang='grc' dir='ltr'>θὲΑων</span> 
     </span>
    </p>
   </div>
   <div class='ocr_carea' id='block_1_45' title="bbox 343 3083 1991 3163">
    <p class='ocr_par' dir='ltr' id='par_1_45' title="bbox 343 3083 1991 3163">
     <span class='ocr_line' id='line_1_46' title="bbox 343 3083 1991 3163; baseline -0.004 -14"><span class='ocrx_word' id='word_1_271' title='bbox 343 3096 481 3149; x_wconf 82' lang='grc' dir='ltr'>εἷναι</span> <span class='ocrx_word' id='word_1_272' title='bbox 536 3091 758 3147; x_wconf 70' lang='grc' dir='ltr'>πάντωι</span> <span class='ocrx_word' id='word_1_273' title='bbox 833 3092 1076 3163; x_wconf 82' lang='grc' dir='ltr'>πρῶτος,</span> <span class='ocrx_word' id='word_1_274' title='bbox 1146 3085 1286 3143; x_wconf 77' lang='grc' dir='ltr'>ἔστω</span> <span class='ocrx_word' id='word_1_275' title='bbox 1334 3085 1550 3142; x_wconf 75' lang='grc' dir='ltr'>πάντων</span> <span class='ocrx_word' id='word_1_276' title='bbox 1619 3083 1842 3154; x_wconf 84' lang='grc' dir='ltr'>δοῦλος,</span> <span class='ocrx_word' id='word_1_277' title='bbox 1901 3089 1991 3143; x_wconf 82' lang='grc' dir='ltr'>καὶ</span> 
     </span>
    </p>
   </div>
   <div class='ocr_carea' id='block_1_46' title="bbox 335 3172 1989 3252">
    <p class='ocr_par' dir='ltr' id='par_1_46' title="bbox 335 3172 1989 3252">
     <span class='ocr_line' id='line_1_47' title="bbox 335 3172 1989 3252; baseline -0.004 -14"><span class='ocrx_word' id='word_1_278' title='bbox 335 3183 550 3238; x_wconf 73' lang='grc' dir='ltr'>πάντων</span> <span class='ocrx_word' id='word_1_279' title='bbox 586 3177 859 3242; x_wconf 69' lang='grc' dir='ltr'>διάκονος.</span> <span class='ocrx_word' id='word_1_280' title='bbox 893 3176 1042 3233; x_wconf 80' lang='grc' dir='ltr'>Μετά</span> <span class='ocrx_word' id='word_1_281' title='bbox 1086 3181 1253 3232; x_wconf 85' lang='grc' dir='ltr'>ταῦτα</span> <span class='ocrx_word' id='word_1_282' title='bbox 1309 3172 1368 3231; x_wconf 77' lang='grc' dir='ltr'>δὲ</span> <span class='ocrx_word' id='word_1_283' title='bbox 1422 3176 1511 3231; x_wconf 83' lang='grc' dir='ltr'>ὑπ’</span> <span class='ocrx_word' id='word_1_284' title='bbox 1560 3176 1738 3232; x_wconf 77' lang='grc' dir='ltr'>αὐτῶν</span> <span class='ocrx_word' id='word_1_285' title='bbox 1770 3174 1989 3252; x_wconf 69' lang='grc' dir='ltr'>ἅχειρο-</span> 
     </span>
    </p>
   </div>
   <div class='ocr_carea' id='block_1_47' title="bbox 2115 1983 3770 2056">
    <p class='ocr_par' dir='ltr' id='par_1_47' title="bbox 2115 1983 3770 2056">
     <span class='ocr_line' id='line_1_48' title="bbox 2115 1983 3770 2056; baseline -0.002 -15"><span class='ocrx_word' id='word_1_286' title='bbox 2115 1986 2296 2042; x_wconf 86' lang='lat' dir='ltr'>ritum</span> <span class='ocrx_word' id='word_1_287' title='bbox 2319 1987 2438 2041; x_wconf 91' lang='lat' dir='ltr'>Deo</span> <span class='ocrx_word' id='word_1_288' title='bbox 2469 1985 2894 2056; x_wconf 85' lang='lat' dir='ltr'>reddidit.Ejus</span> <span class='ocrx_word' id='word_1_289' title='bbox 2922 1984 3208 2055; x_wconf 88' lang='lat' dir='ltr'>reliquias</span> <span class='ocrx_word' id='word_1_290' title='bbox 3242 1998 3271 2037; x_wconf 92' lang='lat' dir='ltr'>e</span> <span class='ocrx_word' id='word_1_291' title='bbox 3290 1999 3460 2038; x_wconf 90' lang='lat' dir='ltr'>muro</span> <span class='ocrx_word' id='word_1_292' title='bbox 3479 1983 3770 2039; x_wconf 86' lang='lat' dir='ltr'>adomina</span> 
     </span>
    </p>
   </div>
   <div class='ocr_carea' id='block_1_48' title="bbox 2114 2073 3761 2149">
    <p class='ocr_par' dir='ltr' id='par_1_48' title="bbox 2114 2073 3761 2149">
     <span class='ocr_line' id='line_1_49' title="bbox 2114 2073 3761 2149; baseline -0.004 -18"><span class='ocrx_word' id='word_1_293' title='bbox 2114 2077 2303 2149; x_wconf 85' lang='lat' dir='ltr'>ipsius</span> <span class='ocrx_word' id='word_1_294' title='bbox 2337 2074 2978 2148; x_wconf 86' lang='lat' dir='ltr'>projectas,Christiani</span> <span class='ocrx_word' id='word_1_295' title='bbox 3012 2073 3485 2136; x_wconf 79' lang='lat' dir='ltr'>sublatas,noctu</span> <span class='ocrx_word' id='word_1_296' title='bbox 3511 2073 3761 2144; x_wconf 84' lang='lat' dir='ltr'>sepelie-</span> 
     </span>
    </p>
   </div>
   <div class='ocr_carea' id='block_1_49' title="bbox 2111 2161 3770 2234">
    <p class='ocr_par' dir='ltr' id='par_1_49' title="bbox 2111 2161 3770 2234">
     <span class='ocr_line' id='line_1_50' title="bbox 2111 2161 3770 2234; baseline -0.002 -12"><span class='ocrx_word' id='word_1_297' title='bbox 2111 2171 2272 2222; x_wconf 83' lang='lat' dir='ltr'>runt.</span> <span class='ocrx_word' id='word_1_298' title='bbox 2308 2167 2520 2220; x_wconf 87' lang='lat' dir='ltr'>Postea</span> <span class='ocrx_word' id='word_1_299' title='bbox 2547 2181 2682 2219; x_wconf 88' lang='lat' dir='ltr'>vero</span> <span class='ocrx_word' id='word_1_300' title='bbox 2715 2163 3050 2219; x_wconf 87' lang='lat' dir='ltr'>Alexander</span> <span class='ocrx_word' id='word_1_301' title='bbox 3101 2163 3413 2234; x_wconf 90' lang='lat' dir='ltr'>episcopus</span> <span class='ocrx_word' id='word_1_302' title='bbox 3444 2179 3579 2216; x_wconf 90' lang='lat' dir='ltr'>cum</span> <span class='ocrx_word' id='word_1_303' title='bbox 3611 2161 3770 2218; x_wconf 86' lang='lat' dir='ltr'>intra</span> 
     </span>
    </p>
   </div>
   <div class='ocr_carea' id='block_1_50' title="bbox 2109 2251 3766 2312">
    <p class='ocr_par' dir='ltr' id='par_1_50' title="bbox 2109 2251 3766 2312">
     <span class='ocr_line' id='line_1_51' title="bbox 2109 2251 3766 2312; baseline -0.003 -1"><span class='ocrx_word' id='word_1_304' title='bbox 2109 2255 2320 2312; x_wconf 88' lang='lat' dir='ltr'>urbem</span> <span class='ocrx_word' id='word_1_305' title='bbox 2350 2253 2940 2310; x_wconf 71' lang='lat' dir='ltr'>Thessalonicensem</span> <span class='ocrx_word' id='word_1_306' title='bbox 2962 2258 3179 2308; x_wconf 82' lang='lat' dir='ltr'>sanctae</span> <span class='ocrx_word' id='word_1_307' title='bbox 3193 2252 3436 2306; x_wconf 88' lang='lat' dir='ltr'>nomine</span> <span class='ocrx_word' id='word_1_308' title='bbox 3450 2251 3766 2306; x_wconf 88' lang='lat' dir='ltr'>ecclesiam</span> 
     </span>
    </p>
   </div>
   <div class='ocr_carea' id='block_1_51' title="bbox 2109 2343 3065 2415">
    <p class='ocr_par' dir='ltr' id='par_1_51' title="bbox 2109 2343 3065 2415">
     <span class='ocr_line' id='line_1_52' title="bbox 2109 2343 3065 2415; baseline -0.004 -14"><span class='ocrx_word' id='word_1_309' title='bbox 2109 2344 2496 2410; x_wconf 85' lang='lat' dir='ltr'>condidisset,</span> <span class='ocrx_word' id='word_1_310' title='bbox 2530 2344 2609 2399; x_wconf 92' lang='lat' dir='ltr'>ibi</span> <span class='ocrx_word' id='word_1_311' title='bbox 2642 2360 2741 2399; x_wconf 91' lang='lat' dir='ltr'>eas</span> <span class='ocrx_word' id='word_1_312' title='bbox 2771 2343 3065 2415; x_wconf 90' lang='lat' dir='ltr'>deposuit.</span> 
     </span>
    </p>
   </div>
   <div class='ocr_carea' id='block_1_52' title="bbox 2105 2449 3759 2521">
    <p class='ocr_par' dir='ltr' id='par_1_52' title="bbox 2105 2449 3759 2521">
     <span class='ocr_line' id='line_1_53' title="bbox 2105 2449 3759 2521; baseline -0.004 -10"><span class='ocrx_word' id='word_1_313' title='bbox 2105 2457 2177 2512; x_wconf 84' lang='lat' dir='ltr'>Et</span> <span class='ocrx_word' id='word_1_314' title='bbox 2221 2461 2495 2511; x_wconf 81' lang='lat' dir='ltr'>certamen</span> <span class='ocrx_word' id='word_1_315' title='bbox 2552 2455 2732 2509; x_wconf 83' lang='lat' dir='ltr'>sancti</span> <span class='ocrx_word' id='word_1_316' title='bbox 2786 2453 3021 2521; x_wconf 81' lang='lat' dir='ltr'>apostoli</span> <span class='ocrx_word' id='word_1_317' title='bbox 3069 2449 3418 2517; x_wconf 83' lang='lat' dir='ltr'>Herodionis,</span> <span class='ocrx_word' id='word_1_318' title='bbox 3474 2451 3638 2506; x_wconf 80' lang='lat' dir='ltr'>unius</span> <span class='ocrx_word' id='word_1_319' title='bbox 3689 2465 3759 2505; x_wconf 71' lang='lat' dir='ltr'>ea:</span> 
     </span>
    </p>
   </div>
   <div class='ocr_carea' id='block_1_53' title="bbox 2735 2525 3123 2595">
    <p class='ocr_par' dir='ltr' id='par_1_53' title="bbox 2735 2525 3123 2595">
     <span class='ocr_line' id='line_1_54' title="bbox 2735 2525 3123 2595; baseline -0.005 -16"><span class='ocrx_word' id='word_1_320' title='bbox 2735 2525 3123 2595; x_wconf 78' lang='lat' dir='ltr'>Septuaginta.</span> 
     </span>
    </p>
   </div>
   <div class='ocr_carea' id='block_1_54' title="bbox 2176 2629 3757 2703">
    <p class='ocr_par' dir='ltr' id='par_1_54' title="bbox 2176 2629 3757 2703">
     <span class='ocr_line' id='line_1_55' title="bbox 2176 2629 3757 2703; baseline -0.004 -13"><span class='ocrx_word' id='word_1_321' title='bbox 2176 2633 2475 2690; x_wconf 88' lang='lat' dir='ltr'>Herodion</span> <span class='ocrx_word' id='word_1_322' title='bbox 2505 2632 2721 2688; x_wconf 64' lang='lat' dir='ltr'>Christi</span> <span class='ocrx_word' id='word_1_323' title='bbox 2752 2631 3256 2703; x_wconf 82' lang='lat' dir='ltr'>apostolus,unus</span> <span class='ocrx_word' id='word_1_324' title='bbox 3288 2647 3357 2686; x_wconf 85' lang='lat' dir='ltr'>ex</span> <span class='ocrx_word' id='word_1_325' title='bbox 3380 2629 3757 2702; x_wconf 78' lang='lat' dir='ltr'>septuaginta</span> 
     </span>
    </p>
   </div>
   <div class='ocr_carea' id='block_1_55' title="bbox 2103 2720 3755 2796">
    <p class='ocr_par' dir='ltr' id='par_1_55' title="bbox 2103 2720 3755 2796">
     <span class='ocr_line' id='line_1_56' title="bbox 2103 2720 3755 2796; baseline -0.004 -16"><span class='ocrx_word' id='word_1_326' title='bbox 2103 2724 2438 2796; x_wconf 89' lang='lat' dir='ltr'>discipulis,</span> <span class='ocrx_word' id='word_1_327' title='bbox 2464 2728 2700 2778; x_wconf 86' lang='lat' dir='ltr'>sanctos</span> <span class='ocrx_word' id='word_1_328' title='bbox 2735 2721 3037 2793; x_wconf 90' lang='lat' dir='ltr'>apostolos</span> <span class='ocrx_word' id='word_1_329' title='bbox 3070 2729 3327 2780; x_wconf 83' lang='lat' dir='ltr'>secutus.</span> <span class='ocrx_word' id='word_1_330' title='bbox 3362 2720 3755 2791; x_wconf 68' lang='lat' dir='ltr'>illosadjuva-</span> 
     </span>
    </p>
   </div>
   <div class='ocr_carea' id='block_1_56' title="bbox 2101 2811 3756 2883">
    <p class='ocr_par' dir='ltr' id='par_1_56' title="bbox 2101 2811 3756 2883">
     <span class='ocr_line' id='line_1_57' title="bbox 2101 2811 3756 2883; baseline -0.004 -13"><span class='ocrx_word' id='word_1_331' title='bbox 2101 2813 2204 2870; x_wconf 90' lang='lat' dir='ltr'>bat</span> <span class='ocrx_word' id='word_1_332' title='bbox 2233 2813 2293 2868; x_wconf 88' lang='lat' dir='ltr'>in</span> <span class='ocrx_word' id='word_1_333' title='bbox 2307 2812 2522 2868; x_wconf 88' lang='lat' dir='ltr'>Christi</span> <span class='ocrx_word' id='word_1_334' title='bbox 2555 2811 2997 2883; x_wconf 65' lang='lat' dir='ltr'>praedicatione,</span> <span class='ocrx_word' id='word_1_335' title='bbox 3019 2811 3078 2866; x_wconf 88' lang='lat' dir='ltr'>in</span> <span class='ocrx_word' id='word_1_336' title='bbox 3107 2811 3384 2867; x_wconf 88' lang='lat' dir='ltr'>omnibus</span> <span class='ocrx_word' id='word_1_337' title='bbox 3410 2811 3756 2866; x_wconf 82' lang='lat' dir='ltr'>ministrans</span> 
     </span>
    </p>
   </div>
   <div class='ocr_carea' id='block_1_57' title="bbox 2104 2901 3758 2973">
    <p class='ocr_par' dir='ltr' id='par_1_57' title="bbox 2104 2901 3758 2973">
     <span class='ocr_line' id='line_1_58' title="bbox 2104 2901 3758 2973; baseline -0.002 -14"><span class='ocrx_word' id='word_1_338' title='bbox 2104 2904 2209 2970; x_wconf 84' lang='lat' dir='ltr'>eis,</span> <span class='ocrx_word' id='word_1_339' title='bbox 2244 2902 2668 2973; x_wconf 78' lang='lat' dir='ltr'>subjectusque</span> <span class='ocrx_word' id='word_1_340' title='bbox 2690 2909 2974 2972; x_wconf 89' lang='lat' dir='ltr'>tanquam</span> <span class='ocrx_word' id='word_1_341' title='bbox 3001 2901 3216 2956; x_wconf 88' lang='lat' dir='ltr'>Christi</span> <span class='ocrx_word' id='word_1_342' title='bbox 3241 2902 3758 2971; x_wconf 85' lang='lat' dir='ltr'>discipulus.aien-</span> 
     </span>
    </p>
   </div>
   <div class='ocr_carea' id='block_1_58' title="bbox 2103 2991 3756 3062">
    <p class='ocr_par' dir='ltr' id='par_1_58' title="bbox 2103 2991 3756 3062">
     <span class='ocr_line' id='line_1_59' title="bbox 2103 2991 3756 3062; baseline -0.001 -13"><span class='ocrx_word' id='word_1_343' title='bbox 2103 2993 2219 3049; x_wconf 88' lang='lat' dir='ltr'>tis:</span> <span class='ocrx_word' id='word_1_344' title='bbox 2252 2992 2360 3058; x_wconf 90' lang='lat' dir='ltr'>Qui</span> <span class='ocrx_word' id='word_1_345' title='bbox 2383 2991 2513 3046; x_wconf 87' lang='lat' dir='ltr'>vult</span> <span class='ocrx_word' id='word_1_346' title='bbox 2541 2991 2773 3062; x_wconf 89' lang='lat' dir='ltr'>primus</span> <span class='ocrx_word' id='word_1_347' title='bbox 2814 2991 3085 3046; x_wconf 91' lang='lat' dir='ltr'>omnium</span> <span class='ocrx_word' id='word_1_348' title='bbox 3143 3007 3295 3057; x_wconf 91' lang='lat' dir='ltr'>esse,</span> <span class='ocrx_word' id='word_1_349' title='bbox 3334 2991 3436 3045; x_wconf 80' lang='lat' dir='ltr'>ﬁat</span> <span class='ocrx_word' id='word_1_350' title='bbox 3483 2991 3756 3047; x_wconf 90' lang='lat' dir='ltr'>omnium</span> 
     </span>
    </p>
   </div>
   <div class='ocr_carea' id='block_1_59' title="bbox 2105 3079 3758 3152">
    <p class='ocr_par' dir='ltr' id='par_1_59' title="bbox 2105 3079 3758 3152">
     <span class='ocr_line' id='line_1_60' title="bbox 2105 3079 3758 3152; baseline -0.003 -13"><span class='ocrx_word' id='word_1_351' title='bbox 2105 3099 2330 3149; x_wconf 76' lang='lat' dir='ltr'>servus,</span> <span class='ocrx_word' id='word_1_352' title='bbox 2377 3097 2765 3152; x_wconf 80' lang='lat' dir='ltr'>omniumque</span> <span class='ocrx_word' id='word_1_353' title='bbox 2799 3079 3093 3136; x_wconf 88' lang='lat' dir='ltr'>minister.</span> <span class='ocrx_word' id='word_1_354' title='bbox 3128 3081 3343 3135; x_wconf 84' lang='lat' dir='ltr'>Postea</span> <span class='ocrx_word' id='word_1_355' title='bbox 3393 3097 3528 3135; x_wconf 91' lang='lat' dir='ltr'>vero</span> <span class='ocrx_word' id='word_1_356' title='bbox 3561 3080 3633 3135; x_wconf 84' lang='lat' dir='ltr'>ab</span> <span class='ocrx_word' id='word_1_357' title='bbox 3685 3079 3758 3134; x_wconf 88' lang='lat' dir='ltr'>iis</span> 
     </span>
    </p>
   </div>
   <div class='ocr_carea' id='block_1_60' title="bbox 2106 3170 3753 3244">
    <p class='ocr_par' dir='ltr' id='par_1_60' title="bbox 2106 3170 3753 3244">
     <span class='ocr_line' id='line_1_61' title="bbox 2106 3170 3753 3244; baseline -0.002 -16"><span class='ocrx_word' id='word_1_358' title='bbox 2106 3172 2421 3244; x_wconf 84' lang='lat' dir='ltr'>episcopus</span> <span class='ocrx_word' id='word_1_359' title='bbox 2468 3171 2634 3226; x_wconf 89' lang='lat' dir='ltr'>urbis</span> <span class='ocrx_word' id='word_1_360' title='bbox 2692 3172 2984 3226; x_wconf 86' lang='lat' dir='ltr'>Novarum</span> <span class='ocrx_word' id='word_1_361' title='bbox 3044 3172 3352 3225; x_wconf 86' lang='lat' dir='ltr'>Patrarum</span> <span class='ocrx_word' id='word_1_362' title='bbox 3425 3170 3753 3236; x_wconf 88' lang='lat' dir='ltr'>ordinatus,</span> 
     </span>
    </p>
   </div>
   <div class='ocr_carea' id='block_1_61' title="bbox 327 3259 1995 3342">
    <p class='ocr_par' dir='ltr' id='par_1_61' title="bbox 327 3263 1990 3342">
     <span class='ocr_line' id='line_1_62' title="bbox 327 3263 1990 3342; baseline -0.004 -16"><span class='ocrx_word' id='word_1_363' title='bbox 327 3275 543 3342; x_wconf 69' lang='grc' dir='ltr'>τονήθη</span> <span class='ocrx_word' id='word_1_364' title='bbox 577 3269 878 3329; x_wconf 76' lang='grc' dir='ltr'>ἐπίσκοπος</span> <span class='ocrx_word' id='word_1_365' title='bbox 909 3263 1125 3328; x_wconf 86' lang='grc' dir='ltr'>πόλεως</span> <span class='ocrx_word' id='word_1_366' title='bbox 1159 3266 1305 3320; x_wconf 76' lang='grc' dir='ltr'>Νὲων</span> <span class='ocrx_word' id='word_1_367' title='bbox 1341 3268 1588 3335; x_wconf 82' lang='grc' dir='ltr'>Πατρῶν,</span> <span class='ocrx_word' id='word_1_368' title='bbox 1621 3264 1709 3320; x_wconf 77' lang='grc' dir='ltr'>καὶ</span> <span class='ocrx_word' id='word_1_369' title='bbox 1741 3263 1990 3328; x_wconf 74' lang='grc' dir='ltr'>πολλοὺς</span> 
     </span>
    </p>
   </div>
   <div class='ocr_carea' id='block_1_62' title="bbox 2110 3259 3751 3342">
    <p class='ocr_par' dir='ltr' id='par_1_62' title="bbox 2110 3259 3751 3317">
     <span class='ocr_line' id='line_1_63' title="bbox 2110 3259 3751 3317; baseline -0.001 -1"><span class='ocrx_word' id='word_1_370' title='bbox 2110 3261 2327 3317; x_wconf 89' lang='lat' dir='ltr'>multos</span> <span class='ocrx_word' id='word_1_371' title='bbox 2359 3263 2697 3317; x_wconf 75' lang='lat' dir='ltr'>Graecorum</span> <span class='ocrx_word' id='word_1_372' title='bbox 2729 3259 2803 3315; x_wconf 90' lang='lat' dir='ltr'>ad</span> <span class='ocrx_word' id='word_1_373' title='bbox 2825 3260 3141 3315; x_wconf 89' lang='lat' dir='ltr'>Dominum</span> <span class='ocrx_word' id='word_1_374' title='bbox 3175 3259 3447 3314; x_wconf 89' lang='lat' dir='ltr'>doctrina</span> <span class='ocrx_word' id='word_1_375' title='bbox 3472 3277 3580 3315; x_wconf 89' lang='lat' dir='ltr'>sua</span> <span class='ocrx_word' id='word_1_376' title='bbox 3609 3276 3751 3314; x_wconf 48' lang='lat' dir='ltr'>con.</span> 
     </span>
    </p>
   </div>
   <div class='ocr_carea' id='block_1_63' title="bbox 330 3350 1990 3432">
    <p class='ocr_par' dir='ltr' id='par_1_63' title="bbox 330 3350 1990 3432">
     <span class='ocr_line' id='line_1_64' title="bbox 330 3350 1990 3432; baseline -0.005 -13"><span class='ocrx_word' id='word_1_377' title='bbox 330 3361 394 3419; x_wconf 77' lang='grc' dir='ltr'>ἐκ</span> <span class='ocrx_word' id='word_1_378' title='bbox 419 3366 532 3417; x_wconf 81' lang='grc' dir='ltr'>τῶν</span> <span class='ocrx_word' id='word_1_379' title='bbox 557 3358 850 3429; x_wconf 71' lang='grc' dir='ltr'>Ἑλλήνων</span> <span class='ocrx_word' id='word_1_380' title='bbox 889 3353 1156 3411; x_wconf 72' lang='grc' dir='ltr'>διδάσκων</span> <span class='ocrx_word' id='word_1_381' title='bbox 1216 3350 1534 3432; x_wconf 72' lang='grc' dir='ltr'>ἐπέστρεφεν</span> <span class='ocrx_word' id='word_1_382' title='bbox 1591 3351 1678 3410; x_wconf 77' lang='grc' dir='ltr'>ἐπὶ</span> <span class='ocrx_word' id='word_1_383' title='bbox 1733 3356 1824 3410; x_wconf 85' lang='grc' dir='ltr'>τὸν</span> <span class='ocrx_word' id='word_1_384' title='bbox 1885 3356 1990 3410; x_wconf 81' lang='grc' dir='ltr'>Κύ-</span> 
     </span>
    </p>
   </div>
   <div class='ocr_carea' id='block_1_64' title="bbox 336 3442 1990 3528">
    <p class='ocr_par' dir='ltr' id='par_1_64' title="bbox 336 3442 1990 3528">
     <span class='ocr_line' id='line_1_65' title="bbox 336 3442 1990 3528; baseline -0.004 -21"><span class='ocrx_word' id='word_1_385' title='bbox 336 3473 478 3528; x_wconf 87' lang='grc' dir='ltr'>ριον.</span> <span class='ocrx_word' id='word_1_386' title='bbox 511 3451 893 3520; x_wconf 71' lang='grc' dir='ltr'>Φθονήσαντες</span> <span class='ocrx_word' id='word_1_387' title='bbox 921 3445 978 3502; x_wconf 72' lang='grc' dir='ltr'>δὲ</span> <span class='ocrx_word' id='word_1_388' title='bbox 1018 3447 1071 3502; x_wconf 79' lang='grc' dir='ltr'>οἱ</span> <span class='ocrx_word' id='word_1_389' title='bbox 1127 3442 1408 3518; x_wconf 85' lang='grc' dir='ltr'>Ἰουδαῖοι,</span> <span class='ocrx_word' id='word_1_390' title='bbox 1465 3445 1555 3500; x_wconf 85' lang='grc' dir='ltr'>καὶ</span> <span class='ocrx_word' id='word_1_391' title='bbox 1614 3444 1990 3508; x_wconf 77' lang='grc' dir='ltr'>ἐπισυστάντες</span> 
     </span>
    </p>
   </div>
   <div class='ocr_carea' id='block_1_65' title="bbox 340 3532 1986 3610">
    <p class='ocr_par' dir='ltr' id='par_1_65' title="bbox 340 3532 1986 3610">
     <span class='ocr_line' id='line_1_66' title="bbox 340 3532 1986 3610; baseline -0.004 -15"><span class='ocrx_word' id='word_1_392' title='bbox 340 3539 425 3595; x_wconf 72' lang='grc' dir='ltr'>ἐπ’</span> <span class='ocrx_word' id='word_1_393' title='bbox 454 3538 611 3593; x_wconf 69' lang='grc' dir='ltr'>αὐτὸν</span> <span class='ocrx_word' id='word_1_394' title='bbox 645 3537 779 3610; x_wconf 82' lang='grc' dir='ltr'>μετᾶ</span> <span class='ocrx_word' id='word_1_395' title='bbox 814 3540 924 3591; x_wconf 81' lang='grc' dir='ltr'>τῶν</span> <span class='ocrx_word' id='word_1_396' title='bbox 959 3533 1404 3608; x_wconf 60' lang='grc' dir='ltr'>εἴδωλολατρῶν,</span> <span class='ocrx_word' id='word_1_397' title='bbox 1466 3532 1767 3606; x_wconf 76' lang='grc' dir='ltr'>ἐκράτησας</span> <span class='ocrx_word' id='word_1_398' title='bbox 1825 3533 1986 3588; x_wconf 74' lang='grc' dir='ltr'>αὑτὸν</span> 
     </span>
    </p>
   </div>
   <div class='ocr_carea' id='block_1_66' title="bbox 345 3620 1992 3698">
    <p class='ocr_par' dir='ltr' id='par_1_66' title="bbox 345 3620 1992 3698">
     <span class='ocr_line' id='line_1_67' title="bbox 345 3620 1992 3698; baseline -0.003 -17"><span class='ocrx_word' id='word_1_399' title='bbox 345 3626 444 3682; x_wconf 81' lang='grc' dir='ltr'>καὶ</span> <span class='ocrx_word' id='word_1_400' title='bbox 501 3620 804 3679; x_wconf 73' lang='grc' dir='ltr'>ὲὸασάνισαν</span> <span class='ocrx_word' id='word_1_401' title='bbox 880 3622 1148 3698; x_wconf 68' lang='grc' dir='ltr'>ἴσχυρῶς,</span> <span class='ocrx_word' id='word_1_402' title='bbox 1207 3622 1260 3676; x_wconf 72' lang='grc' dir='ltr'>οἱ</span> <span class='ocrx_word' id='word_1_403' title='bbox 1321 3623 1414 3696; x_wconf 78' lang='grc' dir='ltr'>μὶν</span> <span class='ocrx_word' id='word_1_404' title='bbox 1478 3620 1762 3690; x_wconf 70' lang='grc' dir='ltr'>τύπτοτες,</span> <span class='ocrx_word' id='word_1_405' title='bbox 1822 3622 1876 3676; x_wconf 83' lang='lat' dir='ltr'>ol</span> <span class='ocrx_word' id='word_1_406' title='bbox 1934 3620 1992 3676; x_wconf 75' lang='grc' dir='ltr'>δὲ</span> 
     </span>
    </p>
   </div>
   <div class='ocr_carea' id='block_1_67' title="bbox 350 3706 1992 3788">
    <p class='ocr_par' dir='ltr' id='par_1_67' title="bbox 350 3706 1992 3788">
     <span class='ocr_line' id='line_1_68' title="bbox 350 3706 1992 3788; baseline -0.003 -17"><span class='ocrx_word' id='word_1_407' title='bbox 350 3714 539 3778; x_wconf 81' lang='grc' dir='ltr'>λίθοις</span> <span class='ocrx_word' id='word_1_408' title='bbox 592 3713 653 3768; x_wconf 84' lang='grc' dir='ltr'>τὸ</span> <span class='ocrx_word' id='word_1_409' title='bbox 708 3714 875 3788; x_wconf 83' lang='grc' dir='ltr'>στόμα</span> <span class='ocrx_word' id='word_1_410' title='bbox 930 3706 1329 3787; x_wconf 78' lang='grc' dir='ltr'>συντρίϐοντες,</span> <span class='ocrx_word' id='word_1_411' title='bbox 1388 3710 1553 3767; x_wconf 80' lang='grc' dir='ltr'>ἄλλοι</span> <span class='ocrx_word' id='word_1_412' title='bbox 1613 3709 1800 3782; x_wconf 72' lang='grc' dir='ltr'>ξύλοις</span> <span class='ocrx_word' id='word_1_413' title='bbox 1855 3711 1992 3766; x_wconf 82' lang='grc' dir='ltr'>κατᾶ</span> 
     </span>
    </p>
   </div>
   <div class='ocr_carea' id='block_1_68' title="bbox 348 3799 1992 3881">
    <p class='ocr_par' dir='ltr' id='par_1_68' title="bbox 348 3799 1992 3881">
     <span class='ocr_line' id='line_1_69' title="bbox 348 3799 1992 3881; baseline -0.001 -24"><span class='ocrx_word' id='word_1_414' title='bbox 348 3801 597 3881; x_wconf 70' lang='grc' dir='ltr'>κεφαλὴν</span> <span class='ocrx_word' id='word_1_415' title='bbox 660 3802 960 3864; x_wconf 80' lang='grc' dir='ltr'>πταίοντες.</span> <span class='ocrx_word' id='word_1_416' title='bbox 1033 3803 1162 3859; x_wconf 84' lang='grc' dir='ltr'>Εἶτα</span> <span class='ocrx_word' id='word_1_417' title='bbox 1232 3799 1480 3876; x_wconf 79' lang='grc' dir='ltr'>μαχαίρᾳ</span> <span class='ocrx_word' id='word_1_418' title='bbox 1556 3799 1859 3875; x_wconf 71' lang='grc' dir='ltr'>ἀπέσφαξαν</span> <span class='ocrx_word' id='word_1_419' title='bbox 1940 3801 1992 3856; x_wconf 75' lang='grc' dir='ltr'>οἱ</span> 
     </span>
    </p>
   </div>
   <div class='ocr_carea' id='block_1_69' title="bbox 344 3885 1992 3968">
    <p class='ocr_par' dir='ltr' id='par_1_69' title="bbox 344 3885 1992 3968">
     <span class='ocr_line' id='line_1_70' title="bbox 344 3885 1992 3968; baseline -0.003 -18"><span class='ocrx_word' id='word_1_420' title='bbox 344 3893 567 3967; x_wconf 75' lang='grc' dir='ltr'>ἄνομοι,</span> <span class='ocrx_word' id='word_1_421' title='bbox 623 3891 712 3948; x_wconf 81' lang='grc' dir='ltr'>καὶ</span> <span class='ocrx_word' id='word_1_422' title='bbox 769 3889 976 3968; x_wconf 76' lang='grc' dir='ltr'>ἄγριοι,</span> <span class='ocrx_word' id='word_1_423' title='bbox 1030 3891 1121 3946; x_wconf 82' lang='grc' dir='ltr'>καὶ</span> <span class='ocrx_word' id='word_1_424' title='bbox 1198 3885 1495 3966; x_wconf 75' lang='grc' dir='ltr'>αἱμοόόροι</span> <span class='ocrx_word' id='word_1_425' title='bbox 1567 3897 1751 3966; x_wconf 81' lang='grc' dir='ltr'>θῆρες,</span> <span class='ocrx_word' id='word_1_426' title='bbox 1808 3889 1992 3966; x_wconf 80' lang='grc' dir='ltr'>ὥσπερ</span> 
     </span>
    </p>
   </div>
   <div class='ocr_carea' id='block_1_70' title="bbox 335 3976 1990 4059">
    <p class='ocr_par' dir='ltr' id='par_1_70' title="bbox 335 3976 1990 4059">
     <span class='ocr_line' id='line_1_71' title="bbox 335 3976 1990 4059; baseline -0.004 -19"><span class='ocrx_word' id='word_1_427' title='bbox 335 3983 492 4059; x_wconf 82' lang='grc' dir='ltr'>κριὸν</span> <span class='ocrx_word' id='word_1_428' title='bbox 523 3981 823 4056; x_wconf 79' lang='grc' dir='ltr'>ἐπίσημον·</span> <span class='ocrx_word' id='word_1_429' title='bbox 884 3979 976 4036; x_wconf 84' lang='grc' dir='ltr'>καὶ</span> <span class='ocrx_word' id='word_1_430' title='bbox 1030 3979 1174 4036; x_wconf 75' lang='grc' dir='ltr'>οὕτω</span> <span class='ocrx_word' id='word_1_431' title='bbox 1225 3976 1508 4054; x_wconf 80' lang='grc' dir='ltr'>παρέδωκε</span> <span class='ocrx_word' id='word_1_432' title='bbox 1561 3980 1663 4048; x_wconf 76' lang='grc' dir='ltr'>τὴν</span> <span class='ocrx_word' id='word_1_433' title='bbox 1724 3979 1990 4056; x_wconf 82' lang='grc' dir='ltr'>μακαρίαν</span> 
     </span>
    </p>
   </div>
   <div class='ocr_carea' id='block_1_71' title="bbox 334 4065 1990 4147">
    <p class='ocr_par' dir='ltr' id='par_1_71' title="bbox 334 4065 1990 4147">
     <span class='ocr_line' id='line_1_72' title="bbox 334 4065 1990 4147; baseline -0.004 -17"><span class='ocrx_word' id='word_1_434' title='bbox 334 4073 506 4130; x_wconf 74' lang='grc' dir='ltr'>αὐτοῦ</span> <span class='ocrx_word' id='word_1_435' title='bbox 535 4072 726 4147; x_wconf 76' lang='grc' dir='ltr'>ψυχήν</span> <span class='ocrx_word' id='word_1_436' title='bbox 779 4074 860 4144; x_wconf 81' lang='grc' dir='ltr'>τῷ</span> <span class='ocrx_word' id='word_1_437' title='bbox 917 4069 1121 4145; x_wconf 78' lang='grc' dir='ltr'>Κυρίῳ,</span> <span class='ocrx_word' id='word_1_438' title='bbox 1180 4065 1251 4124; x_wconf 87' lang='grc' dir='ltr'>δι’</span> <span class='ocrx_word' id='word_1_439' title='bbox 1305 4069 1367 4125; x_wconf 79' lang='grc' dir='ltr'>’ὃν</span> <span class='ocrx_word' id='word_1_440' title='bbox 1422 4068 1515 4124; x_wconf 83' lang='grc' dir='ltr'>τὸν</span> <span class='ocrx_word' id='word_1_441' title='bbox 1578 4067 1753 4144; x_wconf 88' lang='grc' dir='ltr'>βίαιον</span> <span class='ocrx_word' id='word_1_442' title='bbox 1788 4068 1990 4141; x_wconf 72' lang='grc' dir='ltr'>ὑπέστη</span> 
     </span>
    </p>
   </div>
   <div class='ocr_carea' id='block_1_72' title="bbox 340 4164 590 4228">
    <p class='ocr_par' dir='ltr' id='par_1_72' title="bbox 340 4164 590 4228">
     <span class='ocr_line' id='line_1_73' title="bbox 340 4164 590 4228; baseline 0 -10"><span class='ocrx_word' id='word_1_443' title='bbox 340 4164 501 4228; x_wconf 66' lang='grc' dir='ltr'>θάνατ</span> <span class='ocrx_word' id='word_1_444' title='bbox 507 4184 566 4218; x_wconf 79' lang='grc' dir='ltr'>ον</span> <span class='ocrx_word' id='word_1_445' title='bbox 577 4205 590 4218; x_wconf 93' lang='grc'><strong>.</strong></span> 
     </span>
    </p>
   </div>
   <div class='ocr_carea' id='block_1_73' title="bbox 437 4263 1885 4343">
    <p class='ocr_par' dir='ltr' id='par_1_73' title="bbox 437 4263 1885 4343">
     <span class='ocr_line' id='line_1_74' title="bbox 437 4263 1885 4343; baseline -0.006 -15"><span class='ocrx_word' id='word_1_446' title='bbox 437 4269 542 4328; x_wconf 83' lang='grc' dir='ltr'>Καὶ</span> <span class='ocrx_word' id='word_1_447' title='bbox 579 4268 777 4343; x_wconf 72' lang='grc' dir='ltr'>μνήμη</span> <span class='ocrx_word' id='word_1_448' title='bbox 834 4269 934 4322; x_wconf 84' lang='grc' dir='ltr'>τοῦ</span> <span class='ocrx_word' id='word_1_449' title='bbox 965 4263 1118 4321; x_wconf 78' lang='grc' dir='ltr'>ὁσίου</span> <span class='ocrx_word' id='word_1_450' title='bbox 1152 4265 1365 4343; x_wconf 82' lang='grc' dir='ltr'>Πατρὸς</span> <span class='ocrx_word' id='word_1_451' title='bbox 1394 4266 1562 4340; x_wconf 74' lang='grc' dir='ltr'>ἡμῶν</span> <span class='ocrx_word' id='word_1_452' title='bbox 1596 4265 1885 4342; x_wconf 82' lang='grc' dir='ltr'>’Πσυχίου.</span> 
     </span>
    </p>
   </div>
   <div class='ocr_carea' id='block_1_74' title="bbox 404 4386 1992 4470">
    <p class='ocr_par' dir='ltr' id='par_1_74' title="bbox 404 4386 1992 4470">
     <span class='ocr_line' id='line_1_75' title="bbox 404 4386 1992 4470; baseline -0.003 -20"><span class='ocrx_word' id='word_1_453' title='bbox 404 4389 736 4470; x_wconf 71' lang='grc' dir='ltr'>Ἦσῦχιοςδ</span> <span class='ocrx_word' id='word_1_454' title='bbox 777 4386 830 4448; x_wconf 80' lang='grc' dir='ltr'>ἔν</span> <span class='ocrx_word' id='word_1_455' title='bbox 886 4390 1063 4467; x_wconf 79' lang='grc' dir='ltr'>ἁγίοις</span> <span class='ocrx_word' id='word_1_456' title='bbox 1119 4392 1306 4465; x_wconf 76' lang='grc' dir='ltr'>Πατὴρ</span> <span class='ocrx_word' id='word_1_457' title='bbox 1363 4392 1551 4464; x_wconf 74' lang='grc' dir='ltr'>ἡμῶν,</span> <span class='ocrx_word' id='word_1_458' title='bbox 1618 4391 1840 4467; x_wconf 77' lang='grc' dir='ltr'>ὑπῆρχε</span> <span class='ocrx_word' id='word_1_459' title='bbox 1897 4392 1992 4465; x_wconf 79' lang='grc' dir='ltr'>μὶν</span> 
     </span>
    </p>
   </div>
   <div class='ocr_carea' id='block_1_75' title="bbox 323 4477 1993 4557">
    <p class='ocr_par' dir='ltr' id='par_1_75' title="bbox 323 4477 1993 4557">
     <span class='ocr_line' id='line_1_76' title="bbox 323 4477 1993 4557; baseline -0.004 -14"><span class='ocrx_word' id='word_1_460' title='bbox 323 4483 870 4557; x_wconf 76' lang='grc' dir='ltr'>τῶνῚεροσολῦμων</span> <span class='ocrx_word' id='word_1_461' title='bbox 929 4483 1017 4537; x_wconf 84' lang='grc' dir='ltr'>καὶ</span> <span class='ocrx_word' id='word_1_462' title='bbox 1080 4483 1330 4556; x_wconf 80' lang='grc' dir='ltr'>γέννημα</span> <span class='ocrx_word' id='word_1_463' title='bbox 1377 4481 1468 4536; x_wconf 82' lang='grc' dir='ltr'>καὶ</span> <span class='ocrx_word' id='word_1_464' title='bbox 1520 4477 1757 4555; x_wconf 73' lang='grc' dir='ltr'>θρέμμα·</span> <span class='ocrx_word' id='word_1_465' title='bbox 1820 4487 1993 4537; x_wconf 79' lang='grc' dir='ltr'>πᾶσαν</span> 
     </span>
    </p>
   </div>
   <div class='ocr_carea' id='block_1_76' title="bbox 331 4570 1992 4652">
    <p class='ocr_par' dir='ltr' id='par_1_76' title="bbox 331 4570 1992 4652">
     <span class='ocr_line' id='line_1_77' title="bbox 331 4570 1992 4652; baseline -0.002 -21"><span class='ocrx_word' id='word_1_466' title='bbox 331 4573 392 4632; x_wconf 78' lang='grc' dir='ltr'>δὶ</span> <span class='ocrx_word' id='word_1_467' title='bbox 424 4575 647 4652; x_wconf 66' lang='grc' dir='ltr'>Γραφήν</span> <span class='ocrx_word' id='word_1_468' title='bbox 680 4572 758 4637; x_wconf 57' lang='grc' dir='ltr'>εἷς</span> <span class='ocrx_word' id='word_1_469' title='bbox 789 4573 952 4647; x_wconf 66' lang='grc' dir='ltr'>ἄκρον</span> <span class='ocrx_word' id='word_1_470' title='bbox 984 4570 1378 4642; x_wconf 79' lang='grc' dir='ltr'>ἐκμελετήσας,</span> <span class='ocrx_word' id='word_1_471' title='bbox 1426 4570 1734 4643; x_wconf 68' lang='grc' dir='ltr'>ἐπλούτησε</span> <span class='ocrx_word' id='word_1_472' title='bbox 1789 4577 1992 4647; x_wconf 84' lang='grc' dir='ltr'>γνῶσιν</span> 
     </span>
    </p>
   </div>
   <div class='ocr_carea' id='block_1_77' title="bbox 2095 3348 3753 3419">
    <p class='ocr_par' dir='ltr' id='par_1_77' title="bbox 2095 3348 3753 3419">
     <span class='ocr_line' id='line_1_78' title="bbox 2095 3348 3753 3419; baseline -0.001 -14"><span class='ocrx_word' id='word_1_473' title='bbox 2095 3352 2289 3406; x_wconf 82' lang='lat' dir='ltr'>vertit.</span> <span class='ocrx_word' id='word_1_474' title='bbox 2323 3349 2661 3406; x_wconf 89' lang='lat' dir='ltr'>Invidentes</span> <span class='ocrx_word' id='word_1_475' title='bbox 2679 3357 2878 3404; x_wconf 85' lang='lat' dir='ltr'>autem</span> <span class='ocrx_word' id='word_1_476' title='bbox 2899 3349 3106 3416; x_wconf 71' lang='lat' dir='ltr'>Judaei,</span> <span class='ocrx_word' id='word_1_477' title='bbox 3138 3348 3294 3403; x_wconf 88' lang='lat' dir='ltr'>facta</span> <span class='ocrx_word' id='word_1_478' title='bbox 3322 3349 3382 3402; x_wconf 92' lang='lat' dir='ltr'>in</span> <span class='ocrx_word' id='word_1_479' title='bbox 3409 3350 3605 3419; x_wconf 90' lang='lat' dir='ltr'>ipsum</span> <span class='ocrx_word' id='word_1_480' title='bbox 3632 3366 3753 3404; x_wconf 89' lang='lat' dir='ltr'>una</span> 
     </span>
    </p>
   </div>
   <div class='ocr_carea' id='block_1_78' title="bbox 2097 3437 3747 3510">
    <p class='ocr_par' dir='ltr' id='par_1_78' title="bbox 2097 3437 3747 3510">
     <span class='ocr_line' id='line_1_79' title="bbox 2097 3437 3747 3510; baseline -0.002 -14"><span class='ocrx_word' id='word_1_481' title='bbox 2097 3457 2231 3496; x_wconf 87' lang='lat' dir='ltr'>cum</span> <span class='ocrx_word' id='word_1_482' title='bbox 2265 3437 2596 3494; x_wconf 88' lang='lat' dir='ltr'>idololatris</span> <span class='ocrx_word' id='word_1_483' title='bbox 2618 3437 3590 3509; x_wconf 88' lang='lat' dir='ltr'>conspiratione,comprehensum</span> <span class='ocrx_word' id='word_1_484' title='bbox 3614 3455 3747 3510; x_wconf 79' lang='lat' dir='ltr'>gra-</span> 
     </span>
    </p>
   </div>
   <div class='ocr_carea' id='block_1_79' title="bbox 2095 3528 3745 3600">
    <p class='ocr_par' dir='ltr' id='par_1_79' title="bbox 2095 3528 3745 3600">
     <span class='ocr_line' id='line_1_80' title="bbox 2095 3528 3745 3600; baseline -0.002 -14"><span class='ocrx_word' id='word_1_485' title='bbox 2095 3531 2354 3586; x_wconf 87' lang='lat' dir='ltr'>vissimis</span> <span class='ocrx_word' id='word_1_486' title='bbox 2381 3529 2741 3585; x_wconf 88' lang='lat' dir='ltr'>cruciatibus</span> <span class='ocrx_word' id='word_1_487' title='bbox 2759 3529 3172 3596; x_wconf 85' lang='lat' dir='ltr'>vexarunt,alii</span> <span class='ocrx_word' id='word_1_488' title='bbox 3194 3528 3435 3600; x_wconf 87' lang='lat' dir='ltr'>quidem</span> <span class='ocrx_word' id='word_1_489' title='bbox 3460 3545 3596 3584; x_wconf 90' lang='lat' dir='ltr'>eum</span> <span class='ocrx_word' id='word_1_490' title='bbox 3618 3547 3745 3584; x_wconf 88' lang='lat' dir='ltr'>ver-</span> 
     </span>
    </p>
   </div>
   <div class='ocr_carea' id='block_1_80' title="bbox 2096 3618 3745 3693">
    <p class='ocr_par' dir='ltr' id='par_1_80' title="bbox 2096 3618 3745 3693">
     <span class='ocr_line' id='line_1_81' title="bbox 2096 3618 3745 3693; baseline -0.001 -16"><span class='ocrx_word' id='word_1_491' title='bbox 2096 3622 2396 3686; x_wconf 88' lang='lat' dir='ltr'>berantes,</span> <span class='ocrx_word' id='word_1_492' title='bbox 2431 3619 2530 3674; x_wconf 90' lang='lat' dir='ltr'>alii</span> <span class='ocrx_word' id='word_1_493' title='bbox 2556 3620 2713 3674; x_wconf 85' lang='lat' dir='ltr'>saxis</span> <span class='ocrx_word' id='word_1_494' title='bbox 2745 3636 2809 3674; x_wconf 90' lang='lat' dir='ltr'>os</span> <span class='ocrx_word' id='word_1_495' title='bbox 2841 3619 2969 3688; x_wconf 83' lang='lat' dir='ltr'>ejus</span> <span class='ocrx_word' id='word_1_496' title='bbox 3001 3625 3401 3687; x_wconf 88' lang='lat' dir='ltr'>conterentes,</span> <span class='ocrx_word' id='word_1_497' title='bbox 3435 3618 3537 3675; x_wconf 89' lang='lat' dir='ltr'>alii</span> <span class='ocrx_word' id='word_1_498' title='bbox 3569 3620 3745 3693; x_wconf 81' lang='lat' dir='ltr'>lignis</span> 
     </span>
    </p>
   </div>
   <div class='ocr_carea' id='block_1_81' title="bbox 2097 3709 3747 3783">
    <p class='ocr_par' dir='ltr' id='par_1_81' title="bbox 2097 3709 3747 3783">
     <span class='ocr_line' id='line_1_82' title="bbox 2097 3709 3747 3783; baseline -0.003 -14"><span class='ocrx_word' id='word_1_499' title='bbox 2097 3717 2276 3783; x_wconf 87' lang='lat' dir='ltr'>caput</span> <span class='ocrx_word' id='word_1_500' title='bbox 2330 3709 2750 3783; x_wconf 88' lang='lat' dir='ltr'>percutientes.</span> <span class='ocrx_word' id='word_1_501' title='bbox 2788 3711 3109 3777; x_wconf 87' lang='lat' dir='ltr'>Postremo,</span> <span class='ocrx_word' id='word_1_502' title='bbox 3137 3715 3418 3780; x_wconf 89' lang='lat' dir='ltr'>tanquam</span> <span class='ocrx_word' id='word_1_503' title='bbox 3451 3710 3747 3765; x_wconf 87' lang='lat' dir='ltr'>illustrem</span> 
     </span>
    </p>
   </div>
   <div class='ocr_carea' id='block_1_82' title="bbox 2098 3797 3750 3871">
    <p class='ocr_par' dir='ltr' id='par_1_82' title="bbox 2098 3797 3750 3871">
     <span class='ocr_line' id='line_1_83' title="bbox 2098 3797 3750 3871; baseline 0.001 -17"><span class='ocrx_word' id='word_1_504' title='bbox 2098 3801 2368 3864; x_wconf 74' lang='lat' dir='ltr'>arietem,</span> <span class='ocrx_word' id='word_1_505' title='bbox 2403 3798 2573 3853; x_wconf 91' lang='lat' dir='ltr'>illum</span> <span class='ocrx_word' id='word_1_506' title='bbox 2597 3797 3550 3871; x_wconf 68' lang='lat' dir='ltr'>crudeles,impim,sanguinisqne</span> <span class='ocrx_word' id='word_1_507' title='bbox 3582 3817 3750 3855; x_wconf 80' lang='lat' dir='ltr'>vora-</span> 
     </span>
    </p>
   </div>
   <div class='ocr_carea' id='block_1_83' title="bbox 2098 3888 3750 3962">
    <p class='ocr_par' dir='ltr' id='par_1_83' title="bbox 2098 3888 3750 3962">
     <span class='ocr_line' id='line_1_84' title="bbox 2098 3888 3750 3962; baseline -0.001 -16"><span class='ocrx_word' id='word_1_508' title='bbox 2098 3906 2197 3946; x_wconf 89' lang='lat' dir='ltr'>ces</span> <span class='ocrx_word' id='word_1_509' title='bbox 2224 3889 2363 3945; x_wconf 69' lang='lat' dir='ltr'>ferte</span> <span class='ocrx_word' id='word_1_510' title='bbox 2393 3888 2589 3962; x_wconf 82' lang='lat' dir='ltr'>gladio</span> <span class='ocrx_word' id='word_1_511' title='bbox 2621 3889 3002 3956; x_wconf 67' lang='lat' dir='ltr'>caeciderunt,</span> <span class='ocrx_word' id='word_1_512' title='bbox 3037 3896 3213 3961; x_wconf 86' lang='lat' dir='ltr'>atque</span> <span class='ocrx_word' id='word_1_513' title='bbox 3244 3889 3325 3945; x_wconf 90' lang='lat' dir='ltr'>ita</span> <span class='ocrx_word' id='word_1_514' title='bbox 3355 3890 3590 3945; x_wconf 87' lang='lat' dir='ltr'>beatam</span> <span class='ocrx_word' id='word_1_515' title='bbox 3613 3891 3750 3945; x_wconf 88' lang='lat' dir='ltr'>ani-</span> 
     </span>
    </p>
   </div>
   <div class='ocr_carea' id='block_1_84' title="bbox 2099 3980 3748 4053">
    <p class='ocr_par' dir='ltr' id='par_1_84' title="bbox 2099 3980 3748 4053">
     <span class='ocr_line' id='line_1_85' title="bbox 2099 3980 3748 4053; baseline 0.001 -17"><span class='ocrx_word' id='word_1_516' title='bbox 2099 3995 2261 4036; x_wconf 88' lang='lat' dir='ltr'>mam</span> <span class='ocrx_word' id='word_1_517' title='bbox 2314 3995 2484 4036; x_wconf 87' lang='lat' dir='ltr'>suam</span> <span class='ocrx_word' id='word_1_518' title='bbox 2543 3980 2791 4035; x_wconf 91' lang='lat' dir='ltr'>Domino</span> <span class='ocrx_word' id='word_1_519' title='bbox 2861 3981 3236 4053; x_wconf 88' lang='lat' dir='ltr'>tradidit,pro</span> <span class='ocrx_word' id='word_1_520' title='bbox 3270 3998 3386 4053; x_wconf 90' lang='lat' dir='ltr'>quo</span> <span class='ocrx_word' id='word_1_521' title='bbox 3426 3981 3748 4038; x_wconf 87' lang='lat' dir='ltr'>violentam</span> 
     </span>
    </p>
   </div>
   <div class='ocr_carea' id='block_1_85' title="bbox 2101 4069 2687 4126">
    <p class='ocr_par' dir='ltr' id='par_1_85' title="bbox 2101 4069 2687 4126">
     <span class='ocr_line' id='line_1_86' title="bbox 2101 4069 2687 4126; baseline -0.002 0"><span class='ocrx_word' id='word_1_522' title='bbox 2101 4075 2357 4126; x_wconf 86' lang='lat' dir='ltr'>mortem</span> <span class='ocrx_word' id='word_1_523' title='bbox 2379 4069 2687 4126; x_wconf 88' lang='lat' dir='ltr'>sustinuit.</span> 
     </span>
    </p>
   </div>
   <div class='ocr_carea' id='block_1_86' title="bbox 2101 4268 3751 4340">
    <p class='ocr_par' dir='ltr' id='par_1_86' title="bbox 2101 4268 3751 4340">
     <span class='ocr_line' id='line_1_87' title="bbox 2101 4268 3751 4340; baseline 0 -16"><span class='ocrx_word' id='word_1_524' title='bbox 2101 4268 2202 4325; x_wconf 71' lang='lat'>83</span> <span class='ocrx_word' id='word_1_525' title='bbox 2226 4270 2298 4324; x_wconf 86' lang='lat' dir='ltr'>Et</span> <span class='ocrx_word' id='word_1_526' title='bbox 2328 4270 2767 4324; x_wconf 82' lang='lat' dir='ltr'>commemoratio</span> <span class='ocrx_word' id='word_1_527' title='bbox 2796 4271 2976 4324; x_wconf 81' lang='lat' dir='ltr'>sancti</span> <span class='ocrx_word' id='word_1_528' title='bbox 3022 4271 3207 4325; x_wconf 80' lang='lat' dir='ltr'>Patris</span> <span class='ocrx_word' id='word_1_529' title='bbox 3267 4268 3448 4325; x_wconf 81' lang='lat' dir='ltr'>nostri</span> <span class='ocrx_word' id='word_1_530' title='bbox 3475 4271 3751 4340; x_wconf 81' lang='lat' dir='ltr'>Hesychii.</span> 
     </span>
    </p>
   </div>
   <div class='ocr_carea' id='block_1_87' title="bbox 2173 4393 3754 4467">
    <p class='ocr_par' dir='ltr' id='par_1_87' title="bbox 2173 4393 3754 4467">
     <span class='ocr_line' id='line_1_88' title="bbox 2173 4393 3754 4467; baseline 0.001 -19"><span class='ocrx_word' id='word_1_531' title='bbox 2173 4393 2423 4448; x_wconf 87' lang='lat' dir='ltr'>Sanctus</span> <span class='ocrx_word' id='word_1_532' title='bbox 2455 4394 2630 4448; x_wconf 69' lang='lat' dir='ltr'>Pater</span> <span class='ocrx_word' id='word_1_533' title='bbox 2656 4399 2863 4448; x_wconf 89' lang='lat' dir='ltr'>noster</span> <span class='ocrx_word' id='word_1_534' title='bbox 2919 4395 3266 4465; x_wconf 82' lang='lat' dir='ltr'>Hesychius,</span> <span class='ocrx_word' id='word_1_535' title='bbox 3331 4395 3754 4467; x_wconf 84' lang='lat' dir='ltr'>Hierosolymis</span> 
     </span>
    </p>
   </div>
   <div class='ocr_carea' id='block_1_88' title="bbox 2103 4482 3756 4554">
    <p class='ocr_par' dir='ltr' id='par_1_88' title="bbox 2103 4482 3756 4554">
     <span class='ocr_line' id='line_1_89' title="bbox 2103 4482 3756 4554; baseline 0.001 -16"><span class='ocrx_word' id='word_1_536' title='bbox 2103 4482 2346 4554; x_wconf 88' lang='lat' dir='ltr'>quidem</span> <span class='ocrx_word' id='word_1_537' title='bbox 2374 4489 2433 4538; x_wconf 90' lang='lat' dir='ltr'>et</span> <span class='ocrx_word' id='word_1_538' title='bbox 2485 4489 2662 4538; x_wconf 89' lang='lat' dir='ltr'>natus</span> <span class='ocrx_word' id='word_1_539' title='bbox 2709 4483 2822 4537; x_wconf 82' lang='lat' dir='ltr'>fuit</span> <span class='ocrx_word' id='word_1_540' title='bbox 2869 4489 2927 4538; x_wconf 90' lang='lat' dir='ltr'>et</span> <span class='ocrx_word' id='word_1_541' title='bbox 2985 4484 3307 4550; x_wconf 89' lang='lat' dir='ltr'>educatus;</span> <span class='ocrx_word' id='word_1_542' title='bbox 3351 4500 3588 4538; x_wconf 90' lang='lat' dir='ltr'>omnem</span> <span class='ocrx_word' id='word_1_543' title='bbox 3620 4502 3756 4539; x_wconf 86' lang='lat' dir='ltr'>vero</span> 
     </span>
    </p>
   </div>
   <div class='ocr_carea' id='block_1_89' title="bbox 2105 4571 3763 4643">
    <p class='ocr_par' dir='ltr' id='par_1_89' title="bbox 2105 4571 3763 4643">
     <span class='ocr_line' id='line_1_90' title="bbox 2105 4571 3763 4643; baseline 0.001 -16"><span class='ocrx_word' id='word_1_544' title='bbox 2105 4571 2470 4643; x_wconf 90' lang='lat' dir='ltr'>Scripturam</span> <span class='ocrx_word' id='word_1_545' title='bbox 2500 4572 2560 4626; x_wconf 90' lang='lat' dir='ltr'>in</span> <span class='ocrx_word' id='word_1_546' title='bbox 2593 4589 2827 4628; x_wconf 91' lang='lat' dir='ltr'>summo</span> <span class='ocrx_word' id='word_1_547' title='bbox 2857 4572 3122 4628; x_wconf 82' lang='lat' dir='ltr'>culmine</span> <span class='ocrx_word' id='word_1_548' title='bbox 3147 4573 3484 4640; x_wconf 86' lang='lat' dir='ltr'>meditatus,</span> <span class='ocrx_word' id='word_1_549' title='bbox 3512 4574 3763 4629; x_wconf 80' lang='lat' dir='ltr'>scientia</span> 
     </span>
    </p>
   </div>
   <div class='ocr_carea' id='block_1_90' title="bbox 332 4631 1995 4738">
    <p class='ocr_par' dir='ltr' id='par_1_90' title="bbox 332 4633 1995 4738">
     <span class='ocr_line' id='line_1_91' title="bbox 332 4633 1995 4738; baseline -0.003 -16"><span class='ocrx_word' id='word_1_550' title='bbox 332 4665 418 4726; x_wconf 76' lang='grc' dir='ltr'>εἷς</span> <span class='ocrx_word' id='word_1_551' title='bbox 447 4633 604 4722; x_wconf 56' lang='grc' dir='ltr'>Θεόν.</span> <span class='ocrx_word' id='word_1_552' title='bbox 641 4663 733 4718; x_wconf 78' lang='grc' dir='ltr'>Διὸ</span> <span class='ocrx_word' id='word_1_553' title='bbox 762 4662 853 4717; x_wconf 87' lang='grc' dir='ltr'>καὶ</span> <span class='ocrx_word' id='word_1_554' title='bbox 900 4663 1288 4738; x_wconf 67' lang='grc' dir='ltr'>ἀναχωρήσας,</span> <span class='ocrx_word' id='word_1_555' title='bbox 1347 4660 1438 4716; x_wconf 81' lang='grc' dir='ltr'>καὶ</span> <span class='ocrx_word' id='word_1_556' title='bbox 1498 4662 1790 4738; x_wconf 81' lang='grc' dir='ltr'>γενόμενος</span> <span class='ocrx_word' id='word_1_557' title='bbox 1825 4684 1995 4736; x_wconf 87' lang='grc' dir='ltr'>μονα-</span> 
     </span>
    </p>
   </div>
   <div class='ocr_carea' id='block_1_91' title="bbox 2110 4631 3766 4738">
    <p class='ocr_par' dir='ltr' id='par_1_91' title="bbox 2110 4631 3766 4734">
     <span class='ocr_line' id='line_1_92' title="bbox 2110 4631 3766 4734; baseline 0.001 -18"><span class='ocrx_word' id='word_1_558' title='bbox 2110 4631 2252 4733; x_wconf 65' lang='lat' dir='ltr'>qua;</span> <span class='ocrx_word' id='word_1_559' title='bbox 2271 4661 2346 4717; x_wconf 91' lang='lat' dir='ltr'>ad</span> <span class='ocrx_word' id='word_1_560' title='bbox 2377 4661 2560 4716; x_wconf 90' lang='lat' dir='ltr'>Deum</span> <span class='ocrx_word' id='word_1_561' title='bbox 2594 4663 3187 4733; x_wconf 89' lang='lat' dir='ltr'>spectat,cumulatus</span> <span class='ocrx_word' id='word_1_562' title='bbox 3201 4631 3686 4734; x_wconf 43' lang='lat' dir='ltr'>est.Quap&#39;r0pter</span> <span class='ocrx_word' id='word_1_563' title='bbox 3707 4670 3766 4718; x_wconf 90' lang='lat' dir='ltr'>et</span> 
     </span>
    </p>
   </div>
   <div class='ocr_carea' id='block_1_92' title="bbox 333 4748 1994 4832">
    <p class='ocr_par' dir='ltr' id='par_1_92' title="bbox 333 4748 1994 4832">
     <span class='ocr_line' id='line_1_93' title="bbox 333 4748 1994 4832; baseline -0.001 -23"><span class='ocrx_word' id='word_1_564' title='bbox 333 4755 464 4832; x_wconf 82' lang='grc' dir='ltr'>χὸς,</span> <span class='ocrx_word' id='word_1_565' title='bbox 500 4748 765 4828; x_wconf 68' lang='grc' dir='ltr'>διέτριϐεν</span> <span class='ocrx_word' id='word_1_566' title='bbox 824 4751 876 4807; x_wconf 75' lang='grc' dir='ltr'>ἰν</span> <span class='ocrx_word' id='word_1_567' title='bbox 935 4756 1054 4814; x_wconf 87' lang='grc' dir='ltr'>ταῖς</span> <span class='ocrx_word' id='word_1_568' title='bbox 1109 4750 1366 4826; x_wconf 76' lang='grc' dir='ltr'>ἐρήμοις,</span> <span class='ocrx_word' id='word_1_569' title='bbox 1414 4751 1797 4827; x_wconf 82' lang='grc' dir='ltr'>ἀπερχόμενος</span> <span class='ocrx_word' id='word_1_570' title='bbox 1855 4753 1994 4826; x_wconf 85' lang='grc' dir='ltr'>πρὸς</span> 
     </span>
    </p>
   </div>
   <div class='ocr_carea' id='block_1_93' title="bbox 333 4837 1996 4914">
    <p class='ocr_par' dir='ltr' id='par_1_93' title="bbox 333 4837 1996 4914">
     <span class='ocr_line' id='line_1_94' title="bbox 333 4837 1996 4914; baseline -0.001 -17"><span class='ocrx_word' id='word_1_571' title='bbox 333 4841 464 4906; x_wconf 77' lang='grc' dir='ltr'>τοὺς</span> <span class='ocrx_word' id='word_1_572' title='bbox 494 4840 608 4897; x_wconf 81' lang='grc' dir='ltr'>ἐκεῖ</span> <span class='ocrx_word' id='word_1_573' title='bbox 635 4839 819 4902; x_wconf 78' lang='grc' dir='ltr'>ὁσίους</span> <span class='ocrx_word' id='word_1_574' title='bbox 867 4841 1124 4913; x_wconf 68' lang='grc' dir='ltr'>πατέρας,</span> <span class='ocrx_word' id='word_1_575' title='bbox 1181 4837 1274 4893; x_wconf 82' lang='grc' dir='ltr'>καὶ</span> <span class='ocrx_word' id='word_1_576' title='bbox 1331 4842 1462 4914; x_wconf 84' lang='grc' dir='ltr'>παρ’</span> <span class='ocrx_word' id='word_1_577' title='bbox 1518 4837 1745 4894; x_wconf 65' lang='grc' dir='ltr'>ἱκάστου</span> <span class='ocrx_word' id='word_1_578' title='bbox 1795 4839 1996 4896; x_wconf 69' lang='grc' dir='ltr'>συλλέ-</span> 
     </span>
    </p>
   </div>
   <div class='ocr_carea' id='block_1_94' title="bbox 331 4927 1988 5008">
    <p class='ocr_par' dir='ltr' id='par_1_94' title="bbox 331 4927 1988 5008">
     <span class='ocr_line' id='line_1_95' title="bbox 331 4927 1988 5008; baseline 0.002 -25"><span class='ocrx_word' id='word_1_579' title='bbox 331 4953 443 5008; x_wconf 79' lang='grc' dir='ltr'>γων</span> <span class='ocrx_word' id='word_1_580' title='bbox 505 4930 573 4986; x_wconf 67' lang='grc' dir='ltr'>τὰ</span> <span class='ocrx_word' id='word_1_581' title='bbox 625 4930 756 5001; x_wconf 79' lang='grc' dir='ltr'>ἄνθη</span> <span class='ocrx_word' id='word_1_582' title='bbox 818 4932 920 4999; x_wconf 76' lang='grc' dir='ltr'>τῆς</span> <span class='ocrx_word' id='word_1_583' title='bbox 979 4930 1197 5004; x_wconf 84' lang='grc' dir='ltr'>ἀρετῆς,</span> <span class='ocrx_word' id='word_1_584' title='bbox 1258 4927 1332 4990; x_wconf 87' lang='grc' dir='ltr'>ὡς</span> <span class='ocrx_word' id='word_1_585' title='bbox 1371 4927 1676 5004; x_wconf 71' lang='grc' dir='ltr'>φιλόπονος</span> <span class='ocrx_word' id='word_1_586' title='bbox 1736 4927 1988 5002; x_wconf 65' lang='grc' dir='ltr'>μέλισσα.</span> 
     </span>
    </p>
   </div>
   <div class='ocr_carea' id='block_1_95' title="bbox 331 5013 1992 5092">
    <p class='ocr_par' dir='ltr' id='par_1_95' title="bbox 331 5013 1992 5092">
     <span class='ocr_line' id='line_1_96' title="bbox 331 5013 1992 5092; baseline -0.004 -16"><span class='ocrx_word' id='word_1_587' title='bbox 331 5017 488 5076; x_wconf 77' lang='grc' dir='ltr'>Ἐπεὶ</span> <span class='ocrx_word' id='word_1_588' title='bbox 519 5015 622 5074; x_wconf 74' lang='grc' dir='ltr'>οὐκ</span> <span class='ocrx_word' id='word_1_589' title='bbox 665 5016 734 5087; x_wconf 75' lang='grc' dir='ltr'>ἦν</span> <span class='ocrx_word' id='word_1_590' title='bbox 789 5013 1014 5072; x_wconf 80' lang='grc' dir='ltr'>δυνατὸν</span> <span class='ocrx_word' id='word_1_591' title='bbox 1047 5014 1318 5084; x_wconf 71' lang='grc' dir='ltr'>τοσαύτην</span> <span class='ocrx_word' id='word_1_592' title='bbox 1379 5013 1566 5077; x_wconf 82' lang='grc' dir='ltr'>λαθεῖν</span> <span class='ocrx_word' id='word_1_593' title='bbox 1614 5015 1835 5091; x_wconf 69' lang='grc' dir='ltr'>ἀρετήν,</span> <span class='ocrx_word' id='word_1_594' title='bbox 1873 5016 1992 5092; x_wconf 77' lang='grc' dir='ltr'>βια-</span> 
     </span>
    </p>
   </div>
   <div class='ocr_carea' id='block_1_96' title="bbox 334 5102 1990 5184">
    <p class='ocr_par' dir='ltr' id='par_1_96' title="bbox 334 5102 1990 5184">
     <span class='ocr_line' id='line_1_97' title="bbox 334 5102 1990 5184; baseline -0.002 -20"><span class='ocrx_word' id='word_1_595' title='bbox 334 5109 480 5172; x_wconf 76' lang='grc' dir='ltr'>σθεὶς</span> <span class='ocrx_word' id='word_1_596' title='bbox 519 5107 668 5184; x_wconf 68' lang='grc' dir='ltr'>παρὰ</span> <span class='ocrx_word' id='word_1_597' title='bbox 719 5110 818 5162; x_wconf 90' lang='grc' dir='ltr'>τοῦ</span> <span class='ocrx_word' id='word_1_598' title='bbox 865 5107 988 5161; x_wconf 84' lang='grc' dir='ltr'>τότε</span> <span class='ocrx_word' id='word_1_599' title='bbox 1039 5104 1345 5180; x_wconf 69' lang='grc' dir='ltr'>ἀρχιερέως</span> <span class='ocrx_word' id='word_1_600' title='bbox 1405 5107 1512 5160; x_wconf 80' lang='grc' dir='ltr'>τῶν</span> <span class='ocrx_word' id='word_1_601' title='bbox 1567 5102 1990 5180; x_wconf 80' lang='grc' dir='ltr'>Ἱεροσολύμων,</span> 
     </span>
    </p>
   </div>
   <div class='ocr_carea' id='block_1_97' title="bbox 330 5189 1992 5275">
    <p class='ocr_par' dir='ltr' id='par_1_97' title="bbox 330 5189 1992 5275">
     <span class='ocr_line' id='line_1_98' title="bbox 330 5189 1992 5275; baseline -0.002 -21"><span class='ocrx_word' id='word_1_602' title='bbox 330 5197 733 5275; x_wconf 67' lang='grc' dir='ltr'>ἐχειροτονήθη</span> <span class='ocrx_word' id='word_1_603' title='bbox 761 5190 1148 5272; x_wconf 67' lang='grc' dir='ltr'>πρεσϐὗτερος.</span> <span class='ocrx_word' id='word_1_604' title='bbox 1212 5189 1316 5257; x_wconf 73' lang='grc' dir='ltr'>Καὶ</span> <span class='ocrx_word' id='word_1_605' title='bbox 1373 5195 1703 5266; x_wconf 47' lang='grc' dir='ltr'>προσμένων</span> <span class='ocrx_word' id='word_1_606' title='bbox 1753 5198 1837 5268; x_wconf 75' lang='grc' dir='ltr'>τῷ</span> <span class='ocrx_word' id='word_1_607' title='bbox 1892 5199 1992 5250; x_wconf 87' lang='grc' dir='ltr'>τοῦ</span> 
     </span>
    </p>
   </div>
   <div class='ocr_carea' id='block_1_98' title="bbox 328 5281 1992 5366">
    <p class='ocr_par' dir='ltr' id='par_1_98' title="bbox 328 5281 1992 5366">
     <span class='ocr_line' id='line_1_99' title="bbox 328 5281 1992 5366; baseline -0.004 -22"><span class='ocrx_word' id='word_1_608' title='bbox 328 5288 530 5362; x_wconf 78' lang='grc' dir='ltr'>Κυρίου</span> <span class='ocrx_word' id='word_1_609' title='bbox 553 5287 734 5366; x_wconf 71' lang='grc' dir='ltr'>ταφῳ.</span> <span class='ocrx_word' id='word_1_610' title='bbox 762 5285 854 5341; x_wconf 83' lang='grc' dir='ltr'>καὶ</span> <span class='ocrx_word' id='word_1_611' title='bbox 883 5290 1000 5346; x_wconf 83' lang='grc' dir='ltr'>τοῖς</span> <span class='ocrx_word' id='word_1_612' title='bbox 1026 5281 1224 5346; x_wconf 83' lang='grc' dir='ltr'>ἃλλοις</span> <span class='ocrx_word' id='word_1_613' title='bbox 1255 5282 1472 5351; x_wconf 86' lang='grc' dir='ltr'>τόποις,</span> <span class='ocrx_word' id='word_1_614' title='bbox 1534 5281 1586 5338; x_wconf 83' lang='grc' dir='ltr'>ἐν</span> <span class='ocrx_word' id='word_1_615' title='bbox 1644 5285 1728 5347; x_wconf 84' lang='grc' dir='ltr'>οἷς</span> <span class='ocrx_word' id='word_1_616' title='bbox 1757 5285 1824 5340; x_wconf 77' lang='grc' dir='ltr'>τὰ</span> <span class='ocrx_word' id='word_1_617' title='bbox 1858 5285 1992 5360; x_wconf 74' lang='grc' dir='ltr'>ὑπὲρ</span> 
     </span>
    </p>
   </div>
   <div class='ocr_carea' id='block_1_99' title="bbox 321 5372 1989 5454">
    <p class='ocr_par' dir='ltr' id='par_1_99' title="bbox 321 5372 1989 5454">
     <span class='ocr_line' id='line_1_100' title="bbox 321 5372 1989 5454; baseline -0.002 -20"><span class='ocrx_word' id='word_1_618' title='bbox 321 5381 488 5453; x_wconf 65' lang='grc' dir='ltr'>ἡμῶν</span> <span class='ocrx_word' id='word_1_619' title='bbox 517 5377 650 5454; x_wconf 78' lang='grc' dir='ltr'>ἆγια</span> <span class='ocrx_word' id='word_1_620' title='bbox 678 5376 827 5447; x_wconf 74' lang='grc' dir='ltr'>πάθη</span> <span class='ocrx_word' id='word_1_621' title='bbox 892 5372 1178 5447; x_wconf 69' lang='grc' dir='ltr'>ὑπέμεινεν</span> <span class='ocrx_word' id='word_1_622' title='bbox 1241 5374 1270 5429; x_wconf 89' lang='lat'>6</span> <span class='ocrx_word' id='word_1_623' title='bbox 1324 5373 1528 5448; x_wconf 69' lang='grc' dir='ltr'>Κύριος</span> <span class='ocrx_word' id='word_1_624' title='bbox 1561 5375 1722 5445; x_wconf 71' lang='grc' dir='ltr'>ἡμῶν</span> <span class='ocrx_word' id='word_1_625' title='bbox 1777 5375 1989 5444; x_wconf 80' lang='grc' dir='ltr'>Ἰησοῦς</span> 
     </span>
    </p>
   </div>
   <div class='ocr_carea' id='block_1_100' title="bbox 321 5464 1987 5542">
    <p class='ocr_par' dir='ltr' id='par_1_100' title="bbox 321 5464 1987 5542">
     <span class='ocr_line' id='line_1_101' title="bbox 321 5464 1987 5542; baseline 0 -22"><span class='ocrx_word' id='word_1_626' title='bbox 321 5471 577 5542; x_wconf 76' lang='grc' dir='ltr'>Χριστὸς,</span> <span class='ocrx_word' id='word_1_627' title='bbox 609 5464 802 5537; x_wconf 78' lang='grc' dir='ltr'>ἤντλει</span> <span class='ocrx_word' id='word_1_628' title='bbox 859 5464 1038 5539; x_wconf 68' lang='grc' dir='ltr'>πηγὰς</span> <span class='ocrx_word' id='word_1_629' title='bbox 1099 5464 1354 5539; x_wconf 86' lang='grc' dir='ltr'>γνώσεως</span> <span class='ocrx_word' id='word_1_630' title='bbox 1403 5464 1494 5518; x_wconf 91' lang='grc' dir='ltr'><strong>καί</strong></span> <span class='ocrx_word' id='word_1_631' title='bbox 1554 5464 1768 5541; x_wconf 73' lang='grc' dir='ltr'>σοφίας.</span> <span class='ocrx_word' id='word_1_632' title='bbox 1829 5467 1987 5525; x_wconf 86' lang='grc' dir='ltr'>Ὅθεν</span> 
     </span>
    </p>
   </div>
   <div class='ocr_carea' id='block_1_101' title="bbox 323 5550 1989 5636">
    <p class='ocr_par' dir='ltr' id='par_1_101' title="bbox 323 5550 1989 5636">
     <span class='ocr_line' id='line_1_102' title="bbox 323 5550 1989 5636; baseline -0.004 -20"><span class='ocrx_word' id='word_1_633' title='bbox 323 5562 415 5618; x_wconf 77' lang='grc' dir='ltr'>καὶ</span> <span class='ocrx_word' id='word_1_634' title='bbox 448 5565 629 5616; x_wconf 74' lang='grc' dir='ltr'>πᾶσαν</span> <span class='ocrx_word' id='word_1_635' title='bbox 665 5557 880 5636; x_wconf 74' lang='grc' dir='ltr'>Γραφὴν</span> <span class='ocrx_word' id='word_1_636' title='bbox 909 5554 1225 5630; x_wconf 69' lang='grc' dir='ltr'>ἡρμήνευσε</span> <span class='ocrx_word' id='word_1_637' title='bbox 1282 5574 1341 5609; x_wconf 87' lang='grc' dir='ltr'>τε</span> <span class='ocrx_word' id='word_1_638' title='bbox 1391 5552 1480 5609; x_wconf 86' lang='grc' dir='ltr'>καὶ</span> <span class='ocrx_word' id='word_1_639' title='bbox 1531 5550 1842 5632; x_wconf 69' lang='grc' dir='ltr'>διεσάφησε,</span> <span class='ocrx_word' id='word_1_640' title='bbox 1897 5557 1989 5612; x_wconf 87' lang='grc' dir='ltr'>καὶ</span> 
     </span>
    </p>
   </div>
   <div class='ocr_carea' id='block_1_102' title="bbox 327 5643 1990 5723">
    <p class='ocr_par' dir='ltr' id='par_1_102' title="bbox 327 5643 1990 5723">
     <span class='ocr_line' id='line_1_103' title="bbox 327 5643 1990 5723; baseline -0.005 -15"><span class='ocrx_word' id='word_1_641' title='bbox 327 5651 402 5716; x_wconf 83' lang='grc' dir='ltr'>εἰς</span> <span class='ocrx_word' id='word_1_642' title='bbox 432 5649 673 5710; x_wconf 74' lang='grc' dir='ltr'>πολλῶν</span> <span class='ocrx_word' id='word_1_643' title='bbox 707 5649 1010 5723; x_wconf 73' lang='grc' dir='ltr'>προέθηκεν</span> <span class='ocrx_word' id='word_1_644' title='bbox 1052 5643 1341 5722; x_wconf 66' lang='grc' dir='ltr'>ὠφέλειαν.</span> <span class='ocrx_word' id='word_1_645' title='bbox 1389 5645 1662 5709; x_wconf 82' lang='grc' dir='ltr'>Ἐντεῦθεν</span> <span class='ocrx_word' id='word_1_646' title='bbox 1695 5647 1990 5722; x_wconf 83' lang='grc' dir='ltr'>γενόμενος</span> 
     </span>
    </p>
   </div>
   <div class='ocr_carea' id='block_1_103' title="bbox 316 5733 1989 5818">
    <p class='ocr_par' dir='ltr' id='par_1_103' title="bbox 316 5733 1989 5818">
     <span class='ocr_line' id='line_1_104' title="bbox 316 5733 1989 5818; baseline -0.008 -14"><span class='ocrx_word' id='word_1_647' title='bbox 316 5751 436 5810; x_wconf 72' lang='grc' dir='ltr'>τοῖς</span> <span class='ocrx_word' id='word_1_648' title='bbox 463 5748 604 5802; x_wconf 63' lang='grc' dir='ltr'>πᾶσι</span> <span class='ocrx_word' id='word_1_649' title='bbox 646 5733 1011 5818; x_wconf 70' lang='grc' dir='ltr'>περιϐόητος,</span> <span class='ocrx_word' id='word_1_650' title='bbox 1041 5734 1128 5791; x_wconf 73' lang='grc' dir='ltr'>ναὶ</span> <span class='ocrx_word' id='word_1_651' title='bbox 1191 5735 1522 5809; x_wconf 81' lang='grc' dir='ltr'>θαυμαστὸς,</span> <span class='ocrx_word' id='word_1_652' title='bbox 1583 5735 1672 5791; x_wconf 62' lang='grc' dir='ltr'>καὶ</span> <span class='ocrx_word' id='word_1_653' title='bbox 1726 5736 1820 5792; x_wconf 78' lang='grc' dir='ltr'>τὸν</span> <span class='ocrx_word' id='word_1_654' title='bbox 1860 5737 1989 5794; x_wconf 75' lang='grc' dir='ltr'>Θεὸν</span> 
     </span>
    </p>
   </div>
   <div class='ocr_carea' id='block_1_104' title="bbox 2108 4751 3761 4824">
    <p class='ocr_par' dir='ltr' id='par_1_104' title="bbox 2108 4751 3761 4824">
     <span class='ocr_line' id='line_1_105' title="bbox 2108 4751 3761 4824; baseline 0.002 -18"><span class='ocrx_word' id='word_1_655' title='bbox 2108 4751 2534 4824; x_wconf 81' lang='lat' dir='ltr'>Hierosolymis</span> <span class='ocrx_word' id='word_1_656' title='bbox 2567 4753 2949 4821; x_wconf 89' lang='lat' dir='ltr'>secedens,et</span> <span class='ocrx_word' id='word_1_657' title='bbox 2978 4753 3310 4808; x_wconf 89' lang='lat' dir='ltr'>monachus</span> <span class='ocrx_word' id='word_1_658' title='bbox 3338 4753 3555 4816; x_wconf 85' lang='lat' dir='ltr'>factus,</span> <span class='ocrx_word' id='word_1_659' title='bbox 3581 4754 3761 4810; x_wconf 86' lang='lat' dir='ltr'>vitam</span> 
     </span>
    </p>
   </div>
   <div class='ocr_carea' id='block_1_105' title="bbox 2108 4844 3762 4918">
    <p class='ocr_par' dir='ltr' id='par_1_105' title="bbox 2108 4844 3762 4918">
     <span class='ocr_line' id='line_1_106' title="bbox 2108 4844 3762 4918; baseline 0.002 -18"><span class='ocrx_word' id='word_1_660' title='bbox 2108 4845 2170 4900; x_wconf 89' lang='lat' dir='ltr'>in</span> <span class='ocrx_word' id='word_1_661' title='bbox 2197 4859 2398 4900; x_wconf 90' lang='lat' dir='ltr'>eremo</span> <span class='ocrx_word' id='word_1_662' title='bbox 2439 4844 2625 4906; x_wconf 85' lang='lat' dir='ltr'>duxit,</span> <span class='ocrx_word' id='word_1_663' title='bbox 2655 4845 2945 4901; x_wconf 87' lang='lat' dir='ltr'>accedens</span> <span class='ocrx_word' id='word_1_664' title='bbox 2975 4845 3049 4901; x_wconf 92' lang='lat' dir='ltr'>ad</span> <span class='ocrx_word' id='word_1_665' title='bbox 3107 4851 3366 4913; x_wconf 88' lang='lat' dir='ltr'>sanctos,</span> <span class='ocrx_word' id='word_1_666' title='bbox 3402 4847 3502 4918; x_wconf 92' lang='lat' dir='ltr'>qui</span> <span class='ocrx_word' id='word_1_667' title='bbox 3536 4847 3762 4904; x_wconf 89' lang='lat' dir='ltr'>ibidem</span> 
     </span>
    </p>
   </div>
   <div class='ocr_carea' id='block_1_106' title="bbox 2106 4934 3754 5011">
    <p class='ocr_par' dir='ltr' id='par_1_106' title="bbox 2106 4934 3754 5011">
     <span class='ocr_line' id='line_1_107' title="bbox 2106 4934 3754 5011; baseline 0.002 -21"><span class='ocrx_word' id='word_1_668' title='bbox 2106 4934 2631 4990; x_wconf 87' lang='lat' dir='ltr'>commorabantur</span> <span class='ocrx_word' id='word_1_669' title='bbox 2666 4937 2891 5002; x_wconf 85' lang='lat' dir='ltr'>Patres,</span> <span class='ocrx_word' id='word_1_670' title='bbox 2927 4941 2984 4991; x_wconf 90' lang='lat' dir='ltr'>et</span> <span class='ocrx_word' id='word_1_671' title='bbox 3023 4936 3095 4991; x_wconf 90' lang='lat' dir='ltr'>ab</span> <span class='ocrx_word' id='word_1_672' title='bbox 3127 4954 3494 5011; x_wconf 88' lang='lat' dir='ltr'>unoquoque</span> <span class='ocrx_word' id='word_1_673' title='bbox 3527 4955 3754 4996; x_wconf 87' lang='lat' dir='ltr'>eorum.</span> 
     </span>
    </p>
   </div>
   <div class='ocr_carea' id='block_1_107' title="bbox 2105 5024 3753 5103">
    <p class='ocr_par' dir='ltr' id='par_1_107' title="bbox 2105 5024 3753 5103">
     <span class='ocr_line' id='line_1_108' title="bbox 2105 5024 3753 5103; baseline 0.003 -24"><span class='ocrx_word' id='word_1_674' title='bbox 2105 5024 2297 5080; x_wconf 89' lang='lat' dir='ltr'>instar</span> <span class='ocrx_word' id='word_1_675' title='bbox 2327 5025 2640 5081; x_wconf 70' lang='lat' dir='ltr'>laboriosas</span> <span class='ocrx_word' id='word_1_676' title='bbox 2689 5027 2839 5097; x_wconf 86' lang='lat' dir='ltr'>apis.</span> <span class='ocrx_word' id='word_1_677' title='bbox 2873 5026 3052 5084; x_wconf 85' lang='lat' dir='ltr'>ﬂores</span> <span class='ocrx_word' id='word_1_678' title='bbox 3113 5029 3394 5084; x_wconf 88' lang='lat' dir='ltr'>virtutum</span> <span class='ocrx_word' id='word_1_679' title='bbox 3445 5029 3753 5103; x_wconf 77' lang='lat' dir='ltr'>colligens.</span> 
     </span>
    </p>
   </div>
   <div class='ocr_carea' id='block_1_108' title="bbox 2104 5115 3757 5188">
    <p class='ocr_par' dir='ltr' id='par_1_108' title="bbox 2104 5115 3757 5188">
     <span class='ocr_line' id='line_1_109' title="bbox 2104 5115 3757 5188; baseline 0.002 -18"><span class='ocrx_word' id='word_1_680' title='bbox 2104 5115 2249 5170; x_wconf 91' lang='lat' dir='ltr'>Cum</span> <span class='ocrx_word' id='word_1_681' title='bbox 2279 5131 2416 5172; x_wconf 87' lang='lat' dir='ltr'>vero</span> <span class='ocrx_word' id='word_1_682' title='bbox 2452 5116 2580 5170; x_wconf 79' lang='lat' dir='ltr'>ﬁeri</span> <span class='ocrx_word' id='word_1_683' title='bbox 2613 5133 2731 5171; x_wconf 91' lang='lat' dir='ltr'>non</span> <span class='ocrx_word' id='word_1_684' title='bbox 2764 5123 2984 5188; x_wconf 91' lang='lat' dir='ltr'>posset,</span> <span class='ocrx_word' id='word_1_685' title='bbox 3018 5123 3084 5172; x_wconf 89' lang='lat' dir='ltr'>ut</span> <span class='ocrx_word' id='word_1_686' title='bbox 3125 5125 3288 5175; x_wconf 85' lang='lat' dir='ltr'>tanta</span> <span class='ocrx_word' id='word_1_687' title='bbox 3319 5119 3499 5174; x_wconf 81' lang='lat' dir='ltr'>virtus</span> <span class='ocrx_word' id='word_1_688' title='bbox 3524 5119 3757 5181; x_wconf 86' lang='lat' dir='ltr'>lateret,</span> 
     </span>
    </p>
   </div>
   <div class='ocr_carea' id='block_1_109' title="bbox 2106 5204 3761 5279">
    <p class='ocr_par' dir='ltr' id='par_1_109' title="bbox 2106 5204 3761 5279">
     <span class='ocr_line' id='line_1_110' title="bbox 2106 5204 3761 5279; baseline 0.001 -20"><span class='ocrx_word' id='word_1_689' title='bbox 2106 5205 2160 5260; x_wconf 88' lang='lat' dir='ltr'>vi</span> <span class='ocrx_word' id='word_1_690' title='bbox 2193 5204 2439 5261; x_wconf 88' lang='lat' dir='ltr'>adactus</span> <span class='ocrx_word' id='word_1_691' title='bbox 2465 5205 2538 5262; x_wconf 91' lang='lat' dir='ltr'>ab</span> <span class='ocrx_word' id='word_1_692' title='bbox 2561 5222 2652 5274; x_wconf 88' lang='lat' dir='ltr'>eo,</span> <span class='ocrx_word' id='word_1_693' title='bbox 2691 5205 2792 5276; x_wconf 89' lang='lat' dir='ltr'>qui</span> <span class='ocrx_word' id='word_1_694' title='bbox 2829 5213 2951 5261; x_wconf 91' lang='lat' dir='ltr'>tum</span> <span class='ocrx_word' id='word_1_695' title='bbox 2987 5207 3530 5279; x_wconf 86' lang='lat' dir='ltr'>Hierosolymorum</span> <span class='ocrx_word' id='word_1_696' title='bbox 3563 5205 3761 5263; x_wconf 81' lang='lat' dir='ltr'>archi-</span> 
     </span>
    </p>
   </div>
   <div class='ocr_carea' id='block_1_110' title="bbox 2104 5293 3763 5366">
    <p class='ocr_par' dir='ltr' id='par_1_110' title="bbox 2104 5293 3763 5366">
     <span class='ocr_line' id='line_1_111' title="bbox 2104 5293 3763 5366; baseline 0 -18"><span class='ocrx_word' id='word_1_697' title='bbox 2104 5293 2421 5366; x_wconf 86' lang='lat' dir='ltr'>episcopus</span> <span class='ocrx_word' id='word_1_698' title='bbox 2452 5301 2596 5354; x_wconf 84' lang='lat' dir='ltr'>erat.</span> <span class='ocrx_word' id='word_1_699' title='bbox 2618 5295 2929 5366; x_wconf 84' lang='lat' dir='ltr'>presbyter</span> <span class='ocrx_word' id='word_1_700' title='bbox 2957 5296 3267 5351; x_wconf 86' lang='lat' dir='ltr'>ordinatus</span> <span class='ocrx_word' id='word_1_701' title='bbox 3291 5302 3399 5361; x_wconf 89' lang='lat' dir='ltr'>est,</span> <span class='ocrx_word' id='word_1_702' title='bbox 3432 5296 3490 5349; x_wconf 90' lang='lat' dir='ltr'>in</span> <span class='ocrx_word' id='word_1_703' title='bbox 3528 5295 3763 5349; x_wconf 88' lang='lat' dir='ltr'>Domini</span> 
     </span>
    </p>
   </div>
   <div class='ocr_carea' id='block_1_111' title="bbox 2104 5383 3764 5455">
    <p class='ocr_par' dir='ltr' id='par_1_111' title="bbox 2104 5383 3764 5455">
     <span class='ocr_line' id='line_1_112' title="bbox 2104 5383 3764 5455; baseline 0.001 -18"><span class='ocrx_word' id='word_1_704' title='bbox 2104 5389 2302 5438; x_wconf 86' lang='lat' dir='ltr'>autem</span> <span class='ocrx_word' id='word_1_705' title='bbox 2339 5383 2895 5455; x_wconf 85' lang='lat' dir='ltr'>sepulcro.aliisque</span> <span class='ocrx_word' id='word_1_706' title='bbox 2931 5384 3099 5446; x_wconf 85' lang='lat' dir='ltr'>locis,</span> <span class='ocrx_word' id='word_1_707' title='bbox 3121 5386 3181 5438; x_wconf 88' lang='lat' dir='ltr'>in</span> <span class='ocrx_word' id='word_1_708' title='bbox 3215 5383 3433 5454; x_wconf 86' lang='lat' dir='ltr'>quibus</span> <span class='ocrx_word' id='word_1_709' title='bbox 3457 5399 3565 5454; x_wconf 89' lang='lat' dir='ltr'>pro</span> <span class='ocrx_word' id='word_1_710' title='bbox 3591 5383 3764 5438; x_wconf 90' lang='lat' dir='ltr'>nobis</span> 
     </span>
    </p>
   </div>
   <div class='ocr_carea' id='block_1_112' title="bbox 2105 5472 3764 5544">
    <p class='ocr_par' dir='ltr' id='par_1_112' title="bbox 2105 5472 3764 5544">
     <span class='ocr_line' id='line_1_113' title="bbox 2105 5472 3764 5544; baseline -0.001 -17"><span class='ocrx_word' id='word_1_711' title='bbox 2105 5472 2384 5527; x_wconf 89' lang='lat' dir='ltr'>Dominus</span> <span class='ocrx_word' id='word_1_712' title='bbox 2415 5479 2618 5528; x_wconf 87' lang='lat' dir='ltr'>noster</span> <span class='ocrx_word' id='word_1_713' title='bbox 2642 5475 2810 5528; x_wconf 83' lang='lat' dir='ltr'>Jesus</span> <span class='ocrx_word' id='word_1_714' title='bbox 2842 5474 3110 5528; x_wconf 90' lang='lat' dir='ltr'>Christus</span> <span class='ocrx_word' id='word_1_715' title='bbox 3132 5479 3394 5527; x_wconf 87' lang='lat' dir='ltr'>sanctam</span> <span class='ocrx_word' id='word_1_716' title='bbox 3424 5472 3764 5544; x_wconf 85' lang='lat' dir='ltr'>passionem</span> 
     </span>
    </p>
   </div>
   <div class='ocr_carea' id='block_1_113' title="bbox 2105 5559 3766 5633">
    <p class='ocr_par' dir='ltr' id='par_1_113' title="bbox 2105 5559 3766 5633">
     <span class='ocr_line' id='line_1_114' title="bbox 2105 5559 3766 5633; baseline 0.001 -18"><span class='ocrx_word' id='word_1_717' title='bbox 2105 5562 2410 5618; x_wconf 84' lang='lat' dir='ltr'>sustinuit.</span> <span class='ocrx_word' id='word_1_718' title='bbox 2445 5579 2826 5633; x_wconf 85' lang='lat' dir='ltr'>permanens,</span> <span class='ocrx_word' id='word_1_719' title='bbox 2861 5563 3127 5616; x_wconf 78' lang='lat' dir='ltr'>exhausit</span> <span class='ocrx_word' id='word_1_720' title='bbox 3182 5564 3374 5615; x_wconf 79' lang='lat' dir='ltr'>fontes</span> <span class='ocrx_word' id='word_1_721' title='bbox 3408 5559 3672 5615; x_wconf 73' lang='lat' dir='ltr'>scientia:</span> <span class='ocrx_word' id='word_1_722' title='bbox 3707 5569 3766 5617; x_wconf 91' lang='lat' dir='ltr'>et</span> 
     </span>
    </p>
   </div>
   <div class='ocr_carea' id='block_1_114' title="bbox 2107 5651 3757 5722">
    <p class='ocr_par' dir='ltr' id='par_1_114' title="bbox 2107 5651 3757 5722">
     <span class='ocr_line' id='line_1_115' title="bbox 2107 5651 3757 5722; baseline 0.001 -17"><span class='ocrx_word' id='word_1_723' title='bbox 2107 5651 2414 5722; x_wconf 65' lang='lat' dir='ltr'>sapientia)</span> <span class='ocrx_word' id='word_1_724' title='bbox 2440 5653 2627 5708; x_wconf 89' lang='lat' dir='ltr'>:unde</span> <span class='ocrx_word' id='word_1_725' title='bbox 2659 5659 2718 5708; x_wconf 87' lang='lat' dir='ltr'>et</span> <span class='ocrx_word' id='word_1_726' title='bbox 2747 5668 2986 5707; x_wconf 90' lang='lat' dir='ltr'>omnem</span> <span class='ocrx_word' id='word_1_727' title='bbox 3005 5652 3298 5721; x_wconf 86' lang='lat' dir='ltr'>Scriptura</span> <span class='ocrx_word' id='word_1_728' title='bbox 3312 5668 3365 5704; x_wconf 80' lang='lat' dir='ltr'>in</span> <span class='ocrx_word' id='word_1_729' title='bbox 3399 5651 3757 5721; x_wconf 81' lang='lat' dir='ltr'>interpreta—</span> 
     </span>
    </p>
   </div>
   <div class='ocr_carea' id='block_1_115' title="bbox 2107 5741 3753 5817">
    <p class='ocr_par' dir='ltr' id='par_1_115' title="bbox 2107 5741 3753 5817">
     <span class='ocr_line' id='line_1_116' title="bbox 2107 5741 3753 5817; baseline 0.001 -19"><span class='ocrx_word' id='word_1_730' title='bbox 2107 5745 2204 5798; x_wconf 84' lang='lat' dir='ltr'>tus</span> <span class='ocrx_word' id='word_1_731' title='bbox 2225 5747 2344 5815; x_wconf 86' lang='lat' dir='ltr'>est,</span> <span class='ocrx_word' id='word_1_732' title='bbox 2375 5759 2444 5800; x_wconf 84' lang='lat' dir='ltr'>ac</span> <span class='ocrx_word' id='word_1_733' title='bbox 2475 5741 2734 5801; x_wconf 81' lang='lat' dir='ltr'>dilucide</span> <span class='ocrx_word' id='word_1_734' title='bbox 2759 5741 3065 5817; x_wconf 68' lang='lat' dir='ltr'>exposuit,</span> <span class='ocrx_word' id='word_1_735' title='bbox 3084 5746 3262 5814; x_wconf 83' lang='lat' dir='ltr'>atque</span> <span class='ocrx_word' id='word_1_736' title='bbox 3293 5741 3367 5798; x_wconf 87' lang='lat' dir='ltr'>ad</span> <span class='ocrx_word' id='word_1_737' title='bbox 3425 5742 3753 5802; x_wconf 84' lang='lat' dir='ltr'>multorum</span> 
     </span>
    </p>
   </div>
  </div>
