4132 6424
363 350 479 412 875

1687 352 2131 416 MENOLOQII
2176 351 2384 417 PARS
2425 353 2536 417 ΙΙΙ.

3668 352 3788 414 876

363 483 682 540 utilitatem
708 485 1176 559 proposuit.Qua
1205 487 1277 543 de
1309 503 1488 545 causa
1516 489 1708 545 factus
1731 488 2009 544 omnibus

2125 485 2396 550 παντοίως
2468 486 2822 562 θεραπεύσας,
2897 489 3037 562 πρὸς
3118 485 3278 542 αὐτὸν
3329 482 3600 558 ἀνέδραμε
3651 481 3781 559 χαί-

366 574 796 631 celeberrimus
855 583 913 630 et
956 577 1348 645 admirabilis,
1409 595 1544 634 cum
1585 579 2018 651 perfectissime

367 668 485 721 Deo
519 665 836 733 serviisset,
863 665 1037 722 laetus
1070 667 1142 722 ad
1176 684 1310 724 eum
1345 669 1623 724 accurrit.

437 757 508 809 Et
535 758 1024 811 commemoratio
1057 759 1244 813 sancti
1263 759 1455 814 Patris
1469 760 1654 814 nostri
1676 759 2019 826 Hilarionis,

364 843 597 899 abbatis
629 846 976 900 monasterii
1010 847 1344 902 Pelecetes:
1378 865 1612 903 necnon
1645 848 2014 918 Martiniepi-

365 933 529 1006 scopi
561 935 1015 991 Arethusiorum
1044 954 1056 990 :
1083 942 1143 992 et
1171 937 1370 1010 Cyrilli
1396 939 1657 994 Diaconi.

935 1027 1177 1082 EODEM
1201 1027 1452 1082 MENSE.

900 1115 1004 1170 Die
1039 1116 1320 1171 vicesima
1349 1133 1510 1172 nona

545 1203 835 1260 Certamen
890 1212 1203 1262 sanctorum
1235 1209 1396 1265 Jonas
1426 1214 1478 1263 et
1508 1207 1837 1266 Barachisii.

434 1385 774 1457 Imperante
800 1385 1188 1442 Constantino
1208 1389 1412 1461 Magno
1427 1390 1729 1444 erantisti.
1749 1389 2019 1444 Monachi

363 1475 563 1527 autem
595 1489 731 1528 cum
765 1479 982 1542 essent,
1017 1475 1295 1530 abierunt
1321 1476 1380 1531 in
1414 1476 1715 1532 Persidem
1751 1494 1763 1531 :
1794 1483 1853 1532 et
1882 1493 2017 1532 cum

364 1559 588 1616 ibidem
616 1564 953 1634 reperirent
981 1582 1188 1620 novem
1223 1574 1458 1622 sanctos
1491 1574 1780 1639 martyres
1794 1568 2018 1624 carceri

360 1649 648 1718 inclusos,
706 1669 808 1708 eos
866 1655 939 1710 ad
996 1654 1229 1710 fortiter
1258 1657 1604 1712 certandum
1652 1659 2014 1714 animarunt.

361 1738 552 1806 Quare
585 1744 1026 1814 comprehensi,
1049 1751 1108 1800 et
1135 1746 1209 1800 ad
1233 1747 1534 1819 principes
1569 1749 1884 1803 Persarum
1912 1746 2014 1801 ad-

364 1827 526 1886 ducti
558 1837 717 1896 sunt,
750 1849 785 1888 a
815 1833 1032 1904 quibus
1059 1834 1453 1907 adigebantur
1499 1837 1801 1892 Christum
1833 1836 2009 1892 abne-

2129 1832 2369 1902 υερσῶν,
2427 1823 2480 1880 οἳ
2536 1825 2626 1880 καὶ
2683 1821 3091 1897 κατηνάγκασαν

360 1934 519 1991 gare.
554 1920 666 1975 Sed
697 1939 832 1976 cum
856 1921 929 1978 ad
954 1924 1013 1978 id
1035 1922 1376 1980 faciendum
1396 1942 1777 1998 nequaquam
1801 1925 2013 1981 adduci

361 2011 864 2082 possent,primus
887 2015 1065 2069 Jonas
1087 2015 1340 2070 vinculis
1359 2016 1788 2089 constringitur
1802 2032 2016 2071 secun-

361 2095 505 2153 dum
537 2097 728 2171 legem
764 2103 1078 2158 Persarum
1107 2121 1120 2157 :
1158 2103 1353 2159 solent
1383 2104 1539 2159 enim
1577 2107 1792 2168 Persae,
1827 2104 1872 2160 si
1905 2103 2012 2159 ali-

359 2202 540 2256 quem
570 2189 918 2245 verberibus
949 2194 1252 2263 excepturi
1305 2200 1464 2256 sunt,
1498 2194 1669 2248 illum
1701 2195 1760 2248 in
1795 2200 2014 2248 terram

359 2276 684 2347 deponere.
719 2279 967 2351 ejusque
1001 2297 1211 2336 manus
1243 2298 1309 2336 ac
1343 2282 1522 2353 pedes
1554 2283 1803 2337 vinculis
1834 2283 2012 2337 alicui

357 2365 521 2438 ligno
543 2367 891 2440 astringere.
925 2370 1031 2425 Ille
1061 2386 1215 2435 vero,
1277 2377 1566 2444 tanquam
1598 2374 1748 2445 lapis
1797 2375 2013 2429 immo-

358 2458 475 2520 tus,
509 2455 712 2528 plagas
744 2459 992 2530 accepit,
1016 2459 1155 2514 dum
1189 2463 1416 2533 asperis
1441 2463 1616 2534 virgis
1643 2463 1972 2519 cmderetur
1996 2480 2007 2517 :

363 2560 541 2615 quem
604 2561 816 2601 sanum
877 2548 1270 2617 invenientes,
1308 2552 1687 2623 projecerunt
1741 2554 1920 2620 foras,
1955 2558 2013 2608 et

357 2632 566 2706 glaciei
580 2642 872 2692 concreta:
890 2639 992 2694 34
1012 2656 1116 2710 per
1133 2646 1314 2696 totam
1333 2649 1567 2698 noctem
1587 2650 2007 2716 exposuerunt.

359 2724 584 2795 Digitos
642 2725 860 2783 deinde
917 2745 1201 2784 manuum
1263 2748 1331 2786 ac
1390 2732 1608 2803 pedum
1653 2733 2013 2789 abscindunt

358 2813 675 2885 ipsumque
708 2815 770 2870 in
803 2817 1049 2873 cochlea
1096 2835 1528 2890 compressum,
1559 2839 1722 2878 serra
1741 2822 2008 2878 medium

359 2907 582 2970 secant,
618 2911 678 2959 et
728 2904 790 2959 in
851 2907 1044 2962 lacum
1105 2910 1462 2980 projiciunt:
1495 2918 1674 2983 atque
1715 2911 1797 2967 ita
1828 2913 2006 2966 tinem

355 2990 588 3047 vivendi
609 2992 768 3049 fecit.
803 2997 1178 3053 Barachisius
1203 3006 1402 3055 autem
1454 3001 1649 3057 nudus
1673 3019 1779 3072 per
1803 3002 2007 3073 spinas

2124 597 2254 653 ρων.

2195 739 2298 797 Καὶ
2347 741 2542 813 μνήμη
2593 743 2690 794 τοῦ
2749 738 2904 794 ὁσίου
2963 737 3176 812 [ἰατρὸς
3234 739 3398 810 ἡμῶν
3459 735 3780 807 ἰλαρίωνος

2121 830 2436 904 ἡγουμένου
2515 835 2687 902 μονῆς
2781 835 2882 896 τῆς
2945 826 3282 898 Πελεκητῆς,
3349 827 3438 881 καὶ
3499 825 3773 900 Μαρτίνου

2123 915 2422 974 ἐπισκόπου
2453 917 2838 994 Ἀρεθουσίων,
2870 918 2958 972 καὶ
3022 915 3311 992 Κυρίλλου
3352 914 3635 971 Διακόνου.

2665 1028 2846 1084 MHNI
2892 1032 2982 1082 ΤΩ
3035 1027 3242 1083 ΔΥΤΩ.

2894 1134 2994 1190 ΚΘ⁸

2265 1227 2532 1296 Ἀθλησις
2565 1229 2672 1280 τῶν
2706 1224 2868 1301 ἁγίων
2922 1225 3100 1296 Ἰωνᾶ,
3125 1223 3213 1276 καὶ
3246 1219 3630 1296 Βαραχησίου.

2190 1376 2317 1432 Ἐπὶ
2347 1381 2444 1444 τῆς
2476 1371 2626 1450 βασι)
2642 1375 2756 1435 είας
2777 1371 2873 1427 τοῦ
2896 1373 3142 1446 μεγάλου
3172 1367 3579 1424 Κωνσταντίνου
3603 1367 3780 1438 ὑπῆρο

2121 1488 2227 1544 χον
2259 1468 2436 1522 οὗτοι⁴
2493 1464 2732 1540 μοναχοὶ
2787 1461 2844 1533 δέ
2900 1463 3050 1525 ὄντες
3102 1459 3351 1529 ἀπῆλθον
3387 1457 3461 1520 εἷς
3521 1453 3777 1532 Ηερσίδα,

2120 1558 2211 1613 καὶ
2243 1556 2294 1613 έν
2322 1557 2458 1630 αὐτῇ
2489 1552 2912 1615 κατακλείστους
2941 1550 3187 1626 εὑρόντες
3215 1548 3340 1610 τοὺς
3381 1545 3574 1621 ἁγίους
3632 1545 3779 1602 έννέα

2125 1649 2424 1723 μάρτυρας,
2484 1643 2890 1718 παρεθάρρυνον
2951 1639 3147 1702 αὐτοὺς
3180 1639 3316 1712 πρὸς
3374 1635 3501 1698 τοὺς
3534 1635 3777 1711 ἀγῶνας.

2123 1737 2486 1811 Κρατηθέντες
2546 1731 2604 1789 δὶ
2657 1732 2915 1809 ἤχθησαν
2971 1730 3110 1804 πρὸς
3153 1727 3282 1790 τοὺς
3341 1727 3611 1802 ἄρχοντας
3665 1729 3774 1780 τῶν

3192 1817 3387 1880 αὐτοὺς
3445 1817 3777 1892 ἀρνήσασθαι

2122 1919 2215 1974 τὸν
2249 1917 2503 1992 Χριστόν.
2536 1915 2636 1972 Καὶ
2702 1915 2779 1986 μὴ
2838 1911 3167 1979 πεισθέντες,
3225 1907 3502 1979 δεσμεῖτοι
3558 1911 3780 1982 πρῶτος

2125 2011 2151 2065 ἑ
2195 2011 2372 2071 Ἰωνᾶς
2399 2006 2554 2078 νόμῳ
2601 2007 2862 2075 περσικῷ.
2924 2003 2986 2055 Οἱ
3042 2001 3147 2076 γὰρ
3207 1998 3426 2073 Πέρσαι,
3496 1996 3553 2052 δν
3613 1999 3778 2070 τῦψαι

2128 2096 2450 2171 μέλλουσιν,
2476 2095 2552 2158 εὶς
2605 2100 2708 2168 γῆν
2764 2091 3096 2159 καθίσαντες,
3155 2087 3208 2143 ἐν
3241 2089 3319 2144 ἓνῖ
3378 2087 3525 2161 ξύλῳ
3585 2087 3778 2161 Λεῖρας

2125 2187 2214 2243 καὶ
2247 2184 2418 2247 πόδας
2465 2181 2866 2254 ἀποδεσμοῦσιν
2935 2179 3117 2234 αὐτοῦ’
3179 2180 3207 2233 ὁ
3267 2175 3324 2231 δὲ
3380 2175 3560 2250 ὣσπερ
3620 2173 3777 2238 λίθος

2123 2276 2376 2344 ἀκίνητος
2411 2271 2621 2348 δέχετα⁵
2669 2272 2766 2332 τὰς
2813 2269 3054 2343 πληγάς.
3114 2271 3317 2322 Τοῦτον
3347 2265 3442 2320 οὖν
3485 2265 3773 2340 τραχείαις

2123 2359 2350 2442 ῥάϐδοις
2389 2363 2649 2436 τύψαντες
2699 2357 2941 2434 ἔσουρον,
3001 2358 3091 2412 καὶ
3142 2355 3368 2434 ἕρῥιψαν
3425 2351 3528 2425 ἔξω
3589 2354 3639 2408 ἐν
3692 2358 3773 2425 τῷ

2120 2440 2278 2528 πάγῳ
2310 2451 2380 2508 δι’
2410 2452 2549 2522 ὅλης
2577 2458 2676 2519 τῆς
2716 2450 2928 2510 νυκτός.
2991 2450 3128 2504 Εἶτα
3183 2447 3435 2519 τέμνεται
3491 2442 3619 2506 τοὺς
3676 2440 3769 2498 δα-

2118 2543 2352 2605 κτύλους
2380 2547 2487 2597 τῶν
2521 2545 2745 2616 χειρῶν,
2799 2539 2887 2594 καὶ
2917 2543 3024 2592 τῶν
3083 2534 3293 2601 ποδῶν,
3324 2534 3415 2589 καὶ
3472 2533 3768 2611 κατασφίγι

2117 2655 2306 2710 γουσιν
2338 2632 2496 2687 αὐτὸν
2531 2630 2582 2686 έν
2617 2627 2909 2705 στυρακίῳο
2972 2627 3082 2681 εἶτα
3139 2624 3390 2699 πρίζουσι
3440 2622 3624 2695 μέσον,
3675 2621 3766 2677 καὶ

2121 2709 2406 2802 ῥίπτουσιν
2477 2722 2552 2784 είς
2606 2719 2830 2790 λάκκον,
2869 2717 2995 2782 ἔνθα
3051 2717 3142 2772 καὶ
3186 2715 3500 2784 ἐτελειώθη.
3568 2714 3629 2771 Ὀ
3709 2709 3769 2768 δὲ

2119 2817 2466 2892 Βαραχήσιος
2520 2812 2701 2884 συρεὶς
2728 2809 2935 2885 γυμνὸς
2989 2809 3043 2863 έν
3104 2807 3376 2875 ἀκάνθαις,
3433 2803 3524 2859 καὶ
3581 2803 3634 2858 έν
3687 2807 3768 2873 τῷ

2120 2905 2393 2976 στυρακίῳ
2455 2900 2700 2977 βληθεὶς,
2749 2898 2840 2954 καὶ
2898 2897 3035 2952 κατᾶ
3090 2901 3187 2952 τοῦ
3242 2897 3516 2972 φάρυγγος
3569 2892 3763 2948 πίσσαν

2123 2997 2427 3072 βράζουσαν
2469 2991 2773 3066 ἐπιχυθεὶς,
2805 2987 3124 3057 ἐτελειώθη,

355 3083 741 3149 tractus,etin
761 3085 1066 3142 cochleam
1080 3088 1625 3159 conjectus,cumin
1640 3092 1770 3162 ejus
1786 3097 1989 3163 guttur
2018 3089 2121 3164 pix
2151 3085 2448 3143 ebulliens
2477 3083 2677 3138 infusa
2708 3085 2879 3149 esset,
2913 3080 3089 3135 vitam
3123 3076 3576 3134 consummavit.

460 3243 546 3299 Et
575 3251 1020 3304 commemoratio
1061 3253 1241 3306 sancti
1297 3255 1494 3309 Acacii
1547 3254 1893 3324 confessoris.

424 3386 674 3445 Sanctus
707 3391 880 3446 Pater
927 3399 1132 3449 noster
1160 3396 1408 3452 Acacius
1441 3397 1748 3454 confessor
1794 3397 2008 3454 (Zhristi

348 3475 488 3532 vixit
520 3479 728 3552 iniquo
759 3482 933 3537 Decio
958 3485 1462 3556 imperante.tlum
1490 3495 1688 3544 autem
1709 3489 2005 3544 Christum

349 3567 815 3638 prmdicaret.ab
849 3572 1180 3630 idololatris
1210 3582 1300 3631 est
1329 3578 1799 3650 comprehensus
1834 3596 1846 3633 :
1881 3578 2009 3633 vin-

352 3662 603 3729 ctusque
635 3660 707 3715 ad
731 3662 1089 3719 Marcianum
1123 3665 1384 3738 regionis
1425 3668 1768 3737 praefectum
1787 3668 2006 3723 adduc-

352 3751 449 3801 tus
483 3748 714 3816 fuit,cui
745 3757 966 3814 astans,
1001 3769 1223 3809 nomen
1256 3757 1491 3811 Domini
1524 3757 1835 3813 confessus
1869 3763 1959 3812 est
1993 3773 2006 3810 :

354 3837 753 3909 disseruitque
785 3841 858 3895 de
891 3841 1218 3904 divinitate.
1240 3845 1431 3917 deque
1459 3847 1672 3902 Christi
1699 3848 2010 3918 dispensa-

354 3926 604 3992 tione,et
633 3929 705 3983 de
737 3929 1056 3986 Cherubim
1087 3939 1264 4004 atque
1299 3935 1605 4006 Seraphim
1633 3953 1645 3989 :
1672 3937 2008 3991 Graeccirum

355 4021 554 4071 autem
588 4017 718 4073 risit
747 4018 911 4084 deos,
933 4038 1260 4095 eorumque
1285 4040 1546 4079 errorem
1572 4026 1781 4098 arguit.
1819 4027 2009 4091 Quare

353 4105 702 4176 gravissime
727 4110 1004 4166 tortus.in
1028 4127 1328 4168 carcerem
1357 4118 1446 4168 est
1467 4120 1792 4183 coniectus.
1827 4116 2006 4170 Com-

353 4195 648 4250 mentaria
677 4196 916 4253 interim
952 4198 1025 4254 de
1058 4216 1124 4255 eo
1181 4201 1256 4256 ad
1310 4202 1550 4258 Decium
1585 4205 2007 4275 imperatorem

353 4283 687 4342 Marcianus
721 4289 1072 4357 transmisit,
1129 4292 1230 4361 qui
1292 4293 1612 4353 mandavit.
1647 4300 1712 4348 ut
1767 4301 2008 4349 sanctus

352 4372 577 4446 absque
607 4375 833 4446 injuria
880 4384 939 4432 et
969 4381 1233 4436 cruciatu
1272 4381 1690 4439 dimitteretur.
1721 4385 1887 4440 Hunc
1944 4385 2007 4440 in

351 4463 597 4518 modum
647 4464 952 4532 dimissus,
985 4468 1200 4526 Christi
1251 4472 1527 4544 stigmata
1573 4473 1634 4528 in
1665 4490 1842 4530 carne
1902 4490 2035 4529 sua

353 4551 802 4622 circumferens,
837 4557 1159 4628 pluresque
1194 4559 1563 4620 illuminans.
1597 4568 1654 4617 et
1683 4563 1756 4618 ad
1787 4564 2002 4619 Christi

352 4654 591 4712 gregem
622 4622 940 4706 deducens,
978 4622 1283 4704 miraculis
1356 4655 1415 4705 et
1466 4649 1756 4707 doctrinis
1786 4651 2003 4725 oppido
2039 4622 2083 4683 υ

354 4727 572 4798 clarus,
607 4729 669 4786 in
701 4747 846 4802 pace
868 4735 1178 4806 requievit.

423 4970 494 5026 Et
515 4974 808 5030 memoria
837 4976 1025 5033 sancti
1065 4979 1255 5037 Patris
1286 4983 1474 5040 nostri
1527 4985 1820 5042 Eustathii
1852 4986 2003 5059 epis-

351 5061 483 5135 c0pi
518 5061 824 5142 Bithynia.

901 5157 1142 5216 EODEM
1183 5159 1440 5219 MENSE.

954 5247 1056 5304 Die
1097 5249 1401 5306 tricesima

341 5348 440 5408 .5
478 5349 764 5408 Certamen
820 5359 1000 5412 sancti
1048 5358 1227 5413 Marci
1263 5359 1510 5431 episwpi
1558 5361 1996 5421 Arethusiornm.

420 5528 564 5585 Cum
598 5529 931 5589 Christiana
946 5535 1152 5606 religio
1175 5536 1561 5595 Constantino
1579 5539 1786 5609 Magno
1809 5542 1996 5617 impe-

349 5622 521 5672 rante
554 5635 684 5676 sese
712 5619 829 5676 late
865 5623 1252 5688 diffunderet,
1283 5629 1509 5684 Marcus
1546 5632 1999 5691 Arethusiorum

355 5705 668 5778 episcopus
700 5725 900 5792 everso
933 5713 1228 5771 idolorum
1243 5716 1378 5773 fano
1402 5719 1716 5778 ecclesiam
1731 5730 1998 5781 construo

2036 3254 2080 3321 ρ
2192 3233 2290 3290 Καὶ
2317 3233 2510 3306 μνήμη
2550 3232 2646 3284 τοῦ
2688 3227 2848 3303 ἁγίου
2877 3227 3133 3284 Ἀκακίου
3190 3228 3287 3280 τοῦ
3322 3222 3697 3299 ὀμολογητοῦ.

2193 3382 2446 3443 ,Ακάκιος
2479 3383 2506 3436 ὁ
2538 3380 2588 3436 ἐν
2624 3379 2794 3455 ἁγίοις
2827 3380 3014 3452 Πατὴρ
3049 3379 3234 3449 ἡμῶν,
3266 3375 3356 3431 καὶ
3404 3374 3768 3452 ὁμολοῃτής

2117 3478 2215 3531 τοῦ
2263 3475 2522 3549 Χριστοῦ,
2576 3471 2641 3539 ἦν
2701 3468 2785 3524 ἐπὶ
2850 3467 3040 3523 Δεκίου
3098 3472 3195 3522 τοῦ
3235 3467 3556 3542 παρανόμου
3610 3467 3768 3542 βασι-

2120 3563 2282 3625 λέως·
2333 3561 2615 3637 κηρύττων
2679 3556 2736 3614 δὲ
2817 3559 2911 3614 τὸν
2997 3557 3226 3630 Χριστὸν
3290 3556 3564 3633 ἐκρατήθη
3622 3559 3769 3632 παρὰ

2116 3658 2224 3708 τῶν
2259 3649 2704 3722 εἰδωλολατρῶν,
2760 3648 2850 3704 καὶ
2909 3646 3080 3708 δεθεὶς
3139 3649 3436 3724 προσήχθη
3469 3651 3770 3723 Μαρκιανῷ

2117 3746 2196 3813 τῷ
2248 3749 2348 3810 τῆς
2406 3741 2596 3817 χώρας
2649 3739 2861 3810 ὑπάτῳ”
2921 3737 3011 3791 καὶ
3095 3738 3370 3813 παραστάς
3430 3736 3769 3813 ὡμολόγησε

2117 3832 2180 3886 τὸ
2211 3827 2386 3902 ὄνομα
2413 3835 2510 3886 τοῦ
2543 3828 2762 3904 Κυρίου,
2795 3827 2884 3881 καὶ
2917 3825 3170 3898 διεξῆλθε
3225 3827 3347 3900 περὶ
3403 3829 3503 3893 τῆς
3561 3827 3763 3896 θεότη-

2117 3919 2351 3986 τος,καὶ
2383 3919 2630 3991 περὶτῆς
2662 3915 2979 3988 οἰκονομίας
3026 3919 3123 3970 τοῦ
3174 3917 3427 3988 Χριστοῦ,
3486 3914 3578 3968 καὶ
3638 3915 3761 3987 περὶ

2116 4013 2224 4063 τῶν
2281 4003 2582 4082 Χερουϐὶμ,
2639 4004 2729 4060 καὶ
2794 4010 2902 4060 τῶν
2973 4003 3234 4080 Σεραφίμ]
3304 4002 3651 4071 ἐστηλίτευσε
3707 3998 3762 4057 δὲ

2117 4098 2208 4153 καὶ
2240 4096 2505 4173 ἐχλεύασέ
2534 4097 2621 4152 καὶ
2654 4095 2780 4158 τοὺς
2813 4094 2967 4159 θεοὺς
2997 4099 3105 4150 τῶν
3145 4092 3452 4163 Ἑλλήνων,
3506 4091 3597 4147 καὶ
3662 4094 3762 4160 τὴν

2117 4185 2330 4259 πλάνην
2363 4186 2564 4246 αὐτῶν.
2615 4187 2772 4249 ’ΌΘεν
2835 4184 3176 4260 βασανισθεὶς
3227 4183 3490 4258 ἰσχυρῶς,
3551 4181 3604 4237 ἐν
3665 4205 3770 4261 φυ-

2118 4275 2260 4351 λακῇ
2313 4273 2690 4345 κατεκλείσθη.
2751 4276 2829 4329 Τά
2886 4270 2944 4328 δὲ
3001 4274 3124 4347 περὶ
3181 4271 3348 4328 αὖτοῦ
3397 4273 3772 4346 ὑπομνήματα

2118 4365 2429 4440 Μαρκιανὸς
2461 4365 2706 4439 ἀνήγαγε
2737 4363 2909 4437 Δεκίῳ
2962 4367 3040 4435 τῷ
3073 4362 3310 4437 βασιλεῖ·
3371 4362 3518 4424 ὅστις
3551 4361 3767 4418 ἒγέλευ-

2117 4474 2201 4509 σεν
2236 4451 2578 4520 ἀπολυθῆναι
2611 4454 2701 4507 τὸν
2754 4451 2903 4525 ἅγιον
2937 4445 3280 4523 ἀνύϐριστον,
3333 4451 3419 4505 καὶ
3477 4449 3760 4522 ἀτιμώρη-

2113 4564 2228 4598 τον.
2266 4542 2371 4599 Καὶ
2421 4542 2598 4604 οὕτως
2659 4541 2978 4607 ἀπολυθεὶς,
3030 4540 3097 4595 τὰ
3153 4539 3424 4613 στίγματα
3475 4543 3571 4595 τοῦ
3629 4542 3762 4614 Χρι-

2113 4635 2241 4687 στοῦ
2298 4627 2604 4709 περιφέρων
2663 4629 2715 4685 ἐν
2773 4634 2841 4702 τῇ
2903 4629 3060 4704 σαρκὶ
3109 4629 3300 4701 αὐτοῦ,
3360 4628 3450 4684 καὶ
3509 4629 3761 4692 πολλοὺς

2112 4723 2521 4799 φωταγωγήσας
2553 4719 2642 4774 καὶ
2682 4719 2899 4795 ἀγαγὼν
2955 4716 3033 4782 εἷς
3061 4718 3162 4785 τὴν
3211 4717 3448 4792 ποίμνην
3478 4723 3576 4773 τοῦ
3631 4721 3766 4795 Χρι-

2112 4814 2240 4866 στοῦ
2270 4810 2321 4865 ἐν
2361 4810 2597 4882 θαύμασι
2653 4809 2744 4864 καὶ
2824 4805 3118 4883 διδάγμασι
3175 4805 3365 4870 καλῶς
3424 4804 3754 4882 διαπρέψας,

2113 4900 2164 4956 ἐν
2195 4899 2384 4973 εἶ’ρήνῃ
2416 4898 2777 4956 ἀνεπαῦσατο.

2183 4989 2288 5048 Καὶ
2345 4989 2536 5062 μνήμη
2594 4987 2692 5044 τοῦ
2744 4987 2893 5043 ὁσίου
2947 4987 3159 5062 Πατρὸς
3203 4986 3364 5060 ἡμῶν
3455 4985 3758 5043 Εὖσταθίου

2111 5076 2412 5135 ἐπισκόπου
2439 5077 2711 5143 Βιθυνίας.

2669 5168 2848 5226 ΜΗΝΙ
2877 5172 2961 5225 ΤΩ
2994 5169 3198 5225 ΑΥΤΩ.

2182 5363 2450 5437 Ἀθλησις
2476 5368 2574 5420 τοῖ’)
2606 5364 2766 5441 ἁγίου
2816 5365 3048 5441 Μάρκου
3100 5363 3405 5421 ὶπισκόπου
3435 5366 3695 5439 Ἀρεθου-

2824 5437 2976 5494 σίων.

2185 5545 2310 5603 Ἐπὶ
2343 5545 2747 5602 Κωνσταντίνου
2803 5549 2900 5601 τοῦ
2959 5543 3200 5620 μεγάλου
3231 5543 3612 5610 πλατῦναντος
3666 5549 3764 5601 τοῦ

2111 5639 2563 5710 Χριστιανισμοῦ,
2623 5636 2843 5709 Μάρκος
2905 5635 2934 5689 ὁ
3014 5635 3309 5698 ἐπίσκοπος
3397 5633 3758 5710 Ἀρεθουσίων

2110 5721 2398 5780 είδω)ικόν
2429 5724 2555 5780 ναὸν
2587 5717 2934 5794 καταϐαλὼν,
2967 5723 3260 5794 ὗκκλησίαν
3318 5718 3546 5780 ἔκτισεν.
3609 5721 3762 5782 Ἐπεί
3807 5749 3812 5752 -
