4132 6470
378 382 496 445 8⁵17

1888 378 2271 444 MARTIUS.

3694 390 3810 450 378

372 512 434 573 δὶ
462 516 492 572 ὁ
526 515 700 591 μέγας
760 512 1085 586 ἐτελεύτησε
1142 519 1573 588 Κωνσταντῖνος,
1629 516 1937 579 Ἰουλιανὸς
1984 510 2023 569 δῖ

2152 515 2255 570 xit.
2284 514 2608 588 Postquam
2639 532 2775 573 vero
2802 516 3046 590 Magnus
3078 513 3226 572 obiit
3264 515 3718 585 Constantinus,
3753 527 3811 579 et

370 608 408 663 ὁ
458 606 833 677 Ἀποστάτης,
895 608 1250 683 συγχωρήσει
1338 612 1494 677 Θεοῦ,
1581 614 1683 677 τῆς
1762 605 2045 684 βασιλείας

375 697 705 772 ζκράτησεν,
789 696 1258 774 ἀναθαρρήσαντες
1339 699 1391 752 οἱ
1472 694 1897 773 εἰδωλολάτραι,
1955 695 2044 751 καὶ

379 786 453 844 δι’
515 786 689 861 ὀργῆς
750 784 973 862 ἔχοντες
1026 788 1117 841 τὸν
1176 788 1331 861 ἅγιον
1420 788 1667 862 Μάρκον,
1745 786 2043 862 ἐκράτησαν

387 878 564 946 αὺτὸν,
622 874 715 931 καὶ
778 876 1050 951 σχοινίοις
1098 875 1228 940 τοὺς
1276 874 1447 939 πόδας
1517 876 1795 947 δήσαντες,
1855 874 2042 951 ἔσυρον

389 968 702 1034 τύπτοντες,
762 966 853 1021 καὶ
909 963 1033 1021 τότε
1095 966 1277 1039 μέλιτι
1334 966 1425 1022 καὶ
1494 968 1647 1043 γάρῳ
1731 966 2041 1043 χρίσαντες,

394 1054 687 1130 Ξκρέμασαν
721 1054 774 1110 ἐν
810 1057 1077 1131 σχοινίοις
1111 1056 1193 1131 ἐφ’
1251 1056 1440 1131 ὕψους,
1502 1058 1691 1131 θέρους
1745 1053 1896 1119 ὄντος
1950 1056 2042 1111 καὶ

388 1147 686 1221 καύματος,
716 1149 853 1221 πρὸς
919 1148 983 1202 τὸ
1040 1142 1457 1221 καταϐρωθῆναι
1521 1148 1625 1203 ὑπὸ
1680 1153 1786 1202 τῶν
1850 1145 2041 1221 μελισ-

383 1240 513 1292 σῶν.
545 1237 637 1297 Ὠς
672 1233 731 1291 δὶ
787 1232 933 1291 εἶδον
994 1235 1155 1292 αὐτὸν
1209 1234 1491 1293 ἀνένδοτον
1551 1236 1700 1306 ὄντα,
1760 1232 2040 1307 μεταϐλη-

374 1325 558 1389 θὲντες
587 1323 863 1379 ἀπέλυσαν
902 1332 1005 1394 τῆς
1059 1325 1331 1400 τιμωρίας
1388 1325 1569 1396 αὐτὸν,
1624 1327 1715 1382 καὶ
1763 1330 1861 1382 τοῦ
1920 1326 2043 1383 λοι-

370 1419 489 1470 ποῦ
522 1417 679 1489 εἶχον
714 1414 789 1477 ὡς
818 1412 1171 1484 διδάσκαλον,
1207 1414 1282 1478 εἰς
1328 1420 1509 1488 θαῦμα
1562 1416 1741 1479 θέντες
1788 1417 1887 1485 τὴν
1944 1415 2039 1470 αὐ-

368 1509 473 1559 τοῦ
504 1504 821 1577 καρτερίαν,
889 1503 978 1557 καὶ
1036 1504 1366 1580 συγγνώμην
1420 1505 1853 1579 ἱξαιτησάμενοι.
1904 1507 2040 1562 Εἶτα

376 1588 655 1659 ἱπιῦιοὺς,
686 1592 776 1647 καὶ
805 1593 868 1647 τὸ
899 1593 1163 1667 ποίμνιον
1221 1594 1314 1650 τὸν
1373 1593 1675 1650 ὑπόλοιπον
1733 1602 1835 1665 τῆς
1893 1601 2039 1665 ζωῆς

381 1684 534 1753 αύτῷ
580 1681 767 1745 καλῶς
853 1681 1060 1754 ῒθύνας,
1118 1683 1168 1738 ἐν
1234 1685 1519 1760 βαθυτάτῳ
1574 1686 1720 1761 γήρᾳ
1804 1684 2035 1740 ἀνεπαύ-

384 1792 539 1829 σατο.

2150 605 2420 660 Julianus
2444 608 2866 678 Apostata.Dei
2890 608 3209 679 permissu,
3245 609 3557 680 imperium
3599 612 3809 680 tenuit,

2152 696 2613 752 confidentiores
2634 698 2826 752 effecti
2842 698 3399 764 idololatrizr,antea
3423 700 3601 755 etiam
3618 703 3807 757 Marco

2150 784 2388 846 infensi.
2406 787 3237 858 ipsumcomprehenderunt:
3261 789 3638 861 alligatisque
3658 799 3811 848 reste

2149 875 2398 946 pedibus
2427 878 2728 931 trahentes
2751 876 3176 933 verberabant:
3210 894 3346 933 mox
3377 879 3556 934 melle
3589 887 3647 935 et
3670 898 3810 953 garo

2149 966 2839 1037 unctum,funibusquee
2866 967 3104 1021 sublimi
3135 985 3513 1039 suspensum,
3548 969 3808 1026 fervente

2148 1060 2351 1109 mstate
2383 1061 2442 1109 et
2470 1063 2635 1119 testu,
2673 1056 2885 1127 apibus
2926 1056 3328 1112 devorandum
3382 1068 3802 1131 exposuerunt.

2147 1146 2221 1199 At
2248 1160 2385 1199 cum
2430 1144 2949 1216 inexpugnabilem
3009 1152 3068 1201 et
3119 1146 3401 1202 invictum
3461 1156 3799 1217 cernerent,

2145 1240 2373 1289 mutato
2403 1235 2677 1299 consilio,
2726 1236 3039 1291 tormentis
3092 1235 3481 1304 subtractum,
3545 1238 3798 1295 liberum

2145 1322 2534 1379 dimiserunt:
2568 1330 2628 1379 et
2655 1324 2937 1397 deinceps
2966 1325 3226 1380 doctoris
3262 1326 3389 1381 loco
3438 1326 3797 1395 habuerunt,

2144 1414 2499 1470 miraculum
2524 1416 2574 1486 ej
2586 1432 2653 1471 us
2674 1416 3020 1487 patientiam
3049 1415 3341 1484 arbitrati,
3366 1417 3598 1473 veniam
3620 1418 3799 1474 etiam

2142 1503 2279 1559 facti
2313 1511 2647 1576 poscentes.
2677 1510 2822 1561 Cum
2864 1522 2970 1578 per
3028 1505 3189 1561 hunc
3246 1505 3490 1562 modum
3549 1513 3800 1563 mortem

2142 1594 2445 1661 evasisset,
2478 1600 2536 1649 et
2581 1611 2817 1668 gregem
2870 1595 3102 1666 reliquo
3156 1595 3285 1650 vitm
3346 1613 3466 1651 sua)
3525 1601 3795 1669 tempore

2141 1682 2296 1739 bene
2327 1683 2739 1756 gubernasset,
2772 1684 2834 1739 in
2865 1683 3336 1757 profundissima
3367 1690 3672 1741 senectute
3702 1703 3789 1741 re-

2140 1774 2382 1846 quievit.

385 1890 492 1947 Καί
549 1890 769 1963 ἄθλησις
824 1892 1162 1970 τῶν-ἁγίων
1247 1892 1524 1970 Ιζυρίλλου
1583 1894 1858 1970 διακόνου,
1939 1896 2023 1953 καῖ

2140 1894 2204 1949 Et
2252 1901 2524 1950 certamen
2570 1900 2884 1970 sanctorum
2932 1895 3132 1966 Cyriltt'
3179 1896 3402 1952 diaconi
3445 1904 3497 1952 et
3554 1898 3797 1953 aliorum

963 1964 1158 2041 ἑτέρων
1186 1964 1438 2023 πολλῶν.

443 2085 720 2151 Κύριλλος
754 2091 782 2143 ὁ
816 2086 1069 2154 διάκονος
1100 2091 1167 2161 ἦν
1198 2091 1249 2147 ἐν
1284 2092 1516 2168 Φοινίκῃ
1544 2098 1613 2167 τῇ
1674 2094 1854 2150 πόλει·
1909 2093 2025 2150 ἐπεὶ

365 2171 424 2229 δὲ
454 2174 546 2229 καὶ
579 2175 742 2239 αὐτὸς
765 2179 901 2234 κατά
928 2180 1022 2234 τὸν
1052 2181 1243 2253 καιρὸν
1303 2186 1399 2235 τοῦ
1442 2181 1687 2257 μεγάλου
1739 2190 2027 2240 Κωνσταν-

363 2265 524 2319 τίνου
556 2264 745 2321 πολλὰ
773 2272 880 2322 τῶν
930 2266 1177 2323 εἶδώλων
1240 2269 1543 2345 συνέτριψε,
1594 2272 1883 2346 κρατηθεὶς
1938 2273 2024 2327 ἐπὶ

364 2352 681 2410 Ἰουλιανοῦ
715 2356 861 2429 παρὰ
911 2361 1017 2411 τῶν
1078 2355 1521 2433 εἰδωλολατρῶν,
1585 2361 1762 2435 βῖαιον
1818 2362 2021 2430 ὑπέστη

366 2444 626 2498 θάνατον.
687 2446 792 2513 Τὴν
853 2447 957 2519 γὰρ
1013 2446 1249 2521 γαστέρα
1298 2447 1464 2502 αὐτοῦ
1505 2446 1908 2525 διαριέηξαντες,
1962 2452 2025 2505 τὸ

369 2535 524 2602 ἧπαρ
557 2532 725 2587 αὐτοῦ
748 2535 1074 2611 κατέφαγον,
1117 2536 1205 2590 καὶ
1253 2541 1350 2591 τοῦ
1407 2537 1661 2610 αἳματος,
1721 2540 1794 2599 ὡς
1845 2540 2023 2611 κύνες,

367 2622 785 2699 ἀπεριὲόνρησαν,
843 2624 932 2679 καὶ
991 2626 1296 2701 παραυτίκα
1344 2624 1533 2683 ἔπεσον
1572 2630 1624 2683 οἱ
1656 2625 1875 2693 ὀδόντες
1927 2630 2023 2683 αὖ·

358 2713 499 2778 τῶν,
559 2714 652 2766 καὶ
711 2714 766 2767 αἱ
824 2713 1072 2787 γλῶσσαι
1132 2713 1426 2786 ἐσάπησαν,
1487 2717 1576 2772 καὶ
1634 2718 1685 2771 οἱ
1744 2716 2023 2795 ὀρθαλμοὶ

354 2801 779 2875 ἰτυιρλώθησαν.
814 2803 875 2860 Ὁ
904 2800 961 2858 δὲ
1012 2800 1221 2877 μαρτυρ
1273 2804 1586 2867 τελειωθεὶς
1639 2804 1842 2874 ἀνῆλθε
1897 2807 2026 2882 χαί-

362 2910 476 2964 ρων
512 2890 564 2945 ἐν
599 2897 718 2952 τοῖς
757 2890 1033 2965 οὐρανοῖς.
1090 2893 1221 2951 Κατ’
1280 2893 1489 2963 ἐκείνην
1548 2893 1605 2950 δὲ
1657 2897 1755 2962 τήν
1815 2896 2024 2971 ἡμέραν

363 2980 459 3036 καὶ
495 2980 547 3035 ἰν
580 2979 887 3036 Ἀσκάλωνι
919 2986 988 3055 τῇ
1030 2983 1215 3051 πόλει,
1268 2984 1355 3039 καὶ
1405 2983 1457 3039 ἐν
1520 2985 1660 3059 Γάζῃ
1708 2986 1766 3039 οἱ
1793 2983 2023 3043 εἰδωλο-

365 3068 561 3143 λάτραι
604 3072 974 3142 κρατήσαντες
1032 3070 1247 3141 πλῆθος
1306 3074 1666 3149 Χριστιανῶν,
1718 3074 2022 3148 παρθένων,

358 3163 654 3233 γυναικῶν,
689 3158 778 3214 καὶ
829 3166 1204 3233 μοναζουσῶν,
1264 3162 1354 3217 καὶ
1418 3164 1733 3237 ἱερωμένων
1787 3162 2022 3237 ἀνδρῶν,

2818 1967 3093 2039 plurium.

2207 2086 2463 2160 Cyrillus
2493 2086 2780 2141 diaconus
2840 2087 2902 2141 in
2965 2085 3222 2157 quadam
3275 2086 3592 2142 Phoenicim
3648 2087 3797 2143 urbe

2134 2176 2282 2231 fuit:
2318 2183 2375 2231 et
2405 2177 2685 2247 quoniam
2719 2176 2895 2230 etiam
2926 2176 3053 2246 ipse
3105 2182 3371 2247 tempore
3419 2171 3793 2232 Constantini

2134 2266 2322 2339 Magni
2358 2266 2544 2320 multa
2575 2264 2733 2319 idola
2764 2266 3142 2326 contriverat.
3176 2271 3383 2336 captus
3412 2265 3646 2320 Juliano
3680 2266 3793 2320 im-

2133 2362 2379 2428 perante
2404 2356 2475 2410 ab
2498 2354 3178 2412 idololatris.violentam
3210 2354 3496 2409 sustinuit
3517 2362 3789 2410 mortem.

2134 2447 2302 2501 Secto
2325 2460 2583 2516 namque
2618 2444 2748 2514 ejus
2780 2450 3000 2505 ventre,
3035 2443 3220 2515 hepar
3259 2450 3558 2511 vorarunt,
3610 2461 3789 2499 cruo-

2131 2552 2399 2606 remque,
2433 2550 2647 2590 canum
2682 2532 2969 2598 adinstar,
3002 2533 3365 2588 hauserunt:
3390 2534 3792 2604 continuoque

2132 2642 2337 2680 eorum
2360 2624 2570 2679 dentes
2592 2622 3071 2688 conciderunt,et
3092 2623 3309 2695 linguas
3331 2622 3789 2687 contabuerunt,

2132 2713 2409 2783 oculique
2440 2712 2640 2767 cmcati
2670 2716 2828 2765 sunt.
2886 2711 3103 2782 Martyr
3154 2728 3312 2777 vero,
3372 2718 3790 2766 consummato

2129 2802 2546 2869 certamine,in
2563 2800 2777 2856 cmlum
2802 2800 2973 2855 laatus
2996 2801 3284 2856 ascendit.
3320 2800 3430 2856 Per
3453 2817 3551 2856 eos
3583 2801 3793 2856 itidem

2130 2893 2257 2949 dies
2270 2894 2329 2946 in
2346 2892 2591 2947 urbibus
2605 2890 2893 2945 Ascalone
2915 2896 2973 2944 et
2986 2890 3134 2945 Gaza
3148 2890 3475 2946 idololatria
3490 2892 3792 2964 ingentem

2128 2978 3790 3051 Christianorum,virginum,feminarum,monachorum,

2129 3072 2368 3142 Deoque
2392 3075 2759 3125 sacratorum
2781 3068 3041 3122 virorum
3066 3067 3300 3122 turbam
3333 3075 3648 3139 ceperunt:
3674 3070 3789 3125 fer-

2130 3178 2315 3234 roque
2348 3158 2622 3216 dissectis
2653 3156 3005 3213 eorumdem
3066 3156 3391 3223 ventribus,
3444 3157 3790 3229 hordeoque

354 3249 446 3305 καὶ
478 3249 577 3310 τάς
610 3249 826 3312 κοιλίας
855 3249 1032 3306 αὐτῶν
1079 3251 1379 3328 μαχαίραις
1428 3250 1832 3329 διασχίσαντες,
1888 3250 2014 3310 ἔϐα-

2136 3251 2409 3325 oppletis,
2444 3248 2638 3321 porcis
2670 3246 2960 3302 vorandos
2993 3245 3393 3317 prmbuerunt.
3430 3248 3500 3302 Et
3541 3264 3791 3320 corpora

353 3337 453 3393 λον
484 3340 698 3412 κριθὰς,
729 3338 819 3395 καὶ
846 3342 1157 3415 προέθηκαν
1210 3347 1329 3404 τοῖς
1377 3342 1593 3417 χαίροις
1642 3343 1719 3407 εἷς
1782 3346 2007 3419 βρῶσιν,

352 3430 459 3486 Καὶ
515 3431 585 3484 τὶ
642 3430 738 3503 μέν
787 3430 1016 3503 σώματα
1067 3432 1321 3494 τοιαύτας
1379 3434 1647 3506 ὑπέμενον
1714 3436 2008 3511 τιμωρίας,

2125 3341 2368 3416 quidem
2398 3340 2506 3395 hos
2539 3337 2727 3394 tulere
2760 3338 3061 3392 cruciatus
3088 3354 3101 3401 ;
3136 3341 3357 3392 sancta)
3402 3353 3539 3393 vero
3573 3337 3788 3393 animm

2122 3432 2197 3489 ad
2229 3444 2442 3487 manus
2471 3427 2574 3484 Dei
2606 3426 2854 3483 viventis
2887 3425 3217 3481 evolarunt.

360 3518 417 3571 αἱ
448 3515 506 3572 δὶ
536 3518 680 3592 ἅγιαι
713 3518 885 3574 αὐτῶν
917 3521 1093 3597 ψυχαὶ
1127 3520 1516 3597 ἔναπετέθησαν
1549 3522 1624 3585 εἷς
1657 3530 1847 3599 χεῖρας
1875 3528 2009 3581 Θεοῦ
2042 3526 2263 3593 ζῶντος.

374 3640 475 3694 Καὶ
514 3645 699 3715 μνήμη
750 3644 849 3700 τοῦ
902 3645 1053 3701 ὁσίου
1115 3647 1325 3721 Π-ατρὸς
1378 3648 1540 3721 ἡμῶν
1604 3649 1859 3704 Ἰωάννου
1919 3652 2016 3704 τοῦ

973 3725 1075 3787 τῆς
1108 3717 1408 3791 Κλίμακος.

448 3842 509 3898 Ὀ
559 3840 611 3897 ἐν
672 3845 841 3920 ἁγίοις
897 3847 1083 3920 Πατὴρ
1143 3849 1306 3920 ἡμῶν
1368 3846 1625 3918 Ἰωάννης
1660 3850 1688 3903 ὁ
1726 3854 1826 3917 τῆς
1888 3847 2015 3907 Κλί,

365 3953 562 4005 μακος,
594 3931 722 3990 δέκα
751 3934 803 4006 ἕξ
835 3938 1054 4011 χρόνων
1105 3938 1394 4013 ὑπάρχων,
1446 3940 1774 4014 προσέφερεν
1828 3939 2013 3994 ἑαυτὸν

353 4027 437 4093 τῷ
470 4028 589 4096 Θεῷ
620 4029 765 4097 θῦμα
793 4026 1109 4099 ἱερώτατον,
1143 4027 1193 4082 ἰν
1220 4032 1300 4100 τῷ
1352 4028 1553 4101 Σιναίῳ
1583 4024 1696 4103 ὄρει
1749 4028 2013 4097 ἀνελθὼν,

352 4115 448 4168 καὶ
483 4116 622 4185 μετά
653 4113 782 4171 δέκα
811 4116 962 4173 ἐννέα
994 4119 1231 4193 χρόνους
1262 4117 1514 4189 ἐξέδωκεν
1548 4120 1733 4175 ἑαυτὸν
1793 4120 1847 4176 έν
1880 4123 2017 4190 ἡσυ-

357 4203 460 4277 χίᾳ
488 4204 597 4259 ἀπὸ
628 4205 869 4278 σημείων
905 4208 1056 4262 πέντε
1083 4212 1184 4262 τοῦ
1240 4212 1518 4283 Κυριακοῠ
1567 4209 1933 4285 μοναστηρίού
1961 4209 2014 4264 ἐν

360 4293 514 4365 τόπῳ
547 4293 711 4366 Θολῷ
754 4294 1061 4370 λεγομένῳ·
1114 4300 1512 4370 τεσσαράκοντα
1568 4295 1661 4366 ἔτη
1712 4296 2015 4368 πληρώσας

358 4380 411 4437 ἰν
454 4387 534 4453 τῷ
564 4384 719 4455 πόθῳ
757 4390 855 4439 τοῦ
914 4390 1070 4454 Θεοῦ,
1130 4386 1429 4456 νηστεύων,
1486 4386 1576 4441 καὶ
1632 4384 1864 4455 κλαίων,
1921 4389 2009 4442 καὶ

355 4474 832 4548 προσευχόμενος
904 4474 1075 4529 ὕπνου
1125 4473 1183 4531 δὲ
1245 4470 1673 4549 μετελάμϐανεν,
1733 4476 1857 4531 ὅσον
1914 4477 2014 4544 τὴν

355 4564 457 4615 τοῦ
487 4565 587 4615 νοῦ
618 4562 803 4617 οὐσίαν
835 4566 902 4637 τῇ
956 4564 1225 4639 ἀγρυπνίᾳ
1280 4566 1355 4636 μὴ
1408 4562 1775 4635 λυμήνασθαι.
1828 4564 2013 4627 Οὕτως

357 4652 547 4704 τοίνυν
609 4658 781 4706 πᾶσαν
841 4652 1035 4727 ἀρετὴν
1097 4652 1412 4726 ἐξασκήσας,
1467 4653 1557 4708 καὶ
1616 4652 1799 4715 καλῶς
1859 4653 2091 4751 πολι-θ

354 4742 714 4813 τευσάμενος,
746 4743 833 4796 καὶ
869 4743 1071 4804 πάντας
1099 4742 1226 4805 τοὺς
1257 4742 1308 4798 ὲν
1348 4742 1534 4815 ἐκείνῳ
1579 4747 1657 4814 τῷ
1702 4738 1814 4817 ὄρει
1866 4743 2016 4819 ἀγω-

353 4832 675 4904 νιζομένους
706 4829 795 4886 διὰ
820 4832 912 4888 τὸν
961 4833 1096 4888 θοὸν
1152 4834 1430 4910 μοναχοὺς
1488 4835 1713 4903 νικήσας
1761 4834 1836 4897 εἰς
1897 4834 2015 4908 ἀρεο

348 4923 476 4991 τὴν,
534 4925 624 4976 καί
687 4923 954 4999 μεγίστων
1008 4928 1228 4999 ο⁸ωρεῶν
1285 4923 1376 4979 καὶ
1436 4928 1680 4999 θεωριῶν
1764 4924 2014 4995 ἀξιωθεὶς

350 5012 497 5080 παρά
525 5016 622 5066 τοῦ
643 5015 799 5076 Θεοῦ,
831 5012 1079 5076 πολλούς
1127 5034 1185 5068 τε
1241 5011 1442 5089 λόγους
1485 5013 1840 5091 ψυχωφελεῖς
1896 5036 2018 5091 συγ-

346 5102 579 5177 γεάψας,
638 5103 727 5157 καὶ
792 5098 989 5176 βίϐλου
1039 5104 1273 5172 συνθεὶς,
1355 5105 1453 5173 τὴν
1544 5104 2013 5176 ὖπονομασθεῖσαν

351 5192 629 5262 Κλίμακα,
690 5188 782 5245 διὰ
830 5192 968 5247 κατά
1015 5192 1163 5263 τάξιν
1246 5197 1355 5248 τῶν
1442 5194 1645 5269 ἀρετῶν
1731 5188 2014 5265 ἀνάϐασιν,

354 5280 473 5337 ἰτελ
482 5282 611 5351 εύτη
620 5300 706 5335 σεν
716 5325 729 5338 .

410 5513 514 5571 Καὶ
547 5510 779 5582 ἄθλησις
806 5513 917 5565 τῶν
948 5510 1118 5584 ἁγίων
1147 5510 1435 5586 τριάκοντα
1466 5511 1933 5587 όκτὼμαρτύρων.

407 5655 529 5712 Ἐπί
580 5655 681 5723 τῆς
771 5652 1050 5727 βασιλείας
1110 5658 1207 5710 τοῦ
1301 5653 1626 5729 παρανόμου
1688 5654 1996 5713 Ἰουλιανοῦ

308 5742 662 5834 ἐστράτευον
722 5744 879 5799 061m
957 5744 1019 5827 oi.
1090 5742 1236 5823 ape:
1322 5744 1626 5825 aptium“.
1684 5745 1773 5823 καὶ
1855 5746 2000 5823 Quid)

2133 3647 2229 3706 86
2261 3647 2329 3703 Et
2369 3644 2807 3701 commemoratio
2833 3644 3062 3769 (Ista-noti.
3095 3643 3273 3698 Patris
3330 3644 3507 3699 nostri
3560 3644 3791 3699 Joannis

2896 3730 3081 3769 unam.

2896 3730 3081 3769 unam.

2202 3836 2456 3892 Sanctus
2497 3833 2669 3889 Pater
2723 3838 2928 3889 noster
2983 3833 3240 3889 Joannes
3293 3832 3589 3890 Climacus
3649 3850 3785 3890 cum

2130 3934 2360 3981 sextum
2389 3924 2685 3981 decimum
2709 3938 2935 3978 annum
2962 3930 3182 3995 ageret,
3215 3924 3485 3979 ascendit
3512 3928 3573 3978 in
3617 3940 3789 3979 mon--

2127 4019 2245 4069 tem
2273 4014 2500 4080 Sina,et
2524 4013 2787 4084 seipsum
2817 4014 2929 4067 Deo
2957 4013 3403 4068 sanctissimum
3426 4014 3785 4069 sacrificium

2127 4104 2345 4159 obtulit
2369 4120 2382 4157 :
2418 4108 2475 4157 et
2505 4108 2637 4174 post
2661 4101 2960 4157 decimum
2980 4119 3203 4157 nonum
3230 4119 3451 4158 annum
3478 4101 3785 4157 solitudini

2127 4210 2189 4248 se
2222 4192 2485 4260 tradidit,
2520 4194 2731 4263 quinto
2768 4191 2961 4264 lapide
2985 4208 3016 4245 a
3048 4192 3295 4247 basilica
3320 4192 3690 4257 monasterii,
3724 4192 3784 4247 in

2124 4282 2275 4347 loco,
2312 4282 2405 4337 cui
2437 4281 2650 4335 Tbolas
2700 4296 2921 4334 nomen
2965 4279 3095 4334 fuit.
3148 4281 3547 4353 Quadraginta
3593 4296 3781 4335 annos

2126 4372 2321 4445 exegit
2384 4371 2445 4425 in
2505 4385 2706 4423 amore
2784 4368 3199 4439 desiderioque
3283 4369 3575 4425 serviendi
3662 4370 3779 4423 Deo

2116 4460 2391 4533 jejuniis.
2426 4458 2665 4514 ﬂetibus
2696 4463 2755 4512 et
2785 4457 3154 4512 orationibus
3208 4458 3517 4525 addictus;
3569 4473 3778 4513 somno

2122 4568 2260 4607 vero
2295 4556 2521 4605 tantum
2543 4548 2813 4613 indulsit,
2838 4564 2910 4602 ne
2936 4547 3239 4620 pervigilio
3268 4548 3599 4603 substantia
3614 4564 3780 4603 men-

2127 4640 2203 4695 tis
2224 4643 2723 4708 corrumperetur.
2757 4637 2921 4690 Hunc
2944 4636 3005 4690 in
3033 4636 3275 4691 modum
3299 4652 3433 4691 cum
3459 4637 3595 4692 sein
3619 4637 3781 4691 omni

2124 4729 2406 4781 virtutum
2437 4741 2652 4798 genere
2686 4724 3069 4786 exercuisset,
3113 4725 3407 4796 vitamque
3459 4742 3627 4781 suam
3674 4742 3781 4797 op-

2124 4816 2267 4871 time
2328 4815 2707 4881 traduxisset,
2766 4819 2823 4869 et
2877 4830 3085 4869 omnes
3155 4816 3500 4883 monachos,
3560 4815 3662 4887 qui
3720 4814 3780 4870 in

2124 4912 2325 4962 monte
2357 4906 2460 4960 illo
2493 4906 2610 4961 Deo
2642 4903 3000 4969 militabant,
3035 4904 3208 4977 longe
3238 4905 3298 4961 in
3331 4906 3545 4961 virtute
3605 4922 3782 4978 supe-

2121 5002 2333 5057 rasset.
2356 4994 2632 5052 maximis
2655 4994 2918 5058 donis,et
2939 5001 3173 5049 contem
3186 4994 3547 5067 plationibus
3578 5011 3778 5051 rerum

2122 5085 2454 5141 divinarum
2487 5101 2521 5139 a
2554 5085 2669 5140 Deo
2702 5083 3035 5139 illustratus
3068 5090 3174 5140 est.
3206 5085 3420 5141 Multos
3473 5102 3779 5142 sermones

2121 5175 2195 5229 ad
2226 5174 2562 5230 animarum
2620 5172 2942 5229 utilitatem
3003 5175 3380 5247 conscripsit.
3442 5180 3501 5229 et
3556 5174 3778 5231 librum

2120 5264 2475 5336 composuit.
2509 5263 2740 5321 Scalam
2770 5264 3277 5333 cognominatum,
3306 5263 3463 5335 quod
3496 5264 3778 5320 virtutum

2120 5369 2434 5412 ascensum
2457 5370 2528 5409 ex
2553 5353 2759 5409 ordine
2784 5352 2997 5420 tradat,
3013 5370 3081 5409 ac
3106 5353 3344 5409 tandem
3363 5352 3541 5408 vitam
3564 5351 3772 5408 ﬁnivit.

2197 5516 2263 5571 Et
2291 5520 2564 5571 certamen
2591 5521 2904 5571 sanctorum
2938 5515 3174 5587 triginta
3203 5520 3323 5569 octo
3353 5520 3681 5584 martyrum.

2186 5658 2521 5730 Imperante
2553 5657 2735 5731 impio
2785 5658 3149 5715 Diocletiano
3195 5656 3533 5713 militabant
3581 5658 3773 5712 sancti

2113 5748 2211 5808 isti
2238 5748 2483 5820 triginta
2512 5753 2573 5804 et
2599 5753 2731 5805 octo
2764 5754 3053 5822 mei-tres
3083 5749 3145 5804 in
3178 5747 3417 5822 regione
3475 5747 3771 5824 Cappado-
