4108 6422
288 329 407 390 379

1615 328 2055 392 MENOLOGII
2098 332 2301 395 PARS
2348 333 2455 396 III.

3581 336 3702 400 380

289 483 426 524 cum
453 484 466 524 :
498 434 600 540 qui
632 483 768 525 curn
800 466 1117 541 gloriosam
1151 472 1494 526 sanctorum
1545 468 1938 542 quadraginta

2073 468 2326 546 ιάρτυρες
2385 469 2437 527 ἐν
2497 475 2566 547 τῇ
2626 475 2788 548 χῶρᾳ
2874 471 3273 532 Καππαδόκων.
3358 474 3459 533 Καὶ
3539 473 3703 530 ἀκού-

291 559 509 615 Christi
543 567 868 632 martyrum
903 576 1158 631 pugnam
1185 560 1945 632 intellexissent,quomodo

293 650 522 705 devicto
547 650 785 705 diabolo
843 649 918 705 ob
973 650 1328 721 praeclarum
1386 657 1689 706 certamen
1746 656 1948 707 essent

292 739 582 804 coronati,
616 739 790 794 etiam
825 739 935 810 ipsi
963 739 1086 794 zelo
1119 740 1372 808 incensi,
1404 741 1687 813 projectis
1745 757 1945 796 coram

293 827 546 900 praeside
571 828 776 895 armis,
796 845 1009 898 magna
1029 845 1167 884 voce
1185 829 1485 884 Christum
1508 845 1712 884 verum
1737 831 1946 897 Deum,

295 922 355 973 et
385 933 445 972 se
479 917 640 989 ipsos
668 933 833 972 veros
861 918 990 987 ejus
1045 935 1244 973 servos
1291 919 1547 974 confessi
1592 925 1751 974 sunt.
1802 921 1948 974 Tum

291 1023 430 1062 vero
463 1007 878 1078 comprehensi
911 1007 1290 1079 vestibusque
1321 1008 1549 1076 nudati,
1582 1009 1731 1065 adeo
1761 1009 1950 1064 carni-

294 1096 404 1152 bus
437 1098 820 1168 percussione
851 1098 1142 1170 virgarum
1195 1104 1336 1153 sunt
1383 1099 1685 1164 excoriati,
1734 1105 1803 1154 ut
1853 1099 1950 1154 vix

293 1191 652 1258 apparerent
706 1186 1029 1242 humanam
1120 1187 1313 1244 adhuc
1396 1187 1656 1260 speciem
1709 1187 1949 1243 habere.

295 1277 518 1332 Deinde
550 1277 774 1348 absque
806 1278 932 1334 ulla
960 1279 1032 1334 de
1065 1279 1186 1334 illis
1217 1295 1359 1335 cura
1384 1280 1446 1335 in
1479 1295 1778 1336 carcerem
1810 1295 1954 1334 con-

284 1368 454 1442 jecti,
483 1369 782 1440 pauloque
814 1375 947 1439 post
977 1368 1116 1425 inde
1147 1369 1306 1424 foras
1364 1371 1630 1431 extracti.
1676 1369 1954 1425 manibus

294 1463 431 1530 post
453 1463 681 1530 tergum
710 1459 1008 1520 revinctis.
1033 1475 1100 1514 ac
1131 1458 1425 1530 capitibus
1456 1459 1529 1514 ob
1562 1459 1803 1531 alligata
1831 1457 1956 1513 col-

296 1547 450 1604 laria
479 1548 828 1620 aggravatis,
863 1547 936 1603 ad
993 1548 1310 1619 prmsidem
1363 1548 1600 1604 adducti
1653 1555 1835 1604 sunt:
1899 1553 1958 1603 et

304 1636 462 1708 quod
497 1643 701 1692 sancto
735 1637 1038 1708 proposito
1071 1654 1176 1692 suo
1235 1653 1521 1708 generose
1570 1638 1954 1706 inhmrerent,

300 1732 479 1796 atque
509 1725 582 1780 ad
613 1725 934 1796 gloriosam
993 1742 1098 1798 pro
1140 1726 1370 1781 Christo
1413 1731 1666 1780 mortem
1711 1724 1957 1780 anhela-

299 1820 457 1884 rent,
491 1815 771 1872 maudato
802 1815 1074 1887 praesidis
1107 1821 1247 1870 sunt
1275 1814 1466 1888 capite
1489 1815 1667 1886 plexi.

420 1985 518 2040 81
556 1989 622 2040 Et
648 1988 1090 2040 commemoratio
1118 1987 1296 2041 sancti
1324 1985 1506 2040 Jodad
1527 1983 1835 2058 praphetae.

371 2138 516 2194 Cum
546 2137 883 2204 Jeroboam,
917 2153 1112 2194 servus
1145 2137 1406 2194 Roboam
1438 2137 1544 2193 ﬂlii
1597 2135 1955 2203 Salomonis,

300 2243 422 2283 una
444 2243 579 2282 cum
602 2227 808 2283 decem
834 2227 1107 2283 tribubus
1129 2228 1490 2283 defecisseta
1512 2225 1785 2281 tribubus
1803 2225 1958 2280 Juda

303 2323 363 2374 et
391 2317 725 2388 Benjamin.
757 2333 825 2372 ac
855 2318 1077 2388 rejecto
1109 2319 1226 2372 Deo
1267 2333 1403 2372 vero
1455 2315 1695 2371 fecisset
1742 2314 1956 2370 vitulos

303 2422 537 2470 aureos,
564 2423 783 2476 eosque
807 2422 942 2462 cum
974 2407 1249 2463 universo
1272 2405 1492 2478 populo
1515 2421 1622 2460 suo
1645 2405 1955 2469 adoraret;

298 2495 518 2550 missus
541 2501 631 2550 est
651 2495 746 2550 hic
769 2497 1079 2567 propheta,
1106 2501 1173 2550 ut
1193 2511 1328 2550 cum
1352 2511 1422 2549 ex
1441 2500 1606 2565 parte
1643 2494 1738 2548 Dei
1763 2509 1956 2565 repre-

297 2581 786 2638 henderet.Venit
803 2583 980 2653 igitur
992 2589 1051 2637 et
1072 2581 1474 2654 reprehendit.
1493 2580 1805 2637 Jeroboam
1820 2596 1955 2634 vero

300 2673 569 2728 extendit
590 2689 856 2739 manum,
881 2678 945 2728 ut
971 2689 1106 2728 eum
1127 2672 1494 2739 verberaret;
1517 2670 1622 2726 sed
1649 2669 1960 2742 conspexit

301 2779 431 2819 eam
457 2762 706 2818 aridam.
733 2765 858 2818 Mox
882 2762 1231 2834 paenitentia
1253 2762 1488 2823 ductus.
1509 2761 1728 2816 meruit
1747 2767 1951 2831 utpro~

299 2853 482 2925 pheta
510 2868 640 2907 eam
673 2857 932 2908 sanaret.
965 2851 1130 2917 Quod
1161 2867 1295 2906 cum
1329 2851 1588 2916 fecisset,
1608 2848 1959 2905 adhortatus

300 2947 411 3009 est,
435 2946 502 2996 ut
519 2957 732 3012 panem
768 2941 1135 2997 comederet:
1170 2940 1274 2996 sed
1297 2957 1418 2996 non
1436 2940 1630 3012 potuit
1646 2939 1721 2995 ad
1743 2938 1800 2994 id
1820 2953 1953 2995 eum

302 3033 586 3089 inducere
617 3050 630 3089 :
665 3033 806 3105 quia
834 3038 963 3088 erat
991 3033 1140 3088 illud
1171 3049 1207 3088 a
1237 3033 1353 3088 Deo
1387 3031 1730 3087 inhibitum.
1755 3031 1960 3085 Rever-

303 3123 453 3180 tenti
484 3138 620 3178 vero
650 3122 912 3178 occurrit
940 3123 992 3178 ei
1024 3121 1268 3194 quidam
1312 3121 1852 3193 pseudopropheta,
1904 3124 1963 3173 et

2051 579 2239 621 σαντες
2265 561 2366 630 τὴν
2399 559 2576 632 καλὴν
2621 560 2859 618 ἔνστασιν
2916 569 3025 620 τῶν
3087 565 3253 639 ἁγίων
3309 563 3705 638 τεσσαράκοντα

2050 653 2147 703 τοῦ
2178 651 2413 724 Χριστοῦ
2447 653 2755 728 μαρτύρων,
2811 653 2899 708 καὶ
2959 653 3109 717 ὅπως
3159 653 3499 728 ἠγωνίσαντο
3545 655 3705 724 νική-

2053 759 2238 801 σαντες
2268 740 2360 794 τὸν
2421 736 2701 818 διάϐολον,
2760 743 2850 798 καὶ
2907 745 3358 822 στεφανωθέντες,
3418 741 3702 812 ἐζήλωσαν

2053 829 2142 882 καὶ
2201 828 2378 901 αὐτοὶ,
2434 830 2525 884 καὶ
2583 830 2833 906 ῥίψαντες
2892 834 2960 887 τά
3017 830 3164 887 ὅπλα
3251 825 3552 906 ἔμπροσθεν
3607 835 3704 887 τοῦ

2054 917 2351 991 ἡγεμόνος,
2387 919 2596 994 μεγάλῃ
2619 924 2775 999 φωνῇ
2813 922 2906 977 τὸν
2962 923 3056 995 μὶν
3109 921 3340 996 Χριστὸν
3385 922 3514 977 Θεὸν
3564 920 3703 992 ἀλη-

2054 1007 2200 1064 θινὸν
2237 1007 2630 1084 ὡμολόγησαν,
2665 1009 2886 1072 ἑαυτοὺς
2921 1007 2977 1066 δὶ
3000 1011 3227 1080 ἀληθεῖς
3250 1008 3484 1072 δούλους
3514 1011 3702 1066 αὐτοῦ.

2057 1100 2192 1154 Τότε
2241 1101 2620 1175 κρατηθέντες,
2673 1100 2763 1156 καὶ
2820 1103 3218 1176 γυμνωθέντες,
3293 1104 3553 1156 τοσοῦτον
3611 1099 3707 1162 τὰς

2060 1187 2259 1262 σάρκας
2312 1190 2707 1260 κατεξάνθησαν
2766 1195 2886 1255 ταῖς
2943 1189 3230 1269 ἐπιφοραῖς
3287 1193 3397 1245 τῶν
3468 1183 3708 1266 ῥάϐδων,

2059 1275 2133 1340 ὦς
2197 1277 2361 1351 μόλις
2419 1280 2916 1354 χαρακτηρίζεσθαι
2983 1279 3284 1356 ἀνθρώπων
3334 1276 3482 1355 ἔχειν
3538 1276 3706 1341 ἰδίας.

2059 1369 2194 1422 Εἶτα
2270 1365 2487 1445 φυλακῇ
2574 1367 3037 1446 ἑναπεῤῥίφθησαν
3121 1368 3535 1442 ἀνεπιμέλητοι·
3619 1366 3711 1422 καὶ

2065 1457 2200 1529 μετᾶ
2233 1477 2429 1532 μικρον
2489 1455 2831 1522 ἑλκυσθέντες
2887 1457 2988 1529 ἔξω
3048 1455 3322 1530 δεδεμένοι
3383 1463 3573 1534 χεῖρας
3632 1456 3712 1519 είς

2059 1546 2128 1601 τά
2185 1547 2384 1617 ὀπίσω,
2442 1549 2532 1602 καὶ
2589 1549 2684 1610 τὰς
2750 1549 2992 1623 κεφαλὰς
3050 1547 3267 1610 κλοιοῖς
3328 1547 3712 1624 βαρυνόμενοι,

2061 1638 2402 1711 παρεστησαν
2433 1642 2514 1710 τῷ
2572 1637 2825 1714 ἡγεμόνν
2886 1638 2976 1694 καὶ
3031 1645 3132 1707 τῆς
3187 1635 3363 1706 καλῆς
3421 1636 3719 1700 ἱνα-τάσεως

2064 1723 2143 1783 ἔτι
2172 1724 2456 1800 ἐχόμενοι,
2487 1728 2576 1782 καὶ
2606 1729 2698 1782 τὸν
2765 1727 2898 1803 ὑπὲρ
2948 1731 3193 1801 Χριστοῦ
3243 1725 3506 1801 διψῶντες
3555 1727 3719 1782 θάνα-

1990 1835 2042 1902 Β-
2062 1837 2181 1886 τον,
2211 1817 2498 1891 προστάξει
2534 1821 2632 1872 τοῦ
2663 1819 2934 1892 ἡγεμόνος
2963 1815 3493 1894 ἀπεκεφαλίσθησαν.

2277 1977 2384 2034 Καὶ
2420 1979 2616 2052 μνήμη
2647 1982 2745 2034 τοῦ
2774 1979 2934 2054 ἁγίου
2964 1981 3251 2057 προφήτου
3284 1974 3500 2036 Ἰωδάδ.

2097 2133 2268 2196 ’Ὅτε
2317 2137 2684 2208 ἄπεστάτησεν
2769 2133 3060 2212 Ἰεροόοάμ
3119 2140 3148 2194 6
3207 2135 3406 2200 δοῦλος
3480 2131 3723 2209 Ῥοϐοάμ

2064 2224 2162 2282 τοῦ
2191 2227 2314 2282 υἱοῦ
2347 2226 2726 2300 Σολομῶντος
2757 2227 3018 2300 μετὰτῶν
3071 2225 3200 2283 δέκα
3242 2225 3457 2306 φυλῶν,
3502 2231 3612 2282 τῶν
3664 2225 3724 2282 ἐκ

2063 2321 2161 2371 τοῦ
2194 2314 2370 2371 Ἰούδα
2397 2315 2488 2371 καὶ
2519 2321 2617 2372 τοῦ
2649 2317 2925 2390 Βενιαμὶν,
2975 2317 3065 2372 καὶ
3117 2319 3380 2386 ἀθετήσας
3427 2319 3518 2372 τὸν
3575 2314 3721 2385 ἀλη-

2067 2405 2214 2470 θινὸν
2247 2407 2402 2474 Θεὸν,
2435 2406 2662 2477 ἐποίησε
2693 2407 2788 2468 τάς
2821 2411 3028 2482 χρυσᾶς
3059 2405 3350 2479 δαμάλεις,
3399 2407 3492 2462 καὶ
3541 2426 3716 2476 προσ-

2067 2496 2323 2566 εκύνησεν
2357 2496 2520 2558 αὐτάς
2559 2498 2634 2558 ὡς
2667 2497 2825 2562 θεοὺς
2874 2499 3010 2571 μετά
3051 2501 3148 2552 τοῦ
3202 2498 3292 2552 ὑπ’
3342 2496 3509 2552 αὐτοῦ
3558 2496 3720 2566 λαοῦ,

2067 2585 2344 2656 ἀπεστάλη
2404 2586 2561 2648 οὗτος
2609 2586 2637 2640 6
2691 2589 2983 2664 προφήτης
3041 2586 3102 2642 ἐκ
3158 2591 3256 2642 τοῦ
3311 2590 3446 2642 Θεοῦ
3504 2585 3720 2660 ἰλὲγξαι

2066 2675 2249 2733 αὐτόν.
2337 2677 2622 2734 Ἀπελθὼν
2703 2679 2794 2734 οὖν
2878 2678 3120 2753 ¹ἤλεγξεν.
3176 2679 3239 2737 Ὀ
3297 2675 3356 2734 δὶ
3427 2674 3724 2754 Ἱεροόοᾶμ

2067 2767 2330 2830 ἆπλώσας
2384 2769 2485 2838 τήν
2545 2772 2710 2844 χεῖρα
2764 2772 2928 2842 τῦψαι
2986 2769 3172 2835 αὐτὸν,
3239 2765 3483 2823 κατεῖδεν
3549 2767 3721 2836 αὐτὴν

2068 2855 2259 2930 ξηράν,
2288 2858 2380 2911 καὶ
2414 2857 2817 2930 μεταμεΑηθείς
2846 2857 3048 2930 ἠξίωσε
3075 2857 3168 2912 τὸν
3218 2859 3514 2934 προφήτην
3565 2866 3724 2930 θερα-

2067 2949 2262 3000 πεῦσαι
2291 2945 2484 3014 αὐτὴν,
2535 2946 2626 3002 καὶ
2677 2951 2841 3002 τοῦτο
2890 2948 3194 3016 ποιήσαντα
3243 2944 3580 3021 παρεκάλεσε
3623 2964 3726 3022 φα-

2069 3040 2186 3111 γεῖν
2216 3032 2402 3110 ἄρτον.
2437 3037 2532 3105 Μή
2561 3038 2845 3100 πεισθέντα
2894 3032 2973 3102 δὶ,
3020 3038 3182 3089 τοῦτο
3229 3033 3332 3108 γάρ
3387 3034 3506 3111 εἶχε
3554 3034 3724 3107 πρόσο

2067 3126 2216 3197 ταξιν
2248 3125 2397 3199 παρὰ
2445 3128 2544 3179 τοῦ
2599 3129 2757 3193 Θεοῦ,
2823 3124 3170 3200 ὑπέστρεφεν.
3226 3123 3327 3178 Καὶ
3392 3125 3723 3192 συναντήσας

305 3213 500 3286 coegit
515 3228 650 3269 eum
677 3211 903 3284 ingredi
929 3211 990 3266 in
1014 3211 1256 3266 domum
1271 3227 1460 3276 suam,
1481 3215 1541 3266 et
1556 3226 1772 3282 panem
1789 3224 1951 3264 man-

2073 3211 2218 3285 αὗτῶ
2245 3209 2706 3288 ψευδοπροφήτης
2735 3232 2842 3276 τις,
2895 3212 3194 3287 ἠνάγκασεν
3246 3210 3406 3266 αὐτὸν
3457 3210 3721 3272 εἰσελθεῖν

305 3302 803 3372 ducare.Propter
823 3317 1003 3372 quam
1026 3301 1530 3373 trangressionem
1561 3315 1879 3356 occurrens
1912 3298 1964 3354 ei

305 3393 399 3450 leo
421 3393 483 3448 in
506 3392 617 3455 via,
650 3391 869 3446 occidit
898 3407 1054 3447 eum.
1091 3389 1258 3457 Quod
1289 3390 1388 3445 ubi
1416 3388 1962 3461 scivitpseudopro-

300 3483 502 3556 pheta,
535 3481 703 3549 abiit,
737 3487 796 3536 et
821 3487 1094 3552 acceptas
1125 3481 1254 3552 ejus
1284 3480 1569 3552 reiiquias
1600 3479 1890 3552 sepelivit.

375 3574 446 3627 Et
493 3572 980 3628 commemoratio
1015 3570 1202 3626 sancti
1253 3570 1436 3626 Patris
1486 3570 1674 3626 nostri
1721 3569 1966 3625 Joannis

305 3662 659 3738 patriarcha:
694 3661 1262 3732 Hierosolymorum.

863 3944 1106 4002 EODEM
1145 3943 1399 4000 MENSB.

803 4054 906 4111 Die
942 4053 1242 4110 tricesima
1271 4052 1484 4125 prima.

315 4202 605 4260 Certamen
654 4205 972 4256 sanctorum
1018 4203 1330 4267 martyrum
1378 4195 1552 4252 Abdus
1599 4197 1866 4269 episcopi,
1921 4201 1973 4251 et

842 4269 1164 4341 Benjamini
1193 4269 1432 4324 diaconi.

383 4445 488 4502 Hic
516 4443 847 4501 Theodosio
871 4440 1110 4497 Juniore
1131 4441 1463 4512 imperante
1494 4435 1820 4495 florebatin
1841 4438 1976 4493 Per-

314 4536 460 4593 side.
497 4537 817 4604 Postquam
840 4537 1038 4587 autem
1062 4529 1351 4601 templum
1393 4527 1545 4601 Ignis
1564 4527 1790 4595 evertit,
1811 4543 1970 4584 com-

315 4624 648 4698 prehensus
680 4629 788 4685 est,
824 4628 882 4676 et
912 4619 985 4675 ad
1018 4635 1214 4690 regem
1246 4617 1574 4673 adductus:
1624 4617 1724 4689 qui
1778 4617 1969 4689 primo

317 4716 558 4790 quidem
589 4731 804 4785 magna
833 4731 967 4768 cum
1001 4712 1245 4767 lenitate
1278 4711 1450 4766 illum
1472 4710 1821 4766 adhortatus
1853 4716 1965 4775 est,

315 4811 385 4865 ut
415 4803 704 4875 templum
738 4799 1145 4858 remdiﬁcaret.
1180 4799 1292 4856 Sed
1332 4805 1472 4856 cum
1501 4801 1551 4855 is
1585 4800 1710 4856 tieri
1761 4800 1820 4856 id
1849 4815 1970 4856 non

317 4909 492 4970 posse
523 4891 790 4948 dixisset.
825 4891 1007 4946 misso
1033 4889 1312 4945 mandato
1355 4905 1562 4944 omnes
1605 4889 1972 4946 Christiano-

317 4999 452 5041 rum
485 4980 767 5037 ecclesias
801 4979 1103 5035 destruvit.
1125 4979 1269 5035 Hinc
1303 4994 1439 5034 vero
1474 4979 1710 5034 initium
1745 4979 1974 5050 accepit

317 5072 653 5148 persecutio
685 5069 965 5126 adversus
996 5068 1382 5129 Christianos.
1426 5085 1542 5140 qua
1594 5070 1789 5123 omnis
1821 5068 1970 5124 [lde-

317 5165 463 5224 lium
489 5168 632 5218 mtas
653 5161 829 5219 variis
855 5159 1164 5215 tormentis
1184 5159 1416 5214 sublata
1438 5163 1528 5213 est
1550 5175 1563 5215 :
1583 5174 1837 5231 quorum
1861 5159 1974 5230 pri-

317 5272 454 5314 mus
484 5252 898 5309 sanctissimus
923 5249 1117 5306 Abdas
1134 5248 1328 5322 gladio
1351 5249 1532 5306 vitam
1558 5248 1768 5304 ﬁnivit.
1799 5248 1972 5304 Dein-

317 5347 389 5403 de
422 5361 529 5418 per
550 5359 740 5400 annos
763 5343 1024 5413 integros
1048 5340 1288 5414 triginta
1315 5339 1480 5394 multi
1512 5339 1780 5395 claruere
1820 5355 1974 5395 mar-

314 5442 496 5509 tyres,
523 5451 592 5489 ex
619 5433 837 5506 quibus
860 5431 958 5487 88
992 5435 1163 5485 erant
1193 5429 1296 5484 viri
1330 5427 1678 5500 locupletes.
1711 5429 1810 5499 qui
1844 5433 1978 5501 post

313 5528 506 5581 varios
537 5526 833 5580 cruciatus
856 5523 1044 5594 capite
1079 5520 1233 5592 plexi
1267 5524 1426 5574 sunt.
1450 5517 1613 5574 Tunc
1636 5519 1812 5575 etiam
1834 5520 1977 5574 Ben-

307 5615 501 5686 jamin
519 5615 825 5671 diaconus.
861 5619 1173 5684 postquam
1203 5609 1403 5682 viginti
1425 5615 1628 5665 acutas
1648 5609 1974 5666 arundines

311 5702 471 5762 inter
487 5704 960 5780 ungues-iuius
987 5701 1339 5777 accepisset,
1365 5699 1756 5775 etiamquem
1786 5705 1973 5759 mens-

2074 3301 2151 3365 είς
2180 3302 2274 3358 τὸν
2307 3305 2458 3357 οἴιον
2489 3301 2677 3370 αὐτοῦ,
2708 3302 2797 3357 καὶ
2841 3306 3030 3380 φαγεῖν
3090 3304 3273 3374 ἄρτον.
3329 3299 3435 3357 Καὶ
3485 3297 3576 3355 διά
3621 3300 3721 3369 τὴν

2073 3393 2330 3460 τοιαύτην
2408 3385 2713 3466 παράϐασιν
2799 3391 3131 3461 συναντήσας
3189 3389 3338 3462 αῦτῷ
3413 3389 3556 3447 λὲων
3605 3390 3726 3454 καθ’

2075 3477 2224 3548 ὁδὸν,
2259 3477 2585 3534 ἰθανάτωσεν
2636 3478 2820 3534 αὐτόν.
2880 3479 2984 3535 Καὶ
3041 3482 3204 3533 τοῦτο
3253 3479 3435 3550 μαθὼν
3468 3479 3496 3533 6
3526 3474 3727 3552 ψευδοο

2074 3571 2391 3646 προφήτης,
2424 3567 2672 3625 ἀπελθὼν
2703 3569 2792 3625 καὶ
2855 3564 3041 3624 λαϐὼν
3101 3569 3162 3624 τὸ
3222 3567 3477 3642 λείψανον
3539 3567 3728 3640 αὐτοῦ,

2073 3655 2290 3734 ἔθαψεν.

2149 3751 2250 3807 Καὶ
2285 3751 2480 3823 μνήμη
2512 3753 2611 3804 τοῦ
2642 3747 2794 3804 ὁσίου
2839 3748 3054 3825 Ηατρὸς
3103 3750 3268 3822 ἡμῶν
3327 3747 3580 3806 Ἰωάννου
3628 3767 3731 3803 πα-

2073 3841 2346 3916 τριάρχου
2368 3835 2797 3913 Ἰεροσολυμων.

2631 3946 2810 4003 MHNI
2849 3947 2941 4004 ΤΩ
2981 3946 3176 4004 ΑΥΤΩ.

2836 4053 2964 4110 AA‘.

2078 4199 2349 4272 Ἀθλησις
2403 4203 2511 4257 τῶν
2567 4197 2736 4272 ἁγίων
2809 4197 3125 4272 μαρτύρων-
3183 4189 3359 4254 ’Δϐδᾶ
3411 4193 3735 4266 ἰπισκόπου,

2563 4266 2655 4326 καὶ
2685 4266 2944 4343 Βενιαμὶν
2971 4266 3250 4325 διακόνου.

2155 4442 2330 4505 Οῦτος
2361 4442 2427 4511 ἦν
2461 4441 2548 4496 ἐπὶ
2579 4446 2680 4504 τεῖς
2712 4440 2994 4516 βασιλείας
3046 4435 3340 4495 Θεοδοσίου
3385 4441 3483 4493 τοῦ
3535 4439 3732 4511 μικροῦ

2085 4533 2136 4590 ἰν
2171 4530 2409 4608 Περσίδι·
2442 4531 2531 4586 καὶ
2560 4528 2674 4584 ἐπεὶ
2726 4527 2987 4584 κατὲλυσε
3046 4528 3137 4582 τὸν
3198 4528 3322 4582 ναὸν
3378 4530 3474 4581 τοῦ
3533 4526 3730 4600 Πυρὸς,

2079 4622 2375 4698 ἐκρατήθη,
2416 4620 2506 4675 καὶ
2566 4621 2863 4695 προσήχθη
2926 4621 3004 4690 τῷ
3066 4618 3302 4693 βασιλεῖ.
3365 4617 3461 4671 Καὶ
3519 4621 3735 4691 πρῶτον

2084 4714 2180 4786 μὲν
2216 4711 2350 4785 μετά
2377 4710 2688 4784 πρᾳότητος
2738 4706 3035 4782 παρεκάλει
3095 4705 3256 4762 αὐτὸν
3304 4703 3735 4778 ἀνοικοδομῆσαι

2077 4803 2172 4856 τὸν
2199 4800 2347 4855 ναόψ
2378 4803 2474 4855 τοῦ
2502 4797 2561 4853 δὶ
2589 4795 2854 4852 ἀδύνατον
2889 4796 3024 4852 εἶναι
3075 4794 3358 4870 λὲγοντος,
3413 4796 3590 4857 πάσας
3638 4794 3734 4856 τὰς

2080 4889 2376 4960 ἕκκλησίας
2433 4892 2539 4944 τῶν
2624 4890 2962 4960 Χριστιανῶν
3043 4884 3369 4946 ἀποστείλας
3451 4883 3731 4943 κατέλυσε,

2081 4981 2186 5037 Καὶ
2247 4973 2510 5038 λαϐόντος
2563 4977 2744 5052 ἀρχὴν
2803 4978 2900 5030 τοῦ
2987 4975 3123 5029 κατᾶ
3199 4977 3308 5028 τῶν
3394 4973 3734 5049 Χριστιανῶν

2083 5067 2352 5143 διωγμοῦ,
2388 5072 2529 5123 πᾶσα
2567 5065 2764 5136 ἡλικία
2821 5062 3106 5143 διαφόροις
3161 5065 3456 5137 τιμωρίαις
3508 5061 3735 5138 ἐξεθερί-

2085 5165 2228 5231 ζετο,
2261 5160 2337 5214 ὧν
2359 5162 2579 5233 πρῶτος
2609 5159 2750 5235 ξίφει
2779 5153 3076 5224 ἐτελειώθη
3113 5155 3142 5209 6
3171 5152 3467 5228 ἱερώτατος
3513 5148 3735 5216 Ἀϐδᾶς.

2082 5253 2310 5304 Ἔπειτα
2341 5246 2394 5303 ἐν
2441 5246 2598 5310 ὅλοις
2661 5247 2954 5320 τριάκοντα
3009 5240 3149 5299 ἔτεσι
3203 5240 3409 5297 πολλοὶ
3473 5242 3739 5318 μάρτυρες

2081 5335 2590 5412 ἆπεδείχθησαν,ἰξ
2623 5335 2697 5390 ὧν
2755 5335 2891 5404 ἦσαν
2955 5329 3144 5407 ἄνδρες
3195 5331 3478 5398 πλούσιοι,
3539 5333 3592 5386 οὶ
3647 5333 3735 5388 καὶ

2087 5430 2223 5502 μετὰ
2277 5425 2492 5488 πολλάς
2547 5427 2642 5488 τάς
2706 5425 2971 5494 βασάνους
3032 5421 3564 5500 ἀπεκεφαλίσθησαν.
3633 5422 3739 5480 Καὶ

2083 5517 2340 5584 Βενιαμὶν
2371 5517 2400 5572 6
2433 5513 2706 5585 διάκονος,
2739 5513 2799 5578 ὅς
2849 5511 3134 5583 καλάμους
3188 5511 3329 5583 ὀξεῖς
3379 5511 3552 5567 εἶ’κοσι
3602 5512 3740 5566 κατά

2081 5612 2194 5663 τῶν
2224 5606 2439 5682 ὀνύχων
2471 5603 2787 5678 δεξάμενος,
2813 5603 2902 5658 καὶ
2937 5600 3110 5656 ἄλλον
3159 5600 3408 5675 κάλαμον
3461 5601 3596 5657 κατά
3639 5605 3736 5656 τοῦ

2083 5694 2413 5776 παιδογόνον
2441 5694 2662 5774 μορίου,
2685 5693 2784 5750 καὶ
2811 5687 3016 5772 ῥαϐὒον
3043 5693 3282 5770 παχεῖαν
3333 5692 3423 5750 καὶ
3474 5695 3731 5769 τραχεῖαν
