4108 6452
373 383 490 448 θοι

1889 378 2220 441 Αρηιιῐε.

3685 379 3804 440 382

373 515 513 572 κατᾶ
539 519 642 585 τῆς
701 509 894 590 ἔδρας,
950 514 1014 570 τὸ
1076 511 1346 589 μακάριον
1402 511 1570 568 die?)
1625 513 1840 586 πνεῦμα
1898 529 2041 586 παρ-

2157 509 2326 567 brum
2355 508 2613 584 genitale
2635 507 2988 574 immissam,
3020 507 3249 584 virgam
3276 524 3514 583 quoque
3539 525 3802 567 crassam

377 604 548 662 ἔθετο.

730 813 1058 914 MHNI
1141 813 1702 915 ΑΠΡΙΛΙΩ.

940 996 1032 1048 EN
1071 993 1166 1061 Ta
1207 992 1460 1062 ΗΡΩΤῌ.

571 1109 783 1182 Μνημη
815 1115 914 1179 τῆς
952 1107 1104 1172 ὁσίας
1137 1108 1352 1183 Μαρίας
1379 1115 1481 1178 τῆς
1511 1107 1836 1183 Αἰγυπτίας.

449 1225 508 1282 Ἦ
543 1224 671 1279 δσία
704 1225 891 1297 μήτηρ
922 1226 1084 1298 ἡμῶν
1145 1223 1332 1300 Μαρία
1382 1224 1559 1298 πόρνη
1619 1224 1884 1301 πρότερον
1943 1225 2034 1296 ἧν,

376 1314 599 1376 πολλάς
627 1314 813 1388 ψυχάς
841 1313 978 1368 νέων
1035 1311 1346 1368 ἀπολέσασα
1405 1311 1493 1368 διὰ
1543 1320 1647 1382 τῆς
1694 1313 1831 1370 κατά
1889 1314 2035 1389 μίξιν

373 1401 615 1474 ἡδονῆς,
649 1403 738 1458 ἐπὶ
771 1403 997 1477 χρόνοις
1029 1399 1158 1458 δέκα
1187 1403 1322 1458 ἑπτά
1353 1402 1407 1457 ἐν
1465 1403 1732 1478 Αἰγύπτῳ
1776 1408 1845 1477 τῇ
1894 1424 2035 1480 πορ-

372 1493 496 1565 νείᾳ
544 1492 942 1567 προσμείνασα.
990 1494 1246 1568 Ὕστερον
1297 1489 1496 1548 ἔδωκεν
1547 1493 1744 1563 ἑαυτὴν
1791 1499 1872 1567 τῷ
1920 1498 2037 1566 Θεῷ

380 1583 576 1658 τρόπῳ
618 1582 878 1654 τοιούτῳ.
935 1582 1365 1656 Ἀπερχομένων
1423 1587 1588 1637 τινῶν
1636 1583 1712 1644 εἷς
1751 1583 1820 1639 τὰ
1865 1584 2038 1659 Ἰερο-

390 1672 621 1745 σόλυμα,
683 1678 1057 1748 προσκυνῆσαι
1111 1673 1204 1726 τὸν
1268 1670 1454 1744 τίμιον
1513 1673 1765 1747 σταυρὸν,
1823 1673 2036 1743 ἀπῆλθε

389 1764 482 1817 καὶ
514 1761 661 1834 αὐτή·
696 1761 787 1817 καὶ
820 1762 923 1816 ὑπὸ
979 1759 1219 1836 ἀγγέλου
1273 1761 1582 1817 κωλυθεῖσα
1641 1762 1899 1826 εἰσελθεῖν
1959 1763 2037 1828 είς

2149 618 2218 659 ac
2249 601 2537 658 nodosam
2577 601 2638 656 in
2694 601 2875 656 imam
2933 601 3137 657 sedem
3195 603 3510 673 iutrusam,
3563 601 3803 658 beatum

2151 692 2428 765 spiritum
2460 691 2722 748 tradidit.

2493 815 2917 911 MENSE
2993 816 3438 910 APRILI.

2773 990 2892 1046 DIE
2931 991 3175 1046 PRIMA.

2354 1111 2454 1166 89
2480 1112 2745 1167 Memoria
2772 1117 2974 1166 sancte
3005 1113 3195 1166 Maria
3232 1112 3594 1182 Egyptiacz.

2219 1230 2433 1286 Sancta
2447 1234 2641 1286 mater
2661 1234 2865 1284 nostra
2886 1228 3372 1284 Mariameretrix
3394 1228 3652 1300 primum
3671 1226 3803 1292 fuit,

2147 1319 2368 1376 multas
2391 1319 2680 1392 juvenum
2706 1319 2939 1374 animas
2973 1318 3035 1373 in
3065 1318 3156 1372 via
3177 1317 3493 1388 voluptatis
3523 1316 3803 1388 perdens,

2146 1425 2215 1465 ac
2245 1425 2351 1481 per
2381 1423 2570 1464 annos
2601 1407 3028 1479 septemdecim
3079 1407 3140 1462 in
3190 1408 3432 1478 Egypto
3476 1404 3802 1461 nefandum

2147 1499 2238 1554 sui
2291 1499 2557 1570 corporis
2609 1505 2903 1569 quaestum
2989 1497 3320 1552 exercendo
3397 1511 3803 1568 perseverans.

2145 1589 2356 1643 Postea
2386 1604 2522 1643 vero
2553 1589 2807 1658 seipsam
2840 1589 2957 1642 Deo
2999 1587 3165 1642 dedit
3218 1587 3378 1642 hunc
3424 1587 3486 1641 in
3536 1587 3802 1642 modum.

2145 1676 2512 1743 Quibusdam
2547 1677 2956 1749 Hierosolyma
2984 1676 3364 1740 abeuntibus,
3394 1680 3461 1730 ut
3506 1691 3803 1731 veneran-

2144 1765 2281 1821 dam
2301 1781 2539 1821 crucem
2562 1765 2901 1830 adorarent,
2923 1766 3070 1821 abiit
3092 1773 3150 1819 et
3172 1765 3318 1836 ipsa.
3351 1764 3463 1820 Sed
3488 1765 3561 1820 ab
3593 1765 3804 1837 angelo

391 1853 486 1907 τὸν
515 1854 654 1921 ναὸν,
686 1852 776 1906 καὶ
808 1857 1179 1925 προσκυνῆσαι
1211 1849 1274 1906 τὸ
1300 1850 1484 1924 τίμιον
1518 1850 1703 1922 ξύλον,
1753 1851 2027 1924 ὶλυπήθη.

393 1947 432 1956 ..
474 1943 488 1956 .
573 1941 587 1956 .
835 1939 846 1956 .
1010 1941 1034 1956 ι.
1107 1938 1128 1956 κ
1183 1942 1199 1953 .
1386 1943 1414 1956 -
1480 1946 1510 1956 ,.
1553 1945 1579 1956 ..
1948 1945 1995 1956 ,η

2157 1853 3012 1927 prohibitatemplumingredi,
3036 1858 3551 1908 etsacrosanctum
3577 1852 3806 1925 lignum

392 1943 488 1998 Καὶ
567 1939 922 2016 ὑποσχομένη
1006 1938 1294 1994 δουλεῦσαι
1347 1943 1426 2012 τῷ
1474 1945 1614 2012 Θεῷ,
1674 1945 2036 2017 συνεχωρήθη

382 2031 481 2099 τήν
513 2027 750 2086 εἶ’σοδον.
783 2030 920 2088 Τότε
971 2031 1341 2102 συνταξαμὲνη
1398 2033 1467 2104 τῇ
1526 2031 1796 2101 Θεοτόκῳ,
1856 2029 2036 2088 διιπέ..

2149 1944 2420 2010 adorare,
2452 1942 2802 1999 contristata
2823 1949 2930 1999 est.
2963 1946 3111 1998 Cum
3141 1958 3276 1998 vero
3308 1942 3424 1998 Deo
3457 1957 3518 1997 se
3550 1940 3804 1998 famula-

2145 2039 2342 2090 turam
2402 2031 2842 2106 sp0pondisset,
2903 2031 3237 2103 ingressum
3305 2029 3583 2084 obtinuit.
3642 2030 3804 2086 Tunc

377 2139 509 2197 ρασε
537 2119 633 2175 τὸν
663 2117 965 2195 Ἰορδάνην,
997 2119 1088 2174 καὶ
1117 2117 1430 2194 ἠγωνίσατο
1483 2119 1536 2175 ἓν
1588 2124 1658 2194 τῇ
1709 2119 1902 2196 ἐρήμῳ
1949 2121 2035 2178 ἰπὶ

2157 2123 2393 2193 iubente
2426 2121 2678 2193 Deipara
2703 2120 3024 2176 Iordanem
3052 2119 3311 2187 transiit,
3344 2135 3413 2174 ac
3462 2134 3567 2190 per
3613 2133 3804 2173 annos

375 2211 613 2285 χρόνοις
646 2207 1041 2282 τεσσαράκοντα
1093 2208 1249 2277 ἑπτὰ,
1311 2206 1523 2281 μηδένα
1576 2213 1685 2265 τῶν
1736 2207 2040 2286 ἀνθρώπων

372 2297 594 2357 ιδοῦσα.
628 2296 783 2354 Ἀλλ’
815 2298 844 2352 ὁ
884 2297 1017 2361 Θεὸς
1068 2296 1244 2361 θὲλων
1291 2301 1598 2376 φανερῶσαι
1658 2298 1850 2369 αὐτὴν,
1899 2321 2042 2376 παρ-

375 2390 669 2446 εσκεύασεν
701 2384 957 2443 ἀπελθεῖν
986 2387 1062 2451 εἷς
1111 2389 1212 2457 τήν
1263 2386 1472 2462 ἔρημον
1525 2388 1618 2443 τὸν
1669 2388 1817 2444 ὅσιον
1870 2393 2041 2449 Zam-

385 2485 514 2555 μᾶν,
545 2478 641 2532 τὸν
673 2478 763 2532 καὶ
793 2478 892 2547 τήν
952 2476 1293 2551 ἐξαγόρευσιν
1355 2477 1524 2546 αὐτῆς
1573 2475 1883 2552 δεξάμενον.
1944 2486 2040 2536 Καὶ

381 2569 820 2640 ὑποστρέψαντα,
877 2566 968 2621 καὶ
1024 2566 1292 2642 ἀγαγόντα
1346 2568 1449 2634 τὴν
1506 2567 1650 2622 θείαν
1733 2569 2040 2639 κοινωνίαν,

380 2656 474 2713 καὶ
527 2657 942 2725 καινωνησαντα
999 2655 1189 2724 αὐτήν.
1248 2654 1358 2727 (ὅτε
1439 2657 1528 2710 καὶ
1606 2656 1700 2710 τὸν
1760 2655 2040 2732 Ἰορδάνην

382 2744 614 2819 ἐπέρασε
666 2745 848 2798 ἐπάνω
903 2747 1012 2799 τῶν
1074 2740 1329 2816 ὑδάτων)
1385 2743 1475 2798 καὶ
1545 2743 1766 2819 ὕστερον
1849 2748 2042 2822 νεκρὰν

382 2834 612 2908 εὖρόντα
665 2833 856 2902 αὐτὴν,
912 2831 1004 2888 καὶ
1062 2833 1126 2888 τὸ
1184 2829 1360 2904 ὄνομα
1416 2830 1586 2903 αὗτῆς
1653 2837 2041 2909 γεγραμμὲνου

381 2925 462 2986 είς
492 2926 758 2996 κέραμον,
807 2923 898 2978 καὶ
957 2925 1200 2997 θάψαντα
1259 2923 1448 2993 αὐτὴν,
1512 2924 1889 2999 βοηθήσαντος
1943 2931 2041 2982 τοῦ

389 3016 636 3078 λέοντος.

944 3127 1126 3188 MIINI
1164 3134 1250 3276 ’ξι
1296 3134 1485 3188 ΑΥΤΩ.

1160 3224 1169 3264 1
1221 3217 1255 3275 ⁸.

1160 3217 1255 3275 !B'.

382 3339 658 3412 ,Αθλησις
740 3343 852 3396 τῶν
941 3339 1485 3464 ἁγίωιλίκμαρτῦρων
1568 3339 1879 3418 ,Ἃπφιανοῦ
1959 3342 2051 3398 καὶ

1157 3427 1358 3464 οεσιου.

1157 3427 1358 3467 οεσιου.

465 3555 766 3632 ’Δπφιανὸς
791 3553 883 3611 καὶ
918 3551 1169 3615 statam
1211 3553 1263 3608 oi
1309 3557 1407 3609 τοῦ
1455 3555 1691 3625 Χριστοῦ
1752 3557 2047 3630 μάρτυρες,

413 3643 660 3717 ὑπῆρχον
687 3643 773 3698 ἐπὶ
810 3649 912 3711 τῆς
973 3640 1254 3715 βασιλείας
1311 3640 1676 3713 Μαξιμιανοῦ,
1729 3639 1790 3696 ἐκ
1844 3643 2054 3718 μητρὸς

415 3731 509 3804 μὶν
539 3729 772 3810 ἀδελφοέ,
818 3729 880 3787 ἐκ
934 3737 1038 3800 τῆς
1094 3727 1294 3791 Λυδίας
1345 3727 1403 3786 δὶ
1459 3731 1650 3805 χώρας
1708 3731 2050 3805 ὁρμώμενοι.

409 3821 502 3882 Εἰς
533 3825 767 3899 Βηρυτὸν
802 3820 862 3879 δὲ
906 3821 1216 3897 γενόμενοι,
1267 3820 1372 3876 ὑπὸ
1429 3823 1527 3875 τοῦ
1570 3821 1844 3897 μάρτυρος
1894 3825 2051 3894 Παμ-

404 3911 585 3991 φίλου,
617 3912 717 3980 τήν
761 3910 840 3973 είς
898 3909 1140 3986 Χριστὸν
1199 3909 1381 3966 πίστιν
1437 3907 1828 3984 ἐδιδάχθησαν.
1888 3912 2050 3970 Ὅθεν

393 4004 756 4076 κρατηθξντες
813 4000 1156 4072 παρέστησαν
1213 4003 1292 4072 τῷ
1349 4005 1451 4068 τῆς
1504 3999 1720 4060 πόλεως
1795 3997 2047 4075 ἄρχοντι.

396 4093 493 4150 Καὶ
527 4093 556 4146 ὁ
589 4092 689 4165 μὶν
747 4090 1045 4170 Ἀπιριανὸς
1105 4092 1322 4164 πρῶτον
1381 4089 1616 4163 κηρύξας
1671 4089 1764 4144 τὸν
1817 4088 2050 4163 Χριστὸν

391 4181 696 4260 παριεησὶᾳ,
728 4178 951 4254 πληγάς
981 4179 1119 4234 κατᾶ
1160 4183 1258 4234 τοῦ
1309 4179 1612 4254 προσώπου
1655 4175 1892 4249 ἐδέξατο.
1941 4177 2047 4234 Καὶ

394 4278 511 4334 τοῖς
543 4277 658 4326 τῶν
696 4273 1046 4344 στρατιωτῶν
1107 4269 1266 4324 ποσὶν
1321 4267 1409 4323 ἑπί
1467 4275 1574 4343 γῆς
1631 4267 1834 4337 πεσὼν,
1892 4288 2049 4322 κατε-

393 4367 643 4434 πατήθη,
702 4362 792 4418 καὶ
867 4360 1306 4437 ἐπικρεμασθεὶς,
1370 4359 1431 4415 ἐκ
1481 4364 1589 4413 τῶν
1662 4357 2050 4430 λακτισμάτων

390 4453 615 4528 ὀγκώθη
650 4454 740 4506 καὶ
771 4447 1052 4526 διεῤῥάγη.
1115 4449 1424 4520 Ἐπιμὲνων
1468 4445 1527 4502 δὲ
1574 4451 1642 4520 τῇ
1688 4447 1764 4508 εἷς
1817 4447 2048 4520 Χριστὸν

391 4541 697 4616 ὁμολογίᾳ.
729 4539 808 4613 τῷ
841 4540 990 4615 βυθῷ
1022 4541 1123 4608 τῆς
1155 4537 1430 4609 θαλάσσης
1463 4536 1822 4615 ἐναπερρίιρη,
1852 4536 1942 4590 καὶ
1997 4535 2050 4591 ἐν

2148 2213 2542 2286 quadraginta
2572 2216 2800 2283 septem
2831 2211 2892 2265 in
2926 2225 3124 2265 eremo
3175 2209 3514 2273 decertavit,
3566 2207 3803 2263 nullum

2146 2313 2417 2375 unquam
2465 2302 2772 2357 hominem
2831 2299 3055 2355 videns.
3119 2298 3335 2354 Volens
3392 2303 3591 2352 autem
3650 2297 3806 2352 Deus

2147 2393 2315 2449 illam
2346 2392 2756 2459 manifestare,
2789 2389 3104 2462 disposuit,
3141 2395 3208 2444 ut
3255 2392 3496 2443 sanctus
3543 2387 3805 2442 Zosimas

2148 2499 2415 2540 eremum
2439 2481 2872 2555 ingrederetur,
2902 2479 3002 2550 qui
3026 2479 3097 2535 ab
3117 2495 3186 2534 ea
3215 2492 3493 2534 arcanam
3526 2475 3597 2532 de
3627 2475 3806 2531 rebus

2149 2573 2272 2629 suis
2284 2573 2690 2628 narrationem
2706 2570 3022 2642 exciperet,
3041 2581 3462 2641 regressusque
3485 2566 3586 2620 40
3609 2564 3807 2636 (quip-

2149 2679 2220 2735 pe
2234 2663 2335 2733 qui
2352 2662 2672 2717 Jordanem
2690 2677 2754 2717 su
2764 2676 2870 2732 per
2881 2675 3068 2730 aquas
3081 2657 3398 2713 ambulans
3427 2654 3802 2726 trajiciebat),

2149 2754 2408 2810 divinam
2441 2751 2929 2809 communionem
2961 2751 3220 2813 afferret,
3249 2761 3501 2818 eamque
3534 2744 3646 2816 ipsi
3673 2759 3803 2815 por-

2147 2845 2750 2917 rigeret,rursumque
2781 2839 2947 2895 illam
2975 2837 3357 2906 conveniens,
3385 2841 3680 2891 mortuam
3708 2833 3805 2888 in-

2147 2933 2395 2996 veniret,
2455 2947 2521 2986 ac
2579 2931 2709 3001 ejus
2767 2943 2989 2983 nomen
3046 2927 3109 2982 in
3169 2931 3320 2981 testa
3399 2923 3803 2994 conscriptum

2147 3023 2390 3098 legeret,
2421 3021 2734 3092 ipsamque
2762 3017 3078 3089 adjuvante
3100 3013 3605 3085 leone‘sepeliret.

2707 3133 2950 3191 EODEM
2981 3131 3232 3188 MENSE.

2777 3224 2880 3281 Die
2915 3221 3197 3280 secunda.

2160 3337 2442 3394 Certamen
2471 3341 2784 3392 sanctorum
2813 3338 3124 3405 martyrum
3153 3329 3444 3403 Apphiam’
3479 3333 3532 3384 et
3578 3326 3809 3386 ldesii.

2231 3537 3174 3617 ApphianusetzEdesiusChristi
3199 3541 3511 3608 martyres,
3527 3549 3598 3590 ex
3620 3535 3812 3588 matre

2155 3635 2390 3697 fratres,
2425 3632 2777 3688 Maximiano
2829 3631 3161 3700 impurante
3211 3643 3280 3681 ex
3329 3624 3526 3698 Lydia)
3576 3621 3816 3694 regione

2156 3730 2354 3780 ortum
2387 3723 2704 3778 duxerunt.
2736 3721 2881 3774 Cum
2911 3725 3110 3773 autem
3166 3717 3442 3788 Berytum
3488 3712 3814 3775 venissent,

2156 3814 2374 3872 Christi
2427 3813 2607 3869 ﬁdem
2655 3807 3046 3881 aPamphylo
3096 3811 3356 3879 martyre
3409 3803 3601 3859 edocti
3648 3805 3809 3857 sunt.

2158 3904 2323 3961 Unde
2354 3901 2794 3974 comprehensi,
2828 3900 2903 3956 ad
2931 3897 3249 3971 praesidem
3276 3895 3530 3953 civitatis
3567 3892 3807 3950 adducti

2156 3995 2417 4052 fuerunt.
2450 3995 2520 4049 Et
2547 3993 2808 4065 primum
2835 3990 3078 4062 quidem
3110 3987 3460 4061 Apphianus
3508 3985 3706 4058 palam
3756 3989 3816 4040 et

2158 4086 2343 4142 libere
2366 4085 2663 4141 Christum
2687 4082 3041 4150 przedicans,
3063 4081 3127 4134 in
3147 4079 3298 4134 facie
3325 4093 3644 4150 percussus
3677 4075 3809 4140 fuit,

2157 4183 2335 4248 atque
2352 4176 2414 4230 in
2427 4180 2643 4230 terram
2661 4171 3233 4238 corruens,militum
3250 4167 3500 4240 pedibus
3513 4165 3816 4238 proculca-

2157 4274 2252 4324 tus
2266 4266 2658 4339 estdignoque
2673 4276 3018 4334 suspensus,
3029 4259 3280 4314 calcium
3296 4257 3511 4313 ictibus
3525 4255 3815 4310 tumefac-

2155 4364 2252 4414 tus
2272 4357 2386 4411 fuit
2404 4361 2462 4412 et
2488 4354 2811 4424 disruptus.
2844 4352 3208 4406 Permanens
3230 4353 3427 4402 autem
3451 4345 3645 4400 adhuc
3665 4360 3812 4399 con-

2157 4451 2385 4503 stanter
2407 4445 2469 4499 in
2492 4441 2708 4498 Christi
2732 4439 3129 4498 confessione.
3159 4437 3219 4492 in
3247 4435 3608 4508 profundum
3633 4434 3815 4488 maris

2155 4537 2478 4609 projectus,
2513 4529 2593 4587 ibi
2651 4532 2830 4586 vitam
2889 4527 3158 4590 absolvit,
3218 4532 3294 4581 At
3351 4541 3483 4580 vero
3541 4523 3811 4580 Edesius

391 4613 545 4704 αθτῷ
583 4613 900 4700 ἐτελειώθη.
958 4629 1022 4686 Ὀ
1082 4624 1139 4683 δὲ
1193 4625 1451 4692 Λίδέσιος
1496 4613 1908 4689 καταδικασθεὶς
1963 4646 2043 4680 τι-

2158 4623 2615 4687 condemnatus,
2674 4626 2741 4676 ut
2794 4619 2857 4677 in
2915 4618 3086 4673 mreis
3144 4616 3403 4672 metallis
3459 4613 3815 4669 eil‘odiendis

395 4723 696 4798 μωρεῖσθαι
729 4719 780 4775 ἐν
805 4724 923 4781 τοῖς
977 4721 1076 4774 τοῦ
1137 4704 1350 4793 χαλκοῦ
1413 4714 1735 4790 μετάλλοις,
1793 4713 2043 4792 ἐπέμφθη

395 4813 475 4877 εἷς
506 4807 936 4885 Ἀλεξάνδρειαν.
972 4807 1074 4865 Καὶ
1110 4807 1166 4862 ἐν
1200 4811 1298 4879 μιᾷ
1327 4803 1459 4861 ἰδὼν
1500 4805 1592 4860 τὸν
1640 4811 1742 4873 τῆς
1790 4803 2048 4877 ’Δλεξαν-

393 4903 574 4974 δρείας
606 4901 868 4978 ἄρχοντα,
900 4897 1032 4960 τοὺς
1090 4895 1202 4954 ἐκεῖ
1258 4894 1617 4970 Χριστιανοὺς
1672 4898 2044 4968 τιμωροῦνται,

393 4992 619 5068 δραμὼν
653 4989 881 5061 ἔπληξεν
915 4987 1074 5044 αὐτὸν
1111 4985 1245 5059 μετᾶ
1275 4981 1501 5062 ῥάϐδου,
1557 4985 1679 5040 ’ὀθεν
1725 4981 1913 5038 πολλά
1947 4984 2045 5057 βα-

394 5085 680 5147 σανισθεῖς,
707 5078 796 5135 καί
825 5079 889 5134 τὸ
947 5076 1168 5152 ὕστερον
1223 5074 1274 5131 ὲν
1329 5078 1409 5148 τῷ
1463 5079 1563 5144 τῆς
1625 5073 1902 5144 θαλάσσης
1959 5093 2048 5128 πε-

395 5173 557 5250 λάγει
588 5170 782 5249 ῥιφεὶς,
813 5166 1133 5236 ἐτελειώθη.

510 5291 610 5348 Καὶ
642 5287 872 5357 ἄθλησις
901 5288 1000 5340 τοῦ
1030 5282 1186 5360 ἁγίου
1220 5280 1494 5358 μάρτυρος
1526 5277 1918 5354 ΙΙολοκάρπου.

465 5399 568 5460 Καὶ
625 5395 784 5458 οὗτος
843 5393 872 5449 ὁ
930 5393 1083 5465 ἅγιος
1144 5389 1508 5464 ΙΙολῦκαρπος
1569 5389 1599 5444 ὁ
1657 5391 1754 5443 τοῦ
1812 5390 2047 5462 Χριστοῦ

399 5490 603 5566 μάρτυς
659 5485 747 5542 ἐπὶ
800 5491 905 5552 τῆς
965 5479 1249 5558 βασιλείας
1315 5480 1384 5550 ἦν
1441 5483 1540 5534 τοῦ
1594 5473 1890 5538 δυσσεϐοῦς
1953 5475 2046 5531 καὶ

389 5563 711 5654 παρανόμου
799 5574 1172 5654 Μαξιμιανοῦ,
1239 5568 1300 5625 ἔκ
1354 5575 1456 5638 τῆς
1511 5565 1731 5654 πόλεως
1793 5563 2046 5636 Ἀλεξαν-

398 5649 596 5745 δρείας.
643 5660 970 5740 Χριστιανὸς
1021 5656 1082 5714 δὶ
1136 5653 1236 5732 ὥν,
1290 5657 1382 5713 καὶ
1441 5654 1610 5728 ζῆλον
1663 5649 1810 5731 ἔχων
1870 5651 2046 5710 πολὺν

396 5744 530 5836 πρὸς
585 5757 741 5824 θεὸν,
799 5752 890 5806 ml
950 5752 1170 5824 κυρῶν
1227 5744 1561 5818 καθεκάστην
1642 5745 1852 5820 ἡμὸραν
1893 5744 2049 5808 τοὺς

2157 4717 2490 4790 puniretur,
2523 4712 2741 4768 missus
2773 4716 2863 4766 est
2893 4707 3342 4764 Alexandriam:
3377 4703 3478 4760 ubi
3501 4719 3638 4760 cum
3669 4719 3815 4775 qua-

2157 4807 2294 4864 dam
2325 4803 2420 4860 die
2451 4801 2618 4859 urbis
2646 4798 2964 4873 praesidem
2995 4797 3240 4852 vidisset
3267 4794 3484 4851 acriter
3537 4793 3601 4850 in
3643 4792 3814 4848 Chri-

2158 4897 2383 4954 stianos
2406 4892 3172 4955 desmvientem,accurrens
3194 4887 3366 4943 illum
3390 4885 3551 4958 virga
3573 4900 3813 4958 percus-

2158 4988 2253 5045 sit.
2301 4983 2468 5043 Unde
2524 4982 2731 5039 multis
2787 4980 2954 5053 prius
3011 4977 3375 5034 cruciatibus
3431 4981 3692 5034 vexatus.
3749 4973 3811 5028 in

2159 5084 2322 5134 mare
2353 5076 2586 5131 demum
2617 5072 2948 5138 demersus,
2980 5068 3332 5142 martyrium
3355 5061 3807 5122 consummavit.

2371 5265 2442 5322 Et
2465 5266 2743 5319 certamen
2769 5257 2952 5316 sancti
2980 5230 3241 5328 martyris
3273 5251 3594 5324 Polycarpi.

2229 5383 2336 5439 Hic
2365 5380 2544 5438 etiam
2605 5382 2846 5434 sanctus
2902 5374 3264 5447 Polycarpus
3319 5364 3534 5425 Christi
3590 5368 3816 5436 martyr

2156 5471 2627 5542 fuit,imperante
2647 5465 2833 5538 impio
2861 5464 3143 5534 etiniquo
3165 5457 3536 5520 Maximiano,
3571 5471 3642 5510 ex
3672 5453 3811 5510 civi-

2157 5568 2277 5618 tate
2309 5558 2687 5616 Alexandria.
2714 5557 2858 5610 Cum
2920 5569 3053 5607 vero
3101 5548 3472 5606 Christianus
3520 5549 3698 5610 esset,
3759 5547 3816 5596 et

2159 5652 2419 5707 maximo
2451 5650 2513 5705 in
2555 5649 2736 5703 Deum
2793 5641 2916 5699 zelo
2976 5641 3269 5713 ﬂagraret,
3316 5635 3658 5704 videretque
3710 5648 3815 5703 per

2159 5732 2427 5816 singulos
2453 5738 2583 5795 dies
2599 5733 2815 5792 Christi
2843 5729 3023 5788 Idem
3055 5727 3312 5784 oonﬁten
3324 5729 3411 5780 tes
3427 5723 3816 5797 comprehen-
