4108 6462
266 371 384 436 883

1591 371 2024 436 MENOLUGII
2065 373 2276 436 PARS
2323 373 2430 434 ΙΙΙ.

3561 381 3680 442 384

265 509 348 573 di,
382 515 442 566 et
469 507 904 581 multiplicibus
935 509 1247 566 tormentis
1278 506 1481 583 affligi,
1506 524 1626 564 non
1651 507 1907 581 potuitid

2031 507 2124 562 τὸν
2180 506 2410 584 Χριστὸν
2471 506 2880 584 ὁμολογοῦντας
2936 511 3358 586 κρατουμένους,
3410 513 3501 568 καὶ
3570 509 3688 569 δια-

265 600 522 671 amplius
556 601 836 671 perferre.
883 599 1044 654 Unde
1103 599 1410 654 sedentem
1469 617 1575 671 pro
1636 598 1918 653 tribunali

264 690 582 762 prmsidem
640 705 911 756 cernens,
972 689 1282 744 hominum
1341 689 1693 762 sanguinem
1765 689 1924 742 velut

265 794 450 848 aquas
475 778 902 835 etlundentem.
928 795 1127 833 coram
1162 779 1289 849 ipso
1313 779 1666 842 consistens,
1715 778 1920 834 redar-

263 869 567 940 guitenm,
605 867 847 922 dicens:
893 868 1043 932 Quid
1078 868 1156 922 ita
1207 868 1481 923 humana)
1513 874 1740 923 naturai
1772 868 1919 923 obli-

261 958 524 1018 visceris,
560 957 726 1012 cauis
759 957 1162 1014 insatiabilis?
1193 959 1331 1013 dum
1365 959 1658 1025 homines,
1691 962 1781 1014 4|
1818 959 1918 1030 qui

264 1051 460 1102 tecum
491 1046 756 1117 ejusdem
783 1053 923 1102 sunt
943 1053 1482 1119 naturm,tanquam
1512 1047 1919 1121 ligna,gladiis

265 1135 546 1200 dissecas,
573 1153 640 1190 eo
664 1135 821 1207 quod
840 1152 1044 1191 verum
1069 1137 1253 1192 Deum
1269 1137 1614 1208 praedicant,
1642 1143 1699 1192 et
1724 1137 1918 1192 idolo-

262 1241 396 1280 rum
430 1231 694 1281 errOrem
748 1225 1158 1282 detestantur:
1209 1233 1276 1281 ut
1319 1232 1378 1282 et
1423 1243 1529 1298 ego
1584 1226 1756 1295 facio,
1818 1226 1917 1298 qui

265 1330 467 1370 servus
496 1315 712 1370 Christi
745 1332 896 1370 sum.
933 1317 1300 1388 Quapropter
1320 1332 1455 1371 cum
1486 1316 1547 1371 in
1580 1317 1728 1371 iram
1763 1317 1919 1371 exci-

262 1407 447 1458 tasset
480 1404 816 1475 praesidem,
849 1406 1338 1476 comprehensus,
1372 1404 1696 1461 crudeliter
1716 1422 1919 1462 excru-

263 1493 454 1548 ciatus
483 1498 606 1549 est:
642 1494 1060 1566 Christumque
1090 1512 1280 1566 usque
1338 1495 1412 1552 ad
1460 1496 1594 1551 vitae
1643 1495 1825 1552 tinem
1854 1495 1915 1551 in

265 1596 366 1637 ore
395 1581 616 1650 ferens,
650 1583 841 1656 capite
873 1583 1261 1640 obtruncatus
1291 1583 1424 1639 fuit.

821 1698 1061 1755 EODEM
1101 1699 1354 1755 MENSE.

930 1796 1035 1852 Die
1067 1797 1244 1852 tertia

2033 597 2225 672 φόροις
2311 597 2565 672 βασάνοις
2649 597 3085 672 ἐξεταζομένους,
3193 601 3301 676 οὐχ
3383 601 3683 674 ὑπέμεινεν·

2032 685 2178 741 ἀλλὰ
2211 690 2631 761 προκαθήμενον
2665 689 2754 742 τὸν
2788 688 3031 765 ἄρχοντα
3091 687 3247 761 ἰδὼν,
3307 691 3396 746 καὶ
3453 693 3519 747 τά
3573 697 3682 748 τῶν

2032 775 2334 849 ἀνθρώπων
2395 777 2598 850 αἳματα
2655 777 2836 853 ὥσπερ
2893 777 3063 834 ὕδατα
3121 779 3403 856 ἐκχέοντα,
3471 783 3683 846 σταθεὶς

2033 863 2111 928 sic;
2140 865 2434 940 πρόσωπον
2479 866 2642 922 αὐτοὸ
2698 866 2926 942 ἤλεγξεν
2985 869 3148 924 αὐτὸν
3209 869 3398 927 εἰπών.
3459 871 3574 929 Ἰνα
3629 872 3683 927 τί

2027 958 2286 1009 τοσοῦτον
2345 954 2613 1020 ἐπελάθου
2669 963 2770 1025 τῆς
2830 958 3178 1030 ἀνθρωπίνης
3241 959 3473 1037 φύσεως,
3532 961 3680 1015 κύων

2030 1043 2304 1115 ἀκόρεστε,
2340 1046 2422 1099 δτι
2452 1044 2580 1109 τοὺς
2627 1047 2908 1126 ὁμογενεῖς
2956 1047 3046 1101 καὶ
3102 1047 3422 1126 ὁμοφύλους
3469 1048 3684 1126 ἀνθρώ-

2029 1144 2166 1185 πους
2219 1126 2586 1188 κπτακόπτεις
2645 1125 2718 1188 ὡς
2774 1127 2907 1200 ξύλα
2961 1132 3079 1189 τοῖς
3139 1128 3335 1205 ξίφεσι,
3390 1125 3530 1184 διότι
3573 1125 3681 1185 τὸν

2029 1214 2293 1285 ἀληθινὸν
2324 1216 2452 1272 Θεὸν
2482 1216 2837 1292 κηρύττουσι,
2876 1218 2968 1272 καὶ
3022 1220 3122 1286 τήι
3184 1217 3402 1290 πλάνην
3454 1223 3562 1275 τῶν
3611 1221 3684 1276 εἰ·

2031 1301 2226 1360 δώλων
2261 1304 2574 1381 ἐλέγχουσι,
2633 1308 2811 1369 καθὼς
2869 1307 2958 1362 καί
3018 1307 3129 1381 ἐγὼ
3188 1304 3389 1371 δοῦλος
3445 1310 3682 1382 Χριστοῦ

2031 1393 2332 1470 ὑπάρχων;
2393 1396 2550 1459 Ὂθεν
2612 1393 2690 1459 εἷς
2747 1396 2919 1470 ὀργὴν
2975 1399 3204 1466 κινήσας
3255 1398 3347 1452 τὸν
3419 1397 3681 1474 ἄρχοντα,

2027 1485 2316 1560 κρατηθεὶς
2349 1484 2668 1560 ἐτιμωρήθη
2704 1485 2971 1560 ἰσχυρῶς·
3023 1485 3114 1541 καὶ
3156 1487 3250 1542 τὸν
3309 1489 3540 1562 Χριστὸν
3591 1487 3683 1545 διὰ

2030 1574 2302 1648 στόματος
2333 1576 2509 1650 φέρων
2547 1573 2714 1650 μέχρι
2751 1574 2973 1646 τέλους,
2997 1575 3425 1654 ἀπεκεφαλίσθη.

2577 1693 2757 1751 MHNI
2796 1695 2890 1750 ΤΩ
2926 1695 3126 1751 ΑΥΤΩ.

2827 1793 2879 1848 Γ.

317 1909 602 1968 Certamen
631 1899 833 1968 sancte
867 1912 1177 1969 Theodosia:
1211 1915 1457 1985 Virginis
1487 1921 1539 1971 et
1563 1919 1848 1988 martyris.

2025 1908 2299 1981 νΑθλησις
2379 1912 2481 1979 τῆς
2563 1910 2717 1986 ἁγίας
2801 1909 3078 1998 μάρτυρος
3185 1906 3482 1973 θεοδοσίας
3575 1918 3680 1982 τῆς

328 2106 661 2163 Theodosia
689 2108 906 2164 Christi
937 2114 1164 2181 martyr
1193 2109 1306 2166 fuit
1357 2127 1428 2168 ex
1475 2112 1709 2169 civitate
1756 2114 1910 2186 Tyri.

256 2195 400 2251 Cum
427 2202 627 2252 autem
659 2197 956 2253 decimum
989 2204 1262 2255 octavum
1294 2218 1416 2256 sua;
1449 2202 1640 2256 aetatis
1683 2219 1911 2258 annum

255 2293 476 2358 ageret,
511 2288 668 2358 quod
717 2289 1055 2346 Christiana
1103 2298 1281 2358 esset,
1335 2293 1786 2364 comprehensa,
1839 2294 1913 2350 ad

253 2375 571 2446 praesidem
621 2377 952 2434 Palaestina)
984 2379 1238 2434 adducta
1265 2380 1406 2436 fuit:
1441 2387 1499 2436 et
1527 2381 1909 2455 interrogata,

253 2464 550 2521 Christum
577 2468 850 2524 confessa
882 2477 988 2525 est.
1014 2471 1383 2542 Quapropter
1413 2472 1472 2526 in
1509 2472 1796 2528 lateribus
1853 2479 1913 2530 et

251 2553 536 2610 uberibus
551 2573 834 2627 percussa
847 2557 975 2613 fuit.
1007 2558 1184 2615 Jussa
1199 2577 1335 2614 vero
1349 2561 1644 2617 Christum
1670 2579 1907 2635 negare,

252 2647 311 2697 et
339 2643 516 2698 idolis
549 2646 906 2714 sacrificare,
940 2664 1076 2703 cum
1097 2647 1172 2703 ad
1203 2649 1261 2704 id
1283 2650 1518 2705 suaderi
1545 2667 1664 2706 non
1689 2658 1905 2723 posset,

251 2729 494 2787 detrusa
525 2740 616 2788 est
644 2733 705 2789 in
732 2752 1032 2792 carcerem
1063 2754 1076 2791 :
1110 2737 1575 2810 mandatumque
1615 2739 1728 2795 fuit
1777 2757 1904 2797 car-

254 2819 406 2874 ceris
429 2821 680 2885 custodi,
703 2831 911 2879 utnon
936 2825 1110 2881 modo
1139 2827 1325 2897 ipsam
1351 2827 1670 2901 diligenter
1696 2836 1903 2886 custo-

255 2908 450 2974 diret;
485 2911 588 2966 sed
620 2913 795 2968 etiam
820 2930 894 2968 ne
922 2916 1261 2987 quempiam
1280 2917 1353 2972 ad
1379 2934 1507 2973 eam
1527 2919 1901 2988 visitandam,

247 3002 352 3052 aut
407 2998 606 3054 cibum
669 3001 719 3055 ei
779 3003 1151 3059 atTerendum
1211 3006 1440 3077 ingredi
1510 3008 1899 3079 permitteret,

247 3102 559 3160 quousque
582 3089 881 3146 Christum
906 3099 1167 3165 negaret,
1192 3097 1556 3167 assertisque
1581 3097 1698 3152 diis
1719 3099 1904 3154 sacri-

245 3175 468 3233 ficaret.
503 3185 578 3232 At
605 3179 810 3235 multis
861 3182 989 3251 jam
1049 3183 1258 3239 diebus
1318 3185 1557 3257 elapsis,
1602 3204 1632 3242 e
1663 3204 1900 3244 carcere

2709 2001 2816 2058 παρ
2823 1983 2908 2037 θέν
2919 1983 3002 2040 ου..

2099 2105 2420 2178 Θεοδοσίαὴ
2450 2113 2547 2163 τοῦ
2576 2112 2822 2183 Χριστοῦ
2873 2107 3097 2183 μάρτυς,
3151 2109 3218 2179 ἦν
3275 2109 3372 2181 μὶν
3423 2108 3530 2164 ἀπὸ
3577 2116 3677 2179 τῆς

2026 2196 2244 2260 πόλεως
2300 2197 2504 2272 Τύρου,
2564 2199 2708 2253 ὀκτὼ
2767 2195 2825 2252 δὲ
2881 2199 2970 2253 καὶ
3033 2195 3255 2254 δέκατον
3308 2197 3514 2274 ἄγουσα
3571 2206 3672 2268 τῆς

2025 2285 2248 2358 ἡλικίας
2280 2289 2504 2363 χρόνον·
2541 2287 2655 2343 ἐπεὶ
2717 2289 3021 2364 Χριστιανή
3079 2288 3146 2358 ἦν
3194 2289 3520 2359 κρατηθεῖσα
3571 2309 3675 2343 πα-

2027 2379 2184 2454 ρέστη
2239 2382 2319 2448 τῷ
2376 2384 2475 2444 τῆς
2538 2378 2728 2452 χώρας
2802 2377 3170 2447 Παλαιστίνης
3253 2374 3502 2453 ἄρχοντι,
3586 2377 3676 2432 καί

2025 2465 2362 2542 ἐρωτηθεῖσα
2401 2466 2732 2540 ὡμολόγησε
2786 2466 2877 2521 τὸν
2937 2467 3197 2542 Χριστόν.
3258 2468 3416 2530 Ὅθεν
3473 2466 3672 2542 έτύφθη

2021 2555 2160 2612 κατά
2222 2561 2330 2611 τῶν
2386 2554 2661 2624 πλευρῶν,
2719 2555 2808 2609 καὶ
2862 2559 2970 2610 τῶν
3044 2560 3254 2628 μαζῶν,
3337 2553 3426 2610 καί
3500 2576 3674 2626 κατη-

2021 2645 2299 2719 ναγκάσθη
2350 2645 2683 2718 ἀρνήσασθαι
2733 2643 2825 2698 τὸν
2883 2645 3137 2718 Χριστὸν,
3195 2644 3284 2698 καὶ
3345 2647 3498 2708 θῦσαι
3555 2650 3678 2707 τοῖς

2022 2731 2303 2795 εἰδώλοις.
2336 2735 2425 2803 Μή
2488 2735 2766 2788 πεισθεῖσα
2823 2730 2903 2799 δὶ,
2943 2730 3276 2803 ἀπεκλείσθη
3331 2732 3383 2788 έν
3441 2737 3511 2807 τῇ
3570 2755 3675 2808 φυ-

2021 2823 2188 2898 λακῇ.
2217 2822 2583 2898 παραγγελίαν
2619 2819 2911 2895 δεξαμένου
2949 2825 3048 2877 τοῦ
3096 2819 3537 2900 δεσμοφύλακος,
3593 2824 3670 2896 μὴ

2023 2915 2187 2987 μόνον
2275 2913 2536 2990 ἀσφαλῶς
2623 2911 2982 2990 φυλάττεσθαι
3065 2911 3258 2984 αὐτὴν,
3325 2909 3475 2968 ἀλλά
3529 2909 3670 2985 μηδέ

2017 3004 2155 3078 πρὸς
2214 3001 2494 3076 έπίσκεψιν
2551 3001 2718 3070 αὐτῆς
2779 3000 3116 3075 εἰσέρχεσθαί
3168 3021 3312 3073 τινα,
3343 2999 3379 3071 ἤ
3419 3003 3668 3075 κομίζειν

2016 3093 2153 3167 αὐτῇ
2184 3093 2252 3148 τά
2280 3092 2416 3168 πρὸς
2479 3090 2705 3167 βρῶσιν,
2749 3089 2856 3153 ’ἕως
2912 3090 2975 3144 οὗ
3031 3089 3336 3166 ἀρνήσηται
3386 3091 3480 3146 τὸν
3536 3096 3673 3164 Χρι-

2018 3183 2167 3253 στὸν,
2227 3183 2316 3237 καὶ
2374 3181 2508 3256 θύσῃ
2579 3185 2698 3242 τοῖς
2770 3178 3092 3256 λεγομένοις
3167 3181 3334 3243 θεοῖς.
3393 3181 3542 3235 Μετὰ
3613 3178 3671 3234 δὲ

243 3264 478 3330 educta,
503 3284 636 3322 cum
662 3269 858 3324 denuo
878 3271 1128 3343 impuris
1158 3273 1530 3331 daemonibus
1563 3277 1896 3333 sacrificare

2022 3269 2245 3327 πολλῶν
2277 3254 2502 3344 ἡμερῶν
2561 3254 2946 3345 παύαδρομὴν,
3006 3269 3170 3324 πάλιν
3227 3268 3514 3340 ἐξελθοῦσα
3566 3274 3668 3337 τῆς

242 3362 571 3428 cogeretur,
605 3357 784 3430 idque
810 3375 920 3416 nec
945 3360 1150 3417 audire
1181 3363 1641 3436 vellet.primum
1659 3367 1899 3438 quidem

241 3446 459 3501 acriter
487 3448 750 3505 cruciata
772 3456 864 3505 est
887 3467 900 3506 :
925 3451 1139 3510 deinde
1167 3454 1228 3510 in
1251 3471 1415 3512 mare
1433 3457 1558 3529 proj
1570 3463 1900 3527 ecta,suum

241 3533 492 3592 Domino
522 3536 784 3595 reddidit
815 3540 1112 3613 spiritum.

234 3768 309 3825 Et
336 3775 614 3826 certamen
643 3778 963 3828 sanctarum
992 3775 1285 3830 mulierum
1336 3778 1540 3844 Irenes,
1589 3778 1802 3851 Agapes
1849 3787 1904 3837 et

933 3861 1203 3920 Chioniz.

314 4033 510 4097 Irene,
540 4042 759 4108 Agape,
795 4043 854 4093 et
899 4039 1148 4098 Chionia
1189 4040 1407 4098 Christi
1456 4050 1746 4118 martyres
1777 4046 1903 4104 fue-

250 4131 416 4188 runt,
449 4124 811 4197 imperatore
834 4131 1207 4198 Maximiano,
1233 4150 1300 4188 ex
1332 4134 1564 4190 civitate
1594 4136 1904 4193 Thessalo-

254 4213 412 4270 nica.
435 4216 577 4270 Cum
599 4222 797 4273 autem
817 4219 888 4273 ob
910 4220 1382 4291 persecutionem
1398 4225 1599 4281 omnia
1631 4227 1905 4297 reliquis-

253 4309 404 4367 sent,
441 4304 500 4360 in
536 4314 797 4363 montem
833 4311 1154 4380 quemdam
1175 4321 1572 4376 recesserunt.
1600 4321 1659 4370 et
1683 4315 1905 4374 ibidem

251 4393 514 4463 quietam
545 4396 722 4452 vitam
755 4398 1024 4470 agebant.
1050 4402 1418 4473 jejunantes,
1453 4421 1522 4461 ac
1552 4405 1670 4462 Deo
1701 4423 1907 4478 preces

249 4485 488 4541 assidue
545 4488 881 4546 offerentes.
934 4491 1149 4548 Verum
1208 4495 1454 4550 detecta;
1512 4513 1581 4553 ac
1636 4514 1905 4570 compre-

2008 3361 2280 3436 φυλακῆς,
2333 3360 2425 3416 καὶ
2483 3360 2871 3435 ἀναγκασθεῖσα
2951 3362 3109 3424 θῦσαι
3163 3363 3279 3421 τοῖς
3333 3357 3663 3433 ἀκαθάρτοις

2009 3449 2255 3526 δαίμοσι,
2281 3452 2369 3507 καὶ
2409 3451 2486 3525 μὴ
2541 3450 2888 3526 ἀνασχομένη
2941 3450 3165 3505 ἀκοῦσαι
3208 3453 3392 3517 τοῦτο,
3451 3447 3655 3521 ἐτιμω-

2009 3543 2152 3619 ρήθη
2186 3539 2420 3618 ἀφειδῶς
2447 3540 2737 3616 πρότερον,
2771 3540 2886 3595 εἷτα
2935 3538 3150 3618 ῥιφεῖσα
3179 3537 3232 3594 έν
3259 3541 3330 3614 τῇ
3381 3537 3654 3612 θαλάσση,

2007 3627 2292 3708 παρέδωκε
2319 3635 2398 3702 τῷ
2432 3630 2615 3707 Κυρίῳ
2641 3627 2704 3685 τὸ
2735 3632 2950 3704 πνεῦμα
2979 3628 3168 3696 αὐτῆς.

2012 3774 2112 3834 Καὶ
2151 3772 2383 3846 ἄθλησις
2413 3777 2523 3830 τῶν
2552 3773 3038 3851 ἁγίωνηίυναικῶν,
3071 3771 3341 3849 Εῗρήνης,
3391 3771 3654 3846 Ἀγάπης,

2650 3845 2741 3900 καὶ
2765 3843 3015 3907 Χιονίας.

2083 4032 2320 4107 Είρήνη,
2379 4031 2619 4109 Ἀγάπη,
2676 4031 2763 4086 καὶ
2851 4030 3066 4100 Χιονια,
3127 4028 3181 4083 αἱ
3236 4031 3335 4082 τοῦ
3422 4025 3661 4100 Χριστὸῦ

2015 4125 2307 4200 μάρτυρες,
2368 4124 2618 4199 ὑπῆρχον
2685 4123 2780 4195 μὶν
2837 4119 2926 4177 έπὶ
2982 4122 3081 4188 τῆς
3144 4116 3424 4196 βασιλείας
3483 4119 3661 4191 Μαξι-

2015 4217 2232 4288 μιανοῦ,
2289 4213 2349 4268 ἐκ
2403 4220 2505 4282 τῆς
2564 4211 2781 4274 πόλεως
2840 4207 3258 4279 Θεσσαλονίκης
3318 4204 3407 4263 διά
3460 4204 3518 4262 δὶ
3573 4207 3666 4262 τὸν

2013 4301 2257 4378 διωγμὸν
2289 4302 2586 4359 κατέλιπον
2616 4302 2810 4370 πάντα,
2851 4301 2940 4356 καὶ
3003 4297 3242 4367 ἀνῆλθον
3289 4296 3339 4352 ἐν
3374 4292 3487 4373 ὄρει
3533 4297 3665 4372 τινὶ⁹

2011 4395 2103 4450 καὶ
2143 4393 2422 4470 ἡσύχάζον
2481 4391 2854 4463 νηστεύουσαι,
2906 4391 2996 4446 καὶ
3051 4394 3132 4461 τῷ
3189 4392 3308 4462 Θεῷ
3365 4385 3667 4462 προσευχό-

2017 4505 2194 4558 μεναι.
2275 4481 2451 4541 Ἀλλά
2529 4482 3014 4554 καταμηνυθεῖσαι,
3095 4478 3495 4553 ἐκρατήθησαν,
3573 4474 3663 4529 καὶ

252 4574 477 4644 bensae,
538 4578 612 4632 ad
669 4581 986 4649 prmsidem
1044 4583 1314 4639 adductas
1381 4585 1666 4642 fuerunt:
1724 4565 1907 4659 a-quo

2022 4573 2354 4648 παρέστησαν
2411 4573 2490 4645 τῷ
2548 4571 2778 4646 ἄρχοντι
2830 4569 2922 4624 καὶ
3001 4569 3090 4624 ὑπ’
3159 4567 3367 4623 ἐκείνου
3441 4565 3666 4638 ἀναγκα-

465 4638 474 4644 ,
674 4638 683 4649 .
1296 4638 1304 4639 κ
1727 4638 1759 4643 π
1795 4638 1900 4659 πη

249 4662 548 4718 Christum
581 4683 796 4738 negare
818 4670 1025 4738 jussae,
1063 4673 1306 4728 minime
1332 4678 1901 4744 asseuseruntQua-

2022 4669 2221 4728 σθεῖσαι
2280 4662 2607 4738 ἀρνήσασθαι
2687 4662 2778 4716 τὸν
2853 4659 3107 4734 Χριστὸν,
3163 4657 3262 4712 οὐκ
3316 4653 3664 4726 ἐπείσθησαν.

247 4758 491 4823 propter
513 4759 748 4827 Agapen
771 4758 1011 4828 quidem
1043 4767 1102 4816 et
1130 4763 1438 4835 Chioniam
1471 4764 1605 4838 igne
1637 4768 1898 4824 sustulit.

245 4841 589 4899 A‘erenem
622 4861 755 4900 vero
776 4847 1086 4905 inveniens
1114 4867 1313 4908 sacros
1345 4853 1529 4910 libros
1559 4855 1901 4914 habentem.

246 4948 396 5004 quos
429 4939 648 4988 sanctze
681 4935 961 4994 mulieres
1010 4939 1205 5013 legere
1252 4951 1708 5008 consueverant,
1760 4946 1898 5001 illos

248 5018 490 5092 quidem
522 5021 655 5094 igne
687 5024 1034 5092 combussit,
1068 5029 1258 5100 ipsam
1290 5049 1426 5087 vero
1458 5031 1670 5088 deferri
1716 5033 1904 5104 jussit

246 5110 309 5168 in
342 5109 612 5184 lupanar,
647 5119 713 5169 ut
740 5114 812 5171 ab
845 5116 1165 5188 impudicis
1196 5121 1584 5193 pollueretur.
1636 5122 1748 5179 Sed
1802 5123 1901 5178 Dei

245 5201 434 5275 gratia
461 5209 743 5274 protecta.
791 5215 1020 5265 servata
1075 5216 1166 5264 est
1214 5211 1462 5274 illibata,
1518 5212 1761 5268 nemine
1820 5213 1895 5270 ad

245 5307 374 5349 eam
407 5293 692 5353 accedere
724 5297 1000 5353 audente.
1032 5299 1198 5364 Quod
1229 5317 1361 5356 cum
1397 5317 1618 5373 praeses
1662 5301 1899 5359 intelle-

240 5383 447 5444 xisset,
479 5383 674 5439 denuo
706 5384 872 5441 illam
903 5404 1104 5444 coram
1137 5407 1198 5443 se
1224 5389 1901 5461 adducijussit,urgens,

243 5475 310 5524 ut
334 5471 633 5528 Christum
666 5472 986 5530 desereret.
1022 5479 1095 5532 At
1124 5493 1259 5533 cum
1291 5477 1350 5532 id
1374 5477 1566 5533 facere
1583 5480 1901 5546 renuisset,

244 5560 423 5614 etiam
457 5560 648 5630 ipsam
679 5561 799 5633 igni
832 5565 1094 5622 tradidit.
1132 5572 1324 5637 Atque
1351 5568 1434 5622 ita
1472 5575 1902 5626 consummata:

243 5650 363 5702 tres
393 5649 610 5709 Christi
650 5659 963 5727 martyres,
1023 5670 1274 5730 regnum
1329 5657 1612 5716 caelorum
1673 5658 1902 5733 adeptae

244 5740 404 5793 sunt.

2011 4755 2166 4810 ὐθεν
2223 4753 2323 4822 τήν
2388 4753 2481 4825 μὶν
2536 4750 2804 4828 ’Λγᾶπην,
2881 4748 2972 4803 καὶ
3056 4749 3156 4814 τήν
3237 4746 3461 4804 Χιονίαν
3531 4744 3660 4817 πυρί

2012 4840 2244 4898 ἀνεῖλεν·
2278 4843 2377 4911 τήν
2412 4839 2468 4896 Si
2498 4841 2740 4915 Εἰρήνην
2777 4837 2948 4910 εὑρὼν
2995 4835 3227 4912 ἔχουσαν
3278 4835 3397 4909 ἱερά
3449 4828 3666 4910 βιϐλία,

2007 4931 2067 4988 ’ὲν
2100 4934 2181 4994 οἷς
2222 4930 2581 5006 ἀνεγίνωσκον
2641 4929 2697 4983 ul.
2755 4927 2924 5004 ἅγιαι,
2984 4925 3158 4982 ἐκεῖνα
3221 4924 3314 4997 μὶν
3370 4934 3666 4978 κατέκαυσε

2011 5024 2168 5097 πυρὶ,
2201 5020 2367 5094 αὓτὴν
2431 5019 2489 5077 δὲ
2544 5018 2868 5094 προσέταξεν
2913 5017 3278 5092 ἀπενεχθῆναι
3332 5014 3382 5070 ἐν
3429 5009 3668 5086 πορνείῳ

2011 5113 2148 5189 πρὸς
2179 5114 2241 5167 τὸ
2276 5113 2569 5186 μιανθῆναι
2604 5110 2708 5166 ὑπὸ
2756 5113 2865 5166 τῶν
2921 5105 3264 5162 ἀκολάστων.
3316 5101 3495 5159 Ἀλλά
3547 5123 3668 5156 σκε-

2011 5208 2276 5267 πασθεῖσα
2333 5201 2438 5258 ὑπὸ
2485 5207 2587 5270 τῆς
2637 5204 2736 5256 τοῦ
2792 5201 2928 5255 Θεοῦ
2984 5198 3237 5272 χάριτος,
3319 5191 3667 5267 διεφυλάχθη

2011 5293 2240 5365 καθαρὰ,
2303 5288 2535 5364 μηδενὸς
2595 5288 2732 5355 αύτῆ
2815 5286 3204 5361 τολμήσαντος
3286 5281 3664 5358 προσεγγίσαι.

2012 5385 2192 5441 Τοῦτο
2246 5379 2305 5437 δὲ
2365 5381 2549 5454 μαθὼν
2603 5381 2631 5436 ὁ
2691 5378 2902 5455 ἔργων,
2981 5375 3147 5432 πάλιν
3221 5371 3427 5450 ἤγαγεν
3501 5370 3669 5440 αὐτὴν

2012 5473 2247 5529 ένώπιον
2276 5470 2464 5540 αὐτοῦ,
2515 5470 2831 5545 ἀναγκάζων
2883 5468 3216 5544 ἀρνήσασθαι
3257 5464 3350 5520 τὸν
3406 5460 3666 5536 Χριστόν.

2010 5562 2098 5622 Ὠς
2141 5559 2200 5616 δὶ
2241 5560 2341 5616 οὐκ
2393 5558 2594 5630 ἔπεισε,
2650 5559 2741 5615 καὶ
2793 5558 2962 5625 αὐτὴν
3017 5556 3150 5630 πυρὶ
3206 5551 3510 5629 παρέδωκε.
3571 5550 3673 5606 Καὶ

2013 5651 2156 5706 οὕτω
2187 5649 2561 5708 τελειωθεῖσαι
2590 5651 2645 5705 αἱ
2695 5647 2843 5725 τρεῖς
2898 5640 3177 5702 ἀπέλαϐον
3232 5642 3510 5722 βασιλείαν
3561 5641 3669 5696 0'5-

2014 5746 2213 5822 ρανῶν.
