4108 6422
1863 397 2202 464 APRILIS.

3658 411 3776 472 386

339 540 447 600 Καὶ
489 541 688 614 μνήμη
720 541 820 594 τοῦ
845 536 998 596 ὁσίου
1027 537 1238 616 Πατρός
1280 537 1469 610 ἡμῶν,
1499 535 1590 592 καὶ
1642 533 1998 612 ὁμολογητοῦ

2117 535 2189 596 Et
2216 539 2481 597 memoria
2524 541 2702 598 sancti
2728 539 2914 600 Patris
2969 541 3147 600 nostri
3193 543 3394 602 Niceta
3453 545 3776 616 confessoris

1059 617 1102 666 Ν
1114 611 1295 681 ικήτα.

417 747 683 815 Νικήτας.
743 744 774 800 ὁ
833 743 889 801 ἂν
945 743 1124 820 ἁγίοις
1213 743 1400 815 Πατὴρ
1487 744 1651 814 ἡμῶν
1727 742 1818 797 καὶ
1869 742 2006 814 ὀμο-

339 834 597 910 λογητής
679 838 778 889 τοῦ
868 836 1133 910 Χριστοῦ,
1198 833 1447 908 ὑπῆρχεν
1521 835 1591 897 τῆ
1646 831 2002 907 συγχωρήσει

339 929 443 980 τοῦ
501 927 641 980 Θεοῦ
708 922 798 979 ἐπὶ
863 920 1139 999 βασιλείας
1194 925 1303 977 τῶν
1382 919 1804 996 Εἰκονομάχωνο
1864 919 2004 996 πρό-

338 1035 504 1091 τερον
561 1015 624 1071 ἐκ
692 1015 929 1090 βρίθους
978 1015 1117 1070 κατά
1171 1014 1272 1082 τήν
1334 1009 1565 1081 ἑντολήν
1622 1015 1721 1066 τοῦ
1769 1012 2006 1085 Χριστοῦ

345 1101 668 1160 καταλιπὼν
744 1104 951 1179 πατὲρα
986 1143 1002 1169 ,
1063 1101 1317 1177 μητῦρα,
1365 1097 1640 1177 ἀδελφοὺς
1676 1141 1691 1166 ,
1744 1097 2002 1177 ἀδελφὰς,

343 1196 648 1268 συγγενεῖς,
702 1189 898 1261 οὶκίαν,
955 1187 1192 1266 πατρίδα
1247 1187 1513 1257 πλοῦτον,
1568 1187 1659 1243 καὶ
1691 1185 1857 1263 αἶ’ρων
1911 1189 2002 1243 τὸν

343 1282 578 1358 σταυρὸν
633 1277 799 1336 αῦτοῦ
876 1279 1178 1356 προθύμως
1211 1320 1227 1347 ,
1285 1276 1375 1333 καὶ
1458 1276 1842 1348 ἀκολουθήσας
1925 1281 2006 1350 τῷ

339 1375 594 1443 Χριστῷ,
643 1370 732 1425 καὶ
780 1369 1018 1446 γεγονὼς
1069 1368 1222 1438 ἄξιος
1280 1367 1451 1423 αὐτοῦ
1493 1368 1765 1441 μαθητής.
1798 1364 2004 1422 ’Λπελ-

330 1460 445 1516 θὼν
476 1460 581 1535 γάρ
613 1458 666 1514 ἂν
843 1461 986 1532 μονῇ
1034 1461 1132 1512 τοῦ
1184 1453 1487 1525 Μηδικίου,
1535 1458 1795 1510 τοσοῦτον
1847 1456 2002 1530 ἡγω-

335 1549 531 1604 νίσατο
590 1549 728 1621 πρὸς
807 1547 1026 1621 ἀρετήν,
1087 1546 1164 1608 ὡς
1227 1539 1556 1618 ὑπερϐαλεῖν
1615 1544 1816 1607 πάντας
1873 1543 2003 1606 τοὺς

351 1639 462 1694 ἐκεῖ
513 1635 814 1712 μοναχούς.
855 1634 1032 1693 Ἀλλά
1087 1634 1180 1690 καὶ
1234 1639 1332 1690 τοῦ
1391 1633 1732 1709 χαρίσματος
1790 1634 2002 1706 ἠξιώθη

361 1733 470 1782 τῶν
516 1728 825 1800 θαυμάτων·
885 1725 978 1781 καὶ
1008 1722 1098 1780 διὰ
1151 1725 1250 1793 τήν
1313 1723 1506 1799 ἀρετὴν
1557 1722 1722 1778 αὐτοῦ
1775 1721 1844 1796 τῇ
1899 1742 2002 1776 πα-

361 1815 615 1893 ρακλήσει
697 1819 808 1870 τῶν
900 1818 1162 1889 μοναχῶν
1244 1811 1456 1888 ἐγένετο
1523 1811 1613 1867 καί
1671 1810 2002 1888 ἡγούμενος,

2185 766 2436 823 Sanctus
2467 767 2639 824 Pater
2668 773 2871 824 noster
2899 769 3236 842 Christique
3266 769 3575 826 confessor
3605 773 3774 829 Nice-

2111 861 2204 911 tas
2234 856 2366 923 fuit,
2401 858 2516 912 Deo
2540 857 2624 913 sic
2659 859 3064 930 permittente.
3106 861 3557 916 Ichonomachis
3582 862 3773 934 impe-

2112 945 2268 1000 rium
2302 946 2664 1002 tenentibus.
2699 949 2768 1002 Et
2818 947 3078 1019 primum
3129 949 3373 1020 quidem
3405 949 3599 1006 adhuc
3626 967 3775 1022 puer

2103 1034 2278 1106 juxta
2305 1035 2520 1091 Christi
2553 1043 2917 1108 praeceptum
2962 1037 3310 1108 relinquens
3367 1045 3620 1110 patrem,
3646 1056 3774 1096 ma-

2113 1127 2288 1187 trem,
2318 1124 2552 1186 fratres.
2589 1142 2844 1191 sorores,
2878 1133 3182 1198 cognatos,
3204 1127 3466 1194 domum,
3489 1130 3766 1199 patriam,
3843 1151 3849 1157 ·

2111 1209 2369 1277 divitias,
2403 1229 2471 1267 ac
2495 1211 2714 1268 tollens
2743 1211 3023 1268 alacriter
3045 1230 3282 1269 crucem
3315 1230 3506 1282 suam,
3532 1221 3772 1270 secutus

2113 1306 2204 1356 est
2223 1300 2542 1369 Christum,
2568 1301 2782 1375 dignus
2801 1302 2963 1357 illius
2986 1303 3316 1374 discipulus
3335 1304 3602 1360 effectus.
3624 1305 3773 1360 Cum

2113 1389 2272 1444 enim
2305 1391 2364 1445 in
2398 1391 2829 1446 monasterium
2870 1391 3102 1447 Medicii
3163 1409 3225 1448 se
3283 1392 3630 1464 recepisset,
3659 1393 3774 1449 ibi-

2113 1478 2246 1533 dem
2275 1478 2350 1534 ad
2381 1480 2656 1535 virtutem
2677 1481 2846 1536 enixe
2869 1481 3016 1536 adeo
3047 1480 3377 1547 contendit,
3403 1487 3468 1536 ut
3487 1483 3772 1538 omnibus

2113 1569 2213 1639 qui
2243 1568 2320 1622 ibi
2355 1575 2546 1632 erant.
2583 1571 2892 1626 monachis
2915 1571 3323 1626 antecelleret.
3347 1570 3772 1627 Miraculorum

2090 1659 2290 1713 ‘etiam
2323 1657 2477 1713 dono
2513 1658 2725 1731 dignus
2758 1665 2846 1714 est
2896 1659 3154 1717 habitus.
3216 1660 3299 1716 Ob
3344 1677 3513 1715 suam
3572 1661 3772 1732 itaque

2112 1749 2414 1816 virtutem,
2450 1757 2654 1820 rogatu
2697 1753 3150 1820 monachorum,
3184 1750 3372 1807 factus
3406 1758 3497 1807 est
3534 1752 3776 1807 illorum

2113 1839 2506 1911 hegumenus,
2541 1858 2607 1896 ac
2641 1848 2798 1895 recte
2831 1841 3069 1913 praefuit
3112 1858 3217 1896 suo
3276 1842 3457 1914 gregi.
3493 1841 3604 1896 Sed
3630 1859 3779 1912 quo-

358 1906 448 1962 καί
491 1904 671 1969 καλῶς
728 1900 1048 1978 δῖεκυϐερνα
1082 1903 1148 1958 τὸ
1179 1904 1458 1975 ποίμνιον.
1493 1901 1642 1958 Ἐπεὶ
1703 1898 1761 1956 δὲ
1815 1901 1998 1976 καιρὸς

2115 1898 2275 1993 niam
2308 1898 2540 2000 tempus
2573 1898 2848 2001 martyrii
2875 1930 3004 2002 ejus
3054 1898 3776 2002 iugruebatfablegantur

353 1993 533 2050 ἐκάλει
592 1995 757 2049 αὐτὸν
802 1993 940 2067 πρὸς
988 1992 1052 2047 τὸ
1087 1990 1414 2067 μαρτύριον,
1470 1989 1892 2052 ἀποστείλαντες
1952 1991 2004 2044 οἱ

346 2085 732 2158 Εἰκονομάχοι
797 2079 1268 2157 προσεκαλέσαντο
1353 2079 1515 2135 αὐτὸν
1545 2123 1559 2150 ,
1654 2079 1745 2135 καὶ
1837 2100 2004 2149 κατη-

343 2176 620 2248 νάγκαζον
700 2173 1033 2246 ἀρνήσασθαι
1134 2171 1236 2239 τήν
1318 2173 1427 2225 τῶν
1493 2189 1702 2224 σεπτων
1783 2167 2006 2223 εἰκόνων

336 2261 742 2339 προσκύνησιν,
775 2259 1049 2317 συνελθεῖν
1080 2257 1139 2315 δὶ
1180 2263 1250 2333 τῇ
1307 2259 1511 2334 αἱρεσει
1571 2259 1773 2314 αὐτῶν.
1828 2258 1918 2322 Ὦς
1949 2254 2007 2312 δὶ

337 2353 442 2408 οὐκ
473 2349 716 2421 ἔπεισαν,
766 2349 1025 2424 ἐξορίαις,
1056 2347 1147 2404 καὶ
1198 2346 1410 2421 λιμοῖς,
1454 2346 1547 2403 καὶ
1600 2346 2006 2421 ταλαιπωρίαις

340 2437 748 2512 ὑποϐαλόντες,
781 2438 1020 2495 ἀνεῖλον.

412 2558 515 2612 Καὶ
549 2558 746 2632 μνήμη
770 2559 867 2610 τοῦ
920 2553 1076 2610 ὁσίου
1129 2554 1340 2632 ’[ωσήφ
1396 2556 1496 2609 τοῦ
1552 2557 1791 2626 ποιητοῦ
1819 2557 1930 2609 τῶν

1042 2625 1306 2684 κανόνων.

407 2748 473 2803 Ὀ
558 2745 710 2810 ὅσιος
796 2745 1025 2822 Ἰωσήφ·
1114 2745 1142 2798 ὁ
1225 2744 1464 2813 ποιητὴς
1545 2746 1655 2798 τῶν
1736 2742 2002 2812 κανόνων,

339 2836 596 2912 ὗπῆρχεν
631 2835 692 2890 ἐκ
717 2841 820 2904 τῆς
857 2833 1129 2903 Σικελίας,
1192 2833 1309 2898 υἱὸς
1360 2832 1689 2901 Πλουτίνου,
1721 2833 1809 2887 καῖ
1844 2833 2007 2907 Ἀγά-

339 2928 471 2997 θης.
509 2921 786 2995 ’Λλούσης
816 2921 874 2978 δὶ
929 2925 1026 2992 τῆς
1058 2921 1262 2978 τούτου
1300 2918 1564 2996 πατρίδος
1619 2921 1722 2975 ὑπὸ
1759 2917 1856 2974 τοῦ
1895 2924 2003 2974 τῶν

339 3017 564 3092 Ἀφρων
597 3009 808 3084 ἔθνους,
866 3010 1036 3082 ἦλθεν
1104 3009 1182 3076 εἷς
1229 3007 1650 3080 Θεσσαλονίκην,
1709 3010 1797 3064 καὶ
1832 3007 2004 3065 ἀπελ-

345 3103 454 3169 θὼν
533 3099 587 3159 ἕν
654 3123 760 3158 τινι
819 3100 1175 3177 μοναστηρίῳ
1211 3143 1226 3167 ,
1311 3099 1398 3155 καὶ
1458 3098 1694 3176 γεγονὼς
1755 3097 2002 3174 μοναχὸς

337 3193 662 3271 ἠγωνίζετο,
723 3190 968 3266 μελετῶν
1027 3191 1118 3246 καὶ
1174 3189 1275 3250 τάς
1331 3187 1476 3254 θείας
1537 3188 1750 3266 Γραφάς
1809 3186 2005 3261 ἰπιμε-

338 3283 476 3346 λῶς’
570 3279 643 3338 δι’

346 3373 668 3449 Γρηγορίου
722 3374 819 3426 τοῦ
852 3368 1232 3425 Δεκαπολίτου
1283 3366 1360 3430 είς
1418 3363 1999 3424 Κωνσταντινούπολιν

349 3463 540 3532 ἦλθεν.
623 3458 984 3521 Ἀποσταλεὶς
1058 3455 1116 3513 Si
1174 3456 1251 3519 είς
1300 3457 1524 3530 Ῥώμην
1586 3453 1676 3510 διὰ
1751 3456 1850 3524 τὴν
1893 3459 1998 3510 τῶν

353 3550 750 3626 Εἰκονομάχων
811 3548 1015 3624 α’ίρεσιν
1052 3593 1067 3617 ,
1122 3546 1394 3620 ἐκρατήθη
1455 3545 1601 3621 παρά
1653 3549 1760 3600 τῶν
1823 3550 2004 3617 Σαρα-

361 3645 565 3709 κηνῶν,
608 3642 689 3695 καὶ
743 3640 934 3714 ἀχθεὶς
967 3638 1036 3704 εί,
1093 3639 1194 3706 τὴν
1256 3639 1502 3712 Κρήτην,
1561 3635 1889 3705 ἀπεκλείσθη
1924 3633 2002 3697 εἷς

366 3725 635 3806 φυλακήν.
690 3729 784 3786 Καὶ
821 3729 959 3801 μετά
1017 3727 1246 3792 θάνατον
1306 3725 1579 3804 Θεοφίλου
1633 3729 1730 3780 τοῦ
1785 3724 2002 3779 εἳκονο-

362 3817 548 3889 μάχου
577 3815 856 3878 ἀπολυθεὶς
899 3822 1001 3884 τῆς
1059 3813 1327 3892 φυλακῆς,
1360 3817 1429 3887 τῇ
1462 3813 1688 3888 βοηθείᾳ
1713 3817 1809 3866 τοῦ
1841 3812 2000 3887 ἁγίου

356 3903 655 3976 Νικολάου,
712 3907 879 3975 ἦλθεν
937 3904 1012 3966 εἰς
1075 3900 1671 3958 Κωνσταντινούπολιν’
1731 3903 1818 3957 καὶ
1867 3901 1998 3957 λοι-

342 3995 599 4074 δορηθεὶς
657 3997 920 4071 ἐξωρίσθη
972 3995 1049 4058 εἰς
1108 3996 1390 4070 Χερσῶνα.
1463 3996 1700 4059 Ἐκεῖθεν
1762 3991 1820 4048 δὲ
1869 3993 2000 4049 ἀνα-

340 4087 591 4154 κληθεῗς,
625 4086 792 4142 πάλιν
838 4085 1007 4156 ἦλθεν
1067 4085 1142 4147 εἰς
1196 4086 1260 4140 τὸ
1317 4085 1630 4154 Βυζάντιον,
1687 4083 1774 4138 καὶ
1807 4091 1998 4158 γὲγονε

340 4179 513 4258 φύλαξ
544 4183 654 4234 τῶν
711 4180 873 4253 ἱερῶν
935 4181 1138 4232 σκευῶν
1194 4182 1292 4246 τῆς
1355 4175 1618 4251 Μεγάλης
1677 4174 1994 4246 ἐκκλησίας.

342 4268 672 4344 Χαρίσματα
702 4265 759 4323 δὲ
799 4262 943 4344 ἔχων
978 4266 1038 4322 ἐκ
1067 4270 1222 4337 Θεοῦ,
1282 4263 1534 4328 πολλοὺς
1590 4263 1774 4342 ἁγίους
1805 4265 1994 4321 κανόσι

336 4357 601 4430 τιμήσας,
634 4352 933 4428 ἓκοιμήθη.

893 4471 1070 4526 MﬂNl
1109 4471 1196 4525 ΤΩ
1233 4469 1436 4528 ΑΥΤΩ.

1145 4557 1198 4612 Δ,

2110 2017 2183 2072 ab
2207 2017 2616 2072 Iconomachis
2649 2017 2749 2088 qui
2783 2035 2917 2073 cum
2957 2024 3334 2073 accerserent
3383 2034 3450 2073 ac
3499 2018 3774 2089 compel-

2111 2103 2324 2171 lerent,
2356 2120 2391 2158 a
2422 2103 2854 2158 venerabilium
2896 2104 3223 2176 imaginum
3272 2104 3436 2159 cultu
3470 2104 3772 2172 recedere,

2112 2197 2170 2246 et
2198 2208 2333 2247 cum
2367 2193 2628 2264 ipsorum
2664 2193 2877 2248 haeresi
2901 2194 3238 2247 convenire.
3271 2194 3417 2247 Cum
3448 2209 3582 2249 vero
3613 2191 3687 2247 ad
3711 2191 3775 2246 id

2110 2281 2282 2336 illum
2317 2281 2568 2337 suadere
2599 2297 2720 2336 non
2753 2288 3015 2353 possent,
3052 2281 3282 2349 exsilio,
3310 2281 3488 2350 fame,
3521 2281 3776 2353 aliisque

2109 2371 2395 2428 arumnis
2425 2371 2618 2443 ipsum
2649 2370 3060 2443 subjicientes,
3095 2371 3486 2426 sustulerunt.

2215 2580 2284 2633 Et
2313 2581 2576 2635 memoria
2603 2565 3040 2650 sanctiJosephi
3069 2595 3341 2634 canonum
3369 2579 3665 2648 scriptoris

2181 2739 2386 2795 Sactus
2414 2741 2631 2812 Ioseph
2659 2757 2958 2796 canonum
2992 2741 3266 2812 scriptor,
3299 2740 3413 2794 fuit
3445 2755 3511 2794 ex
3546 2739 3769 2808 Sicilia,

2113 2829 2273 2884 filius
2304 2829 2526 2884 Plutini
2559 2837 2618 2885 et
2649 2831 2908 2904 Agathaa.
2962 2831 3144 2902 Capta
3191 2835 3392 2886 autem
3419 2829 3549 2901 ejus
3580 2829 3774 2901 patria

2109 2917 2182 2973 ab
2214 2917 2489 2973 Afrorum
2522 2926 2715 2992 gente,
2742 2919 3225 2975 Thessalonicam
3249 2920 3498 2983 venit,et
3534 2919 3772 2992 ingres-

2111 3023 2212 3062 sus
2234 3007 2535 3078 quoddam
2551 3008 3146 3075 monasterium,cum
3165 3008 3244 3064 ibi
3268 3008 3614 3063 monasticae
3641 3009 3773 3063 vitea

2111 3114 2172 3152 se
2201 3097 2548 3165 addixisset,
2583 3115 2758 3155 suum
2789 3105 3091 3154 certamen
3125 3099 3388 3168 certavit,
3426 3099 3486 3152 in
3520 3097 3770 3153 medita-

2111 3187 2272 3243 tione
2303 3188 2636 3244 divinarum
2677 3189 3116 3261 Scripturarum
3145 3205 3274 3244 sese
3308 3187 3570 3244 studiose
3603 3204 3771 3245 exer-

701 3281 730 3337 ’ὀ
791 3279 1202 3357 χειροτονηθεὶς
1285 3279 1375 3333 καὶ
1428 3272 1810 3353 πρεσϐύτερος,
1871 3275 1998 3350 μετᾶ

2118 3293 2280 3333 cens.
2314 3278 2630 3350 Presbyter
2658 3279 2908 3350 proinde
2941 3278 3276 3346 ordinatus,
3324 3295 3459 3334 cum
3491 3278 3769 3350 Gregorio

2115 3367 2457 3438 Decapolita
2484 3367 3062 3438 Constantinopolim
3093 3367 3272 3422 venit.
3302 3367 3515 3423 Missus
3555 3365 3772 3423 deinde

2115 3457 2362 3510 Romam
2418 3462 2660 3528 propter
2717 3457 2986 3512 hmresim
3039 3456 3612 3521 Iconomachorum,
3673 3456 3774 3511 48

2115 3546 2584 3618 comprehensus
2607 3564 2640 3602 a
2669 3547 2998 3611 Saracenis,
3033 3547 3298 3618 captivus
3329 3547 3389 3601 in
3415 3547 3647 3602 Cretam
3670 3545 3776 3602 ab-

2114 3636 2328 3690 ductus
2358 3636 2492 3703 fuit,
2524 3643 2582 3690 et
2608 3637 2665 3690 in
2695 3653 2994 3691 carcerem
3021 3635 3318 3691 detrusus.
3352 3637 3492 3690 Post
3520 3642 3774 3690 mortem

2113 3741 2248 3779 vero
2279 3725 2589 3797 Theophili
2629 3725 3002 3781 Iconomachi
3031 3742 3061 3780 e
3093 3741 3330 3780 carcere
3389 3732 3628 3796 ereptus
3660 3741 3770 3795 ope

2115 3814 2302 3869 sancti
2349 3814 2592 3876 Nicolai,
2654 3813 2848 3868 denuo
2908 3813 3489 3884 Constantinopolim
3545 3813 3771 3869 rediit:

2113 3903 2213 3957 ubi
2247 3903 2568 3958 calumniis
2591 3910 2649 3957 et
2679 3903 2960 3958 conviciis
2982 3905 3254 3966 aﬂ‘ectus,
3287 3903 3580 3975 relegalus
3599 3907 3689 3957 est
3711 3902 3772 3956 in

2112 3992 2496 4047 Chersonem.
2531 3993 2672 4047 Inde
2703 3999 2901 4048 autem
2964 3997 3296 4059 revocatus,
3330 4009 3536 4047 rursus
3569 3991 3768 4046 Bizan-

2112 4081 2259 4136 tium
2294 4082 2592 4152 proiectus
2618 4087 2728 4145 est,
2763 4087 2821 4136 et
2849 4083 3038 4136 factus
3070 4082 3182 4136 fuit
3230 4087 3430 4136 custos
3462 4097 3769 4136 sacrorum

2112 4187 2385 4227 vasorum
2421 4173 2638 4244 Magum
2664 4171 2952 4226 ecclesia).
2986 4172 3170 4226 Donis
3197 4187 3330 4225 vero
3365 4170 3467 4225 Dei
3500 4170 3768 4225 illustra-

2112 4265 2226 4328 tus,
2252 4277 2386 4316 cum
2415 4261 2615 4332 plures
2646 4267 2883 4316 sanctos
2933 4259 3284 4329 canonibus,
3346 4275 3450 4314 seu
3509 4258 3770 4328 hymnis,

2109 4349 2482 4415 honorasset,
2514 4365 2585 4405 ex
2616 4349 2725 4404 hac
2756 4349 2873 4404 vita
2913 4348 3189 4403 decessit.

2662 4475 2904 4532 EODEM
2953 4472 3205 4528 MENSE.

2759 4565 2862 4620 Die
2894 4568 3106 4636 quarta

328 4665 604 4738 Ἀθλησις
650 4670 760 4722 τῶν
816 4664 987 4742 ἁγίων
1042 4663 1334 4742 μαρτύρων
1403 4663 1784 4741 ’Δγαθόποδος
1819 4708 1834 4736 ,
1891 4663 1985 4721 καὶ

2172 4672 2455 4729 Certamen
2485 4679 2804 4729 sanctorum
2858 4678 3174 4741 martyrum
3220 4668 3612 4740 Agathopodis
3645 4675 3698 4724 et

989 4734 1325 4795 Θεοδούλου.

400 4858 736 4931 Ἀγαθόπους
797 4858 826 4913 ὁ
857 4855 1154 4932 ἱερώτατος
1211 4853 1486 4919 διάκονος,
1531 4854 1622 4911 καὶ
1681 4851 1988 4918 Θεόδουλος

330 4947 359 5001 ὁ
417 4942 813 5009 εὐλαϐέστατος
915 4945 1294 5020 ἀναγνώστης,
1399 4944 1452 4999 oi
1552 4947 1650 5000 τοῦ
1751 4945 1989 5020 Χριστοῦ

337 5039 626 5112 μάρτυρες,
689 5038 941 5112 ὑπῆρχον
1005 5035 1099 5109 μὲν
1161 5033 1220 5090 ἐκ
1271 5041 1375 5105 τῆς
1446 5032 1665 5097 πόλεως
1717 5033 1992 5091 Θεσσαλο-

333 5127 503 5198 νίκης·
557 5124 648 5182 διά
705 5125 763 5182 δὲ
807 5128 908 5194 τήν
969 5124 1046 5186 είς
1104 5125 1337 5196 Χριστὸν
1393 5123 1571 5180 πίστιν
1630 5122 1989 5199 κρατηθέντες

332 5218 477 5289 παρά
533 5221 640 5272 τῶν
697 5213 1145 5288 εῐόωλολατρῶν,
1204 5215 1546 5286 παρὲστησαν
1595 5220 1674 5288 τῷ
1723 5224 1824 5286 τῆς
1883 5217 1988 5272 πόα

329 5305 476 5372 λεως
560 5305 790 5383 ἄρχοντι
824 5351 840 5376 ,
917 5306 1008 5360 καὶ
1088 5304 1563 5379 κατηναγκάζοντο
1645 5309 1800 5370 θῦσαι
1868 5312 1990 5370 τοῖς

320 5391 613 5457 εἰδώλοις.
651 5394 742 5462 Mi)
799 5393 1106 5456 πεισθέντες
1156 5388 1236 5454 δὲ.
1287 5390 1721 5464 ἀπεκλείσθησαν
1755 5393 1833 5458 εἷς
1888 5416 1991 5469 φυ-

327 5484 525 5556 λακήν,
554 5485 647 5541 καὶ
679 5487 746 5557 τῇ
778 5483 930 5538 νυκτῖ
973 5481 1152 5558 ἄκείνῃ
1181 5479 1328 5538 εἶδον
1364 5483 1666 5561 ἀμφότεροι
1727 5484 1988 5556 τοιαύτην

321 5576 610 5633 ὀπτασίαν.
672 5572 904 5646 Ἕδοξαν
964 5571 1141 5629 πλοῦν
1201 5567 1482 5642 ἐπιϐῆναι,
1540 5574 1630 5628 καί
1689 5572 1900 5645 πλέειν,
1932 5575 1985 5632 ἐν

319 5670 388 5742 τῇ
421 5668 695 5742 θαλάσση·
757 5659 1040 5726 κλύδωνος
1071 5659 1130 5719 δὶ
1187 5659 1428 5742 σφοδροῦ
1483 5662 1798 5740 γεγονότος,
1852 5662 1985 5722 ἰδεῖν

316 5757 381 5814 τὸ
434 5755 646 5814 πλοῖον
699 5746 984 5831 ωντριόὶν
1013 5797 1028 5827 ,
1086 5752 1174 5808 καὶ
1233 5750 1364 5814 τοῦς
1420 5749 1762 5826 ἰμπλᾶοντας
1817 5776 1986 5813 κατα-

2790 4743 3087 4800 Theoduli.

2172 4860 2569 4934 Agathopoles
2601 4859 3040 4917 sacratissimus
3073 4857 3383 4923 diaconus,
3415 4862 3473 4912 et
3496 4857 3766 4913 Theodu-

2099 4953 2194 5008 lus
2227 4950 2715 5024 religiosissimus
2764 4949 2973 5014 lector,
3029 4948 3247 5004 Christi
3294 4953 3609 5020 martyres,
3643 4947 3771 5002 fue-

2097 5046 2240 5096 runt
2269 5057 2340 5095 ex
2369 5041 2605 5095 civitate
2626 5038 3067 5094 Thessalonica.
3088 5037 3515 5109 Comprehensi
3540 5052 3674 5091 vero
3697 5035 3772 5090 ob

2099 5133 2314 5188 Christi
2334 5132 2511 5187 fidem
2533 5131 2606 5187 ab
2623 5129 3170 5191 idolatris.adducti
3192 5128 3415 5183 suntad
3452 5125 3768 5198 praesidem

2102 5222 2374 5278 civitatis.
2407 5228 2468 5276 et
2496 5221 2786 5293 compulsi
2821 5220 2998 5276 idolis
3028 5220 3387 5275 sacrificare.
3421 5215 3587 5282 Quod
3633 5231 3768 5269 cum

2098 5311 2292 5368 facere
2325 5318 2722 5374 recusassent,
2775 5311 2837 5365 in
2871 5325 3172 5365 carcerem
3228 5306 3451 5362 detrusi
3514 5309 3674 5370 sunt,
3707 5305 3770 5359 in

2100 5418 2216 5473 quo
2245 5401 2453 5456 eadem
2478 5407 2650 5456 nocte
2683 5401 2836 5456 hanc
2867 5398 3043 5455 ambo
3077 5397 3372 5452 visionem
3404 5394 3763 5449 habuerunt.

2100 5490 2464 5546 Videbantur
2495 5490 2606 5546 sibi
2647 5505 2858 5545 navem
2921 5484 3346 5542 conscendere.
3406 5488 3464 5538 et
3496 5483 3557 5537 in
3617 5481 3768 5536 mari

2097 5581 2375 5654 navigare
2401 5579 2658 5647 :ingenti
2677 5585 2876 5636 autem
2893 5578 3145 5632 excitata
3166 5573 3457 5629 ﬂuctuum
3479 5570 3770 5645 procella,

2097 5671 2421 5727 contritum
2445 5670 2743 5744 navigium
2765 5682 3030 5732 cernere,
3061 5670 3122 5720 et
3142 5663 3488 5735 navigantes
3519 5663 3579 5718 in
3604 5677 3766 5718 mare

2097 5760 2441 5828 demersos;
2474 5778 2536 5818 se
2569 5776 2704 5818 vero
2727 5758 3018 5816 duntaxat
3047 5753 3302 5828 sospites
3329 5752 3598 5824 evadere,
3623 5759 3682 5810 et
3701 5753 3765 5810 in
