4108 6442
349 392 466 457 387

1673 390 2108 456 MENOLOGH
2155 392 2354 458 PARS
2403 394 2504 456 III.

337 527 646 590 excelsum
661 525 872 586 collem
886 524 1121 584 deferri.
1142 523 1542 586 Portendebat
1553 529 1750 588 autem
1763 543 1835 589 ea
1853 526 1988 588 visio

2113 529 2523 600 ποντισθέντας,
2572 529 2796 594 ὶαυτοὺς
2853 529 2912 589 δὶ
2964 531 3168 608 μόνους
3226 536 3646 609 περισιυθιντας,
3677 554 3771 610 καὶ

348 621 474 675 fore
504 627 568 674 ut
598 620 707 691 ipsi
741 620 801 673 in
840 617 986 673 mari
1040 624 1293 672 mortem
1342 623 1716 690 oppeterent,
1749 618 2009 690 indeque

352 708 530 762 caelos
557 706 1040 762 conscenderent.
1079 707 1245 760 Mane
1277 721 1537 776 namque
1569 722 1703 760 cum
1733 722 1834 760 eos
1865 722 2006 776 praa-

350 813 444 850 ses
475 813 504 850 e
536 811 771 850 carcere
802 794 976 850 simul
1039 793 1358 861 eduxisset,
1411 793 1596 864 jussit
1643 795 1800 866 ipsos
1833 794 2008 849 idolis

347 884 702 940 sacriﬁcare.
729 885 873 940 Cum
900 900 1037 939 vero
1061 884 1137 938 ad
1161 882 1221 938 id
1244 882 1444 938 induci
1471 883 1716 938 minime
1741 889 2004 955 possent,

345 972 408 1027 in
439 971 802 1044 profundum
838 972 1018 1027 maris
1051 972 1188 1026 illos
1249 971 1508 1044 demergi
1543 971 1880 1028 mandavit:
1915 977 2005 1027 at-

345 1078 460 1132 que
484 1062 565 1118 ita
593 1061 946 1134 martyrium
975 1067 1494 1117 consummarunt.

915 1161 1159 1216 EODEM
1182 1159 1432 1217 MENSE.

1008 1251 1112 1305 Die
1141 1250 1348 1322 quinta

345 1353 450 1408 44
479 1350 767 1408 Certamen
795 1357 1006 1410 sanctw
1060 1351 1325 1431 martyris
1380 1347 1715 1408 Pherbuthz
1743 1354 1796 1403 et
1823 1349 2005 1404 socia-

1024 1438 1151 1476 rum
1180 1437 1317 1491 ejus.

416 1529 717 1590 Pherbuta
740 1529 956 1586 Christi
992 1534 1236 1602 martyr,
1271 1533 1404 1600 post
1433 1533 1736 1584 certamen
1769 1531 1827 1582 et
1855 1542 2006 1582 mor-

341 1625 460 1676 tem
490 1621 688 1676 fratris
719 1620 812 1674 sui
861 1619 1155 1676 Simeonis
1216 1617 1502 1690 episc0pi,
1543 1617 1743 1690 quiete
1775 1616 1994 1694 degens

337 1709 399 1764 in
432 1728 537 1766 suo
569 1709 910 1766 habitaculo
961 1726 1080 1764 una
1110 1724 1244 1764 cum
1294 1723 1496 1762 sorore
1529 1713 1587 1762 et
1616 1706 1859 1771 ancilla,
1895 1722 1996 1762 eos

337 1800 439 1872 qui
472 1799 545 1855 ad
571 1800 762 1872 ipsam
795 1797 1174 1864 accedebant,
1207 1796 1424 1852 Christi
1479 1795 1657 1851 ﬁdem
1689 1794 1994 1853 edocebat.

2120 618 2196 683 εἷς
2225 614 2353 693 ὅρος
2385 621 2598 695 ὑψηλὸν
2655 620 3000 686 ἀνελθόντας.
3057 621 3295 695 Ἐδῆλου
3355 622 3413 680 δὲ
3467 628 3529 682 τὸ
3588 629 3773 704 ὅραμα

2116 710 2215 778 τήν
2279 708 2368 765 διὰ
2427 709 2703 780 θαλάσσης
2759 711 2936 768 αὐτῶν
3007 713 3289 769 τελείωσιν
3325 763 3340 787 ,
3394 716 3484 771 καὶ
3530 719 3630 787 τήν
3693 720 3802 784 εἰς,

2118 798 2350 873 οὐρανὸν
2397 795 2677 857 ἀναϐασιν.
2715 802 2818 860 Καὶ
2872 804 2976 878 γὰρ
3009 805 3122 876 ἅμα
3151 802 3301 880 πρωΐ
3364 812 3465 875 τῆς
3520 805 3772 884 φυλακῆς

2117 887 2312 951 αὐτοὺς
2373 888 2640 963 ἐξαγαγὼν
2703 891 2730 945 6
2790 891 2976 967 ἄρχων
3014 937 3029 963 ,
3087 892 3356 968 ἠνάγκαζε
3440 899 3595 959 θῦσαι
3652 904 3774 962 τοῖς

2117 974 2392 1040 εἶ’δώλοις·
2431 981 2508 1051 μή
2559 981 2874 1042 πεισθέντας
2933 979 3013 1045 δὶ,
3069 986 3148 1053 τῷ
3208 983 3358 1058 βυθῷ
3407 991 3506 1055 τῆς
3565 983 3776 1050 θαλάσ-

2117 1087 2216 1138 σης
2246 1065 2511 1146 ένέῥριψε·
2545 1070 2634 1124 καὶ
2667 1068 2840 1132 οὕτως
2870 1069 3284 1142 ἐτελειώθησαν.

2667 1175 2812 1226 ΜΗΝ
2821 1179 2841 1227 ι
2880 1175 2968 1228 TD
3006 1175 3206 1231 ΑΥΤΩ.

2113 1345 2383 1418 ’Δθλησις
2441 1351 2541 1413 τῆς
2602 1346 2756 1423 ἁγίας
2819 1348 3091 1426 μάρτυρᾼος
3149 1345 3491 1426 Φερϐούθης,
3549 1351 3768 1424 καὶτῆς

2703 1419 2951 1484 συνοδίας
2979 1419 3170 1492 αὐτῆς.

2182 1527 2243 1585 Ἦ
2308 1531 2405 1583 τοῦ
2491 1531 2721 1604 Χριστοῦ
2818 1529 3026 1606 μάρτυρ
3112 1525 3401 1605 Φερόούθη
3466 1533 3602 1606 μετά
3658 1535 3762 1604 τήν

2111 1613 2342 1687 ἄθλησιν
2375 1618 2465 1673 καὶ
2511 1618 2792 1676 τελείωσιν
2850 1624 2946 1674 τοῦ
3005 1616 3244 1696 ἀδελφοῦ
3303 1621 3472 1691 αὐτῆς
3531 1623 3764 1694 Συμεὼν

2111 1709 2206 1759 τοῦ
2265 1705 2590 1777 ἱπισκόπου,
2647 1709 2699 1762 ὲν
2761 1706 3025 1781 οἰκήματι
3079 1711 3437 1784 ⁴ἡσυχάζζουσα
3491 1710 3627 1783 μετά
3655 1713 3754 1780 τῆς

2109 1791 2374 1872 ἀδελφῆς,
2405 1797 2492 1852 καὶ
2524 1803 2624 1866 τῆς
2655 1794 2862 1868 δούλης
2895 1795 3085 1865 αὐτῆς,
3131 1795 3379 1855 ἐδίδασκε
3405 1798 3531 1861 τοὺς
3575 1820 3757 1874 προσ-

335 1888 689 1945 lnvidebant
717 1895 915 1945 autem
939 1887 1148 1958 Iudaei,
1171 1886 1232 1942 id
1255 1902 1407 1960 aegre
1431 1885 1690 1942 ferentes
1716 1903 1728 1939 :
1754 1891 1813 1940 et
1832 1902 1988 1941 occa-

2111 1883 2448 1960 ερχομένους
2503 1885 2641 1958 αὐτῇ
2697 1887 2798 1954 τὴν
2875 1885 2953 1950 είς
3008 1888 3235 1959 Χριστὸν
3295 1888 3498 1945 πίστιν.
3563 1889 3757 1967 Ἐφθόο

336 1979 567 2036 sionem
599 1979 780 2048 nacti,
831 1978 1097 2050 ipsarum
1146 1977 1369 2033 caedem
1402 1975 1512 2032 hac
1543 1976 1772 2031 ratione
1804 1975 1996 2031 moliti

336 2074 494 2124 sunt.
531 2068 687 2126 Uxor
715 2067 950 2139 Saporis
983 2069 1300 2123 Persarum
1344 2065 1498 2140 regis
1527 2063 1760 2120 Iudaeos
1795 2071 1998 2136 prote-

331 2157 544 2231 gebat:
578 2173 646 2214 eo
677 2162 876 2213 autem
908 2161 1174 2228 tempore
1223 2155 1465 2210 infirma
1500 2152 1838 2210 valetudine
1870 2160 1996 2208 ute-

333 2245 527 2302 batur.
562 2249 956 2300 Accesserunt
989 2242 1235 2316 proinde
1264 2243 1450 2298 Iudaei
1480 2242 1554 2298 ad
1578 2243 1788 2314 ipsam,
1810 2247 1867 2297 et
1897 2259 1996 2298 ca-

337 2333 619 2390 lumniati
679 2340 820 2391 sunt
850 2339 1106 2400 sanctas,
1140 2332 1267 2390 haec
1316 2332 1584 2389 aientes:
1616 2331 1764 2397 Quia
1792 2348 1827 2387 a
1875 2331 1997 2386 viro

341 2430 444 2479 tuo
480 2425 712 2479 occisus
743 2422 854 2478 fuit
903 2423 1139 2478 Simeon
1201 2422 1536 2493 episcopus,
1597 2419 1729 2476 ideo
1761 2436 1996 2476 sorores

334 2514 525 2586 ipsius
559 2513 801 2585 magicis
821 2512 1048 2568 artibus
1071 2519 1364 2567 conantur
1385 2517 1440 2566 te
1463 2509 1778 2582 perimere.
1815 2511 1868 2566 Si
1890 2527 1993 2565 au-

335 2609 456 2660 tem
488 2605 656 2675 cupis
680 2603 990 2675 pristinam
1026 2619 1377 2674 recuperare
1399 2600 1819 2665 valetudinem,
1845 2601 1992 2672 jube

335 2710 435 2749 eas
468 2711 573 2765 per
625 2692 888 2749 medium
943 2691 1248 2758 dissecari,
1297 2697 1356 2746 et
1415 2691 1680 2762 ipsarum
1736 2691 1993 2746 dissecta

331 2782 603 2841 membra
632 2781 918 2854 suspendi
947 2799 959 2836 :
991 2788 1050 2835 tu
1083 2797 1216 2836 vero
1249 2781 1430 2835 transi
1455 2797 1560 2851 per
1580 2779 1843 2835 medium
1867 2779 1993 2835 illo-

330 2889 488 2932 rum.
522 2879 698 2943 atque
735 2872 816 2927 ita
848 2887 1053 2942 sospes
1113 2877 1170 2926 et
1215 2870 1578 2926 incolumnis
1605 2869 1835 2926 evades.
1872 2871 1990 2926 Hoc

328 2960 508 3034 igitur
538 2966 795 3032 peracto,
832 2965 1051 3015 sanctae
1085 2959 1299 3014 Christi
1362 2965 1652 3030 martyres
1705 2958 1989 3014 caelorum

327 3067 574 3123 regnum
609 3049 839 3122 adepta:
865 3054 1007 3104 sunt
1031 3067 1042 3103 :
1079 3049 1303 3121 Regina
1323 3065 1464 3104 vero
1487 3066 1607 3104 non
1631 3048 1806 3105 modo
1835 3049 1988 3104 sani-

324 3146 506 3197 tatem
538 3157 660 3197 non
689 3142 1098 3214 recuperavit;
1133 3139 1238 3195 sed
1269 3139 1444 3196 etiam
1495 3139 1828 3218 gehennam
1863 3155 1986 3194 sor-

323 3228 432 3286 tita
461 3235 569 3287 est.

891 3301 1132 3358 EODEM
1154 3299 1402 3355 MENSE.

991 3389 1094 3445 Die
1138 3395 1304 3445 sexta

319 3498 593 3555 Memoria
625 3498 802 3555 sancti
824 3499 1004 3554 Patris
1034 3500 1213 3553 nostri
1258 3497 1516 3565 Eutychii
1572 3497 1978 3569 archiepisc0pi

837 3570 1458 3641 Constantinopolitani.

394 3677 643 3732 Sanctus
674 3678 848 3731 Pater
879 3683 1082 3732 nes-ter
1112 3676 1437 3746 Eutychius
1478 3676 1610 3738 fuit,
1643 3675 1976 3748 imperante

317 3766 651 3822 Iustiniano
703 3767 932 3838 Magno,
975 3782 1044 3820 ex
1089 3765 1328 3838 regione
1390 3765 1653 3837 Phrygia:
1715 3772 1974 3820 exortus.

317 3855 607 3910 Praeclare
640 3860 837 3910 autem
866 3854 1150 3909 educatus
1182 3854 1254 3908 ab
1311 3854 1600 3925 Hesychio
1633 3853 1978 3927 presbytero

317 3945 760 4017 thaumaturgo,
793 3943 981 4016 ipsius
1005 3960 1130 4009 avo,
1166 3949 1224 3997 et
1254 3943 1314 3997 in
1347 3943 1531 3998 sacris
1561 3943 1776 3997 litteris
1821 3943 1979 3998 assi-

323 4034 442 4091 dua
472 4033 860 4090 meditatione
903 4051 969 4090 ac
1021 4034 1216 4090 studio
1248 4039 1535 4101 versatus,
1568 4033 1640 4087 ab
1699 4033 1977 4106 episcopo

322 4132 592 4181 Amaseaa
654 4130 964 4197 susceptus
1022 4131 1145 4182 est:
1199 4140 1267 4180 ac
1321 4124 1580 4196 primum
1627 4123 1979 4194 monachus,

322 4214 540 4272 deinde
574 4215 884 4288 presbyter
910 4215 1202 4282 initiatus,
1237 4213 1624 4286 tranquillam
1657 4214 1775 4286 egit
1804 4217 1982 4269 vitam

317 4305 382 4360 in
416 4306 776 4361 monasterio
811 4307 1000 4362 sancti
1021 4305 1236 4360 Meleti.
1262 4305 1478 4371 Quinto
1504 4309 1703 4360 autem
1726 4304 1981 4360 concilio

316 4403 670 4470 congregato
703 4413 738 4452 a
766 4397 1124 4463 Iustiniano,
1158 4413 1294 4452 cum
1347 4395 1662 4467 episc0pus
1713 4398 1980 4450 Amaseze

315 4488 557 4544 inﬁrma
587 4488 924 4544 valetudine
978 4488 1364 4552 detineretur,
1425 4487 1643 4542 missus
1700 4487 1814 4541 fuit
1860 4486 1983 4542 vice

315 4575 478 4631 illius
511 4577 855 4647 Eutychius,
891 4576 991 4647 qui
1025 4576 1086 4630 in
1140 4575 1395 4631 concilio
1456 4575 1536 4629 ita
1586 4573 1886 4641 excelluit,
1920 4579 1986 4628 ut

2007 3273 2057 3338 C

2103 1995 2230 2029 νουν
2265 1971 2324 2031 δὲ
2373 1975 2426 2032 οὶ
2485 1973 2763 2044 Ἰουδαῖοι,
2820 1976 2909 2032 καὶ
2969 1973 3306 2054 διεπρίοντο,
3360 1979 3450 2034 καὶ
3509 1977 3757 2052 εὑρόντες

2103 2063 2373 2142 πρόφασιν
2410 2107 2426 2133 ,
2483 2063 2773 2145 ἐφόνευσαν
2867 2065 3031 2129 αὖτάς
3113 2067 3304 2143 τρόπῳ
3371 2067 3629 2142 τοιούτῳ.
3689 2070 3755 2126 Ἡ

2099 2157 2198 2209 τοῦ
2259 2151 2530 2230 βασιλέως
2586 2159 2696 2211 τῶν
2753 2160 2968 2231 Περσῶν
3043 2150 3334 2232 Σαϐωρίου
3390 2167 3525 2234 γυνή
3568 2178 3753 2231 περιε-

2102 2249 2313 2298 ποιεῖτο
2342 2244 2475 2309 τοὺς
2505 2242 2830 2307 Ἰουδαίους.
2890 2244 3042 2302 Ἐπεὶ
3101 2242 3160 2300 δὲ
3217 2246 3354 2302 κατὰ
3409 2247 3501 2302 τὸν
3560 2247 3748 2323 καιρὸν

2102 2331 2308 2389 ἐκεῖνον
2345 2331 2630 2405 ἠσθένησε,
2662 2333 2977 2408 προσῆλθον
3012 2333 3168 2407 αὐτῇ,
3225 2333 3316 2392 καὶ
3367 2330 3623 2392 διέϐαλον
3653 2339 3750 2400 τάς

2940 2425 3064 2481 ’Ότι

2101 2512 2246 2584 παρά
2283 2516 2381 2568 τοῦ
2447 2509 2644 2585 ἀνδρός
2703 2533 2799 2567 σου
2854 2514 2946 2568 τὸν
3011 2511 3304 2568 ἐπίσκοπον
3355 2518 3646 2587 Συμεῶνα,
3693 2513 3749 2568 αἱ

2098 2598 2332 2674 ἀδελφαὶ
2361 2601 2530 2656 αὐτοῦ
2559 2601 2977 2678 κατειργάσαντό
3021 2623 3078 2658 σε
3139 2599 3228 2658 διά
3287 2603 3538 2679 μαγείας,
3597 2604 3748 2666 ὅπως

2098 2689 2396 2766 ἀποθάνῃς.
2430 2690 2609 2746 Ἀλλά
2662 2691 2708 2745 εἶ
2769 2690 2957 2768 βούλει
3009 2692 3245 2768 ὗγιᾶναι,
3304 2694 3628 2768 πρόσταξον,
3657 2695 3747 2749 καὶ

2097 2782 2481 2854 σχισθήτωσαν
2537 2779 2725 2854 μέσον,
2783 2780 2872 2835 καὶ
2931 2783 3396 2856 κρεμασθήτωσαν
3428 2783 3494 2837 τά
3524 2780 3745 2858 διχοτο·

2098 2871 2325 2942 μήματα
2355 2869 2555 2938 αὐτῶν,
2585 2871 2675 2926 καὶ
2725 2867 2903 2926 δίελθε
2962 2871 3148 2944 μέσον,
3204 2871 3294 2926 καὶ
3355 2872 3603 2948 ὖγιανεῖς.
3640 2873 3738 2928 Καὶ

2092 2957 2289 3012 τούτου
2318 2961 2638 3034 γενομένου,
2671 2959 2728 3016 αἱ
2772 2959 2865 3032 μὲν
2929 2959 3078 3035 ἅγιαι
3130 2955 3405 3015 ἀπέλαϐον
3455 2961 3553 3028 τήν
3590 2959 3739 3036 βασι-

2095 3045 2246 3103 λείαν
2303 3053 2408 3102 τῶν
2472 3049 2737 3123 οὐρανῶν·
2785 3052 2819 3118 ἡ
2876 3046 2933 3104 δὲ
2997 3049 3291 3124 βασίλισσα
3347 3049 3482 3126 πρὸς
3538 3049 3602 3104 τὸ
3666 3050 3742 3122 μὴ

2098 3139 2332 3214 ὑγιᾶναι,
2364 3135 2784 3215 ἐκληρονόμησε
2808 3138 2898 3194 καὶ
2927 3139 3028 3209 τήν
3055 3141 3293 3217 γέενναν.

2102 2423 2256 2497 ἁγίας
2290 2467 2304 2493 ,
2365 2422 2606 2486 εἰπόντες
2665 2423 2860 2486 οὕτως’
2940 2425 3064 2481 ’Ότι
3150 2421 3240 2480 διὰ
3296 2426 3359 2480 τὸ
3418 2429 3748 2504 φονευθῆναι

2655 3318 2835 3376 ΜΗΝΙ
2885 3320 2976 3376 ΤΩ
3017 3323 3189 3374 ΔΥΤΩ

2095 3497 2304 3569 Μνήμη
2357 3499 2489 3575 ,τοῦ
2569 3495 2627 3552 ἰν
2664 3495 2884 3575 ¹ἀγίοις
2977 3497 3190 3573 ῙῙατρὸς
3248 3499 3410 3575 ἡμζῦν
3466 3499 3747 3575 Εὐτυχίου

2347 3568 2788 3644 ἀρχιεπισκόπου
2849 3568 3494 3630 Κωνσταντινουπὸλεως.

2162 3673 2579 3751 Εὐτύχιοςὸἐν
2637 3675 2811 3752 ἁγίοις
2869 3677 3049 3752 πατὴρ
3109 3677 3294 3749 ἡμῶν,
3356 3676 3604 3752 ὑπῆρχεν
3658 3675 3744 3732 ἐπὶ

2089 3771 2190 3833 τῆς
2242 3763 2518 3841 βασιλείας
2580 3765 2963 3821 Ἰουστινιανοῦ
3021 3769 3116 3819 τοῦ
3169 3765 3435 3841 μεγάλου·
3493 3766 3560 3834 ἦν
3594 3763 3652 3821 δὲ
3687 3765 3746 3820 ἐκ

2091 3861 2190 3923 τῆς
2249 3856 2437 3930 χώρας
2525 3855 2770 3930 Φρυγίας
2805 3897 2818 3911 .
2880 3853 3082 3917 Καλῶς
3171 3853 3228 3909 δὲ
3275 3855 3597 3928 ἀνατραφεὶς
3640 3855 3744 3910 ὑπὸ

2091 3945 2358 4020 Ἡσυχίου
2388 3943 2485 3999 τοῦ
2525 3939 2892 4019 πρεσϐυτέρου
2950 3944 3038 4000 καὶ
3097 3941 3538 4017 θαυματουργοῦ,
3597 3943 3739 3998 πάπ-

2092 4055 2198 4089 που
2229 4032 2392 4089 αὐτοῦ
2443 4029 2618 4102 ὄντος,
2676 4032 2766 4088 καὶ
2823 4033 2889 4089 τά
2942 4032 3061 4108 ἱερά
3114 4033 3412 4110 γράμματα
3441 4032 3519 4097 εἷς
3577 4029 3738 4108 ἀκρον

2095 4122 2512 4196 ἐκμελετήσας,
2596 4121 2958 4201 προσελήφθη
3043 4122 3190 4200 παρά
3259 4125 3356 4178 τοῦ
3436 4120 3741 4178 ἐπισκόπου

2094 4211 2392 4287 ’Δμασείας
2428 4255 2440 4268 .
2525 4211 2630 4268 Καὶ
2689 4213 2929 4289 γεγονὼς
3005 4212 3250 4287 μοναχὸς
3337 4213 3453 4267 εἶτα
3505 4206 3743 4284 πρεσϐύ-

2091 4323 2273 4377 τερος,
2305 4300 2578 4378 ἡσύχαζεν
2637 4299 2689 4355 ἐν
2748 4305 2815 4375 τῇ
2879 4304 3020 4375 μονῇ
3076 4305 3176 4357 τοῦ
3233 4300 3388 4378 ἁγίου
3448 4299 3742 4359 Μελετίου.

2093 4396 2209 4462 Τῆς
2244 4389 2300 4446 δέ
2322 4393 2577 4464 πέμπτης
2613 4387 2854 4445 Συνόδου
2885 4391 3030 4468 παρᾶ
3073 4387 3456 4448 Ἰουστινιανοῦ
3513 4410 3742 4465 συγκρο-

2092 4481 2348 4552 ττ,οείσης
2381 4526 2395 4552 ,
2481 4485 2578 4536 τοῦ
2635 4479 2931 4553 Ἀμασείας
3017 4479 3318 4536 ἐπισκόπου
3373 4481 3739 4548 ἀσθενοῦντος,

2096 4569 2373 4641 ἀπεστάλη
2408 4571 2520 4626 ἀντ’
2546 4569 2774 4639 ἐκείνου,
2806 4569 2896 4624 καὶ
2942 4566 3227 4644 διέπρεψεν
3285 4569 3338 4625 ἐν
3393 4573 3462 4643 τῇ
3510 4565 3741 4640 συνόδῳ.

314 4664 655 4736 patriarcha
677 4665 874 4720 Menas
897 4664 1114 4720 dixerit
1139 4683 1151 4719 :
1182 4664 1283 4719 Hic
1311 4664 1426 4721 erit
1448 4680 1616 4720 meus
1648 4679 1977 4732 successor,

2104 4662 2165 4722 bc
2217 4660 2303 4718 καὶ
2369 4659 2459 4714 τὸν
2521 4659 2869 4733 πατριάρχην
2934 4660 3124 4729 Μηνᾶν
3176 4657 3370 4725 εἰπεῖν,
3429 4657 3516 4714 ὅτι
3573 4656 3746 4720 Οὗτός

318 4753 511 4820 Atque
543 4751 625 4805 ita
649 4752 842 4822 reipsa
866 4759 1000 4822 post
1029 4758 1281 4806 mortem
1315 4751 1479 4806 illius
1506 4752 1729 4807 electus
1759 4757 1849 4808 est
1877 4768 1981 4824 pa-

317 4838 598 4896 triarcha.
634 4840 781 4896 Cum
811 4857 945 4896 Vero
979 4841 1039 4896 in
1082 4841 1286 4898 odium
1329 4841 1706 4913 imperatoris
1738 4842 1982 4898 incidis-

320 4935 430 4995 set,
467 4927 528 4984 in
561 4928 836 4986 exsilium
868 4930 1076 5001 pulsus
1107 4932 1204 4989 45
1268 4930 1398 4988 fuit.
1434 4935 1507 4986 At
1539 4937 1672 5003 post
1727 4938 1982 4988 mortem

315 5020 638 5077 Iustiniani
672 5037 840 5076 suam
897 5022 1123 5094 recepit
1171 5022 1373 5080 sedem
1406 5039 1440 5078 a
1464 5023 1696 5079 Iustino
1727 5030 1784 5078 et
1811 5023 1980 5079 Tibe-

311 5110 424 5167 rio.
457 5115 604 5167 Cum
637 5110 982 5182 autemjam
1009 5111 1194 5166 multa
1215 5117 1510 5182 patrasset
1535 5111 1843 5177 miracula,
1869 5113 1980 5167 im-

313 5206 644 5272 petumque
677 5199 918 5260 lethalis
949 5216 1016 5256 ac
1055 5217 1283 5272 magna:
1316 5201 1673 5273 pestilentiae
1704 5201 1982 5271 precibus

313 5289 706 5356 cohibuisset,
753 5307 989 5348 necnon
1021 5289 1237 5345 Tiberii
1286 5299 1540 5346 mortem
1587 5290 1978 5362 praedixisset,

314 5381 472 5437 sicut
500 5381 679 5437 etiam
721 5387 898 5438 antea
928 5381 1056 5450 ejus
1115 5380 1433 5451 imperium
1495 5381 1871 5452 praedixerat,
1908 5399 1980 5438 ex

315 5469 427 5526 hac
459 5471 574 5527 vita
603 5471 881 5540 decessit,
914 5470 976 5526 in
1009 5469 1263 5528 ecclesia
1300 5476 1645 5528 sanctorum
1676 5471 1976 5545 apostolo.

316 5574 454 5614 rum
487 5561 777 5632 sepultus.

317 5645 380 5699 Et
403 5656 678 5707 certamen
707 5657 1028 5708 sanctorum
1054 5655 1273 5706 centum
1303 5655 1355 5706 ct
1381 5647 1802 5722 quinquaginta
1832 5668 1974 5710 mar-

633 5729 820 5794 tyrum
859 5726 919 5779 in
971 5722 1190 5778 Perside
1237 5729 1645 5778 coronatorum.

391 5800 634 5872 Saporel
665 5811 886 5880 impius
939 5813 1255 5867 Persarum
1313 5827 1416 5867 rex
1474 5812 1537 5868 in
1568 5813 1975 5870 Romanorum

2094 4749 2234 4805 ἐστιν
2290 4749 2318 4802 6
2373 4745 2638 4810 διαδοχάς
2696 4768 2826 4820 μου.
2882 4749 2971 4820 Ἐξ
3030 4747 3093 4802 οὗ
3151 4749 3240 4802 καὶ
3299 4747 3434 4820 μετά
3485 4745 3744 4815 τελευτὴν

2093 4839 2299 4895 ἔκείτου
2343 4837 2548 4913 γίνεται
2631 4837 3004 4912 πατριάρχης,
3071 4836 3162 4892 καὶ
3222 4835 3605 4911 προσκρούσας
3653 4838 3744 4890 τὸν

2097 4927 2344 5005 βασιλέα,
2378 4926 2691 5003 ἐξορίζεται.
2754 4928 2905 4984 Μετά
2962 4925 3188 4991 θάνατον
3249 4923 3742 4995 δὶῚουστενιανοῦ,

2092 5013 2362 5074 ἀπέλαϐεν
2417 5017 2508 5072 τὸν
2567 5015 2758 5082 θρόνον
2829 5017 2998 5072 αὐτοῦ
3056 5017 3204 5092 παρά
3260 5015 3595 5086 ἰουστίνου,
3653 5015 3744 5070 καὶ

2090 5103 2370 5183 Τιϐερίου·
2429 5105 2520 5162 καὶ
2578 5103 2767 5161 πολλά
2821 5105 3074 5180 θαύματα
3122 5107 3383 5177 ποιήσας,
3439 5104 3531 5160 καὶ
3584 5105 3744 5180 μεγά·

2093 5196 2195 5253 λου
2227 5198 2514 5262 θανατικοῦ
2573 5192 2644 5250 δι’
2696 5193 2862 5264 εὐχῆς
2916 5195 3236 5257 ἀναστείλας
3292 5196 3497 5270 ὁρμὴν,
3529 5194 3618 5249 καὶ
3647 5196 3743 5251 Τι-

2092 5285 2282 5364 ϐερίου
2343 5287 2510 5344 εἰπὼν
2564 5286 2656 5341 τὸν
2716 5288 2987 5357 θάνατον,
3043 5287 3119 5349 ὡς
3181 5287 3271 5341 καὶ
3330 5287 3596 5361 πρότερον
3642 5287 3743 5357 τήν

2095 5377 2417 5453 βασιλείαν,
2471 5375 2770 5451 ἐκοιμήθη,
2829 5375 3017 5456 ταφεὶς
3075 5376 3128 5433 ἐν
3187 5381 3306 5438 τοῖς
3369 5375 3542 5453 ἁγίοις
3598 5375 3746 5434 ἀπο-

2091 5468 2330 5532 στόλοις.

2089 5649 2189 5708 Καὶ
2245 5646 2476 5718 ἄθλησις
2557 5649 2666 5701 τῶν
2730 5645 2929 5722 -ργίιυν
3017 5645 3098 5722 ρν⁹
3177 5645 3467 5722 μαρτύρων
3521 5648 3629 5700 τῶν
3689 5643 3742 5701 ἂν

2577 5714 3249 5796 Περσίδίτελειιιὶθέντών.

2160 5803 2443 5883 Σαϐώριος
2476 5809 2504 5864 6
2532 5801 2797 5876 δυσσεϐὴς
2848 5805 3104 5883 βασιλεὺς
3157 5809 3401 5882 Περσῶν,
3460 5804 3598 5862 κατὰ
3642 5809 3746 5874 τῆς
