4108 6432
1793 398 2130 467 APRILIS.

3589 406 3712 468 390

269 537 628 613 ἐπικρατείας
685 542 798 594 τῶν
859 537 1153 612 Ῥωμαίων
1207 537 1579 616 κουρσεόσας,
1638 534 1726 591 ἐπὶ
1786 541 1936 592 Κων-

2071 531 2342 593 titionem
2373 533 2641 603 tempore
2663 530 2993 590 Constantii
3026 531 3427 592 Romanorum
3452 537 3714 611 impera-

276 628 532 685 σταντίου
623 628 898 704 βασιλεως
976 629 1269 702 Ῥωμαίων
1344 632 1479 703 (τοῦ
1563 631 1698 682 Θεοῦ
1784 629 1946 682 τοῦτο

278 720 792 795 συγγωρήσαντος,
853 717 942 774 διὰ
1004 720 1128 788 τήν,
1188 718 1313 775 τότε
1368 722 1678 788 κινηθεῖσαν
1736 716 1944 789 αἳρεσιν

275 814 382 866 τοῦ
415 807 820 886 ματαιὸφρονος
852 809 1093 884 Ἀρείου,
1137 812 1236 864 τοῦ
1267 807 1356 864 καὶ
1396 807 1557 863 αὑτὸν
1583 807 1676 862 τὸν
1721 802 1948 880 βασιλέα

279 898 572 960 πείσαντος
629 898 698 953 τὰ
783 897 955 971 ὅμοια
1010 903 1230 977 φρονεῖν
1263 941 1281 965 ,
1343 896 1446 957 ὑπὸ
1529 889 1798 954 Εὐσεῦίου
1844 894 1943 947 τοῦ

279 989 655 1062 πραιποσίτου
709 989 994 1062 ’Δρειανοῦ
1069 983 1277 1056 ὄντος)
1327 985 1519 1042 πολλὰ
1575 985 1800 1059 κάστρα,
1857 980 1948 1037 καὶ

283 1079 479 1155 χώρας
525 1076 815 1155 ἀφανίσας,
866 1076 1086 1146 πολλὴν
1121 1069 1415 1132 ἀνελάϐετο
1455 1072 1846 1150 αἰχμαλωσίαν
1888 1071 1950 1127 ἐκ

285 1172 396 1224 τῶν
428 1169 802 1239 Χριστιανῶν·
848 1167 923 1221 ῶν
982 1166 1035 1221 οἱ
1093 1166 1189 1239 μὶν
1242 1165 1577 1243 ἐσφάγησαν,
1611 1163 1664 1218 ol
1725 1159 1783 1217 δὲ
1813 1162 1952 1216 κατά

283 1259 384 1326 τήν
448 1253 576 1312 ὁδὸν
639 1255 1014 1326 ἐτελεύτησαν.
1075 1254 1298 1310 Ἑκατὸν
1355 1252 1415 1310 δὲ
1467 1252 1558 1309 καὶ
1607 1253 1953 1322 πεντήκοντα

287 1346 453 1419 μόνοι
513 1341 951 1422 περιλειφθέντες
986 1387 1000 1414 ,
1086 1345 1418 1419 ἀπήχθησαν
1504 1341 1581 1404 είς
1667 1337 1946 1417 Περσίδα,

283 1433 572 1509 δεδεμένοι
601 1439 725 1496 ταῖς
771 1433 1016 1503 ἁλύσεσι,
1063 1432 1156 1489 καὶ
1215 1429 1592 1508 παρεδόθησαν
1646 1435 1715 1497 τῆ
1773 1429 1950 1507 φυλα-

283 1529 384 1599 κῇ,
410 1525 504 1580 καὶ
536 1522 1016 1594 ἐταλαιπωροῦντο
1061 1522 1112 1578 ἐν
1175 1522 1313 1595 αὑτῇ
1366 1521 1456 1578 ἐπὶ
1513 1519 1750 1594 ἡμέραις
1807 1518 1955 1575 πολ-

290 1612 826 1688 λαῖς.Εὖκαιρήσας
867 1610 926 1669 δέ
980 1633 1113 1668 ποτε
1169 1607 1456 1686 Σαϐώριος
1513 1611 1620 1666 ἀπὸ
1674 1613 1783 1666 τῶν
1848 1629 1953 1682 μα-

299 1703 462 1759 ταίων
522 1703 859 1778 πραγμάτων
887 1747 902 1774 ,
950 1703 1041 1758 καὶ
1124 1701 1331 1775 ἀνάψας
1416 1701 1590 1774 πυρὰν
1680 1697 1950 1774 μεγάλην,

304 1792 541 1866 ἐξήγαγε
578 1792 709 1856 τοὺς
769 1794 958 1868 ἂγιους
1014 1798 1115 1861 τῆς
1176 1790 1448 1868 φυλακῆς,
1505 1790 1592 1845 καὶ
1653 1791 1954 1866 ἡναγκασεν

307 1883 631 1956 ἀρνήσασθαι
671 1881 766 1936 τὸν
823 1881 1070 1956 Χριστὸν,
1103 1880 1195 1936 καὶ
1227 1882 1380 1936 θῦσαι
1437 1883 1518 1952 τῷ
1575 1879 1730 1953 πυρί.
1790 1885 1863 1939 Ως
1894 1873 1953 1931 δὶ

304 1972 410 2029 οὐκ
435 1968 659 2039 ἔπεισεν,
687 1965 941 2028 ἐνέϐαλεν
979 1968 1180 2034 αὐτοὺς
1242 1968 1318 2032 είς
1372 1968 1436 2026 τὸ
1491 1972 1620 2045 πῦρ,
1651 1967 1744 2024 καὶ
1777 1963 1950 2029 οὕτως

296 2059 718 2130 ἐτελειώθησαν.

865 2149 1049 2208 ΜΠΝΙ
1076 2154 1162 2205 ΤΩ
1191 2151 1390 2206 ΑΪἼὬ.

1104 2244 1156 2295 Ζ.

287 2334 508 2406 Πνήμη
537 2333 638 2386 τοῦ
667 2327 722 2386 ἐν
753 2327 931 2406 ἁγίοις
982 2328 1192 2406 Harpe;
1224 2329 1386 2406 ημῶν
1419 2325 1698 2404 Γεωργίου
1730 2325 1956 2383 ἐπισκο-

886 2421 994 2457 που
1025 2399 1370 2472 Μιτυλήνης.

366 2521 642 2597 Γεώργιος
672 2517 772 2575 ὁέν
828 2516 1006 2593 ἁγίοις
1058 2518 1148 2574 καὶ
1195 2517 1470 2596 Θεοφόρος
1524 2518 1710 2592 Πατὴρ
1769 2517 1956 2589 ἡμῶν,

291 2613 324 2667 ὁ
381 2609 720 2683 θερμότατος
810 2607 1172 2683 ὁμολογητής
1245 2613 1346 2663 τοῦ
1403 2609 1662 2682 Χριστοῦ,
1712 2608 1777 2676 ἧν
1838 2606 1957 2667 υίὸς

289 2700 556 2775 εὐγενῶν,
613 2699 702 2753 καὶ
770 2695 1076 2767 πλουσίων,
1136 2698 1225 2752 καὶ
1290 2691 1529 2752 εὐσεϐῶν
1588 2694 1810 2772 γονέων·
1880 2692 1954 2748 ὧν

287 2791 386 2846 τὸν
421 2790 516 2863 μὶν
575 2789 817 2843 πλοῦτον
879 2789 1135 2862 μισήσας,
1166 2787 1266 2856 τήν
1324 2783 1382 2841 δὶ
1438 2780 1710 2841 εὐσέϐειαν
1744 2785 1962 2858 ἀγαπή-

289 2900 413 2950 σας,
446 2877 540 2934 καὶ
589 2875 855 2952 εὐγενείας
914 2876 1004 2932 καὶ
1059 2873 1222 2948 δόξης
1279 2877 1698 2950 καταφρονήσας
1747 2870 1837 2928 διὰ
1865 2875 1956 2928 τὸν

287 2969 434 3045 πρὸς
468 2969 706 3038 Χριστὸν
758 2967 949 3034 πόθον,
998 2965 1254 3031 ἀπελθὼν
1289 2965 1342 3021 ἐν
1411 2962 1792 3041 μοναστηρίῳ,
1849 2961 1959 3040 ἐγί-

293 3078 421 3114 νετο
449 3056 712 3132 μοναχὸς,
745 3053 799 3111 ἐν
827 3055 873 3129 ᾧ
901 3057 994 3111 καὶ
1025 3052 1201 3118 ἄλλας
1257 3075 1355 3129 μεν
1383 3053 1600 3116 πολλὰς
1655 3054 1958 3128 κατώρθω-

299 3168 387 3204 σεν
443 3146 676 3223 ἀρετὰς,
737 3143 1022 3220 ἐξαιρέτως
1074 3140 1132 3200 δὲ
1181 3145 1284 3215 τὴν
1345 3142 1749 3217 ἐλεημοσύνην·
1815 3141 1958 3214 ὅλην

291 3238 396 3316 γὰρ
439 3237 544 3305 τήν
590 3235 829 3310 ἡμέραν,
895 3233 1034 3290 κατᾶ
1087 3232 1179 3289 τὸν
1241 3227 1430 3304 Δαϐὶδ,
1493 3233 1659 3289 ἐλεῶν
1713 3233 1800 3288 καὶ
1865 3229 1957 3287 δα-

289 3328 485 3396 νείζων
518 3323 624 3380 οὐκ
667 3321 918 3380 ἐπαύετο,
979 3322 1078 3379 Διὰ
1131 3326 1293 3378 τοῦτο
1333 3321 1452 3392 οῦν,
1485 3321 1831 3396 παρακλήσει
1859 3321 1958 3376 τοῦ

291 3417 537 3488 κλήρου,
575 3415 677 3484 τῆς
734 3411 788 3469 ἐν
851 3409 1144 3488 Μιτυλήνῃ
1205 3411 1501 3483 ἐκκλησίας
1560 3415 1957 3488 χειροτονεῖται

297 3503 620 3564 ἐπίσκοπος.
651 3509 752 3572 τῆς
784 3499 907 3573 ἴσης
939 3499 1322 3574 ἐλεημοσύνης
1355 3502 1645 3577 ἐχόμενος·
1699 3500 1814 3557 ἐπεὶ
1869 3500 1960 3555 καὶ

306 3593 347 3661 ἡ
373 3596 484 3645 τῶν
516 3591 909 3667 Εἰκονομαχων
941 3590 1145 3665 αἵρεσις
1178 3589 1436 3668 ἀνεφάνη,
1494 3589 1705 3660 ἐκείνης
1739 3593 1834 3664 μὶν
1867 3611 1962 3645 κα-

311 3680 478 3748 τέστη
515 3679 826 3756 ἀντίμαχος,
856 3687 958 3750 τῆς
989 3676 1046 3734 δὲ
1095 3677 1409 3752 ὁρθοδοξίας
1470 3679 1815 3756 ὖπὲρμαχος.
1850 3678 1958 3736 Αὐ-

312 3769 412 3832 τὸς
468 3765 527 3822 δέ
579 3767 668 3830 τᾶς
744 3769 943 3832 σεπτέις
1004 3767 1215 3832 εῗκόνας
1259 3773 1437 3842 τιμῶν
1492 3770 1580 3824 καὶ
1641 3773 1959 3843 προσκυνῶν

308 3859 400 3913 καί
430 3858 559 3920 τοὺς
586 3856 786 3920 ἄλλους
832 3857 1127 3928 διδάσκων,
1160 3856 1349 3914 πολλᾶ
1379 3857 1436 3912 δὲ
1493 3857 1745 3932 θαύματα
1803 3858 1963 3934 ἐργα-

296 3949 553 4021 ζόμενος,
613 3947 862 4024 προέγνω
921 3948 985 4003 ει⁰
1040 3946 1442 4022 ἀποκαλύψεως
1472 3947 1563 4002 καὶ
1617 3949 1716 4016 τὴν
1764 3949 1958 4004 ἑαυτοῦ

287 4037 556 4106 τελευτὴν
594 4082 609 4108 ,
667 4038 892 4114 ἆστὲρος
947 4035 1096 4093 θείου
1150 4036 1353 4107 ταύτην
1432 4034 1806 4110 δηλώσαντος·
1866 4037 1958 4093 καὶ

293 4129 442 4184 οὕτω
474 4129 614 4202 πρὸς
648 4126 849 4201 Κύριον
882 4124 1240 4200 ἐξεδήμησεν.
1457 4135 1462 4142 “

2053 626 2200 681 toris
2231 623 2637 680 incursionem
2671 624 2893 681 faciens
2923 626 3064 696 (Deo
3097 627 3182 682 sic
3213 629 3617 700 permittente.
3644 630 3718 687 ob

2055 715 2368 771 excitatam
2401 713 2677 770 haeresim
2703 713 3042 786 insipientis
3075 717 3218 781 Arii.
3244 719 3346 789 qui
3371 724 3431 774 et
3459 721 3574 792 ipsi
3603 721 3715 776 im-

2053 805 2312 877 peratori
2332 820 2437 876 per
2449 803 2768 860 Eusebium
2786 805 3172 878 praapositum
3190 809 3476 865 Arianum
3501 809 3712 867 eadem

2056 911 2259 952 secum
2290 896 2514 952 sentire
2547 897 2961 966 persuaserat).
3014 896 3321 968 multaque
3361 898 3712 956 subvertens

2055 990 2250 1041 castra
2266 990 2326 1040 et
2353 983 2647 1057 regiones.
2671 982 2874 1054 plures
2901 999 2930 1037 e
2952 984 3304 1041 Christianis
3328 987 3588 1059 captivos
3605 987 3711 1043 ab-

2057 1071 2724 1144 duxitzquorumaliqui
2742 1073 3000 1144 jugulati
3024 1072 3264 1130 fuerunt
3284 1076 3385 1131 alii
3416 1077 3479 1131 in
3501 1077 3717 1133 itinere

2057 1163 2397 1236 perierunt.
2443 1163 2696 1220 Centum
2734 1178 2869 1219 vero
2907 1167 2965 1218 et
3003 1163 3442 1238 quinquaginta
3483 1166 3708 1222 solum—

2057 1252 2236 1309 modo
2263 1253 2634 1325 superstites,
2667 1252 2728 1307 in
2764 1251 3065 1307 Persidem
3107 1252 3350 1309 fuerunt
3396 1254 3719 1327 deportati,

2057 1343 2287 1400 catenis
2317 1342 2647 1410 constricti,
2681 1349 2738 1397 et
2767 1343 2830 1397 in
2861 1359 3162 1398 carcerem
3203 1345 3480 1416 conjecti,
3514 1345 3717 1417 ibique

2059 1427 2641 1504 assiduisi‘mrumnis
2672 1449 2778 1505 per
2832 1432 3125 1506 plurimos
3157 1434 3284 1490 dies
3315 1434 3543 1490 atflicti.
3575 1436 3721 1491 Cum

2059 1531 2258 1581 autem
2292 1523 2614 1595 aliquando
2648 1523 2898 1595 Sapores
2925 1541 2960 1579 a
2989 1524 3154 1579 vanis
3179 1526 3432 1596 negotiis
3465 1529 3718 1593 vacaret,

2059 1615 2284 1688 ingenti
2345 1614 2641 1687 lignorum
2700 1621 2860 1669 strue
2910 1631 3182 1679 accensa,
3232 1622 3470 1672 sanctos
3501 1615 3656 1672 viros
3687 1633 3720 1672 e

2060 1718 2296 1760 carcere
2328 1701 2572 1757 eductos
2581 1701 2768 1774 jussit
2785 1701 3083 1758 Christum
3106 1703 3423 1777 abnegare,
3447 1710 3507 1760 et
3531 1705 3720 1777 ignem

2061 1791 2330 1848 adorare.
2377 1789 2544 1856 Quod
2568 1807 2704 1846 cum
2762 1790 2957 1846 facere
3012 1799 3413 1861 recusassent,
3463 1793 3625 1865 ipsos
3656 1794 3719 1848 in

1982 1908 2029 1975 Β
2062 1882 2260 1955 ignem
2314 1880 2526 1953 projici
2595 1881 2940 1936 mandavit:
3001 1887 3178 1955 atque
3236 1881 3319 1938 ita
3369 1882 3723 1955 martyrium

2060 1974 2574 2028 consummarunt.

2631 2149 2872 2205 EODEM
2915 2148 3145 2204 MENSE

2698 2239 2802 2294 Die
2834 2239 3088 2311 septima

2062 2329 2334 2388 Memoria
2359 2332 2539 2386 sancti
2590 2331 2772 2386 Patris
2826 2331 3013 2402 nostri
3068 2330 3292 2400 Georgii
3347 2331 3593 2402 episcopi
3622 2331 3725 2386 Mi-

2784 2401 3005 2472 tylenae.

2137 2522 2387 2577 Sanctus
2409 2521 2612 2576 Paster
2632 2526 2836 2582 noster
2853 2520 3156 2593 Georgius,
3177 2519 3376 2575 divino
3390 2520 3635 2575 numine
3659 2535 3727 2576 ac

2068 2611 2282 2682 spiritu
2306 2610 2562 2674 afﬂatus,
2599 2615 2658 2665 et
2712 2610 3074 2666 fortissimus
3130 2610 3346 2666 Christi
3392 2610 3719 2678 confessor,

2069 2700 2230 2755 filius
2260 2701 2372 2755 fuit
2400 2699 2714 2760 nobilium.
2739 2700 2984 2756 divitum
3007 2717 3075 2755 ac
3102 2701 3334 2772 piorum
3368 2706 3683 2773 parentum
3712 2714 3726 2752 :

2069 2806 2323 2861 quorum
2380 2788 2613 2846 divitias
2671 2789 2914 2860 quidem
2973 2788 3107 2844 odio
3168 2789 3414 2845 habens.
3444 2790 3724 2862 pietatem

2067 2894 2204 2933 vero
2234 2879 2627 2951 amplectens.
2677 2885 2855 2950 atque
2896 2879 2968 2933 ob
3019 2879 3236 2934 Christi
3270 2879 3635 2934 desiderium
3667 2883 3728 2933 et

2068 2984 2334 3024 amorem
2367 2967 2738 3024 nobilitatem
2797 2973 2856 3024 et
2909 2967 3161 3041 gloriam
3219 2975 3630 3032 contemnens,
3665 2967 3729 3024 in

2069 3057 2370 3130 quoddam
2397 3058 2822 3114 monasterium
2849 3057 3166 3131 profectus.
3190 3057 3732 3114 monasticaminiit

2070 3149 2172 3204 48
2205 3149 2383 3204 vitam
2411 3165 2423 3203 :
2467 3148 2566 3203 ubi
2600 3155 2658 3203 et
2685 3148 2834 3203 alias
2866 3147 3109 3219 quidem
3142 3147 3347 3220 plures
3378 3147 3624 3203 virtutes
3645 3147 3730 3202 fe-

2071 3237 2266 3294 liciter
2296 3239 2596 3306 exercuit;
2631 3238 2735 3294 sed
2763 3238 3061 3310 praecipue
3092 3237 3556 3310 eleemosynam.
3589 3237 3732 3293 Tota

2070 3328 2231 3384 enim
2261 3327 2357 3383 die
2379 3329 2552 3399 juxta
2581 3327 2732 3383 illud
2756 3327 3121 3396 Davidicum,
3155 3327 3448 3394 misereri,
3481 3333 3540 3382 et
3563 3343 3727 3382 com-

2073 3417 2314 3473 modare
2355 3434 2476 3473 non
2526 3417 2795 3474 cessavit.
2847 3417 3218 3488 Quapropter
3251 3416 3523 3472 unanimi
3583 3414 3730 3471 cieri

2072 3508 2350 3579 sutl‘ragio
2383 3506 2787 3578 Mitylenensis
2818 3506 3085 3562 ecclesim
3121 3506 3435 3578 episcopus
3457 3505 3728 3560 initiatus

2068 3594 2182 3651 fuit
2212 3595 2483 3651 eamdem
2507 3612 2684 3666 quam
2708 3601 2882 3651 antea
2905 3595 3275 3654 exhibuerat.
3308 3595 3370 3650 in
3401 3594 3730 3666 eleemosy-

2069 3686 2163 3740 nis
2185 3685 2396 3742 dandis
2413 3685 2883 3740 misericordiam
2905 3686 3187 3740 retinens.
3211 3687 3354 3738 Cum
3371 3701 3506 3738 vero
3526 3688 3735 3755 postea

2067 3775 2598 3831 Iconomachorum
2624 3774 2866 3830 haeresis
2884 3780 3086 3829 exorta
3105 3774 3333 3840 fuisset,
3353 3775 3484 3842 ejus
3497 3772 3736 3844 quidem

2069 3865 2197 3937 ipse
2231 3864 2654 3920 infestissimus
2685 3863 2874 3918 hostis
2899 3863 3043 3931 fuit;
3095 3863 3437 3918 orthodoxaa
3469 3879 3602 3918 vero
3636 3878 3731 3916 re-

2068 3954 2308 4028 ligionis
2343 3961 2745 4028 propugnator
2777 3955 3122 4010 acerrimus.
3159 3954 3290 4026 Ipse
3339 3953 3500 4008 enim
3531 3968 3730 4010 sacras

2068 4044 2359 4118 imagines
2405 4045 2606 4101 colens
2657 4051 2715 4100 et
2739 4044 3016 4110 adorans,
3051 4060 3255 4099 earum
3291 4044 3517 4099 cultum
3549 4043 3728 4099 etiam

2067 4133 2215 4190 alios
2247 4134 2502 4190 edocuit.
2533 4135 2678 4189 Cum
2710 4141 2910 4189 autem
2932 4133 3269 4204 multajam
3292 4138 3588 4205 patrasset
3619 4131 3729 4186 mi-

300 4219 528 4281 racula.
562 4235 685 4274 sua;
716 4217 929 4274 futuras
963 4219 1174 4274 mortis
1205 4235 1275 4274 ex
1305 4217 1687 4288 revelatione,
1716 4223 1776 4274 et
1804 4218 2003 4276 divino
2059 4221 2254 4279 sidere
2309 4223 2478 4280 illam
2526 4229 3046 4295 praemonstrante,
3103 4222 3321 4277 certior
3349 4221 3540 4278 factus
3592 4218 3727 4275 fuit.

304 4313 496 4382 Atque
529 4310 616 4364 ita
647 4308 723 4364 ad
753 4307 1075 4366 Dominum
1119 4308 1412 4383 migravit.

442 4448 548 4510 Καὶ
582 4446 814 4517 ἄθλησις
843 4451 942 4506 τοῦ
966 4448 1128 4525 ἁγίου
1163 4446 1434 4524 μάρτυρος
1466 4446 1833 4508 Καλλιοπίου.

374 4593 721 4657 Καλλιόπιος
755 4595 782 4649 ὁ
818 4593 1027 4668 μάρτυρ
1067 4595 1165 4648 τοῦ
1221 4596 1478 4670 Χριστοῦ,
1541 4592 1630 4650 ἐπὶ
1687 4600 1788 4664 τῆς
1823 4594 1971 4670 βασι-

303 4684 460 4750 λείας
514 4685 735 4760 ὖπῆρχε
782 4688 880 4739 τοῦ
943 4681 1310 4756 Μαξιμιανοῦ,
1372 4682 1432 4738 ἐκ
1463 4689 1560 4752 τῆς
1623 4687 1810 4758 χώρας
1872 4685 1966 4757 μὶν

305 4770 644 4851 Παμφυλίας
680 4816 694 4841 ,
750 4772 869 4837 υίὸς
923 4768 980 4826 δὲ
1036 4770 1328 4835 Θεοκλείας
1385 4773 1573 4842 τινὸς,
1634 4777 1972 4847 Χριστιανῆς

304 4863 605 4926 πλουσίας.
638 4863 876 4940 Τραφείς
906 4861 965 4918 δὲ
994 4864 1140 4939 παρὰ
1185 4867 1256 4938 τῇ
1319 4864 1517 4938 μητέρι
1571 4860 1827 4934 εὐσεϐῶς,
1879 4865 1969 4921 καὶ

312 4960 436 5017 ταῖς
495 4953 662 5016 θείαις
738 4951 1108 5026 ἐκμελετήσας
1195 4958 1457 5032 Γραφαῖς,
1546 4951 1795 5030 διωγμοῦ
1852 4953 1970 5010 ἐπι-

308 5045 590 5118 κειμένου,
619 5041 866 5112 ἀπῆλθεν
925 5042 1002 5104 είς
1062 5041 1558 5116 Πομπηϊούπολιν,
1615 5044 1703 5099 καὶ
1762 5044 1972 5108 σταθεὶς

314 5131 627 5208 ἔμπροσθεν
687 5136 785 5188 τοῦ
841 5129 1113 5207 ἡγεμόνος
1171 5131 1424 5205 Μαξίμου
1485 5130 1825 5208 ὡμολόγησέ
1876 5135 1970 5190 τὰν

309 5224 570 5299 Χριστόν.
603 5221 779 5277 Δεθεέε
813 5221 1026 5284 οὖντὰς
1085 5226 1276 5298 χεῖρας
1347 5221 1548 5290 ὀπίσω,
1605 5223 1696 5277 καὶ
1752 5225 1972 5302 τυφθεὶς

309 5310 575 5394 ἀφειδῶς,
608 5308 823 5384 ἐϐλήθη
873 5310 926 5366 ἐν
956 5313 1026 5384 τῇ
1085 5310 1324 5389 φυλακῇ·
1381 5311 1704 5380 συνεισῆλθε
1733 5309 1786 5367 δί
1814 5314 1903 5368 καί
1935 5316 1971 5385 ἡ

311 5408 506 5480 μήτηρ
569 5402 771 5470 αὐτοῦ,
833 5403 923 5455 καὶ
985 5401 1353 5477 ἀπεσπόγγιζε
1398 5402 1466 5456 τὰ
1521 5400 1728 5472 αἳματα
1786 5402 1970 5460 αὐτοῦ.

307 5499 492 5552 Δοῦσα
531 5496 638 5568 γὰρ
671 5511 845 5548 παντα
881 5491 973 5545 τὸν
1008 5489 1246 5546 πλοῦτον
1284 5490 1456 5560 αὐτῆς
1508 5495 1626 5553 τοῖς
1696 5499 1972 5566 πτωχοῖς,

307 5583 611 5655 ἠκολούθει
644 5585 726 5654 τῷ
757 5581 884 5652 υἱῷ.
945 5575 1252 5650 Εκῦληθεές
1284 5576 1342 5635 δὲ
1396 5581 1496 5649 τῆς
1553 5579 1828 5657 φυλακῆς,
1876 5604 1977 5640 κα-

299 5673 598 5746 τεδικασθη
661 5673 1096 5746 σταυρωθῆναι,
1159 5671 1258 5727 οὐκ
1315 5669 1370 5727 ἐν
1449 5674 1532 5744 τῷ
1585 5671 1744 5736 πάθει
1807 5673 1974 5747 μόνον

307 5773 584 5826 κοινωνῶν
633 5770 718 5839 τῷ
779 5760 1024 5840 Χριστῷ,
1082 5760 1228 5819 ἀλλὰ
1281 5761 1372 5820 καὶ
1429 5760 1481 5818 ἐν
1541 5767 1660 5826 ταῖς
1716 5765 1970 5842 ἡμὲραις·

1998 4425 2047 4492 D

2291 4455 2360 4510 Et
2395 4459 2670 4511 certamen
2711 4456 2891 4509 sancti
2928 4454 3192 4524 martyris
3231 4450 3514 4522 Calliopii.

2148 4602 2474 4676 Calliopius
2529 4601 2748 4659 Christi
2795 4606 3022 4675 martyr
3052 4600 3165 4657 fuit
3194 4600 3526 4672 imperante
3557 4596 3732 4654 Maxi-

2078 4692 2280 4752 miano
2303 4708 2372 4748 ex
2387 4692 2626 4765 regione
2649 4694 2786 4747 Pam
2797 4691 3034 4763 phyliaa.
3051 4689 3209 4747 ﬁlius
3226 4688 3540 4759 cujusdam
3553 4689 3739 4742 Theo-

2079 4782 2208 4838 cliaa
2231 4782 2578 4838 Christiana;
2611 4797 2678 4836 ac
2707 4779 2925 4836 divitis.
2959 4780 3058 4835 Pie
3091 4786 3145 4834 et
3180 4778 3454 4850 religiose
3485 4793 3520 4833 a
3551 4780 3738 4832 matre

2081 4871 2390 4935 educatus,
2408 4871 2469 4926 in
2483 4869 2724 4930 assidua
2740 4868 3073 4926 divinarum
3096 4868 3537 4940 Scripturarum
3563 4863 3742 4923 medi-

2080 4962 2304 5018 tatione
2329 4967 2598 5018 versatus
2631 4964 2738 5015 est.
2776 4959 3041 5014 Excitata
3070 4964 3270 5014 autem
3301 4956 3742 5030 persecutione,

2081 5051 2515 5124 Pompeipolim
2549 5055 2758 5122 sponte
2785 5065 2892 5106 sua
2912 5048 3224 5106 discessit:
3255 5047 3357 5104 ubi
3389 5062 3588 5103 coram
3622 5045 3743 5100 Ma-

2080 5141 2241 5197 ximo
2272 5140 2525 5212 preside
2553 5139 2738 5196 libere
2769 5137 3072 5212 professus
3097 5137 3524 5193 estCliristum.
3557 5131 3741 5190 Mani-

2082 5231 2194 5286 bus
2225 5231 2476 5303 proinde
2502 5235 2635 5302 post
2661 5235 2887 5302 tergum
2921 5228 3222 5287 revinctis.
3259 5225 3583 5280 crudeliter
3613 5237 3744 5275 ver-

2083 5321 2347 5388 beratus,
2379 5320 2442 5375 in
2473 5336 2773 5375 carcerem
2813 5319 3122 5390 conjectus
3181 5317 3313 5383 fuit,
3344 5314 3404 5368 iu
3439 5329 3616 5384 quem
3651 5309 3746 5364 in-

2084 5427 2287 5483 gressa
2315 5409 2494 5464 etiam
2528 5408 2716 5480 ipsius
2754 5414 2963 5470 mater,
3019 5405 3371 5478 sanguinem
3404 5403 3535 5474 ejus
3565 5414 3748 5470 spon-

2083 5500 2178 5572 gia
2207 5498 2611 5571 abstergebst:
2644 5497 2977 5552 distributis
3009 5496 3168 5550 enim
3202 5494 3258 5547 in
3295 5506 3586 5565 pauperes
3619 5503 3747 5542 om-

2085 5589 2263 5644 nibus
2295 5590 2420 5643 suis
2448 5587 2690 5653 divitiis,
2723 5592 2927 5642 secuta
2965 5586 3158 5640 fuerat
3214 5582 3422 5638 filium.
3477 5579 3581 5634 Hic
3609 5591 3747 5632 vero

2086 5695 2118 5735 e
2150 5693 2388 5733 carcere
2412 5676 2682 5744 eductus,
2707 5675 3136 5732 condemnatus
3160 5678 3270 5739 est,
3293 5677 3359 5726 ut
3378 5667 3752 5740 cruciﬁgere-

2086 5773 2224 5826 tur:
2256 5784 2369 5825 nec
2409 5767 2589 5826 modo
2621 5768 2684 5824 in
2714 5765 2992 5839 passione
3021 5770 3083 5820 et
3111 5760 3472 5820 cruciatibus
3503 5775 3751 5818 consors
