  <div class='ocr_page' id='page_1' title='image "/cluster/home/n/w/nwhite01/storage/ocr_20150623/117/coo.31924054870211/205.png"; bbox 0 0 4108 6420; ppageno 0'>
   <div class='ocr_carea' id='block_1_1' title="bbox 373 406 484 469">
    <p class='ocr_par' dir='ltr' id='par_1_1' title="bbox 373 406 484 469">
     <span class='ocr_line' id='line_1_1' title="bbox 373 406 484 469; baseline -0.009 0"><span class='ocrx_word' id='word_1_1' title='bbox 373 406 484 469; x_wconf 72' lang='grc'><strong>391</strong></span> 
     </span>
    </p>
   </div>
   <div class='ocr_carea' id='block_1_2' title="bbox 1691 395 2537 462">
    <p class='ocr_par' dir='ltr' id='par_1_2' title="bbox 1691 395 2537 462">
     <span class='ocr_line' id='line_1_2' title="bbox 1691 395 2537 462; baseline -0.002 -2"><span class='ocrx_word' id='word_1_2' title='bbox 1691 395 2128 460; x_wconf 74' lang='lat' dir='ltr'><strong>MENOIDGII</strong></span> <span class='ocrx_word' id='word_1_3' title='bbox 2173 398 2384 462; x_wconf 75' lang='lat' dir='ltr'><strong>PARS</strong></span> <span class='ocrx_word' id='word_1_4' title='bbox 2429 399 2537 462; x_wconf 82' lang='grc' dir='ltr'><strong>ΠΙ.</strong></span> 
     </span>
    </p>
   </div>
   <div class='ocr_carea' id='block_1_3' title="bbox 3672 399 3794 458">
    <p class='ocr_par' dir='ltr' id='par_1_3' title="bbox 3672 399 3794 458">
     <span class='ocr_line' id='line_1_3' title="bbox 3672 399 3794 458; baseline 0 0"><span class='ocrx_word' id='word_1_5' title='bbox 3672 399 3794 458; x_wconf 73' lang='grc'><strong>392</strong></span> 
     </span>
    </p>
   </div>
   <div class='ocr_carea' id='block_1_4' title="bbox 366 529 2036 609">
    <p class='ocr_par' dir='ltr' id='par_1_4' title="bbox 366 533 2012 609">
     <span class='ocr_line' id='line_1_4' title="bbox 366 533 2012 609; baseline -0.006 -10"><span class='ocrx_word' id='word_1_6' title='bbox 366 544 480 600; x_wconf 86' lang='lat' dir='ltr'><strong>fuit</strong></span> <span class='ocrx_word' id='word_1_7' title='bbox 508 540 744 609; x_wconf 83' lang='lat' dir='ltr'><strong>Christi,</strong></span> <span class='ocrx_word' id='word_1_8' title='bbox 768 536 870 596; x_wconf 90' lang='lat' dir='ltr'><strong>sed</strong></span> <span class='ocrx_word' id='word_1_9' title='bbox 897 537 1075 594; x_wconf 89' lang='lat' dir='ltr'><strong>etiam</strong></span> <span class='ocrx_word' id='word_1_10' title='bbox 1093 535 1155 592; x_wconf 90' lang='lat' dir='ltr'><strong>in</strong></span> <span class='ocrx_word' id='word_1_11' title='bbox 1173 534 1404 605; x_wconf 90' lang='lat' dir='ltr'><strong>diebus,</strong></span> <span class='ocrx_word' id='word_1_12' title='bbox 1433 533 1652 606; x_wconf 85' lang='lat' dir='ltr'><strong>quibus</strong></span> <span class='ocrx_word' id='word_1_13' title='bbox 1671 549 1884 608; x_wconf 84' lang='lat' dir='ltr'><strong>passus</strong></span> <span class='ocrx_word' id='word_1_14' title='bbox 1907 539 2012 590; x_wconf 90' lang='lat' dir='ltr'><strong>est.</strong></span> 
     </span>
    </p>
   </div>
   <div class='ocr_carea' id='block_1_5' title="bbox 2150 529 3783 609">
    <p class='ocr_par' dir='ltr' id='par_1_5' title="bbox 2150 529 3783 608">
     <span class='ocr_line' id='line_1_5' title="bbox 2150 529 3783 608; baseline 0.002 -22"><span class='ocrx_word' id='word_1_15' title='bbox 2150 529 2222 586; x_wconf 76' lang='grc' dir='ltr'><strong>ιαὶ</strong></span> <span class='ocrx_word' id='word_1_16' title='bbox 2281 530 2385 607; x_wconf 70' lang='grc' dir='ltr'><strong>γὰρ</strong></span> <span class='ocrx_word' id='word_1_17' title='bbox 2443 534 2477 603; x_wconf 84' lang='grc' dir='ltr'>ἠ</span> <span class='ocrx_word' id='word_1_18' title='bbox 2541 532 2753 608; x_wconf 77' lang='grc' dir='ltr'>μεγάλη</span> <span class='ocrx_word' id='word_1_19' title='bbox 2836 534 3060 607; x_wconf 72' lang='grc' dir='ltr'>πέμπτη</span> <span class='ocrx_word' id='word_1_20' title='bbox 3146 532 3234 603; x_wconf 83' lang='grc' dir='ltr'>ἦν,</span> <span class='ocrx_word' id='word_1_21' title='bbox 3293 531 3383 588; x_wconf 77' lang='grc' dir='ltr'><strong>ὅτε</strong></span> <span class='ocrx_word' id='word_1_22' title='bbox 3440 530 3783 608; x_wconf 71' lang='grc' dir='ltr'>ἐσταυρώθη.</span> 
     </span>
    </p>
   </div>
   <div class='ocr_carea' id='block_1_6' title="bbox 378 624 2031 704">
    <p class='ocr_par' dir='ltr' id='par_1_6' title="bbox 378 624 2031 704">
     <span class='ocr_line' id='line_1_6' title="bbox 378 624 2031 704; baseline -0.007 -15"><span class='ocrx_word' id='word_1_23' title='bbox 378 633 684 704; x_wconf 83' lang='lat' dir='ltr'><strong>Siquidem</strong></span> <span class='ocrx_word' id='word_1_24' title='bbox 716 631 924 702; x_wconf 87' lang='lat' dir='ltr'><strong>quinta</strong></span> <span class='ocrx_word' id='word_1_25' title='bbox 972 629 1119 683; x_wconf 73' lang='lat' dir='ltr'><strong>feria</strong></span> <span class='ocrx_word' id='word_1_26' title='bbox 1168 626 1412 696; x_wconf 76' lang='lat' dir='ltr'><strong>majoris</strong></span> <span class='ocrx_word' id='word_1_27' title='bbox 1463 624 1849 681; x_wconf 67' lang='lat' dir='ltr'><strong>hebdomadas</strong></span> <span class='ocrx_word' id='word_1_28' title='bbox 1903 629 2031 680; x_wconf 87' lang='lat' dir='ltr'><strong>erat</strong></span> 
     </span>
    </p>
   </div>
   <div class='ocr_carea' id='block_1_7' title="bbox 372 715 2030 792">
    <p class='ocr_par' dir='ltr' id='par_1_7' title="bbox 372 715 2030 792">
     <span class='ocr_line' id='line_1_7' title="bbox 372 715 2030 792; baseline -0.005 -14"><span class='ocrx_word' id='word_1_29' title='bbox 372 723 520 781; x_wconf 86' lang='lat' dir='ltr'><strong>dies.</strong></span> <span class='ocrx_word' id='word_1_30' title='bbox 555 723 615 776; x_wconf 91' lang='lat' dir='ltr'><strong>in</strong></span> <span class='ocrx_word' id='word_1_31' title='bbox 647 737 762 792; x_wconf 90' lang='lat' dir='ltr'><strong>qua</strong></span> <span class='ocrx_word' id='word_1_32' title='bbox 794 719 1111 774; x_wconf 80' lang='lat' dir='ltr'><strong>cruciﬁxus</strong></span> <span class='ocrx_word' id='word_1_33' title='bbox 1131 723 1236 773; x_wconf 90' lang='lat' dir='ltr'><strong>est.</strong></span> <span class='ocrx_word' id='word_1_34' title='bbox 1277 718 1433 771; x_wconf 86' lang='lat' dir='ltr'><strong>Dans</strong></span> <span class='ocrx_word' id='word_1_35' title='bbox 1454 722 1652 771; x_wconf 91' lang='lat' dir='ltr'><strong>autem</strong></span> <span class='ocrx_word' id='word_1_36' title='bbox 1686 721 1877 770; x_wconf 85' lang='lat' dir='ltr'><strong>mater</strong></span> <span class='ocrx_word' id='word_1_37' title='bbox 1899 715 2030 785; x_wconf 88' lang='lat' dir='ltr'><strong>ejus</strong></span> 
     </span>
    </p>
   </div>
   <div class='ocr_carea' id='block_1_8' title="bbox 369 804 2026 880">
    <p class='ocr_par' dir='ltr' id='par_1_8' title="bbox 369 804 2026 880">
     <span class='ocr_line' id='line_1_8' title="bbox 369 804 2026 880; baseline -0.006 -12"><span class='ocrx_word' id='word_1_38' title='bbox 369 811 682 868; x_wconf 76' lang='lat' dir='ltr'><strong>lictoribus</strong></span> <span class='ocrx_word' id='word_1_39' title='bbox 713 810 980 880; x_wconf 89' lang='lat' dir='ltr'><strong>quinque</strong></span> <span class='ocrx_word' id='word_1_40' title='bbox 1014 823 1294 862; x_wconf 90' lang='lat' dir='ltr'><strong>nummos</strong></span> <span class='ocrx_word' id='word_1_41' title='bbox 1323 822 1559 866; x_wconf 88' lang='lat' dir='ltr'><strong>aureos.</strong></span> <span class='ocrx_word' id='word_1_42' title='bbox 1595 805 1819 877; x_wconf 81' lang='lat' dir='ltr'><strong>rogavit</strong></span> <span class='ocrx_word' id='word_1_43' title='bbox 1870 804 2026 870; x_wconf 89' lang='lat' dir='ltr'><strong>illos,</strong></span> 
     </span>
    </p>
   </div>
   <div class='ocr_carea' id='block_1_9' title="bbox 373 894 2031 971">
    <p class='ocr_par' dir='ltr' id='par_1_9' title="bbox 373 894 2031 971">
     <span class='ocr_line' id='line_1_9' title="bbox 373 894 2031 971; baseline -0.006 -14"><span class='ocrx_word' id='word_1_44' title='bbox 373 918 449 957; x_wconf 90' lang='lat' dir='ltr'><strong>ne</strong></span> <span class='ocrx_word' id='word_1_45' title='bbox 500 917 668 971; x_wconf 70' lang='lat' dir='ltr'><strong>aeque</strong></span> <span class='ocrx_word' id='word_1_46' title='bbox 701 916 766 953; x_wconf 91' lang='lat' dir='ltr'><strong>ac</strong></span> <span class='ocrx_word' id='word_1_47' title='bbox 796 897 1065 953; x_wconf 88' lang='lat' dir='ltr'><strong>Christus</strong></span> <span class='ocrx_word' id='word_1_48' title='bbox 1105 896 1422 952; x_wconf 84' lang='lat' dir='ltr'><strong>cruciﬁxus</strong></span> <span class='ocrx_word' id='word_1_49' title='bbox 1452 895 1582 959; x_wconf 85' lang='lat' dir='ltr'><strong>fuit,</strong></span> <span class='ocrx_word' id='word_1_50' title='bbox 1619 894 1808 949; x_wconf 87' lang='lat' dir='ltr'><strong>ﬁlium</strong></span> <span class='ocrx_word' id='word_1_51' title='bbox 1855 909 2031 949; x_wconf 91' lang='lat' dir='ltr'><strong>suum</strong></span> 
     </span>
    </p>
   </div>
   <div class='ocr_carea' id='block_1_10' title="bbox 369 985 2034 1064">
    <p class='ocr_par' dir='ltr' id='par_1_10' title="bbox 369 985 2034 1064">
     <span class='ocr_line' id='line_1_10' title="bbox 369 985 2034 1064; baseline -0.006 -16"><span class='ocrx_word' id='word_1_52' title='bbox 369 992 787 1064; x_wconf 83' lang='lat' dir='ltr'><strong>cruciﬁgerent</strong></span> <span class='ocrx_word' id='word_1_53' title='bbox 816 989 952 1054; x_wconf 87' lang='lat' dir='ltr'><strong>;sed</strong></span> <span class='ocrx_word' id='word_1_54' title='bbox 986 1005 1152 1043; x_wconf 91' lang='lat' dir='ltr'><strong>verso</strong></span> <span class='ocrx_word' id='word_1_55' title='bbox 1181 987 1459 1042; x_wconf 88' lang='lat' dir='ltr'><strong>deorsum</strong></span> <span class='ocrx_word' id='word_1_56' title='bbox 1494 986 1706 1057; x_wconf 87' lang='lat' dir='ltr'><strong>capite.</strong></span> <span class='ocrx_word' id='word_1_57' title='bbox 1742 985 2034 1056; x_wconf 85' lang='lat' dir='ltr'><strong>Atqueita</strong></span> 
     </span>
    </p>
   </div>
   <div class='ocr_carea' id='block_1_11' title="bbox 371 1073 2032 1146">
    <p class='ocr_par' dir='ltr' id='par_1_11' title="bbox 371 1073 2032 1146">
     <span class='ocr_line' id='line_1_11' title="bbox 371 1073 2032 1146; baseline -0.005 -10"><span class='ocrx_word' id='word_1_58' title='bbox 371 1081 688 1137; x_wconf 78' lang='lat' dir='ltr'><strong>cruciﬁxus</strong></span> <span class='ocrx_word' id='word_1_59' title='bbox 719 1079 867 1134; x_wconf 93' lang='lat' dir='ltr'><strong>hora</strong></span> <span class='ocrx_word' id='word_1_60' title='bbox 894 1078 1068 1133; x_wconf 89' lang='lat' dir='ltr'><strong>tertia</strong></span> <span class='ocrx_word' id='word_1_61' title='bbox 1098 1076 1214 1133; x_wconf 90' lang='lat' dir='ltr'><strong>diei</strong></span> <span class='ocrx_word' id='word_1_62' title='bbox 1238 1079 1610 1143; x_wconf 86' lang='lat' dir='ltr'><strong>Parasceves,</strong></span> <span class='ocrx_word' id='word_1_63' title='bbox 1644 1075 1889 1130; x_wconf 78' lang='lat' dir='ltr'><strong>tradidit</strong></span> <span class='ocrx_word' id='word_1_64' title='bbox 1916 1073 2032 1146; x_wconf 88' lang='lat' dir='ltr'><strong>spi-</strong></span> 
     </span>
    </p>
   </div>
   <div class='ocr_carea' id='block_1_12' title="bbox 373 1165 2031 1238">
    <p class='ocr_par' dir='ltr' id='par_1_12' title="bbox 373 1165 2031 1238">
     <span class='ocr_line' id='line_1_12' title="bbox 373 1165 2031 1238; baseline -0.004 -12"><span class='ocrx_word' id='word_1_65' title='bbox 373 1171 594 1226; x_wconf 88' lang='lat' dir='ltr'><strong>ritum:</strong></span> <span class='ocrx_word' id='word_1_66' title='bbox 628 1175 687 1224; x_wconf 85' lang='lat' dir='ltr'><strong>et</strong></span> <span class='ocrx_word' id='word_1_67' title='bbox 716 1168 779 1223; x_wconf 92' lang='lat' dir='ltr'><strong>in</strong></span> <span class='ocrx_word' id='word_1_68' title='bbox 811 1184 948 1223; x_wconf 91' lang='lat' dir='ltr'><strong>eum</strong></span> <span class='ocrx_word' id='word_1_69' title='bbox 989 1168 1224 1223; x_wconf 87' lang='lat' dir='ltr'><strong>irruens</strong></span> <span class='ocrx_word' id='word_1_70' title='bbox 1282 1167 1470 1238; x_wconf 84' lang='lat' dir='ltr'><strong>ipsius</strong></span> <span class='ocrx_word' id='word_1_71' title='bbox 1527 1171 1738 1234; x_wconf 83' lang='lat' dir='ltr'><strong>mater,</strong></span> <span class='ocrx_word' id='word_1_72' title='bbox 1769 1165 2031 1220; x_wconf 87' lang='lat' dir='ltr'><strong>animam</strong></span> 
     </span>
    </p>
   </div>
   <div class='ocr_carea' id='block_1_13' title="bbox 377 1258 898 1316">
    <p class='ocr_par' dir='ltr' id='par_1_13' title="bbox 377 1258 898 1316">
     <span class='ocr_line' id='line_1_13' title="bbox 377 1258 898 1316; baseline -0.004 0"><span class='ocrx_word' id='word_1_73' title='bbox 377 1259 656 1316; x_wconf 88' lang='lat' dir='ltr'><strong>similiter</strong></span> <span class='ocrx_word' id='word_1_74' title='bbox 678 1258 898 1315; x_wconf 84' lang='lat' dir='ltr'><strong>emisit.</strong></span> 
     </span>
    </p>
   </div>
   <div class='ocr_carea' id='block_1_14' title="bbox 383 1397 2032 1483">
    <p class='ocr_par' dir='ltr' id='par_1_14' title="bbox 383 1397 2032 1483">
     <span class='ocr_line' id='line_1_14' title="bbox 383 1397 2032 1483; baseline -0.006 -21"><span class='ocrx_word' id='word_1_75' title='bbox 383 1407 477 1462; x_wconf 77' lang='grc'><strong>47</strong></span> <span class='ocrx_word' id='word_1_76' title='bbox 507 1408 578 1461; x_wconf 85' lang='lat' dir='ltr'><strong>Et</strong></span> <span class='ocrx_word' id='word_1_77' title='bbox 610 1410 885 1483; x_wconf 71' lang='lat' dir='ltr'><strong>certamen</strong></span> <span class='ocrx_word' id='word_1_78' title='bbox 908 1409 1221 1483; x_wconf 64' lang='lat' dir='ltr'><strong>sanctorum</strong></span> <span class='ocrx_word' id='word_1_79' title='bbox 1246 1407 1552 1483; x_wconf 68' lang='lat' dir='ltr'><strong>martyrum</strong></span> <span class='ocrx_word' id='word_1_80' title='bbox 1571 1402 1760 1470; x_wconf 78' lang='lat' dir='ltr'><strong>Rufini</strong></span> <span class='ocrx_word' id='word_1_81' title='bbox 1787 1397 2032 1465; x_wconf 80' lang='lat' dir='ltr'><strong>diaconi,</strong></span> 
     </span>
    </p>
   </div>
   <div class='ocr_carea' id='block_1_15' title="bbox 942 1476 1472 1544">
    <p class='ocr_par' dir='ltr' id='par_1_15' title="bbox 942 1476 1472 1544">
     <span class='ocr_line' id='line_1_15' title="bbox 942 1476 1472 1544; baseline -0.002 -15"><span class='ocrx_word' id='word_1_82' title='bbox 942 1481 995 1529; x_wconf 87' lang='lat' dir='ltr'><strong>et</strong></span> <span class='ocrx_word' id='word_1_83' title='bbox 1032 1477 1306 1529; x_wconf 79' lang='lat' dir='ltr'><strong>sociorum</strong></span> <span class='ocrx_word' id='word_1_84' title='bbox 1357 1476 1472 1544; x_wconf 86' lang='lat' dir='ltr'><strong>ejus</strong></span> 
     </span>
    </p>
   </div>
   <div class='ocr_carea' id='block_1_16' title="bbox 452 1587 2036 1664">
    <p class='ocr_par' dir='ltr' id='par_1_16' title="bbox 452 1587 2036 1664">
     <span class='ocr_line' id='line_1_16' title="bbox 452 1587 2036 1664; baseline -0.003 -18"><span class='ocrx_word' id='word_1_85' title='bbox 452 1594 788 1664; x_wconf 87' lang='lat' dir='ltr'><strong>Imperante</strong></span> <span class='ocrx_word' id='word_1_86' title='bbox 811 1589 994 1661; x_wconf 88' lang='lat' dir='ltr'><strong>impio</strong></span> <span class='ocrx_word' id='word_1_87' title='bbox 1027 1589 1349 1644; x_wconf 82' lang='lat' dir='ltr'><strong>Maximino</strong></span> <span class='ocrx_word' id='word_1_88' title='bbox 1384 1605 1519 1644; x_wconf 92' lang='lat' dir='ltr'><strong>cum</strong></span> <span class='ocrx_word' id='word_1_89' title='bbox 1542 1588 1732 1660; x_wconf 78' lang='lat' dir='ltr'><strong>gravis</strong></span> <span class='ocrx_word' id='word_1_90' title='bbox 1754 1587 2036 1643; x_wconf 89' lang='lat' dir='ltr'><strong>adversus</strong></span> 
     </span>
    </p>
   </div>
   <div class='ocr_carea' id='block_1_17' title="bbox 379 1676 2036 1751">
    <p class='ocr_par' dir='ltr' id='par_1_17' title="bbox 379 1676 2036 1751">
     <span class='ocr_line' id='line_1_17' title="bbox 379 1676 2036 1751; baseline -0.003 -16"><span class='ocrx_word' id='word_1_91' title='bbox 379 1681 747 1736; x_wconf 87' lang='lat' dir='ltr'><strong>Christianos</strong></span> <span class='ocrx_word' id='word_1_92' title='bbox 768 1679 1100 1751; x_wconf 88' lang='lat' dir='ltr'><strong>persecutio</strong></span> <span class='ocrx_word' id='word_1_93' title='bbox 1124 1683 1420 1733; x_wconf 90' lang='lat' dir='ltr'><strong>commota</strong></span> <span class='ocrx_word' id='word_1_94' title='bbox 1439 1677 1664 1738; x_wconf 81' lang='lat' dir='ltr'><strong>fuisset.</strong></span> <span class='ocrx_word' id='word_1_95' title='bbox 1695 1676 2036 1747; x_wconf 85' lang='lat' dir='ltr'><strong>quicunque</strong></span> 
     </span>
    </p>
   </div>
   <div class='ocr_carea' id='block_1_18' title="bbox 377 1766 2034 1839">
    <p class='ocr_par' dir='ltr' id='par_1_18' title="bbox 377 1766 2034 1839">
     <span class='ocr_line' id='line_1_18' title="bbox 377 1766 2034 1839; baseline -0.002 -14"><span class='ocrx_word' id='word_1_96' title='bbox 377 1769 676 1825; x_wconf 86' lang='lat' dir='ltr'><strong>Christum</strong></span> <span class='ocrx_word' id='word_1_97' title='bbox 705 1768 1114 1839; x_wconf 83' lang='lat' dir='ltr'><strong>proﬁtebatur,</strong></span> <span class='ocrx_word' id='word_1_98' title='bbox 1140 1768 1609 1838; x_wconf 90' lang='lat' dir='ltr'><strong>comprehensus</strong></span> <span class='ocrx_word' id='word_1_99' title='bbox 1637 1767 1710 1822; x_wconf 92' lang='lat' dir='ltr'><strong>ab</strong></span> <span class='ocrx_word' id='word_1_100' title='bbox 1735 1766 2034 1822; x_wconf 89' lang='lat' dir='ltr'><strong>idolorum</strong></span> 
     </span>
    </p>
   </div>
   <div class='ocr_carea' id='block_1_19' title="bbox 375 1854 2034 1914">
    <p class='ocr_par' dir='ltr' id='par_1_19' title="bbox 375 1854 2034 1914">
     <span class='ocr_line' id='line_1_19' title="bbox 375 1854 2034 1914; baseline -0.002 -3"><span class='ocrx_word' id='word_1_101' title='bbox 375 1856 723 1914; x_wconf 84' lang='lat' dir='ltr'><strong>cultoribus.</strong></span> <span class='ocrx_word' id='word_1_102' title='bbox 741 1861 798 1909; x_wconf 90' lang='lat' dir='ltr'><strong>et</strong></span> <span class='ocrx_word' id='word_1_103' title='bbox 824 1855 1026 1909; x_wconf 89' lang='lat' dir='ltr'><strong>multis</strong></span> <span class='ocrx_word' id='word_1_104' title='bbox 1051 1855 1363 1910; x_wconf 88' lang='lat' dir='ltr'><strong>tormentis</strong></span> <span class='ocrx_word' id='word_1_105' title='bbox 1381 1854 2034 1911; x_wconf 82' lang='lat' dir='ltr'><strong>excruciatus.demum</strong></span> 
     </span>
    </p>
   </div>
   <div class='ocr_carea' id='block_1_20' title="bbox 374 1944 2040 2016">
    <p class='ocr_par' dir='ltr' id='par_1_20' title="bbox 374 1944 2040 2016">
     <span class='ocr_line' id='line_1_20' title="bbox 374 1944 2040 2016; baseline -0.002 -15"><span class='ocrx_word' id='word_1_106' title='bbox 374 1946 551 2001; x_wconf 85' lang='lat' dir='ltr'><strong>morti</strong></span> <span class='ocrx_word' id='word_1_107' title='bbox 585 1944 946 1999; x_wconf 86' lang='lat' dir='ltr'><strong>tradebatur.</strong></span> <span class='ocrx_word' id='word_1_108' title='bbox 982 1949 1057 1998; x_wconf 86' lang='lat' dir='ltr'><strong>Eo</strong></span> <span class='ocrx_word' id='word_1_109' title='bbox 1085 1951 1348 2016; x_wconf 89' lang='lat' dir='ltr'><strong>tempore</strong></span> <span class='ocrx_word' id='word_1_110' title='bbox 1372 1945 1485 1999; x_wconf 88' lang='lat' dir='ltr'><strong>fuit</strong></span> <span class='ocrx_word' id='word_1_111' title='bbox 1516 1951 1757 2000; x_wconf 89' lang='lat' dir='ltr'><strong>sanctus</strong></span> <span class='ocrx_word' id='word_1_112' title='bbox 1791 1944 2040 2000; x_wconf 80' lang='lat' dir='ltr'><strong>Ruﬁnus</strong></span> 
     </span>
    </p>
   </div>
   <div class='ocr_carea' id='block_1_21' title="bbox 373 2033 2040 2104">
    <p class='ocr_par' dir='ltr' id='par_1_21' title="bbox 373 2033 2040 2104">
     <span class='ocr_line' id='line_1_21' title="bbox 373 2033 2040 2104; baseline -0.001 -16"><span class='ocrx_word' id='word_1_113' title='bbox 373 2033 660 2089; x_wconf 89' lang='lat' dir='ltr'><strong>diaconus</strong></span> <span class='ocrx_word' id='word_1_114' title='bbox 710 2033 987 2088; x_wconf 63' lang='lat' dir='ltr'><strong>Ecclesia;</strong></span> <span class='ocrx_word' id='word_1_115' title='bbox 1045 2033 1286 2100; x_wconf 88' lang='lat' dir='ltr'><strong>Christi,</strong></span> <span class='ocrx_word' id='word_1_116' title='bbox 1352 2035 1453 2104; x_wconf 90' lang='lat' dir='ltr'><strong>qui</strong></span> <span class='ocrx_word' id='word_1_117' title='bbox 1512 2051 1646 2089; x_wconf 93' lang='lat' dir='ltr'><strong>cum</strong></span> <span class='ocrx_word' id='word_1_118' title='bbox 1701 2034 1923 2088; x_wconf 92' lang='lat' dir='ltr'><strong>multos</strong></span> <span class='ocrx_word' id='word_1_119' title='bbox 1979 2033 2040 2087; x_wconf 92' lang='lat' dir='ltr'><strong>in</strong></span> 
     </span>
    </p>
   </div>
   <div class='ocr_carea' id='block_1_22' title="bbox 372 2121 2039 2194">
    <p class='ocr_par' dir='ltr' id='par_1_22' title="bbox 372 2121 2039 2194">
     <span class='ocr_line' id='line_1_22' title="bbox 372 2121 2039 2194; baseline -0.002 -17"><span class='ocrx_word' id='word_1_120' title='bbox 372 2122 588 2177; x_wconf 88' lang='lat' dir='ltr'><strong>Christi</strong></span> <span class='ocrx_word' id='word_1_121' title='bbox 613 2124 857 2176; x_wconf 89' lang='lat' dir='ltr'><strong>nomine</strong></span> <span class='ocrx_word' id='word_1_122' title='bbox 882 2122 1178 2190; x_wconf 88' lang='lat' dir='ltr'><strong>edoceret,</strong></span> <span class='ocrx_word' id='word_1_123' title='bbox 1215 2122 1278 2176; x_wconf 89' lang='lat' dir='ltr'><strong>in</strong></span> <span class='ocrx_word' id='word_1_124' title='bbox 1313 2123 1552 2178; x_wconf 87' lang='lat' dir='ltr'><strong>vincula</strong></span> <span class='ocrx_word' id='word_1_125' title='bbox 1580 2122 1886 2194; x_wconf 88' lang='lat' dir='ltr'><strong>conjectus</strong></span> <span class='ocrx_word' id='word_1_126' title='bbox 1907 2121 2039 2189; x_wconf 78' lang='lat' dir='ltr'><strong>fuit,</strong></span> 
     </span>
    </p>
   </div>
   <div class='ocr_carea' id='block_1_23' title="bbox 373 2210 2042 2280">
    <p class='ocr_par' dir='ltr' id='par_1_23' title="bbox 373 2210 2042 2280">
     <span class='ocr_line' id='line_1_23' title="bbox 373 2210 2042 2280; baseline -0.002 -13"><span class='ocrx_word' id='word_1_127' title='bbox 373 2217 432 2267; x_wconf 91' lang='lat' dir='ltr'><strong>et</strong></span> <span class='ocrx_word' id='word_1_128' title='bbox 461 2212 523 2266; x_wconf 94' lang='lat' dir='ltr'><strong>in</strong></span> <span class='ocrx_word' id='word_1_129' title='bbox 557 2227 856 2266; x_wconf 88' lang='lat' dir='ltr'><strong>carcerem</strong></span> <span class='ocrx_word' id='word_1_130' title='bbox 901 2211 1199 2266; x_wconf 85' lang='lat' dir='ltr'><strong>detrusus.</strong></span> <span class='ocrx_word' id='word_1_131' title='bbox 1263 2211 1545 2276; x_wconf 70' lang='lat' dir='ltr'><strong>Quaedam</strong></span> <span class='ocrx_word' id='word_1_132' title='bbox 1591 2217 1793 2280; x_wconf 80' lang='lat' dir='ltr'><strong>autem</strong></span> <span class='ocrx_word' id='word_1_133' title='bbox 1825 2210 2042 2266; x_wconf 89' lang='lat' dir='ltr'><strong>mulier</strong></span> 
     </span>
    </p>
   </div>
   <div class='ocr_carea' id='block_1_24' title="bbox 375 2300 2037 2373">
    <p class='ocr_par' dir='ltr' id='par_1_24' title="bbox 375 2300 2037 2373">
     <span class='ocr_line' id='line_1_24' title="bbox 375 2300 2037 2373; baseline 0 -19"><span class='ocrx_word' id='word_1_134' title='bbox 375 2301 731 2368; x_wconf 89' lang='lat' dir='ltr'><strong>Christiana,</strong></span> <span class='ocrx_word' id='word_1_135' title='bbox 765 2300 1009 2355; x_wconf 89' lang='lat' dir='ltr'><strong>nomine</strong></span> <span class='ocrx_word' id='word_1_136' title='bbox 1042 2300 1325 2372; x_wconf 85' lang='lat' dir='ltr'><strong>Aquilina</strong></span> <span class='ocrx_word' id='word_1_137' title='bbox 1347 2317 1481 2355; x_wconf 91' lang='lat' dir='ltr'><strong>cum</strong></span> <span class='ocrx_word' id='word_1_138' title='bbox 1505 2302 1699 2373; x_wconf 92' lang='lat' dir='ltr'><strong>ipsum</strong></span> <span class='ocrx_word' id='word_1_139' title='bbox 1733 2301 2037 2368; x_wconf 87' lang='lat' dir='ltr'><strong>inviseret,</strong></span> 
     </span>
    </p>
   </div>
   <div class='ocr_carea' id='block_1_25' title="bbox 380 2388 2039 2461">
    <p class='ocr_par' dir='ltr' id='par_1_25' title="bbox 380 2388 2039 2461">
     <span class='ocr_line' id='line_1_25' title="bbox 380 2388 2039 2461; baseline 0 -17"><span class='ocrx_word' id='word_1_140' title='bbox 380 2389 662 2444; x_wconf 88' lang='lat' dir='ltr'><strong>similiter</strong></span> <span class='ocrx_word' id='word_1_141' title='bbox 690 2389 1124 2460; x_wconf 89' lang='lat' dir='ltr'><strong>comprehensa</strong></span> <span class='ocrx_word' id='word_1_142' title='bbox 1153 2389 1302 2443; x_wconf 86' lang='lat' dir='ltr'><strong>fuit:</strong></span> <span class='ocrx_word' id='word_1_143' title='bbox 1339 2395 1397 2444; x_wconf 90' lang='lat' dir='ltr'><strong>et</strong></span> <span class='ocrx_word' id='word_1_144' title='bbox 1413 2389 1588 2444; x_wconf 88' lang='lat' dir='ltr'><strong>ambo</strong></span> <span class='ocrx_word' id='word_1_145' title='bbox 1619 2389 1692 2444; x_wconf 90' lang='lat' dir='ltr'><strong>ad</strong></span> <span class='ocrx_word' id='word_1_146' title='bbox 1722 2388 2039 2461; x_wconf 65' lang='lat' dir='ltr'><strong>prmsidem</strong></span> 
     </span>
    </p>
   </div>
   <div class='ocr_carea' id='block_1_26' title="bbox 368 2477 2037 2549">
    <p class='ocr_par' dir='ltr' id='par_1_26' title="bbox 368 2477 2037 2549">
     <span class='ocr_line' id='line_1_26' title="bbox 368 2477 2037 2549; baseline 0.001 -17"><span class='ocrx_word' id='word_1_147' title='bbox 368 2477 634 2545; x_wconf 87' lang='lat' dir='ltr'><strong>adducti,</strong></span> <span class='ocrx_word' id='word_1_148' title='bbox 665 2478 847 2534; x_wconf 85' lang='lat' dir='ltr'><strong>variis</strong></span> <span class='ocrx_word' id='word_1_149' title='bbox 882 2477 1133 2549; x_wconf 85' lang='lat' dir='ltr'><strong>subjecti</strong></span> <span class='ocrx_word' id='word_1_150' title='bbox 1168 2484 1307 2532; x_wconf 89' lang='lat' dir='ltr'><strong>sunt</strong></span> <span class='ocrx_word' id='word_1_151' title='bbox 1340 2478 1673 2534; x_wconf 82' lang='lat' dir='ltr'><strong>tormentis.</strong></span> <span class='ocrx_word' id='word_1_152' title='bbox 1708 2479 1852 2534; x_wconf 92' lang='lat' dir='ltr'><strong>Cum</strong></span> <span class='ocrx_word' id='word_1_153' title='bbox 1901 2495 2037 2533; x_wconf 88' lang='lat' dir='ltr'><strong>vero</strong></span> 
     </span>
    </p>
   </div>
   <div class='ocr_carea' id='block_1_27' title="bbox 368 2567 2038 2640">
    <p class='ocr_par' dir='ltr' id='par_1_27' title="bbox 368 2567 2038 2640">
     <span class='ocr_line' id='line_1_27' title="bbox 368 2567 2038 2640; baseline 0 -18"><span class='ocrx_word' id='word_1_154' title='bbox 368 2567 547 2639; x_wconf 89' lang='lat' dir='ltr'><strong>plura</strong></span> <span class='ocrx_word' id='word_1_155' title='bbox 578 2572 887 2639; x_wconf 88' lang='lat' dir='ltr'><strong>patrarent</strong></span> <span class='ocrx_word' id='word_1_156' title='bbox 913 2568 1204 2640; x_wconf 89' lang='lat' dir='ltr'><strong>prodigia,</strong></span> <span class='ocrx_word' id='word_1_157' title='bbox 1237 2567 1295 2622; x_wconf 90' lang='lat' dir='ltr'><strong>id</strong></span> <span class='ocrx_word' id='word_1_158' title='bbox 1328 2570 1674 2635; x_wconf 85' lang='lat' dir='ltr'><strong>etTecerunt,</strong></span> <span class='ocrx_word' id='word_1_159' title='bbox 1701 2575 1768 2624; x_wconf 91' lang='lat' dir='ltr'><strong>ut</strong></span> <span class='ocrx_word' id='word_1_160' title='bbox 1798 2568 2038 2624; x_wconf 88' lang='lat' dir='ltr'><strong>ducenti</strong></span> 
     </span>
    </p>
   </div>
   <div class='ocr_carea' id='block_1_28' title="bbox 373 2655 2036 2728">
    <p class='ocr_par' dir='ltr' id='par_1_28' title="bbox 373 2655 2036 2728">
     <span class='ocr_line' id='line_1_28' title="bbox 373 2655 2036 2728; baseline 0 -18"><span class='ocrx_word' id='word_1_161' title='bbox 373 2656 477 2726; x_wconf 89' lang='lat' dir='ltr'><strong>qui</strong></span> <span class='ocrx_word' id='word_1_162' title='bbox 509 2656 762 2711; x_wconf 87' lang='lat' dir='ltr'><strong>aderant</strong></span> <span class='ocrx_word' id='word_1_163' title='bbox 791 2655 1036 2724; x_wconf 90' lang='lat' dir='ltr'><strong>milites,</strong></span> <span class='ocrx_word' id='word_1_164' title='bbox 1060 2656 1275 2711; x_wconf 89' lang='lat' dir='ltr'><strong>Christi</strong></span> <span class='ocrx_word' id='word_1_165' title='bbox 1302 2656 1481 2712; x_wconf 88' lang='lat' dir='ltr'><strong>ﬁdem</strong></span> <span class='ocrx_word' id='word_1_166' title='bbox 1511 2658 2036 2728; x_wconf 87' lang='lat' dir='ltr'><strong>amplecterentur.</strong></span> 
     </span>
    </p>
   </div>
   <div class='ocr_carea' id='block_1_29' title="bbox 375 2745 2037 2818">
    <p class='ocr_par' dir='ltr' id='par_1_29' title="bbox 375 2745 2037 2818">
     <span class='ocr_line' id='line_1_29' title="bbox 375 2745 2037 2818; baseline 0.001 -18"><span class='ocrx_word' id='word_1_167' title='bbox 375 2746 745 2818; x_wconf 88' lang='lat' dir='ltr'><strong>Quapropter</strong></span> <span class='ocrx_word' id='word_1_168' title='bbox 776 2745 1012 2800; x_wconf 90' lang='lat' dir='ltr'><strong>iniram</strong></span> <span class='ocrx_word' id='word_1_169' title='bbox 1045 2746 1243 2800; x_wconf 87' lang='lat' dir='ltr'><strong>statim</strong></span> <span class='ocrx_word' id='word_1_170' title='bbox 1303 2747 1742 2802; x_wconf 84' lang='lat' dir='ltr'><strong>excandescens</strong></span> <span class='ocrx_word' id='word_1_171' title='bbox 1795 2763 2037 2818; x_wconf 77' lang='lat' dir='ltr'><strong>praeses,</strong></span> 
     </span>
    </p>
   </div>
   <div class='ocr_carea' id='block_1_30' title="bbox 363 2834 2038 2907">
    <p class='ocr_par' dir='ltr' id='par_1_30' title="bbox 363 2834 2038 2907">
     <span class='ocr_line' id='line_1_30' title="bbox 363 2834 2038 2907; baseline 0.001 -18"><span class='ocrx_word' id='word_1_172' title='bbox 363 2834 553 2905; x_wconf 81' lang='lat' dir='ltr'><strong>jussit</strong></span> <span class='ocrx_word' id='word_1_173' title='bbox 571 2840 814 2891; x_wconf 91' lang='lat' dir='ltr'><strong>cunctos</strong></span> <span class='ocrx_word' id='word_1_174' title='bbox 835 2834 1031 2907; x_wconf 89' lang='lat' dir='ltr'><strong>gladio</strong></span> <span class='ocrx_word' id='word_1_175' title='bbox 1051 2835 1260 2890; x_wconf 89' lang='lat' dir='ltr'><strong>occidi.</strong></span> <span class='ocrx_word' id='word_1_176' title='bbox 1297 2836 1459 2892; x_wconf 88' lang='lat' dir='ltr'><strong>Unde</strong></span> <span class='ocrx_word' id='word_1_177' title='bbox 1478 2837 1718 2892; x_wconf 86' lang='lat' dir='ltr'><strong>lictores</strong></span> <span class='ocrx_word' id='word_1_178' title='bbox 1745 2837 1815 2891; x_wconf 91' lang='lat' dir='ltr'><strong>ad</strong></span> <span class='ocrx_word' id='word_1_179' title='bbox 1839 2835 2038 2891; x_wconf 91' lang='lat' dir='ltr'><strong>locum</strong></span> 
     </span>
    </p>
   </div>
   <div class='ocr_carea' id='block_1_31' title="bbox 373 2923 2040 2998">
    <p class='ocr_par' dir='ltr' id='par_1_31' title="bbox 373 2923 2040 2998">
     <span class='ocr_line' id='line_1_31' title="bbox 373 2923 2040 2998; baseline 0.002 -20"><span class='ocrx_word' id='word_1_180' title='bbox 373 2923 652 2995; x_wconf 87' lang='lat' dir='ltr'><strong>supplicii</strong></span> <span class='ocrx_word' id='word_1_181' title='bbox 695 2941 796 2979; x_wconf 88' lang='lat' dir='ltr'><strong>eos</strong></span> <span class='ocrx_word' id='word_1_182' title='bbox 829 2925 1055 2980; x_wconf 87' lang='lat' dir='ltr'><strong>vinctos</strong></span> <span class='ocrx_word' id='word_1_183' title='bbox 1089 2925 1486 2993; x_wconf 87' lang='lat' dir='ltr'><strong>adduxerunt,</strong></span> <span class='ocrx_word' id='word_1_184' title='bbox 1512 2933 1767 2998; x_wconf 82' lang='lat' dir='ltr'><strong>etcaput</strong></span> <span class='ocrx_word' id='word_1_185' title='bbox 1787 2926 2040 2998; x_wconf 83' lang='lat' dir='ltr'><strong>singulis</strong></span> 
     </span>
    </p>
   </div>
   <div class='ocr_carea' id='block_1_32' title="bbox 371 3013 2036 3089">
    <p class='ocr_par' dir='ltr' id='par_1_32' title="bbox 371 3013 2036 3089">
     <span class='ocr_line' id='line_1_32' title="bbox 371 3013 2036 3089; baseline 0.002 -21"><span class='ocrx_word' id='word_1_186' title='bbox 371 3019 730 3084; x_wconf 86' lang='lat' dir='ltr'><strong>amputarun</strong></span> <span class='ocrx_word' id='word_1_187' title='bbox 742 3018 780 3084; x_wconf 88' lang='lat' dir='ltr'><strong>t,</strong></span> <span class='ocrx_word' id='word_1_188' title='bbox 807 3013 924 3069; x_wconf 89' lang='lat' dir='ltr'><strong>Deo</strong></span> <span class='ocrx_word' id='word_1_189' title='bbox 947 3031 1136 3086; x_wconf 81' lang='lat' dir='ltr'><strong>usque</strong></span> <span class='ocrx_word' id='word_1_190' title='bbox 1158 3015 1233 3069; x_wconf 87' lang='lat' dir='ltr'><strong>ad</strong></span> <span class='ocrx_word' id='word_1_191' title='bbox 1257 3015 1438 3070; x_wconf 86' lang='lat' dir='ltr'><strong>ﬁnem</strong></span> <span class='ocrx_word' id='word_1_192' title='bbox 1460 3015 1680 3088; x_wconf 80' lang='lat' dir='ltr'><strong>gratias</strong></span> <span class='ocrx_word' id='word_1_193' title='bbox 1703 3015 2036 3089; x_wconf 85' lang='lat' dir='ltr'><strong>agentibus.</strong></span> 
     </span>
    </p>
   </div>
   <div class='ocr_carea' id='block_1_33' title="bbox 930 3210 1472 3267">
    <p class='ocr_par' dir='ltr' id='par_1_33' title="bbox 930 3210 1472 3267">
     <span class='ocr_line' id='line_1_33' title="bbox 930 3210 1472 3267; baseline -0.002 -1"><span class='ocrx_word' id='word_1_194' title='bbox 930 3210 1174 3267; x_wconf 88' lang='lat' dir='ltr'><strong>EODEM</strong></span> <span class='ocrx_word' id='word_1_195' title='bbox 1218 3211 1472 3267; x_wconf 81' lang='lat' dir='ltr'><strong>MENSE.</strong></span> 
     </span>
    </p>
   </div>
   <div class='ocr_carea' id='block_1_34' title="bbox 1032 3318 1372 3375">
    <p class='ocr_par' dir='ltr' id='par_1_34' title="bbox 1032 3318 1372 3375">
     <span class='ocr_line' id='line_1_34' title="bbox 1032 3318 1372 3375; baseline 0 -1"><span class='ocrx_word' id='word_1_196' title='bbox 1032 3318 1135 3374; x_wconf 91' lang='lat' dir='ltr'><strong>Die</strong></span> <span class='ocrx_word' id='word_1_197' title='bbox 1166 3323 1372 3375; x_wconf 84' lang='lat' dir='ltr'><strong>octava</strong></span> 
     </span>
    </p>
   </div>
   <div class='ocr_carea' id='block_1_35' title="bbox 620 3434 1783 3506">
    <p class='ocr_par' dir='ltr' id='par_1_35' title="bbox 620 3434 1783 3506">
     <span class='ocr_line' id='line_1_35' title="bbox 620 3434 1783 3506; baseline 0 -15"><span class='ocrx_word' id='word_1_198' title='bbox 620 3434 906 3491; x_wconf 81' lang='lat' dir='ltr'><strong>Certamen</strong></span> <span class='ocrx_word' id='word_1_199' title='bbox 950 3437 1129 3490; x_wconf 82' lang='lat' dir='ltr'><strong>sancti</strong></span> <span class='ocrx_word' id='word_1_200' title='bbox 1157 3437 1420 3506; x_wconf 82' lang='lat' dir='ltr'><strong>martyris</strong></span> <span class='ocrx_word' id='word_1_201' title='bbox 1471 3434 1783 3506; x_wconf 81' lang='lat' dir='ltr'><strong>Pausilypi.</strong></span> 
     </span>
    </p>
   </div>
   <div class='ocr_carea' id='block_1_36' title="bbox 442 3551 2033 3623">
    <p class='ocr_par' dir='ltr' id='par_1_36' title="bbox 442 3551 2033 3623">
     <span class='ocr_line' id='line_1_36' title="bbox 442 3551 2033 3623; baseline 0 -17"><span class='ocrx_word' id='word_1_202' title='bbox 442 3551 794 3623; x_wconf 88' lang='lat' dir='ltr'><strong>Pausilypus</strong></span> <span class='ocrx_word' id='word_1_203' title='bbox 827 3551 1044 3606; x_wconf 89' lang='lat' dir='ltr'><strong>Christi</strong></span> <span class='ocrx_word' id='word_1_204' title='bbox 1087 3557 1312 3622; x_wconf 92' lang='lat' dir='ltr'><strong>martyr</strong></span> <span class='ocrx_word' id='word_1_205' title='bbox 1344 3551 1455 3605; x_wconf 85' lang='lat' dir='ltr'><strong>fuit</strong></span> <span class='ocrx_word' id='word_1_206' title='bbox 1485 3551 1819 3622; x_wconf 84' lang='lat' dir='ltr'><strong>imperante</strong></span> <span class='ocrx_word' id='word_1_207' title='bbox 1850 3553 2033 3623; x_wconf 92' lang='lat' dir='ltr'><strong>impio</strong></span> 
     </span>
    </p>
   </div>
   <div class='ocr_carea' id='block_1_37' title="bbox 370 3640 2034 3712">
    <p class='ocr_par' dir='ltr' id='par_1_37' title="bbox 370 3640 2034 3712">
     <span class='ocr_line' id='line_1_37' title="bbox 370 3640 2034 3712; baseline 0.001 -17"><span class='ocrx_word' id='word_1_208' title='bbox 370 3646 428 3695; x_wconf 93' lang='lat' dir='ltr'><strong>et</strong></span> <span class='ocrx_word' id='word_1_209' title='bbox 457 3641 661 3712; x_wconf 90' lang='lat' dir='ltr'><strong>iniquo</strong></span> <span class='ocrx_word' id='word_1_210' title='bbox 698 3640 976 3694; x_wconf 81' lang='lat' dir='ltr'><strong>Adriano.</strong></span> <span class='ocrx_word' id='word_1_211' title='bbox 1016 3640 1255 3694; x_wconf 87' lang='lat' dir='ltr'><strong>Delatus</strong></span> <span class='ocrx_word' id='word_1_212' title='bbox 1289 3647 1510 3705; x_wconf 91' lang='lat' dir='ltr'><strong>autem,</strong></span> <span class='ocrx_word' id='word_1_213' title='bbox 1547 3641 1704 3712; x_wconf 88' lang='lat' dir='ltr'><strong>quod</strong></span> <span class='ocrx_word' id='word_1_214' title='bbox 1739 3641 2034 3696; x_wconf 67' lang='lat' dir='ltr'><strong>Christum</strong></span> 
     </span>
    </p>
   </div>
   <div class='ocr_carea' id='block_1_38' title="bbox 369 3729 2034 3800">
    <p class='ocr_par' dir='ltr' id='par_1_38' title="bbox 369 3729 2034 3800">
     <span class='ocr_line' id='line_1_38' title="bbox 369 3729 2034 3800; baseline 0 -16"><span class='ocrx_word' id='word_1_215' title='bbox 369 3729 611 3796; x_wconf 89' lang='lat' dir='ltr'><strong>coleret,</strong></span> <span class='ocrx_word' id='word_1_216' title='bbox 643 3734 701 3784; x_wconf 90' lang='lat' dir='ltr'><strong>et</strong></span> <span class='ocrx_word' id='word_1_217' title='bbox 730 3729 790 3782; x_wconf 90' lang='lat' dir='ltr'><strong>in</strong></span> <span class='ocrx_word' id='word_1_218' title='bbox 817 3729 1004 3799; x_wconf 90' lang='lat' dir='ltr'><strong>ipsius</strong></span> <span class='ocrx_word' id='word_1_219' title='bbox 1036 3729 1280 3782; x_wconf 88' lang='lat' dir='ltr'><strong>nomine</strong></span> <span class='ocrx_word' id='word_1_220' title='bbox 1314 3729 1606 3794; x_wconf 89' lang='lat' dir='ltr'><strong>edoceret,</strong></span> <span class='ocrx_word' id='word_1_221' title='bbox 1641 3730 2034 3800; x_wconf 88' lang='lat' dir='ltr'><strong>comprehen-</strong></span> 
     </span>
    </p>
   </div>
   <div class='ocr_carea' id='block_1_39' title="bbox 371 3817 2035 3888">
    <p class='ocr_par' dir='ltr' id='par_1_39' title="bbox 371 3817 2035 3888">
     <span class='ocr_line' id='line_1_39' title="bbox 371 3817 2035 3888; baseline 0.001 -15"><span class='ocrx_word' id='word_1_222' title='bbox 371 3835 490 3879; x_wconf 75' lang='lat' dir='ltr'><strong>sus,</strong></span> <span class='ocrx_word' id='word_1_223' title='bbox 528 3825 586 3871; x_wconf 90' lang='lat' dir='ltr'><strong>et</strong></span> <span class='ocrx_word' id='word_1_224' title='bbox 617 3818 678 3870; x_wconf 91' lang='lat' dir='ltr'><strong>in</strong></span> <span class='ocrx_word' id='word_1_225' title='bbox 712 3817 944 3871; x_wconf 86' lang='lat' dir='ltr'><strong>vincula</strong></span> <span class='ocrx_word' id='word_1_226' title='bbox 977 3818 1306 3885; x_wconf 89' lang='lat' dir='ltr'><strong>conjectus,</strong></span> <span class='ocrx_word' id='word_1_227' title='bbox 1345 3818 1418 3872; x_wconf 87' lang='lat' dir='ltr'><strong>ad</strong></span> <span class='ocrx_word' id='word_1_228' title='bbox 1474 3819 1894 3888; x_wconf 80' lang='lat' dir='ltr'><strong>imperatorem</strong></span> <span class='ocrx_word' id='word_1_229' title='bbox 1928 3819 2035 3874; x_wconf 88' lang='lat' dir='ltr'><strong>ad-</strong></span> 
     </span>
    </p>
   </div>
   <div class='ocr_carea' id='block_1_40' title="bbox 372 3905 2033 3976">
    <p class='ocr_par' dir='ltr' id='par_1_40' title="bbox 372 3905 2033 3976">
     <span class='ocr_line' id='line_1_40' title="bbox 372 3905 2033 3976; baseline 0.001 -15"><span class='ocrx_word' id='word_1_230' title='bbox 372 3906 586 3961; x_wconf 91' lang='lat' dir='ltr'><strong>ductus</strong></span> <span class='ocrx_word' id='word_1_231' title='bbox 613 3911 742 3960; x_wconf 90' lang='lat' dir='ltr'><strong>est:</strong></span> <span class='ocrx_word' id='word_1_232' title='bbox 779 3911 837 3960; x_wconf 91' lang='lat' dir='ltr'><strong>et</strong></span> <span class='ocrx_word' id='word_1_233' title='bbox 868 3911 1004 3959; x_wconf 87' lang='lat' dir='ltr'><strong>ante</strong></span> <span class='ocrx_word' id='word_1_234' title='bbox 1036 3905 1207 3959; x_wconf 91' lang='lat' dir='ltr'><strong>illum</strong></span> <span class='ocrx_word' id='word_1_235' title='bbox 1257 3912 1441 3966; x_wconf 84' lang='lat' dir='ltr'><strong>stans.</strong></span> <span class='ocrx_word' id='word_1_236' title='bbox 1476 3906 1874 3976; x_wconf 82' lang='lat' dir='ltr'><strong>interrogatus</strong></span> <span class='ocrx_word' id='word_1_237' title='bbox 1904 3908 2033 3976; x_wconf 74' lang='lat' dir='ltr'><strong>fuit,</strong></span> 
     </span>
    </p>
   </div>
   <div class='ocr_carea' id='block_1_41' title="bbox 370 3993 2033 4052">
    <p class='ocr_par' dir='ltr' id='par_1_41' title="bbox 370 3993 2033 4052">
     <span class='ocr_line' id='line_1_41' title="bbox 370 3993 2033 4052; baseline 0.001 -2"><span class='ocrx_word' id='word_1_238' title='bbox 370 4012 444 4051; x_wconf 87' lang='lat' dir='ltr'><strong>an</strong></span> <span class='ocrx_word' id='word_1_239' title='bbox 469 3995 769 4050; x_wconf 88' lang='lat' dir='ltr'><strong>Christum</strong></span> <span class='ocrx_word' id='word_1_240' title='bbox 801 3995 982 4048; x_wconf 90' lang='lat' dir='ltr'><strong>Deum</strong></span> <span class='ocrx_word' id='word_1_241' title='bbox 1007 3993 1412 4050; x_wconf 88' lang='lat' dir='ltr'><strong>conﬁteretur.</strong></span> <span class='ocrx_word' id='word_1_242' title='bbox 1441 3995 1646 4050; x_wconf 83' lang='lat' dir='ltr'><strong>Libera</strong></span> <span class='ocrx_word' id='word_1_243' title='bbox 1677 4013 1815 4051; x_wconf 89' lang='lat' dir='ltr'><strong>vero</strong></span> <span class='ocrx_word' id='word_1_244' title='bbox 1853 3997 2033 4052; x_wconf 85' lang='lat' dir='ltr'><strong>animi</strong></span> 
     </span>
    </p>
   </div>
   <div class='ocr_carea' id='block_1_42' title="bbox 372 4081 2035 4153">
    <p class='ocr_par' dir='ltr' id='par_1_42' title="bbox 372 4081 2035 4153">
     <span class='ocr_line' id='line_1_42' title="bbox 372 4081 2035 4153; baseline 0.001 -15"><span class='ocrx_word' id='word_1_245' title='bbox 372 4082 800 4153; x_wconf 83' lang='lat' dir='ltr'><strong>ﬁduciaipsum</strong></span> <span class='ocrx_word' id='word_1_246' title='bbox 822 4081 1153 4152; x_wconf 67' lang='lat' dir='ltr'><strong>prasdicans</strong></span> <span class='ocrx_word' id='word_1_247' title='bbox 1179 4098 1377 4136; x_wconf 89' lang='lat' dir='ltr'><strong>verum</strong></span> <span class='ocrx_word' id='word_1_248' title='bbox 1405 4084 1614 4149; x_wconf 91' lang='lat' dir='ltr'><strong>Deum,</strong></span> <span class='ocrx_word' id='word_1_249' title='bbox 1637 4091 2035 4140; x_wconf 86' lang='lat' dir='ltr'><strong>etcreatorem</strong></span> 
     </span>
    </p>
   </div>
   <div class='ocr_carea' id='block_1_43' title="bbox 371 4170 2033 4244">
    <p class='ocr_par' dir='ltr' id='par_1_43' title="bbox 371 4170 2033 4244">
     <span class='ocr_line' id='line_1_43' title="bbox 371 4170 2033 4244; baseline 0.001 -18"><span class='ocrx_word' id='word_1_250' title='bbox 371 4171 652 4238; x_wconf 89' lang='lat' dir='ltr'><strong>universi,</strong></span> <span class='ocrx_word' id='word_1_251' title='bbox 686 4170 942 4225; x_wconf 86' lang='lat' dir='ltr'><strong>traditur</strong></span> <span class='ocrx_word' id='word_1_252' title='bbox 982 4171 1244 4243; x_wconf 85' lang='lat' dir='ltr'><strong>regionis</strong></span> <span class='ocrx_word' id='word_1_253' title='bbox 1304 4173 1550 4244; x_wconf 70' lang='lat' dir='ltr'><strong>Europa)</strong></span> <span class='ocrx_word' id='word_1_254' title='bbox 1583 4173 1883 4243; x_wconf 64' lang='lat' dir='ltr'><strong>praifecto,</strong></span> <span class='ocrx_word' id='word_1_255' title='bbox 1918 4174 2033 4228; x_wconf 83' lang='lat' dir='ltr'><strong>vir-</strong></span> 
     </span>
    </p>
   </div>
   <div class='ocr_carea' id='block_1_44' title="bbox 367 4260 2037 4335">
    <p class='ocr_par' dir='ltr' id='par_1_44' title="bbox 367 4260 2037 4335">
     <span class='ocr_line' id='line_1_44' title="bbox 367 4260 2037 4335; baseline 0.002 -20"><span class='ocrx_word' id='word_1_256' title='bbox 367 4261 575 4333; x_wconf 88' lang='lat' dir='ltr'><strong>gisque</strong></span> <span class='ocrx_word' id='word_1_257' title='bbox 597 4260 745 4315; x_wconf 87' lang='lat' dir='ltr'><strong>adeo</strong></span> <span class='ocrx_word' id='word_1_258' title='bbox 773 4260 1040 4328; x_wconf 84' lang='lat' dir='ltr'><strong>caeditur,</strong></span> <span class='ocrx_word' id='word_1_259' title='bbox 1073 4265 1139 4314; x_wconf 87' lang='lat' dir='ltr'><strong>ut</strong></span> <span class='ocrx_word' id='word_1_260' title='bbox 1180 4266 1458 4316; x_wconf 73' lang='lat' dir='ltr'><strong>trecentas</strong></span> <span class='ocrx_word' id='word_1_261' title='bbox 1491 4261 1680 4335; x_wconf 62' lang='lat' dir='ltr'><strong>plaga;</strong></span> <span class='ocrx_word' id='word_1_262' title='bbox 1712 4263 2037 4319; x_wconf 90' lang='lat' dir='ltr'><strong>crudeliter</strong></span> 
     </span>
    </p>
   </div>
   <div class='ocr_carea' id='block_1_45' title="bbox 374 4348 2034 4422">
    <p class='ocr_par' dir='ltr' id='par_1_45' title="bbox 374 4348 2034 4422">
     <span class='ocr_line' id='line_1_45' title="bbox 374 4348 2034 4422; baseline 0.002 -19"><span class='ocrx_word' id='word_1_263' title='bbox 374 4349 424 4404; x_wconf 92' lang='lat' dir='ltr'><strong>ei</strong></span> <span class='ocrx_word' id='word_1_264' title='bbox 445 4348 878 4421; x_wconf 86' lang='lat' dir='ltr'><strong>inﬂigerentur.</strong></span> <span class='ocrx_word' id='word_1_265' title='bbox 898 4349 1015 4403; x_wconf 90' lang='lat' dir='ltr'><strong>Hoc</strong></span> <span class='ocrx_word' id='word_1_266' title='bbox 1029 4354 1226 4404; x_wconf 90' lang='lat' dir='ltr'><strong>autem</strong></span> <span class='ocrx_word' id='word_1_267' title='bbox 1244 4355 1542 4404; x_wconf 85' lang='lat' dir='ltr'><strong>tormento</strong></span> <span class='ocrx_word' id='word_1_268' title='bbox 1566 4357 1822 4422; x_wconf 79' lang='lat' dir='ltr'><strong>ereptus.</strong></span> <span class='ocrx_word' id='word_1_269' title='bbox 1840 4351 2034 4407; x_wconf 89' lang='lat' dir='ltr'><strong>denuo</strong></span> 
     </span>
    </p>
   </div>
   <div class='ocr_carea' id='block_1_46' title="bbox 357 4436 2030 4510">
    <p class='ocr_par' dir='ltr' id='par_1_46' title="bbox 357 4436 2030 4510">
     <span class='ocr_line' id='line_1_46' title="bbox 357 4436 2030 4510; baseline 0.002 -18"><span class='ocrx_word' id='word_1_270' title='bbox 357 4437 572 4509; x_wconf 89' lang='lat' dir='ltr'><strong>jussus</strong></span> <span class='ocrx_word' id='word_1_271' title='bbox 604 4442 694 4492; x_wconf 91' lang='lat' dir='ltr'><strong>est</strong></span> <span class='ocrx_word' id='word_1_272' title='bbox 723 4436 1026 4491; x_wconf 89' lang='lat' dir='ltr'><strong>Christum</strong></span> <span class='ocrx_word' id='word_1_273' title='bbox 1059 4453 1302 4510; x_wconf 87' lang='lat' dir='ltr'><strong>negare,</strong></span> <span class='ocrx_word' id='word_1_274' title='bbox 1355 4443 1414 4492; x_wconf 92' lang='lat' dir='ltr'><strong>et</strong></span> <span class='ocrx_word' id='word_1_275' title='bbox 1443 4438 1622 4494; x_wconf 90' lang='lat' dir='ltr'><strong>idolis</strong></span> <span class='ocrx_word' id='word_1_276' title='bbox 1674 4440 2030 4496; x_wconf 87' lang='lat' dir='ltr'><strong>sacriﬁcare.</strong></span> 
     </span>
    </p>
   </div>
   <div class='ocr_carea' id='block_1_47' title="bbox 368 4523 2046 4588">
    <p class='ocr_par' dir='ltr' id='par_1_47' title="bbox 368 4523 2046 4588">
     <span class='ocr_line' id='line_1_47' title="bbox 368 4523 2046 4588; baseline 0.001 -10"><span class='ocrx_word' id='word_1_277' title='bbox 368 4523 534 4588; x_wconf 88' lang='lat' dir='ltr'><strong>Quod</strong></span> <span class='ocrx_word' id='word_1_278' title='bbox 565 4540 701 4578; x_wconf 91' lang='lat' dir='ltr'><strong>cum</strong></span> <span class='ocrx_word' id='word_1_279' title='bbox 733 4523 926 4578; x_wconf 87' lang='lat' dir='ltr'><strong>facere</strong></span> <span class='ocrx_word' id='word_1_280' title='bbox 971 4523 1178 4585; x_wconf 86' lang='lat' dir='ltr'><strong>nollet,</strong></span> <span class='ocrx_word' id='word_1_281' title='bbox 1241 4524 1492 4579; x_wconf 90' lang='lat' dir='ltr'><strong>vinculis</strong></span> <span class='ocrx_word' id='word_1_282' title='bbox 1547 4526 1925 4588; x_wconf 87' lang='lat' dir='ltr'><strong>constrictus,</strong></span> <span class='ocrx_word' id='word_1_283' title='bbox 1960 4527 2046 4582; x_wconf 57' lang='lat' dir='ltr'><strong>ad.</strong></span> 
     </span>
    </p>
   </div>
   <div class='ocr_carea' id='block_1_48' title="bbox 369 4610 2104 4712">
    <p class='ocr_par' dir='ltr' id='par_1_48' title="bbox 369 4610 2104 4712">
     <span class='ocr_line' id='line_1_48' title="bbox 369 4610 2104 4712; baseline 0.004 -48"><span class='ocrx_word' id='word_1_284' title='bbox 369 4610 571 4665; x_wconf 91' lang='lat' dir='ltr'><strong>locum</strong></span> <span class='ocrx_word' id='word_1_285' title='bbox 604 4610 878 4709; x_wconf 85' lang='lat' dir='ltr'><strong>supplicii</strong></span> <span class='ocrx_word' id='word_1_286' title='bbox 910 4610 1202 4710; x_wconf 80' lang='lat' dir='ltr'><strong>adductus</strong></span> <span class='ocrx_word' id='word_1_287' title='bbox 1233 4617 1344 4679; x_wconf 93' lang='lat' dir='ltr'><strong>est,</strong></span> <span class='ocrx_word' id='word_1_288' title='bbox 1376 4617 1440 4666; x_wconf 86' lang='lat' dir='ltr'><strong>ut</strong></span> <span class='ocrx_word' id='word_1_289' title='bbox 1471 4612 1551 4667; x_wconf 92' lang='lat' dir='ltr'><strong>ibi</strong></span> <span class='ocrx_word' id='word_1_290' title='bbox 1586 4614 1777 4685; x_wconf 89' lang='lat' dir='ltr'><strong>capite</strong></span> <span class='ocrx_word' id='word_1_291' title='bbox 1809 4615 2033 4685; x_wconf 90' lang='lat' dir='ltr'><strong>plecte—</strong></span> <span class='ocrx_word' id='word_1_292' title='bbox 2057 4648 2104 4712; x_wconf 83' lang='lat' dir='ltr'><strong>D</strong></span> 
     </span>
    </p>
   </div>
   <div class='ocr_carea' id='block_1_49' title="bbox 370 4699 2034 4773">
    <p class='ocr_par' dir='ltr' id='par_1_49' title="bbox 370 4699 2034 4773">
     <span class='ocr_line' id='line_1_49' title="bbox 370 4699 2034 4773; baseline 0.004 -21"><span class='ocrx_word' id='word_1_293' title='bbox 370 4705 554 4753; x_wconf 89' lang='lat' dir='ltr'><strong>retur.</strong></span> <span class='ocrx_word' id='word_1_294' title='bbox 594 4703 658 4753; x_wconf 83' lang='lat' dir='ltr'><strong>At</strong></span> <span class='ocrx_word' id='word_1_295' title='bbox 689 4699 944 4753; x_wconf 90' lang='lat' dir='ltr'><strong>vinculis</strong></span> <span class='ocrx_word' id='word_1_296' title='bbox 977 4699 1038 4754; x_wconf 88' lang='lat' dir='ltr'><strong>in</strong></span> <span class='ocrx_word' id='word_1_297' title='bbox 1088 4700 1300 4754; x_wconf 88' lang='lat' dir='ltr'><strong>itinere</strong></span> <span class='ocrx_word' id='word_1_298' title='bbox 1349 4701 1626 4773; x_wconf 91' lang='lat' dir='ltr'><strong>diruptis,</strong></span> <span class='ocrx_word' id='word_1_299' title='bbox 1651 4703 1849 4771; x_wconf 79' lang='lat' dir='ltr'><strong>fugam</strong></span> <span class='ocrx_word' id='word_1_300' title='bbox 1883 4704 2034 4758; x_wconf 89' lang='lat' dir='ltr'><strong>arri-</strong></span> 
     </span>
    </p>
   </div>
   <div class='ocr_carea' id='block_1_50' title="bbox 371 4784 2033 4859">
    <p class='ocr_par' dir='ltr' id='par_1_50' title="bbox 371 4784 2033 4859">
     <span class='ocr_line' id='line_1_50' title="bbox 371 4784 2033 4859; baseline 0.004 -17"><span class='ocrx_word' id='word_1_301' title='bbox 371 4789 521 4859; x_wconf 89' lang='lat' dir='ltr'><strong>puit,</strong></span> <span class='ocrx_word' id='word_1_302' title='bbox 555 4792 614 4841; x_wconf 89' lang='lat' dir='ltr'><strong>et</strong></span> <span class='ocrx_word' id='word_1_303' title='bbox 643 4803 718 4842; x_wconf 86' lang='lat' dir='ltr'><strong>ne</strong></span> <span class='ocrx_word' id='word_1_304' title='bbox 747 4787 943 4859; x_wconf 86' lang='lat' dir='ltr'><strong>gladio</strong></span> <span class='ocrx_word' id='word_1_305' title='bbox 975 4788 1217 4858; x_wconf 89' lang='lat' dir='ltr'><strong>periret,</strong></span> <span class='ocrx_word' id='word_1_306' title='bbox 1267 4784 1554 4846; x_wconf 87' lang='lat' dir='ltr'><strong>liberatus</strong></span> <span class='ocrx_word' id='word_1_307' title='bbox 1584 4797 1692 4848; x_wconf 81' lang='lat' dir='ltr'><strong>est.</strong></span> <span class='ocrx_word' id='word_1_308' title='bbox 1723 4796 1866 4848; x_wconf 84' lang='lat' dir='ltr'><strong>Cum</strong></span> <span class='ocrx_word' id='word_1_309' title='bbox 1899 4810 2033 4848; x_wconf 90' lang='lat' dir='ltr'><strong>vero</strong></span> 
     </span>
    </p>
   </div>
   <div class='ocr_carea' id='block_1_51' title="bbox 373 4876 2038 4951">
    <p class='ocr_par' dir='ltr' id='par_1_51' title="bbox 373 4876 2038 4951">
     <span class='ocr_line' id='line_1_51' title="bbox 373 4876 2038 4951; baseline 0.004 -20"><span class='ocrx_word' id='word_1_310' title='bbox 373 4877 435 4932; x_wconf 91' lang='lat' dir='ltr'><strong>in</strong></span> <span class='ocrx_word' id='word_1_311' title='bbox 469 4876 667 4932; x_wconf 91' lang='lat' dir='ltr'><strong>locum</strong></span> <span class='ocrx_word' id='word_1_312' title='bbox 699 4877 1018 4947; x_wconf 88' lang='lat' dir='ltr'><strong>quemdam</strong></span> <span class='ocrx_word' id='word_1_313' title='bbox 1042 4879 1346 4948; x_wconf 87' lang='lat' dir='ltr'><strong>evasisset,</strong></span> <span class='ocrx_word' id='word_1_314' title='bbox 1371 4881 1450 4934; x_wconf 91' lang='lat' dir='ltr'><strong>ibi</strong></span> <span class='ocrx_word' id='word_1_315' title='bbox 1483 4898 1861 4951; x_wconf 86' lang='lat' dir='ltr'><strong>permanens,</strong></span> <span class='ocrx_word' id='word_1_316' title='bbox 1895 4884 2038 4938; x_wconf 88' lang='lat' dir='ltr'><strong>assi-</strong></span> 
     </span>
    </p>
   </div>
   <div class='ocr_carea' id='block_1_52' title="bbox 374 4966 2037 5038">
    <p class='ocr_par' dir='ltr' id='par_1_52' title="bbox 374 4966 2037 5038">
     <span class='ocr_line' id='line_1_52' title="bbox 374 4966 2037 5038; baseline 0.005 -19"><span class='ocrx_word' id='word_1_317' title='bbox 374 4966 641 5037; x_wconf 89' lang='lat' dir='ltr'><strong>duasque</strong></span> <span class='ocrx_word' id='word_1_318' title='bbox 665 4967 782 5021; x_wconf 89' lang='lat' dir='ltr'><strong>Deo</strong></span> <span class='ocrx_word' id='word_1_319' title='bbox 803 4983 1009 5038; x_wconf 88' lang='lat' dir='ltr'><strong>preces</strong></span> <span class='ocrx_word' id='word_1_320' title='bbox 1033 4970 1308 5034; x_wconf 77' lang='lat' dir='ltr'><strong>oﬁerens,</strong></span> <span class='ocrx_word' id='word_1_321' title='bbox 1334 4969 1516 5025; x_wconf 90' lang='lat' dir='ltr'><strong>alacri</strong></span> <span class='ocrx_word' id='word_1_322' title='bbox 1537 4972 1738 5025; x_wconf 87' lang='lat' dir='ltr'><strong>animo</strong></span> <span class='ocrx_word' id='word_1_323' title='bbox 1771 4972 2037 5027; x_wconf 85' lang='lat' dir='ltr'><strong>functam</strong></span> 
     </span>
    </p>
   </div>
   <div class='ocr_carea' id='block_1_53' title="bbox 376 5059 2038 5136">
    <p class='ocr_par' dir='ltr' id='par_1_53' title="bbox 376 5059 2038 5136">
     <span class='ocr_line' id='line_1_53' title="bbox 376 5059 2038 5136; baseline 0.004 -23"><span class='ocrx_word' id='word_1_324' title='bbox 376 5059 662 5129; x_wconf 89' lang='lat' dir='ltr'><strong>martyrio</strong></span> <span class='ocrx_word' id='word_1_325' title='bbox 695 5059 958 5114; x_wconf 90' lang='lat' dir='ltr'><strong>animam</strong></span> <span class='ocrx_word' id='word_1_326' title='bbox 994 5061 1112 5116; x_wconf 92' lang='lat' dir='ltr'><strong>Deo</strong></span> <span class='ocrx_word' id='word_1_327' title='bbox 1146 5061 1423 5128; x_wconf 90' lang='lat' dir='ltr'><strong>reddidit,</strong></span> <span class='ocrx_word' id='word_1_328' title='bbox 1473 5079 1756 5118; x_wconf 89' lang='lat' dir='ltr'><strong>coronam</strong></span> <span class='ocrx_word' id='word_1_329' title='bbox 1787 5065 2038 5136; x_wconf 87' lang='lat' dir='ltr'><strong>adeptus</strong></span> 
     </span>
    </p>
   </div>
   <div class='ocr_carea' id='block_1_54' title="bbox 374 5152 1687 5210">
    <p class='ocr_par' dir='ltr' id='par_1_54' title="bbox 374 5152 1687 5210">
     <span class='ocr_line' id='line_1_54' title="bbox 374 5152 1687 5210; baseline 0.002 -5"><span class='ocrx_word' id='word_1_330' title='bbox 374 5152 940 5207; x_wconf 88' lang='lat' dir='ltr'><strong>immarcescibilem</strong></span> <span class='ocrx_word' id='word_1_331' title='bbox 972 5159 1030 5208; x_wconf 89' lang='lat' dir='ltr'><strong>et</strong></span> <span class='ocrx_word' id='word_1_332' title='bbox 1059 5153 1237 5209; x_wconf 86' lang='lat' dir='ltr'><strong>vitam</strong></span> <span class='ocrx_word' id='word_1_333' title='bbox 1270 5153 1687 5210; x_wconf 89' lang='lat' dir='ltr'><strong>immortalem.</strong></span> 
     </span>
    </p>
   </div>
   <div class='ocr_carea' id='block_1_55' title="bbox 382 5285 2040 5412">
    <p class='ocr_par' dir='ltr' id='par_1_55' title="bbox 382 5285 2040 5412">
     <span class='ocr_line' id='line_1_55' title="bbox 382 5285 2040 5412; baseline 0.004 -72"><span class='ocrx_word' id='word_1_334' title='bbox 382 5285 483 5340; x_wconf 70' lang='lat'><strong>48</strong></span> <span class='ocrx_word' id='word_1_335' title='bbox 516 5287 582 5340; x_wconf 88' lang='lat' dir='ltr'><strong>Et</strong></span> <span class='ocrx_word' id='word_1_336' title='bbox 613 5287 878 5341; x_wconf 84' lang='lat' dir='ltr'><strong>memoria</strong></span> <span class='ocrx_word' id='word_1_337' title='bbox 924 5289 1101 5342; x_wconf 87' lang='lat' dir='ltr'><strong>sancti</strong></span> <span class='ocrx_word' id='word_1_338' title='bbox 1113 5287 1316 5412; x_wconf 51' lang='grc' dir='ltr'><strong>ἔπινες</strong></span> <span class='ocrx_word' id='word_1_339' title='bbox 1346 5289 1521 5342; x_wconf 80' lang='lat' dir='ltr'><strong>nostri</strong></span> <span class='ocrx_word' id='word_1_340' title='bbox 1551 5286 1825 5343; x_wconf 67' lang='lat' dir='ltr'><strong>Caelestini</strong></span> <span class='ocrx_word' id='word_1_341' title='bbox 1871 5305 2040 5360; x_wconf 59' lang='lat' dir='ltr'><strong>papa</strong></span> 
     </span>
     <span class='ocr_line' id='line_1_56' title="bbox 1160 5374 1312 5412; baseline -0.007 0"><span class='ocrx_word' id='word_1_342' title='bbox 1160 5374 1312 5412; x_wconf 67' lang='lat' dir='ltr'><strong>amas.</strong></span> 
     </span>
    </p>
   </div>
   <div class='ocr_carea' id='block_1_56' title="bbox 1160 5374 1312 5412">
    <p class='ocr_par' dir='ltr' id='par_1_56' title="bbox 1160 5374 1312 5412">
     <span class='ocr_line' id='line_1_57' title="bbox 1160 5374 1312 5412; baseline -0.007 0"><span class='ocrx_word' id='word_1_343' title='bbox 1160 5374 1312 5412; x_wconf 63' lang='grc' dir='ltr'>οηιω.</span> 
     </span>
    </p>
   </div>
   <div class='ocr_carea' id='block_1_57' title="bbox 455 5474 2043 5549">
    <p class='ocr_par' dir='ltr' id='par_1_57' title="bbox 455 5474 2043 5549">
     <span class='ocr_line' id='line_1_58' title="bbox 455 5474 2043 5549; baseline 0.004 -19"><span class='ocrx_word' id='word_1_344' title='bbox 455 5475 706 5531; x_wconf 88' lang='lat' dir='ltr'><strong>Sanctus</strong></span> <span class='ocrx_word' id='word_1_345' title='bbox 768 5477 941 5530; x_wconf 86' lang='lat' dir='ltr'><strong>Pater</strong></span> <span class='ocrx_word' id='word_1_346' title='bbox 997 5480 1204 5529; x_wconf 89' lang='lat' dir='ltr'><strong>noster</strong></span> <span class='ocrx_word' id='word_1_347' title='bbox 1271 5474 1645 5543; x_wconf 74' lang='lat' dir='ltr'><strong>Caelestinus,</strong></span> <span class='ocrx_word' id='word_1_348' title='bbox 1707 5477 2043 5549; x_wconf 89' lang='lat' dir='ltr'><strong>imperante</strong></span> 
     </span>
    </p>
   </div>
   <div class='ocr_carea' id='block_1_58' title="bbox 385 5563 2043 5633">
    <p class='ocr_par' dir='ltr' id='par_1_58' title="bbox 385 5563 2043 5633">
     <span class='ocr_line' id='line_1_59' title="bbox 385 5563 2043 5633; baseline 0.005 -15"><span class='ocrx_word' id='word_1_349' title='bbox 385 5563 715 5619; x_wconf 89' lang='lat' dir='ltr'><strong>Theodosio</strong></span> <span class='ocrx_word' id='word_1_350' title='bbox 751 5564 1015 5630; x_wconf 86' lang='lat' dir='ltr'><strong>Juniore,</strong></span> <span class='ocrx_word' id='word_1_351' title='bbox 1049 5563 1110 5617; x_wconf 91' lang='lat' dir='ltr'><strong>in</strong></span> <span class='ocrx_word' id='word_1_352' title='bbox 1142 5565 1409 5619; x_wconf 82' lang='lat' dir='ltr'><strong>Romana</strong></span> <span class='ocrx_word' id='word_1_353' title='bbox 1441 5564 1694 5620; x_wconf 88' lang='lat' dir='ltr'><strong>ecclesia</strong></span> <span class='ocrx_word' id='word_1_354' title='bbox 1725 5566 1948 5633; x_wconf 86' lang='lat' dir='ltr'><strong>ﬂoruit,</strong></span> <span class='ocrx_word' id='word_1_355' title='bbox 1981 5571 2043 5626; x_wconf 90' lang='lat' dir='ltr'><strong>in</strong></span> 
     </span>
    </p>
   </div>
   <div class='ocr_carea' id='block_1_59' title="bbox 387 5653 2044 5731">
    <p class='ocr_par' dir='ltr' id='par_1_59' title="bbox 387 5653 2044 5731">
     <span class='ocr_line' id='line_1_60' title="bbox 387 5653 2044 5731; baseline 0.005 -25"><span class='ocrx_word' id='word_1_356' title='bbox 387 5653 661 5708; x_wconf 90' lang='lat' dir='ltr'><strong>omnium</strong></span> <span class='ocrx_word' id='word_1_357' title='bbox 721 5654 1006 5708; x_wconf 91' lang='lat' dir='ltr'><strong>virtutum</strong></span> <span class='ocrx_word' id='word_1_358' title='bbox 1067 5653 1490 5710; x_wconf 87' lang='lat' dir='ltr'><strong>exercitatione</strong></span> <span class='ocrx_word' id='word_1_359' title='bbox 1527 5695 1540 5721; x_wconf 92' lang='lat'><strong>,</strong></span> <span class='ocrx_word' id='word_1_360' title='bbox 1588 5654 2044 5731; x_wconf 86' lang='lat' dir='ltr'><strong>divinarumque</strong></span> 
     </span>
    </p>
   </div>
   <div class='ocr_carea' id='block_1_60' title="bbox 385 5741 2042 5815">
    <p class='ocr_par' dir='ltr' id='par_1_60' title="bbox 385 5741 2042 5815">
     <span class='ocr_line' id='line_1_61' title="bbox 385 5741 2042 5815; baseline 0.009 -19"><span class='ocrx_word' id='word_1_361' title='bbox 385 5741 825 5815; x_wconf 86' lang='lat' dir='ltr'><strong>Scripturarum</strong></span> <span class='ocrx_word' id='word_1_362' title='bbox 859 5745 1244 5803; x_wconf 85' lang='lat' dir='ltr'><strong>meditatione</strong></span> <span class='ocrx_word' id='word_1_363' title='bbox 1277 5753 1564 5804; x_wconf 83' lang='lat' dir='ltr'><strong>versatus.</strong></span> <span class='ocrx_word' id='word_1_364' title='bbox 1618 5749 1756 5814; x_wconf 85' lang='lat' dir='ltr'><strong>Post</strong></span> <span class='ocrx_word' id='word_1_365' title='bbox 1788 5759 2042 5811; x_wconf 87' lang='lat' dir='ltr'><strong>mortem</strong></span> 
     </span>
    </p>
   </div>
   <div class='ocr_carea' id='block_1_61' title="bbox 2136 619 3780 698">
    <p class='ocr_par' dir='ltr' id='par_1_61' title="bbox 2136 619 3780 698">
     <span class='ocr_line' id='line_1_62' title="bbox 2136 619 3780 698; baseline 0 -22"><span class='ocrx_word' id='word_1_366' title='bbox 2136 625 2311 676; x_wconf 85' lang='grc' dir='ltr'>Δοῦσα</span> <span class='ocrx_word' id='word_1_367' title='bbox 2342 619 2399 677; x_wconf 75' lang='grc' dir='ltr'>δὲ</span> <span class='ocrx_word' id='word_1_368' title='bbox 2427 624 2461 693; x_wconf 75' lang='grc' dir='ltr'><strong>ἠ</strong></span> <span class='ocrx_word' id='word_1_369' title='bbox 2498 625 2684 698; x_wconf 78' lang='grc' dir='ltr'>μήτηρ</span> <span class='ocrx_word' id='word_1_370' title='bbox 2716 622 2881 678; x_wconf 77' lang='grc' dir='ltr'>αὐτοῦ</span> <span class='ocrx_word' id='word_1_371' title='bbox 2936 629 3052 686; x_wconf 85' lang='grc' dir='ltr'>τοῖς</span> <span class='ocrx_word' id='word_1_372' title='bbox 3110 621 3336 696; x_wconf 73' lang='grc' dir='ltr'>δημίοις</span> <span class='ocrx_word' id='word_1_373' title='bbox 3393 623 3552 677; x_wconf 69' lang='grc' dir='ltr'>πέντε</span> <span class='ocrx_word' id='word_1_374' title='bbox 3583 621 3780 697; x_wconf 74' lang='grc' dir='ltr'>χρυσί-</span> 
     </span>
    </p>
   </div>
   <div class='ocr_carea' id='block_1_62' title="bbox 2133 711 3788 786">
    <p class='ocr_par' dir='ltr' id='par_1_62' title="bbox 2133 711 3788 786">
     <span class='ocr_line' id='line_1_63' title="bbox 2133 711 3788 786; baseline 0.002 -21"><span class='ocrx_word' id='word_1_375' title='bbox 2133 731 2281 779; x_wconf 90' lang='grc' dir='ltr'>νους,</span> <span class='ocrx_word' id='word_1_376' title='bbox 2342 711 2704 786; x_wconf 72' lang='grc' dir='ltr'>παρεκάλεσεν</span> <span class='ocrx_word' id='word_1_377' title='bbox 2761 712 2976 779; x_wconf 70' lang='grc' dir='ltr'>αὐτοὺς,</span> <span class='ocrx_word' id='word_1_378' title='bbox 3037 715 3114 786; x_wconf 75' lang='grc' dir='ltr'><strong>μή</strong></span> <span class='ocrx_word' id='word_1_379' title='bbox 3175 711 3384 785; x_wconf 78' lang='grc' dir='ltr'>ὁμοίως</span> <span class='ocrx_word' id='word_1_380' title='bbox 3433 717 3514 784; x_wconf 80' lang='grc' dir='ltr'><strong>τῷ</strong></span> <span class='ocrx_word' id='word_1_381' title='bbox 3570 714 3788 786; x_wconf 88' lang='grc' dir='ltr'>Χριστῷ</span> 
     </span>
    </p>
   </div>
   <div class='ocr_carea' id='block_1_63' title="bbox 2135 800 3786 878">
    <p class='ocr_par' dir='ltr' id='par_1_63' title="bbox 2135 800 3786 878">
     <span class='ocr_line' id='line_1_64' title="bbox 2135 800 3786 878; baseline 0.001 -25"><span class='ocrx_word' id='word_1_382' title='bbox 2135 805 2442 873; x_wconf 77' lang='grc' dir='ltr'>σταυρῶσαι</span> <span class='ocrx_word' id='word_1_383' title='bbox 2471 803 2562 856; x_wconf 88' lang='grc' dir='ltr'>τὸν</span> <span class='ocrx_word' id='word_1_384' title='bbox 2598 802 2712 856; x_wconf 77' lang='grc' dir='ltr'>υἱὸν</span> <span class='ocrx_word' id='word_1_385' title='bbox 2745 800 2934 872; x_wconf 73' lang='grc' dir='ltr'>αὐτῆς,</span> <span class='ocrx_word' id='word_1_386' title='bbox 2973 801 3119 858; x_wconf 84' lang='grc' dir='ltr'><strong>ἀλλά</strong></span> <span class='ocrx_word' id='word_1_387' title='bbox 3175 802 3311 856; x_wconf 76' lang='grc' dir='ltr'>κατὰ</span> <span class='ocrx_word' id='word_1_388' title='bbox 3366 807 3631 878; x_wconf 66' lang='grc' dir='ltr'>κεφαλῆς.</span> <span class='ocrx_word' id='word_1_389' title='bbox 3687 800 3786 856; x_wconf 81' lang='grc' dir='ltr'>Καὶ</span> 
     </span>
    </p>
   </div>
   <div class='ocr_carea' id='block_1_64' title="bbox 2138 888 3798 966">
    <p class='ocr_par' dir='ltr' id='par_1_64' title="bbox 2138 888 3798 966">
     <span class='ocr_line' id='line_1_65' title="bbox 2138 888 3798 966; baseline 0.002 -23"><span class='ocrx_word' id='word_1_390' title='bbox 2138 890 2470 957; x_wconf 73' lang='grc' dir='ltr'>σταυρωθεὶς</span> <span class='ocrx_word' id='word_1_391' title='bbox 2525 889 2642 966; x_wconf 82' lang='grc' dir='ltr'>ὥρᾳ</span> <span class='ocrx_word' id='word_1_392' title='bbox 2695 888 2852 966; x_wconf 76' lang='grc' dir='ltr'>τρίτῃ</span> <span class='ocrx_word' id='word_1_393' title='bbox 2915 898 3016 960; x_wconf 82' lang='grc' dir='ltr'><strong>τῆς</strong></span> <span class='ocrx_word' id='word_1_394' title='bbox 3073 896 3448 964; x_wconf 78' lang='grc' dir='ltr'>Παρασκευῆς,</span> <span class='ocrx_word' id='word_1_395' title='bbox 3509 888 3798 965; x_wconf 75' lang='grc' dir='ltr'>παρέδωκε</span> 
     </span>
    </p>
   </div>
   <div class='ocr_carea' id='block_1_65' title="bbox 2136 979 3799 1056">
    <p class='ocr_par' dir='ltr' id='par_1_65' title="bbox 2136 979 3799 1056">
     <span class='ocr_line' id='line_1_66' title="bbox 2136 979 3799 1056; baseline 0.001 -23"><span class='ocrx_word' id='word_1_396' title='bbox 2136 979 2200 1033; x_wconf 88' lang='grc' dir='ltr'>τὸ</span> <span class='ocrx_word' id='word_1_397' title='bbox 2253 985 2485 1052; x_wconf 88' lang='grc' dir='ltr'>πνεῦμα.</span> <span class='ocrx_word' id='word_1_398' title='bbox 2540 981 2635 1035; x_wconf 84' lang='grc' dir='ltr'><strong>Καὶ</strong></span> <span class='ocrx_word' id='word_1_399' title='bbox 2696 979 3026 1035; x_wconf 80' lang='grc' dir='ltr'><strong>ἐπιπεσοῦσα</strong></span> <span class='ocrx_word' id='word_1_400' title='bbox 3089 980 3236 1052; x_wconf 81' lang='grc' dir='ltr'><strong>αὐτῷ</strong></span> <span class='ocrx_word' id='word_1_401' title='bbox 3279 982 3314 1051; x_wconf 77' lang='grc' dir='ltr'><strong>ἡ</strong></span> <span class='ocrx_word' id='word_1_402' title='bbox 3360 981 3545 1056; x_wconf 80' lang='grc' dir='ltr'>μήτηρ</span> <span class='ocrx_word' id='word_1_403' title='bbox 3603 979 3799 1051; x_wconf 77' lang='grc' dir='ltr'>αὐτοῦ,</span> 
     </span>
    </p>
   </div>
   <div class='ocr_carea' id='block_1_66' title="bbox 2139 1066 2682 1145">
    <p class='ocr_par' dir='ltr' id='par_1_66' title="bbox 2139 1066 2682 1145">
     <span class='ocr_line' id='line_1_67' title="bbox 2139 1066 2682 1145; baseline 0.007 -23"><span class='ocrx_word' id='word_1_404' title='bbox 2139 1066 2315 1145; x_wconf 69' lang='grc' dir='ltr'>ἀφῆκε</span> <span class='ocrx_word' id='word_1_405' title='bbox 2344 1070 2442 1139; x_wconf 84' lang='grc' dir='ltr'><strong>τήν</strong></span> <span class='ocrx_word' id='word_1_406' title='bbox 2475 1071 2682 1145; x_wconf 84' lang='grc' dir='ltr'>ψυχήν.</span> 
     </span>
    </p>
   </div>
   <div class='ocr_carea' id='block_1_67' title="bbox 2144 1408 3799 1488">
    <p class='ocr_par' dir='ltr' id='par_1_67' title="bbox 2144 1408 3799 1488">
     <span class='ocr_line' id='line_1_68' title="bbox 2144 1408 3799 1488; baseline 0.001 -24"><span class='ocrx_word' id='word_1_407' title='bbox 2144 1408 2243 1464; x_wconf 78' lang='grc' dir='ltr'>Καὶ</span> <span class='ocrx_word' id='word_1_408' title='bbox 2273 1409 2508 1482; x_wconf 78' lang='grc' dir='ltr'><strong>ἄθλησις</strong></span> <span class='ocrx_word' id='word_1_409' title='bbox 2536 1415 2644 1467; x_wconf 80' lang='grc' dir='ltr'><strong>τῶν</strong></span> <span class='ocrx_word' id='word_1_410' title='bbox 2670 1410 2838 1488; x_wconf 79' lang='grc' dir='ltr'>ᾁγίων</span> <span class='ocrx_word' id='word_1_411' title='bbox 2876 1411 3484 1488; x_wconf 44' lang='grc' dir='ltr'>μαρτιξρων-Ῥουφίνου</span> <span class='ocrx_word' id='word_1_412' title='bbox 3511 1409 3799 1486; x_wconf 80' lang='grc' dir='ltr'><strong>διακόνου,</strong></span> 
     </span>
    </p>
   </div>
   <div class='ocr_carea' id='block_1_68' title="bbox 2605 1481 3322 1554">
    <p class='ocr_par' dir='ltr' id='par_1_68' title="bbox 2605 1481 3322 1554">
     <span class='ocr_line' id='line_1_69' title="bbox 2605 1481 3322 1554; baseline 0.004 -16"><span class='ocrx_word' id='word_1_413' title='bbox 2605 1484 2696 1538; x_wconf 84' lang='grc' dir='ltr'><strong>καὶ</strong></span> <span class='ocrx_word' id='word_1_414' title='bbox 2718 1481 2828 1554; x_wconf 70' lang='grc' dir='ltr'><strong>τῆς</strong></span> <span class='ocrx_word' id='word_1_415' title='bbox 2861 1481 3111 1547; x_wconf 75' lang='grc' dir='ltr'>συνοδίας</span> <span class='ocrx_word' id='word_1_416' title='bbox 3137 1483 3322 1541; x_wconf 77' lang='grc' dir='ltr'>αὐτοῦ.</span> 
     </span>
    </p>
   </div>
   <div class='ocr_carea' id='block_1_69' title="bbox 2217 1599 3796 1676">
    <p class='ocr_par' dir='ltr' id='par_1_69' title="bbox 2217 1599 3796 1676">
     <span class='ocr_line' id='line_1_70' title="bbox 2217 1599 3796 1676; baseline 0.001 -22"><span class='ocrx_word' id='word_1_417' title='bbox 2217 1600 2321 1654; x_wconf 84' lang='grc' dir='ltr'>Επί</span> <span class='ocrx_word' id='word_1_418' title='bbox 2383 1600 2479 1667; x_wconf 72' lang='grc' dir='ltr'>τῆς</span> <span class='ocrx_word' id='word_1_419' title='bbox 2545 1599 2820 1674; x_wconf 79' lang='grc' dir='ltr'><strong>βασιλείας</strong></span> <span class='ocrx_word' id='word_1_420' title='bbox 2875 1605 2973 1656; x_wconf 84' lang='grc' dir='ltr'><strong>τοῦ</strong></span> <span class='ocrx_word' id='word_1_421' title='bbox 3043 1602 3366 1676; x_wconf 80' lang='grc' dir='ltr'><strong>παρανόμου</strong></span> <span class='ocrx_word' id='word_1_422' title='bbox 3441 1601 3796 1674; x_wconf 79' lang='grc' dir='ltr'>Μαξιμίνου.,</span> 
     </span>
    </p>
   </div>
   <div class='ocr_carea' id='block_1_70' title="bbox 2144 1684 3798 1766">
    <p class='ocr_par' dir='ltr' id='par_1_70' title="bbox 2144 1684 3798 1766">
     <span class='ocr_line' id='line_1_71' title="bbox 2144 1684 3798 1766; baseline 0.003 -27"><span class='ocrx_word' id='word_1_423' title='bbox 2144 1684 2397 1760; x_wconf 84' lang='grc' dir='ltr'>διωγμοῦ</span> <span class='ocrx_word' id='word_1_424' title='bbox 2423 1687 2662 1763; x_wconf 76' lang='grc' dir='ltr'>μεγάΛου</span> <span class='ocrx_word' id='word_1_425' title='bbox 2719 1690 2856 1744; x_wconf 82' lang='grc' dir='ltr'><strong>κατά</strong></span> <span class='ocrx_word' id='word_1_426' title='bbox 2893 1694 3002 1744; x_wconf 81' lang='grc' dir='ltr'>τῶν</span> <span class='ocrx_word' id='word_1_427' title='bbox 3062 1691 3397 1766; x_wconf 69' lang='grc' dir='ltr'>Χριστιανῶν</span> <span class='ocrx_word' id='word_1_428' title='bbox 3459 1688 3798 1760; x_wconf 69' lang='grc' dir='ltr'>κινηθέντος,</span> 
     </span>
    </p>
   </div>
   <div class='ocr_carea' id='block_1_71' title="bbox 2142 1775 3801 1854">
    <p class='ocr_par' dir='ltr' id='par_1_71' title="bbox 2142 1775 3801 1854">
     <span class='ocr_line' id='line_1_72' title="bbox 2142 1775 3801 1854; baseline 0.002 -24"><span class='ocrx_word' id='word_1_429' title='bbox 2142 1781 2247 1839; x_wconf 84' lang='grc' dir='ltr'>πᾶς</span> <span class='ocrx_word' id='word_1_430' title='bbox 2277 1775 2423 1838; x_wconf 80' lang='grc' dir='ltr'>ὅστις</span> <span class='ocrx_word' id='word_1_431' title='bbox 2450 1777 2541 1831; x_wconf 90' lang='grc' dir='ltr'>τὸν</span> <span class='ocrx_word' id='word_1_432' title='bbox 2581 1776 2811 1852; x_wconf 81' lang='grc' dir='ltr'>Χριστὸν</span> <span class='ocrx_word' id='word_1_433' title='bbox 2855 1777 3162 1854; x_wconf 77' lang='grc' dir='ltr'>ὡμολόγει,</span> <span class='ocrx_word' id='word_1_434' title='bbox 3214 1779 3319 1835; x_wconf 85' lang='grc' dir='ltr'>ὑπὸ</span> <span class='ocrx_word' id='word_1_435' title='bbox 3376 1783 3486 1834; x_wconf 84' lang='grc' dir='ltr'>τῶν</span> <span class='ocrx_word' id='word_1_436' title='bbox 3547 1777 3801 1834; x_wconf 83' lang='grc' dir='ltr'>εἱδωλω-</span> 
     </span>
    </p>
   </div>
   <div class='ocr_carea' id='block_1_72' title="bbox 2072 1863 3802 1972">
    <p class='ocr_par' dir='ltr' id='par_1_72' title="bbox 2072 1863 3802 1972">
     <span class='ocr_line' id='line_1_73' title="bbox 2072 1863 3802 1972; baseline 0.002 -53"><span class='ocrx_word' id='word_1_437' title='bbox 2072 1863 2359 1972; x_wconf 71' lang='grc' dir='ltr'><strong>Βλατρὼν</strong></span> <span class='ocrx_word' id='word_1_438' title='bbox 2411 1866 2813 1939; x_wconf 67' lang='grc' dir='ltr'>κρατοῦμενος,</span> <span class='ocrx_word' id='word_1_439' title='bbox 2873 1869 2960 1922; x_wconf 79' lang='grc' dir='ltr'><strong>καὶ</strong></span> <span class='ocrx_word' id='word_1_440' title='bbox 3016 1867 3258 1930; x_wconf 88' lang='grc' dir='ltr'>πολλαῖς</span> <span class='ocrx_word' id='word_1_441' title='bbox 3320 1869 3576 1944; x_wconf 74' lang='grc' dir='ltr'>βασάνοις</span> <span class='ocrx_word' id='word_1_442' title='bbox 3634 1880 3802 1932; x_wconf 78' lang='grc' dir='ltr'>καθυ-</span> 
     </span>
     <span class='ocr_line' id='line_1_74' title="bbox 2228 1949 3731 1972; baseline 0 0"><span class='ocrx_word' id='word_1_443' title='bbox 2228 1949 2258 1972; x_wconf 74' lang='grc' dir='ltr'><strong><em>ρ</em></strong></span> <span class='ocrx_word' id='word_1_444' title='bbox 2301 1953 2359 1972; x_wconf 71' lang='lat'><strong><em>\\</em></strong></span> <span class='ocrx_word' id='word_1_445' title='bbox 2390 1953 2402 1972; x_wconf 84' lang='grc'><strong><em>1</em></strong></span> <span class='ocrx_word' id='word_1_446' title='bbox 2681 1955 2700 1972; x_wconf 54' lang='grc' dir='ltr'><strong>κ</strong></span> <span class='ocrx_word' id='word_1_447' title='bbox 2849 1961 2872 1972; x_wconf 69' lang='grc' dir='ltr'><em>υ</em></span> <span class='ocrx_word' id='word_1_448' title='bbox 2986 1958 3009 1972; x_wconf 73' lang='grc' dir='ltr'><strong>Α</strong></span> <span class='ocrx_word' id='word_1_449' title='bbox 3096 1956 3106 1972; x_wconf 79' lang='grc'><strong><em>1</em></strong></span> <span class='ocrx_word' id='word_1_450' title='bbox 3373 1954 3453 1972; x_wconf 56' lang='grc' dir='ltr'><strong>δικ</strong></span> <span class='ocrx_word' id='word_1_451' title='bbox 3605 1959 3662 1972; x_wconf 63' lang='grc' dir='ltr'><strong>ο--</strong></span> <span class='ocrx_word' id='word_1_452' title='bbox 3721 1957 3731 1972; x_wconf 76' lang='grc' dir='ltr'><strong><em>ι</em></strong></span> 
     </span>
    </p>
   </div>
   <div class='ocr_carea' id='block_1_73' title="bbox 2151 1949 3807 2034">
    <p class='ocr_par' dir='ltr' id='par_1_73' title="bbox 2151 1949 3807 2034">
     <span class='ocr_line' id='line_1_75' title="bbox 2151 1949 3807 2034; baseline 0.001 -26"><span class='ocrx_word' id='word_1_453' title='bbox 2151 1949 2592 2028; x_wconf 82' lang='grc' dir='ltr'>ποϐαλλόμενος,</span> <span class='ocrx_word' id='word_1_454' title='bbox 2621 1955 2930 2011; x_wconf 82' lang='grc' dir='ltr'>τελευταῖον</span> <span class='ocrx_word' id='word_1_455' title='bbox 2984 1956 3194 2030; x_wconf 76' lang='grc' dir='ltr'>θανάτῳ</span> <span class='ocrx_word' id='word_1_456' title='bbox 3227 1954 3574 2034; x_wconf 83' lang='grc' dir='ltr'>παρεδίδοτο.</span> <span class='ocrx_word' id='word_1_457' title='bbox 3605 1957 3807 2032; x_wconf 81' lang='grc' dir='ltr'>’Υπάρ-</span> 
     </span>
    </p>
   </div>
   <div class='ocr_carea' id='block_1_74' title="bbox 2150 2041 3799 2122">
    <p class='ocr_par' dir='ltr' id='par_1_74' title="bbox 2150 2041 3799 2122">
     <span class='ocr_line' id='line_1_76' title="bbox 2150 2041 3799 2122; baseline 0.002 -26"><span class='ocrx_word' id='word_1_458' title='bbox 2150 2061 2267 2116; x_wconf 86' lang='grc' dir='ltr'><strong>χων</strong></span> <span class='ocrx_word' id='word_1_459' title='bbox 2327 2041 2385 2098; x_wconf 73' lang='grc' dir='ltr'>δὲ</span> <span class='ocrx_word' id='word_1_460' title='bbox 2466 2045 2583 2098; x_wconf 85' lang='grc' dir='ltr'>κατ’</span> <span class='ocrx_word' id='word_1_461' title='bbox 2663 2042 2868 2101; x_wconf 81' lang='grc' dir='ltr'>ἐκεῖνον</span> <span class='ocrx_word' id='word_1_462' title='bbox 2951 2045 3047 2101; x_wconf 90' lang='grc' dir='ltr'>τὸν</span> <span class='ocrx_word' id='word_1_463' title='bbox 3133 2047 3322 2122; x_wconf 86' lang='grc' dir='ltr'>καιρὸν</span> <span class='ocrx_word' id='word_1_464' title='bbox 3407 2046 3496 2102; x_wconf 87' lang='grc' dir='ltr'><strong>καὶ</strong></span> <span class='ocrx_word' id='word_1_465' title='bbox 3556 2048 3584 2102; x_wconf 98' lang='lat'><strong>6</strong></span> <span class='ocrx_word' id='word_1_466' title='bbox 3641 2048 3799 2121; x_wconf 78' lang='grc' dir='ltr'>ἅγιος</span> 
     </span>
    </p>
   </div>
   <div class='ocr_carea' id='block_1_75' title="bbox 2149 2130 3794 2210">
    <p class='ocr_par' dir='ltr' id='par_1_75' title="bbox 2149 2130 3794 2210">
     <span class='ocr_line' id='line_1_77' title="bbox 2149 2130 3794 2210; baseline 0.002 -23"><span class='ocrx_word' id='word_1_467' title='bbox 2149 2131 2437 2206; x_wconf 78' lang='grc' dir='ltr'>Ῥουφῖνος</span> <span class='ocrx_word' id='word_1_468' title='bbox 2471 2130 2719 2196; x_wconf 78' lang='grc' dir='ltr'>διάκονος</span> <span class='ocrx_word' id='word_1_469' title='bbox 2749 2137 2850 2199; x_wconf 79' lang='grc' dir='ltr'><strong>τῆς</strong></span> <span class='ocrx_word' id='word_1_470' title='bbox 2877 2134 2974 2190; x_wconf 86' lang='grc' dir='ltr'><strong>τοῦ</strong></span> <span class='ocrx_word' id='word_1_471' title='bbox 3024 2136 3268 2210; x_wconf 86' lang='grc' dir='ltr'>Χριστοῦ</span> <span class='ocrx_word' id='word_1_472' title='bbox 3319 2133 3666 2206; x_wconf 76' lang='grc' dir='ltr'>Ἐκκλησίας,</span> <span class='ocrx_word' id='word_1_473' title='bbox 3701 2135 3794 2190; x_wconf 83' lang='grc' dir='ltr'><strong>καὶ</strong></span> 
     </span>
    </p>
   </div>
   <div class='ocr_carea' id='block_1_76' title="bbox 2149 2219 3796 2298">
    <p class='ocr_par' dir='ltr' id='par_1_76' title="bbox 2149 2219 3796 2298">
     <span class='ocr_line' id='line_1_78' title="bbox 2149 2219 3796 2298; baseline 0.002 -23"><span class='ocrx_word' id='word_1_474' title='bbox 2149 2219 2396 2284; x_wconf 79' lang='grc' dir='ltr'>πολλοὺς</span> <span class='ocrx_word' id='word_1_475' title='bbox 2458 2219 2727 2278; x_wconf 75' lang='grc' dir='ltr'>διδάσκων</span> <span class='ocrx_word' id='word_1_476' title='bbox 2786 2222 2874 2278; x_wconf 77' lang='grc' dir='ltr'><strong>ἐπὶ</strong></span> <span class='ocrx_word' id='word_1_477' title='bbox 2938 2227 3020 2296; x_wconf 82' lang='grc' dir='ltr'><strong>τῷ</strong></span> <span class='ocrx_word' id='word_1_478' title='bbox 3102 2222 3333 2298; x_wconf 81' lang='grc' dir='ltr'>ὀνόματι</span> <span class='ocrx_word' id='word_1_479' title='bbox 3404 2228 3501 2280; x_wconf 86' lang='grc' dir='ltr'><strong>τοῦ</strong></span> <span class='ocrx_word' id='word_1_480' title='bbox 3552 2227 3796 2298; x_wconf 78' lang='grc' dir='ltr'>Χριστοῦ</span> 
     </span>
    </p>
   </div>
   <div class='ocr_carea' id='block_1_77' title="bbox 2148 2307 3808 2392">
    <p class='ocr_par' dir='ltr' id='par_1_77' title="bbox 2148 2307 3808 2392">
     <span class='ocr_line' id='line_1_79' title="bbox 2148 2307 3808 2392; baseline 0.003 -29"><span class='ocrx_word' id='word_1_481' title='bbox 2148 2307 2420 2384; x_wconf 79' lang='grc' dir='ltr'>ἐκρατήθη</span> <span class='ocrx_word' id='word_1_482' title='bbox 2465 2357 2480 2384; x_wconf 91' lang='grc'><strong>,</strong></span> <span class='ocrx_word' id='word_1_483' title='bbox 2531 2310 2622 2366; x_wconf 87' lang='grc' dir='ltr'><strong>καὶ</strong></span> <span class='ocrx_word' id='word_1_484' title='bbox 2680 2311 3010 2383; x_wconf 80' lang='grc' dir='ltr'>ἀπεκλείσθη</span> <span class='ocrx_word' id='word_1_485' title='bbox 3071 2311 3148 2376; x_wconf 82' lang='grc' dir='ltr'>εἷς</span> <span class='ocrx_word' id='word_1_486' title='bbox 3207 2311 3480 2392; x_wconf 76' lang='grc' dir='ltr'>φυλακήν.</span> <span class='ocrx_word' id='word_1_487' title='bbox 3541 2311 3808 2370; x_wconf 76' lang='grc' dir='ltr'>’Δκυλίνα</span> 
     </span>
    </p>
   </div>
   <div class='ocr_carea' id='block_1_78' title="bbox 2150 2395 3797 2476">
    <p class='ocr_par' dir='ltr' id='par_1_78' title="bbox 2150 2395 3797 2476">
     <span class='ocr_line' id='line_1_80' title="bbox 2150 2395 3797 2476; baseline 0.003 -24"><span class='ocrx_word' id='word_1_488' title='bbox 2150 2395 2207 2453; x_wconf 77' lang='grc' dir='ltr'><strong>δέ</strong></span> <span class='ocrx_word' id='word_1_489' title='bbox 2261 2420 2345 2462; x_wconf 88' lang='grc' dir='ltr'><strong>τις</strong></span> <span class='ocrx_word' id='word_1_490' title='bbox 2402 2401 2725 2474; x_wconf 74' lang='grc' dir='ltr'>Χριπιανή,</span> <span class='ocrx_word' id='word_1_491' title='bbox 2787 2399 3218 2476; x_wconf 75' lang='grc' dir='ltr'>ἐπισκεπτομὲνη</span> <span class='ocrx_word' id='word_1_492' title='bbox 3279 2401 3462 2472; x_wconf 78' lang='grc' dir='ltr'>αὐτὸν,</span> <span class='ocrx_word' id='word_1_493' title='bbox 3522 2401 3797 2475; x_wconf 83' lang='grc' dir='ltr'>ἐκρατήθη</span> 
     </span>
    </p>
   </div>
   <div class='ocr_carea' id='block_1_79' title="bbox 2145 2487 3804 2568">
    <p class='ocr_par' dir='ltr' id='par_1_79' title="bbox 2145 2487 3804 2568">
     <span class='ocr_line' id='line_1_81' title="bbox 2145 2487 3804 2568; baseline 0.002 -25"><span class='ocrx_word' id='word_1_494' title='bbox 2145 2487 2234 2543; x_wconf 82' lang='grc' dir='ltr'><strong>καὶ</strong></span> <span class='ocrx_word' id='word_1_495' title='bbox 2265 2489 2429 2560; x_wconf 78' lang='grc' dir='ltr'>αὐτή.</span> <span class='ocrx_word' id='word_1_496' title='bbox 2471 2489 2573 2546; x_wconf 83' lang='grc' dir='ltr'><strong>Καὶ</strong></span> <span class='ocrx_word' id='word_1_497' title='bbox 2628 2491 2931 2568; x_wconf 79' lang='grc' dir='ltr'>ἀμφότεροι</span> <span class='ocrx_word' id='word_1_498' title='bbox 2991 2495 3362 2568; x_wconf 79' lang='grc' dir='ltr'>παραστάντες</span> <span class='ocrx_word' id='word_1_499' title='bbox 3411 2496 3491 2564; x_wconf 84' lang='grc' dir='ltr'><strong>τῷ</strong></span> <span class='ocrx_word' id='word_1_500' title='bbox 3551 2488 3804 2567; x_wconf 77' lang='grc' dir='ltr'>ἄρχοντι,</span> 
     </span>
    </p>
   </div>
   <div class='ocr_carea' id='block_1_80' title="bbox 2148 2577 3808 2657">
    <p class='ocr_par' dir='ltr' id='par_1_80' title="bbox 2148 2577 3808 2657">
     <span class='ocr_line' id='line_1_82' title="bbox 2148 2577 3808 2657; baseline 0.002 -25"><span class='ocrx_word' id='word_1_501' title='bbox 2148 2577 2238 2632; x_wconf 79' lang='grc' dir='ltr'><strong>καὶ</strong></span> <span class='ocrx_word' id='word_1_502' title='bbox 2320 2579 2750 2654; x_wconf 81' lang='grc' dir='ltr'>τιμωρηθέντες,</span> <span class='ocrx_word' id='word_1_503' title='bbox 2839 2581 2954 2636; x_wconf 80' lang='grc' dir='ltr'>εἶτα</span> <span class='ocrx_word' id='word_1_504' title='bbox 3032 2583 3640 2657; x_wconf 84' lang='grc' dir='ltr'>θαυματουργήσαντες,</span> <span class='ocrx_word' id='word_1_505' title='bbox 3701 2601 3808 2635; x_wconf 89' lang='grc' dir='ltr'>πα-</span> 
     </span>
    </p>
   </div>
   <div class='ocr_carea' id='block_1_81' title="bbox 2150 2668 3809 2746">
    <p class='ocr_par' dir='ltr' id='par_1_81' title="bbox 2150 2668 3809 2746">
     <span class='ocr_line' id='line_1_83' title="bbox 2150 2668 3809 2746; baseline 0.002 -25"><span class='ocrx_word' id='word_1_506' title='bbox 2150 2668 2472 2742; x_wconf 72' lang='grc' dir='ltr'>ρεσκεύασαν</span> <span class='ocrx_word' id='word_1_507' title='bbox 2503 2668 2628 2731; x_wconf 78' lang='grc' dir='ltr'>τοὺς</span> <span class='ocrx_word' id='word_1_508' title='bbox 2688 2675 3038 2743; x_wconf 78' lang='grc' dir='ltr'>παρεστῶτας</span> <span class='ocrx_word' id='word_1_509' title='bbox 3099 2668 3414 2732; x_wconf 87' lang='grc' dir='ltr'>διαλοσίους</span> <span class='ocrx_word' id='word_1_510' title='bbox 3471 2671 3809 2746; x_wconf 84' lang='grc' dir='ltr'>στρατιώτας</span> 
     </span>
    </p>
   </div>
   <div class='ocr_carea' id='block_1_82' title="bbox 2149 2758 3802 2834">
    <p class='ocr_par' dir='ltr' id='par_1_82' title="bbox 2149 2758 3802 2834">
     <span class='ocr_line' id='line_1_84' title="bbox 2149 2758 3802 2834; baseline 0.002 -23"><span class='ocrx_word' id='word_1_511' title='bbox 2149 2761 2430 2812; x_wconf 88' lang='grc' dir='ltr'>πιστεῦσαι</span> <span class='ocrx_word' id='word_1_512' title='bbox 2485 2762 2567 2830; x_wconf 78' lang='grc' dir='ltr'><strong>τῷ</strong></span> <span class='ocrx_word' id='word_1_513' title='bbox 2622 2760 2855 2834; x_wconf 80' lang='grc' dir='ltr'>Χριστῷ.</span> <span class='ocrx_word' id='word_1_514' title='bbox 2923 2761 3029 2816; x_wconf 77' lang='grc' dir='ltr'><strong>Καὶ</strong></span> <span class='ocrx_word' id='word_1_515' title='bbox 3089 2759 3392 2834; x_wconf 79' lang='grc' dir='ltr'>παραυτίκα</span> <span class='ocrx_word' id='word_1_516' title='bbox 3449 2758 3715 2834; x_wconf 74' lang='grc' dir='ltr'>ὀργισθεῖς</span> <span class='ocrx_word' id='word_1_517' title='bbox 3773 2759 3802 2814; x_wconf 94' lang='lat'><strong>6</strong></span> 
     </span>
    </p>
   </div>
   <div class='ocr_carea' id='block_1_83' title="bbox 2150 2846 3798 2924">
    <p class='ocr_par' dir='ltr' id='par_1_83' title="bbox 2150 2846 3798 2924">
     <span class='ocr_line' id='line_1_85' title="bbox 2150 2846 3798 2924; baseline 0.001 -24"><span class='ocrx_word' id='word_1_518' title='bbox 2150 2846 2360 2921; x_wconf 80' lang='grc' dir='ltr'>ἄρχων,</span> <span class='ocrx_word' id='word_1_519' title='bbox 2446 2849 2772 2922; x_wconf 67' lang='grc' dir='ltr'>προσέταξεν</span> <span class='ocrx_word' id='word_1_520' title='bbox 2882 2850 3116 2910; x_wconf 81' lang='grc' dir='ltr'>ἅπαντας</span> <span class='ocrx_word' id='word_1_521' title='bbox 3207 2849 3455 2924; x_wconf 80' lang='grc' dir='ltr'>μαχαίρᾳ</span> <span class='ocrx_word' id='word_1_522' title='bbox 3557 2859 3798 2912; x_wconf 83' lang='grc' dir='ltr'>θανατω-</span> 
     </span>
    </p>
   </div>
   <div class='ocr_carea' id='block_1_84' title="bbox 2150 2935 3794 3013">
    <p class='ocr_par' dir='ltr' id='par_1_84' title="bbox 2150 2935 3794 3013">
     <span class='ocr_line' id='line_1_86' title="bbox 2150 2935 3794 3013; baseline 0 -24"><span class='ocrx_word' id='word_1_523' title='bbox 2150 2936 2331 3003; x_wconf 73' lang='grc' dir='ltr'>θῆναι.</span> <span class='ocrx_word' id='word_1_524' title='bbox 2393 2935 2496 2992; x_wconf 84' lang='grc' dir='ltr'>Καὶ</span> <span class='ocrx_word' id='word_1_525' title='bbox 2554 2935 2812 3007; x_wconf 85' lang='grc' dir='ltr'>δήσαντες</span> <span class='ocrx_word' id='word_1_526' title='bbox 2865 2937 3062 3000; x_wconf 79' lang='grc' dir='ltr'>αὐτούς</span> <span class='ocrx_word' id='word_1_527' title='bbox 3093 2938 3146 2992; x_wconf 75' lang='grc' dir='ltr'>οἱ</span> <span class='ocrx_word' id='word_1_528' title='bbox 3179 2935 3398 3010; x_wconf 87' lang='grc' dir='ltr'>δήμιοι,</span> <span class='ocrx_word' id='word_1_529' title='bbox 3450 2937 3652 3013; x_wconf 73' lang='grc' dir='ltr'>ἤγαγον</span> <span class='ocrx_word' id='word_1_530' title='bbox 3705 2935 3794 2990; x_wconf 75' lang='grc' dir='ltr'>ἐπὶ</span> 
     </span>
    </p>
   </div>
   <div class='ocr_carea' id='block_1_85' title="bbox 2149 3023 3790 3095">
    <p class='ocr_par' dir='ltr' id='par_1_85' title="bbox 2149 3023 3790 3095">
     <span class='ocr_line' id='line_1_87' title="bbox 2149 3023 3790 3095; baseline 0 -15"><span class='ocrx_word' id='word_1_531' title='bbox 2149 3023 2239 3080; x_wconf 93' lang='grc' dir='ltr'><strong>τόν</strong></span> <span class='ocrx_word' id='word_1_532' title='bbox 2270 3026 2437 3081; x_wconf 85' lang='grc' dir='ltr'>τόπον</span> <span class='ocrx_word' id='word_1_533' title='bbox 2463 3033 2566 3095; x_wconf 75' lang='grc' dir='ltr'><strong>τῆς</strong></span> <span class='ocrx_word' id='word_1_534' title='bbox 2626 3027 2986 3090; x_wconf 83' lang='grc' dir='ltr'>τελειώσεως·</span> <span class='ocrx_word' id='word_1_535' title='bbox 3038 3026 3128 3082; x_wconf 83' lang='grc' dir='ltr'><strong>καὶ</strong></span> <span class='ocrx_word' id='word_1_536' title='bbox 3184 3027 3586 3083; x_wconf 68' lang='grc' dir='ltr'>ἀπεκεοαλισαν</span> <span class='ocrx_word' id='word_1_537' title='bbox 3618 3027 3790 3081; x_wconf 79' lang='grc' dir='ltr'>ἅπαν-</span> 
     </span>
    </p>
   </div>
   <div class='ocr_carea' id='block_1_86' title="bbox 2145 3113 3451 3192">
    <p class='ocr_par' dir='ltr' id='par_1_86' title="bbox 2145 3113 3451 3192">
     <span class='ocr_line' id='line_1_88' title="bbox 2145 3113 3451 3192; baseline 0.003 -24"><span class='ocrx_word' id='word_1_538' title='bbox 2145 3135 2261 3184; x_wconf 89' lang='grc' dir='ltr'>τας,</span> <span class='ocrx_word' id='word_1_539' title='bbox 2295 3113 2754 3191; x_wconf 79' lang='grc' dir='ltr'>εὐχαριστοῦντας</span> <span class='ocrx_word' id='word_1_540' title='bbox 2784 3120 2862 3188; x_wconf 82' lang='grc' dir='ltr'><strong>τῷ</strong></span> <span class='ocrx_word' id='word_1_541' title='bbox 2893 3121 3012 3190; x_wconf 83' lang='grc' dir='ltr'>Θεῷ</span> <span class='ocrx_word' id='word_1_542' title='bbox 3046 3116 3212 3192; x_wconf 64' lang='grc' dir='ltr'>μέχρι</span> <span class='ocrx_word' id='word_1_543' title='bbox 3238 3115 3451 3181; x_wconf 73' lang='grc' dir='ltr'>τέλους.</span> 
     </span>
    </p>
   </div>
   <div class='ocr_carea' id='block_1_87' title="bbox 2702 3236 3251 3316">
    <p class='ocr_par' dir='ltr' id='par_1_87' title="bbox 2702 3236 3251 3316">
     <span class='ocr_line' id='line_1_89' title="bbox 2702 3236 3251 3316; baseline 0 -24"><span class='ocrx_word' id='word_1_544' title='bbox 2702 3236 2884 3292; x_wconf 85' lang='lat' dir='ltr'><strong>MHNI</strong></span> <span class='ocrx_word' id='word_1_545' title='bbox 2921 3237 3014 3314; x_wconf 73' lang='lat' dir='ltr'><strong>T9</strong></span> <span class='ocrx_word' id='word_1_546' title='bbox 3051 3239 3251 3316; x_wconf 82' lang='grc' dir='ltr'><strong>ΔΥἹᾨ.</strong></span> 
     </span>
    </p>
   </div>
   <div class='ocr_carea' id='block_1_88' title="bbox 2929 3343 2989 3399">
    <p class='ocr_par' dir='ltr' id='par_1_88' title="bbox 2929 3343 2989 3399">
     <span class='ocr_line' id='line_1_90' title="bbox 2929 3343 2989 3399; baseline 0 -38"><span class='ocrx_word' id='word_1_547' title='bbox 2929 3343 2989 3399; x_wconf 68' lang='grc' dir='ltr'><strong>Η,</strong></span> 
     </span>
    </p>
   </div>
   <div class='ocr_carea' id='block_1_89' title="bbox 2286 3447 3651 3524">
    <p class='ocr_par' dir='ltr' id='par_1_89' title="bbox 2286 3447 3651 3524">
     <span class='ocr_line' id='line_1_91' title="bbox 2286 3447 3651 3524; baseline -0.001 -19"><span class='ocrx_word' id='word_1_548' title='bbox 2286 3447 2556 3518; x_wconf 78' lang='grc' dir='ltr'>’Άθλησις</span> <span class='ocrx_word' id='word_1_549' title='bbox 2594 3452 2692 3503; x_wconf 90' lang='grc' dir='ltr'><strong>τοῦ</strong></span> <span class='ocrx_word' id='word_1_550' title='bbox 2739 3447 2900 3524; x_wconf 84' lang='grc' dir='ltr'>ἀγίου</span> <span class='ocrx_word' id='word_1_551' title='bbox 2947 3447 3224 3524; x_wconf 73' lang='grc' dir='ltr'>μάρτυρος</span> <span class='ocrx_word' id='word_1_552' title='bbox 3272 3447 3651 3504; x_wconf 70' lang='grc' dir='ltr'>Παυσιλῦπου.</span> 
     </span>
    </p>
   </div>
   <div class='ocr_carea' id='block_1_90' title="bbox 2217 3535 3802 3613">
    <p class='ocr_par' dir='ltr' id='par_1_90' title="bbox 2217 3535 3802 3613">
     <span class='ocr_line' id='line_1_92' title="bbox 2217 3535 3802 3613; baseline 0.001 -22"><span class='ocrx_word' id='word_1_553' title='bbox 2217 3536 2564 3599; x_wconf 83' lang='grc' dir='ltr'>Παυσίλυπος</span> <span class='ocrx_word' id='word_1_554' title='bbox 2615 3537 2642 3592; x_wconf 91' lang='lat'><strong>6</strong></span> <span class='ocrx_word' id='word_1_555' title='bbox 2691 3540 2788 3592; x_wconf 90' lang='grc' dir='ltr'><strong>τοῦ</strong></span> <span class='ocrx_word' id='word_1_556' title='bbox 2836 3543 3082 3613; x_wconf 81' lang='grc' dir='ltr'>Χριστοῦ</span> <span class='ocrx_word' id='word_1_557' title='bbox 3132 3538 3362 3613; x_wconf 85' lang='grc' dir='ltr'>μάρτυρ,</span> <span class='ocrx_word' id='word_1_558' title='bbox 3417 3538 3664 3613; x_wconf 79' lang='grc' dir='ltr'>ὑπῆρχεν</span> <span class='ocrx_word' id='word_1_559' title='bbox 3714 3535 3802 3592; x_wconf 78' lang='grc' dir='ltr'>ἐπὶ</span> 
     </span>
    </p>
   </div>
   <div class='ocr_carea' id='block_1_91' title="bbox 2140 3623 3808 3702">
    <p class='ocr_par' dir='ltr' id='par_1_91' title="bbox 2140 3623 3808 3702">
     <span class='ocr_line' id='line_1_93' title="bbox 2140 3623 3808 3702; baseline -0.001 -21"><span class='ocrx_word' id='word_1_560' title='bbox 2140 3633 2241 3695; x_wconf 81' lang='grc' dir='ltr'><strong>τῆς</strong></span> <span class='ocrx_word' id='word_1_561' title='bbox 2278 3624 2559 3701; x_wconf 76' lang='grc' dir='ltr'>βασιλείας</span> <span class='ocrx_word' id='word_1_562' title='bbox 2589 3630 2686 3681; x_wconf 88' lang='grc' dir='ltr'><strong>τοῦ</strong></span> <span class='ocrx_word' id='word_1_563' title='bbox 2719 3629 3041 3700; x_wconf 83' lang='grc' dir='ltr'>παρανόμου</span> <span class='ocrx_word' id='word_1_564' title='bbox 3081 3628 3173 3683; x_wconf 76' lang='grc' dir='ltr'>καὶ</span> <span class='ocrx_word' id='word_1_565' title='bbox 3234 3623 3528 3688; x_wconf 73' lang='grc' dir='ltr'>δυσσεϐοῦς</span> <span class='ocrx_word' id='word_1_566' title='bbox 3585 3623 3808 3702; x_wconf 84' lang='grc' dir='ltr'>Ἀδρια-</span> 
     </span>
    </p>
   </div>
   <div class='ocr_carea' id='block_1_92' title="bbox 2140 3712 3805 3789">
    <p class='ocr_par' dir='ltr' id='par_1_92' title="bbox 2140 3712 3805 3789">
     <span class='ocr_line' id='line_1_94' title="bbox 2140 3712 3805 3789; baseline 0.001 -21"><span class='ocrx_word' id='word_1_567' title='bbox 2140 3719 2257 3769; x_wconf 70' lang='grc' dir='ltr'>νοῦσ</span> <span class='ocrx_word' id='word_1_568' title='bbox 2313 3713 2662 3789; x_wconf 75' lang='grc' dir='ltr'>διαγνωσθεῖς</span> <span class='ocrx_word' id='word_1_569' title='bbox 2727 3713 2784 3770; x_wconf 72' lang='grc' dir='ltr'>δὲ</span> <span class='ocrx_word' id='word_1_570' title='bbox 2834 3717 2917 3770; x_wconf 80' lang='grc' dir='ltr'><strong>ὅτι</strong></span> <span class='ocrx_word' id='word_1_571' title='bbox 2975 3717 3066 3771; x_wconf 81' lang='grc' dir='ltr'><strong>τὸν</strong></span> <span class='ocrx_word' id='word_1_572' title='bbox 3130 3718 3369 3785; x_wconf 83' lang='grc' dir='ltr'>Χριστὸν</span> <span class='ocrx_word' id='word_1_573' title='bbox 3424 3712 3659 3785; x_wconf 67' lang='grc' dir='ltr'>σέϐεται,</span> <span class='ocrx_word' id='word_1_574' title='bbox 3715 3715 3805 3770; x_wconf 80' lang='grc' dir='ltr'><strong>καὶ</strong></span> 
     </span>
    </p>
   </div>
   <div class='ocr_carea' id='block_1_93' title="bbox 2145 3803 3810 3882">
    <p class='ocr_par' dir='ltr' id='par_1_93' title="bbox 2145 3803 3810 3882">
     <span class='ocr_line' id='line_1_95' title="bbox 2145 3803 3810 3882; baseline 0 -22"><span class='ocrx_word' id='word_1_575' title='bbox 2145 3803 2385 3860; x_wconf 73' lang='grc' dir='ltr'>διδάσκει</span> <span class='ocrx_word' id='word_1_576' title='bbox 2481 3805 2569 3861; x_wconf 77' lang='grc' dir='ltr'><strong>ἐπὶ</strong></span> <span class='ocrx_word' id='word_1_577' title='bbox 2619 3811 2699 3878; x_wconf 84' lang='grc' dir='ltr'>τῷ</span> <span class='ocrx_word' id='word_1_578' title='bbox 2777 3808 3005 3879; x_wconf 76' lang='grc' dir='ltr'>ὀνόματι</span> <span class='ocrx_word' id='word_1_579' title='bbox 3063 3807 3254 3877; x_wconf 82' lang='grc' dir='ltr'>αὐτοῦ,</span> <span class='ocrx_word' id='word_1_580' title='bbox 3313 3809 3607 3882; x_wconf 81' lang='grc' dir='ltr'>κρατηθεὶς</span> <span class='ocrx_word' id='word_1_581' title='bbox 3666 3827 3810 3882; x_wconf 88' lang='grc' dir='ltr'>προ-</span> 
     </span>
    </p>
   </div>
   <div class='ocr_carea' id='block_1_94' title="bbox 2144 3892 3807 3970">
    <p class='ocr_par' dir='ltr' id='par_1_94' title="bbox 2144 3892 3807 3970">
     <span class='ocr_line' id='line_1_96' title="bbox 2144 3892 3807 3970; baseline 0.001 -21"><span class='ocrx_word' id='word_1_582' title='bbox 2144 3896 2329 3969; x_wconf 86' lang='grc' dir='ltr'>σήχθη</span> <span class='ocrx_word' id='word_1_583' title='bbox 2371 3892 2452 3967; x_wconf 83' lang='grc' dir='ltr'>τῷ</span> <span class='ocrx_word' id='word_1_584' title='bbox 2508 3894 2742 3970; x_wconf 85' lang='grc' dir='ltr'>βασιλεῖ.</span> <span class='ocrx_word' id='word_1_585' title='bbox 2807 3897 2903 3952; x_wconf 84' lang='grc' dir='ltr'><strong>Καὶ</strong></span> <span class='ocrx_word' id='word_1_586' title='bbox 2965 3917 3242 3970; x_wconf 75' lang='grc' dir='ltr'>παραστας</span> <span class='ocrx_word' id='word_1_587' title='bbox 3290 3896 3460 3968; x_wconf 83' lang='grc' dir='ltr'>αὐτῷ,</span> <span class='ocrx_word' id='word_1_588' title='bbox 3516 3897 3807 3970; x_wconf 80' lang='grc' dir='ltr'>ἠρωτήθη,</span> 
     </span>
    </p>
   </div>
   <div class='ocr_carea' id='block_1_95' title="bbox 2144 3983 3804 4062">
    <p class='ocr_par' dir='ltr' id='par_1_95' title="bbox 2144 3983 3804 4062">
     <span class='ocr_line' id='line_1_97' title="bbox 2144 3983 3804 4062; baseline 0.001 -24"><span class='ocrx_word' id='word_1_589' title='bbox 2144 3983 2192 4038; x_wconf 72' lang='grc' dir='ltr'>εἲ</span> <span class='ocrx_word' id='word_1_590' title='bbox 2241 3985 2332 4038; x_wconf 89' lang='grc' dir='ltr'>τὸν</span> <span class='ocrx_word' id='word_1_591' title='bbox 2422 3985 2655 4042; x_wconf 70' lang='grc' dir='ltr'>Χριστὸν</span> <span class='ocrx_word' id='word_1_592' title='bbox 2728 3983 2997 4059; x_wconf 86' lang='grc' dir='ltr'>ὁμολογεῖ</span> <span class='ocrx_word' id='word_1_593' title='bbox 3078 3986 3206 4040; x_wconf 83' lang='grc' dir='ltr'>Θεόν</span> <span class='ocrx_word' id='word_1_594' title='bbox 3248 4029 3261 4041; x_wconf 92' lang='grc'><strong>.</strong></span> <span class='ocrx_word' id='word_1_595' title='bbox 3347 3986 3450 4042; x_wconf 81' lang='grc' dir='ltr'><strong>Καὶ</strong></span> <span class='ocrx_word' id='word_1_596' title='bbox 3528 3986 3804 4062; x_wconf 65' lang='grc' dir='ltr'>παρρησίᾳ</span> 
     </span>
    </p>
   </div>
   <div class='ocr_carea' id='block_1_96' title="bbox 2143 4070 3800 4145">
    <p class='ocr_par' dir='ltr' id='par_1_96' title="bbox 2143 4070 3800 4145">
     <span class='ocr_line' id='line_1_98' title="bbox 2143 4070 3800 4145; baseline 0.002 -19"><span class='ocrx_word' id='word_1_597' title='bbox 2143 4072 2377 4145; x_wconf 83' lang='grc' dir='ltr'>κηρύξας</span> <span class='ocrx_word' id='word_1_598' title='bbox 2409 4070 2568 4126; x_wconf 84' lang='grc' dir='ltr'>αὐτὸν</span> <span class='ocrx_word' id='word_1_599' title='bbox 2600 4073 2730 4128; x_wconf 88' lang='grc' dir='ltr'>Θεὸν</span> <span class='ocrx_word' id='word_1_600' title='bbox 2778 4073 2988 4143; x_wconf 81' lang='grc' dir='ltr'>ἀληθῆ,</span> <span class='ocrx_word' id='word_1_601' title='bbox 3021 4074 3111 4128; x_wconf 75' lang='grc' dir='ltr'><strong>καὶ</strong></span> <span class='ocrx_word' id='word_1_602' title='bbox 3171 4076 3410 4145; x_wconf 72' lang='grc' dir='ltr'>ποιητὴν</span> <span class='ocrx_word' id='word_1_603' title='bbox 3445 4075 3543 4130; x_wconf 85' lang='grc' dir='ltr'><strong>τοῦ</strong></span> <span class='ocrx_word' id='word_1_604' title='bbox 3576 4074 3800 4145; x_wconf 85' lang='grc' dir='ltr'>παντὸς,</span> 
     </span>
    </p>
   </div>
   <div class='ocr_carea' id='block_1_97' title="bbox 2143 4159 3800 4239">
    <p class='ocr_par' dir='ltr' id='par_1_97' title="bbox 2143 4159 3800 4239">
     <span class='ocr_line' id='line_1_99' title="bbox 2143 4159 3800 4239; baseline 0.002 -22"><span class='ocrx_word' id='word_1_605' title='bbox 2143 4159 2419 4235; x_wconf 79' lang='grc' dir='ltr'>παρεδόθη</span> <span class='ocrx_word' id='word_1_606' title='bbox 2477 4166 2557 4232; x_wconf 83' lang='grc' dir='ltr'>τῷ</span> <span class='ocrx_word' id='word_1_607' title='bbox 2614 4169 2714 4230; x_wconf 77' lang='grc' dir='ltr'><strong>τῆς</strong></span> <span class='ocrx_word' id='word_1_608' title='bbox 2779 4164 2967 4237; x_wconf 89' lang='grc' dir='ltr'>χώρας</span> <span class='ocrx_word' id='word_1_609' title='bbox 3031 4162 3311 4236; x_wconf 81' lang='grc' dir='ltr'>Εὐρώπης</span> <span class='ocrx_word' id='word_1_610' title='bbox 3368 4163 3598 4239; x_wconf 75' lang='grc' dir='ltr'>ἐπάρχῳ</span> <span class='ocrx_word' id='word_1_611' title='bbox 3633 4208 3647 4233; x_wconf 89' lang='grc'><strong>,</strong></span> <span class='ocrx_word' id='word_1_612' title='bbox 3707 4163 3800 4220; x_wconf 80' lang='grc' dir='ltr'><strong>καὶ</strong></span> 
     </span>
    </p>
   </div>
   <div class='ocr_carea' id='block_1_98' title="bbox 2142 4245 3802 4332">
    <p class='ocr_par' dir='ltr' id='par_1_98' title="bbox 2142 4245 3802 4332">
     <span class='ocr_line' id='line_1_100' title="bbox 2142 4245 3802 4332; baseline 0.002 -27"><span class='ocrx_word' id='word_1_613' title='bbox 2142 4251 2398 4306; x_wconf 75' lang='grc' dir='ltr'>τύπτεται</span> <span class='ocrx_word' id='word_1_614' title='bbox 2440 4245 2665 4326; x_wconf 76' lang='grc' dir='ltr'>ῥαϐδοις</span> <span class='ocrx_word' id='word_1_615' title='bbox 2721 4248 2960 4324; x_wconf 76' lang='grc' dir='ltr'>ἀφειδῶς</span> <span class='ocrx_word' id='word_1_616' title='bbox 3016 4253 3352 4327; x_wconf 80' lang='grc' dir='ltr'>τριακοσίαις</span> <span class='ocrx_word' id='word_1_617' title='bbox 3399 4259 3612 4332; x_wconf 75' lang='grc' dir='ltr'>φοραῖς.</span> <span class='ocrx_word' id='word_1_618' title='bbox 3643 4255 3802 4312; x_wconf 80' lang='grc' dir='ltr'>Ἀνε-</span> 
     </span>
    </p>
   </div>
   <div class='ocr_carea' id='block_1_99' title="bbox 2146 4337 3798 4418">
    <p class='ocr_par' dir='ltr' id='par_1_99' title="bbox 2146 4337 3798 4418">
     <span class='ocr_line' id='line_1_101' title="bbox 2146 4337 3798 4418; baseline 0.002 -26"><span class='ocrx_word' id='word_1_619' title='bbox 2146 4338 2256 4401; x_wconf 80' lang='grc' dir='ltr'>θεὶς</span> <span class='ocrx_word' id='word_1_620' title='bbox 2291 4337 2348 4393; x_wconf 74' lang='grc' dir='ltr'>δὲ</span> <span class='ocrx_word' id='word_1_621' title='bbox 2389 4345 2492 4408; x_wconf 78' lang='grc' dir='ltr'><strong>τῆς</strong></span> <span class='ocrx_word' id='word_1_622' title='bbox 2551 4339 2813 4414; x_wconf 83' lang='grc' dir='ltr'>βασάνου,</span> <span class='ocrx_word' id='word_1_623' title='bbox 2870 4339 3039 4395; x_wconf 81' lang='grc' dir='ltr'>πάλιν</span> <span class='ocrx_word' id='word_1_624' title='bbox 3094 4342 3406 4418; x_wconf 73' lang='grc' dir='ltr'>ἠναγκάσθη</span> <span class='ocrx_word' id='word_1_625' title='bbox 3468 4344 3798 4418; x_wconf 77' lang='grc' dir='ltr'>ἀρνήσασθαι</span> 
     </span>
    </p>
   </div>
   <div class='ocr_carea' id='block_1_100' title="bbox 2142 4428 3800 4503">
    <p class='ocr_par' dir='ltr' id='par_1_100' title="bbox 2142 4428 3800 4503">
     <span class='ocr_line' id='line_1_102' title="bbox 2142 4428 3800 4503; baseline -0.001 -20"><span class='ocrx_word' id='word_1_626' title='bbox 2142 4431 2234 4484; x_wconf 87' lang='grc' dir='ltr'><strong>τὸν</strong></span> <span class='ocrx_word' id='word_1_627' title='bbox 2290 4428 2519 4503; x_wconf 83' lang='grc' dir='ltr'>Χριστὸν</span> <span class='ocrx_word' id='word_1_628' title='bbox 2557 4471 2571 4495; x_wconf 90' lang='grc'><strong>,</strong></span> <span class='ocrx_word' id='word_1_629' title='bbox 2639 4428 2729 4484; x_wconf 85' lang='grc' dir='ltr'><strong>καὶ</strong></span> <span class='ocrx_word' id='word_1_630' title='bbox 2790 4434 2946 4494; x_wconf 83' lang='grc' dir='ltr'>θῦσαι</span> <span class='ocrx_word' id='word_1_631' title='bbox 2998 4436 3118 4493; x_wconf 84' lang='grc' dir='ltr'>τοῖς</span> <span class='ocrx_word' id='word_1_632' title='bbox 3175 4430 3429 4493; x_wconf 75' lang='grc' dir='ltr'>εἰδώλοις</span> <span class='ocrx_word' id='word_1_633' title='bbox 3463 4473 3476 4487; x_wconf 93' lang='grc'><strong><em>.</em></strong></span> <span class='ocrx_word' id='word_1_634' title='bbox 3554 4430 3656 4487; x_wconf 82' lang='grc' dir='ltr'>Καὶ</span> <span class='ocrx_word' id='word_1_635' title='bbox 3721 4430 3800 4502; x_wconf 81' lang='grc' dir='ltr'><strong>μή</strong></span> 
     </span>
    </p>
   </div>
   <div class='ocr_carea' id='block_1_101' title="bbox 2143 4513 3800 4596">
    <p class='ocr_par' dir='ltr' id='par_1_101' title="bbox 2143 4513 3800 4596">
     <span class='ocr_line' id='line_1_103' title="bbox 2143 4513 3800 4596; baseline -0.001 -22"><span class='ocrx_word' id='word_1_636' title='bbox 2143 4518 2402 4584; x_wconf 52' lang='grc' dir='ltr'>πεισθεὶς,</span> <span class='ocrx_word' id='word_1_637' title='bbox 2460 4513 2638 4588; x_wconf 70' lang='grc' dir='ltr'>ἐδέθη,</span> <span class='ocrx_word' id='word_1_638' title='bbox 2703 4518 2792 4574; x_wconf 84' lang='grc' dir='ltr'><strong>καὶ</strong></span> <span class='ocrx_word' id='word_1_639' title='bbox 2843 4519 3085 4594; x_wconf 79' lang='grc' dir='ltr'>ἀπήγετο</span> <span class='ocrx_word' id='word_1_640' title='bbox 3144 4520 3223 4583; x_wconf 82' lang='grc' dir='ltr'>εἷς</span> <span class='ocrx_word' id='word_1_641' title='bbox 3251 4522 3312 4575; x_wconf 88' lang='grc' dir='ltr'>τὸ</span> <span class='ocrx_word' id='word_1_642' title='bbox 3344 4515 3800 4596; x_wconf 77' lang='grc' dir='ltr'>ἀποκεφαλισθῆ-</span> 
     </span>
    </p>
   </div>
   <div class='ocr_carea' id='block_1_102' title="bbox 2143 4605 3802 4687">
    <p class='ocr_par' dir='ltr' id='par_1_102' title="bbox 2143 4605 3802 4687">
     <span class='ocr_line' id='line_1_104' title="bbox 2143 4605 3802 4687; baseline 0.002 -27"><span class='ocrx_word' id='word_1_643' title='bbox 2143 4628 2254 4664; x_wconf 90' lang='grc' dir='ltr'>ναι.</span> <span class='ocrx_word' id='word_1_644' title='bbox 2292 4606 2388 4662; x_wconf 83' lang='grc' dir='ltr'>Καὶ</span> <span class='ocrx_word' id='word_1_645' title='bbox 2420 4606 2471 4660; x_wconf 77' lang='grc' dir='ltr'>ἐν</span> <span class='ocrx_word' id='word_1_646' title='bbox 2500 4610 2567 4680; x_wconf 83' lang='grc' dir='ltr'><strong>τῇ</strong></span> <span class='ocrx_word' id='word_1_647' title='bbox 2599 4605 2713 4680; x_wconf 84' lang='grc' dir='ltr'><strong>ὁδῷ</strong></span> <span class='ocrx_word' id='word_1_648' title='bbox 2741 4613 2848 4663; x_wconf 80' lang='grc' dir='ltr'><strong>τῶν</strong></span> <span class='ocrx_word' id='word_1_649' title='bbox 2905 4605 3121 4680; x_wconf 77' lang='grc' dir='ltr'>δεσμῶν</span> <span class='ocrx_word' id='word_1_650' title='bbox 3173 4607 3642 4687; x_wconf 72' lang='grc' dir='ltr'>διαῤῥηχθξντων,</span> <span class='ocrx_word' id='word_1_651' title='bbox 3676 4607 3802 4663; x_wconf 70' lang='grc' dir='ltr'>ἒπε-</span> 
     </span>
    </p>
   </div>
   <div class='ocr_carea' id='block_1_103' title="bbox 2143 4697 3804 4777">
    <p class='ocr_par' dir='ltr' id='par_1_103' title="bbox 2143 4697 3804 4777">
     <span class='ocr_line' id='line_1_105' title="bbox 2143 4697 3804 4777; baseline 0.001 -26"><span class='ocrx_word' id='word_1_652' title='bbox 2143 4717 2310 4752; x_wconf 88' lang='grc' dir='ltr'>τεινεν</span> <span class='ocrx_word' id='word_1_653' title='bbox 2344 4697 2532 4752; x_wconf 72' lang='grc' dir='ltr'>ἑαυτὸν</span> <span class='ocrx_word' id='word_1_654' title='bbox 2564 4698 2702 4773; x_wconf 87' lang='grc' dir='ltr'>πρὸς</span> <span class='ocrx_word' id='word_1_655' title='bbox 2751 4699 2813 4752; x_wconf 88' lang='grc' dir='ltr'>τὸ</span> <span class='ocrx_word' id='word_1_656' title='bbox 2871 4705 3080 4776; x_wconf 78' lang='grc' dir='ltr'>φυγεῖν.</span> <span class='ocrx_word' id='word_1_657' title='bbox 3145 4700 3244 4754; x_wconf 82' lang='grc' dir='ltr'>Καὶ</span> <span class='ocrx_word' id='word_1_658' title='bbox 3300 4703 3397 4755; x_wconf 81' lang='grc' dir='ltr'><strong>τοῦ</strong></span> <span class='ocrx_word' id='word_1_659' title='bbox 3461 4699 3556 4772; x_wconf 74' lang='grc' dir='ltr'><strong>μὶν</strong></span> <span class='ocrx_word' id='word_1_660' title='bbox 3616 4698 3804 4777; x_wconf 78' lang='grc' dir='ltr'>ξίφους</span> 
     </span>
    </p>
   </div>
   <div class='ocr_carea' id='block_1_104' title="bbox 2142 4783 3807 4860">
    <p class='ocr_par' dir='ltr' id='par_1_104' title="bbox 2142 4783 3807 4860">
     <span class='ocr_line' id='line_1_106' title="bbox 2142 4783 3807 4860; baseline -0.001 -20"><span class='ocrx_word' id='word_1_661' title='bbox 2142 4783 2446 4860; x_wconf 83' lang='grc' dir='ltr'>ἐλυτρώθη·</span> <span class='ocrx_word' id='word_1_662' title='bbox 2481 4785 2556 4848; x_wconf 85' lang='grc' dir='ltr'>εἷς</span> <span class='ocrx_word' id='word_1_663' title='bbox 2587 4785 2756 4840; x_wconf 84' lang='grc' dir='ltr'>τόπον</span> <span class='ocrx_word' id='word_1_664' title='bbox 2791 4783 2848 4841; x_wconf 72' lang='grc' dir='ltr'>δὲ</span> <span class='ocrx_word' id='word_1_665' title='bbox 2894 4807 3016 4842; x_wconf 88' lang='grc' dir='ltr'>τινα</span> <span class='ocrx_word' id='word_1_666' title='bbox 3075 4785 3386 4858; x_wconf 77' lang='grc' dir='ltr'>διασωθεὶς,</span> <span class='ocrx_word' id='word_1_667' title='bbox 3444 4788 3532 4842; x_wconf 85' lang='grc' dir='ltr'>καὶ</span> <span class='ocrx_word' id='word_1_668' title='bbox 3569 4786 3807 4856; x_wconf 89' lang='grc' dir='ltr'>σθαθείς,</span> 
     </span>
    </p>
   </div>
   <div class='ocr_carea' id='block_1_105' title="bbox 2141 4873 3799 4950">
    <p class='ocr_par' dir='ltr' id='par_1_105' title="bbox 2141 4873 3799 4950">
     <span class='ocr_line' id='line_1_107' title="bbox 2141 4873 3799 4950; baseline -0.001 -20"><span class='ocrx_word' id='word_1_669' title='bbox 2141 4875 2330 4947; x_wconf 86' lang='grc' dir='ltr'>καὶτῷ</span> <span class='ocrx_word' id='word_1_670' title='bbox 2387 4875 2503 4946; x_wconf 88' lang='grc' dir='ltr'><strong>Θεῷ</strong></span> <span class='ocrx_word' id='word_1_671' title='bbox 2559 4875 3021 4950; x_wconf 78' lang='grc' dir='ltr'>προσευξάμενος,</span> <span class='ocrx_word' id='word_1_672' title='bbox 3083 4873 3331 4931; x_wconf 84' lang='grc' dir='ltr'>ἆπὲδωκε</span> <span class='ocrx_word' id='word_1_673' title='bbox 3379 4877 3479 4944; x_wconf 84' lang='grc' dir='ltr'>τήν</span> <span class='ocrx_word' id='word_1_674' title='bbox 3532 4895 3799 4950; x_wconf 85' lang='grc' dir='ltr'>μαρτυρι-</span> 
     </span>
    </p>
   </div>
   <div class='ocr_carea' id='block_1_106' title="bbox 2143 4960 3804 5040">
    <p class='ocr_par' dir='ltr' id='par_1_106' title="bbox 2143 4960 3804 5040">
     <span class='ocr_line' id='line_1_108' title="bbox 2143 4960 3804 5040; baseline 0 -21"><span class='ocrx_word' id='word_1_675' title='bbox 2143 4966 2245 5034; x_wconf 78' lang='grc' dir='ltr'><strong>κήν</strong></span> <span class='ocrx_word' id='word_1_676' title='bbox 2280 4964 2444 5019; x_wconf 82' lang='grc' dir='ltr'>αὐτοῦ</span> <span class='ocrx_word' id='word_1_677' title='bbox 2473 4966 2660 5040; x_wconf 77' lang='grc' dir='ltr'>ψυχὴν</span> <span class='ocrx_word' id='word_1_678' title='bbox 2693 4965 3002 5038; x_wconf 66' lang='grc' dir='ltr'>προθύμως</span> <span class='ocrx_word' id='word_1_679' title='bbox 3042 4970 3120 5036; x_wconf 83' lang='grc' dir='ltr'>τῷ</span> <span class='ocrx_word' id='word_1_680' title='bbox 3151 4969 3289 5037; x_wconf 80' lang='grc' dir='ltr'>Θεῷ,</span> <span class='ocrx_word' id='word_1_681' title='bbox 3351 4960 3649 5020; x_wconf 78' lang='grc' dir='ltr'>ἀπολαϐὼν</span> <span class='ocrx_word' id='word_1_682' title='bbox 3683 4963 3804 5019; x_wconf 79' lang='grc' dir='ltr'><strong>στέ-</strong></span> 
     </span>
    </p>
   </div>
   <div class='ocr_carea' id='block_1_107' title="bbox 2146 5053 3338 5131">
    <p class='ocr_par' dir='ltr' id='par_1_107' title="bbox 2146 5053 3338 5131">
     <span class='ocr_line' id='line_1_109' title="bbox 2146 5053 3338 5131; baseline 0.003 -24"><span class='ocrx_word' id='word_1_683' title='bbox 2146 5075 2312 5131; x_wconf 76' lang='grc' dir='ltr'>φανον</span> <span class='ocrx_word' id='word_1_684' title='bbox 2347 5053 2680 5128; x_wconf 79' lang='grc' dir='ltr'>ἀμάραντον,</span> <span class='ocrx_word' id='word_1_685' title='bbox 2711 5054 2802 5108; x_wconf 84' lang='grc' dir='ltr'><strong>καὶ</strong></span> <span class='ocrx_word' id='word_1_686' title='bbox 2835 5055 2980 5124; x_wconf 77' lang='grc' dir='ltr'>ζωὴν</span> <span class='ocrx_word' id='word_1_687' title='bbox 3012 5054 3338 5130; x_wconf 84' lang='grc' dir='ltr'>ἆχώρητον.</span> 
     </span>
    </p>
   </div>
   <div class='ocr_carea' id='block_1_108' title="bbox 2151 5296 3812 5372">
    <p class='ocr_par' dir='ltr' id='par_1_108' title="bbox 2151 5296 3812 5372">
     <span class='ocr_line' id='line_1_110' title="bbox 2151 5296 3812 5372; baseline 0.001 -22"><span class='ocrx_word' id='word_1_688' title='bbox 2151 5296 2255 5354; x_wconf 86' lang='grc' dir='ltr'>Καὶ</span> <span class='ocrx_word' id='word_1_689' title='bbox 2291 5297 2486 5369; x_wconf 87' lang='grc' dir='ltr'>μνήμη</span> <span class='ocrx_word' id='word_1_690' title='bbox 2527 5299 2626 5352; x_wconf 89' lang='grc' dir='ltr'><strong>τοῦ</strong></span> <span class='ocrx_word' id='word_1_691' title='bbox 2675 5296 2726 5352; x_wconf 79' lang='grc' dir='ltr'>ἐν</span> <span class='ocrx_word' id='word_1_692' title='bbox 2760 5296 2967 5372; x_wconf 0' lang='grc' dir='ltr'>ἀγρίοις-</span> <span class='ocrx_word' id='word_1_693' title='bbox 2997 5299 3209 5372; x_wconf 81' lang='grc' dir='ltr'>Πατρὸς</span> <span class='ocrx_word' id='word_1_694' title='bbox 3268 5301 3434 5372; x_wconf 82' lang='grc' dir='ltr'>ἡμῶν</span> <span class='ocrx_word' id='word_1_695' title='bbox 3494 5296 3812 5355; x_wconf 81' lang='grc' dir='ltr'>Κελεστίνου</span> 
     </span>
    </p>
   </div>
   <div class='ocr_carea' id='block_1_109' title="bbox 2767 5370 3200 5444">
    <p class='ocr_par' dir='ltr' id='par_1_109' title="bbox 2767 5370 3200 5444">
     <span class='ocr_line' id='line_1_111' title="bbox 2767 5370 3200 5444; baseline 0 -20"><span class='ocrx_word' id='word_1_696' title='bbox 2767 5371 2920 5425; x_wconf 82' lang='grc' dir='ltr'>πάπα</span> <span class='ocrx_word' id='word_1_697' title='bbox 2954 5370 3200 5444; x_wconf 70' lang='grc' dir='ltr'>Ῥώμης,</span> 
     </span>
    </p>
   </div>
   <div class='ocr_carea' id='block_1_110' title="bbox 2229 5485 3816 5563">
    <p class='ocr_par' dir='ltr' id='par_1_110' title="bbox 2229 5485 3816 5563">
     <span class='ocr_line' id='line_1_112' title="bbox 2229 5485 3816 5563; baseline -0.001 -20"><span class='ocrx_word' id='word_1_698' title='bbox 2229 5485 2554 5549; x_wconf 85' lang='grc' dir='ltr'>Κελεστῖνος</span> <span class='ocrx_word' id='word_1_699' title='bbox 2593 5488 2621 5542; x_wconf 88' lang='grc' dir='ltr'><strong>ὁ</strong></span> <span class='ocrx_word' id='word_1_700' title='bbox 2652 5487 2705 5543; x_wconf 84' lang='grc' dir='ltr'>ἐν</span> <span class='ocrx_word' id='word_1_701' title='bbox 2739 5489 2914 5563; x_wconf 84' lang='grc' dir='ltr'>ἁγίοις</span> <span class='ocrx_word' id='word_1_702' title='bbox 2957 5490 3143 5562; x_wconf 73' lang='grc' dir='ltr'>Πατὴρ</span> <span class='ocrx_word' id='word_1_703' title='bbox 3179 5492 3365 5563; x_wconf 79' lang='grc' dir='ltr'>ἡμῶν,</span> <span class='ocrx_word' id='word_1_704' title='bbox 3427 5491 3675 5563; x_wconf 81' lang='grc' dir='ltr'>ὑπῆργεν</span> <span class='ocrx_word' id='word_1_705' title='bbox 3727 5486 3816 5543; x_wconf 77' lang='grc' dir='ltr'>ἐπὶ</span> 
     </span>
    </p>
   </div>
   <div class='ocr_carea' id='block_1_111' title="bbox 2152 5576 3819 5656">
    <p class='ocr_par' dir='ltr' id='par_1_111' title="bbox 2152 5576 3819 5656">
     <span class='ocr_line' id='line_1_113' title="bbox 2152 5576 3819 5656; baseline 0.001 -24"><span class='ocrx_word' id='word_1_706' title='bbox 2152 5579 2254 5645; x_wconf 75' lang='grc' dir='ltr'><strong>τῆς</strong></span> <span class='ocrx_word' id='word_1_707' title='bbox 2290 5576 2574 5651; x_wconf 82' lang='grc' dir='ltr'>βασιλείας</span> <span class='ocrx_word' id='word_1_708' title='bbox 2606 5576 2897 5634; x_wconf 83' lang='grc' dir='ltr'>Θεοδοσίου</span> <span class='ocrx_word' id='word_1_709' title='bbox 2924 5583 3023 5634; x_wconf 84' lang='grc' dir='ltr'><strong>τοῦ</strong></span> <span class='ocrx_word' id='word_1_710' title='bbox 3086 5585 3308 5656; x_wconf 77' lang='grc' dir='ltr'>μικροῦ,</span> <span class='ocrx_word' id='word_1_711' title='bbox 3367 5579 3419 5636; x_wconf 80' lang='grc' dir='ltr'>ἐν</span> <span class='ocrx_word' id='word_1_712' title='bbox 3479 5583 3548 5652; x_wconf 82' lang='grc' dir='ltr'><strong>τῇ</strong></span> <span class='ocrx_word' id='word_1_713' title='bbox 3582 5577 3819 5647; x_wconf 81' lang='grc' dir='ltr'>Ἐκκλη-</span> 
     </span>
    </p>
   </div>
   <div class='ocr_carea' id='block_1_112' title="bbox 2156 5661 3820 5743">
    <p class='ocr_par' dir='ltr' id='par_1_112' title="bbox 2156 5661 3820 5743">
     <span class='ocr_line' id='line_1_114' title="bbox 2156 5661 3820 5743; baseline -0.001 -24"><span class='ocrx_word' id='word_1_714' title='bbox 2156 5664 2246 5736; x_wconf 63' lang='grc' dir='ltr'><strong>σία</strong></span> <span class='ocrx_word' id='word_1_715' title='bbox 2301 5665 2632 5738; x_wconf 81' lang='grc' dir='ltr'>Ῥωμαίων,</span> <span class='ocrx_word' id='word_1_716' title='bbox 2692 5671 2864 5722; x_wconf 77' lang='grc' dir='ltr'>πᾶσαν</span> <span class='ocrx_word' id='word_1_717' title='bbox 2955 5668 3150 5743; x_wconf 69' lang='grc' dir='ltr'>ἀρενήν</span> <span class='ocrx_word' id='word_1_718' title='bbox 3234 5667 3641 5741; x_wconf 82' lang='grc' dir='ltr'>κατωρθώσας,</span> <span class='ocrx_word' id='word_1_719' title='bbox 3727 5661 3820 5720; x_wconf 81' lang='grc' dir='ltr'>καί</span> 
     </span>
    </p>
   </div>
   <div class='ocr_carea' id='block_1_113' title="bbox 2156 5756 3818 5833">
    <p class='ocr_par' dir='ltr' id='par_1_113' title="bbox 2156 5756 3818 5833">
     <span class='ocr_line' id='line_1_115' title="bbox 2156 5756 3818 5833; baseline -0.002 -20"><span class='ocrx_word' id='word_1_720' title='bbox 2156 5761 2332 5813; x_wconf 74' lang='grc' dir='ltr'>πᾶσαν</span> <span class='ocrx_word' id='word_1_721' title='bbox 2367 5756 2509 5812; x_wconf 81' lang='grc' dir='ltr'>θείαν</span> <span class='ocrx_word' id='word_1_722' title='bbox 2546 5759 2765 5832; x_wconf 75' lang='grc' dir='ltr'>Γραφήν</span> <span class='ocrx_word' id='word_1_723' title='bbox 2799 5757 3198 5833; x_wconf 71' lang='grc' dir='ltr'>ἐκμελετήσας.</span> <span class='ocrx_word' id='word_1_724' title='bbox 3249 5761 3403 5820; x_wconf 78' lang='grc' dir='ltr'><strong>Μιτά</strong></span> <span class='ocrx_word' id='word_1_725' title='bbox 3442 5757 3501 5815; x_wconf 64' lang='grc' dir='ltr'>δὲ</span> <span class='ocrx_word' id='word_1_726' title='bbox 3556 5756 3818 5825; x_wconf 76' lang='grc' dir='ltr'>τελευτὴν</span> 
     </span>
    </p>
   </div>
  </div>
