4108 6422
293 393 415 453 393

1851 386 2182 452 APRILIS.

3617 404 3734 466 394

287 527 399 581 τῶν
490 523 667 601 ἁγίων
761 524 1074 582 ἐπισκόπων
1162 527 1538 596 Ἰννοκεντίου,
1615 521 1952 601 Βονιφατίου1

2079 527 2276 578 autem
2304 525 2644 578 sanctorum
2668 525 3084 599 episcoporum
3113 528 3470 605 Innocentii,
3496 535 3736 596 Bonifa-

291 614 384 672 καὶ
461 615 749 688 Ζώσίμου,
823 617 1234 692 προχειρίζεται
1313 616 1498 679 πάπας
1563 622 1664 686 τῆς
1724 613 1952 690 μεγάλη.

2076 615 2669 689 ciietZosimi,papa
2692 634 2920 692 magum
2955 623 3153 677 Roma:
3202 625 3533 684 ordinatur.
3589 630 3735 686 Cum

286 706 548 778 Ῥώμης·
587 708 904 782 συντρέχων
971 703 1028 761 δὲ
1081 711 1162 779 τῷ
1224 707 1331 781 βίῳ
1383 706 1412 760 6
1461 703 1655 781 λόγος,
1686 701 1967 777 αἰδέσιμον

293 796 486 853 ἐαυτὸν
544 801 662 860 τοῖς
725 800 887 852 πᾶσιν
933 796 1195 876 ἀπέφαινε
1242 799 1334 852 καὶ
1397 796 1724 870 θαυμαστὸν’
1785 795 1875 851 καὶ
1915 794 1967 850 ἐν

290 884 494 948 ἄλλοις
531 887 630 960 μὶν
657 885 923 955 πολλοῖς,
990 886 1277 963 ἐξαιρέτως
1335 883 1394 942 δὲ
1443 886 1495 942 ἐν
1539 889 1607 960 τῇ
1646 890 1754 941 τῶν
1789 883 1968 962 ὀρθῶν

289 973 592 1051 δογμάτων
653 975 1025 1045 ὑποτυπώσει,
1090 977 1179 1030 καὶ
1238 972 1491 1048 διαλέξει.
1553 974 1651 1030 Καὶ
1707 974 1809 1049 γὰρ
1872 971 1964 1028 σὺν

288 1069 372 1136 τῷ
402 1065 541 1140 ἁγίῳ
572 1063 842 1140 Κυρίλλῳ
891 1061 962 1119 δι’
1016 1061 1314 1134 ἐπιστολῆς
1347 1062 1686 1137 δογματικῆς
1715 1062 1968 1138 πλήρους

298 1150 636 1226 όρθοδοξίας,
695 1153 756 1221 ἣν
815 1151 1128 1208 ἀπέστειλεν
1190 1151 1250 1207 ἐκ
1308 1151 1539 1225 Ῥώμης
1572 1151 1626 1206 ἐν
1655 1154 1724 1225 τῇ
1757 1147 1965 1224 συνόδῳ

289 1245 359 1317 τῇ
412 1242 466 1297 ἐν
523 1241 756 1320 Ἐφέσῳ,
812 1241 906 1297 τὸν
964 1236 1196 1310 δυσσεϐῆ
1257 1240 1548 1316 Νεστόριον
1597 1238 1962 1310 καθεῖλε,καῖ

285 1338 388 1402 τῆς
462 1335 576 1387 τῶν
649 1327 954 1405 όρθοδοξων
1014 1329 1274 1402 ἐξήλασεν
1331 1329 1644 1402 ἐκκλησίας,
1709 1329 1962 1406 βλασφη-

287 1425 501 1494 μοῦντα
559 1419 636 1484 εἷς
683 1421 774 1475 τὸν
835 1419 958 1474 Υἱὸν
1009 1424 1106 1474 τοῦ
1165 1423 1328 1490 Θεοῦ,
1384 1417 1476 1475 καὶ
1535 1419 1613 1483 εἱς
1667 1420 1766 1488 τὴν
1801 1416 1954 1493 ἁγίαν

283 1505 579 1566 Θεοτὸκον.
611 1511 730 1566 Ἔτι
763 1507 821 1564 δὲ
877 1511 969 1565 καὶ
1025 1507 1096 1564 δι’
1151 1507 1339 1566 ἄλλων
1392 1506 1680 1586 δογμάτων
1729 1507 1824 1570 τὰς
1851 1513 1953 1576 τῆς

287 1599 596 1670 ’Δνατολῆς
654 1597 987 1669 Ἐκκλησίας
1062 1601 1162 1662 τῆς
1218 1602 1416 1654 τοῦτου
1486 1595 1671 1670 λύμης
1719 1595 1948 1665 ἠλευθέ-

297 1707 491 1763 ρωσεν,
518 1689 604 1744 καὶ
635 1686 886 1750 πολλοὺς
917 1686 1160 1763 φωτίσας
1193 1685 1490 1758 ἐτελειώθη
1525 1683 1576 1741 ἐν
1612 1685 1824 1762 εἰρήνῃ.

843 1815 1026 1872 unm
1063 1817 1150 1892 “r9
1190 1819 1391 1892 arra.

1091 1909 1144 1958 Θ.

438 2009 698 2082 Ἀθλησις
742 2009 1046 2084 τοῦ-ἁγίου
1099 2008 1373 2084 μάρτυρος
1419 2005 1666 2082 Βαδίμου
1706 2011 1805 2063 τοῦ

855 2078 1362 2156 ἀρχιμμανδρίτου.

1285 2203 1378 2276 μὶν
1463 2201 1524 2257 ἐκ
1599 2207 1701 2271 τῆς
1759 2201 1946 2276 χώρας

277 2296 529 2366 Περσῶν,
592 2291 872 2348 πλουσίων
929 2290 987 2347 δὲ
1037 2294 1243 2368 γονέων
1275 2292 1412 2346 υἱὸν·
1466 2292 1540 2345 ὧν
1583 2288 1946 2361 τελευτησάν-

276 2404 418 2452 των,
478 2384 686 2437 ἅπαντα
741 2383 835 2438 τὸν
893 2382 1135 2448 πλοῦτον
1195 2379 1500 2456 σχορπίσας
1555 2381 1631 2444 εἱς
1687 2378 1815 2442 τοὺς
1846 2377 1945 2434 πέ-

275 2492 474 2541 νητας,
507 2469 761 2526 ἀπελθὼν
822 2469 900 2532 εἷς
960 2471 1341 2545 μοναστήριον,
1410 2469 1618 2546 ἐγένετο
1678 2468 1941 2543 μοναχὸς,

279 2562 401 2617 εἶτα
458 2560 552 2616 καὶ
610 2556 1067 2637 ἆρχιμανδρίτης.
1125 2559 1435 2632 Κημόττων
1466 2557 1524 2613 δὲ
1564 2559 1658 2613 τὸν
1688 2556 1940 2632 Χριστὸν,

275 2647 538 2712 πολλοὺς
588 2647 674 2705 ἐτί
720 2649 880 2705 αὐτὸν
925 2647 1260 2726 ἐπιστρέφων
1307 2643 1581 2717 ἐϐάπτιζε.
1624 2647 1722 2702 Καὶ
1757 2645 1944 2720 μαθὼν

271 2743 445 2795 τοῦτο
504 2733 810 2814 Σαϐώριος,
860 2736 1194 2801 ἂποστείλας
1261 2737 1552 2811 ἐκράτησεν
1610 2735 1792 2803 αὐτὸν,
1853 2733 1946 2788 σὺν

272 2830 415 2886 ἑπτά
480 2835 754 2904 μαθηταῖς
807 2827 992 2900 αὐτοῦ,
1069 2828 1161 2884 καὶ
1245 2827 1561 2884 ἀπέκλεισεν
1647 2825 1808 2881 αὐτὸν
1864 2824 1941 2888 εἰς

271 2918 558 2998 φυλακήν.
620 2918 717 2976 Καὶ
781 2917 918 2992 μετᾶ
969 2919 1230 2992 τέσσαρας
1285 2913 1496 2990 ἡμέρας
1553 2914 1872 2991 προσέταξεν
1915 2915 1943 2969 6

280 3004 573 3084 Σαϐώριος
602 3013 724 3070 τοῖς
771 3004 1002 3080 δημίοις
1032 3001 1284 3063 ἐκϐαλεῖν
1317 3005 1512 3068 αὐτοὺς
1539 3011 1639 3074 τῆς
1673 3001 1943 3083 φυλακῆς,

282 3097 375 3153 καὶ
435 3097 854 3175 άποκεφαλίσαι.
912 3099 1046 3153 Ἕνα
1105 3093 1162 3150 δὲ
1244 3099 1351 3150 τῶν
1427 3091 1666 3168 δημίων,
1723 3097 1942 3169 Νηρσᾶν

285 3186 538 3260 ὀνόματι,
591 3185 858 3262 πρότερον
919 3182 1046 3240 ὄντα
1104 3185 1452 3262 Χριστιανὸν,
1483 3181 1859 3260 ἀρνησάμενον
1888 3179 1945 3237 δὲ

355 2201 603 2277 Βᾶδιμος
661 2205 690 2259 6
744 2207 896 2267 δσιος
983 2203 1203 2279 ὑπῆρχε

1975 1891 2022 1955 Β

2073 697 2209 760 vero
2235 705 2398 761 illius
2419 706 2551 762 vitae
2583 707 2760 762 etiam
2792 709 3064 767 doctrina
3093 721 3465 787 congrueret,
3500 725 3732 790 specta-

2073 792 2246 850 bilem
2276 811 2337 850 se
2369 794 2629 851 reddidit
2658 799 2911 864 cunctis,
2946 816 3013 855 ac
3045 801 3381 860 mirabilem
3413 805 3475 861 in
3523 807 3729 864 multis

2073 882 2340 954 quidem,
2373 883 2477 939 sed
2508 885 2807 958 praecipue
2840 887 2900 942 in
2932 895 3230 946 rectorum
3262 893 3605 966 dogmatum
3638 915 3732 953 ex-

2071 973 2388 1043 positione,
2422 990 2490 1030 ac
2521 973 2956 1032 dissertatione.
2993 978 3220 1052 Quippe
3251 988 3455 1039 sancto
3507 986 3725 1057 Cyrillo

2070 1062 2435 1132 connitente,
2468 1081 2576 1136 per
2604 1064 2918 1137 epistolam
2953 1067 3346 1141 dogmaticam
3396 1073 3728 1132 orthodoxa

2066 1151 2312 1207 veritate
2344 1152 2605 1224 plenam,
2639 1171 2818 1226 quam
2851 1173 2921 1211 ex
2953 1157 3097 1213 urbe
3129 1160 3314 1215 Roma
3335 1161 3406 1217 ad
3430 1163 3725 1234 synodum

2066 1239 2428 1311 Ephesinam
2453 1242 2634 1312 misit,
2659 1243 2909 1315 impium
2934 1247 3265 1303 Nestorium
3291 1254 3626 1322 prostravit,
3660 1271 3729 1310 ac

2065 1329 2582 1402 blasphemantem
2616 1332 2676 1387 in
2709 1334 2810 1388 Dei
2845 1334 3060 1390 Filium
3092 1342 3150 1392 et
3180 1337 3242 1393 in
3274 1345 3540 1396 sanctam
3594 1343 3724 1399 Dei-

2064 1436 2290 1491 param,
2326 1437 2398 1475 ex
2429 1421 2892 1478 orthodoxorum
2953 1425 3205 1482 ecclesia
3252 1428 3446 1500 ejecit.
3498 1431 3723 1489 Deinde

2061 1525 2196 1565 vero
2227 1515 2285 1565 et
2314 1509 2445 1566 aliis
2477 1510 2732 1567 decretis
2764 1513 3094 1570 Orientales
3125 1517 3420 1574 Ecclesias
3449 1519 3559 1576 hac
3614 1539 3720 1592 pe-

2061 1599 2478 1655 stilentissima
2510 1599 2605 1656 lue
2638 1600 2929 1658 liberavit.
2963 1603 3228 1678 Cumque
3260 1607 3526 1664 veritatis
3582 1609 3718 1669 luce

2058 1689 2260 1761 plures
2291 1690 2668 1762 illustrasset,
2705 1692 2765 1748 in
2797 1710 2942 1765 pace
2982 1693 3257 1753 deCessit.

2615 1818 2856 1874 EODEM
2895 1821 3144 1876 MENSE.

2734 1907 2840 1963 Die
2880 1924 3040 1965 nona

2108 2012 2399 2068 Certamen
2427 2017 2607 2069 sancti
2637 2018 2902 2086 martyris
2930 2015 3156 2073 Badimi
3182 2017 3656 2077 archimandritz.

2123 2199 2372 2256 Sanctus
2390 2200 2668 2256 Badimus
2685 2202 2799 2257 fuit
2823 2219 2892 2258 ex
2917 2205 3157 2276 regione
3183 2207 3517 2275 Persarum,
3552 2207 3703 2264 divi-

2048 2291 2173 2343 tum
2205 2295 2524 2360 parentum
2557 2290 2736 2358 ﬁlius,
2760 2291 2978 2363 quibus
3001 2294 3118 2350 vita
3138 2295 3378 2360 functis,
3412 2313 3547 2352 cum
3572 2299 3700 2370 jam

2047 2377 2281 2433 divitias
2310 2395 2518 2434 omnes
2539 2379 2602 2434 in
2633 2397 2927 2452 pauperes
2955 2390 3272 2456 erogasset,
3305 2387 3367 2441 in
3399 2393 3700 2443 monaste-

2045 2467 2202 2523 rium
2233 2469 2398 2534 abiit,
2432 2469 2630 2540 ibique
2664 2472 2992 2528 monachus
3022 2472 3212 2529 factus
3243 2480 3353 2542 est,
3395 2475 3610 2531 deinde
3643 2481 3707 2532 et

2047 2559 2535 2616 archimandrita.
2582 2560 2920 2619 Prmdicans
2977 2569 3173 2621 autem
3227 2566 3441 2622 Christi
3500 2567 3701 2638 fidem,

2046 2649 2268 2704 multos
2298 2649 2372 2705 ad
2402 2667 2531 2705 eam
2559 2649 2824 2720 adduxit,
2872 2657 2931 2709 et
2975 2652 3306 2726 baptizavit.
3353 2654 3519 2722 Quod
3568 2673 3704 2712 cum

2050 2738 2300 2810 Sapores
2331 2740 2646 2794 Persarum
2673 2757 2777 2796 rex
2808 2741 3226 2812 intellexisset,
3259 2761 3396 2800 eum
3421 2761 3542 2801 una
3571 2761 3707 2801 cum

2051 2832 2280 2898 septem
2305 2827 2494 2898 ipsius
2517 2829 2828 2900 discipulis
2859 2832 3287 2903 comprehendi
3311 2834 3515 2906 jussit,
3563 2839 3623 2891 et
3646 2836 3710 2890 in

2049 2930 2352 2970 carcerem
2379 2915 2635 2971 detrudi.
2663 2923 2742 2973 Ac
2766 2916 2980 2973 deinde
3003 2924 3139 2990 post
3161 2927 3417 2992 quatuor
3436 2921 3565 2977 dies
3588 2927 3710 2978 tor-

2051 3003 2280 3060 toribus
2301 3004 2621 3073 mandavit,
2648 3011 2714 3060 ut
2750 3006 2912 3078 ipsos
2943 3024 2974 3062 e
3005 3024 3242 3064 carcere
3275 3009 3618 3079 educerent,
3649 3015 3710 3066 et

2050 3101 2229 3168 caput
2260 3095 2344 3150 eis
2375 3101 2775 3168 amputarent.
2815 3097 3030 3154 Videns
3087 3103 3286 3154 autem
3331 3106 3574 3155 sanctus
3619 3099 3709 3155 vir

2050 3201 2237 3240 unum
2270 3202 2339 3240 ex
2370 3184 2713 3253 tortoribus,
2768 3187 3010 3242 Nersam
3063 3187 3327 3256 nomine,
3378 3188 3480 3259 qui
3529 3193 3708 3245 antea

274 3279 369 3332 τὸν
403 3260 646 3353 Χριστὸν
692 3273 785 3330 διὰ
827 3275 919 3331 τὸν
969 3260 1163 3353 φόϐον,
1207 3278 1511 3351 γυμνοῦντα
1537 3275 1600 3329 τὸ
1631 3272 1804 3351 ξίφος,
1842 3274 1940 3326 τοῦ

2062 3274 2420 3329 Christianus
2479 3273 2689 3341 fuerat,
2751 3274 2967 3330 deinde
3019 3281 3184 3332 metu
3270 3282 3707 3334 tormentorum

280 3362 686 3442 ἀποκεφαλίσαι
768 3361 986 3432 αὐτοὺς,
1069 3359 1199 3416 ΐδὼν
1255 3362 1283 3415 6
1341 3361 1492 3436 ἅγιος
1548 3359 1638 3414 καὶ
1695 3358 1944 3428 στενάξας

282 3453 584 3510 ἐταλάνισε·
675 3452 766 3508 καὶ
849 3452 1154 3524 ὑπέμνησεν
1238 3449 1396 3505 αὐτὸν
1474 3456 1573 3519 τῆς
1632 3445 1946 3522 μελλούσης

288 3544 504 3617 ἡμέρας
552 3545 651 3613 τὴν
702 3539 1087 3598 ἀνταπόδοσιν.
1146 3541 1208 3597 Ὀ
1267 3539 1325 3594 δὲ
1374 3542 1590 3614 Νηρσᾶς
1650 3537 1946 3612 ἀρξάμενος

292 3632 517 3707 τρέμειν
576 3633 674 3687 ἀπὸ
725 3637 823 3688 τοῦ
872 3627 1069 3710 φόϐου,
1130 3628 1333 3685 δέδωκε
1387 3634 1467 3702 τῷ
1529 3629 1669 3703 ἁγίῳ
1725 3625 1944 3700 πληγὰς

290 3721 581 3796 τέσσαρας·
655 3721 735 3777 καὶ
813 3721 959 3777 οὕτω
1041 3719 1133 3795 βίᾳ
1205 3717 1396 3793 πολλῃ
1501 3713 1786 3792 παρέδωκε
1881 3713 1945 3770 τὰ

290 3811 532 3883 πνεῦμα.

358 4026 464 4084 Καὶ
487 4024 722 4097 ἄθλησις
751 4029 859 4080 τῶν
894 4023 1058 4100 ἁγίων
1104 4021 1394 4100 μαρτύρων
1424 4025 1530 4077 τῶν
1565 4019 1618 4076 ἐν
1652 4017 1874 4096 Περσίδι

903 4094 1328 4160 τελειωθέντων.

362 4223 652 4301 Σαϐώριος
707 4227 736 4280 6
790 4229 900 4280 τῶν
952 4226 1176 4298 Περσῶν
1240 4219 1518 4298 βασιλεὺς,
1561 4218 1948 4294 ἐκστρατεύσας

284 4317 422 4372 κατᾶ
472 4323 576 4386 τῆς
632 4320 741 4370 τῶν
795 4312 1079 4386 Ῥωμαίων
1133 4315 1262 4386 γῆς,
1320 4310 1455 4366 κατᾶ
1481 4309 1546 4364 τὸ
1584 4309 1949 4379 πεντηκοστὸν

278 4407 468 4480 τρίτον
497 4403 619 4467 ἔτος
661 4411 764 4474 τῆς
809 4402 974 4458 αὐτοῦ
1027 4399 1332 4477 βασιλείας,
1383 4409 1472 4454 καί
1503 4398 1661 4471 νόμῳ
1695 4395 1946 4470 πολέμου

277 4497 722 4563 πολυάνθρωπον
752 4493 914 4548 πόλιν
973 4490 1138 4560 ἑλὼν,
1189 4487 1316 4550 τοὺς
1366 4487 1418 4542 ἐν
1469 4487 1608 4562 αὐτῇ
1652 4487 1745 4560 μὶν
1780 4507 1944 4560 στρα-

279 4586 489 4648 τιώτας
546 4583 744 4644 πάντας
804 4579 1078 4660 ἐφόνευσε,
1136 4579 1230 4633 τὸν
1292 4575 1350 4632 δὲ
1408 4575 1689 4648 ἀπόλεμον
1744 4573 1943 4650 ὂχλον,

285 4676 406 4730 οἷον
465 4667 748 4748 γέροντας,
821 4675 1097 4746 γυναῖκας,
1156 4663 1365 4734 παιδία,
1430 4665 1518 4720 καὶ
1574 4665 1669 4720 τὸν
1727 4661 1950 4719 ἐπίσκο-

287 4783 394 4817 πον
451 4757 814 4836 Ἡλιόδωρον,
865 4757 958 4813 καὶ
1014 4755 1145 4820 τοὺς
1199 4749 1621 4830 πρεσϐυτέρους,
1679 4753 1770 4808 καὶ
1825 4753 1953 4816 τοὺς

292 4849 604 4919 διακόνους,
665 4848 755 4905 καὶ
813 4849 1016 4908 πάντας
1072 4843 1200 4907 τοὺς
1272 4843 1326 4899 έν
1379 4847 1461 4916 τῷ
1517 4842 1715 4917 κλήρῳ
1771 4862 1954 4918 περιι-

293 4942 596 5010 ποιήσατο.
641 4936 877 4995 Μέλλων
936 4936 1028 4991 οὗν
1084 4931 1340 5005 τελευτᾷν
1373 4934 1401 4987 6
1433 4930 1729 4996 ἐπίσκοπος
1763 4931 1954 4988 Ἥλιό-

299 5028 502 5105 δωρος,
603 5027 1015 5104 ἐχειροτόνησεν
1145 5024 1258 5079 ἀντ’
1387 5021 1550 5078 αὐτοῦ
1659 5019 1952 5078 ἐπίσκοπον

300 5118 363 5175 ἐκ
414 5124 525 5175 τῶν
586 5113 967 5193 πρεσϐυτέρων
1021 5111 1136 5173 ἵνα.
1211 5113 1320 5169 Καὶ
1376 5118 1474 5182 τῆς
1543 5110 1596 5182 ἐξ
1649 5107 1804 5177 ἔθους
1861 5109 1955 5166 δο-

297 5211 552 5286 ξολογίας
611 5206 663 5263 ἐν
727 5210 798 5281 τῇ
858 5203 1125 5276 ἐκκλησίᾳ
1205 5200 1614 5276 ἀναφερομένης
1679 5205 1760 5274 τῷ
1815 5205 1954 5274 Θεῷ,

293 5298 553 5356 ἀπελθών
583 5320 667 5360 τις
693 5301 803 5353 τῶν
859 5298 1100 5370 Περσῶν,
1151 5294 1270 5348 εἷπε
1319 5294 1400 5364 τῷ
1448 5285 1744 5368 Σαϐωρίῳ,
1771 5289 1856 5346 ὅτι
1891 5290 1957 5348 Οἱ

286 5389 445 5463 παρά
501 5392 597 5442 σοῦ
655 5385 1102 5462 συγχωρηθέντες
1184 5384 1278 5456 ζῇν
1359 5379 1698 5455 Χριστιανοὶ,
1755 5377 1849 5435 ’ένα
1907 5380 1958 5452 ἐξ

287 5479 474 5536 αὐτῶν
503 5482 721 5553 πρῶτον
772 5476 1116 5545 ποιήσαντες,
1172 5475 1272 5537 τῆς
1332 5469 1425 5544 μὲν
1478 5469 1766 5545 θρησκείας
1796 5471 1958 5542 ἡμῶν

283 5563 889 5646 καταϐλασφημοῦσιν,
943 5569 1046 5632 τῆς
1103 5559 1160 5616 δὶ
1217 5565 1315 5629 σῆς
1377 5557 1623 5629 ἐξουσίας
1678 5578 1960 5636 καταφρο-

289 5663 469 5718 νοῦσι.
524 5657 666 5715 Τότε
723 5652 984 5730 ἀχθέντες
1024 5649 1443 5727 ἠναγκάσθησαν
1481 5651 1965 5724 προσκυνῆσαιτῷ

290 5748 465 5823 ἡλίῳ·
530 5749 609 5823 μή
669 5744 976 5805 πεισθέντες
1021 5739 1100 5811 δὶ,
1151 5737 1386 5800 ἅπαντες
1435 5734 1964 5815 ἆπεκεφαλίσθησαν.

519 5867 521 5872 “
580 5870 850 5931 ΡΑΤΠΟΙ..
893 5865 1016 5925 Gn.
1059 5859 1302 5922 CXVII.

2050 3363 2348 3418 Christum
2366 3362 2782 3435 abnegaverat;
2805 3364 3476 3436 hunc,inquam.videns
3500 3382 3705 3423 ensem

2050 3450 2473 3516 denudantem,
2506 3458 2572 3506 ut
2629 3459 2808 3524 caput
2863 3453 3010 3525 ipsis
3067 3454 3464 3524 abscinderet,
3523 3456 3706 3512 colla-

2049 3548 2350 3612 crymatus
2381 3542 2480 3596 49
2532 3546 2640 3610 est,
2697 3547 2755 3596 et
2802 3542 2991 3614 ipsius
3043 3543 3444 3600 calamitatem
3495 3544 3708 3613 doluit,

2050 3631 2222 3702 eique
2255 3635 2532 3686 extremm
2562 3630 2677 3685 diei
2735 3631 3192 3688 retributionem
3239 3633 3301 3688 in
3359 3635 3712 3690 memoriam

2050 3720 2360 3775 revocavit.
2397 3722 2609 3776 Nersas
2639 3737 2773 3775 vero
2806 3739 2926 3792 prm
2960 3721 3172 3778 timore
3205 3723 3502 3794 trepidare
3561 3723 3712 3779 inci-

2050 3809 2244 3882 piens,
2279 3815 2534 3882 quatuor
2562 3809 2809 3866 vulnera
2839 3817 3046 3868 sancto
3071 3812 3194 3868 viro
3241 3812 3499 3869 inﬂixit:
3531 3819 3712 3885 atque

2050 3901 2135 3956 ita
2164 3900 2216 3955 vi
2248 3901 2438 3956 multa
2468 3901 2742 3973 spiritum
2775 3901 2994 3957 emisit.

2052 4031 2120 4085 Et
2149 4036 2432 4085 certamen
2476 4035 2790 4086 sanctorum
2837 4037 3167 4102 martyrum,
3226 4031 3328 4101 qui
3378 4034 3437 4086 in
3491 4031 3716 4089 Perside

2456 4104 2791 4173 martyrium
2821 4111 3294 4160 consummarunt.

2127 4225 2378 4297 Sapores
2409 4226 2725 4280 Persarum
2758 4241 2862 4279 rex
2891 4241 3049 4281 anno
3081 4226 3248 4298 regni
3275 4226 3366 4280 sui
3415 4227 3713 4298 quinqua-

2052 4315 2276 4387 gesimo
2309 4313 2481 4368 tertio
2511 4313 2888 4384 expeditione
2910 4315 2971 4368 in
2996 4316 3397 4370 Romanorum
3421 4315 3711 4370 ditionem

2055 4408 2351 4475 suscepta,
2387 4419 2523 4457 cum
2556 4402 3107 4472 frequentissimam
3139 4402 3348 4458 urbem
3381 4405 3519 4475 jure
3570 4404 3716 4459 belli

2053 4491 2560 4565 cepisset,milites
2582 4508 2793 4547 omnes
2812 4492 2912 4564 qui
2935 4493 2994 4547 in
3010 4509 3078 4548 ea
3098 4492 3717 4565 erant,occidijussit;

2058 4588 2297 4656 gentem
2327 4597 2462 4636 vero
2498 4581 2572 4636 ad
2604 4580 2828 4636 bellum
2861 4582 3107 4637 minime
3129 4581 3722 4649 idoneam,nimirum

2061 4687 2259 4736 senes,
2291 4670 2596 4739 mulieres,
2632 4687 2869 4742 pueros,
2919 4670 3306 4728 Heliodorum
3355 4672 3722 4745 episcopum,

2062 4759 2462 4833 presbyteros,
2495 4761 2802 4830 diaconos,
2837 4765 2896 4816 et
2924 4777 3133 4816 omnes
3191 4761 3441 4817 clericos
3493 4762 3728 4818 incolu-

2063 4867 2191 4906 mes
2223 4851 2444 4906 servari
2471 4851 2793 4907 mandavit.
2828 4851 3180 4907 Heliodorus
3237 4857 3436 4908 autem
3494 4853 3728 4925 episco—

2063 4957 2174 5012 pus
2200 4956 2334 4995 cum
2369 4957 2431 4995 se
2460 4941 2642 4996 mortI
2680 4941 3020 5012 proximum
3074 4942 3472 5014 prmsentiret,
3517 4943 3580 4998 in
3630 4943 3721 4999 sui

2063 5030 2262 5085 locum
2293 5046 2481 5085 unum
2514 5046 2584 5085 ex
2615 5029 2984 5102 presbyteris
3015 5031 3364 5105 episcOpum
3405 5032 3721 5089 ordinavit.

2068 5118 2178 5175 Sed
2209 5136 2344 5175 cum
2377 5119 2449 5174 de
2481 5121 2722 5175 morein
2745 5120 2997 5176 ecclesia
3018 5123 3332 5178 offerretur
3349 5123 3466 5177 Deo
3496 5121 3724 5193 gloriﬁ-

2066 5210 2242 5275 catio,
2276 5208 2484 5265 abiens
2517 5209 2761 5280 quidam
2794 5227 2864 5265 ex
2881 5210 3098 5278 Persis,
3129 5211 3330 5282 Sapori
3359 5210 3484 5265 haec
3505 5224 3722 5264 renun-

2070 5298 2236 5355 tiavit
2267 5314 2281 5353 :
2336 5299 2657 5355 Christiani
2708 5299 2818 5366 illi,
2854 5316 2887 5354 ο
2919 5301 3062 5366 Rex,
3114 5300 3331 5370 quibus
3361 5315 3396 5354 a
3425 5304 3482 5354 te
3531 5298 3725 5353 vivere

2068 5384 2430 5457 permissum
2452 5384 2912 5455 fuit,quemdam
2935 5385 3046 5440 sibi
3067 5385 3398 5456 principem
3415 5383 3726 5456 eligentes,

2070 5478 2336 5529 nostram
2368 5473 2610 5544 quidem
2642 5473 2995 5544 religionem
3026 5471 3382 5544 reprobant;
3429 5475 3588 5527 tuam
3619 5485 3727 5526 au-

2070 5566 2191 5617 tem
2222 5567 2580 5634 potestatem
2622 5567 3036 5618 contemnunt.
3089 5564 3460 5632 Quapropter
3507 5560 3582 5616 ad
3637 5575 3731 5615 re-

2069 5667 2202 5725 gem
2229 5651 2494 5719 adducti,
2517 5651 2674 5724 jussi
2704 5656 2844 5708 sunt
2873 5651 3062 5707 solem
3090 5650 3360 5706 adorare.
3397 5649 3566 5716 Quod
3595 5665 3733 5706 cum

2068 5740 2264 5798 facere
2279 5759 2339 5797 re
2348 5747 2894 5810 cusasseut,omnes
2908 5741 3099 5812 capite
3117 5739 3456 5797 obtruncati
3469 5740 3737 5810 fuerunt,

3368 5857 3444 5919 13
