4108 6432
384 389 504 502 395
1669 438 1832 501 ΜΕΝ
1839 439 2006 501 οιοι

2191 435 2358 500 ἈΗΒ
2401 438 2478 500 ll.
3687 441 3813 508 396

387 577 458 631 Et
487 581 766 631 certamen
795 575 974 632 sancti
1010 576 1275 645 martyris
1321 574 1620 646 Eupsychii
1671 572 2009 633 Caesariensis

2184 567 2251 627 [αἱ
2283 569 2517 640 ἄθλησις
2575 571 2671 625 τοῦ
2726 564 2881 647 ἀγίου
2942 570 3214 647 μάρτυρος
3271 568 3555 652 Εῦψυχίον
3616 580 3714 633 τοῦ
3749 577 3806 635 ἰν

2817 643 3133 720 Καισαρείᾳ.

454 735 822 808 Eupsychius
853 736 1067 792 Christi
1119 742 1367 810 martyr,
1416 737 1748 810 imperante
1805 736 2038 792 Juliano

2215 729 2502 806 Εὖψῦχιος
2556 731 2584 786 6
2640 734 2738 786 τοῦ
2795 735 3042 806 Χριστοῦ
3109 735 3336 808 μάρτυς,
3404 737 3656 814 ὑπῆρχεν
3713 737 3803 795 ἀπὶ

384 831 675 897 apostata,
708 827 820 882 fuit
849 844 918 882 ex
946 828 1188 901 regione
1221 829 1624 901 Cappadociae.
1667 829 2006 901 Inculpatan

2182 824 2422 888 ασιλεῖας
2465 829 2563 882 τοῦ
2619 820 2940 902 παραϐάτου
2991 825 3300 884 Ἰουλιανοῦ
3346 829 3454 886 ἀπὸ
3482 838 3582 900 τῆς
3611 833 3803 908 χώρας

378 919 580 970 autem
603 916 1138 988 vitam,simplicem
1149 934 1264 989 que
1285 918 1493 990 agendi
1510 918 1797 974 rationem
1810 931 2000 973 assect

2176 918 2252 969 ῶν
2293 914 2691 973 Καππαδοκῶν.
2750 915 3153 986 Ἀνεπίληπτον
3184 915 3240 972 δὶ
3271 919 3414 993 βίον,
3447 921 3538 974 καὶ
3567 922 3798 997 γνώμην

377 1006 757 1068 tus.maximo
781 1007 994 1062 Christi
1027 1007 1324 1063 desiderio
1371 1014 1429 1064 et
1475 1025 1678 1064 amore
1726 1005 1999 1080 ﬂagrabat

2177 1004 2477 1077 εκτημένος
2509 1002 2740 1077 ἁπλοῦν,
2799 1007 2920 1080 εἶχε
2975 1005 3066 1061 καὶ
3119 1006 3288 1071 πόθον
3344 1007 3521 1065 πολὺν
3562 1009 3641 1074 είς
3667 1012 3799 1085 Χρι-

373 1095 521 1149 Cum
553 1101 750 1150 autem
783 1094 1031 1152 vidisset
1086 1096 1386 1152 idolorum
1434 1097 1696 1153 cultores
1745 1095 1995 1168 templu:

2178 1094 2286 1152 τόν.
2319 1093 2493 1162 Ὁρῶν
2528 1091 2586 1149 δὲ
2630 1092 2758 1155 τοὺς
2808 1091 3218 1170 εἰδωλολάτρας
3270 1095 3685 1172 ἀπερχομένους
3718 1099 3800 1164 είς

371 1181 643 1240 Fortunae
667 1203 902 1243 sacrum
929 1187 1239 1254 adeuntes,
1273 1195 1332 1244 et
1356 1188 1579 1245 ibidem
1603 1188 1993 1245 sacrificantes

2173 1181 2228 1236 6v
2255 1181 2379 1238 ναὸν
2425 1189 2526 1253 τῆς
2573 1181 2880 1258 λεγομένης
2931 1183 3145 1258 Τύχης,
3183 1184 3274 1240 καὶ
3331 1185 3576 1257 θύοντας,
3622 1187 3699 1251 είς
3725 1188 3795 1259 ἢν

371 1273 433 1328 in
465 1291 645 1346 quam
677 1275 928 1332 credens
956 1283 1227 1350 apostata
1255 1278 1547 1344 Julianus,
1577 1278 1849 1334 victimas
1881 1293 1993 1348 quo

2181 1269 2402 1327 ιστεύων
2464 1273 2492 1328 6
2547 1267 2866 1347 παραϐάτης
2921 1273 3241 1343 Ἰουλιανὸς,
3300 1275 3487 1339 θυσίας
3516 1278 3637 1342 καθ’
3669 1276 3797 1334 ἑκά-

370 1362 515 1419 tidie
545 1365 760 1421 oﬂ‘erre
792 1373 1221 1424 consueverat:
1280 1368 1402 1424 zelo
1463 1368 1660 1424 divino
1718 1382 1992 1423 accensus

2172 1380 2267 1431 την
2315 1359 2663 1437 προσέφερεν,
2712 1358 2865 1435 ζήλῳ
2913 1361 3040 1435 θείῳ
3085 1364 3348 1433 κινηθεὶς,
3391 1365 3482 1420 καὶ
3524 1367 3794 1441 Χριστια-

369 1452 517 1510 alias
545 1471 748 1510 secum
781 1456 1373 1527 Christianos,socios
1394 1455 1991 1529 assumens,templur

2168 1452 2238 1503 ῶν
2321 1469 2486 1504 τινων
2569 1445 3047 1526 προσλαϐόμενος,
3127 1450 3379 1508 ἀπελθὼν
3433 1455 3790 1532 κατέστρεψεν

368 1543 841 1601 afundamentis
889 1546 1195 1616 subvertit,
1248 1553 1306 1604 et
1351 1548 1532 1619 idola,
1589 1564 1721 1620 qua)
1777 1546 1840 1603 in
1896 1547 1988 1618 ips

2167 1536 2291 1594 ῦτὸν
2327 1535 2386 1593 ἐκ
2419 1539 2658 1615 βαθρῶν,
2688 1541 2778 1594 καὶ
2806 1542 2873 1596 τὰ
2922 1539 2973 1596 έν
3025 1540 3172 1614 αὖτῳ
3215 1543 3525 1619 συνέτριψεν
3559 1543 3787 1606 εἴδωλα.

368 1638 560 1699 erant,
579 1634 877 1690 contrivit.
897 1636 1041 1691 Cum
1063 1642 1263 1693 autem
1287 1638 1413 1693 huic
1437 1637 1704 1694 scivisset
1729 1636 1990 1692 Julianus

2166 1628 2328 1683 [αθὼν
2363 1625 2621 1684 δὲταῦτα
2669 1631 2696 1684 6
2747 1625 3070 1705 παραϐάτης
3125 1629 3367 1706 ὠργίσθη
3420 1632 3648 1711 σφόδρα,
3695 1635 3788 1691 καὶ

368 1721 971 1790 vehementeriratus,
995 1725 1131 1782 illos
1159 1743 1366 1782 omnes
1378 1724 1802 1800 comprehendi
1809 1725 1990 1798 jussit

2168 1717 2452 1780 ποστείλας
2508 1717 2799 1794 ἐκράτησεν
2869 1719 3127 1783 ἅπανταςο
3204 1721 3294 1776 καὶ
3346 1720 3474 1784 τοὺς
3534 1723 3629 1796 μὲν
3687 1723 3790 1780 ἄλ-

369 1817 431 1868 et
458 1812 608 1869 alios
639 1813 881 1885 quidem
914 1831 982 1870 ex
1015 1815 1162 1887 ipsis
1191 1816 1435 1872 fortunae
1469 1815 1642 1872 bonis
1673 1816 1932 1882 orbatos,
1965 1831 1991 1870 e

2166 1828 2261 1871 ους
2306 1811 2413 1862 τῶν
2471 1804 2625 1862 ίδίων
2674 1810 2961 1884 περήσας,
3009 1810 3278 1866 κακώσεσι
3327 1810 3611 1875 ποικίλαις
3652 1814 3785 1869 ὑπο-

359 1901 537 1956 variis
555 1902 838 1957 arumnis
852 1902 1180 1960 afﬂictosin
1200 1905 1477 1962 exsilium
1496 1905 1981 1976 ejecit;martyrer

2164 1895 2334 1968 αλὼν,
2370 1896 2612 1972 ἐξώρισεο
2666 1899 2760 1955 τὸν
2820 1896 2877 1954 δέ
2937 1899 3182 1976 μάρτυρα
3234 1900 3542 1978 Εὗψύχιον,
3588 1903 3664 1967 ὡς
3696 1904 3783 1960 αἲ-

359 2007 497 2048 vero
550 1990 980 2064 Eupsychium,
1041 2000 1245 2067 utpote
1329 1996 1655 2068 perpetrati
1737 1992 1981 2050 facinori

2161 2007 2241 2041 ιον
2289 1987 2582 2062 γενόμενον
2631 1992 2729 2044 τοῦ
2776 1988 3035 2044 τοιούτου
3081 1987 3380 2064 δράματος,
3431 1997 3648 2064 πρῶτον
3683 1995 3779 2068 μὶν

361 2086 688 2152 auctorem,
721 2085 913 2156 primo
945 2085 1188 2158 quidem
1220 2085 1281 2140 in
1313 2102 1614 2141 carcerem
1644 2085 1754 2142 ὅθ
1783 2081 1983 2139 detrud

2161 2076 2444 2133 πέκλεισεν
2494 2077 2570 2141 είς
2624 2077 2898 2157 φυλακήν·
2947 2073 3133 2136 ἔπειτα
3173 2087 3275 2150 τῆς
3323 2081 3574 2160 φυλακῆς
3617 2080 3778 2140 ἐκϐα-

353 2169 577 2241 jussit;
605 2179 813 2244 postea
837 2191 972 2231 vero
1003 2191 1034 2230 e
1065 2191 1301 2230 carcere
1333 2173 1638 2239 eductum,
1669 2171 1975 2244 multiplici

2150 2166 2263 2234 .c‘ov,
2292 2168 2382 2222 καὶ
2425 2164 2613 2222 πολλᾶ
2659 2169 2970 2245 βασανίσας,
3028 2169 3119 2226 καὶ
3169 2171 3573 2248 καταναγκάσας
3602 2173 3772 2248 ἀρνή-

359 2257 475 2316 bus
519 2263 836 2319 tormentis
883 2263 1159 2320 cruciari.
1218 2264 1466 2320 Demum
1529 2279 1664 2319 cum
1717 2261 1981 2317 Christur

2146 2257 2313 2312 τασθαι
2363 2256 2457 2313 τὸν
2511 2257 2765 2335 Χριστὸν,
2815 2259 2908 2314 καὶ
2973 2259 3051 2333 μὴ
3105 2260 3320 2328 πείσας,
3373 2261 3768 2341 ἀπεκεφάλισεν

362 2364 580 2424 negare
601 2351 808 2424 jussus
837 2354 1187 2426 respuisset,
1217 2353 1408 2426 capite
1439 2356 1749 2409 truncatus
1776 2349 1908 2407 fuit.

919 2463 1161 2520 EODEM
1200 2463 1452 2519 MENSE.

2678 2438 2864 2497 ΜΠΝΙ
2901 2443 2985 2495 ΤΩ
3021 2443 3225 2500 ΑΥΤΩ.

2932 2533 2953 2588 Ι

999 2553 1103 2609 Die
1135 2553 1369 2609 decima

359 2653 644 2713 Certamen
673 2665 993 2736 sanctorum
1022 2662 1400 2736 quadraginta
1421 2665 1763 2731 martyrum,
1817 2659 1981 2712 Terea

2165 2651 2393 2724 ιθλησις
2418 2658 2527 2736 τῶν
2579 2655 2748 2736 ᾁγίων
2798 2656 3199 2736 τεσσαράκοντα
3249 2657 3560 2736 μαρτιξρων,
3593 2662 3787 2736 Τερεν.

781 2731 872 2800 tit,
905 2726 1190 2802 Africani,
1228 2726 1280 2788 et
1309 2726 1600 2787 aliorumf

2405 2726 2552 2793 τίου,
2587 2726 2942 2802 ’Ᾱφρικανοῦ,
2969 2726 3063 2782 καὶ
3114 2732 3221 2784 τῶν
3252 2726 3500 2787 λοιπῶν.

419 2871 729 2929 Terentius
764 2873 983 2931 Christi
1009 2880 1236 2948 martyr
1265 2891 1402 2931 cum
1433 2873 1556 2930 suis
1589 2872 1789 2940 sociis,
1822 2871 2014 2944 impe-

2187 2868 2491 2945 Τερεντίου,
2551 2869 2579 2924 6
2631 2865 2728 2924 τοῦ
2785 2873 3027 2943 Χριστοῦ
3090 2871 3298 2944 μάρτυς
3351 2871 3486 2944 μετά
3520 2872 3626 2940 τῆς
3656 2895 3781 2928 συν-

350 2967 520 3016 rante
553 2963 751 3032 Decio,
787 2981 858 3020 ex
907 2965 1104 3021 Africa
1147 2965 1278 3020 fuit.
1330 2963 1752 3020 Persecutione
1810 2967 1972 3018 auter

2153 2955 2268 3020 δίας
2319 2957 2512 3031 αὐτοῦ,
2562 2959 2808 3036 ὑπῆρχεν
2859 2956 2949 3013 in?
2999 2965 3100 3028 τῆς
3152 2957 3432 3034 βασιλείας
3480 2963 3684 3031 Δεκίου,
3715 2961 3775 3018 έκ

350 3049 625 3114 excitata,
660 3068 794 3111 cum
823 3055 1142 3111 Christiani
1193 3054 1630 3116 occiderentur,
1685 3050 1857 3107 multi
1907 3065 1972 3121 qt

2151 3052 2214 3116 ἧς
2261 3047 2448 3122 χώρας
2501 3048 2790 3126 ’Δφρικῆςο
2869 3045 3123 3123 διωγμοῦ
3173 3047 3231 3104 δὲ
3299 3053 3638 3122 κινηθέντος,
3683 3050 3773 3106 καὶ

349 3148 550 3218 fugam
569 3154 745 3204 antea
774 3163 893 3220 prae
926 3147 1140 3201 timore
1162 3141 1971 3216 arripuerant,comprehensi

2149 3139 2223 3191 ῶν
2283 3141 2620 3213 Χριστιανῶν
2706 3138 3088 3215 φονευομένων
3152 3136 3359 3194 πολλοὶ
3421 3135 3771 3218 φοϐηθέντες,

335 3236 493 3310 jussi
526 3243 667 3293 sunt
687 3235 1022 3293 sacriﬁcare
1045 3234 1221 3290 idolis
1245 3249 1531 3305 :cumque
1551 3248 1673 3287 non
1700 3230 1957 3301 obtempt

2149 3223 2202 3279 αἱ
2307 3224 2724 3300 ἀναγκασθέντες
2807 3227 2982 3296 θῦσαι,
3062 3227 3154 3282 καὶ
3262 3229 3338 3300 μὴ
3447 3228 3767 3300 πεισθέντες,

341 3309 566 3391 rarent,
591 3327 653 3382 in
675 3325 1174 3396 carcerem,jussu
1194 3321 1465 3395 praesidis
1484 3320 1716 3388 Africae,
1744 3336 1851 3375 con
1851 3319 1963 3392 jecl

2147 3315 2543 3386 πεκ).είσθήσαν
2625 3313 2701 3377 είς
2787 3314 3035 3393 φυλακὴν
3107 3318 3256 3391 παρὰ
3321 3321 3416 3372 τοῦ
3499 3319 3766 3394 ἡγεμόνος

338 3413 601 3472 fuerunt.
637 3414 859 3472 Deinde
889 3431 919 3469 e
951 3428 1186 3470 carcere
1217 3411 1434 3477 educti,
1471 3410 1666 3466 denuo
1699 3408 1960 3464 Christur

2147 3410 2402 3482 \(pptxﬁc.
2436 3406 2567 3462 Εἶτα
2595 3411 2695 3475 τῆς
2741 3405 2990 3482 φυλακῆς
3042 3405 3368 3477 ἐξελθόντες,
3408 3407 3572 3462 πάλιν
3599 3409 3769 3484 ἠναγ-

339 3503 614 3562 deserere
644 3503 934 3578 compulsi
960 3508 1119 3571 sunt,
1138 3501 1530 3575 pluribusque
1554 3498 1872 3555 tormentis
1898 3514 1961 3552 ex

2143 3491 2333 3562 άζοντο
2387 3494 2717 3568 ἀρνήσασθαι
2793 3495 2884 3550 τὸν
2965 3496 3222 3569 Χριστὸν,
3303 3497 3558 3572 βασάνοις
3618 3499 3765 3554 πολ-

338 3595 876 3652 cruciati.Primum
900 3595 1062 3650 enim
1083 3593 1218 3650 cessi
1236 3589 1960 3662 sunt,quousqueipsorur

2148 3589 2233 3647 αῖς
2291 3583 2686 3658 ἐξεταζόμενοι.
2745 3585 3015 3663 Πρότερον
3079 3588 3185 3664 γὰρ
3258 3586 3583 3664 ἐτόφθησαν,
3655 3585 3763 3652 ἕως

331 3684 560 3742 viscera
609 3686 1118 3758 conspicerentur.
1171 3685 1385 3738 Postea
1414 3680 1614 3753 ignitis
1654 3677 1884 3734 subulis
1930 3678 1953 3731 i‘

2143 3672 2374 3748 ράνησαν
2457 3675 2527 3730 τὰ
2607 3673 2902 3750 σπλάγχνα
2980 3675 3172 3731 αὐτῶν·
3253 3673 3440 3733 ἔπειτα
3479 3672 3765 3742 σουϐλίοις

334 3770 556 3828 lumbis
580 3773 1021 3844 perforati,etin
1037 3787 1239 3827 eorum
1251 3769 1496 3825 vulnera
1507 3773 1740 3824 acetum
1756 3782 1889 3821 cum
1905 3781 1956 3820 sa

2137 3765 2400 3838 τυρωθεῖσι
2432 3765 2500 3818 τὰ
2556 3763 2664 3838 ψύα
2721 3761 3155 3840 διετρυπηθησαν
3215 3767 3304 3820 καὶ
3347 3764 3468 3838 ὅξος
3503 3772 3590 3822 καί
3625 3766 3759 3830 ἅλας

333 3858 389 3914 le
422 3860 718 3916 infusum.
753 3863 1044 3927 Quoniam
1070 3877 1206 3916 vero
1237 3859 1512 3932 precibus
1541 3857 1617 3913 ad
1640 3859 1821 3912 Deum
1843 3855 1955 3910 fusi

2135 3851 2469 3926 πεγύθησαν.
2530 3853 2680 3911 Ἐπεὶ
2738 3851 2796 3908 δὲ
2841 3853 3288 3928 προσευξάμενοι,
3320 3855 3387 3910 τὰ
3429 3855 3609 3929 ξόανα,
3668 3857 3757 3912 καὶ

331 3947 513 4015 idola,
573 3967 707 4006 aras
766 3956 825 4007 et
873 3949 1095 4022 templa
1179 3949 1638 4013 subverterunt;
1697 3963 1800 4002 sex
1856 3945 1953 4016 qui

2133 3939 2224 4003 οὺς
2257 3942 2503 4018 βωμοὺς,
2563 3944 2652 3998 καὶ
2707 3942 2838 4005 τοὺς
2892 3943 3054 4006 ναοὺς
3107 3944 3490 4020 κατέστρεψαν,
3547 3948 3600 4002 οἱ
3661 3947 3755 4020 μὲν

334 4031 472 4094 ἀέω
506 4045 565 4095 et
595 4040 838 4114 triginta
867 4057 938 4096 ex
968 4039 1090 4095 illis
1121 4039 1312 4111 capite
1341 4037 1599 4092 truncati
1630 4042 1801 4104 sunt;
1846 4035 1956 4090 reli

2131 4032 2389 4106 ριάκοντα
2442 4030 2498 4103 ἓξ
2552 4031 2690 4112 ξίφει
2759 4032 2856 4095 τὰς
2931 4031 3171 4112 κεφαλὰς
3226 4033 3640 4108 ἀπετμήθησαν,
3701 4037 3752 4092 οἱ

328 4129 430 4199 qui
469 4145 606 4185 vero
667 4135 944 4201 quatuor,
1003 4128 1283 4185 manibus
1339 4126 1708 4200 pedibusque
1764 4123 1950 4198 ligatis

2133 4121 2455 4194 ἱτέσσαρες,
2515 4125 2706 4197 χεῖρας
2763 4120 2853 4176 καὶ
2911 4119 3082 4184 πόδας
3137 4118 3397 4193 δεθέντες,
3445 4119 3755 4195 ἐνεϐλήθη-

325 4218 580 4290 conjecti
615 4225 755 4275 sunt
782 4220 844 4276 in
877 4234 1202 4286 carcerem,
1236 4234 1307 4274 ex
1338 4233 1456 4288 quo
1506 4221 1713 4288 postea
1761 4213 1947 4270 educti

2129 4230 2187 4264 αν
2239 4208 2314 4272 εἰς
2396 4207 2670 4285 φυλακήν,
2751 4208 2842 4264 καὶ
2932 4212 3065 4282 μετᾶ
3119 4213 3284 4266 τοῦτα
3337 4215 3438 4278 τῆς
3501 4219 3751 4290 φυλακῆς

323 4307 504 4365 etiam
538 4309 653 4382 ipsi
683 4308 962 4366 decollati
992 4309 1254 4364 fuerunt.

2089 4297 2416 4372 ἐξελθόντες,
2449 4298 2954 4375 ἆπεκεφαλίσθησαν
2986 4299 3075 4354 καὶ
3107 4299 3282 4358 αὐτοί.

617 4435 682 4489 Et
711 4437 979 4491 memoria
1007 4436 1186 4490 sancti
1209 4432 1386 4503 Αθαὸὶ
1413 4431 1670 4503 apostoli.

2264 4426 2368 4482 Καὶ
2408 4426 2602 4501 μνήμη
2633 4430 2730 4481 τοῦ
2760 4425 2914 4502 ἁγίου
2955 4425 3267 4484 ἀποστόλου
3301 4423 3561 4504 Ἀγάϐου.

385 4557 626 4628 Agabus
656 4557 871 4614 Christi
904 4559 1209 4630 apostolus
1246 4557 1452 4614 multis
1499 4554 1743 4628 quidem
1797 4551 1972 4610 caele-

2156 4547 2403 4628 ¹Ἄγαϐος
2461 4553 2488 4607 6
2543 4557 2640 4608 τοῦ
2698 4553 2934 4627 Χριστοῦ
2990 4552 3315 4623 ἀπόστολος,
3373 4553 3599 4610 πολλῶν
3648 4553 3738 4609 καὶ

314 4643 504 4701 stibus
533 4647 884 4704 muneribus
914 4647 988 4703 ob
1019 4647 1207 4719 ipsius
1229 4648 1508 4702 virtutem
1537 4662 1605 4702 ac
1635 4645 1917 4702 meritum

2112 4641 2272 4699 Γλλων
2324 4641 2542 4717 ἀγαθῶν
2601 4638 2692 4696 διὰ
2746 4643 2846 4712 τήν
2906 4643 3074 4698 αὐτοῦ
3142 4645 3336 4719 ἀρετήν
3397 4645 3544 4716 παρά
3600 4648 3734 4700 Θεοῦ

313 4736 432 4787 Deo
462 4733 682 4789 ditatus
711 4735 824 4790 fuit
850 4753 864 4802 ;
900 4736 1006 4791 sed
1034 4734 1692 4808 prmcipue-prophetici
1723 4733 1935 4805 spiritu

2117 4731 2350 4804 ξιωθεὶς,
2380 4729 2596 4802 ἐδέξατο
2651 4732 2742 4787 καὶ
2800 4735 3142 4806 προψητικὸν
3198 4737 3470 4810 χάρισμα.
3506 4732 3605 4790 Καὶ
3639 4735 3739 4813 γὰρ

311 4821 536 4878 donum
566 4823 844 4879 obtinuit.
889 4825 1207 4898 Cingulum
1252 4825 1412 4882 enim
1465 4826 1662 4898 magni
1715 4824 1933 4897 apostol

2118 4822 2179 4889 ἠν
2210 4823 2382 4890 ζώνην
2433 4825 2531 4875 τοῦ
2586 4819 2833 4896 μεγάλου
2891 4821 3204 4877 ἀποστόλου
3265 4821 3488 4878 Παύλου
3530 4811 3740 4895 λαϐὼν,

308 4909 477 4968 Pauli
508 4912 831 4984 accipiens,
857 4914 1082 4986 illoque
1109 4914 1219 4970 sibi
1244 4931 1456 4971 manus
1478 4920 1538 4969 et
1562 4913 1742 4985 pedes
1765 4914 1930 4969 devin

2115 4911 2167 4966 αὶ
2220 4911 2418 4966 έαυτοῦ
2475 4909 2570 4972 τὰς
2621 4915 2812 4986 χεῖρας
2871 4910 2962 4966 καὶ
3017 4911 3147 4977 τοὺς
3207 4911 3380 4976 πόδας
3441 4909 3737 4985 δεσμήσας,

307 5000 495 5063 ciens,
529 5002 823 5073 praedixit,
858 5003 1060 5059 dicent
1091 5021 1102 5058 :
1139 5005 1272 5060 Haec
1325 5004 1470 5060 dicit
1525 5002 1777 5074 Spiritus
1827 5019 1929 5058 san

2117 5002 2474 5078 ροεφήτευσεν
2535 5000 2719 5055 εἰπών·
2781 5001 2864 5056 ὅτι
2925 5000 3083 5076 Λέγει
3117 5003 3178 5057 τὸ
3224 5006 3442 5075 Πνεῦμα
3487 5006 3585 5057 τοῦ
3633 5005 3733 5058 Κυ-

304 5096 473 5146 ctus:
512 5091 713 5147 Virum
745 5091 938 5161 illum,
985 5094 1156 5165 cujus
1209 5099 1300 5149 est
1345 5094 1454 5148 hoc
1505 5091 1831 5163 cingulum,
1882 5091 1925 5146 it

2113 5089 2216 5145 ίου·
2245 5091 2346 5145 Τὸν
2379 5086 2568 5163 ἄνδρα,
2613 5089 2674 5144 οὗ
2723 5087 2865 5145 ἐστιν
2915 5093 2950 5159 ἡ
3007 5091 3150 5161 ζώνη
3203 5091 3362 5164 αὕτη,
3396 5090 3570 5154 οὕτως
3625 5087 3734 5162 δή·

299 5179 575 5253 ligabunt
601 5182 785 5237 Judaai
818 5183 1268 5253 Hierosolymis,
1293 5197 1547 5252 eumque
1581 5179 1832 5253 ﬂagellis
1855 5199 1921 5236 ca

2113 5201 2254 5235 suam
2315 5178 2391 5241 εἷς
2449 5177 2816 5251 Ἰερουσαλὴμ
2898 5179 2954 5234 o't
3043 5177 3323 5250 Ἰουδαῖοι,
3393 5180 3482 5237 καὶ
3541 5203 3735 5256 μαστι-

300 5267 462 5325 dent.
499 5278 691 5341 Atque
721 5271 823 5339 ita,
854 5278 920 5326 ut
950 5271 1329 5344 prmdixerat.
1374 5271 1587 5325 evenit.
1621 5275 1764 5324 Cum
1797 5271 1922 5325 enir

2110 5271 2356 5326 ὤσουσιν.
2447 5267 2544 5323 Καὶ
2655 5269 3040 5346 προφητεύσας
3141 5271 3472 5342 ἠλήθευσενε
3561 5269 3732 5327 ἀπελ-

297 5365 538 5416 sanctus
569 5361 788 5416 Paulus
828 5361 1238 5432 Hierosolyma
1289 5359 1555 5424 abiisset,
1606 5375 1727 5414 non
1778 5359 1916 5414 mod

2110 5361 2228 5416 ivra
2302 5357 2402 5434 γὰρ
2487 5355 2579 5413 τὸν
2669 5359 2819 5433 ἅγιον
2911 5357 3125 5415 ΙΙαῦλον
3191 5359 3269 5425 εἰς
3342 5359 3732 5435 Ἰερουσαλήμ,

295 5449 493 5521 ipsum
523 5450 710 5505 Judaei
744 5451 806 5505 in
839 5450 1074 5506 vincula
1099 5451 1511 5521 conjecerunt,
1563 5448 1666 5503 sed
1716 5453 1775 5503 et
1817 5465 1917 5504 eu:

2107 5448 2126 5504 5
2190 5448 2352 5522 μόνον
2411 5444 2713 5521 έδέσμησαν
2774 5449 2827 5502 οἱ
2884 5446 3167 5518 Ἰουδαῖοι,
3227 5447 3377 5504 ἀλλά
3417 5449 3508 5505 καὶ
3541 5453 3729 5527 φονεῦ-

289 5539 562 5595 occidere
585 5539 784 5594 conati
817 5544 974 5595 sunt.
1010 5540 1081 5592 Et
1108 5537 1236 5592 haec
1266 5537 1509 5608 quidem
1531 5537 1788 5608 primum
1809 5538 1911 5594 vati

2109 5536 2561 5614 ιιέπεχείρησαν.
2623 5537 2727 5594 Καὶ
2785 5541 2956 5593 ταῦτα
3011 5538 3109 5611 μὲν
3168 5537 3452 5614 πρότερονο
3509 5538 3731 5615 ὕστερον

288 5629 521 5687 cinctus
552 5638 662 5689 est.
696 5634 907 5688 Postea
951 5647 1091 5686 vero
1146 5636 1205 5686 et
1253 5630 1372 5686 alia
1419 5630 1606 5686 multa
1653 5631 1910 5702 prwdixi:

2099 5630 2116 5685 ἒ
2145 5627 2234 5682 καὶ
2266 5626 2411 5683 ἄλλα
2440 5625 2672 5682 πλεῖστα
2701 5626 3107 5704 προφητεύσας,
3139 5629 3230 5684 καὶ
3271 5629 3332 5684 τὸ
3365 5625 3540 5705 λαχὸν
3570 5630 3721 5698 αὐτῷ

286 5715 434 5774 Cum
460 5737 598 5776 vero
630 5726 858 5792 partem
889 5719 1050 5777 orbis
1086 5725 1399 5787 terrarum,
1435 5737 1566 5792 quae
1584 5720 1696 5792 ipsi
1727 5719 1908 5794 obtige

2104 5719 2225 5795 έρος
2253 5725 2354 5788 τῆς
2385 5715 2716 5790 οἷκουμένης
2764 5721 2832 5793 τῇ
2885 5716 3215 5793 διδασκαλίᾳ
3260 5718 3449 5792 αὐτοῦ,
3481 5719 3571 5775 καὶ
3601 5723 3726 5782 ταῖς

287 5809 402 5877 rat,
432 5808 530 5866 σι
567 5807 838 5867 doctrina
865 5813 926 5867 et
954 5810 1288 5868 innumeris
1313 5810 1620 5869 miraculis
1652 5809 1909 5867 illustres

2102 5808 2305 5883 πείροις
2363 5806 2824 5885 θαυματουργίαις
2880 5807 3148 5888 φωσίσας,
3179 5811 3270 5867 καὶ
3317 5809 3396 5873 εἷς
3426 5807 3724 5888 ἆπίγνωσιν
