4108 6424
274 461 391 523 391

1850 447 2186 512 APRILIS.

3600 446 3722 510 398

274 600 376 653 τοῦ
417 592 557 649 Θεοῦ
614 594 680 648 τὸ
738 590 1160 655 καταπιστευθὶν
1204 588 1352 660 αὗτῷ
1399 585 1656 661 ποίμνιον
1705 585 1924 660 ἀγαγὼν

2069 588 2177 653 set,
2238 586 2416 655 atque
2471 581 2545 639 ad
2606 583 2706 639 Dei
2768 582 3172 658 cognitionem
3258 579 3553 640 creditum
3610 567 3727 639 sibi

274 686 370 741 καὶ
427 688 539 739 τῶν
604 679 858 737 εἰδώλων
916 682 1018 749 τήν
1078 678 1367 754 θρησκείαν
1447 669 1772 732 καταϐαλὼν
1858 693 1926 727 κα

2059 690 2297 747 gregem
2330 672 2727 745 perduxisset,
2760 672 3058 730 idolorum
3109 673 3274 731 cultu
3324 673 3605 731 subverso
3655 688 3728 731 ac

278 774 624 846 καταλύσας,
659 771 713 827 ἐν
748 771 939 847 εἰρήνῃ
968 767 1286 839 ἐτελειώθη.

832 886 1017 944 MIINI
1057 887 1150 944 ΤΩ
1192 885 1398 943 ΔΥΤΩ.

1071 974 1159 1031 ΙΛ“

2060 762 2397 831 deturbato,
2431 763 2493 818 in
2530 778 2676 835 pace
2706 762 2982 819 decessit.

2621 881 2864 936 EODEM
2904 881 3155 938 MENSE.

2656 971 2760 1026 Die
2792 971 3110 1028 undecima

284 1079 559 1151 ’Δθλησις
614 1080 714 1131 τοῦ
803 1074 961 1162 ἁγίου
1042 1072 1439 1162 ὶῗομάρτυρος
1521 1070 1747 1127 ’Λντίπα
1829 1065 1926 1121 ἐπι·

2058 1082 2343 1137 Certamen
2398 1083 2785 1162 sacrosancti_
2820 1081 3083 1162 martyris
3164 1081 3390 1150 Antipz
3468 1081 3719 1152 episcopi

830 1146 1035 1201 σκόπου
1071 1146 1389 1221 Περγάμων.

357 1292 622 1356 Ἀντίπας
660 1292 688 1346 ὁ
717 1295 826 1346 τῶν
878 1287 1154 1362 δαιμόνων
1214 1283 1534 1354 ἀντίπαλος,
1580 1284 1649 1353 ἦν
1699 1281 1784 1337 ἐπὶ
1834 1284 1946 1335 τῶν

278 1386 511 1461 χρόνων
567 1377 906 1453 Δομετιανοῦ
963 1382 1060 1434 τοῦ
1114 1375 1384 1452 βασιλέως
1432 1373 1570 1429 κατὰ
1613 1372 1706 1428 τὸν
1754 1370 1944 1445 καιρὸν

273 1459 388 1529 τῦν
422 1472 599 1548 ἁγίων
650 1467 998 1537 ἀποστόλων,
1041 1469 1131 1523 ὅτε
1176 1466 1267 1520 καὶ
1301 1466 1327 1519 ὁ
1365 1462 1633 1539 Θεολόγος
1683 1459 1942 1529 Ἰωάννης

278 1563 576 1637 ἐξώριστος
609 1559 857 1634 ὑπῆρχεν
888 1557 965 1617 εἰς
1011 1557 1231 1628 Πάτμον
1281 1554 1379 1622 τήν
1411 1559 1600 1622 νῆσον.
1650 1548 1942 1625 Ὑπάρχων

288 1651 349 1707 δῖε
407 1651 701 1713 ἐπίσκοπος
758 1650 1070 1724 Περγάμου,
1104 1649 1241 1702 πάνυ
1286 1646 1462 1720 γέρων
1511 1637 1609 1713 ὤν,
1667 1640 1940 1714 ἐκρατήθη

288 1740 444 1816 παρᾶ
467 1744 568 1795 τῶν
628 1735 1081 1813 εἰδωλολατρῶν,
1122 1740 1233 1791 τῶν
1292 1731 1564 1807 δαιμόνων
1614 1727 1942 1806 ἐμφανισάν-

288 1852 405 1885 των
439 1829 638 1899 αὖτοῖς,
696 1828 788 1883 καὶ
849 1826 1135 1897 εἰπόντων,
1196 1826 1273 1897 μὴ
1315 1820 1567 1885 δύνασθαι
1621 1821 1713 1874 τὸν
1772 1818 1939 1873 τόπον

2746 1152 3023 1221 Pergami.

2128 1297 2376 1367 Antipas
2403 1295 2743 1351 daamonum
2765 1292 3501 1365 adversarius,imperante
3522 1293 3720 1350 Domi-

2054 1384 2618 1458 tiano,temporibus
2649 1390 2991 1441 sanctorum
3022 1383 3429 1456 apostolorum
3478 1384 3711 1441 claruit.

2053 1475 2293 1546 quando
2328 1480 2385 1531 et
2436 1477 2693 1531 Joannes
2744 1473 3074 1547 Theologns
3132 1475 3194 1529 in
3252 1476 3456 1530 Patmo
3514 1473 3716 1532 insula

2052 1563 2383 1620 exsulabat.
2424 1566 2571 1619 Cum
2597 1569 2796 1620 autem
2815 1564 3083 1637 Pergami
3105 1562 3422 1635 episcopus
3451 1568 3630 1634 esset,
3655 1569 3715 1619 et

2049 1652 2219 1709 valde
2252 1669 2455 1721 senex,
2489 1654 2959 1724 comprehensus
2989 1652 3104 1707 fuit
3130 1651 3204 1707 ab
3233 1651 3536 1707 idolorum
3581 1652 3711 1707 cul-

2052 1740 2528 1812 toribus,quibus
2550 1741 2855 1796 daemones
2877 1745 3299 1813 apparuerant,
3323 1754 3391 1797 ac
3411 1740 3709 1809 dixerant,

2048 1831 2246 1887 locum
2268 1831 2433 1886 dium
2457 1830 2780 1886 inhabitari
2804 1846 2924 1885 non
2945 1845 3121 1902 posse
3144 1834 3386 1902 prOpter
3404 1830 3706 1903 Antipam.

293 1918 465 1974 οἷ’κεῖν
498 1915 581 1973 διὰ
609 1918 700 1973 τὸν
739 1916 1018 1972 Ἀντίπαν.
1073 1915 1171 1969 Διὰ
1216 1916 1377 1968 τοῦτο
1428 1909 1618 1985 ἀχθεὶς
1668 1906 1804 1982 πρὸς
1846 1906 1926 1961 τὸι

300 2012 314 2020 ι
459 2010 470 2020 ι
676 2008 687 2020 ι
1092 2005 1115 2020 Λ
1153 2003 1166 2020 I
1268 2002 1282 2020 9
1380 2003 1393 2020 Ι
1508 2011 1528 2020 Α
1651 1997 1738 2020 -1..
1799 2001 1894 2020 ν--

2048 1921 2273 1976 Idcirco
2297 1919 2589 1976 adductus
2611 1918 2684 1975 ad
2710 1918 3049 1992 praesidem,
3070 1920 3277 1990 jussus
3300 1923 3391 1974 est
3407 1916 3706 1975 Christum

289 2010 558 2084 ἡγεμόνα,
598 2008 691 2062 καὶ
750 2003 1203 2079 καταναγκασθεὶς
1258 2002 1592 2078 ἀρνήσασθαι
1647 1997 1739 2051 τὸν
1799 2001 1940 2084 Χρι-

280 2083 433 2166 στὸν,
467 2099 557 2153 καὶ
591 2100 745 2152 θῦσαι
774 2101 894 2157 τοῖς
925 2091 1202 2160 εἰδώλοις,
1231 2093 1320 2147 καὶ
1358 2092 1435 2164 μὴ
1491 2088 1747 2155 πεισθεὶς,
1795 2083 1942 2141 ἀλλὰ

277 2188 502 2262 μᾶλλον
529 2187 589 2242 ἐκ
634 2183 1070 2262 παραδείγματος
1128 2182 1348 2257 ἐλὲγξας
1401 2180 1501 2249 τήν
1560 2176 1774 2247 πλάνην
1828 2178 1938 2228 τῶν

276 2276 559 2350 εἰδώλων,
593 2276 770 2352 φήσας
798 2273 1029 2351 ἀρχαίαν
1094 2272 1189 2347 μὶν
1232 2270 1398 2339 αὐτὴν
1451 2271 1611 2337 εῖναι,
1659 2266 1830 2334 κακὴν
1882 2262 1941 2318 δὲ

274 2368 390 2441 (καὶ
449 2351 625 2442 γᾶρδ
676 2363 900 2438 ἡγεμὼν
958 2365 1121 2417 τοῦτο
1177 2354 1538 2434 προεϐάλετο,
1595 2354 1688 2442 ὅτι
1735 2351 1941 2428 ἀρχαία

278 2458 375 2530 μὶν
435 2441 784 2523 {inn-i51th
844 2451 1129 2522 Ἑλλήνων
1185 2447 1467 2526 Θρησκεία,
1526 2444 1618 2501 νέα
1676 2441 1936 2530 δὲὴτῷν

271 2529 650 2620 Χριστιανῶν·
709 2540 800 2596 καὶ
861 2540 888 2594 ὁ
948 2541 1124 2616 ἅγιος,
1187 2539 1269 2594 δτι
1332 2537 1460 2591 Κὰϊν
1541 2531 1775 2620 παλαιὸς
1844 2529 1939 2620 μεν

264 2616 521 2711 γέγονεν,
582 2627 730 2686 ἀλλὰ
788 2628 975 2705 φονεὺς
1029 2632 1129 2684 τοῦ
1186 2623 1471 2704 ἀδελφοῦ),
1558 2616 1827 2691 ἐνεϐλήθη
1885 2617 1938 2673 ἐν

258 2724 467 2800 χαλκῷ
502 2718 595 2798 βοΐ
624 2718 950 2796 πυρωθὲντι,
975 2717 1068 2773 καὶ
1102 2715 1419 2789 ἐτελειώθῃ.

823 2838 1003 2893 ΜΗΝΙ
1044 2841 1133 2890 ΤΩ
1171 2838 1373 2891 ΔΥΤΩ.

1060 2926 1134 2981 lB’

450 3027 726 3098 ’Δθλησις
756 3028 855 3081 τοῦ
886 3026 1044 3102 ἁγίου
1083 3026 1358 3101 μάρτυρος
1380 3021 1750 3096 Ἀρτέμωνος.

344 3156 628 3232 ’Δρτέμων
662 3150 815 3209 ὁτοῦ
862 3155 1096 3229 Χριστοῦ
1149 3151 1376 3226 μάρτυς,
1421 3149 1488 3218 ἦν
1541 3146 1628 3201 ἐπὶ
1671 3151 1773 3214 τῆς

2048 2027 2287 2083 negare,
2320 2017 2379 2066 et
2407 2010 2583 2066 idolis
2615 2009 2971 2064 sacrificare.
3006 2009 3223 2062 Verum
3264 2024 3398 2063 cum
3444 2023 3566 2062 non
3610 2025 3703 2063 as-

2045 2102 2351 2170 sensisset,
2387 2102 2489 2156 sed
2521 2098 3023 2172 potius_exemplo
3050 2097 3336 2153 refutaret
3363 2098 3700 2153 Grecorum

2043 2207 2326 2259 errorem,
2360 2197 2619 2246 veterem
2648 2188 2892 2260 quidem
2921 2188 3094 2242 illum
3124 2202 3254 2243 esse
3312 2186 3540 2255 dicens,
3594 2188 3700 2244 sed

2043 2279 2269 2335 malum
2298 2296 2312 2348 ;
2344 2279 2590 2351 (praises
2620 2293 2881 2348 namque
2913 2276 2967 2332 ei
2998 2276 3319 2348 objecerat,
3361 2277 3697 2334 (ἕτεροι-πω

2042 2368 2392 2441 religionem
2418 2367 2727 2439 antiquam
2758 2382 2909 2431 esse,
2942 2365 3109 2421 illam
3150 2381 3284 2420 vero
3328 2364 3697 2421 Christiano-

2042 2475 2176 2514 rum
2208 2474 2421 2515 novam
2454 2474 2467 2513 :
2501 2462 2560 2513 et
2590 2461 2832 2513 sanctus
2860 2455 2949 2510 vir
2979 2455 3395 2527 responderat,
3443 2454 3695 2513 Cainum

2042 2564 2279 2621 quoque
2310 2548 2623 2618 antiquum
2657 2562 2811 2612 esse,
2864 2544 2968 2600 sed
3016 2550 3217 2601 tamen
3264 2544 3633 2601 fratricidam
3659 2547 3701 2617 :)

2040 2639 2346 2709 conjectus
2374 2636 2489 2691 fuit
2544 2637 2607 2690 in
2664 2635 2873 2691 bovem
2930 2650 3166 2690 teneum
3220 2633 3600 2701 candentem,
3646 2639 3706 2691 et

2040 2725 2267 2781 ibidem
2297 2726 2650 2797 martyrium
2682 2724 3144 2780 consummavit.

2599 2833 2841 2889 EODEM
2882 2833 3133 2887 MENSE.

2624 2922 2728 2977 Die
2761 2920 3115 2977 duodecima

2205 3022 2306 3079 52
2339 3021 2627 3077 Certamen
2655 3023 2832 3076 sancti
2859 3021 3125 3089 martyris
3166 3022 3509 3077 Artemom's.

2106 3143 2387 3194 Artemon
2413 3137 2626 3193 Christi
2652 3141 2896 3209 martyr,
2920 3135 3286 3203 Diocletiano
3306 3137 3684 3210 imperatore,

267 3224 942 3313 σιλείαξΔιοκλητιανοῦ,
992 3224 1361 3317 πρεσϐύτερος
1422 3235 1684 3311 ὑπάρχων
1731 3240 1830 3302 τῆς
1873 3231 1926 3287 ἐν

2040 3227 2342 3299 presbyter
2386 3228 2498 3282 fuit
2545 3232 2764 3284 sanctaa
2814 3224 3115 3283 Laodiceaa
3165 3226 3452 3284 ecclesiae.
3511 3230 3682 3286 Anno

259 3333 562 3407 Λαοδικείᾳ
615 3333 773 3409 ἁγίας
832 3315 1145 3403 ἐκκλησίας·
1214 3330 1320 3405 πρὸ
1378 3328 1495 3389 ἐνὸς
1555 3324 1613 3381 δὲ
1671 3326 1918 3380 ἐνιαυτοῦ

2040 3321 2233 3373 autem
2264 3322 2402 3372 ante
2433 3333 2607 3373 suum
2639 3316 2889 3383 obitum,
2923 3316 3258 3373 Graecorum
3313 3315 3518 3372 fanum
3563 3335 3685 3383 una

260 3434 364 3496 τῆς
423 3423 762 3485 τελειώσεως
823 3421 1011 3489 αὐτοῦ,
1072 3419 1330 3483 εἰσελθὼν
1391 3417 1443 3472 ἐν
1497 3420 1576 3487 τῷ
1639 3417 1756 3485 ναῷ
1808 3415 1919 3467 τῶν

263 3512 560 3583 Ἑλλήνων
595 3512 730 3585 μετὰ
761 3510 1033 3567 Σισιννίου
1059 3513 1158 3565 τοῦ
1208 3503 1505 3563 ἐπισκόπου
1546 3503 1713 3560 αὐτοῦ
1763 3504 1923 3556 κατέ-

270 3605 472 3677 στρεῴε
500 3603 567 3655 τὰ
594 3600 813 3661 εἰδωλα,
854 3600 954 3655 Καὶ
990 3600 1177 3673 μαθὼν
1207 3602 1372 3653 τοῦτο
1411 3595 1558 3671 παρὰ
1598 3597 1707 3649 τῶν
1758 3588 1922 3646 εἰδω-

269 3688 571 3765 λολπρῶν
601 3691 629 3744 δ
657 3697 747 3759 τῆς
778 3690 972 3767 χώρας
1006 3687 1218 3766 ἄρχων,
1252 3686 1468 3757 ἀπῆλθε
1511 3690 1777 3761 κρατῆσαι
1824 3680 1917 3735 τὸν

267 3779 592 3847 ἐπίσκοπον,
621 3779 702 3833 καί
752 3780 989 3850 νοσήσας
1048 3775 1433 3833 ἐκινδύνευσεν.
1494 3773 1627 3831 Ε’ίτα
1684 3771 1921 3845 ἐμήνυσε

270 3874 352 3942 τῷ
416 3869 690 3942 ἐπισκόπῳ
744 3868 993 3941 εὔξασθαι
1044 3868 1175 3941 ὑπὲρ
1234 3868 1425 3939 αὐτοῦ,
1502 3864 1592 3920 καὶ
1673 3863 1719 3918 εἰ
1770 3860 1916 3935 τύχῃ

265 3958 505 4035 ὑγιείας,
564 3966 777 4034 χρυσῆν
829 3957 1009 4014 εἰκόνα
1067 3958 1385 4027 ἀναστήσειν
1444 3955 1612 4026 αὐτῷ.
1672 3952 1921 4027 Ὑγιάνας

255 4050 375 4120 οῦν,
412 4050 703 4123 ἀπήρχετο
734 4049 869 4123 πρὸς
901 4048 1250 4122 Καισάρειαν,
1311 4047 1401 4101 καὶ
1456 4043 1593 4099 κατὰ
1638 4045 1737 4112 τὴν
1792 4039 1917 4097 ὁδὸν

258 4139 434 4215 εὑρὼν
519 4139 827 4212 Ἀρτέμονα
909 4132 1276 4213 πρεσϐύτερον
1359 4135 1649 4211 ἐκράτησεν
1732 4132 1913 4186 αὐτόν·

256 4229 350 4283 καὶ
381 4226 553 4299 δήσας
587 4224 765 4303 ἔσυρε,
793 4227 884 4281 καὶ
923 4225 1213 4303 ἀπαγαγὼν
1275 4223 1351 4287 εἰς
1399 4226 1497 4293 τὴν
1544 4221 1729 4289 πόλιν,
1783 4220 1915 4276 ἀπέ-

254 4315 469 4372 κλεισεν
535 4315 616 4379 εἰς
675 4317 947 4395 φυλακήν.
1006 4317 1143 4372 Εἶτα
1223 4312 1519 4391 ἠνάγκασεν
1586 4312 1915 4386 ἀρνήσασθαι

250 4408 345 4461 τὸν
377 4404 642 4480 Χριστόνο
675 4404 878 4477 καὶμή
928 4403 1137 4475 πείσας,
1190 4401 1332 4476 μέλη
1379 4402 1499 4456 τινὰ
1546 4401 1653 4455 τῶν
1703 4402 1915 4472 σαρκῶν

251 4497 429 4552 αὐτοῦ
460 4493 732 4566 ἐκτεμὼν,
785 4490 1035 4563 ὣπτησεν
1094 4490 1147 4546 ἐν
1206 4490 1433 4566 ἐσχάρᾳ.
1495 4488 1592 4544 Καὶ
1650 4488 1771 4543 τότε
1829 4485 1915 4542 ἐκ·

249 4590 481 4646 καεντος
544 4578 783 4654 λέϐητος
850 4580 940 4637 ἐπὶ
1006 4586 1085 4653 τῷ
1158 4575 1504 4654 ἐμϐληθῆναι
1583 4577 1767 4647 αὐτὸν,
1824 4574 1914 4631 καὶ

2030 3421 2165 3461 cum
2178 3407 2455 3477 episcopo
2470 3422 2576 3462 suo
2592 3405 2850 3459 Sisinnio
2871 3404 3363 3476 ingressus,idola
3374 3404 3680 3463 subvertit.

2027 3494 2294 3566 Cumque
2326 3494 2387 3550 id
2416 3494 2488 3550 ab
2518 3492 2850 3549 idololatris
2880 3510 3102 3565 praises
3121 3494 3382 3565 regionis
3412 3495 3683 3551 rescivis-

2030 3593 2139 3655 set,
2172 3587 2320 3642 abiit
2373 3585 2448 3640 ad
2506 3584 2852 3655 episcopum
2910 3583 3565 3655 comprehendendum.
3616 3586 3685 3641 At

2027 3677 2235 3732 morbo
2267 3680 2595 3745 correptus,
2628 3674 2691 3727 in
2721 3688 2891 3745 grave
2942 3672 3072 3727 vita:
3121 3672 3446 3730 discrimen
3492 3673 3683 3730 addu-

2028 3772 2156 3821 ctus
2184 3770 2293 3822 est.
2324 3763 2570 3837 Rogavit
2598 3762 2849 3834 proinde
2879 3761 3247 3833 episcopum,
3289 3769 3355 3818 ut
3402 3780 3507 3836 pro
3551 3764 3682 3836 ipso

2028 3871 2234 3927 preces
2266 3856 2526 3910 oﬂ‘erret.
2559 3852 2723 3918 Quod
2754 3853 2804 3908 si
2832 3852 3203 3924 contingeret
3231 3854 3428 3925 ipsum
3458 3855 3684 3910 incolu—

2037 3962 2194 4000 mem
2213 3943 2667 4013 reddi,aureum
2701 3941 3085 3997 simulacrum
3111 3959 3173 3998 se
3202 3942 3255 3997 ei
3288 3943 3683 4001 excitaturum

2032 4033 2372 4106 spopondit.
2406 4034 2589 4087 Porro
2647 4031 2962 4086 sanitatem
3022 4032 3293 4103 adeptus,
3355 4032 3682 4089 Cazsaream

2024 4124 2213 4195 petiit.
2247 4124 2513 4193 Cumque
2536 4121 2597 4174 in
2619 4121 2833 4175 itinere
2854 4123 3231 4176 Artemonem
3265 4120 3679 4194 presbyterum

2025 4213 2370 4278 invenisset,
2403 4227 2538 4266 eum
2570 4210 3044 4280 comprehendit,
3077 4216 3136 4264 et
3161 4209 3425 4265 vinctum
3476 4213 3676 4280 traxit,

2024 4300 2389 4370 adduxitque
2422 4298 2495 4353 ad
2527 4298 2845 4364 civitatem,
2867 4302 3042 4368 atque
3069 4297 3129 4351 in
3151 4313 3451 4353 carcerem
3474 4299 3677 4355 detru-

2026 4389 2121 4444 sit.
2154 4386 2376 4443 Deinde
2404 4390 2652 4440 conatus
2675 4390 2765 4439 est
2785 4384 2838 4439 ei
2869 4384 3251 4455 persuadere,
3283 4390 3350 4440 ut
3378 4386 3677 4441 Christum

2024 4480 2363 4552 abnegaret.
2395 4476 2509 4531 Sed
2541 4491 2676 4529 cum
2705 4473 2779 4529 ad
2802 4474 2861 4528 id
2883 4474 3053 4528 illum
3077 4474 3361 4530 inducere
3388 4476 3682 4547 nequivis-

2024 4574 2133 4635 set,
2164 4565 2433 4623 membra
2459 4565 2687 4634 aliquot
2716 4578 2786 4618 ex
2845 4563 2973 4634 ejus
3022 4580 3267 4634 corpore
3309 4565 3591 4634 exsecuit,
3625 4570 3683 4621 et

247 4683 481 4745 καῆναι,
514 4676 652 4749 ᾖραν
682 4674 830 4730 ἀετοὶ
866 4671 959 4731 δύο
990 4674 1081 4727 τὸν
1114 4669 1359 4748 ἄρχοντα
1412 4670 1501 4727 καὶ
1551 4664 1805 4726 ἐνέϐαλον
1838 4667 1914 4730 εἷς

2045 4675 2083 4712 n
2115 4652 2400 4711 craticula
2456 4652 2695 4708 assavit.
2752 4654 2963 4706 Postea
3005 4651 3366 4707 inﬂammari
3423 4651 3680 4709 lebetem

248 4764 440 4820 αὐτόν·
477 4765 506 4818 ὁ
550 4762 607 4821 δὶ
646 4765 799 4842 ἅγιος
859 4762 1053 4838 ὀλίγον
1113 4756 1385 4829 ἐπιϐιοὺς,
1446 4760 1497 4815 ἐν
1558 4758 1745 4835 εἰρήνῃ
1802 4756 1911 4812 ἐτει-

249 4852 491 4925 λειώθη.

807 5123 991 5179 ΜΗΝΙ
1032 5124 1121 5178 ΤΩ
1158 5122 1360 5179 ΑΥΤΩ.

1047 5212 1127 5269 ΙΓ¹

444 5310 719 5382 "Atil-qm:
750 5313 850 5366 τοῦ
880 5310 1038 5386 ἁγίου
1072 5311 1342 5386 μάρτυρος
1374 5308 1719 5379 Κρίσκεντος.

320 5427 572 5503 Κρίσκης
608 5431 636 5485 ὁ
667 5433 764 5483 τνῦ
804 5429 1042 5505 Χριστοῦ
1103 5427 1331 5502 μάρτυς,
1393 5426 1639 5501 ὑπῆρχεν
1699 5422 1761 5480 ἐκ
1808 5430 1912 5493 τῆς

243 5518 470 5585 πόλεως
502 5519 725 5595 Μύρων,
760 5512 1001 5585 εὐλαϐὴς
1053 5514 1125 5571 ὣν
1180 5517 1271 5572 καὶ
1327 5515 1577 5592 γηραιός.
1628 5514 1804 5591 Ὁρῶν
1853 5511 1913 5569 δὲ

241 5610 502 5675 πολλοὺς
561 5612 1008 5688 προσκυνοῦντας
1062 5608 1129 5663 τὰ
1183 5605 1409 5680 εἴδωλα,
1495 5603 1755 5669 εἰσελθὼν
1818 5603 1911 5677 μὲ-

245 5723 337 5758 σον
395 5702 577 5760 αὐτῶν
646 5698 889 5776 παρῄνει
974 5697 1183 5769 αὐτοῖς,
1272 5697 1575 5768 ἀποστῆναι
1656 5696 1751 5768 μὲν
1808 5701 1909 5765 τῆς

239 5794 479 5869 πλάνης,
515 5790 856 5873 προσελθεῖν
892 5786 951 5844 δὶ
976 5793 1058 5861 τῷ
1113 5792 1362 5865 Χριστῷ,
1412 5786 1502 5842 καὶ
1551 5788 1816 5856 σωθῆναι.
1849 5785 1912 5844 Ὀ

2017 4747 2221 4820 jussit,
2252 4744 2314 4799 in
2346 4758 2522 4814 quem
2554 4741 2655 4796 ille
2702 4740 3125 4797 immitteretur
3173 4757 3241 4797 ac
3290 4740 3677 4801 ustularetur.

2024 4838 2092 4891 At
2122 4835 2251 4890 dua;
2286 4831 2503 4902 aquila)
2535 4830 2732 4901 ipsum
2764 4829 3083 4901 praesidem
3115 4835 3361 4904 repente
3400 4832 3682 4889 attollen-

2023 4930 2134 4993 tes,
2182 4924 2244 4977 in
2302 4919 2559 4975 lebetem
2621 4918 2976 4990 injecerunt.
3044 4918 3294 4977 Sanctus
3349 4938 3485 4977 vero
3544 4938 3679 4978 cum

2023 5018 2235 5078 parum
2268 5000 2711 5074 supervixisset,
2746 5000 2808 5055 in
2846 5017 2989 5071 pace
3019 5000 3297 5059 decessit.

2582 5106 2824 5161 EODEM
2864 5105 3120 5163 MENSE.

2559 5204 2661 5260 Die
2695 5203 2928 5260 decima
2959 5206 3137 5261 tertia

2294 5309 2578 5366 Certamen
2605 5311 2783 5363 sancti
2812 5309 3112 5365 Crescentis
3139 5307 3426 5379 martyris,

2094 5428 2383 5483 Crescens
2413 5425 2630 5482 Christi
2661 5430 2887 5495 martyr
2927 5424 3040 5480 fuit
3087 5441 3157 5480 ex
3205 5425 3438 5481 civitate
3485 5425 3682 5496 Μῖνα),

2022 5518 2225 5573 minus
2256 5517 2498 5589 pietate,
2533 5531 2711 5587 quam
2755 5520 3060 5570 senectute
3115 5514 3492 5570 venerabilis.
3538 5515 3684 5569 Cum

2023 5612 2224 5663 autem
2256 5605 2483 5661 multos
2511 5604 2674 5660 idola
2703 5603 2970 5659 colentes
3002 5608 3294 5673 cerneret,
3329 5603 3391 5658 in
3417 5601 3683 5659 medium

2023 5696 2264 5752 illorum
2296 5694 2595 5769 prosiluit,
2628 5694 2954 5749 adhortans
2980 5692 3138 5761 illos,
3167 5698 3235 5748 ut
3255 5709 3519 5750 errorem
3578 5691 3685 5749 de-

2025 5790 2410 5853 testarentur,
2446 5789 2503 5839 et
2533 5781 2606 5839 ad
2640 5782 2939 5838 Christum
2972 5782 3341 5851 accederent,
3398 5788 3576 5854 atque
3600 5782 3691 5840 ita
