4108 6454
374 427 495 493 399

1702 427 2133 493 MENOLOGII
2175 426 2385 494 PARS
2427 429 2504 494 ll.

3684 447 3808 509 400

378 564 634 638 propria
660 563 839 622 saluti
900 563 1302 622 consulerent.
1353 566 1478 632 Quo
1532 566 1768 637 cognito
1817 583 2027 639 praeses

2155 559 2213 617 δὶ
2271 561 2500 639 ἡγεμὼν
2559 564 2747 639 μαθὼν
2795 569 2980 638 τοῦτο,
3066 565 3358 646 ἐκράτησεν
3443 570 3632 630 αὐτόν·
3715 579 3811 634 καὶ

383 655 556 711 illum
585 655 1034 728 comprehendi,
1081 660 1141 712 et
1195 672 1394 712 coram
1441 673 1503 713 se
1553 657 1767 714 adduci
1817 656 2039 730 jussit;

381 749 883 818 percontatusque
906 751 996 800 est
1020 744 1092 800 ab
1118 762 1187 801 eo
1204 762 1412 818 genus,
1429 747 1707 819 patriam,
1741 753 1800 802 et
1820 762 2040 802 nomen

377 833 706 906 ipsius.llle
727 850 863 889 vero
886 834 1038 889 nihil
1059 834 1222 890 aliud
1246 834 1667 908 respondebat,
1699 837 1840 904 nisi,
1873 834 2039 891 Chri-

377 922 608 978 stianus
635 939 787 979 sum.
823 924 1050 978 Praases
1080 929 1281 980 autem
1312 924 1462 980 dixit
1491 942 1504 980 :
1541 927 1796 981 Externa
1826 925 2038 980 saltem

378 1011 575 1084 specie
607 1010 720 1066 diis
752 1011 1021 1068 sacrifica
1043 1055 1058 1079 ,
1091 1013 1268 1069 corde
1304 1030 1439 1069 vero
1493 1020 1554 1070 et
1599 1014 1802 1070 animo
1852 1015 2038 1069 Deum

375 1105 544 1156 tuum
578 1099 780 1156 adora.
819 1100 1014 1156 Atille
1046 1102 1108 1157 id
1152 1118 1464 1175 respuens,
1515 1119 1849 1177 magnaque
1897 1118 2037 1159 voce

374 1189 673 1246 Christum
697 1189 1027 1258 confessus,
1061 1207 1129 1247 ac
1160 1191 1320 1248 idola
1351 1192 1634 1264 rejiciens
1681 1200 1741 1249 et
1769 1199 2035 1249 contem-

372 1293 546 1346 nens,
577 1279 836 1350 primum
897 1279 1141 1351 quidem
1190 1280 1251 1336 in
1300 1281 1462 1351 ligno
1523 1298 1870 1354 suspensus,
1934 1281 2036 1336 diu

370 1368 747 1440 multumque
779 1369 1043 1441 depexus
1083 1375 1194 1438 est,
1247 1376 1306 1426 et
1350 1371 1580 1426 facibus
1633 1372 1696 1427 in
1749 1369 2035 1426 lateribus

369 1459 692 1516 ustulatus.
727 1459 826 1516 58
885 1460 1110 1516 Deinde
1140 1460 1281 1516 vdro
1315 1477 1345 1515 e
1376 1461 1538 1534 ligno
1570 1461 1898 1534 depositus,
1929 1459 2032 1516 de-

375 1564 498 1604 nuo
546 1548 726 1604 idolis
784 1549 1120 1605 sacriﬁcare
1179 1550 1618 1622 impellebatur.
1676 1550 1841 1616 Quod
1899 1568 2035 1607 cum

375 1637 570 1694 facere
601 1637 1011 1708 detrectasset,
1043 1640 1104 1694 in
1162 1639 1467 1712 ingentem
1531 1639 1684 1714 ignis
1727 1639 2034 1697 fornacem

375 1726 657 1800 injectus,
691 1727 969 1801 spiritum
999 1735 1120 1786 Deo
1151 1729 1432 1786 reddidit.

374 1873 441 1928 Et
466 1873 732 1928 memoria
759 1872 952 1928 Sancti
979 1874 1164 1928 Patris
1210 1875 1391 1928 nostri
1422 1873 1626 1930 Basilii
1667 1875 2028 1944 Confessoris.

443 2093 693 2150 Sanctus
722 2095 898 2150 Pater
926 2098 1130 2150 noster
1158 2093 1413 2178 Basilius
1444 2095 1517 2151 ab
1567 2095 1814 2151 ineunte
1863 2101 2036 2152 aetate

373 2184 562 2240 Deum
620 2184 875 2240 dilexit:
939 2201 1299 2256 omnemque
1353 2185 1634 2240 virtutem
1703 2191 2034 2256 assecutus,

375 2274 511 2331 Pari
543 2274 858 2347 episcopus
891 2280 1126 2330 creatus
1176 2273 1310 2342 fuit,
1359 2273 1681 2346 impiorum
1735 2275 2036 2331 iconoma-

375 2365 626 2422 chorum
658 2364 1050 2438 temporibus.
1085 2366 1252 2430 Quod
1283 2375 1481 2422 autem
1524 2366 1795 2438 exemplo
1844 2368 2036 2422 sancti

372 2455 540 2512 Pauli
573 2454 756 2511 divini
785 2472 853 2512 ac
883 2455 1080 2527 magni
1114 2456 1368 2528 apostoli
1426 2456 1666 2524 Christi,
1717 2457 2036 2513 convenire

371 2545 670 2602 noluisset
692 2562 828 2602 cum
851 2545 1034 2617 impia
1055 2561 1261 2601 eorum
1286 2545 1522 2615 haeresi,
1542 2546 1644 2618 qui
1669 2547 2036 2603 venerandas

376 2636 614 2692 Domini
639 2636 826 2692 nostri
849 2637 984 2692 Jesu
1009 2635 1246 2700 Christi,
1262 2636 1880 2692 necnonintemerataa
1907 2637 2036 2709 ejus

377 2725 699 2782 Genitricis
731 2725 1003 2798 gloriosas
1037 2725 1301 2781 Dominaa
1334 2731 1554 2781 nostra;
1586 2726 1854 2798 Deiparze
1887 2743 2038 2782 sem-

372 2831 600 2888 perque
656 2814 901 2886 virginis
955 2815 1174 2883 Mariae,
1245 2820 1704 2887 sanctorumque
1763 2816 2034 2872 omnium

375 2904 669 2977 imagines
727 2903 1233 2973 contemnebant;
1287 2910 1345 2960 et
1401 2904 1561 2977 quod
1608 2904 1817 2977 iniquo
1869 2905 2034 2961 volu-

369 2994 520 3051 mini
576 2994 637 3050 in
692 2994 1035 3050 orthodoxa;
1091 2993 1230 3050 fidei
1291 2993 1736 3051 subversionem
1793 2995 2032 3052 condito

372 3083 750 3140 subscribere
781 3089 1136 3152 recusasset,
1173 3089 1355 3139 totam
1387 3084 1566 3139 vitam
1599 3101 1768 3140 suam
1808 3085 1870 3139 in
1901 3101 2034 3156 per-

372 3172 804 3242 secutionibus,
864 3172 1317 3240 tentationibus,
1363 3174 1648 3229 aerumnis
1700 3179 1878 3245 atque
1927 3191 2036 3230 an-

373 3262 587 3335 gustiis
622 3261 901 3329 traduxit,
938 3278 969 3317 e
1001 3261 1132 3317 loco
1165 3262 1226 3317 in
1257 3261 1455 3317 locum
1487 3279 1724 3335 semper
1748 3263 2031 3318 transmi-

2061 1953 2109 2018 B

2147 651 2364 743 dyavtbv
2400 650 2704 730 ἔμπροσθεν
2758 656 2944 729 αὐτοῦ,
2997 659 3253 736 ἠρώτησε
3297 660 3501 740 τύχην,
3547 664 3804 743 πατρίδα,

2145 743 2234 799 xxi
2265 739 2463 819 ὄνομα.
2520 747 2581 804 Ὀ
2627 743 2686 802 δὶ
2736 745 2894 804 οὐδὲν
2941 746 3124 826 ἕτερον
3176 749 3388 828 ἔλεγεν,
3434 754 3494 824 ἢ,
3539 755 3622 812 ὅτι
3658 739 3810 832 ’Χριὲ

2146 834 2362 896 στιανός
2410 833 2548 908 είμι.
2607 837 2669 894 Ὀ
2737 834 2794 892 δὶ
2852 840 3079 914 ἡγεμὼν
3140 835 3265 919 ἔφη·
3326 846 3494 899 Θῦσον
3550 848 3800 922 σχήματι

2150 922 2304 997 μόνῳ
2332 931 2448 1012 τοῖς
2483 931 2648 998 θεοῖς,
2679 927 2770 983 καὶ
2820 929 3107 1004 προσκῦνει
3155 933 3291 988 κατὰ
3344 936 3530 1010 ψυχήν
3579 941 3657 1010 τῷ
3687 943 3804 1012 Θεῷ

2147 1032 2265 1072 σου.
2305 1013 2367 1070 ⁸0
2408 1011 2466 1070 δε
2523 1013 2676 1091 ὄίγιος
2735 1019 2813 1090 μὴ
2869 1017 3320 1094 καταδεξάμενος,
3377 1022 3522 1080 ἀλλὰ
3582 1011 3796 1104 μεγάλη

2140 1105 2209 1176 τῇ
2269 1106 2427 1181 φωνῇ
2484 1105 2577 1160 τὸν
2656 1108 2888 1181 Χριστὸν
2971 1110 3298 1187 ὁμολογῶν,
3355 1111 3421 1167 τά
3476 1109 3534 1169 δὶ
3591 1113 3799 1174 εἴδωλα

2143 1187 2447 1268 διελέγχων
2505 1193 2595 1249 καὶ
2653 1196 2958 1268 ἀτιμάζων,
3013 1202 3236 1274 πρῶτον
3319 1202 3414 1275 μὶν
3481 1201 3568 1258 ἐπὶ
3629 1203 3797 1275 ξύλου

2139 1281 2470 1369 κρεμασθείς
2498 1279 2681 1354 ἐξὲσθη
2715 1281 2804 1339 ἰπὶ
2862 1284 3035 1359 πολὺ,
3087 1287 3177 1342 κρῖ
3223 1287 3473 1362 λαμπάσι
3530 1291 3804 1369 κατεφλὲ-

2143 1369 2254 1445 χθη
2287 1369 2386 1432 τὰς
2415 1367 2680 1446 πλευράςο
2714 1373 2944 1430 Ἔπειτα
2998 1378 3097 1430 τοῦ
3144 1375 3310 1446 ξύλου
3356 1367 3800 1455 καταϐιϐασθείς,

2137 1455 2303 1512 πάλιν
2333 1458 2669 1534 ἠναγκάζετο
2718 1462 2874 1518 θῦσαι
2923 1468 3041 1526 τοῖς
3099 1463 3377 1531 εἰδώλοις.
3437 1468 3525 1531 Ὠς
3587 1467 3645 1526 δὶ
3701 1471 3804 1528 οὐχ

2141 1543 2388 1618 ἐπείσθη,
2419 1547 2495 1611 είς
2527 1550 2758 1623 κάμινον
2816 1551 3067 1628 μεγάλην
3121 1555 3291 1631 πυρὸς
3341 1550 3671 1630 ἐμϐληθεὶς,
3719 1564 3802 1633 τῷ

2137 1641 2254 1710 Θεῷ
2281 1637 2345 1694 τὸ
2377 1643 2590 1715 πνεῦμα
2622 1639 2924 1718 παρέδωκε.

2138 1869 2237 1924 Καὶ
2274 1871 2469 1943 μνήμη
2500 1874 2598 1926 τοῦ
2657 1869 2983 1966 ἐνηάγίοιςῖ
3010 1875 3222 1966 ματρὸς
3280 1877 3443 1950 ἡμῶν
3505 1878 3800 1937 Βασιλείου

2688 1948 2785 2000 τοῦ
2818 1943 3224 2020 Ὀμολογητοῦ.

2215 2084 2276 2142 Ὁ
2309 2083 2362 2139 ἂν
2393 2083 2568 2160 ἁγίοις
2625 2086 2812 2162 ιιατήρ
2869 2089 3033 2160 ἡμῶν
3087 2088 3398 2164 Βασίλειος,
3449 2090 3509 2148 ἐκ
3558 2093 3795 2173 βρέφους

2141 2172 2233 2228 τὸν
2268 2173 2395 2228 Θεὸν
2447 2173 2758 2253 ἀγαπήσας,
2803 2175 2892 2231 καὶ
2947 2181 3119 2232 πᾶσαν
3179 2177 3376 2255 ἀρετὴν
3422 2172 3792 2257 κατορθώσας,

2143 2268 2540 2338 χειροτονεῖται
2571 2263 2779 2341 Παρίου
2808 2263 3106 2332 ἐπίσκοπος
3136 2267 3225 2323 ἐπὶ
3251 2270 3361 2324 τῶν
3421 2271 3629 2346 χρόνων
3679 2278 3790 2330 τῶν

2145 2346 2419 2407 δυσσεϐὦν
2495 2351 2904 2430 εἷκονομάγων.
2988 2357 3178 2419 "Oa-tte
3231 2359 3369 2414 κατᾶ
3423 2359 3642 2417 Παῦλον
3702 2363 3800 2419 τὸν

2145 2441 2315 2507 θεῖον,
2345 2441 2437 2496 καὶ
2468 2443 2632 2518 μέγαν
2681 2443 2988 2518 ἀπόστολον
3037 2449 3136 2500 τοῦ
3186 2447 3445 2524 Χριστοῦ,
3495 2446 3587 2505 διὰ
3617 2451 3681 2507 τὸ
3713 2455 3793 2525 μὴ

2141 2532 2428 2600 πεισθῆναι
2490 2530 2764 2597 συνελθεῖν
2819 2537 2887 2608 τῇ
2947 2529 3198 2591 δυσσεϐεῖ
3253 2537 3452 2612 αἱρέσει
3509 2543 3620 2595 τῶν
3675 2541 3802 2597 ἄθε-

2138 2620 2381 2676 τοόντων
2434 2621 2536 2690 τήν
2594 2623 2898 2678 πάνσεπτον
2982 2622 3164 2679 εἷκόνα
3219 2630 3318 2682 τοῦ
3377 2627 3574 2702 Κυρίου
3632 2632 3796 2704 ἡμῶν

2142 2708 2324 2780 Ἰησοῦ
2369 2711 2634 2786 Χριστοῦ,
2691 2710 2782 2766 καὶ
2838 2718 2938 2781 τῆς
2993 2713 3373 2788 πιναχράντου
3432 2716 3599 2772 αὐτοῦ
3659 2721 3796 2792 Μη-

2137 2797 2268 2872 τρὸς
2300 2799 2535 2873 Μαρίας,
2564 2805 2664 2870 τῆς
2695 2797 2909 2871 ἐνδόξου
2941 2802 3242 2873 Δεσποίνης
3292 2805 3454 2876 ἡμῶν
3505 2807 3794 2884 Θεοτόκου,

2138 2887 2228 2942 καὶ
2291 2887 2666 2961 άειπαρθενου,
2747 2889 2836 2944 καὶ
2894 2891 3107 2946 πάντων
3167 2892 3356 2969 ἁγίων·
3416 2895 3507 2950 καὶ
3567 2898 3642 2971 μή
3703 2909 3792 2962 θε-

2141 2975 2306 3046 λῆσαι
2341 2977 2648 3054 ὑπογράψαι
2710 2978 2786 3042 είς
2841 2981 2933 3035 τὸν
2991 2977 3177 3038 ἄδικον
3231 2983 3426 3057 τόμον,
3485 2984 3574 3042 ἐπὶ
3626 3007 3784 3042 κατα-

2142 3063 2296 3121 λύσει
2354 3073 2456 3138 τῆς
2514 3065 2808 3142 ὀρθοδόξου
2865 3069 3122 3142 πίστεως,
3204 3073 3306 3142 τήν
3392 3075 3536 3145 ζωὴν
3629 3075 3792 3132 αὐτοῦ

2141 3156 2349 3211 ἅπασαν
2392 3154 2443 3211 ἐν
2498 3154 2790 3233 διωγμοῖς,
2848 3161 2940 3214 καὶ
2997 3166 3344 3235 πειρασμοῖς,
3403 3163 3492 3218 καὶ
3552 3164 3792 3240 θλίψεσι,

2140 3244 2232 3300 καὶ
2265 3246 2657 3322 στενοχωρίαις
2691 3245 2961 3319 διήνυσεν,
2992 3249 3099 3305 ἀπὸ
3128 3250 3301 3306 τόπου
3357 3251 3433 3316 είς
3482 3252 3648 3309 τόπον
3692 3255 3793 3318 τὰς

370 3331 548 3425 grans
597 3355 656 3406 et
704 3350 956 3425 fugiens.
1021 3353 1211 3423 Atque
1271 3350 1355 3407 ita
1429 3331 1671 3408 Patrum
1744 3351 2027 3409 institutis

2148 3331 2494 3407 μεταϐάσεις,
2547 3337 2638 3392 καὶ
2697 3337 2867 3416 φυγὰς
2924 3338 3006 3394 ἀεὶ
3079 3340 3426 3415 ποιούμενος·
3501 3342 3592 3398 καὶ
3650 3343 3797 3400 οὕτω

371 3440 705 3512 adhaerens,
740 3445 800 3497 et
827 3457 933 3514 pro
966 3439 1051 3497 eis
1083 3440 1416 3511 decertans,
1449 3446 1627 3512 atque
1667 3441 1739 3497 ab
1792 3441 2032 3498 haareti-

371 3545 577 3586 corum
612 3529 1005 3587 conventibus
1062 3546 1250 3603 usque
1309 3529 1384 3587 ad
1438 3531 1620 3586 finem
1674 3531 2028 3601 abhorrens,

368 3619 643 3693 migravit
670 3619 745 3676 ad
776 3620 1119 3677 Dominum.

491 3781 555 3835 Et
581 3784 858 3836 certamen
887 3777 1067 3836 sancti
1094 3781 1354 3848 martyris
1380 3779 1681 3835 Eleutherii
1707 3782 1907 3836 Perse.

438 3991 818 4047 Eleutherius
901 3990 1118 4046 Christi
1206 3995 1433 4062 martyr
1514 3991 1629 4045 fuit
1695 4008 1724 4047 e
1783 3991 2024 4064 regione

366 4081 627 4139 Persidis
660 4078 969 4136 oriundus.
1022 4082 1168 4137 Cum
1225 4097 1361 4135 vero
1416 4080 1787 4136 Christianus
1844 4086 2020 4149 esset,

367 4176 429 4227 et
483 4171 781 4228 Christum
851 4168 1143 4244 diligeret,
1232 4169 1380 4225 adiit
1459 4175 1731 4224 sanctum
1788 4170 2022 4225 Simeo-

364 4279 505 4319 nem
565 4261 930 4335 episcopum,
992 4267 1049 4317 et
1104 4260 1177 4316 ab
1236 4259 1340 4315 illo
1399 4259 1718 4332 perfectius
1778 4261 2022 4316 edoctus

367 4357 458 4409 est
494 4353 740 4408 verbum
803 4353 1083 4408 veritatis.
1145 4350 1369 4406 Deinde
1427 4350 1489 4405 in
1549 4349 1792 4405 domum
1852 4367 2020 4406 suam

362 4443 878 4517 regressus,etiam
897 4444 1023 4515 ipse
1050 4441 1199 4498 alios
1221 4439 1294 4496 ad
1319 4457 1379 4496 se
1402 4439 1754 4496 accedentes
1785 4439 2022 4496 edocuit

363 4549 494 4605 qua
507 4533 581 4588 ad
593 4534 808 4589 Christi
824 4531 1334 4605 dispensationem
1352 4530 1681 4602 pertinent:
1707 4547 1821 4602 quo
1847 4535 2019 4602 pacto

359 4621 647 4678 nimirum
678 4640 813 4678 cum
846 4623 999 4678 Deus
1031 4627 1189 4678 esset
1219 4619 1444 4676 nullius
1490 4619 1782 4693 indigens,
1834 4619 2020 4676 voluit

2139 3429 2248 3480 τῶν
2314 3428 2600 3501 ΙΙατρικῶν
2663 3425 2956 3504 δογμάτων
3026 3431 3448 3505 προϊστάμενος,
3521 3434 3613 3489 καὶ
3685 3439 3796 3490 τῶν

2138 3511 2448 3588 κακοδόεων
2479 3517 2576 3579 τὰς
2621 3517 2864 3588 συνάξεις
2913 3522 3088 3592 μισῶν
3152 3519 3321 3596 μέχρι
3377 3521 3598 3594 τέλους,
3653 3524 3791 3600 πρὸς

2137 3605 2268 3660 Θεὸν
2309 3601 2460 3678 ἐξεδή
2471 3626 2661 3678 μησεν.

2135 3759 2239 3817 Καὶ
2296 3757 2527 3831 ἄθλησις
2581 3764 2680 3817 τοῦ
2739 3760 2916 3889 aviti;
2953 3760 3223 3840 λάρτυρος
3290 3763 3639 3843 Ἐλευθερίου
3694 3771 3794 3824 τοῦ

2921 3855 3070 3889 οσου.

2919 3855 3070 3908 ρσου.

2208 3983 2550 4061 Ἐλευθέριος
2593 3985 2622 4040 ὁ
2652 3989 2749 4040 τοῦ
2776 3987 3014 4059 Χριστοῦ
3043 3985 3249 4061 μάρτυς
3279 3988 3529 4065 ὑπῆρχεν
3575 3989 3636 4047 ἐκ
3685 4000 3784 4064 τῆς

2134 4074 2324 4150 χώρας
2358 4071 2619 4148 Περσίδος
2656 4076 2976 4151 Χριστιανὸς
3024 4072 3081 4130 δὲ
3129 4075 3226 4146 ὥν,
3277 4077 3367 4131 καὶ
3415 4079 3507 4133 τὸν
3556 4083 3789 4157 Χριστὸν

2132 4165 2381 4239 ἀγαπῶν,
2414 4163 2701 4240 ἀπήρχετο
2731 4165 2867 4239 πρὸς
2904 4167 2998 4221 τὸν
3045 4166 3194 4240 ἅγιον
3244 4169 3470 4241 Συμεὼν
3518 4173 3610 4225 τὸν
3661 4172 3790 4228 ἐπί-

2131 4275 2354 4322 σκοπον,
2389 4253 2479 4308 καὶ
2533 4254 2661 4326 παρ’
2715 4253 2879 4309 αὐτοῦ
2934 4253 3266 4331 τελεώτερον
3329 4253 3638 4316 ἐδιδάσκετο
3689 4262 3788 4317 λύ-

2127 4366 2222 4420 γον
2279 4347 2378 4413 τῆς
2439 4343 2720 4414 ἀληθείας’
2779 4344 2870 4399 καὶ
2926 4345 3281 4423 ὑποστρέφων
3336 4347 3414 4411 εἷς
3481 4351 3571 4405 τὸν
3631 4354 3784 4406 οἷκον

2129 4435 2316 4504 αὐτοῦ,
2346 4430 2594 4488 ἐδίδασκε
2623 4433 2714 4488 καὶ
2747 4433 2907 4496 αὐτὸς
2939 4433 3067 4497 τοὺς
3100 4438 3586 4512 προσερχομένους
3634 4437 3782 4511 αὐτῷ

2127 4523 2196 4578 τά
2226 4522 2481 4598 περὶτῆς
2517 4521 2842 4596 οἰκονομίας
2881 4527 2979 4578 τοῦ
3030 4528 3292 4594 Χριστοῦ
3341 4525 3490 4588 ὅπως
3533 4525 3662 4586 Θεὸς
3702 4523 3777 4581 ὢν

2127 4608 2457 4686 ἀπροσδεὴς,
2507 4610 2752 4681 ἠθέλησε
2820 4612 3065 4688 γενέσθαι
3123 4612 3427 4688 ἄνθρωπος,
3491 4614 3580 4669 ἳνα
3627 4615 3780 4690 σώσῃ

357 4710 538 4765 homo
568 4712 718 4778 fieri,
751 4716 819 4766 ut
867 4711 1172 4765 hominem
1227 4710 1499 4777 salvaret,
1549 4726 1660 4765 nec
1716 4711 2022 4782 propriam

2138 4703 2221 4756 τὸν
2246 4698 2554 4776 ἄνθρωπον,
2591 4702 2666 4774 μή
2699 4701 2925 4778 τραπεὶς
2975 4703 3074 4772 τήν
3125 4702 3308 4758 οὖσίαν
3361 4705 3497 4777 μετὰ
3534 4705 3635 4775 τὴν
3680 4712 3784 4776 τῆς

360 4801 683 4856 essentiam
709 4801 956 4855 mutavit
975 4796 1514 4871 propterunidnem
1537 4816 1670 4855 cum
1685 4799 2020 4855 humanita-

357 4892 455 4955 te;
489 4888 594 4943 sed
628 4895 783 4946 totus
832 4905 1196 4961 permanens
1249 4889 1425 4956 Deus,
1477 4894 1634 4944 totus
1676 4889 1867 4945 factus
1927 4895 2018 4944 est

358 4976 559 5035 homo.
589 4980 734 5034 Cum
763 4978 943 5052 igitur
963 4979 1045 5034 ita
1061 4978 1301 5034 doceret
1341 4984 1582 5034 sanctus
1613 4977 2011 5045 Eleutherius,

358 5071 418 5123 et
450 5067 671 5124 multos
716 5084 788 5124 ex
846 5067 1190 5124 inﬁdelibus
1248 5071 1640 5129 converteret,
1699 5083 1766 5121 ac
1819 5067 2015 5139 bapti-

357 5163 534 5226 zaret,
568 5158 764 5213 Persis
795 5157 1076 5223 innotuit,
1129 5157 1229 5228 qui
1278 5156 1476 5229 ignem
1525 5154 1872 5224 adorabant,
1921 5161 2012 5210 at-

360 5262 475 5317 que
497 5246 570 5301 ab
594 5247 688 5302 his
709 5247 1096 5302 denuntiatus
1123 5252 1211 5300 est
1225 5245 1592 5317 regi.Captus
1613 5243 1866 5314 proinde
1880 5241 2008 5308 fuit,

355 5340 414 5391 et
440 5335 515 5390 ad
542 5352 740 5408 regem
771 5335 1062 5391 adductus
1097 5351 1109 5391 :
1163 5335 1265 5390 54
1318 5332 1420 5404 qui
1463 5347 1598 5386 cum
1649 5348 1784 5387 eum
1837 5332 2013 5388 inter-

345 5431 633 5498 rogaSset.
667 5431 846 5496 atque
869 5425 997 5497 ejus
1029 5422 1424 5479 constantiam
1453 5422 1842 5493 cognovisset,
1889 5427 2006 5478 tra-

345 5513 498 5569 didit
526 5514 724 5584 ipsum
757 5513 1059 5586 Magorum
1090 5509 1483 5581 principibus,
1520 5509 1812 5565 mandans
1861 5510 2002 5573 illis,

343 5608 410 5656 ut
448 5603 500 5657 ei
547 5602 978 5673 persuaderent
1021 5599 1254 5654 Christo
1305 5598 1670 5655 renuntiare.
1725 5598 1818 5654 Illi
1867 5617 2002 5654 vero

2123 4789 2550 4866 άνθρωπὸτητος
2603 4785 2821 4858 ἕνωσιν,
2909 4788 3058 4846 ἀλλὰ
3121 4789 3256 4854 ὃλος
3304 4793 3435 4855 Θεὸς
3495 4790 3590 4864 ὢν,
3651 4793 3784 4858 δλος

2124 4880 2419 4955 γενόμενος
2478 4877 2790 4954 ἅνθρωπος.
2851 4876 3127 4935 Διδάσκων
3188 4878 3248 4936 δὶ
3300 4881 3328 4936 ὁ
3388 4882 3542 4957 ἅγιος
3601 4882 3786 4940 Ἐλευ-

2126 4967 2302 5043 θὲριος
2335 4966 2528 5034 οὕτως,
2559 4967 2649 5022 καὶ
2681 4966 2930 5031 πολλοὺς
2978 4972 3088 5024 τῶν
3136 4967 3378 5025 ἀπίστων
3428 4969 3784 5050 ἐπιστρέφων,

2122 5060 2212 5116 καὶ
2297 5057 2598 5133 βαπτίζων,
2683 5056 2928 5132 ἐγνώσθη
3013 5059 3161 5135 παρὰ
3215 5063 3323 5114 τῶν
3419 5059 3784 5134 πυρολατρῶν

2123 5152 2364 5225 Περσῶν.
2421 5146 2525 5203 Καὶ
2589 5148 2990 5221 καταμηνυθεὶς
3047 5152 3128 5220 τῷ
3191 5147 3428 5224 βασιλεῖ.
3487 5148 3784 5226 ἐκρατήθη,

2119 5240 2212 5294 καὶ
2242 5238 2481 5313 παρέστη
2515 5237 2686 5309 αὐτῷ.
2729 5236 2787 5290 '0
2839 5233 2896 5292 δὶ
2957 5235 3215 5312 βασιλεὺς
3263 5235 3545 5312 ἐρωτήσας
3594 5237 3780 5306 αὐτὸν,

2119 5333 2206 5386 καὶ
2271 5329 2402 5385 ἰδὼν
2459 5328 2624 5384 αὐτοῦ
2677 5328 2741 5384 τὸ
2800 5329 3154 5402 ἀμετάθετον,
3237 5329 3550 5404 παρέδωκεν
3619 5329 3780 5386 αὐτὸν

2118 5427 2234 5484 τοῖς
2259 5420 2620 5496 ἀρχιμάγοις,
2682 5417 3055 5494 παραγγείλας
3101 5419 3316 5484 αὐτοῖς,
3384 5424 3566 5474 πεῖσαι
3617 5417 3780 5475 αὐτὸν

2120 5509 2453 5584 ἀρνήσασθαι
2481 5506 2574 5561 τὸν
2620 5506 2872 5579 Χριστόν·
2929 5506 2980 5560 οἱ
3033 5502 3090 5560 δὲ
3133 5503 3324 5560 πολλὰ
3370 5506 3779 5582 βασανίσαντες,

2115 5599 2205 5652 καὶ
2239 5598 2316 5670 μή
2348 5596 2652 5658 πείσαντες,
2685 5593 3084 5671 ἀπεκεφάλισαν
3117 5593 3303 5651 αὐτόν.

338 5689 615 5758 plurimis
684 5693 881 5764 ipsum
921 5689 1234 5746 tormentis
1283 5689 1712 5758 excruciantes,
1762 5706 1899 5746 cum
1951 5707 1985 5746 a
2034 5690 2268 5746 Christo
2317 5693 2580 5745 avertere
2637 5702 2761 5742 non
2817 5685 3103 5758 valerent,
3162 5691 3342 5759 caput
3399 5687 3451 5742 ei
3513 5691 3782 5762 amputa-

342 5783 508 5836 runt.
