  <div class='ocr_page' id='page_1' title='image "/cluster/home/n/w/nwhite01/storage/ocr_20150623/117/coo.31924054870211/210.png"; bbox 0 0 4108 6422; ppageno 0'>
   <div class='ocr_carea' id='block_1_1' title="bbox 332 374 447 439">
    <p class='ocr_par' dir='ltr' id='par_1_1' title="bbox 332 374 447 439">
     <span class='ocr_line' id='line_1_1' title="bbox 332 374 447 439; baseline 0.017 -2"><span class='ocrx_word' id='word_1_1' title='bbox 332 374 447 439; x_wconf 70' lang='grc'>401</span> 
     </span>
    </p>
   </div>
   <div class='ocr_carea' id='block_1_2' title="bbox 905 516 1458 658">
    <p class='ocr_par' dir='ltr' id='par_1_2' title="bbox 905 516 1458 658">
     <span class='ocr_line' id='line_1_2' title="bbox 905 516 1458 658; baseline 0.007 -82"><span class='ocrx_word' id='word_1_2' title='bbox 905 516 1094 578; x_wconf 69' lang='lat' dir='ltr'>nam</span> <span class='ocrx_word' id='word_1_3' title='bbox 1263 520 1458 604; x_wconf 72' lang='grc' dir='ltr'>Αττᾳ.</span> 
     </span>
    </p>
   </div>
   <div class='ocr_carea' id='block_1_3' title="bbox 413 701 1949 788">
    <p class='ocr_par' dir='ltr' id='par_1_3' title="bbox 413 701 1949 788">
     <span class='ocr_line' id='line_1_3' title="bbox 413 701 1949 788; baseline 0.008 -32"><span class='ocrx_word' id='word_1_4' title='bbox 413 701 695 775; x_wconf 83' lang='grc' dir='ltr'>Ἀθλησις</span> <span class='ocrx_word' id='word_1_5' title='bbox 724 708 826 759; x_wconf 88' lang='grc' dir='ltr'>τοῦ</span> <span class='ocrx_word' id='word_1_6' title='bbox 880 705 1038 788; x_wconf 72' lang='grc' dir='ltr'>ἁγίου</span> <span class='ocrx_word' id='word_1_7' title='bbox 1093 708 1502 788; x_wconf 59' lang='grc' dir='ltr'>ἱερομάρτυρος</span> <span class='ocrx_word' id='word_1_8' title='bbox 1562 714 1815 788; x_wconf 84' lang='grc' dir='ltr'>Συμεὼν,</span> <span class='ocrx_word' id='word_1_9' title='bbox 1856 716 1949 771; x_wconf 86' lang='grc' dir='ltr'>καὶ</span> 
     </span>
    </p>
   </div>
   <div class='ocr_carea' id='block_1_4' title="bbox 889 778 1482 849">
    <p class='ocr_par' dir='ltr' id='par_1_4' title="bbox 889 778 1482 849">
     <span class='ocr_line' id='line_1_4' title="bbox 889 778 1482 849; baseline 0.008 -15"><span class='ocrx_word' id='word_1_10' title='bbox 889 778 991 849; x_wconf 75' lang='grc' dir='ltr'>τῆς</span> <span class='ocrx_word' id='word_1_11' title='bbox 1018 778 1272 844; x_wconf 81' lang='grc' dir='ltr'>συνοδίας</span> <span class='ocrx_word' id='word_1_12' title='bbox 1296 778 1482 840; x_wconf 77' lang='grc' dir='ltr'>αὐτοῦ.</span> 
     </span>
    </p>
   </div>
   <div class='ocr_carea' id='block_1_5' title="bbox 423 882 2023 971">
    <p class='ocr_par' dir='ltr' id='par_1_5' title="bbox 423 882 2023 971">
     <span class='ocr_line' id='line_1_5' title="bbox 423 882 2023 971; baseline 0.008 -33"><span class='ocrx_word' id='word_1_13' title='bbox 423 882 659 957; x_wconf 80' lang='grc' dir='ltr'>Συμεὼν</span> <span class='ocrx_word' id='word_1_14' title='bbox 716 885 746 941; x_wconf 88' lang='lat'>6</span> <span class='ocrx_word' id='word_1_15' title='bbox 807 891 920 971; x_wconf 16' lang='grc' dir='ltr'>τοῦ,</span> <span class='ocrx_word' id='word_1_16' title='bbox 960 888 1197 959; x_wconf 79' lang='grc' dir='ltr'>Χριστοῦ</span> <span class='ocrx_word' id='word_1_17' title='bbox 1256 891 1590 969; x_wconf 84' lang='grc' dir='ltr'>ἱερομάρτυρ</span> <span class='ocrx_word' id='word_1_18' title='bbox 1649 893 1899 971; x_wconf 77' lang='grc' dir='ltr'>ὑπῆρχεν</span> <span class='ocrx_word' id='word_1_19' title='bbox 1930 893 2023 950; x_wconf 72' lang='grc' dir='ltr'>ἐπὶ</span> 
     </span>
    </p>
   </div>
   <div class='ocr_carea' id='block_1_6' title="bbox 344 970 2019 1059">
    <p class='ocr_par' dir='ltr' id='par_1_6' title="bbox 344 970 2019 1059">
     <span class='ocr_line' id='line_1_6' title="bbox 344 970 2019 1059; baseline 0.007 -31"><span class='ocrx_word' id='word_1_20' title='bbox 344 976 451 1037; x_wconf 75' lang='grc' dir='ltr'>τῆς</span> <span class='ocrx_word' id='word_1_21' title='bbox 485 971 774 1044; x_wconf 71' lang='grc' dir='ltr'>βασιλείας</span> <span class='ocrx_word' id='word_1_22' title='bbox 810 970 1101 1052; x_wconf 78' lang='grc' dir='ltr'>Σαόωρίου</span> <span class='ocrx_word' id='word_1_23' title='bbox 1132 976 1231 1035; x_wconf 78' lang='grc' dir='ltr'>τοῦ</span> <span class='ocrx_word' id='word_1_24' title='bbox 1262 985 1480 1054; x_wconf 82' lang='grc' dir='ltr'>Περσῶν</span> <span class='ocrx_word' id='word_1_25' title='bbox 1540 970 1837 1058; x_wconf 62' lang='grc' dir='ltr'>βασιλέωςέ</span> <span class='ocrx_word' id='word_1_26' title='bbox 1872 985 2019 1059; x_wconf 79' lang='grc' dir='ltr'>ὁρῶν</span> 
     </span>
    </p>
   </div>
   <div class='ocr_carea' id='block_1_7' title="bbox 354 1060 2020 1149">
    <p class='ocr_par' dir='ltr' id='par_1_7' title="bbox 354 1060 2020 1149">
     <span class='ocr_line' id='line_1_7' title="bbox 354 1060 2020 1149; baseline 0.007 -32"><span class='ocrx_word' id='word_1_27' title='bbox 354 1060 415 1117; x_wconf 75' lang='grc' dir='ltr'>δὶ</span> <span class='ocrx_word' id='word_1_28' title='bbox 438 1062 504 1117; x_wconf 75' lang='grc' dir='ltr'>τὰ</span> <span class='ocrx_word' id='word_1_29' title='bbox 542 1063 848 1137; x_wconf 86' lang='grc' dir='ltr'>παράνομα</span> <span class='ocrx_word' id='word_1_30' title='bbox 908 1063 1035 1143; x_wconf 79' lang='grc' dir='ltr'>ἔργα</span> <span class='ocrx_word' id='word_1_31' title='bbox 1090 1071 1201 1122; x_wconf 88' lang='grc' dir='ltr'>τῶν</span> <span class='ocrx_word' id='word_1_32' title='bbox 1263 1074 1509 1145; x_wconf 86' lang='grc' dir='ltr'>Περσῶν,</span> <span class='ocrx_word' id='word_1_33' title='bbox 1568 1071 1658 1126; x_wconf 82' lang='grc' dir='ltr'>καὶ</span> <span class='ocrx_word' id='word_1_34' title='bbox 1721 1073 1798 1146; x_wconf 82' lang='grc' dir='ltr'>μή</span> <span class='ocrx_word' id='word_1_35' title='bbox 1842 1071 2020 1149; x_wconf 71' lang='grc' dir='ltr'>φέρων</span> 
     </span>
    </p>
   </div>
   <div class='ocr_carea' id='block_1_8' title="bbox 359 1150 2022 1236">
    <p class='ocr_par' dir='ltr' id='par_1_8' title="bbox 359 1150 2022 1236">
     <span class='ocr_line' id='line_1_8' title="bbox 359 1150 2022 1236; baseline 0.007 -31"><span class='ocrx_word' id='word_1_36' title='bbox 359 1151 534 1206; x_wconf 78' lang='grc' dir='ltr'>αὐτῶν</span> <span class='ocrx_word' id='word_1_37' title='bbox 568 1152 669 1213; x_wconf 74' lang='grc' dir='ltr'>τὰς</span> <span class='ocrx_word' id='word_1_38' title='bbox 695 1150 982 1230; x_wconf 77' lang='grc' dir='ltr'>ἐπιταγὰς,</span> <span class='ocrx_word' id='word_1_39' title='bbox 1040 1151 1241 1232; x_wconf 73' lang='grc' dir='ltr'>ἔγραψε</span> <span class='ocrx_word' id='word_1_40' title='bbox 1300 1163 1379 1230; x_wconf 84' lang='grc' dir='ltr'>τῷ</span> <span class='ocrx_word' id='word_1_41' title='bbox 1440 1158 1679 1236; x_wconf 85' lang='grc' dir='ltr'>βασιλεῖ,</span> <span class='ocrx_word' id='word_1_42' title='bbox 1710 1160 1793 1216; x_wconf 79' lang='grc' dir='ltr'>ὅτι</span> <span class='ocrx_word' id='word_1_43' title='bbox 1827 1163 2022 1236; x_wconf 80' lang='grc' dir='ltr'>Ἡμεῖς</span> 
     </span>
    </p>
   </div>
   <div class='ocr_carea' id='block_1_9' title="bbox 356 1238 2021 1327">
    <p class='ocr_par' dir='ltr' id='par_1_9' title="bbox 356 1238 2021 1327">
     <span class='ocr_line' id='line_1_9' title="bbox 356 1238 2021 1327; baseline 0.007 -31"><span class='ocrx_word' id='word_1_44' title='bbox 356 1238 546 1296; x_wconf 87' lang='grc' dir='ltr'>δοῦλοι</span> <span class='ocrx_word' id='word_1_45' title='bbox 586 1242 771 1313; x_wconf 84' lang='grc' dir='ltr'>Ἰησοῦ</span> <span class='ocrx_word' id='word_1_46' title='bbox 802 1245 1037 1319; x_wconf 77' lang='grc' dir='ltr'>Χριστοῦ</span> <span class='ocrx_word' id='word_1_47' title='bbox 1095 1250 1192 1301; x_wconf 88' lang='grc' dir='ltr'>τοῦ</span> <span class='ocrx_word' id='word_1_48' title='bbox 1250 1251 1383 1303; x_wconf 82' lang='grc' dir='ltr'>Θεοῦ</span> <span class='ocrx_word' id='word_1_49' title='bbox 1437 1250 1599 1323; x_wconf 77' lang='grc' dir='ltr'>ἡμῶν</span> <span class='ocrx_word' id='word_1_50' title='bbox 1660 1250 2021 1327; x_wconf 80' lang='grc' dir='ltr'>ὑπάρχοντες,</span> 
     </span>
    </p>
   </div>
   <div class='ocr_carea' id='block_1_10' title="bbox 351 1330 2022 1413">
    <p class='ocr_par' dir='ltr' id='par_1_10' title="bbox 351 1330 2022 1413">
     <span class='ocr_line' id='line_1_10' title="bbox 351 1330 2022 1413; baseline 0.007 -28"><span class='ocrx_word' id='word_1_51' title='bbox 351 1330 632 1408; x_wconf 81' lang='grc' dir='ltr'>ὑπόφοροι</span> <span class='ocrx_word' id='word_1_52' title='bbox 696 1332 852 1405; x_wconf 78' lang='grc' dir='ltr'>ὑμῶν</span> <span class='ocrx_word' id='word_1_53' title='bbox 908 1335 1041 1389; x_wconf 74' lang='grc' dir='ltr'>εἶναι</span> <span class='ocrx_word' id='word_1_54' title='bbox 1101 1335 1201 1391; x_wconf 77' lang='grc' dir='ltr'>οὐκ</span> <span class='ocrx_word' id='word_1_55' title='bbox 1256 1336 1587 1413; x_wconf 88' lang='grc' dir='ltr'>ἀνεχόμεθα.</span> <span class='ocrx_word' id='word_1_56' title='bbox 1649 1340 1800 1396; x_wconf 84' lang='grc' dir='ltr'>Ποίει</span> <span class='ocrx_word' id='word_1_57' title='bbox 1839 1341 1931 1397; x_wconf 87' lang='grc' dir='ltr'>οὗν</span> <span class='ocrx_word' id='word_1_58' title='bbox 1990 1340 2022 1397; x_wconf 84' lang='lat'><strong>6&#39;</strong></span> 
     </span>
    </p>
   </div>
   <div class='ocr_carea' id='block_1_11' title="bbox 352 1418 2016 1506">
    <p class='ocr_par' dir='ltr' id='par_1_11' title="bbox 352 1418 2016 1506">
     <span class='ocr_line' id='line_1_11' title="bbox 352 1418 2016 1506; baseline 0.01 -33"><span class='ocrx_word' id='word_1_59' title='bbox 352 1418 577 1495; x_wconf 78' lang='grc' dir='ltr'>βούλει.</span> <span class='ocrx_word' id='word_1_60' title='bbox 668 1420 1127 1488; x_wconf 78' lang='grc' dir='ltr'>’Δποστείλαντος</span> <span class='ocrx_word' id='word_1_61' title='bbox 1185 1426 1276 1481; x_wconf 81' lang='grc' dir='ltr'>οῦν</span> <span class='ocrx_word' id='word_1_62' title='bbox 1334 1432 1431 1482; x_wconf 90' lang='grc' dir='ltr'>τοῦ</span> <span class='ocrx_word' id='word_1_63' title='bbox 1517 1428 1809 1506; x_wconf 72' lang='grc' dir='ltr'>βασιλεως,</span> <span class='ocrx_word' id='word_1_64' title='bbox 1862 1428 2016 1506; x_wconf 77' lang='grc' dir='ltr'>ἤχθη</span> 
     </span>
    </p>
   </div>
   <div class='ocr_carea' id='block_1_12' title="bbox 342 1507 2017 1593">
    <p class='ocr_par' dir='ltr' id='par_1_12' title="bbox 342 1507 2017 1593">
     <span class='ocr_line' id='line_1_12' title="bbox 342 1507 2017 1593; baseline 0.005 -27"><span class='ocrx_word' id='word_1_65' title='bbox 342 1507 579 1585; x_wconf 71' lang='grc' dir='ltr'>δὲσμιος</span> <span class='ocrx_word' id='word_1_66' title='bbox 614 1511 751 1585; x_wconf 83' lang='grc' dir='ltr'>μετᾶ</span> <span class='ocrx_word' id='word_1_67' title='bbox 778 1516 888 1567; x_wconf 87' lang='grc' dir='ltr'>τῶν</span> <span class='ocrx_word' id='word_1_68' title='bbox 916 1511 1010 1568; x_wconf 79' lang='grc' dir='ltr'>σὺν</span> <span class='ocrx_word' id='word_1_69' title='bbox 1044 1514 1212 1587; x_wconf 81' lang='grc' dir='ltr'>αὐτῷ.</span> <span class='ocrx_word' id='word_1_70' title='bbox 1247 1515 1352 1572; x_wconf 75' lang='grc' dir='ltr'>Καὶ</span> <span class='ocrx_word' id='word_1_71' title='bbox 1384 1516 1662 1591; x_wconf 78' lang='grc' dir='ltr'>εἰσελθὼν,</span> <span class='ocrx_word' id='word_1_72' title='bbox 1723 1519 1785 1574; x_wconf 74' lang='grc' dir='ltr'>οὑ</span> <span class='ocrx_word' id='word_1_73' title='bbox 1842 1539 2017 1593; x_wconf 84' lang='grc' dir='ltr'>προσ-</span> 
     </span>
    </p>
   </div>
   <div class='ocr_carea' id='block_1_13' title="bbox 356 1598 2021 1683">
    <p class='ocr_par' dir='ltr' id='par_1_13' title="bbox 356 1598 2021 1683">
     <span class='ocr_line' id='line_1_13' title="bbox 356 1598 2021 1683; baseline 0.007 -30"><span class='ocrx_word' id='word_1_74' title='bbox 356 1598 637 1671; x_wconf 73' lang='grc' dir='ltr'>εκῦνησεν,</span> <span class='ocrx_word' id='word_1_75' title='bbox 692 1602 768 1663; x_wconf 86' lang='grc' dir='ltr'>ὡς</span> <span class='ocrx_word' id='word_1_76' title='bbox 823 1601 1110 1680; x_wconf 86' lang='grc' dir='ltr'>πρότερον,</span> <span class='ocrx_word' id='word_1_77' title='bbox 1171 1604 1355 1661; x_wconf 80' lang='grc' dir='ltr'>αὐτόν’</span> <span class='ocrx_word' id='word_1_78' title='bbox 1415 1606 1504 1662; x_wconf 80' lang='grc' dir='ltr'>καὶ</span> <span class='ocrx_word' id='word_1_79' title='bbox 1555 1606 1870 1683; x_wconf 72' lang='grc' dir='ltr'>ἐρωτηθεὶς,</span> <span class='ocrx_word' id='word_1_80' title='bbox 1930 1607 2021 1665; x_wconf 76' lang='grc' dir='ltr'>διὰ</span> 
     </span>
    </p>
   </div>
   <div class='ocr_carea' id='block_1_14' title="bbox 352 1688 2015 1773">
    <p class='ocr_par' dir='ltr' id='par_1_14' title="bbox 352 1688 2015 1773">
     <span class='ocr_line' id='line_1_14' title="bbox 352 1688 2015 1773; baseline 0.006 -30"><span class='ocrx_word' id='word_1_81' title='bbox 352 1688 412 1743; x_wconf 85' lang='grc' dir='ltr'>τί</span> <span class='ocrx_word' id='word_1_82' title='bbox 471 1688 532 1743; x_wconf 74' lang='grc' dir='ltr'>οὗ</span> <span class='ocrx_word' id='word_1_83' title='bbox 578 1689 1007 1765; x_wconf 73' lang='grc' dir='ltr'>προσεκύνησεν,</span> <span class='ocrx_word' id='word_1_84' title='bbox 1070 1696 1241 1749; x_wconf 73' lang='grc' dir='ltr'>εἶπεν·</span> <span class='ocrx_word' id='word_1_85' title='bbox 1315 1696 1446 1753; x_wconf 77' lang='grc' dir='ltr'>’Ότε</span> <span class='ocrx_word' id='word_1_86' title='bbox 1533 1699 1687 1773; x_wconf 76' lang='grc' dir='ltr'>εἶχον</span> <span class='ocrx_word' id='word_1_87' title='bbox 1772 1698 2015 1773; x_wconf 83' lang='grc' dir='ltr'>είρήνην,</span> 
     </span>
    </p>
   </div>
   <div class='ocr_carea' id='block_1_15' title="bbox 361 1777 2016 1863">
    <p class='ocr_par' dir='ltr' id='par_1_15' title="bbox 361 1777 2016 1863">
     <span class='ocr_line' id='line_1_15' title="bbox 361 1777 2016 1863; baseline 0.005 -28"><span class='ocrx_word' id='word_1_88' title='bbox 361 1777 590 1835; x_wconf 73' lang='grc' dir='ltr'>ἱποίουν</span> <span class='ocrx_word' id='word_1_89' title='bbox 637 1784 820 1836; x_wconf 82' lang='grc' dir='ltr'>τοῦτο’</span> <span class='ocrx_word' id='word_1_90' title='bbox 882 1780 972 1837; x_wconf 71' lang='grc' dir='ltr'>ὅτε</span> <span class='ocrx_word' id='word_1_91' title='bbox 1039 1780 1097 1838; x_wconf 78' lang='grc' dir='ltr'>δὶ</span> <span class='ocrx_word' id='word_1_92' title='bbox 1204 1781 1428 1857; x_wconf 75' lang='grc' dir='ltr'>δὲσμιος</span> <span class='ocrx_word' id='word_1_93' title='bbox 1491 1788 1894 1863; x_wconf 81' lang='grc' dir='ltr'>παρεγενόμην,</span> <span class='ocrx_word' id='word_1_94' title='bbox 1952 1787 2016 1844; x_wconf 76' lang='grc' dir='ltr'>οὔ</span> 
     </span>
    </p>
   </div>
   <div class='ocr_carea' id='block_1_16' title="bbox 365 1870 2093 1972">
    <p class='ocr_par' dir='ltr' id='par_1_16' title="bbox 365 1870 2093 1972">
     <span class='ocr_line' id='line_1_16' title="bbox 365 1870 2093 1972; baseline 0.006 -49"><span class='ocrx_word' id='word_1_95' title='bbox 365 1872 666 1972; x_wconf 74' lang='grc' dir='ltr'>προσκυνῶ.</span> <span class='ocrx_word' id='word_1_96' title='bbox 702 1871 1098 1972; x_wconf 35' lang='grc' dir='ltr'>Ἐςερχόμενκον</span> <span class='ocrx_word' id='word_1_97' title='bbox 1152 1870 1210 1928; x_wconf 79' lang='grc' dir='ltr'>δὶ</span> <span class='ocrx_word' id='word_1_98' title='bbox 1256 1872 1416 1929; x_wconf 74' lang='grc' dir='ltr'>αὐτὸν</span> <span class='ocrx_word' id='word_1_99' title='bbox 1476 1876 1614 1952; x_wconf 85' lang='grc' dir='ltr'>πρὸς</span> <span class='ocrx_word' id='word_1_100' title='bbox 1664 1876 1728 1932; x_wconf 85' lang='grc' dir='ltr'>τὸ</span> <span class='ocrx_word' id='word_1_101' title='bbox 1753 1876 2016 1933; x_wconf 81' lang='grc' dir='ltr'>ἃποκλει-</span> <span class='ocrx_word' id='word_1_102' title='bbox 2046 1905 2093 1972; x_wconf 77' lang='grc' dir='ltr'><strong>Β</strong></span> 
     </span>
    </p>
   </div>
   <div class='ocr_carea' id='block_1_17' title="bbox 361 1956 2012 2043">
    <p class='ocr_par' dir='ltr' id='par_1_17' title="bbox 361 1956 2012 2043">
     <span class='ocr_line' id='line_1_17' title="bbox 361 1956 2012 2043; baseline 0.007 -32"><span class='ocrx_word' id='word_1_103' title='bbox 361 1963 557 2026; x_wconf 77' lang='grc' dir='ltr'>σθῆναι</span> <span class='ocrx_word' id='word_1_104' title='bbox 584 1956 659 2019; x_wconf 81' lang='grc' dir='ltr'>είς</span> <span class='ocrx_word' id='word_1_105' title='bbox 690 1956 964 2035; x_wconf 76' lang='grc' dir='ltr'>φυλακὴν,</span> <span class='ocrx_word' id='word_1_106' title='bbox 998 1959 1132 2016; x_wconf 75' lang='grc' dir='ltr'>ἲδών</span> <span class='ocrx_word' id='word_1_107' title='bbox 1181 1983 1265 2026; x_wconf 85' lang='grc' dir='ltr'>τις</span> <span class='ocrx_word' id='word_1_108' title='bbox 1322 1963 1721 2039; x_wconf 85' lang='grc' dir='ltr'>πραιπώσιτος,</span> <span class='ocrx_word' id='word_1_109' title='bbox 1755 1967 1785 2022; x_wconf 91' lang='lat'>6</span> <span class='ocrx_word' id='word_1_110' title='bbox 1816 1968 2012 2043; x_wconf 88' lang='grc' dir='ltr'>πρότε-</span> 
     </span>
    </p>
   </div>
   <div class='ocr_carea' id='block_1_18' title="bbox 350 2042 2012 2131">
    <p class='ocr_par' dir='ltr' id='par_1_18' title="bbox 350 2042 2012 2131">
     <span class='ocr_line' id='line_1_18' title="bbox 350 2042 2012 2131; baseline 0.006 -30"><span class='ocrx_word' id='word_1_111' title='bbox 350 2066 455 2121; x_wconf 82' lang='grc' dir='ltr'>ρον</span> <span class='ocrx_word' id='word_1_112' title='bbox 541 2042 617 2102; x_wconf 78' lang='grc' dir='ltr'>ὥν</span> <span class='ocrx_word' id='word_1_113' title='bbox 701 2049 1058 2119; x_wconf 78' lang='grc' dir='ltr'>Χριστιανὸς,</span> <span class='ocrx_word' id='word_1_114' title='bbox 1170 2051 1391 2128; x_wconf 79' lang='grc' dir='ltr'>ὕστερον</span> <span class='ocrx_word' id='word_1_115' title='bbox 1478 2051 1536 2108; x_wconf 74' lang='grc' dir='ltr'>δι</span> <span class='ocrx_word' id='word_1_116' title='bbox 1618 2042 2012 2131; x_wconf 87' lang='grc' dir='ltr'>ἀρνησάμενος,</span> 
     </span>
    </p>
   </div>
   <div class='ocr_carea' id='block_1_19' title="bbox 344 2132 2013 2224">
    <p class='ocr_par' dir='ltr' id='par_1_19' title="bbox 344 2132 2013 2224">
     <span class='ocr_line' id='line_1_19' title="bbox 344 2132 2013 2224; baseline 0.008 -35"><span class='ocrx_word' id='word_1_117' title='bbox 344 2132 652 2207; x_wconf 66' lang='grc' dir='ltr'>ἠϐουλήθη</span> <span class='ocrx_word' id='word_1_118' title='bbox 683 2136 1035 2208; x_wconf 74' lang='grc' dir='ltr'>ἀσπάζεσθαιο</span> <span class='ocrx_word' id='word_1_119' title='bbox 1066 2140 1155 2194; x_wconf 84' lang='grc' dir='ltr'>καί</span> <span class='ocrx_word' id='word_1_120' title='bbox 1191 2143 1269 2214; x_wconf 84' lang='grc' dir='ltr'>μή</span> <span class='ocrx_word' id='word_1_121' title='bbox 1338 2140 1723 2218; x_wconf 77' lang='grc' dir='ltr'>προσδεχθεὶς,</span> <span class='ocrx_word' id='word_1_122' title='bbox 1773 2144 1898 2224; x_wconf 69' lang='grc' dir='ltr'>ἔφη’</span> <span class='ocrx_word' id='word_1_123' title='bbox 1946 2146 2013 2204; x_wconf 73' lang='grc' dir='ltr'>Εἰ</span> 
     </span>
    </p>
   </div>
   <div class='ocr_carea' id='block_1_20' title="bbox 345 2226 2011 2310">
    <p class='ocr_par' dir='ltr' id='par_1_20' title="bbox 345 2226 2011 2310">
     <span class='ocr_line' id='line_1_20' title="bbox 345 2226 2011 2310; baseline 0.008 -31"><span class='ocrx_word' id='word_1_124' title='bbox 345 2227 609 2299; x_wconf 79' lang='grc' dir='ltr'>Συμεὼν,</span> <span class='ocrx_word' id='word_1_125' title='bbox 646 2226 933 2301; x_wconf 78' lang='grc' dir='ltr'>ἄνθρωπος</span> <span class='ocrx_word' id='word_1_126' title='bbox 967 2226 1065 2297; x_wconf 83' lang='grc' dir='ltr'>ὣν,</span> <span class='ocrx_word' id='word_1_127' title='bbox 1113 2229 1432 2305; x_wconf 80' lang='grc' dir='ltr'>ἀπεστράφη</span> <span class='ocrx_word' id='word_1_128' title='bbox 1495 2254 1583 2306; x_wconf 89' lang='grc' dir='ltr'>με,</span> <span class='ocrx_word' id='word_1_129' title='bbox 1617 2237 1736 2297; x_wconf 84' lang='grc' dir='ltr'>πῶς</span> <span class='ocrx_word' id='word_1_130' title='bbox 1794 2236 1824 2291; x_wconf 98' lang='lat'>6</span> <span class='ocrx_word' id='word_1_131' title='bbox 1878 2238 2011 2310; x_wconf 82' lang='grc' dir='ltr'>Χρι-</span> 
     </span>
    </p>
   </div>
   <div class='ocr_carea' id='block_1_21' title="bbox 340 2315 2013 2398">
    <p class='ocr_par' dir='ltr' id='par_1_21' title="bbox 340 2315 2013 2398">
     <span class='ocr_line' id='line_1_21' title="bbox 340 2315 2013 2398; baseline 0.008 -30"><span class='ocrx_word' id='word_1_132' title='bbox 340 2315 477 2377; x_wconf 80' lang='grc' dir='ltr'>στὸς</span> <span class='ocrx_word' id='word_1_133' title='bbox 511 2315 790 2390; x_wconf 83' lang='grc' dir='ltr'>ἀγαπήσει</span> <span class='ocrx_word' id='word_1_134' title='bbox 826 2337 916 2389; x_wconf 90' lang='grc' dir='ltr'>με,</span> <span class='ocrx_word' id='word_1_135' title='bbox 948 2316 1007 2371; x_wconf 73' lang='grc' dir='ltr'>ὅν</span> <span class='ocrx_word' id='word_1_136' title='bbox 1036 2319 1367 2393; x_wconf 74' lang='grc' dir='ltr'>ἠρνησάμην</span> <span class='ocrx_word' id='word_1_137' title='bbox 1399 2338 1413 2390; x_wconf 88' lang='grc'><strong>;</strong></span> <span class='ocrx_word' id='word_1_138' title='bbox 1476 2321 1574 2376; x_wconf 75' lang='grc' dir='ltr'>Καὶ</span> <span class='ocrx_word' id='word_1_139' title='bbox 1633 2322 1797 2398; x_wconf 77' lang='grc' dir='ltr'>γνοὺς</span> <span class='ocrx_word' id='word_1_140' title='bbox 1851 2328 2013 2381; x_wconf 82' lang='grc' dir='ltr'>τοῦτο</span> 
     </span>
    </p>
   </div>
   <div class='ocr_carea' id='block_1_22' title="bbox 341 2406 2013 2486">
    <p class='ocr_par' dir='ltr' id='par_1_22' title="bbox 341 2406 2013 2486">
     <span class='ocr_line' id='line_1_22' title="bbox 341 2406 2013 2486; baseline 0.007 -25"><span class='ocrx_word' id='word_1_141' title='bbox 341 2408 373 2462; x_wconf 91' lang='lat'>6</span> <span class='ocrx_word' id='word_1_142' title='bbox 409 2406 703 2484; x_wconf 80' lang='grc' dir='ltr'>βασιλεὺς,</span> <span class='ocrx_word' id='word_1_143' title='bbox 735 2406 1126 2486; x_wconf 80' lang='grc' dir='ltr'>ἀπεκεφάλισεν</span> <span class='ocrx_word' id='word_1_144' title='bbox 1173 2411 1332 2467; x_wconf 84' lang='grc' dir='ltr'>αὐτόν</span> <span class='ocrx_word' id='word_1_145' title='bbox 1385 2433 1445 2468; x_wconf 89' lang='grc' dir='ltr'>τε</span> <span class='ocrx_word' id='word_1_146' title='bbox 1490 2413 1579 2468; x_wconf 83' lang='grc' dir='ltr'>καὶ</span> <span class='ocrx_word' id='word_1_147' title='bbox 1639 2415 1731 2470; x_wconf 86' lang='grc' dir='ltr'>τὸν</span> <span class='ocrx_word' id='word_1_148' title='bbox 1787 2414 2013 2473; x_wconf 65' lang='grc' dir='ltr'>ἐπίσκο-</span> 
     </span>
    </p>
   </div>
   <div class='ocr_carea' id='block_1_23' title="bbox 334 2493 2010 2581">
    <p class='ocr_par' dir='ltr' id='par_1_23' title="bbox 334 2493 2010 2581">
     <span class='ocr_line' id='line_1_23' title="bbox 334 2493 2010 2581; baseline 0.004 -26"><span class='ocrx_word' id='word_1_149' title='bbox 334 2519 442 2555; x_wconf 81' lang='grc' dir='ltr'>πον</span> <span class='ocrx_word' id='word_1_150' title='bbox 480 2498 578 2552; x_wconf 80' lang='grc' dir='ltr'>σὺν</span> <span class='ocrx_word' id='word_1_151' title='bbox 610 2504 728 2560; x_wconf 87' lang='grc' dir='ltr'>τοῖς</span> <span class='ocrx_word' id='word_1_152' title='bbox 758 2493 1166 2577; x_wconf 66' lang='grc' dir='ltr'>πρεσϐυτέροις,</span> <span class='ocrx_word' id='word_1_153' title='bbox 1201 2501 1291 2556; x_wconf 82' lang='grc' dir='ltr'>καὶ</span> <span class='ocrx_word' id='word_1_154' title='bbox 1322 2499 1621 2576; x_wconf 81' lang='grc' dir='ltr'>διακόνοις,</span> <span class='ocrx_word' id='word_1_155' title='bbox 1685 2504 1777 2561; x_wconf 82' lang='grc' dir='ltr'>καὶ</span> <span class='ocrx_word' id='word_1_156' title='bbox 1806 2505 2010 2581; x_wconf 69' lang='grc' dir='ltr'>ἑτέροις</span> 
     </span>
    </p>
   </div>
   <div class='ocr_carea' id='block_1_24' title="bbox 334 2586 918 2658">
    <p class='ocr_par' dir='ltr' id='par_1_24' title="bbox 334 2586 918 2658">
     <span class='ocr_line' id='line_1_24' title="bbox 334 2586 918 2658; baseline -0.002 -14"><span class='ocrx_word' id='word_1_157' title='bbox 334 2586 533 2644; x_wconf 63' lang='grc' dir='ltr'>δκατὸν</span> <span class='ocrx_word' id='word_1_158' title='bbox 560 2588 918 2658; x_wconf 64' lang='grc' dir='ltr'>πεντήκοντα.</span> 
     </span>
    </p>
   </div>
   <div class='ocr_carea' id='block_1_25' title="bbox 409 2916 1938 2997">
    <p class='ocr_par' dir='ltr' id='par_1_25' title="bbox 409 2916 1938 2997">
     <span class='ocr_line' id='line_1_25' title="bbox 409 2916 1938 2997; baseline 0.002 -19"><span class='ocrx_word' id='word_1_159' title='bbox 409 2920 517 2978; x_wconf 78' lang='grc' dir='ltr'>Καὶ</span> <span class='ocrx_word' id='word_1_160' title='bbox 550 2916 787 2997; x_wconf 75' lang='grc' dir='ltr'>ἄθλησις</span> <span class='ocrx_word' id='word_1_161' title='bbox 817 2923 915 2973; x_wconf 91' lang='grc' dir='ltr'>τοῦ</span> <span class='ocrx_word' id='word_1_162' title='bbox 943 2918 1401 2997; x_wconf 37' lang='grc' dir='ltr'>ἁγίου-μάρτυρος</span> <span class='ocrx_word' id='word_1_163' title='bbox 1438 2923 1639 2997; x_wconf 77' lang='grc' dir='ltr'>Φασὶκ,</span> <span class='ocrx_word' id='word_1_164' title='bbox 1694 2926 1782 2981; x_wconf 78' lang='grc' dir='ltr'>καὶ</span> <span class='ocrx_word' id='word_1_165' title='bbox 1835 2932 1938 2997; x_wconf 85' lang='grc' dir='ltr'>τῆς</span> 
     </span>
    </p>
   </div>
   <div class='ocr_carea' id='block_1_26' title="bbox 762 2992 1596 3069">
    <p class='ocr_par' dir='ltr' id='par_1_26' title="bbox 762 2992 1596 3069">
     <span class='ocr_line' id='line_1_26' title="bbox 762 2992 1596 3069; baseline 0.006 -23"><span class='ocrx_word' id='word_1_166' title='bbox 762 2992 1027 3067; x_wconf 82' lang='grc' dir='ltr'>θυγατρὸς</span> <span class='ocrx_word' id='word_1_167' title='bbox 1060 2992 1224 3048; x_wconf 79' lang='grc' dir='ltr'>αὐτοῦ</span> <span class='ocrx_word' id='word_1_168' title='bbox 1273 2992 1596 3069; x_wconf 82' lang='grc' dir='ltr'>ἀσκητρίας.</span> 
     </span>
    </p>
   </div>
   <div class='ocr_carea' id='block_1_27' title="bbox 416 3113 2007 3198">
    <p class='ocr_par' dir='ltr' id='par_1_27' title="bbox 416 3113 2007 3198">
     <span class='ocr_line' id='line_1_27' title="bbox 416 3113 2007 3198; baseline 0.003 -26"><span class='ocrx_word' id='word_1_169' title='bbox 416 3114 589 3179; x_wconf 72' lang='grc' dir='ltr'>Οὗτος</span> <span class='ocrx_word' id='word_1_170' title='bbox 618 3115 647 3169; x_wconf 91' lang='lat'>6</span> <span class='ocrx_word' id='word_1_171' title='bbox 683 3115 914 3189; x_wconf 83' lang='grc' dir='ltr'>μάρτυς.</span> <span class='ocrx_word' id='word_1_172' title='bbox 972 3113 1063 3170; x_wconf 76' lang='grc' dir='ltr'>ὅτε</span> <span class='ocrx_word' id='word_1_173' title='bbox 1119 3117 1582 3195; x_wconf 82' lang='grc' dir='ltr'>ἀπεκεφαλίζοντο</span> <span class='ocrx_word' id='word_1_174' title='bbox 1642 3121 1856 3198; x_wconf 75' lang='grc' dir='ltr'>οἱπερὶ</span> <span class='ocrx_word' id='word_1_175' title='bbox 1913 3123 2007 3178; x_wconf 84' lang='grc' dir='ltr'>τὸν</span> 
     </span>
    </p>
   </div>
   <div class='ocr_carea' id='block_1_28' title="bbox 346 3203 2004 3283">
    <p class='ocr_par' dir='ltr' id='par_1_28' title="bbox 346 3203 2004 3283">
     <span class='ocr_line' id='line_1_28' title="bbox 346 3203 2004 3283; baseline 0.005 -24"><span class='ocrx_word' id='word_1_176' title='bbox 346 3204 506 3281; x_wconf 72' lang='grc' dir='ltr'>ἅγιον</span> <span class='ocrx_word' id='word_1_177' title='bbox 569 3204 801 3277; x_wconf 82' lang='grc' dir='ltr'>Συμεὼν</span> <span class='ocrx_word' id='word_1_178' title='bbox 858 3203 1007 3278; x_wconf 77' lang='grc' dir='ltr'>ἃγιοι</span> <span class='ocrx_word' id='word_1_179' title='bbox 1064 3207 1356 3282; x_wconf 84' lang='grc' dir='ltr'>μάρτυρες,</span> <span class='ocrx_word' id='word_1_180' title='bbox 1414 3207 1696 3283; x_wconf 81' lang='grc' dir='ltr'>παρεστὼς</span> <span class='ocrx_word' id='word_1_181' title='bbox 1727 3211 1814 3265; x_wconf 80' lang='grc' dir='ltr'>καὶ</span> <span class='ocrx_word' id='word_1_182' title='bbox 1870 3212 2004 3266; x_wconf 88' lang='grc' dir='ltr'>θεω-</span> 
     </span>
    </p>
   </div>
   <div class='ocr_carea' id='block_1_29' title="bbox 1904 394 2248 461">
    <p class='ocr_par' dir='ltr' id='par_1_29' title="bbox 1904 394 2248 461">
     <span class='ocr_line' id='line_1_29' title="bbox 1904 394 2248 461; baseline 0.012 -4"><span class='ocrx_word' id='word_1_183' title='bbox 1904 394 2248 461; x_wconf 74' lang='grc' dir='ltr'>ΔΡΒΠιῙΒ.</span> 
     </span>
    </p>
   </div>
   <div class='ocr_carea' id='block_1_30' title="bbox 2047 528 2105 601">
    <p class='ocr_par' dir='ltr' id='par_1_30' title="bbox 2047 528 2105 601">
     <span class='ocr_line' id='line_1_30' title="bbox 2047 528 2105 601; baseline 0 -2"><span class='ocrx_word' id='word_1_184' title='bbox 2047 528 2105 601; x_wconf 74' lang='grc' dir='ltr'><strong>Δ</strong></span> 
     </span>
    </p>
   </div>
   <div class='ocr_carea' id='block_1_31' title="bbox 3662 419 3787 483">
    <p class='ocr_par' dir='ltr' id='par_1_31' title="bbox 3662 419 3787 483">
     <span class='ocr_line' id='line_1_31' title="bbox 3662 419 3787 483; baseline 0.032 -4"><span class='ocrx_word' id='word_1_185' title='bbox 3662 419 3787 483; x_wconf 68' lang='grc'>402</span> 
     </span>
    </p>
   </div>
   <div class='ocr_carea' id='block_1_32' title="bbox 2685 541 3212 608">
    <p class='ocr_par' dir='ltr' id='par_1_32' title="bbox 2685 541 3212 608">
     <span class='ocr_line' id='line_1_32' title="bbox 2685 541 3212 608; baseline 0.017 -10"><span class='ocrx_word' id='word_1_186' title='bbox 2685 541 2929 602; x_wconf 68' lang='lat' dir='ltr'><strong>EODEM</strong></span> <span class='ocrx_word' id='word_1_187' title='bbox 2958 546 3212 608; x_wconf 74' lang='lat' dir='ltr'><strong>MENSE.</strong></span> 
     </span>
    </p>
   </div>
   <div class='ocr_carea' id='block_1_33' title="bbox 2643 632 3267 711">
    <p class='ocr_par' dir='ltr' id='par_1_33' title="bbox 2643 632 3267 711">
     <span class='ocr_line' id='line_1_33' title="bbox 2643 632 3267 711; baseline 0.013 -22"><span class='ocrx_word' id='word_1_188' title='bbox 2643 632 2749 691; x_wconf 89' lang='lat' dir='ltr'>Die</span> <span class='ocrx_word' id='word_1_189' title='bbox 2787 634 3023 694; x_wconf 88' lang='lat' dir='ltr'>decima</span> <span class='ocrx_word' id='word_1_190' title='bbox 3052 644 3267 711; x_wconf 85' lang='lat' dir='ltr'>quarta</span> 
     </span>
    </p>
   </div>
   <div class='ocr_carea' id='block_1_34' title="bbox 2132 733 3785 828">
    <p class='ocr_par' dir='ltr' id='par_1_34' title="bbox 2132 733 3785 828">
     <span class='ocr_line' id='line_1_34' title="bbox 2132 733 3785 828; baseline 0.011 -36"><span class='ocrx_word' id='word_1_191' title='bbox 2132 733 2418 792; x_wconf 81' lang='lat' dir='ltr'>Certamen</span> <span class='ocrx_word' id='word_1_192' title='bbox 2448 747 2785 799; x_wconf 79' lang='lat' dir='ltr'>sacrosancti</span> <span class='ocrx_word' id='word_1_193' title='bbox 2811 749 3075 828; x_wconf 79' lang='lat' dir='ltr'>mar_tyris</span> <span class='ocrx_word' id='word_1_194' title='bbox 3112 749 3402 817; x_wconf 78' lang='lat' dir='ltr'>Simeonis,</span> <span class='ocrx_word' id='word_1_195' title='bbox 3429 758 3484 808; x_wconf 83' lang='lat' dir='ltr'>et</span> <span class='ocrx_word' id='word_1_196' title='bbox 3511 754 3785 809; x_wconf 77' lang='lat' dir='ltr'>sociorum</span> 
     </span>
    </p>
   </div>
   <div class='ocr_carea' id='block_1_35' title="bbox 2886 834 3026 888">
    <p class='ocr_par' dir='ltr' id='par_1_35' title="bbox 2886 834 3026 888">
     <span class='ocr_line' id='line_1_35' title="bbox 2886 834 3026 888; baseline 0.014 -16"><span class='ocrx_word' id='word_1_197' title='bbox 2886 834 3026 888; x_wconf 66' lang='lat' dir='ltr'>ejus.</span> 
     </span>
    </p>
   </div>
   <div class='ocr_carea' id='block_1_36' title="bbox 2204 915 3781 1006">
    <p class='ocr_par' dir='ltr' id='par_1_36' title="bbox 2204 915 3781 1006">
     <span class='ocr_line' id='line_1_36' title="bbox 2204 915 3781 1006; baseline 0.013 -36"><span class='ocrx_word' id='word_1_198' title='bbox 2204 915 2444 975; x_wconf 89' lang='lat' dir='ltr'>Simeon</span> <span class='ocrx_word' id='word_1_199' title='bbox 2501 929 2913 981; x_wconf 84' lang='lat' dir='ltr'>sacrosanctus</span> <span class='ocrx_word' id='word_1_200' title='bbox 2971 928 3188 984; x_wconf 86' lang='lat' dir='ltr'>Christi</span> <span class='ocrx_word' id='word_1_201' title='bbox 3254 936 3499 1004; x_wconf 78' lang='lat' dir='ltr'>martyr,</span> <span class='ocrx_word' id='word_1_202' title='bbox 3560 934 3781 1006; x_wconf 83' lang='lat' dir='ltr'>Sapore</span> 
     </span>
    </p>
   </div>
   <div class='ocr_carea' id='block_1_37' title="bbox 2129 1006 3779 1086">
    <p class='ocr_par' dir='ltr' id='par_1_37' title="bbox 2129 1006 3779 1086">
     <span class='ocr_line' id='line_1_37' title="bbox 2129 1006 3779 1086; baseline 0.012 -26"><span class='ocrx_word' id='word_1_203' title='bbox 2129 1006 2444 1065; x_wconf 84' lang='lat' dir='ltr'>Persarum</span> <span class='ocrx_word' id='word_1_204' title='bbox 2475 1026 2721 1084; x_wconf 80' lang='lat' dir='ltr'>regnum</span> <span class='ocrx_word' id='word_1_205' title='bbox 2759 1018 3410 1086; x_wconf 85' lang='lat' dir='ltr'>tenente,claruit.Cum</span> <span class='ocrx_word' id='word_1_206' title='bbox 3434 1027 3633 1079; x_wconf 90' lang='lat' dir='ltr'>autem</span> <span class='ocrx_word' id='word_1_207' title='bbox 3664 1025 3779 1080; x_wconf 88' lang='lat' dir='ltr'>im-</span> 
     </span>
    </p>
   </div>
   <div class='ocr_carea' id='block_1_38' title="bbox 2129 1096 3783 1178">
    <p class='ocr_par' dir='ltr' id='par_1_38' title="bbox 2129 1096 3783 1178">
     <span class='ocr_line' id='line_1_38' title="bbox 2129 1096 3783 1178; baseline 0.013 -28"><span class='ocrx_word' id='word_1_208' title='bbox 2129 1096 2229 1167; x_wconf 89' lang='lat' dir='ltr'>pia</span> <span class='ocrx_word' id='word_1_209' title='bbox 2259 1099 2574 1157; x_wconf 84' lang='lat' dir='ltr'>Persarum</span> <span class='ocrx_word' id='word_1_210' title='bbox 2604 1102 3357 1178; x_wconf 87' lang='lat' dir='ltr'>facinoraintueretur,nec</span> <span class='ocrx_word' id='word_1_211' title='bbox 3387 1112 3629 1168; x_wconf 91' lang='lat' dir='ltr'>illorum</span> <span class='ocrx_word' id='word_1_212' title='bbox 3644 1131 3783 1171; x_wconf 82' lang='lat' dir='ltr'>one-</span> 
     </span>
    </p>
   </div>
   <div class='ocr_carea' id='block_1_39' title="bbox 2129 1189 3778 1276">
    <p class='ocr_par' dir='ltr' id='par_1_39' title="bbox 2129 1189 3778 1276">
     <span class='ocr_line' id='line_1_39' title="bbox 2129 1189 3778 1276; baseline 0.012 -34"><span class='ocrx_word' id='word_1_213' title='bbox 2129 1205 2196 1243; x_wconf 92' lang='lat' dir='ltr'>ra</span> <span class='ocrx_word' id='word_1_214' title='bbox 2224 1189 2485 1260; x_wconf 83' lang='lat' dir='ltr'>perferre</span> <span class='ocrx_word' id='word_1_215' title='bbox 2516 1194 2775 1264; x_wconf 81' lang='lat' dir='ltr'>amplius</span> <span class='ocrx_word' id='word_1_216' title='bbox 2831 1202 3055 1266; x_wconf 81' lang='lat' dir='ltr'>posset,</span> <span class='ocrx_word' id='word_1_217' title='bbox 3118 1200 3237 1272; x_wconf 88' lang='lat' dir='ltr'>regi</span> <span class='ocrx_word' id='word_1_218' title='bbox 3296 1200 3380 1256; x_wconf 90' lang='lat' dir='ltr'>ita</span> <span class='ocrx_word' id='word_1_219' title='bbox 3433 1204 3778 1276; x_wconf 82' lang='lat' dir='ltr'>rescripsit:</span> 
     </span>
    </p>
   </div>
   <div class='ocr_carea' id='block_1_40' title="bbox 2129 1280 3781 1359">
    <p class='ocr_par' dir='ltr' id='par_1_40' title="bbox 2129 1280 3781 1359">
     <span class='ocr_line' id='line_1_40' title="bbox 2129 1280 3781 1359; baseline 0.01 -26"><span class='ocrx_word' id='word_1_220' title='bbox 2129 1280 2244 1335; x_wconf 88' lang='lat' dir='ltr'>Nos</span> <span class='ocrx_word' id='word_1_221' title='bbox 2276 1281 2426 1335; x_wconf 82' lang='lat' dir='ltr'>servi</span> <span class='ocrx_word' id='word_1_222' title='bbox 2461 1298 2666 1338; x_wconf 90' lang='lat' dir='ltr'>sumus</span> <span class='ocrx_word' id='word_1_223' title='bbox 2693 1285 2831 1340; x_wconf 82' lang='lat' dir='ltr'>Jesu</span> <span class='ocrx_word' id='word_1_224' title='bbox 2861 1286 3077 1341; x_wconf 91' lang='lat' dir='ltr'>Christi</span> <span class='ocrx_word' id='word_1_225' title='bbox 3110 1288 3213 1343; x_wconf 87' lang='lat' dir='ltr'>Dei</span> <span class='ocrx_word' id='word_1_226' title='bbox 3270 1292 3483 1359; x_wconf 86' lang='lat' dir='ltr'>nostri,</span> <span class='ocrx_word' id='word_1_227' title='bbox 3533 1309 3653 1348; x_wconf 91' lang='lat' dir='ltr'>non</span> <span class='ocrx_word' id='word_1_228' title='bbox 3686 1310 3781 1349; x_wconf 89' lang='lat' dir='ltr'>su-</span> 
     </span>
    </p>
   </div>
   <div class='ocr_carea' id='block_1_41' title="bbox 2129 1369 3777 1455">
    <p class='ocr_par' dir='ltr' id='par_1_41' title="bbox 2129 1369 3777 1455">
     <span class='ocr_line' id='line_1_41' title="bbox 2129 1369 3777 1455; baseline 0.009 -31"><span class='ocrx_word' id='word_1_229' title='bbox 2129 1369 2421 1425; x_wconf 89' lang='lat' dir='ltr'>stinemus</span> <span class='ocrx_word' id='word_1_230' title='bbox 2468 1372 2645 1427; x_wconf 81' lang='lat' dir='ltr'>vestri</span> <span class='ocrx_word' id='word_1_231' title='bbox 2676 1389 2808 1428; x_wconf 91' lang='lat' dir='ltr'>esse</span> <span class='ocrx_word' id='word_1_232' title='bbox 2856 1376 3193 1448; x_wconf 83' lang='lat' dir='ltr'>vectigales.</span> <span class='ocrx_word' id='word_1_233' title='bbox 3254 1379 3365 1434; x_wconf 87' lang='lat' dir='ltr'>Fac</span> <span class='ocrx_word' id='word_1_234' title='bbox 3424 1395 3558 1453; x_wconf 90' lang='lat' dir='ltr'>ergo</span> <span class='ocrx_word' id='word_1_235' title='bbox 3618 1383 3777 1455; x_wconf 91' lang='lat' dir='ltr'>quod</span> 
     </span>
    </p>
   </div>
   <div class='ocr_carea' id='block_1_42' title="bbox 2125 1457 3782 1537">
    <p class='ocr_par' dir='ltr' id='par_1_42' title="bbox 2125 1457 3782 1537">
     <span class='ocr_line' id='line_1_42' title="bbox 2125 1457 3782 1537; baseline 0.01 -25"><span class='ocrx_word' id='word_1_236' title='bbox 2125 1457 2231 1513; x_wconf 88' lang='lat' dir='ltr'>vis.</span> <span class='ocrx_word' id='word_1_237' title='bbox 2264 1460 2516 1517; x_wconf 71' lang='lat' dir='ltr'>lubente</span> <span class='ocrx_word' id='word_1_238' title='bbox 2560 1463 2761 1534; x_wconf 86' lang='lat' dir='ltr'>itaque</span> <span class='ocrx_word' id='word_1_239' title='bbox 2819 1480 2976 1537; x_wconf 91' lang='lat' dir='ltr'>rege,</span> <span class='ocrx_word' id='word_1_240' title='bbox 3034 1466 3266 1523; x_wconf 91' lang='lat' dir='ltr'>vinctus</span> <span class='ocrx_word' id='word_1_241' title='bbox 3326 1467 3619 1527; x_wconf 91' lang='lat' dir='ltr'>adductus</span> <span class='ocrx_word' id='word_1_242' title='bbox 3666 1472 3782 1528; x_wconf 89' lang='lat' dir='ltr'>fuit</span> 
     </span>
    </p>
   </div>
   <div class='ocr_carea' id='block_1_43' title="bbox 2127 1550 3781 1632">
    <p class='ocr_par' dir='ltr' id='par_1_43' title="bbox 2127 1550 3781 1632">
     <span class='ocr_line' id='line_1_43' title="bbox 2127 1550 3781 1632; baseline 0.007 -25"><span class='ocrx_word' id='word_1_243' title='bbox 2127 1564 2325 1607; x_wconf 88' lang='lat' dir='ltr'>coram</span> <span class='ocrx_word' id='word_1_244' title='bbox 2384 1550 2513 1622; x_wconf 91' lang='lat' dir='ltr'>ipso</span> <span class='ocrx_word' id='word_1_245' title='bbox 2569 1568 2691 1607; x_wconf 89' lang='lat' dir='ltr'>una</span> <span class='ocrx_word' id='word_1_246' title='bbox 2747 1569 2883 1608; x_wconf 90' lang='lat' dir='ltr'>cum</span> <span class='ocrx_word' id='word_1_247' title='bbox 2941 1556 3117 1611; x_wconf 89' lang='lat' dir='ltr'>sociis</span> <span class='ocrx_word' id='word_1_248' title='bbox 3170 1558 3314 1614; x_wconf 88' lang='lat' dir='ltr'>suis.</span> <span class='ocrx_word' id='word_1_249' title='bbox 3368 1559 3634 1632; x_wconf 87' lang='lat' dir='ltr'>Cumque</span> <span class='ocrx_word' id='word_1_250' title='bbox 3693 1563 3781 1618; x_wconf 89' lang='lat' dir='ltr'>in-</span> 
     </span>
    </p>
   </div>
   <div class='ocr_carea' id='block_1_44' title="bbox 2126 1640 3778 1716">
    <p class='ocr_par' dir='ltr' id='par_1_44' title="bbox 2126 1640 3778 1716">
     <span class='ocr_line' id='line_1_44' title="bbox 2126 1640 3778 1716; baseline 0.007 -19"><span class='ocrx_word' id='word_1_251' title='bbox 2126 1655 2364 1715; x_wconf 89' lang='lat' dir='ltr'>gressus</span> <span class='ocrx_word' id='word_1_252' title='bbox 2393 1640 2626 1708; x_wconf 84' lang='lat' dir='ltr'>fuisset,</span> <span class='ocrx_word' id='word_1_253' title='bbox 2655 1641 2732 1707; x_wconf 89' lang='lat' dir='ltr'>ei,</span> <span class='ocrx_word' id='word_1_254' title='bbox 2765 1648 2940 1713; x_wconf 86' lang='lat' dir='ltr'>prout</span> <span class='ocrx_word' id='word_1_255' title='bbox 2969 1650 3147 1701; x_wconf 89' lang='lat' dir='ltr'>antea</span> <span class='ocrx_word' id='word_1_256' title='bbox 3171 1655 3579 1716; x_wconf 85' lang='lat' dir='ltr'>consueverat,</span> <span class='ocrx_word' id='word_1_257' title='bbox 3601 1667 3778 1708; x_wconf 86' lang='lat' dir='ltr'>vene-</span> 
     </span>
    </p>
   </div>
   <div class='ocr_carea' id='block_1_45' title="bbox 2125 1731 3775 1815">
    <p class='ocr_par' dir='ltr' id='par_1_45' title="bbox 2125 1731 3775 1815">
     <span class='ocr_line' id='line_1_45' title="bbox 2125 1731 3775 1815; baseline 0.005 -25"><span class='ocrx_word' id='word_1_258' title='bbox 2125 1731 2376 1791; x_wconf 87' lang='lat' dir='ltr'>rationis</span> <span class='ocrx_word' id='word_1_259' title='bbox 2406 1731 2641 1804; x_wconf 90' lang='lat' dir='ltr'>signum</span> <span class='ocrx_word' id='word_1_260' title='bbox 2671 1747 3053 1804; x_wconf 83' lang='lat' dir='ltr'>nequaquam</span> <span class='ocrx_word' id='word_1_261' title='bbox 3120 1736 3408 1794; x_wconf 83' lang='lat' dir='ltr'>exhibuit.</span> <span class='ocrx_word' id='word_1_262' title='bbox 3441 1740 3775 1815; x_wconf 82' lang='lat' dir='ltr'>Interroga-</span> 
     </span>
    </p>
   </div>
   <div class='ocr_carea' id='block_1_46' title="bbox 2127 1823 3778 1899">
    <p class='ocr_par' dir='ltr' id='par_1_46' title="bbox 2127 1823 3778 1899">
     <span class='ocr_line' id='line_1_46' title="bbox 2127 1823 3778 1899; baseline 0.006 -20"><span class='ocrx_word' id='word_1_263' title='bbox 2127 1828 2223 1879; x_wconf 90' lang='lat' dir='ltr'>tus</span> <span class='ocrx_word' id='word_1_264' title='bbox 2271 1826 2491 1888; x_wconf 87' lang='lat' dir='ltr'>autem,</span> <span class='ocrx_word' id='word_1_265' title='bbox 2551 1838 2657 1877; x_wconf 91' lang='lat' dir='ltr'>cur</span> <span class='ocrx_word' id='word_1_266' title='bbox 2711 1823 2771 1878; x_wconf 95' lang='lat' dir='ltr'>id</span> <span class='ocrx_word' id='word_1_267' title='bbox 2827 1823 3148 1893; x_wconf 87' lang='lat' dir='ltr'>omisisset,</span> <span class='ocrx_word' id='word_1_268' title='bbox 3198 1828 3510 1899; x_wconf 88' lang='lat' dir='ltr'>respondit</span> <span class='ocrx_word' id='word_1_269' title='bbox 3542 1847 3555 1885; x_wconf 89' lang='lat'><strong>:</strong></span> <span class='ocrx_word' id='word_1_270' title='bbox 3584 1847 3597 1885; x_wconf 93' lang='lat'><strong>:</strong></span> <span class='ocrx_word' id='word_1_271' title='bbox 3630 1832 3778 1889; x_wconf 89' lang='lat' dir='ltr'>Cum</span> 
     </span>
    </p>
   </div>
   <div class='ocr_carea' id='block_1_47' title="bbox 2122 1910 3773 1989">
    <p class='ocr_par' dir='ltr' id='par_1_47' title="bbox 2122 1910 3773 1989">
     <span class='ocr_line' id='line_1_47' title="bbox 2122 1910 3773 1989; baseline 0.005 -22"><span class='ocrx_word' id='word_1_272' title='bbox 2122 1928 2329 1985; x_wconf 90' lang='lat' dir='ltr'>pacem</span> <span class='ocrx_word' id='word_1_273' title='bbox 2360 1910 2673 1973; x_wconf 88' lang='lat' dir='ltr'>habebam,</span> <span class='ocrx_word' id='word_1_274' title='bbox 2718 1928 2917 1983; x_wconf 81' lang='lat' dir='ltr'>regem</span> <span class='ocrx_word' id='word_1_275' title='bbox 2977 1915 3248 1969; x_wconf 86' lang='lat' dir='ltr'>venerari</span> <span class='ocrx_word' id='word_1_276' title='bbox 3297 1932 3773 1989; x_wconf 83' lang='lat' dir='ltr'>consueveram;</span> 
     </span>
    </p>
   </div>
   <div class='ocr_carea' id='block_1_48' title="bbox 2124 2000 3777 2078">
    <p class='ocr_par' dir='ltr' id='par_1_48' title="bbox 2124 2000 3777 2078">
     <span class='ocr_line' id='line_1_48' title="bbox 2124 2000 3777 2078; baseline 0.004 -19"><span class='ocrx_word' id='word_1_277' title='bbox 2124 2000 2364 2075; x_wconf 91' lang='lat' dir='ltr'>quando</span> <span class='ocrx_word' id='word_1_278' title='bbox 2395 2005 2594 2057; x_wconf 89' lang='lat' dir='ltr'>autem</span> <span class='ocrx_word' id='word_1_279' title='bbox 2627 2001 2837 2058; x_wconf 87' lang='lat' dir='ltr'>vinctis</span> <span class='ocrx_word' id='word_1_280' title='bbox 2867 2003 3103 2069; x_wconf 88' lang='lat' dir='ltr'>accedo,</span> <span class='ocrx_word' id='word_1_281' title='bbox 3138 2005 3335 2077; x_wconf 89' lang='lat' dir='ltr'>ipsum</span> <span class='ocrx_word' id='word_1_282' title='bbox 3366 2008 3623 2078; x_wconf 87' lang='lat' dir='ltr'>amplius</span> <span class='ocrx_word' id='word_1_283' title='bbox 3654 2026 3777 2067; x_wconf 90' lang='lat' dir='ltr'>non</span> 
     </span>
    </p>
   </div>
   <div class='ocr_carea' id='block_1_49' title="bbox 2124 2092 3773 2167">
    <p class='ocr_par' dir='ltr' id='par_1_49' title="bbox 2124 2092 3773 2167">
     <span class='ocr_line' id='line_1_49' title="bbox 2124 2092 3773 2167; baseline 0.005 -21"><span class='ocrx_word' id='word_1_284' title='bbox 2124 2092 2590 2146; x_wconf 89' lang='lat' dir='ltr'>veneror.Porro</span> <span class='ocrx_word' id='word_1_285' title='bbox 2618 2108 2753 2147; x_wconf 88' lang='lat' dir='ltr'>cum</span> <span class='ocrx_word' id='word_1_286' title='bbox 2785 2108 2921 2148; x_wconf 90' lang='lat' dir='ltr'>eum</span> <span class='ocrx_word' id='word_1_287' title='bbox 2953 2093 3092 2149; x_wconf 90' lang='lat' dir='ltr'>inde</span> <span class='ocrx_word' id='word_1_288' title='bbox 3123 2096 3524 2167; x_wconf 84' lang='lat' dir='ltr'>egredientem</span> <span class='ocrx_word' id='word_1_289' title='bbox 3555 2098 3773 2155; x_wconf 87' lang='lat' dir='ltr'>vidisse</span> 
     </span>
    </p>
   </div>
   <div class='ocr_carea' id='block_1_50' title="bbox 2125 2180 3777 2256">
    <p class='ocr_par' dir='ltr' id='par_1_50' title="bbox 2125 2180 3777 2256">
     <span class='ocr_line' id='line_1_50' title="bbox 2125 2180 3777 2256; baseline 0.004 -20"><span class='ocrx_word' id='word_1_290' title='bbox 2125 2180 2369 2252; x_wconf 87' lang='lat' dir='ltr'>quidam</span> <span class='ocrx_word' id='word_1_291' title='bbox 2408 2182 2785 2252; x_wconf 69' lang='lat' dir='ltr'>praepositus,</span> <span class='ocrx_word' id='word_1_292' title='bbox 2819 2182 2918 2253; x_wconf 91' lang='lat' dir='ltr'>qui</span> <span class='ocrx_word' id='word_1_293' title='bbox 2953 2188 3130 2239; x_wconf 88' lang='lat' dir='ltr'>antea</span> <span class='ocrx_word' id='word_1_294' title='bbox 3158 2185 3532 2243; x_wconf 88' lang='lat' dir='ltr'>Christianus</span> <span class='ocrx_word' id='word_1_295' title='bbox 3561 2187 3777 2256; x_wconf 80' lang='lat' dir='ltr'>fuerat,</span> 
     </span>
    </p>
   </div>
   <div class='ocr_carea' id='block_1_51' title="bbox 2126 2271 3776 2349">
    <p class='ocr_par' dir='ltr' id='par_1_51' title="bbox 2126 2271 3776 2349">
     <span class='ocr_line' id='line_1_51' title="bbox 2126 2271 3776 2349; baseline 0.003 -21"><span class='ocrx_word' id='word_1_296' title='bbox 2126 2271 2229 2328; x_wconf 90' lang='lat' dir='ltr'>sed</span> <span class='ocrx_word' id='word_1_297' title='bbox 2257 2277 2466 2344; x_wconf 88' lang='lat' dir='ltr'>postea</span> <span class='ocrx_word' id='word_1_298' title='bbox 2494 2289 2528 2327; x_wconf 92' lang='lat' dir='ltr'>a</span> <span class='ocrx_word' id='word_1_299' title='bbox 2556 2272 2789 2328; x_wconf 88' lang='lat' dir='ltr'>Christo</span> <span class='ocrx_word' id='word_1_300' title='bbox 2820 2273 3152 2341; x_wconf 87' lang='lat' dir='ltr'>defecerat;</span> <span class='ocrx_word' id='word_1_301' title='bbox 3185 2282 3434 2332; x_wconf 87' lang='lat' dir='ltr'>conatus</span> <span class='ocrx_word' id='word_1_302' title='bbox 3460 2283 3552 2333; x_wconf 90' lang='lat' dir='ltr'>est</span> <span class='ocrx_word' id='word_1_303' title='bbox 3577 2278 3776 2349; x_wconf 88' lang='lat' dir='ltr'>ipsum</span> 
     </span>
    </p>
   </div>
   <div class='ocr_carea' id='block_1_52' title="bbox 2123 2361 3775 2436">
    <p class='ocr_par' dir='ltr' id='par_1_52' title="bbox 2123 2361 3775 2436">
     <span class='ocr_line' id='line_1_52' title="bbox 2123 2361 3775 2436; baseline 0.002 -18"><span class='ocrx_word' id='word_1_304' title='bbox 2123 2362 2423 2433; x_wconf 84' lang='lat' dir='ltr'>amplecti.</span> <span class='ocrx_word' id='word_1_305' title='bbox 2458 2361 2570 2417; x_wconf 91' lang='lat' dir='ltr'>Sed</span> <span class='ocrx_word' id='word_1_306' title='bbox 2601 2378 2637 2418; x_wconf 91' lang='lat' dir='ltr'>a</span> <span class='ocrx_word' id='word_1_307' title='bbox 2667 2362 2941 2419; x_wconf 90' lang='lat' dir='ltr'>Simeone</span> <span class='ocrx_word' id='word_1_308' title='bbox 2974 2364 3407 2436; x_wconf 90' lang='lat' dir='ltr'>repulsus,ait:</span> <span class='ocrx_word' id='word_1_309' title='bbox 3443 2367 3499 2421; x_wconf 89' lang='lat' dir='ltr'>Si</span> <span class='ocrx_word' id='word_1_310' title='bbox 3534 2366 3775 2422; x_wconf 87' lang='lat' dir='ltr'>Simeon</span> 
     </span>
    </p>
   </div>
   <div class='ocr_carea' id='block_1_53' title="bbox 2122 2452 3773 2526">
    <p class='ocr_par' dir='ltr' id='par_1_53' title="bbox 2122 2452 3773 2526">
     <span class='ocr_line' id='line_1_53' title="bbox 2122 2452 3773 2526; baseline 0.003 -18"><span class='ocrx_word' id='word_1_311' title='bbox 2122 2453 2301 2508; x_wconf 91' lang='lat' dir='ltr'>homo</span> <span class='ocrx_word' id='word_1_312' title='bbox 2336 2469 2472 2507; x_wconf 91' lang='lat' dir='ltr'>cum</span> <span class='ocrx_word' id='word_1_313' title='bbox 2500 2452 2594 2518; x_wconf 91' lang='lat' dir='ltr'>sit,</span> <span class='ocrx_word' id='word_1_314' title='bbox 2656 2468 2749 2508; x_wconf 90' lang='lat' dir='ltr'>me</span> <span class='ocrx_word' id='word_1_315' title='bbox 2809 2452 3080 2526; x_wconf 86' lang='lat' dir='ltr'>despicit,</span> <span class='ocrx_word' id='word_1_316' title='bbox 3141 2455 3438 2525; x_wconf 90' lang='lat' dir='ltr'>quomodo</span> <span class='ocrx_word' id='word_1_317' title='bbox 3478 2456 3773 2524; x_wconf 86' lang='lat' dir='ltr'>Christus,</span> 
     </span>
    </p>
   </div>
   <div class='ocr_carea' id='block_1_54' title="bbox 2121 2541 3767 2617">
    <p class='ocr_par' dir='ltr' id='par_1_54' title="bbox 2121 2541 3767 2617">
     <span class='ocr_line' id='line_1_54' title="bbox 2121 2541 3767 2617; baseline 0.004 -21"><span class='ocrx_word' id='word_1_318' title='bbox 2121 2557 2302 2613; x_wconf 91' lang='lat' dir='ltr'>quem</span> <span class='ocrx_word' id='word_1_319' title='bbox 2326 2541 2654 2614; x_wconf 87' lang='lat' dir='ltr'>negavi,me</span> <span class='ocrx_word' id='word_1_320' title='bbox 2686 2543 2936 2615; x_wconf 88' lang='lat' dir='ltr'>recipiet</span> <span class='ocrx_word' id='word_1_321' title='bbox 2959 2559 3028 2599; x_wconf 89' lang='lat' dir='ltr'>ac</span> <span class='ocrx_word' id='word_1_322' title='bbox 3059 2542 3265 2617; x_wconf 78' lang='lat' dir='ltr'>diliget</span> <span class='ocrx_word' id='word_1_323' title='bbox 3283 2543 3441 2601; x_wconf 83' lang='lat' dir='ltr'>?Hoc</span> <span class='ocrx_word' id='word_1_324' title='bbox 3462 2551 3767 2617; x_wconf 88' lang='lat' dir='ltr'>comperto</span> 
     </span>
    </p>
   </div>
   <div class='ocr_carea' id='block_1_55' title="bbox 2119 2632 3773 2709">
    <p class='ocr_par' dir='ltr' id='par_1_55' title="bbox 2119 2632 3773 2709">
     <span class='ocr_line' id='line_1_55' title="bbox 2119 2632 3773 2709; baseline 0.004 -23"><span class='ocrx_word' id='word_1_325' title='bbox 2119 2647 2224 2687; x_wconf 80' lang='lat' dir='ltr'>rex</span> <span class='ocrx_word' id='word_1_326' title='bbox 2254 2632 2449 2703; x_wconf 90' lang='lat' dir='ltr'>ipsum</span> <span class='ocrx_word' id='word_1_327' title='bbox 2480 2632 3195 2706; x_wconf 83' lang='lat' dir='ltr'>praepositum,simulque</span> <span class='ocrx_word' id='word_1_328' title='bbox 3225 2635 3773 2709; x_wconf 88' lang='lat' dir='ltr'>episcopum,pres-</span> 
     </span>
    </p>
   </div>
   <div class='ocr_carea' id='block_1_56' title="bbox 2118 2720 3771 2800">
    <p class='ocr_par' dir='ltr' id='par_1_56' title="bbox 2118 2720 3771 2800">
     <span class='ocr_line' id='line_1_56' title="bbox 2118 2720 3771 2800; baseline 0.004 -22"><span class='ocrx_word' id='word_1_329' title='bbox 2118 2720 2383 2793; x_wconf 83' lang='lat' dir='ltr'>byteros.</span> <span class='ocrx_word' id='word_1_330' title='bbox 2416 2721 2717 2789; x_wconf 88' lang='lat' dir='ltr'>diaconos,</span> <span class='ocrx_word' id='word_1_331' title='bbox 2745 2722 3015 2795; x_wconf 89' lang='lat' dir='ltr'>aliosque</span> <span class='ocrx_word' id='word_1_332' title='bbox 3063 2729 3304 2781; x_wconf 88' lang='lat' dir='ltr'>centum</span> <span class='ocrx_word' id='word_1_333' title='bbox 3361 2731 3421 2782; x_wconf 88' lang='lat' dir='ltr'>et</span> <span class='ocrx_word' id='word_1_334' title='bbox 3471 2727 3771 2800; x_wconf 85' lang='lat' dir='ltr'>quinqua-</span> 
     </span>
    </p>
   </div>
   <div class='ocr_carea' id='block_1_57' title="bbox 2118 2810 3239 2884">
    <p class='ocr_par' dir='ltr' id='par_1_57' title="bbox 2118 2810 3239 2884">
     <span class='ocr_line' id='line_1_57' title="bbox 2118 2810 3239 2884; baseline 0.007 -19"><span class='ocrx_word' id='word_1_335' title='bbox 2118 2810 2283 2884; x_wconf 90' lang='lat' dir='ltr'>ginta</span> <span class='ocrx_word' id='word_1_336' title='bbox 2312 2810 2504 2883; x_wconf 91' lang='lat' dir='ltr'>capite</span> <span class='ocrx_word' id='word_1_337' title='bbox 2543 2811 2886 2868; x_wconf 90' lang='lat' dir='ltr'>obtruncari</span> <span class='ocrx_word' id='word_1_338' title='bbox 2920 2813 3239 2873; x_wconf 87' lang='lat' dir='ltr'>mandavit.</span> 
     </span>
    </p>
   </div>
   <div class='ocr_carea' id='block_1_58' title="bbox 2119 2946 3772 3026">
    <p class='ocr_par' dir='ltr' id='par_1_58' title="bbox 2119 2946 3772 3026">
     <span class='ocr_line' id='line_1_58' title="bbox 2119 2946 3772 3026; baseline 0.005 -23"><span class='ocrx_word' id='word_1_339' title='bbox 2119 2946 2217 3003; x_wconf 75' lang='lat'><strong>55</strong></span> <span class='ocrx_word' id='word_1_340' title='bbox 2278 2948 2350 3002; x_wconf 81' lang='lat' dir='ltr'>Et</span> <span class='ocrx_word' id='word_1_341' title='bbox 2407 2953 2689 3026; x_wconf 67' lang='lat' dir='ltr'>certamen</span> <span class='ocrx_word' id='word_1_342' title='bbox 2701 3022 2711 3026; x_wconf 90' lang='lat'>_</span> <span class='ocrx_word' id='word_1_343' title='bbox 2738 2949 2922 3004; x_wconf 82' lang='lat' dir='ltr'>sancti</span> <span class='ocrx_word' id='word_1_344' title='bbox 2960 2953 3241 3026; x_wconf 64' lang='lat' dir='ltr'>martyris</span> <span class='ocrx_word' id='word_1_345' title='bbox 3291 2952 3510 3022; x_wconf 81' lang='lat' dir='ltr'>Phasic,</span> <span class='ocrx_word' id='word_1_346' title='bbox 3544 2954 3772 3026; x_wconf 83' lang='lat' dir='ltr'>ejusque</span> 
     </span>
    </p>
   </div>
   <div class='ocr_carea' id='block_1_59' title="bbox 2628 3020 3249 3090">
    <p class='ocr_par' dir='ltr' id='par_1_59' title="bbox 2628 3020 3249 3090">
     <span class='ocr_line' id='line_1_59' title="bbox 2628 3020 3249 3090; baseline 0.006 -16"><span class='ocrx_word' id='word_1_347' title='bbox 2628 3020 2758 3090; x_wconf 73' lang='lat' dir='ltr'>ﬁliae</span> <span class='ocrx_word' id='word_1_348' title='bbox 2785 3020 3249 3078; x_wconf 77' lang='lat' dir='ltr'>sanctimonialis.</span> 
     </span>
    </p>
   </div>
   <div class='ocr_carea' id='block_1_60' title="bbox 2191 3134 3769 3212">
    <p class='ocr_par' dir='ltr' id='par_1_60' title="bbox 2191 3134 3769 3212">
     <span class='ocr_line' id='line_1_60' title="bbox 2191 3134 3769 3212; baseline 0.006 -24"><span class='ocrx_word' id='word_1_349' title='bbox 2191 3134 2295 3189; x_wconf 87' lang='lat' dir='ltr'>Hic</span> <span class='ocrx_word' id='word_1_350' title='bbox 2326 3139 2573 3206; x_wconf 88' lang='lat' dir='ltr'>martyr,</span> <span class='ocrx_word' id='word_1_351' title='bbox 2611 3151 2745 3191; x_wconf 89' lang='lat' dir='ltr'>cum</span> <span class='ocrx_word' id='word_1_352' title='bbox 2803 3138 2988 3194; x_wconf 86' lang='lat' dir='ltr'>sancti</span> <span class='ocrx_word' id='word_1_353' title='bbox 3049 3144 3340 3212; x_wconf 86' lang='lat' dir='ltr'>martyres</span> <span class='ocrx_word' id='word_1_354' title='bbox 3372 3141 3546 3210; x_wconf 61' lang='lat' dir='ltr'>socii:</span> <span class='ocrx_word' id='word_1_355' title='bbox 3578 3141 3769 3198; x_wconf 89' lang='lat' dir='ltr'>sancti</span> 
     </span>
    </p>
   </div>
   <div class='ocr_carea' id='block_1_61' title="bbox 2122 3223 3767 3303">
    <p class='ocr_par' dir='ltr' id='par_1_61' title="bbox 2122 3223 3767 3303">
     <span class='ocr_line' id='line_1_61' title="bbox 2122 3223 3767 3303; baseline 0.007 -26"><span class='ocrx_word' id='word_1_356' title='bbox 2122 3223 2415 3279; x_wconf 90' lang='lat' dir='ltr'>Simeonis</span> <span class='ocrx_word' id='word_1_357' title='bbox 2444 3223 2906 3295; x_wconf 86' lang='lat' dir='ltr'>decollarentur,</span> <span class='ocrx_word' id='word_1_358' title='bbox 2933 3244 3139 3283; x_wconf 89' lang='lat' dir='ltr'>eorum</span> <span class='ocrx_word' id='word_1_359' title='bbox 3174 3230 3457 3303; x_wconf 88' lang='lat' dir='ltr'>martyrio</span> <span class='ocrx_word' id='word_1_360' title='bbox 3480 3249 3767 3303; x_wconf 76' lang='lat' dir='ltr'>praesens,</span> 
     </span>
    </p>
   </div>
   <div class='ocr_carea' id='block_1_62' title="bbox 340 3275 2011 3392">
    <p class='ocr_par' dir='ltr' id='par_1_62' title="bbox 340 3275 2000 3392">
     <span class='ocr_line' id='line_1_62' title="bbox 340 3275 2000 3392; baseline 0.002 -43"><span class='ocrx_word' id='word_1_361' title='bbox 340 3275 482 3370; x_wconf 85' lang='grc' dir='ltr'>ρῶν,</span> <span class='ocrx_word' id='word_1_362' title='bbox 516 3275 665 3347; x_wconf 70' lang='grc' dir='ltr'>ἰδὼν</span> <span class='ocrx_word' id='word_1_363' title='bbox 685 3288 777 3347; x_wconf 64' lang='grc' dir='ltr'>ἵνα</span> <span class='ocrx_word' id='word_1_364' title='bbox 807 3275 1173 3366; x_wconf 71' lang='grc' dir='ltr'>πρεσϐύτερον</span> <span class='ocrx_word' id='word_1_365' title='bbox 1208 3275 1503 3367; x_wconf 32' lang='grc' dir='ltr'>μέλλοντα.</span> <span class='ocrx_word' id='word_1_366' title='bbox 1523 3295 1870 3392; x_wconf 38' lang='grc' dir='ltr'>ἐϋκτέμνεσθαι</span> <span class='ocrx_word' id='word_1_367' title='bbox 1901 3300 2000 3367; x_wconf 79' lang='grc' dir='ltr'>τὴν</span> 
     </span>
    </p>
   </div>
   <div class='ocr_carea' id='block_1_63' title="bbox 2125 3275 3769 3392">
    <p class='ocr_par' dir='ltr' id='par_1_63' title="bbox 2125 3275 3769 3392">
     <span class='ocr_line' id='line_1_63' title="bbox 2125 3275 3767 3303; baseline 0.007 -16"><span class='ocrx_word' id='word_1_368' title='bbox 2125 3275 2240 3278; x_wconf 61' lang='lat'>»———-—</span> <span class='ocrx_word' id='word_1_369' title='bbox 2256 3275 2273 3277; x_wconf 90' lang='lat'><strong>—</strong></span> <span class='ocrx_word' id='word_1_370' title='bbox 2290 3275 2307 3279; x_wconf 67' lang='grc' dir='ltr'>ν</span> <span class='ocrx_word' id='word_1_371' title='bbox 2323 3275 2409 3279; x_wconf 67' lang='lat'>———~</span> <span class='ocrx_word' id='word_1_372' title='bbox 2454 3275 2479 3277; x_wconf 97' lang='lat'>—</span> <span class='ocrx_word' id='word_1_373' title='bbox 2495 3275 2512 3278; x_wconf 88' lang='lat'><strong>-</strong></span> <span class='ocrx_word' id='word_1_374' title='bbox 2528 3275 2548 3280; x_wconf 60' lang='grc' dir='ltr'>τ</span> <span class='ocrx_word' id='word_1_375' title='bbox 2564 3275 2581 3279; x_wconf 82' lang='grc'><strong>-</strong></span> <span class='ocrx_word' id='word_1_376' title='bbox 2597 3275 2697 3281; x_wconf 82' lang='lat'><strong>-——--</strong></span> <span class='ocrx_word' id='word_1_377' title='bbox 2718 3275 2877 3281; x_wconf 62' lang='lat' dir='ltr'><strong>v---—-</strong></span> <span class='ocrx_word' id='word_1_378' title='bbox 2896 3275 2906 3295; x_wconf 69' lang='grc' dir='ltr'>ν</span> <span class='ocrx_word' id='word_1_379' title='bbox 2936 3275 3025 3283; x_wconf 68' lang='grc' dir='ltr'>νν-</span> <span class='ocrx_word' id='word_1_380' title='bbox 3043 3275 3139 3283; x_wconf 75' lang='grc' dir='ltr'>--ο-</span> <span class='ocrx_word' id='word_1_381' title='bbox 3174 3275 3290 3286; x_wconf 64' lang='grc' dir='ltr'>ιιι-*-</span> <span class='ocrx_word' id='word_1_382' title='bbox 3309 3275 3354 3303; x_wconf 66' lang='lat'>&#39;4</span> <span class='ocrx_word' id='word_1_383' title='bbox 3369 3275 3454 3285; x_wconf 66' lang='grc' dir='ltr'>ἐν</span> <span class='ocrx_word' id='word_1_384' title='bbox 3480 3275 3767 3303; x_wconf 69' lang='grc' dir='ltr'>ι’-υυυυιιυν</span> 
     </span>
     <span class='ocr_line' id='line_1_64' title="bbox 2125 3313 3769 3392; baseline 0.007 -26"><span class='ocrx_word' id='word_1_385' title='bbox 2125 3313 2439 3384; x_wconf 89' lang='lat' dir='ltr'>quemdam</span> <span class='ocrx_word' id='word_1_386' title='bbox 2471 3330 2541 3369; x_wconf 84' lang='lat' dir='ltr'>ex</span> <span class='ocrx_word' id='word_1_387' title='bbox 2572 3315 2657 3369; x_wconf 89' lang='lat' dir='ltr'>eis</span> <span class='ocrx_word' id='word_1_388' title='bbox 2688 3316 3121 3388; x_wconf 85' lang='lat' dir='ltr'>presbyterum,</span> <span class='ocrx_word' id='word_1_389' title='bbox 3157 3318 3299 3374; x_wconf 92' lang='lat' dir='ltr'>dum</span> <span class='ocrx_word' id='word_1_390' title='bbox 3345 3326 3523 3392; x_wconf 90' lang='lat' dir='ltr'>caput</span> <span class='ocrx_word' id='word_1_391' title='bbox 3577 3321 3629 3377; x_wconf 91' lang='lat' dir='ltr'>ei</span> <span class='ocrx_word' id='word_1_392' title='bbox 3663 3321 3769 3376; x_wconf 90' lang='lat' dir='ltr'>ob-</span> 
     </span>
    </p>
   </div>
   <div class='ocr_carea' id='block_1_64' title="bbox 338 3375 2004 3464">
    <p class='ocr_par' dir='ltr' id='par_1_64' title="bbox 338 3375 2004 3464">
     <span class='ocr_line' id='line_1_65' title="bbox 338 3375 2004 3464; baseline -0.002 -26"><span class='ocrx_word' id='word_1_393' title='bbox 338 3382 618 3459; x_wconf 75' lang='grc' dir='ltr'>κεφαλὴν,</span> <span class='ocrx_word' id='word_1_394' title='bbox 649 3375 981 3457; x_wconf 69' lang='grc' dir='ltr'>φοϐηθέντα,</span> <span class='ocrx_word' id='word_1_395' title='bbox 1014 3382 1102 3436; x_wconf 81' lang='grc' dir='ltr'>καὶ</span> <span class='ocrx_word' id='word_1_396' title='bbox 1134 3384 1506 3455; x_wconf 78' lang='grc' dir='ltr'>τρομάσαντα,</span> <span class='ocrx_word' id='word_1_397' title='bbox 1535 3380 1636 3464; x_wconf 80' lang='grc' dir='ltr'>ἔφη</span> <span class='ocrx_word' id='word_1_398' title='bbox 1683 3387 1851 3458; x_wconf 77' lang='grc' dir='ltr'>αὐτῷ·</span> <span class='ocrx_word' id='word_1_399' title='bbox 1911 3389 2004 3456; x_wconf 72' lang='grc' dir='ltr'>Μὴ</span> 
     </span>
    </p>
   </div>
   <div class='ocr_carea' id='block_1_65' title="bbox 347 3466 2008 3553">
    <p class='ocr_par' dir='ltr' id='par_1_65' title="bbox 347 3466 2008 3553">
     <span class='ocr_line' id='line_1_66' title="bbox 347 3466 2008 3553; baseline 0.005 -29"><span class='ocrx_word' id='word_1_400' title='bbox 347 3466 871 3547; x_wconf 76' lang='grc' dir='ltr'>φοϐοῦ,κάμμυσον</span> <span class='ocrx_word' id='word_1_401' title='bbox 906 3469 1036 3534; x_wconf 82' lang='grc' dir='ltr'>τοὺς</span> <span class='ocrx_word' id='word_1_402' title='bbox 1093 3469 1418 3548; x_wconf 80' lang='grc' dir='ltr'>ὀφθαλμούς</span> <span class='ocrx_word' id='word_1_403' title='bbox 1473 3494 1593 3544; x_wconf 91' lang='grc' dir='ltr'>σου,</span> <span class='ocrx_word' id='word_1_404' title='bbox 1651 3477 1740 3531; x_wconf 80' lang='grc' dir='ltr'>καὶ</span> <span class='ocrx_word' id='word_1_405' title='bbox 1787 3477 1816 3531; x_wconf 86' lang='lat'>6</span> <span class='ocrx_word' id='word_1_406' title='bbox 1869 3480 2008 3553; x_wconf 80' lang='grc' dir='ltr'>Χρι-</span> 
     </span>
    </p>
   </div>
   <div class='ocr_carea' id='block_1_66' title="bbox 358 3558 2007 3643">
    <p class='ocr_par' dir='ltr' id='par_1_66' title="bbox 358 3558 2007 3643">
     <span class='ocr_line' id='line_1_67' title="bbox 358 3558 2007 3643; baseline 0.005 -30"><span class='ocrx_word' id='word_1_407' title='bbox 358 3561 493 3620; x_wconf 75' lang='grc' dir='ltr'>στὸς</span> <span class='ocrx_word' id='word_1_408' title='bbox 548 3559 764 3635; x_wconf 80' lang='grc' dir='ltr'>φωτίσει</span> <span class='ocrx_word' id='word_1_409' title='bbox 826 3580 905 3615; x_wconf 87' lang='grc' dir='ltr'>σε.</span> <span class='ocrx_word' id='word_1_410' title='bbox 961 3561 1121 3618; x_wconf 76' lang='grc' dir='ltr'>’Όθεν</span> <span class='ocrx_word' id='word_1_411' title='bbox 1182 3558 1523 3636; x_wconf 56' lang='grc' dir='ltr'>διαγνωθεὴ,</span> <span class='ocrx_word' id='word_1_412' title='bbox 1581 3565 1665 3620; x_wconf 86' lang='grc' dir='ltr'>’ὀτι</span> <span class='ocrx_word' id='word_1_413' title='bbox 1746 3566 1814 3620; x_wconf 78' lang='grc' dir='ltr'>τὰ</span> <span class='ocrx_word' id='word_1_414' title='bbox 1866 3572 2007 3643; x_wconf 82' lang='grc' dir='ltr'>Χρι-</span> 
     </span>
    </p>
   </div>
   <div class='ocr_carea' id='block_1_67' title="bbox 362 3649 2007 3728">
    <p class='ocr_par' dir='ltr' id='par_1_67' title="bbox 362 3649 2007 3728">
     <span class='ocr_line' id='line_1_68' title="bbox 362 3649 2007 3728; baseline 0.005 -26"><span class='ocrx_word' id='word_1_415' title='bbox 362 3651 602 3702; x_wconf 83' lang='grc' dir='ltr'>στιανῶν</span> <span class='ocrx_word' id='word_1_416' title='bbox 631 3654 828 3724; x_wconf 73' lang='grc' dir='ltr'>φροιεῖ,</span> <span class='ocrx_word' id='word_1_417' title='bbox 889 3650 1131 3721; x_wconf 72' lang='grc' dir='ltr'>παρέστη</span> <span class='ocrx_word' id='word_1_418' title='bbox 1189 3654 1267 3722; x_wconf 86' lang='grc' dir='ltr'>τῷ</span> <span class='ocrx_word' id='word_1_419' title='bbox 1328 3649 1562 3727; x_wconf 83' lang='grc' dir='ltr'>βασιλεῖ’</span> <span class='ocrx_word' id='word_1_420' title='bbox 1622 3654 1710 3708; x_wconf 88' lang='grc' dir='ltr'>καὶ</span> <span class='ocrx_word' id='word_1_421' title='bbox 1794 3652 2007 3728; x_wconf 67' lang='grc' dir='ltr'>ἐρωτη-</span> 
     </span>
    </p>
   </div>
   <div class='ocr_carea' id='block_1_68' title="bbox 361 3735 2005 3821">
    <p class='ocr_par' dir='ltr' id='par_1_68' title="bbox 361 3735 2005 3821">
     <span class='ocr_line' id='line_1_69' title="bbox 361 3735 2005 3821; baseline 0.007 -32"><span class='ocrx_word' id='word_1_422' title='bbox 361 3736 507 3801; x_wconf 80' lang='grc' dir='ltr'>θεὶς,</span> <span class='ocrx_word' id='word_1_423' title='bbox 531 3735 620 3790; x_wconf 85' lang='grc' dir='ltr'>καί</span> <span class='ocrx_word' id='word_1_424' title='bbox 651 3735 996 3814; x_wconf 80' lang='grc' dir='ltr'>ὁμολογήσας</span> <span class='ocrx_word' id='word_1_425' title='bbox 1029 3740 1092 3793; x_wconf 87' lang='grc' dir='ltr'>τὸ</span> <span class='ocrx_word' id='word_1_426' title='bbox 1121 3735 1298 3812; x_wconf 84' lang='grc' dir='ltr'>ὄνομα</span> <span class='ocrx_word' id='word_1_427' title='bbox 1346 3745 1444 3795; x_wconf 90' lang='grc' dir='ltr'>τοῦ</span> <span class='ocrx_word' id='word_1_428' title='bbox 1473 3745 1733 3816; x_wconf 80' lang='grc' dir='ltr'>Χριστοῦ,</span> <span class='ocrx_word' id='word_1_429' title='bbox 1786 3749 2005 3821; x_wconf 89' lang='grc' dir='ltr'>πρῶτον</span> 
     </span>
    </p>
   </div>
   <div class='ocr_carea' id='block_1_69' title="bbox 366 3823 2010 3905">
    <p class='ocr_par' dir='ltr' id='par_1_69' title="bbox 366 3823 2010 3905">
     <span class='ocr_line' id='line_1_70' title="bbox 366 3823 2010 3905; baseline 0.008 -29"><span class='ocrx_word' id='word_1_430' title='bbox 366 3825 469 3899; x_wconf 76' lang='grc' dir='ltr'>μὲν</span> <span class='ocrx_word' id='word_1_431' title='bbox 522 3823 725 3897; x_wconf 76' lang='grc' dir='ltr'>ἐτμήθη</span> <span class='ocrx_word' id='word_1_432' title='bbox 783 3828 883 3896; x_wconf 76' lang='grc' dir='ltr'>τὴν</span> <span class='ocrx_word' id='word_1_433' title='bbox 945 3825 1221 3901; x_wconf 83' lang='grc' dir='ltr'>γλῶσσαν·</span> <span class='ocrx_word' id='word_1_434' title='bbox 1283 3831 1401 3884; x_wconf 76' lang='grc' dir='ltr'>εἶτα</span> <span class='ocrx_word' id='word_1_435' title='bbox 1457 3828 1702 3905; x_wconf 81' lang='grc' dir='ltr'>ἐκδαρεὶς</span> <span class='ocrx_word' id='word_1_436' title='bbox 1759 3831 2010 3903; x_wconf 78' lang='grc' dir='ltr'>ἀνηλεῶς</span> 
     </span>
    </p>
   </div>
   <div class='ocr_carea' id='block_1_70' title="bbox 353 3913 2006 3997">
    <p class='ocr_par' dir='ltr' id='par_1_70' title="bbox 353 3913 2006 3997">
     <span class='ocr_line' id='line_1_71' title="bbox 353 3913 2006 3997; baseline 0.005 -28"><span class='ocrx_word' id='word_1_437' title='bbox 353 3915 496 3969; x_wconf 80' lang='grc' dir='ltr'>ὁἈου</span> <span class='ocrx_word' id='word_1_438' title='bbox 523 3918 621 3969; x_wconf 83' lang='grc' dir='ltr'>τοῦ</span> <span class='ocrx_word' id='word_1_439' title='bbox 652 3915 909 3988; x_wconf 85' lang='grc' dir='ltr'>σώματος</span> <span class='ocrx_word' id='word_1_440' title='bbox 961 3917 1027 3971; x_wconf 85' lang='grc' dir='ltr'>τὸ</span> <span class='ocrx_word' id='word_1_441' title='bbox 1086 3913 1284 3990; x_wconf 69' lang='grc' dir='ltr'>δερμα,</span> <span class='ocrx_word' id='word_1_442' title='bbox 1341 3916 1589 3975; x_wconf 71' lang='grc' dir='ltr'>ἀπεδωκε</span> <span class='ocrx_word' id='word_1_443' title='bbox 1641 3921 1743 3989; x_wconf 80' lang='grc' dir='ltr'>τὴν</span> <span class='ocrx_word' id='word_1_444' title='bbox 1801 3924 2006 3997; x_wconf 83' lang='grc' dir='ltr'>ψυχήν.</span> 
     </span>
    </p>
   </div>
   <div class='ocr_carea' id='block_1_71' title="bbox 344 4001 2006 4082">
    <p class='ocr_par' dir='ltr' id='par_1_71' title="bbox 344 4001 2006 4082">
     <span class='ocr_line' id='line_1_72' title="bbox 344 4001 2006 4082; baseline 0.002 -22"><span class='ocrx_word' id='word_1_445' title='bbox 344 4006 486 4079; x_wconf 76' lang='grc' dir='ltr'>Εἶχε</span> <span class='ocrx_word' id='word_1_446' title='bbox 546 4001 606 4059; x_wconf 69' lang='grc' dir='ltr'>δὲ</span> <span class='ocrx_word' id='word_1_447' title='bbox 657 4004 747 4059; x_wconf 85' lang='grc' dir='ltr'>καὶ</span> <span class='ocrx_word' id='word_1_448' title='bbox 799 4006 1067 4081; x_wconf 74' lang='grc' dir='ltr'>θυγατέρα</span> <span class='ocrx_word' id='word_1_449' title='bbox 1127 4007 1480 4081; x_wconf 74' lang='grc' dir='ltr'>Χριπιανήν,</span> <span class='ocrx_word' id='word_1_450' title='bbox 1538 4009 1857 4082; x_wconf 83' lang='grc' dir='ltr'>ἀσκήτριαν,</span> <span class='ocrx_word' id='word_1_451' title='bbox 1916 4011 2006 4066; x_wconf 87' lang='grc' dir='ltr'>καὶ</span> 
     </span>
    </p>
   </div>
   <div class='ocr_carea' id='block_1_72' title="bbox 342 4091 2006 4175">
    <p class='ocr_par' dir='ltr' id='par_1_72' title="bbox 342 4091 2006 4175">
     <span class='ocr_line' id='line_1_73' title="bbox 342 4091 2006 4175; baseline 0.004 -27"><span class='ocrx_word' id='word_1_452' title='bbox 342 4093 569 4168; x_wconf 79' lang='grc' dir='ltr'>ἀγαγὼν</span> <span class='ocrx_word' id='word_1_453' title='bbox 629 4091 799 4161; x_wconf 74' lang='grc' dir='ltr'>αὐτὴν</span> <span class='ocrx_word' id='word_1_454' title='bbox 882 4094 911 4148; x_wconf 92' lang='lat'>6</span> <span class='ocrx_word' id='word_1_455' title='bbox 973 4094 1253 4169; x_wconf 76' lang='grc' dir='ltr'>βασιλεὺς,</span> <span class='ocrx_word' id='word_1_456' title='bbox 1310 4098 1715 4172; x_wconf 76' lang='grc' dir='ltr'>κατηνάγκαζεν</span> <span class='ocrx_word' id='word_1_457' title='bbox 1764 4100 2006 4175; x_wconf 87' lang='grc' dir='ltr'>ἀρνήσα-</span> 
     </span>
    </p>
   </div>
   <div class='ocr_carea' id='block_1_73' title="bbox 350 4182 2008 4262">
    <p class='ocr_par' dir='ltr' id='par_1_73' title="bbox 350 4182 2008 4262">
     <span class='ocr_line' id='line_1_74' title="bbox 350 4182 2008 4262; baseline 0.005 -26"><span class='ocrx_word' id='word_1_458' title='bbox 350 4193 473 4246; x_wconf 84' lang='grc' dir='ltr'>σθαι</span> <span class='ocrx_word' id='word_1_459' title='bbox 506 4183 607 4256; x_wconf 80' lang='grc' dir='ltr'>μὶν</span> <span class='ocrx_word' id='word_1_460' title='bbox 638 4182 733 4237; x_wconf 83' lang='grc' dir='ltr'>τὸν</span> <span class='ocrx_word' id='word_1_461' title='bbox 764 4184 1020 4259; x_wconf 85' lang='grc' dir='ltr'>Χριστὸν,</span> <span class='ocrx_word' id='word_1_462' title='bbox 1081 4185 1239 4239; x_wconf 91' lang='grc' dir='ltr'>θῦσαι</span> <span class='ocrx_word' id='word_1_463' title='bbox 1296 4182 1354 4240; x_wconf 72' lang='grc' dir='ltr'>δὲ</span> <span class='ocrx_word' id='word_1_464' title='bbox 1408 4189 1492 4258; x_wconf 79' lang='grc' dir='ltr'>τῷ</span> <span class='ocrx_word' id='word_1_465' title='bbox 1550 4185 1723 4261; x_wconf 61' lang='grc' dir='ltr'>⁴ἡλίῳ,</span> <span class='ocrx_word' id='word_1_466' title='bbox 1781 4190 1869 4244; x_wconf 87' lang='grc' dir='ltr'>καὶ</span> <span class='ocrx_word' id='word_1_467' title='bbox 1927 4194 2008 4262; x_wconf 81' lang='grc' dir='ltr'>τῷ</span> 
     </span>
    </p>
   </div>
   <div class='ocr_carea' id='block_1_74' title="bbox 351 4270 2012 4352">
    <p class='ocr_par' dir='ltr' id='par_1_74' title="bbox 351 4270 2012 4352">
     <span class='ocr_line' id='line_1_75' title="bbox 351 4270 2012 4352; baseline 0.004 -24"><span class='ocrx_word' id='word_1_468' title='bbox 351 4272 503 4346; x_wconf 74' lang='grc' dir='ltr'>πυρί.</span> <span class='ocrx_word' id='word_1_469' title='bbox 562 4274 654 4334; x_wconf 81' lang='grc' dir='ltr'>Ὠς</span> <span class='ocrx_word' id='word_1_470' title='bbox 714 4270 773 4328; x_wconf 77' lang='grc' dir='ltr'>δὶ</span> <span class='ocrx_word' id='word_1_471' title='bbox 848 4272 947 4329; x_wconf 74' lang='grc' dir='ltr'>οὐκ</span> <span class='ocrx_word' id='word_1_472' title='bbox 1022 4271 1227 4344; x_wconf 76' lang='grc' dir='ltr'>ἔπεισε,</span> <span class='ocrx_word' id='word_1_473' title='bbox 1288 4275 1507 4350; x_wconf 84' lang='grc' dir='ltr'>πρῶτον</span> <span class='ocrx_word' id='word_1_474' title='bbox 1570 4277 1665 4350; x_wconf 79' lang='grc' dir='ltr'>μὶν</span> <span class='ocrx_word' id='word_1_475' title='bbox 1720 4278 2012 4352; x_wconf 83' lang='grc' dir='ltr'>γυμνώσας</span> 
     </span>
    </p>
   </div>
   <div class='ocr_carea' id='block_1_75' title="bbox 346 4358 2005 4446">
    <p class='ocr_par' dir='ltr' id='par_1_75' title="bbox 346 4358 2005 4446">
     <span class='ocr_line' id='line_1_76' title="bbox 346 4358 2005 4446; baseline 0.004 -29"><span class='ocrx_word' id='word_1_476' title='bbox 346 4363 548 4433; x_wconf 74' lang='grc' dir='ltr'>αὐτὴν,</span> <span class='ocrx_word' id='word_1_477' title='bbox 603 4358 792 4435; x_wconf 70' lang='grc' dir='ltr'>ἔτυψεν</span> <span class='ocrx_word' id='word_1_478' title='bbox 877 4360 1141 4436; x_wconf 76' lang='grc' dir='ltr'>ἀφειδῶς,</span> <span class='ocrx_word' id='word_1_479' title='bbox 1220 4363 1311 4419; x_wconf 80' lang='grc' dir='ltr'>καὶ</span> <span class='ocrx_word' id='word_1_480' title='bbox 1370 4362 1623 4438; x_wconf 82' lang='grc' dir='ltr'>λαμπάσι</span> <span class='ocrx_word' id='word_1_481' title='bbox 1687 4365 2005 4446; x_wconf 73' lang='grc' dir='ltr'>κατέφλεξε·</span> 
     </span>
    </p>
   </div>
   <div class='ocr_carea' id='block_1_76' title="bbox 344 4448 2011 4531">
    <p class='ocr_par' dir='ltr' id='par_1_76' title="bbox 344 4448 2011 4531">
     <span class='ocr_line' id='line_1_77' title="bbox 344 4448 2011 4531; baseline 0.003 -23"><span class='ocrx_word' id='word_1_482' title='bbox 344 4452 439 4508; x_wconf 71' lang='grc' dir='ltr'>καὶ</span> <span class='ocrx_word' id='word_1_483' title='bbox 500 4452 780 4528; x_wconf 77' lang='grc' dir='ltr'>κρεμάσας</span> <span class='ocrx_word' id='word_1_484' title='bbox 838 4448 982 4523; x_wconf 77' lang='grc' dir='ltr'>ἔξεσε</span> <span class='ocrx_word' id='word_1_485' title='bbox 1041 4453 1176 4526; x_wconf 75' lang='grc' dir='ltr'>μετὰ</span> <span class='ocrx_word' id='word_1_486' title='bbox 1232 4450 1475 4530; x_wconf 80' lang='grc' dir='ltr'>σιδηρῶν</span> <span class='ocrx_word' id='word_1_487' title='bbox 1530 4454 1771 4531; x_wconf 73' lang='grc' dir='ltr'>ὀνύχωνσ</span> <span class='ocrx_word' id='word_1_488' title='bbox 1826 4455 2011 4513; x_wconf 76' lang='grc' dir='ltr'>ἔπειτα</span> 
     </span>
    </p>
   </div>
   <div class='ocr_carea' id='block_1_77' title="bbox 346 4540 1578 4620">
    <p class='ocr_par' dir='ltr' id='par_1_77' title="bbox 346 4540 1578 4620">
     <span class='ocr_line' id='line_1_78' title="bbox 346 4540 1578 4620; baseline 0.004 -24"><span class='ocrx_word' id='word_1_489' title='bbox 346 4542 495 4617; x_wconf 75' lang='grc' dir='ltr'>ξίφει</span> <span class='ocrx_word' id='word_1_490' title='bbox 523 4542 626 4610; x_wconf 79' lang='grc' dir='ltr'>τήν</span> <span class='ocrx_word' id='word_1_491' title='bbox 654 4541 802 4617; x_wconf 76' lang='grc' dir='ltr'>ἱερὰν</span> <span class='ocrx_word' id='word_1_492' title='bbox 834 4540 1003 4611; x_wconf 81' lang='grc' dir='ltr'>αὐτῆς</span> <span class='ocrx_word' id='word_1_493' title='bbox 1028 4542 1273 4620; x_wconf 76' lang='grc' dir='ltr'>κεφαλὴν</span> <span class='ocrx_word' id='word_1_494' title='bbox 1291 4543 1578 4618; x_wconf 75' lang='grc' dir='ltr'>ἀπέτεμεν.</span> 
     </span>
    </p>
   </div>
   <div class='ocr_carea' id='block_1_78' title="bbox 418 4755 1938 4885">
    <p class='ocr_par' dir='ltr' id='par_1_78' title="bbox 418 4755 1938 4885">
     <span class='ocr_line' id='line_1_79' title="bbox 418 4755 1938 4885; baseline 0.002 -71"><span class='ocrx_word' id='word_1_495' title='bbox 418 4756 523 4814; x_wconf 74' lang='grc' dir='ltr'>Καὶ</span> <span class='ocrx_word' id='word_1_496' title='bbox 554 4757 790 4828; x_wconf 74' lang='grc' dir='ltr'>ἄθλησις</span> <span class='ocrx_word' id='word_1_497' title='bbox 842 4760 951 4812; x_wconf 86' lang='grc' dir='ltr'>τῶν</span> <span class='ocrx_word' id='word_1_498' title='bbox 1000 4755 1170 4845; x_wconf 47' lang='grc' dir='ltr'>ἁγίιιιν</span> <span class='ocrx_word' id='word_1_499' title='bbox 1226 4755 1429 4885; x_wconf 46' lang='grc' dir='ltr'>Ἐιλίων</span> <span class='ocrx_word' id='word_1_500' title='bbox 1479 4756 1788 4836; x_wconf 79' lang='grc' dir='ltr'>μάρτύρων,</span> <span class='ocrx_word' id='word_1_501' title='bbox 1846 4758 1938 4817; x_wconf 77' lang='grc' dir='ltr'>καὶ</span> 
     </span>
     <span class='ocr_line' id='line_1_80' title="bbox 857 4828 1507 4885; baseline 0 0"><span class='ocrx_word' id='word_1_502' title='bbox 857 4828 1017 4885; x_wconf 73' lang='grc' dir='ltr'>Ἀζὰτ</span> <span class='ocrx_word' id='word_1_503' title='bbox 1057 4849 1154 4884; x_wconf 85' lang='grc' dir='ltr'>του</span> <span class='ocrx_word' id='word_1_504' title='bbox 1213 4849 1237 4884; x_wconf 90' lang='grc' dir='ltr'>ε</span> <span class='ocrx_word' id='word_1_505' title='bbox 1277 4829 1507 4885; x_wconf 78' lang='grc' dir='ltr'>νούγου.</span> 
     </span>
    </p>
   </div>
   <div class='ocr_carea' id='block_1_79' title="bbox 857 4828 1507 4906">
    <p class='ocr_par' dir='ltr' id='par_1_79' title="bbox 857 4828 1507 4906">
     <span class='ocr_line' id='line_1_81' title="bbox 857 4828 1507 4906; baseline 0.002 -20"><span class='ocrx_word' id='word_1_506' title='bbox 857 4828 1017 4899; x_wconf 73' lang='grc' dir='ltr'>Ἀζὰτ</span> <span class='ocrx_word' id='word_1_507' title='bbox 1048 4828 1154 4884; x_wconf 74' lang='grc' dir='ltr'>’τοῦ</span> <span class='ocrx_word' id='word_1_508' title='bbox 1213 4828 1507 4906; x_wconf 76' lang='grc' dir='ltr'>εὖνούχου.</span> 
     </span>
    </p>
   </div>
   <div class='ocr_carea' id='block_1_80' title="bbox 424 4950 2011 5033">
    <p class='ocr_par' dir='ltr' id='par_1_80' title="bbox 424 4950 2011 5033">
     <span class='ocr_line' id='line_1_82' title="bbox 424 4950 2011 5033; baseline 0.004 -26"><span class='ocrx_word' id='word_1_509' title='bbox 424 4956 544 5023; x_wconf 84' lang='grc' dir='ltr'>Τῆς</span> <span class='ocrx_word' id='word_1_510' title='bbox 574 4950 968 5029; x_wconf 85' lang='grc' dir='ltr'>σωτηριώδους</span> <span class='ocrx_word' id='word_1_511' title='bbox 998 4953 1194 5029; x_wconf 71' lang='grc' dir='ltr'>ἱορτῆς</span> <span class='ocrx_word' id='word_1_512' title='bbox 1226 4952 1520 5025; x_wconf 72' lang='grc' dir='ltr'>ἰπιστάσης</span> <span class='ocrx_word' id='word_1_513' title='bbox 1547 4961 1648 5025; x_wconf 85' lang='grc' dir='ltr'>τῆς</span> <span class='ocrx_word' id='word_1_514' title='bbox 1704 4954 1863 5033; x_wconf 77' lang='grc' dir='ltr'>ἁγίας</span> <span class='ocrx_word' id='word_1_515' title='bbox 1916 4957 2011 5014; x_wconf 77' lang='grc' dir='ltr'>καὶ</span> 
     </span>
    </p>
   </div>
   <div class='ocr_carea' id='block_1_81' title="bbox 358 5042 2010 5123">
    <p class='ocr_par' dir='ltr' id='par_1_81' title="bbox 358 5042 2010 5123">
     <span class='ocr_line' id='line_1_83' title="bbox 358 5042 2010 5123; baseline 0.003 -24"><span class='ocrx_word' id='word_1_516' title='bbox 358 5042 606 5120; x_wconf 68' lang='grc' dir='ltr'>μεγάλης</span> <span class='ocrx_word' id='word_1_517' title='bbox 695 5048 1072 5118; x_wconf 84' lang='grc' dir='ltr'>Παρασκευῆς,</span> <span class='ocrx_word' id='word_1_518' title='bbox 1153 5043 1425 5117; x_wconf 64' lang='grc' dir='ltr'>ἑώρταζον</span> <span class='ocrx_word' id='word_1_519' title='bbox 1492 5046 1579 5101; x_wconf 82' lang='grc' dir='ltr'>καὶ</span> <span class='ocrx_word' id='word_1_520' title='bbox 1661 5045 1713 5101; x_wconf 74' lang='grc' dir='ltr'>ἐν</span> <span class='ocrx_word' id='word_1_521' title='bbox 1786 5045 2010 5123; x_wconf 85' lang='grc' dir='ltr'>Ηερσίδι</span> 
     </span>
    </p>
   </div>
   <div class='ocr_carea' id='block_1_82' title="bbox 353 5129 2012 5212">
    <p class='ocr_par' dir='ltr' id='par_1_82' title="bbox 353 5129 2012 5212">
     <span class='ocr_line' id='line_1_84' title="bbox 353 5129 2012 5212; baseline 0.005 -25"><span class='ocrx_word' id='word_1_522' title='bbox 353 5132 718 5208; x_wconf 81' lang='grc' dir='ltr'>Χριστιανοὶ,</span> <span class='ocrx_word' id='word_1_523' title='bbox 800 5132 890 5188; x_wconf 84' lang='grc' dir='ltr'>καὶ</span> <span class='ocrx_word' id='word_1_524' title='bbox 968 5129 1329 5208; x_wconf 70' lang='grc' dir='ltr'>ἱδοξοΑόγουν</span> <span class='ocrx_word' id='word_1_525' title='bbox 1404 5131 1855 5212; x_wconf 73' lang='grc' dir='ltr'>εὐχαριστοῦντες</span> <span class='ocrx_word' id='word_1_526' title='bbox 1932 5143 2012 5211; x_wconf 80' lang='grc' dir='ltr'>τῷ</span> 
     </span>
    </p>
   </div>
   <div class='ocr_carea' id='block_1_83' title="bbox 348 5219 2007 5301">
    <p class='ocr_par' dir='ltr' id='par_1_83' title="bbox 348 5219 2007 5301">
     <span class='ocr_line' id='line_1_85' title="bbox 348 5219 2007 5301; baseline 0.004 -24"><span class='ocrx_word' id='word_1_527' title='bbox 348 5224 603 5299; x_wconf 79' lang='grc' dir='ltr'>Χριστῷ,</span> <span class='ocrx_word' id='word_1_528' title='bbox 634 5226 713 5294; x_wconf 80' lang='grc' dir='ltr'>τῷ</span> <span class='ocrx_word' id='word_1_529' title='bbox 741 5219 813 5279; x_wconf 90' lang='grc' dir='ltr'>δι’</span> <span class='ocrx_word' id='word_1_530' title='bbox 843 5224 994 5296; x_wconf 72' lang='grc' dir='ltr'>ἡμᾶς</span> <span class='ocrx_word' id='word_1_531' title='bbox 1034 5222 1392 5297; x_wconf 77' lang='grc' dir='ltr'>ὑπομείναντι</span> <span class='ocrx_word' id='word_1_532' title='bbox 1424 5224 1491 5278; x_wconf 81' lang='grc' dir='ltr'>τὰ</span> <span class='ocrx_word' id='word_1_533' title='bbox 1538 5228 1785 5301; x_wconf 81' lang='grc' dir='ltr'>σωτήρια</span> <span class='ocrx_word' id='word_1_534' title='bbox 1840 5225 2007 5299; x_wconf 80' lang='grc' dir='ltr'>πάθη.</span> 
     </span>
    </p>
   </div>
   <div class='ocr_carea' id='block_1_84' title="bbox 345 5311 2009 5389">
    <p class='ocr_par' dir='ltr' id='par_1_84' title="bbox 345 5311 2009 5389">
     <span class='ocr_line' id='line_1_86' title="bbox 345 5311 2009 5389; baseline 0.002 -21"><span class='ocrx_word' id='word_1_535' title='bbox 345 5313 730 5389; x_wconf 72' lang='grc' dir='ltr'>Κρατηθὲντος</span> <span class='ocrx_word' id='word_1_536' title='bbox 759 5311 853 5367; x_wconf 84' lang='grc' dir='ltr'>οὗν</span> <span class='ocrx_word' id='word_1_537' title='bbox 881 5315 981 5367; x_wconf 85' lang='grc' dir='ltr'>τοῦ</span> <span class='ocrx_word' id='word_1_538' title='bbox 1031 5311 1195 5387; x_wconf 77' lang='grc' dir='ltr'>ἁγίου</span> <span class='ocrx_word' id='word_1_539' title='bbox 1252 5313 1484 5385; x_wconf 84' lang='grc' dir='ltr'>Συμεὼν</span> <span class='ocrx_word' id='word_1_540' title='bbox 1544 5317 1641 5369; x_wconf 88' lang='grc' dir='ltr'>τοῦ</span> <span class='ocrx_word' id='word_1_541' title='bbox 1686 5314 2009 5389; x_wconf 70' lang='grc' dir='ltr'>ἐπισκόπου,</span> 
     </span>
    </p>
   </div>
   <div class='ocr_carea' id='block_1_85' title="bbox 340 5397 2012 5479">
    <p class='ocr_par' dir='ltr' id='par_1_85' title="bbox 340 5397 2012 5479">
     <span class='ocr_line' id='line_1_87' title="bbox 340 5397 2012 5479; baseline 0.002 -21"><span class='ocrx_word' id='word_1_542' title='bbox 340 5404 434 5458; x_wconf 78' lang='grc' dir='ltr'>καὶ</span> <span class='ocrx_word' id='word_1_543' title='bbox 468 5397 860 5475; x_wconf 74' lang='grc' dir='ltr'>ἀναιρεθέντος,</span> <span class='ocrx_word' id='word_1_544' title='bbox 920 5399 1010 5456; x_wconf 81' lang='grc' dir='ltr'>καὶ</span> <span class='ocrx_word' id='word_1_545' title='bbox 1073 5401 1189 5474; x_wconf 84' lang='grc' dir='ltr'>μετ’</span> <span class='ocrx_word' id='word_1_546' title='bbox 1246 5399 1456 5456; x_wconf 67' lang='grc' dir='ltr'>ἐκείνου</span> <span class='ocrx_word' id='word_1_547' title='bbox 1498 5406 1864 5479; x_wconf 73' lang='grc' dir='ltr'>φονευθέντων</span> <span class='ocrx_word' id='word_1_548' title='bbox 1920 5407 2012 5462; x_wconf 78' lang='grc' dir='ltr'>καὶ</span> 
     </span>
    </p>
   </div>
   <div class='ocr_carea' id='block_1_86' title="bbox 342 5488 2012 5571">
    <p class='ocr_par' dir='ltr' id='par_1_86' title="bbox 342 5488 2012 5571">
     <span class='ocr_line' id='line_1_88' title="bbox 342 5488 2012 5571; baseline -0.005 -23"><span class='ocrx_word' id='word_1_549' title='bbox 342 5490 538 5548; x_wconf 71' lang='grc' dir='ltr'>ἄλλων</span> <span class='ocrx_word' id='word_1_550' title='bbox 585 5489 817 5547; x_wconf 75' lang='grc' dir='ltr'>πολλῶν</span> <span class='ocrx_word' id='word_1_551' title='bbox 877 5489 988 5563; x_wconf 78' lang='grc' dir='ltr'>(καὶ</span> <span class='ocrx_word' id='word_1_552' title='bbox 1044 5489 1146 5565; x_wconf 70' lang='grc' dir='ltr'>γὰρ</span> <span class='ocrx_word' id='word_1_553' title='bbox 1204 5488 1311 5545; x_wconf 81' lang='grc' dir='ltr'>ἀπὸ</span> <span class='ocrx_word' id='word_1_554' title='bbox 1365 5496 1468 5560; x_wconf 80' lang='grc' dir='ltr'>τῆς</span> <span class='ocrx_word' id='word_1_555' title='bbox 1531 5490 1772 5566; x_wconf 84' lang='grc' dir='ltr'>μεγάλης</span> <span class='ocrx_word' id='word_1_556' title='bbox 1829 5498 2012 5571; x_wconf 66' lang='grc' dir='ltr'>Παρα.</span> 
     </span>
    </p>
   </div>
   <div class='ocr_carea' id='block_1_87' title="bbox 342 5577 2012 5660">
    <p class='ocr_par' dir='ltr' id='par_1_87' title="bbox 342 5577 2012 5660">
     <span class='ocr_line' id='line_1_89' title="bbox 342 5577 2012 5660; baseline -0.004 -23"><span class='ocrx_word' id='word_1_557' title='bbox 342 5588 546 5651; x_wconf 82' lang='grc' dir='ltr'>σκευῆς</span> <span class='ocrx_word' id='word_1_558' title='bbox 583 5582 754 5657; x_wconf 70' lang='grc' dir='ltr'>μέχρι</span> <span class='ocrx_word' id='word_1_559' title='bbox 789 5577 1022 5650; x_wconf 74' lang='grc' dir='ltr'>δεκάτης</span> <span class='ocrx_word' id='word_1_560' title='bbox 1051 5579 1288 5653; x_wconf 64' lang='grc' dir='ltr'>ἡμέρας,</span> <span class='ocrx_word' id='word_1_561' title='bbox 1341 5584 1446 5642; x_wconf 82' lang='grc' dir='ltr'>πᾶς</span> <span class='ocrx_word' id='word_1_562' title='bbox 1501 5582 1824 5657; x_wconf 81' lang='grc' dir='ltr'>Χριστιανὸς</span> <span class='ocrx_word' id='word_1_563' title='bbox 1881 5606 2012 5660; x_wconf 51' lang='lat' dir='ltr'>ac“.</span> 
     </span>
    </p>
   </div>
   <div class='ocr_carea' id='block_1_88' title="bbox 346 5667 2011 5749">
    <p class='ocr_par' dir='ltr' id='par_1_88' title="bbox 346 5667 2011 5749">
     <span class='ocr_line' id='line_1_90' title="bbox 346 5667 2011 5749; baseline 0.002 -25"><span class='ocrx_word' id='word_1_564' title='bbox 346 5670 613 5744; x_wconf 76' lang='grc' dir='ltr'>τοῦμενος</span> <span class='ocrx_word' id='word_1_565' title='bbox 646 5668 975 5749; x_wconf 71' lang='grc' dir='ltr'>ἐφονεύετο),</span> <span class='ocrx_word' id='word_1_566' title='bbox 1006 5667 1382 5741; x_wconf 71' lang='grc' dir='ltr'>ἐκρατήθησαν</span> <span class='ocrx_word' id='word_1_567' title='bbox 1410 5667 1501 5723; x_wconf 73' lang='grc' dir='ltr'>καὶ</span> <span class='ocrx_word' id='word_1_568' title='bbox 1547 5669 1699 5725; x_wconf 83' lang='grc' dir='ltr'>οὗτοι</span> <span class='ocrx_word' id='word_1_569' title='bbox 1734 5670 1785 5725; x_wconf 72' lang='grc' dir='ltr'>οἳ</span> <span class='ocrx_word' id='word_1_570' title='bbox 1845 5673 2011 5747; x_wconf 72' lang='grc' dir='ltr'>ἅγιοι,</span> 
     </span>
    </p>
   </div>
   <div class='ocr_carea' id='block_1_89' title="bbox 348 5755 2008 5839">
    <p class='ocr_par' dir='ltr' id='par_1_89' title="bbox 348 5755 2008 5839">
     <span class='ocr_line' id='line_1_91' title="bbox 348 5755 2008 5839; baseline 0.001 -22"><span class='ocrx_word' id='word_1_571' title='bbox 348 5762 437 5817; x_wconf 81' lang='grc' dir='ltr'>καὶ</span> <span class='ocrx_word' id='word_1_572' title='bbox 472 5762 591 5839; x_wconf 84' lang='grc' dir='ltr'>μετ’</span> <span class='ocrx_word' id='word_1_573' title='bbox 621 5760 803 5819; x_wconf 73' lang='grc' dir='ltr'>αὐτῶν</span> <span class='ocrx_word' id='word_1_574' title='bbox 836 5758 997 5833; x_wconf 72' lang='grc' dir='ltr'>Ἀζᾶτ</span> <span class='ocrx_word' id='word_1_575' title='bbox 1029 5758 1060 5814; x_wconf 89' lang='lat'>6</span> <span class='ocrx_word' id='word_1_576' title='bbox 1085 5756 1373 5836; x_wconf 79' lang='grc' dir='ltr'>εὐνοῦχος,</span> <span class='ocrx_word' id='word_1_577' title='bbox 1433 5755 1699 5825; x_wconf 78' lang='grc' dir='ltr'>πλούσιος</span> <span class='ocrx_word' id='word_1_578' title='bbox 1754 5761 1852 5837; x_wconf 78' lang='grc' dir='ltr'>μὶν</span> <span class='ocrx_word' id='word_1_579' title='bbox 1908 5759 2008 5837; x_wconf 76' lang='grc' dir='ltr'>ὥν,</span> 
     </span>
    </p>
   </div>
   <div class='ocr_carea' id='block_1_90' title="bbox 2114 3402 3764 3479">
    <p class='ocr_par' dir='ltr' id='par_1_90' title="bbox 2114 3402 3764 3479">
     <span class='ocr_line' id='line_1_92' title="bbox 2114 3402 3764 3479; baseline 0.005 -23"><span class='ocrx_word' id='word_1_580' title='bbox 2114 3402 2516 3458; x_wconf 89' lang='lat' dir='ltr'>truncandum</span> <span class='ocrx_word' id='word_1_581' title='bbox 2548 3405 3043 3474; x_wconf 88' lang='lat' dir='ltr'>esset,timentem</span> <span class='ocrx_word' id='word_1_582' title='bbox 3056 3423 3124 3462; x_wconf 90' lang='lat' dir='ltr'>ac</span> <span class='ocrx_word' id='word_1_583' title='bbox 3148 3408 3545 3479; x_wconf 88' lang='lat' dir='ltr'>trepidantem</span> <span class='ocrx_word' id='word_1_584' title='bbox 3558 3409 3764 3465; x_wconf 88' lang='lat' dir='ltr'>adver-</span> 
     </span>
    </p>
   </div>
   <div class='ocr_carea' id='block_1_91' title="bbox 2112 3492 3765 3566">
    <p class='ocr_par' dir='ltr' id='par_1_91' title="bbox 2112 3492 3765 3566">
     <span class='ocr_line' id='line_1_93' title="bbox 2112 3492 3765 3566; baseline 0.005 -20"><span class='ocrx_word' id='word_1_585' title='bbox 2112 3495 2267 3559; x_wconf 89' lang='lat' dir='ltr'>tens,</span> <span class='ocrx_word' id='word_1_586' title='bbox 2301 3492 2414 3564; x_wconf 89' lang='lat' dir='ltr'>ipsi</span> <span class='ocrx_word' id='word_1_587' title='bbox 2448 3493 2571 3547; x_wconf 89' lang='lat' dir='ltr'>ait:</span> <span class='ocrx_word' id='word_1_588' title='bbox 2603 3495 2682 3549; x_wconf 89' lang='lat' dir='ltr'>Ne</span> <span class='ocrx_word' id='word_1_589' title='bbox 2719 3495 2948 3562; x_wconf 88' lang='lat' dir='ltr'>timeas,</span> <span class='ocrx_word' id='word_1_590' title='bbox 2982 3494 3191 3553; x_wconf 89' lang='lat' dir='ltr'>claude</span> <span class='ocrx_word' id='word_1_591' title='bbox 3234 3498 3437 3553; x_wconf 91' lang='lat' dir='ltr'>oculos</span> <span class='ocrx_word' id='word_1_592' title='bbox 3489 3504 3645 3566; x_wconf 87' lang='lat' dir='ltr'>tuos,</span> <span class='ocrx_word' id='word_1_593' title='bbox 3704 3504 3765 3555; x_wconf 90' lang='lat' dir='ltr'>et</span> 
     </span>
    </p>
   </div>
   <div class='ocr_carea' id='block_1_92' title="bbox 2113 3582 3764 3663">
    <p class='ocr_par' dir='ltr' id='par_1_92' title="bbox 2113 3582 3764 3663">
     <span class='ocr_line' id='line_1_94' title="bbox 2113 3582 3764 3663; baseline 0.007 -27"><span class='ocrx_word' id='word_1_594' title='bbox 2113 3582 2379 3637; x_wconf 90' lang='lat' dir='ltr'>Christus</span> <span class='ocrx_word' id='word_1_595' title='bbox 2410 3587 2466 3639; x_wconf 91' lang='lat' dir='ltr'>te</span> <span class='ocrx_word' id='word_1_596' title='bbox 2487 3582 3042 3641; x_wconf 89' lang='lat' dir='ltr'>illuminabit.Unde</span> <span class='ocrx_word' id='word_1_597' title='bbox 3070 3588 3420 3645; x_wconf 61' lang='lat' dir='ltr'>Christiania</span> <span class='ocrx_word' id='word_1_598' title='bbox 3452 3589 3764 3663; x_wconf 87' lang='lat' dir='ltr'>religionis</span> 
     </span>
    </p>
   </div>
   <div class='ocr_carea' id='block_1_93' title="bbox 2114 3671 3762 3753">
    <p class='ocr_par' dir='ltr' id='par_1_93' title="bbox 2114 3671 3762 3753">
     <span class='ocr_line' id='line_1_95' title="bbox 2114 3671 3762 3753; baseline 0.004 -25"><span class='ocrx_word' id='word_1_599' title='bbox 2114 3671 2343 3729; x_wconf 87' lang='lat' dir='ltr'>assecla</span> <span class='ocrx_word' id='word_1_600' title='bbox 2371 3672 2662 3744; x_wconf 87' lang='lat' dir='ltr'>cognitus,</span> <span class='ocrx_word' id='word_1_601' title='bbox 2694 3672 2985 3730; x_wconf 88' lang='lat' dir='ltr'>adductus</span> <span class='ocrx_word' id='word_1_602' title='bbox 3019 3681 3107 3731; x_wconf 89' lang='lat' dir='ltr'>est</span> <span class='ocrx_word' id='word_1_603' title='bbox 3135 3693 3338 3733; x_wconf 79' lang='lat' dir='ltr'>coram</span> <span class='ocrx_word' id='word_1_604' title='bbox 3392 3695 3565 3753; x_wconf 89' lang='lat' dir='ltr'>rege:</span> <span class='ocrx_word' id='word_1_605' title='bbox 3601 3685 3661 3735; x_wconf 89' lang='lat' dir='ltr'>et</span> <span class='ocrx_word' id='word_1_606' title='bbox 3689 3679 3762 3735; x_wconf 89' lang='lat' dir='ltr'>ab</span> 
     </span>
    </p>
   </div>
   <div class='ocr_carea' id='block_1_94' title="bbox 2114 3761 3768 3834">
    <p class='ocr_par' dir='ltr' id='par_1_94' title="bbox 2114 3761 3768 3834">
     <span class='ocr_line' id='line_1_96' title="bbox 2114 3761 3768 3834; baseline 0.005 -17"><span class='ocrx_word' id='word_1_607' title='bbox 2114 3761 2243 3832; x_wconf 92' lang='lat' dir='ltr'>ipso</span> <span class='ocrx_word' id='word_1_608' title='bbox 2276 3761 2836 3834; x_wconf 78' lang='lat' dir='ltr'>iuterrogatus,cum</span> <span class='ocrx_word' id='word_1_609' title='bbox 2868 3764 3083 3819; x_wconf 83' lang='lat' dir='ltr'>Christi</span> <span class='ocrx_word' id='word_1_610' title='bbox 3116 3782 3338 3822; x_wconf 89' lang='lat' dir='ltr'>nomen</span> <span class='ocrx_word' id='word_1_611' title='bbox 3354 3768 3663 3825; x_wconf 86' lang='lat' dir='ltr'>confessus</span> <span class='ocrx_word' id='word_1_612' title='bbox 3682 3786 3768 3825; x_wconf 87' lang='lat' dir='ltr'>es-</span> 
     </span>
    </p>
   </div>
   <div class='ocr_carea' id='block_1_95' title="bbox 2090 3850 3768 3928">
    <p class='ocr_par' dir='ltr' id='par_1_95' title="bbox 2090 3850 3768 3928">
     <span class='ocr_line' id='line_1_97' title="bbox 2090 3850 3768 3928; baseline 0.007 -25"><span class='ocrx_word' id='word_1_613' title='bbox 2090 3850 2493 3922; x_wconf 77' lang='lat' dir='ltr'>.set,primum</span> <span class='ocrx_word' id='word_1_614' title='bbox 2508 3851 2747 3922; x_wconf 89' lang='lat' dir='ltr'>quidem</span> <span class='ocrx_word' id='word_1_615' title='bbox 2762 3852 2815 3907; x_wconf 90' lang='lat' dir='ltr'>ei</span> <span class='ocrx_word' id='word_1_616' title='bbox 2847 3851 3110 3910; x_wconf 89' lang='lat' dir='ltr'>abscissa</span> <span class='ocrx_word' id='word_1_617' title='bbox 3141 3855 3254 3911; x_wconf 86' lang='lat' dir='ltr'>fuit</span> <span class='ocrx_word' id='word_1_618' title='bbox 3284 3858 3525 3928; x_wconf 84' lang='lat' dir='ltr'>lingua:</span> <span class='ocrx_word' id='word_1_619' title='bbox 3550 3858 3768 3915; x_wconf 88' lang='lat' dir='ltr'>deinde</span> 
     </span>
    </p>
   </div>
   <div class='ocr_carea' id='block_1_96' title="bbox 2114 3939 3769 4014">
    <p class='ocr_par' dir='ltr' id='par_1_96' title="bbox 2114 3939 3769 4014">
     <span class='ocr_line' id='line_1_98' title="bbox 2114 3939 3769 4014; baseline 0.006 -19"><span class='ocrx_word' id='word_1_620' title='bbox 2114 3939 2295 3995; x_wconf 87' lang='lat' dir='ltr'>totius</span> <span class='ocrx_word' id='word_1_621' title='bbox 2352 3940 2616 4011; x_wconf 89' lang='lat' dir='ltr'>corporis</span> <span class='ocrx_word' id='word_1_622' title='bbox 2642 3940 2797 4011; x_wconf 90' lang='lat' dir='ltr'>pelle</span> <span class='ocrx_word' id='word_1_623' title='bbox 2847 3942 3169 3999; x_wconf 90' lang='lat' dir='ltr'>crudeliter</span> <span class='ocrx_word' id='word_1_624' title='bbox 3189 3945 3471 4014; x_wconf 77' lang='lat' dir='ltr'>detracta,</span> <span class='ocrx_word' id='word_1_625' title='bbox 3505 3949 3769 4005; x_wconf 88' lang='lat' dir='ltr'>animam</span> 
     </span>
    </p>
   </div>
   <div class='ocr_carea' id='block_1_97' title="bbox 2116 4028 3769 4095">
    <p class='ocr_par' dir='ltr' id='par_1_97' title="bbox 2116 4028 3769 4095">
     <span class='ocr_line' id='line_1_99' title="bbox 2116 4028 3769 4095; baseline 0.005 -11"><span class='ocrx_word' id='word_1_626' title='bbox 2116 4029 2337 4085; x_wconf 89' lang='lat' dir='ltr'>emisit.</span> <span class='ocrx_word' id='word_1_627' title='bbox 2369 4028 2578 4085; x_wconf 90' lang='lat' dir='ltr'>Filiam</span> <span class='ocrx_word' id='word_1_628' title='bbox 2610 4034 2809 4086; x_wconf 87' lang='lat' dir='ltr'>autem</span> <span class='ocrx_word' id='word_1_629' title='bbox 2842 4031 3097 4089; x_wconf 86' lang='lat' dir='ltr'>habebat</span> <span class='ocrx_word' id='word_1_630' title='bbox 3126 4033 3523 4093; x_wconf 86' lang='lat' dir='ltr'>Christianam</span> <span class='ocrx_word' id='word_1_631' title='bbox 3547 4039 3769 4095; x_wconf 89' lang='lat' dir='ltr'>sancti-</span> 
     </span>
    </p>
   </div>
   <div class='ocr_carea' id='block_1_98' title="bbox 2114 4120 3771 4198">
    <p class='ocr_par' dir='ltr' id='par_1_98' title="bbox 2114 4120 3771 4198">
     <span class='ocr_line' id='line_1_100' title="bbox 2114 4120 3771 4198; baseline 0.008 -25"><span class='ocrx_word' id='word_1_632' title='bbox 2114 4120 2462 4188; x_wconf 89' lang='lat' dir='ltr'>monialem,</span> <span class='ocrx_word' id='word_1_633' title='bbox 2498 4137 2676 4191; x_wconf 88' lang='lat' dir='ltr'>quam</span> <span class='ocrx_word' id='word_1_634' title='bbox 2706 4137 2907 4176; x_wconf 89' lang='lat' dir='ltr'>coram</span> <span class='ocrx_word' id='word_1_635' title='bbox 2953 4140 3017 4178; x_wconf 90' lang='lat' dir='ltr'>se</span> <span class='ocrx_word' id='word_1_636' title='bbox 3066 4123 3383 4181; x_wconf 89' lang='lat' dir='ltr'>adductam</span> <span class='ocrx_word' id='word_1_637' title='bbox 3426 4127 3611 4198; x_wconf 88' lang='lat' dir='ltr'>jussit</span> <span class='ocrx_word' id='word_1_638' title='bbox 3668 4138 3771 4186; x_wconf 82' lang='lat' dir='ltr'>rex</span> 
     </span>
    </p>
   </div>
   <div class='ocr_carea' id='block_1_99' title="bbox 2115 4210 3765 4287">
    <p class='ocr_par' dir='ltr' id='par_1_99' title="bbox 2115 4210 3765 4287">
     <span class='ocr_line' id='line_1_101' title="bbox 2115 4210 3765 4287; baseline 0.004 -20"><span class='ocrx_word' id='word_1_639' title='bbox 2115 4210 2347 4267; x_wconf 90' lang='lat' dir='ltr'>Christo</span> <span class='ocrx_word' id='word_1_640' title='bbox 2375 4211 2743 4278; x_wconf 88' lang='lat' dir='ltr'>renuntiare,</span> <span class='ocrx_word' id='word_1_641' title='bbox 2774 4211 3015 4283; x_wconf 91' lang='lat' dir='ltr'>Solique</span> <span class='ocrx_word' id='word_1_642' title='bbox 3045 4218 3224 4285; x_wconf 90' lang='lat' dir='ltr'>atque</span> <span class='ocrx_word' id='word_1_643' title='bbox 3257 4215 3380 4287; x_wconf 87' lang='lat' dir='ltr'>Igni</span> <span class='ocrx_word' id='word_1_644' title='bbox 3407 4217 3765 4275; x_wconf 85' lang='lat' dir='ltr'>sacrificare.</span> 
     </span>
    </p>
   </div>
   <div class='ocr_carea' id='block_1_100' title="bbox 2116 4299 3768 4380">
    <p class='ocr_par' dir='ltr' id='par_1_100' title="bbox 2116 4299 3768 4380">
     <span class='ocr_line' id='line_1_102' title="bbox 2116 4299 3768 4380; baseline 0.005 -25"><span class='ocrx_word' id='word_1_645' title='bbox 2116 4299 2261 4355; x_wconf 90' lang='lat' dir='ltr'>Cum</span> <span class='ocrx_word' id='word_1_646' title='bbox 2277 4318 2410 4356; x_wconf 90' lang='lat' dir='ltr'>vero</span> <span class='ocrx_word' id='word_1_647' title='bbox 2441 4300 2546 4356; x_wconf 91' lang='lat' dir='ltr'>illa</span> <span class='ocrx_word' id='word_1_648' title='bbox 2574 4300 2647 4356; x_wconf 90' lang='lat' dir='ltr'>ad</span> <span class='ocrx_word' id='word_1_649' title='bbox 2679 4300 2738 4356; x_wconf 92' lang='lat' dir='ltr'>id</span> <span class='ocrx_word' id='word_1_650' title='bbox 2771 4302 3007 4357; x_wconf 88' lang='lat' dir='ltr'>suaderi</span> <span class='ocrx_word' id='word_1_651' title='bbox 3032 4321 3153 4359; x_wconf 91' lang='lat' dir='ltr'>non</span> <span class='ocrx_word' id='word_1_652' title='bbox 3174 4309 3768 4380; x_wconf 87' lang='lat' dir='ltr'>pateretur,primum</span> 
     </span>
    </p>
   </div>
   <div class='ocr_carea' id='block_1_101' title="bbox 2117 4390 3773 4471">
    <p class='ocr_par' dir='ltr' id='par_1_101' title="bbox 2117 4390 3773 4471">
     <span class='ocr_line' id='line_1_103' title="bbox 2117 4390 3773 4471; baseline 0.005 -26"><span class='ocrx_word' id='word_1_653' title='bbox 2117 4390 2358 4463; x_wconf 90' lang='lat' dir='ltr'>quidem</span> <span class='ocrx_word' id='word_1_654' title='bbox 2392 4407 2523 4446; x_wconf 90' lang='lat' dir='ltr'>eam</span> <span class='ocrx_word' id='word_1_655' title='bbox 2535 4390 3492 4461; x_wconf 82' lang='lat' dir='ltr'>denudarimandavit,crudeliter</span> <span class='ocrx_word' id='word_1_656' title='bbox 3516 4397 3773 4471; x_wconf 88' lang='lat' dir='ltr'>ﬂagellis</span> 
     </span>
    </p>
   </div>
   <div class='ocr_carea' id='block_1_102' title="bbox 2117 4480 3768 4556">
    <p class='ocr_par' dir='ltr' id='par_1_102' title="bbox 2117 4480 3768 4556">
     <span class='ocr_line' id='line_1_104' title="bbox 2117 4480 3768 4556; baseline 0.004 -21"><span class='ocrx_word' id='word_1_657' title='bbox 2117 4480 2287 4543; x_wconf 70' lang='lat' dir='ltr'>cmdi,</span> <span class='ocrx_word' id='word_1_658' title='bbox 2317 4480 2666 4551; x_wconf 89' lang='lat' dir='ltr'>facibusque</span> <span class='ocrx_word' id='word_1_659' title='bbox 2703 4481 2871 4537; x_wconf 89' lang='lat' dir='ltr'>aduri</span> <span class='ocrx_word' id='word_1_660' title='bbox 2908 4500 2921 4537; x_wconf 86' lang='lat'><strong>:</strong></span> <span class='ocrx_word' id='word_1_661' title='bbox 2956 4482 3171 4539; x_wconf 91' lang='lat' dir='ltr'>deinde</span> <span class='ocrx_word' id='word_1_662' title='bbox 3205 4484 3514 4556; x_wconf 85' lang='lat' dir='ltr'>suspendi,</span> <span class='ocrx_word' id='word_1_663' title='bbox 3546 4503 3615 4543; x_wconf 90' lang='lat' dir='ltr'>ac</span> <span class='ocrx_word' id='word_1_664' title='bbox 3646 4486 3768 4542; x_wconf 90' lang='lat' dir='ltr'>fer-</span> 
     </span>
    </p>
   </div>
   <div class='ocr_carea' id='block_1_103' title="bbox 2116 4569 3775 4648">
    <p class='ocr_par' dir='ltr' id='par_1_103' title="bbox 2116 4569 3775 4648">
     <span class='ocr_line' id='line_1_105' title="bbox 2116 4569 3775 4648; baseline 0.004 -20"><span class='ocrx_word' id='word_1_665' title='bbox 2116 4571 2237 4629; x_wconf 91' lang='lat' dir='ltr'>reis</span> <span class='ocrx_word' id='word_1_666' title='bbox 2264 4569 2601 4643; x_wconf 91' lang='lat' dir='ltr'>unguiculis</span> <span class='ocrx_word' id='word_1_667' title='bbox 2631 4570 2907 4627; x_wconf 87' lang='lat' dir='ltr'>dilaniari</span> <span class='ocrx_word' id='word_1_668' title='bbox 2960 4590 2974 4628; x_wconf 91' lang='lat'><strong>:</strong></span> <span class='ocrx_word' id='word_1_669' title='bbox 3027 4588 3258 4629; x_wconf 88' lang='lat' dir='ltr'>sacram</span> <span class='ocrx_word' id='word_1_670' title='bbox 3284 4572 3527 4630; x_wconf 90' lang='lat' dir='ltr'>demum</span> <span class='ocrx_word' id='word_1_671' title='bbox 3578 4576 3775 4648; x_wconf 89' lang='lat' dir='ltr'>ipsius</span> 
     </span>
    </p>
   </div>
   <div class='ocr_carea' id='block_1_104' title="bbox 2118 4661 2893 4723">
    <p class='ocr_par' dir='ltr' id='par_1_104' title="bbox 2118 4661 2893 4723">
     <span class='ocr_line' id='line_1_106' title="bbox 2118 4661 2893 4723; baseline 0.003 -2"><span class='ocrx_word' id='word_1_672' title='bbox 2118 4662 2407 4721; x_wconf 87' lang='lat' dir='ltr'>cervicem</span> <span class='ocrx_word' id='word_1_673' title='bbox 2430 4678 2571 4718; x_wconf 91' lang='lat' dir='ltr'>ense</span> <span class='ocrx_word' id='word_1_674' title='bbox 2600 4661 2893 4723; x_wconf 90' lang='lat' dir='ltr'>abscindi.</span> 
     </span>
    </p>
   </div>
   <div class='ocr_carea' id='block_1_105' title="bbox 2119 4771 3776 4846">
    <p class='ocr_par' dir='ltr' id='par_1_105' title="bbox 2119 4771 3776 4846">
     <span class='ocr_line' id='line_1_107' title="bbox 2119 4771 3776 4846; baseline 0.003 -15"><span class='ocrx_word' id='word_1_675' title='bbox 2119 4778 2191 4832; x_wconf 80' lang='lat' dir='ltr'>Et</span> <span class='ocrx_word' id='word_1_676' title='bbox 2246 4777 2520 4828; x_wconf 82' lang='lat' dir='ltr'>certamen</span> <span class='ocrx_word' id='word_1_677' title='bbox 2584 4777 2899 4827; x_wconf 81' lang='lat' dir='ltr'>sanctorum</span> <span class='ocrx_word' id='word_1_678' title='bbox 2953 4771 3105 4846; x_wconf 65' lang='lat' dir='ltr'>mille</span> <span class='ocrx_word' id='word_1_679' title='bbox 3159 4782 3473 4846; x_wconf 80' lang='lat' dir='ltr'>martyrum</span> <span class='ocrx_word' id='word_1_680' title='bbox 3530 4783 3584 4833; x_wconf 85' lang='lat' dir='ltr'>et</span> <span class='ocrx_word' id='word_1_681' title='bbox 3639 4777 3776 4835; x_wconf 78' lang='lat' dir='ltr'>Azat</span> 
     </span>
    </p>
   </div>
   <div class='ocr_carea' id='block_1_106' title="bbox 2833 4845 3088 4901">
    <p class='ocr_par' dir='ltr' id='par_1_106' title="bbox 2833 4845 3088 4901">
     <span class='ocr_line' id='line_1_108' title="bbox 2833 4845 3088 4901; baseline 0.008 -3"><span class='ocrx_word' id='word_1_682' title='bbox 2833 4845 3088 4901; x_wconf 78' lang='lat' dir='ltr'>eunuchi.</span> 
     </span>
    </p>
   </div>
   <div class='ocr_carea' id='block_1_107' title="bbox 2192 4955 3775 5028">
    <p class='ocr_par' dir='ltr' id='par_1_107' title="bbox 2192 4955 3775 5028">
     <span class='ocr_line' id='line_1_109' title="bbox 2192 4955 3775 5028; baseline 0.003 -17"><span class='ocrx_word' id='word_1_683' title='bbox 2192 4957 2619 5011; x_wconf 80' lang='lat' dir='ltr'>Recurrentem</span> <span class='ocrx_word' id='word_1_684' title='bbox 2651 4958 2874 5008; x_wconf 79' lang='lat' dir='ltr'>sanctae</span> <span class='ocrx_word' id='word_1_685' title='bbox 2904 4957 2963 5009; x_wconf 90' lang='lat' dir='ltr'>et</span> <span class='ocrx_word' id='word_1_686' title='bbox 2986 4969 3216 5028; x_wconf 62' lang='lat' dir='ltr'>magna</span> <span class='ocrx_word' id='word_1_687' title='bbox 3245 4955 3597 5013; x_wconf 87' lang='lat' dir='ltr'>Parasceves</span> <span class='ocrx_word' id='word_1_688' title='bbox 3613 4956 3775 5015; x_wconf 88' lang='lat' dir='ltr'>salu-</span> 
     </span>
    </p>
   </div>
   <div class='ocr_carea' id='block_1_108' title="bbox 2123 5041 3775 5118">
    <p class='ocr_par' dir='ltr' id='par_1_108' title="bbox 2123 5041 3775 5118">
     <span class='ocr_line' id='line_1_110' title="bbox 2123 5041 3775 5118; baseline 0.001 -17"><span class='ocrx_word' id='word_1_689' title='bbox 2123 5049 2312 5101; x_wconf 88' lang='lat' dir='ltr'>tarem</span> <span class='ocrx_word' id='word_1_690' title='bbox 2342 5042 2720 5099; x_wconf 83' lang='lat' dir='ltr'>festivitatem</span> <span class='ocrx_word' id='word_1_691' title='bbox 2753 5041 2931 5098; x_wconf 88' lang='lat' dir='ltr'>etiam</span> <span class='ocrx_word' id='word_1_692' title='bbox 2963 5043 3003 5099; x_wconf 92' lang='lat' dir='ltr'>ii</span> <span class='ocrx_word' id='word_1_693' title='bbox 3035 5043 3378 5114; x_wconf 89' lang='lat' dir='ltr'>Christiani,</span> <span class='ocrx_word' id='word_1_694' title='bbox 3412 5045 3513 5118; x_wconf 92' lang='lat' dir='ltr'>qui</span> <span class='ocrx_word' id='word_1_695' title='bbox 3544 5046 3607 5103; x_wconf 91' lang='lat' dir='ltr'>in</span> <span class='ocrx_word' id='word_1_696' title='bbox 3638 5048 3775 5103; x_wconf 86' lang='lat' dir='ltr'>Per-</span> 
     </span>
    </p>
   </div>
   <div class='ocr_carea' id='block_1_109' title="bbox 2124 5131 3775 5206">
    <p class='ocr_par' dir='ltr' id='par_1_109' title="bbox 2124 5131 3775 5206">
     <span class='ocr_line' id='line_1_111' title="bbox 2124 5131 3775 5206; baseline 0.001 -14"><span class='ocrx_word' id='word_1_697' title='bbox 2124 5135 2250 5192; x_wconf 90' lang='lat' dir='ltr'>side</span> <span class='ocrx_word' id='word_1_698' title='bbox 2282 5138 2471 5202; x_wconf 89' lang='lat' dir='ltr'>erant,</span> <span class='ocrx_word' id='word_1_699' title='bbox 2504 5131 2908 5203; x_wconf 82' lang='lat' dir='ltr'>celebrabant,</span> <span class='ocrx_word' id='word_1_700' title='bbox 2956 5138 3134 5205; x_wconf 89' lang='lat' dir='ltr'>atque</span> <span class='ocrx_word' id='word_1_701' title='bbox 3181 5133 3440 5206; x_wconf 90' lang='lat' dir='ltr'>gloriosa</span> <span class='ocrx_word' id='word_1_702' title='bbox 3494 5135 3775 5193; x_wconf 85' lang='lat' dir='ltr'>recorda-</span> 
     </span>
    </p>
   </div>
   <div class='ocr_carea' id='block_1_110' title="bbox 2124 5222 3773 5298">
    <p class='ocr_par' dir='ltr' id='par_1_110' title="bbox 2124 5222 3773 5298">
     <span class='ocr_line' id='line_1_112' title="bbox 2124 5222 3773 5298; baseline 0.001 -16"><span class='ocrx_word' id='word_1_703' title='bbox 2124 5226 2287 5283; x_wconf 88' lang='lat' dir='ltr'>tione</span> <span class='ocrx_word' id='word_1_704' title='bbox 2320 5222 2669 5280; x_wconf 85' lang='lat' dir='ltr'>recolebant</span> <span class='ocrx_word' id='word_1_705' title='bbox 2699 5240 2713 5291; x_wconf 88' lang='lat'><strong>;</strong></span> <span class='ocrx_word' id='word_1_706' title='bbox 2745 5223 2978 5280; x_wconf 88' lang='lat' dir='ltr'>Christo</span> <span class='ocrx_word' id='word_1_707' title='bbox 3036 5224 3257 5297; x_wconf 86' lang='lat' dir='ltr'>gratias</span> <span class='ocrx_word' id='word_1_708' title='bbox 3316 5231 3578 5298; x_wconf 86' lang='lat' dir='ltr'>agentes,</span> <span class='ocrx_word' id='word_1_709' title='bbox 3612 5227 3773 5298; x_wconf 92' lang='lat' dir='ltr'>quod</span> 
     </span>
    </p>
   </div>
   <div class='ocr_carea' id='block_1_111' title="bbox 2122 5311 3774 5389">
    <p class='ocr_par' dir='ltr' id='par_1_111' title="bbox 2122 5311 3774 5389">
     <span class='ocr_line' id='line_1_113' title="bbox 2122 5311 3774 5389; baseline -0.001 -18"><span class='ocrx_word' id='word_1_710' title='bbox 2122 5319 2369 5389; x_wconf 88' lang='lat' dir='ltr'>propter</span> <span class='ocrx_word' id='word_1_711' title='bbox 2418 5318 2686 5369; x_wconf 88' lang='lat' dir='ltr'>nostram</span> <span class='ocrx_word' id='word_1_712' title='bbox 2741 5311 2996 5368; x_wconf 88' lang='lat' dir='ltr'>salutem</span> <span class='ocrx_word' id='word_1_713' title='bbox 3055 5314 3179 5385; x_wconf 86' lang='lat' dir='ltr'>pati</span> <span class='ocrx_word' id='word_1_714' title='bbox 3235 5312 3518 5386; x_wconf 85' lang='lat' dir='ltr'>dignatus</span> <span class='ocrx_word' id='word_1_715' title='bbox 3574 5313 3774 5371; x_wconf 84' lang='lat' dir='ltr'>fuerit.</span> 
     </span>
    </p>
   </div>
   <div class='ocr_carea' id='block_1_112' title="bbox 2121 5404 3779 5477">
    <p class='ocr_par' dir='ltr' id='par_1_112' title="bbox 2121 5404 3779 5477">
     <span class='ocr_line' id='line_1_114' title="bbox 2121 5404 3779 5477; baseline 0.002 -16"><span class='ocrx_word' id='word_1_716' title='bbox 2121 5404 2566 5477; x_wconf 84' lang='lat' dir='ltr'>Comprehenso</span> <span class='ocrx_word' id='word_1_717' title='bbox 2615 5409 2817 5459; x_wconf 90' lang='lat' dir='ltr'>autem</span> <span class='ocrx_word' id='word_1_718' title='bbox 2874 5408 2934 5457; x_wconf 86' lang='lat' dir='ltr'>et</span> <span class='ocrx_word' id='word_1_719' title='bbox 2980 5404 3178 5459; x_wconf 79' lang='lat' dir='ltr'>Occiso</span> <span class='ocrx_word' id='word_1_720' title='bbox 3237 5410 3443 5460; x_wconf 87' lang='lat' dir='ltr'>sancto</span> <span class='ocrx_word' id='word_1_721' title='bbox 3501 5405 3779 5465; x_wconf 84' lang='lat' dir='ltr'>Simeone</span> 
     </span>
    </p>
   </div>
   <div class='ocr_carea' id='block_1_113' title="bbox 2124 5492 3748 5567">
    <p class='ocr_par' dir='ltr' id='par_1_113' title="bbox 2124 5492 3748 5567">
     <span class='ocr_line' id='line_1_115' title="bbox 2124 5492 3748 5567; baseline -0.001 -15"><span class='ocrx_word' id='word_1_722' title='bbox 2124 5495 2424 5567; x_wconf 88' lang='lat' dir='ltr'>episcopo,</span> <span class='ocrx_word' id='word_1_723' title='bbox 2460 5499 2519 5549; x_wconf 89' lang='lat' dir='ltr'>et</span> <span class='ocrx_word' id='word_1_724' title='bbox 2549 5493 2684 5550; x_wconf 89' lang='lat' dir='ltr'>aliis</span> <span class='ocrx_word' id='word_1_725' title='bbox 2744 5493 2923 5549; x_wconf 88' lang='lat' dir='ltr'>etiam</span> <span class='ocrx_word' id='word_1_726' title='bbox 2971 5492 3249 5564; x_wconf 87' lang='lat' dir='ltr'>plurimis</span> <span class='ocrx_word' id='word_1_727' title='bbox 3306 5510 3441 5549; x_wconf 87' lang='lat' dir='ltr'>cum</span> <span class='ocrx_word' id='word_1_728' title='bbox 3501 5511 3570 5549; x_wconf 85' lang='lat' dir='ltr'>eo</span> <span class='ocrx_word' id='word_1_729' title='bbox 3622 5496 3748 5551; x_wconf 91' lang='lat' dir='ltr'>inte</span> 
     </span>
    </p>
   </div>
   <div class='ocr_carea' id='block_1_114' title="bbox 2122 5580 3780 5655">
    <p class='ocr_par' dir='ltr' id='par_1_114' title="bbox 2122 5580 3780 5655">
     <span class='ocr_line' id='line_1_116' title="bbox 2122 5580 3780 5655; baseline 0.002 -16"><span class='ocrx_word' id='word_1_730' title='bbox 2122 5584 2373 5655; x_wconf 84' lang='lat' dir='ltr'>remptis</span> <span class='ocrx_word' id='word_1_731' title='bbox 2417 5582 2513 5654; x_wconf 90' lang='lat' dir='ltr'>(ab</span> <span class='ocrx_word' id='word_1_732' title='bbox 2559 5583 2687 5655; x_wconf 91' lang='lat' dir='ltr'>ipso</span> <span class='ocrx_word' id='word_1_733' title='bbox 2747 5580 3045 5653; x_wconf 89' lang='lat' dir='ltr'>siquidem</span> <span class='ocrx_word' id='word_1_734' title='bbox 3119 5597 3347 5654; x_wconf 75' lang='lat' dir='ltr'>magnas</span> <span class='ocrx_word' id='word_1_735' title='bbox 3427 5590 3780 5642; x_wconf 78' lang='lat' dir='ltr'>Parasceves</span> 
     </span>
    </p>
   </div>
   <div class='ocr_carea' id='block_1_115' title="bbox 2124 5671 3777 5748">
    <p class='ocr_par' dir='ltr' id='par_1_115' title="bbox 2124 5671 3777 5748">
     <span class='ocr_line' id='line_1_117' title="bbox 2124 5671 3777 5748; baseline 0.001 -18"><span class='ocrx_word' id='word_1_736' title='bbox 2124 5674 2220 5731; x_wconf 80' lang='lat' dir='ltr'>die</span> <span class='ocrx_word' id='word_1_737' title='bbox 2256 5689 2362 5746; x_wconf 88' lang='lat' dir='ltr'>per</span> <span class='ocrx_word' id='word_1_738' title='bbox 2392 5673 2600 5730; x_wconf 86' lang='lat' dir='ltr'>decem</span> <span class='ocrx_word' id='word_1_739' title='bbox 2632 5688 2820 5743; x_wconf 91' lang='lat' dir='ltr'>usque</span> <span class='ocrx_word' id='word_1_740' title='bbox 2879 5676 3203 5742; x_wconf 88' lang='lat' dir='ltr'>sequentes</span> <span class='ocrx_word' id='word_1_741' title='bbox 3249 5671 3377 5727; x_wconf 88' lang='lat' dir='ltr'>dies</span> <span class='ocrx_word' id='word_1_742' title='bbox 3432 5673 3777 5748; x_wconf 89' lang='lat' dir='ltr'>quicunque</span> 
     </span>
    </p>
   </div>
   <div class='ocr_carea' id='block_1_116' title="bbox 2121 5760 3775 5841">
    <p class='ocr_par' dir='ltr' id='par_1_116' title="bbox 2121 5760 3775 5841">
     <span class='ocr_line' id='line_1_118' title="bbox 2121 5760 3775 5841; baseline 0.002 -18"><span class='ocrx_word' id='word_1_743' title='bbox 2121 5762 2789 5840; x_wconf 85' lang='lat' dir='ltr'>comprehendebantur</span> <span class='ocrx_word' id='word_1_744' title='bbox 2842 5761 3184 5834; x_wconf 87' lang='lat' dir='ltr'>Christiani,</span> <span class='ocrx_word' id='word_1_745' title='bbox 3214 5760 3679 5841; x_wconf 81' lang='lat' dir='ltr'>occidebantur),</span> <span class='ocrx_word' id='word_1_746' title='bbox 3711 5764 3775 5827; x_wconf 86' lang='lat' dir='ltr'>hi</span> 
     </span>
    </p>
   </div>
  </div>
