4108 6462
403 402 524 464 403

1727 397 2170 466 MENOIDGII
2211 399 2412 464 PAR!
2455 399 2535 463 II.

3709 386 3831 450 404

401 536 581 591 etiam
615 535 802 592 sancti
856 534 1004 591 tenti
1061 533 1332 602 fuerunt,
1387 539 1447 594 et
1471 551 1610 591 cum
1663 533 1809 606 ipsis
1841 536 2045 590 Azates

2160 529 2243 588 καὶ
2269 534 2489 603 πρῶτος
2543 533 2642 586 τοῦ
2696 524 2991 594 παλπίου,
3049 521 3414 596 ἀγαπώμενος
3467 514 3526 574 δέ
3581 514 3828 608 πλεῖστα

401 626 732 693 eunuchus,
784 627 885 696 qui
937 625 1098 684 dives
1156 631 1302 693 erat,
1337 630 1394 680 et
1424 625 1484 682 in
1515 625 1736 697 palatio
1798 625 2048 697 primus,

2154 621 2244 677 καὶ
2273 623 2590 695 τιμώμενος
2641 609 2760 676 ὑπὸ
2799 623 2900 674 τοῦ
2963 610 3280 686 Σαϐωρίου.
3349 609 3455 666 Καὶ
3515 605 3822 695 παραστάντ

399 715 654 772 dilectus
713 685 1062 786 plurimum,
1113 685 1301 787 atque,
1349 715 1410 772 in
1470 685 1696 772 honore
1745 685 1984 772 habitus
2017 731 2045 773 a

2335 685 2345 695 1
2430 685 2440 694 I
3133 685 3137 686 '
3808 685 3823 704 ἱ

2160 731 2236 774 τες
2293 709 2522 767 ἐνώπιον
2580 714 2678 766 τοῦ
2766 706 3034 785 βασιλέως
3111 701 3200 760 καὶ
3263 698 3671 804 ἐρωτηθὲντεςΛ
3716 708 3826 750 και

2164 801 2173 804 _
2269 799 2283 804 -
2402 802 2409 804 .
2722 800 2732 804 -
2835 799 2868 804 --
3009 796 3020 804 ι
3216 791 3262 804 In
3356 789 3367 804 1
3483 787 3496 804 9

402 795 641 874 Sapore.
677 802 745 857 Hi
773 802 971 874 itaque
1023 821 1223 861 coram
1255 822 1391 876 rege
1423 804 1683 862 adducti.
1717 808 1776 859 et
1804 804 1876 858 ab
1921 804 2045 875 ipso

2160 799 2606 876 ὁμολογήσαντες
2683 800 2777 854 τὸν
2835 796 3061 872 Χριστὸν
3124 789 3403 868 παῤῥησίᾳ
3472 787 3819 876 ἀνῃρέθησαν

401 892 912 964 interrogati,cum
937 893 1236 950 Christum
1259 894 1458 950 animo
1491 893 1816 949 confidenti
1835 893 2054 964 profes-

2153 873 2368 952 πέντεςξ
2403 885 2818 962 Μεταμεληθεὶς
2841 883 2898 942 δὲ
2928 886 2956 940 6
2991 878 3276 958 Σαϐώριος
3311 878 3400 934 ἐπὶ
3457 875 3537 950 τῷ
3598 873 3816 947 θανάτῳ

405 980 453 1036 si
481 987 700 1050 essent,
731 981 976 1038 fuerunt
1015 1000 1224 1039 omnes
1281 983 1645 1055 interempti.
1697 981 2045 1038 Poenitentia

2160 983 2250 1035 τοῦ
2273 977 2430 1054 ἁγίου
2453 978 2632 1050 Ἀζάτ,
2667 977 3083 1050 ἐνομοθέτησεν,
3144 970 3328 1026 ἔκτοτε
3389 969 3466 1040 μή
3497 964 3813 1042 φονεύεσθαι

403 1076 600 1125 autem
635 1069 848 1127 ductus
879 1073 1129 1145 Sapores
1186 1074 1260 1129 ob
1310 1079 1563 1128 mortem
1614 1071 1801 1128 sancti
1833 1071 2048 1140 Azatis,

400 1157 529 1230 lege
573 1159 742 1227 cavit,
788 1177 863 1216 ne
921 1161 1055 1233 quis
1097 1162 1159 1217 in
1208 1167 1515 1234 posterum
1563 1162 1932 1217 Christianus
1980 1159 2352 1216 occideretur
2398 1176 2411 1214 :

397 1247 772 1306 observatum
793 1250 925 1308 fuit.

404 1355 504 1416 50
527 1359 596 1416 Et
624 1364 901 1414 certamen
937 1367 1253 1417 sanctorum
1281 1369 1590 1432 martyrum
1617 1363 1810 1418 Jacobi
1822 1363 2056 1432 presby-

902 1433 1027 1499 teri,
1060 1439 1113 1487 et
1151 1437 1279 1490 Aw
1310 1435 1549 1490 diaconi.

469 1536 571 1591 Isti
597 1553 834 1608 quoque
867 1540 1057 1595 sancti
1078 1547 1372 1614 martyres
1416 1541 1669 1598 Jacobus
1720 1541 2052 1613 presbyter,

404 1629 465 1681 et
492 1631 635 1682 Azes
666 1625 954 1685 diaconus
980 1630 1041 1685 in
1070 1631 1309 1687 Perside
1339 1632 1584 1687 fuerunt
1609 1636 1875 1703 tempore
1922 1647 2050 1702 per.

399 1716 725 1773 secutionis
777 1717 942 1789 impii
1001 1719 1260 1790 Saporis.
1320 1723 1463 1777 Cum
1497 1727 1698 1777 autem
1751 1721 2050 1776 Christum

396 1804 1249 1879 praedicarent,comprehendi
1281 1826 1381 1865 eos
1405 1811 1589 1881 jussit
1617 1810 1898 1881 princeps
1930 1811 2048 1865 Ma-

397 1909 629 1966 gorum,
661 1899 720 1950 et
739 1895 802 1952 in
834 1912 1136 1954 carcerem
1166 1898 1424 1965 detrudi,
1452 1899 1554 1955 ubi
1586 1898 1744 1955 fame
1775 1898 1912 1954 illos
1943 1914 2050 1971 per

398 1984 602 2057 plures
628 1985 756 2042 dies
777 1985 1008 2046 afﬂixit.
1040 1989 1307 2046 Post.th
1329 2006 1360 2044 e
1389 2006 1630 2047 carcere
1661 1989 1928 2055 eductos,
1957 2005 2051 2044 co-

398 2089 530 2132 ram
559 2089 621 2128 se
650 2073 866 2131 adduci
897 2077 1199 2134 mandavit
1217 2083 1277 2133 et
1303 2079 1602 2135 Christum
1623 2079 1916 2152 abnegare
1937 2079 2048 2136 im-

402 2162 577 2235 pulit.
609 2163 754 2220 Cum
785 2181 920 2220 vero
938 2181 1059 2221 non
1091 2167 1897 2240 obtemperassent,primum
1919 2167 2049 2239 qui-

409 2252 547 2308 dem
577 2253 796 2325 sinapi,
820 2260 880 2309 et
935 2261 1168 2311 acetum
1200 2258 1262 2311 in
1287 2258 1555 2329 ipsorum
1587 2275 1764 2315 nares
1796 2259 2006 2330 injecit
2037 2275 2050 2313 :

405 2341 621 2398 deinde
652 2343 1073 2414 denudatos,et
1100 2347 1161 2402 in
1182 2347 1343 2420 ligno
1375 2353 1496 2404 tota
1525 2355 1700 2404 nocte
1732 2366 2053 2421 suspensos

404 2431 622 2503 frigore
652 2432 790 2487 illos
823 2436 1195 2491 excruciavit.
1231 2441 1398 2493 Mane
1430 2444 1630 2494 autem
1675 2437 1869 2496 adhuc
1921 2456 2054 2495 sus-

400 2526 712 2594 pensos.et
730 2522 1130 2597 nudos,virgis
1142 2526 1290 2581 caedi
1321 2528 2053 2599 mandavit,atqueiterum

401 2609 777 2670 incarcerem
800 2611 1312 2670 detrudi.Demum
1331 2632 1360 2670 e
1383 2632 1621 2673 carcere
1638 2617 2054 2690 educti,capite

401 2698 745 2756 obtruncati
773 2705 926 2758 sunt.
965 2702 1077 2758 Sed
1125 2720 1258 2760 cum
1290 2705 1364 2760 ad
1395 2705 1726 2777 proximam
1774 2707 2056 2778 paludem

399 2788 576 2844 lictor
605 2789 1034 2856 descendisset.
1057 2799 1235 2866 atque
1260 2795 1482 2852 ibidem
1516 2813 1718 2852 ensem
1745 2797 2053 2866 abluisset,

404 2877 592 2949 ipsius
621 2879 857 2950 paludis
887 2897 1045 2952 aqua
1075 2882 1136 2938 in
1194 2885 1546 2957 sanguinem
1599 2903 1886 2943 conversa
1917 2892 2006 2944 est
2040 2904 2052 2942 :

402 2971 582 3039 atque
614 2968 695 3023 ita
715 2968 816 3025 diu
846 2973 1200 3044 permansit,
1237 2990 1304 3029 ac
1333 2973 1573 3030 demum
1621 2976 1869 3033 exaruit.

962 3079 1207 3134 EODEM
1247 3082 1501 3138 MENSE.

923 3175 1029 3230 Die
1068 3176 1299 3234 decima
1339 3181 1548 3250 quinta

618 3273 901 3329 Certamen
925 3279 1104 3330 sancti
1145 3281 1406 3348 martyris
1454 3280 1617 3336 Saba?
1648 3281 1842 3337 Gotthi

477 3378 656 3436 Sabas
683 3381 899 3437 Christi
930 3388 1157 3456 martyr
1181 3384 1293 3440 fuit
1322 3403 1392 3441 ex
1423 3387 1665 3457 regione
1683 3389 2054 3459 Gotthorum,

401 3468 818 3526 Valentiniano
841 3471 1218 3544 imperatore.
1235 3476 1376 3530 Cum
1399 3483 1597 3532 autem
1615 3477 1687 3534 ab
1711 3477 2054 3536 adolescen-

404 3557 485 3614 tia
514 3559 884 3616 Christianus
901 3569 1076 3632 esset,
1102 3581 1222 3620 non
1245 3567 1421 3621 modo
1454 3567 1618 3623 cibos
1640 3568 1813 3625 idolis
1836 3569 2053 3624 immo-

401 3646 554 3702 latos
577 3654 879 3705 aversatus
911 3657 1036 3717 est;
1063 3653 1167 3708 sed
1200 3660 1260 3709 et
1287 3655 1455 3720 alios,
1491 3657 1592 3728 qui
1626 3655 1761 3712 illos
1791 3665 2049 3731 gustare,

397 3735 774 3803 volebant,ab
807 3738 880 3793 iis
914 3740 1141 3795 avertit.
1175 3742 1286 3796 Pro
1312 3743 1432 3798 illis
1464 3761 1598 3800 vero
1631 3761 1784 3811 eam,
1810 3763 1941 3818 quas
1965 3747 2054 3802 in-

395 3823 698 3880 Christum
730 3831 839 3894 est,
875 3827 1054 3882 fidem
1087 3846 1448 3901 proponens,
1482 3834 1704 3889 multos
1735 3851 1771 3890 a
1801 3851 1862 3889 se
1908 3853 2048 3893 con-

394 3928 596 3970 versos
625 3911 960 3986 baptizavit.
985 3917 1368 3990 Insurgentes
1390 3922 1640 3993 proinde
1663 3923 1722 3976 in
1748 3940 1883 3978 eum
1915 3925 2046 3980 ido-

394 3999 650 4068 lolatrse,
684 4003 735 4056 vi
771 4004 966 4075 ipsum
994 4021 1063 4060 ex
1094 4007 1325 4065 civitate
1358 4011 1733 4083 expulerunt.
1767 4013 1906 4067 Post
1936 4014 2048 4070 ali-

393 4091 552 4162 quod
570 4098 804 4164 tempus
829 4111 965 4152 cum
977 4098 1372 4156 Athanaricus
1395 4101 1744 4158 Gotthorum
1767 4105 2044 4178 princeps

391 4183 869 4253 persecutionem
927 4186 1212 4245 adversus
1276 4191 1644 4248 Christianos
1707 4195 2040 4266 excitasset,

391 4272 859 4355 comprehensus
889 4275 1002 4332 fuit
1057 4278 1183 4350 ipse
1237 4281 1440 4349 Sabas,
1499 4299 1568 4338 ac
1624 4283 1800 4357 virgis
1830 4302 2038 4342 cassus.

392 4351 614 4417 Deinde
638 4379 848 4420 currus
879 4366 970 4421 axi
998 4366 1377 4441 alligatus,ad
1407 4371 1620 4427 domus
1652 4351 1879 4429 trabem
1911 4392 2039 4430 sus-

390 4466 614 4522 pensus
644 4449 1042 4526 fuit.Cumque
1066 4458 1228 4514 cibos
1251 4458 1428 4517 idolis
1451 4461 1789 4518 immolatos
1802 4470 2038 4536 gustare

390 4547 747 4628 recusasset,
783 4544 857 4600 ad
897 4545 1122 4602 flumen
1171 4548 1485 4618 adductus,
1518 4552 1724 4624 grandi
1756 4553 1915 4628 ligno
1965 4555 2036 4611 ad

388 4627 612 4716 collum
643 4631 905 4704 alligato,
965 4636 1026 4691 in
1085 4637 1234 4692 illud
1275 4641 1575 4712 projectus
1608 4627 2036 4716 demersusque

386 4714 518 4782 fuit,
575 4735 709 4774 cum
761 4739 882 4778 sum
935 4727 1147 4793 aetatis,
1225 4745 1448 4788 annum
1521 4739 1722 4805 ageret
1803 4714 2036 4808 trigesi-

387 4821 552 4861 mum
584 4808 844 4879 primum
880 4829 892 4866 :
926 4820 1104 4887 atque
1148 4818 1230 4874 ita
1285 4820 1562 4876 alacriter
1614 4823 1688 4878 ad
1738 4824 2036 4880 Christum

386 4894 679 4969 migravit.

384 5017 480 5075 51
508 5023 581 5077 Et
607 5029 880 5112 certamea
917 5038 1246 5112 sanctorum
1291 5037 1776 5112 apostolorumet
1803 5041 2032 5112 Septua-

596 5103 778 5164 ginta,
819 5103 1158 5171 Aristarchi,
1206 5103 1391 5176 Padaz,
1439 5115 1491 5163 et
1527 5109 1817 5180 Trophim'.

455 5203 524 5260 Hi
557 5209 674 5261 tres
702 5209 890 5264 sancti
913 5211 1127 5268 Christi
1153 5215 1406 5285 apostoli
1437 5217 2035 5284 Aristarchus,Pudes

379 5307 450 5381 ac
475 5293 850 5366 Trophimus,
885 5316 1020 5356 cum
1052 5309 1253 5358 essent
1296 5321 1364 5359 ex
1398 5308 1775 5380 septuaginta
1802 5317 2035 5381 aposto-

377 5379 475 5472 lis,
509 5385 696 5440 secuti
722 5393 864 5443 sunt
893 5405 1171 5464 magnum
1216 5395 1553 5464 apostolum
1576 5379 1858 5466 Paulum,
1881 5418 2030 5472 prte-

383 5469 653 5530 dicautes
681 5476 859 5532 etiam
882 5478 995 5550 ipsi
1028 5479 1351 5553 Christum,
1385 5501 1452 5542 ac
1499 5487 1745 5544 verbum
1770 5469 2034 5546 veri—tatis

385 5559 741 5620 edocentes:
776 5582 898 5622 una
957 5585 1092 5624 cum
1152 5571 1417 5643 ipsorum
1472 5577 1756 5649 magistro
1818 5579 2030 5636 iisdem

384 5654 667 5741 inrumpis
693 5656 911 5724 aﬂ'ecti,
947 5659 1194 5734 ejusque
1230 5663 1292 5718 in
1327 5667 1606 5725 omnibus
1662 5672 2029 5741 persecutio-

387 5736 559 5795 nibus
577 5749 1162 5808 consortesD‘emum
1179 5754 1378 5811 Roma;
1408 5763 1541 5829 post
1564 5736 1726 5818 illius
1750 5766 2027 5832 mortem,

2173 1069 2514 1142 Χριστιανόν’
2547 1067 2637 1123 καὶ
2668 1065 2957 1144 ἐφυλάχθη
3008 1061 3110 1126 ἕως
3143 1063 3357 1134 καιροῦ.

2463 1164 2522 1214 et
2568 1159 2643 1215 ad
2689 1158 2931 1231 aliquod
2972 1162 3206 1228 tempus
3236 1147 3531 1224 ejusmodi
3563 1146 3826 1204 edictum

2165 1357 2265 1412 Kal
2297 1356 2528 1427 ἄθλησις
2555 1359 2664 1412 τῶν
2699 1357 2872 1431 ἁγίων.
2901 1353 3190 1431 μαρτύρων
3225 1341 3490 1431 Ἰακώϐου
3521 1337 3824 1418 πρεσϐυτὲ-

2627 1421 2758 1503 ρου,’
2792 1428 2880 1482 καὶ
2902 1421 2987 1482 ”’Ᾱ
2998 1430 3060 1495 ζη
3083 1421 3351 1479 ’διακόνου

2233 1539 2334 1595 Kal
2395 1536 2544 1594 οὗτοι
2605 1539 2656 1593 οἱ
2718 1538 2866 1612 ἅγιοι
2925 1537 3192 1610 μάρτυρες
3253 1522 3513 1588 Ἰάκωϐος
3555 1518 3824 1598 πρέσϐυς,

2156 1629 2249 1684 καὶ
2283 1630 2454 1699 Ἀζης
2511 1631 2540 1683 ὸ
2594 1625 2868 1693 διάκονος,
2929 1624 2982 1679 ἐν
3054 1618 3274 1696 Περσίδι
3348 1619 3626 1699 ὑπῆρχον,
3684 1613 3826 1668 κατὰ

2157 1719 2249 1773 τὸν
2283 1719 2470 1790 καιρὸν
2501 1721 2597 1772 τοῦ
2639 1715 2894 1791 διωγμοῦ
2958 1713 3056 1768 τοῦ
3111 1707 3436 1785 παρανόμου
3496 1698 3815 1777 Σαϐωρίου”

2159 1806 2528 1881 κηρύττοντας
2581 1803 2640 1862 δὲ
2695 1807 2786 1861 τὸν
2843 1803 3073 1879 Χριστὸν
3133 1802 3407 1877 κρατήσας
3447 1799 3476 1852 6
3535 1792 3814 1881 ’Δρχιμάο

2153 1879 2278 1971 γος,
2309 1890 2554 1951 ἐνέϐαλεν
2597 1896 2676 1957 είς
2725 1893 2972 1973 φυλακὴν
2982 1937 2998 1964 ,
3031 1890 3184 1965 λιμῷ
3221 1888 3460 1949 κολάσας
3492 1882 3692 1945 αὐτοὺς
3723 1879 3816 1973 ἐπὶ

2162 1985 2404 2050 πολλαῖς
2428 1981 2685 2062 ἡμέραις.
2738 1971 2845 2044 Καὶ
2901 1984 3037 2058 μετά
3070 1987 3239 2040 ταῦτα
3266 1986 3369 2048 τῆς
3421 1974 3672 2054 φυλακῆς
3719 1971 3812 2028 ἐκο

2165 2074 2375 2149 ϐαλὼν,
2433 2078 2523 2132 καὶ
2575 2075 2807 2132 ἐνώπιον
2863 2074 3027 2130 αὑτοῦ
3098 2073 3332 2149 ἀγαγὼν,
3407 2067 3814 2140 κατηνάγκαζεν

2165 2168 2497 2243 ἀρνήσασθαι
2523 2166 2616 2221 τὸν
2645 2163 2902 2239 Χριστόν.
2936 2163 3027 2231 Μὴ
3067 2157 3424 2233 πειθομένους
3455 2157 3533 2227 δὲ,
3587 2159 3806 2243 πρῶτον

2169 2237 2262 2332 μὶν
2291 2237 2482 2311 σίναπι
2516 2255 2650 2328 μετά
2688 2237 2844 2326 ϐξους
2873 2257 2991 2313 τοῖς
3052 2257 3353 2324 μυκτῆρσιν
3408 2248 3578 2304 αὐτῶν
3629 2237 3807 2300 ἐνέϐα-

2168 2347 2280 2404 λεν·
2323 2345 2509 2402 ἔπειτα
2557 2348 2781 2420 γυμνῶν
2834 2340 3050 2411 αὐτοὺς,
3099 2341 3188 2395 καὶ
3246 2343 3462 2415 κρεμῶν
3515 2337 3603 2393 ἐπὶ
3635 2335 3812 2410 ξύλων

2164 2437 2303 2491 κατά
2329 2436 2514 2502 νύκτα,
2576 2433 2837 2509 ἐτιμώρει
2888 2437 2970 2505 τῷ
3005 2429 3181 2507 κρύει.
3215 2430 3313 2486 Καὶ
3369 2429 3457 2484 ἐπὶ
3496 2426 3708 2504 πρωίας
3737 2421 3819 2482 ἔτι

2163 2522 2556 2602 κρεμωμένους
2623 2521 2868 2598 γυμνοὺς
2924 2516 3117 2577 ἔτυπτε
3173 2515 3418 2597 ῥάϐδοις,
3500 2517 3590 2573 καὶ
3648 2513 3816 2572 πάλιν

2166 2611 2539 2685 ἐνεϐλήθησαν
2574 2613 2648 2676 εἰς
2681 2615 2954 2683 φυλακην·
2989 2613 3204 2681 καὶτῆς
3262 2609 3509 2688 φυλακῆς
3563 2605 3817 2678 ἐξελθόν-

2163 2727 2251 2766 τες
2305 2703 2834 2780 ἀπεκεφαλίσθησαν.
2897 2701 3266 2763 Κατελθόντος
3329 2696 3388 2755 δὲ
3435 2701 3532 2753 τοῦ
3609 2694 3818 2770 δημίου

2165 2795 2243 2858 είς
2273 2795 2371 2863 τὴν
2404 2795 2804 2869 παρακειμένην
2852 2793 3081 2866 λίμνην,
3114 2791 3204 2846 καὶ
3254 2791 3317 2846 τὸ
3365 2791 3520 2865 ξίφος
3579 2786 3816 2842 πλύναν-

2163 2905 2277 2954 τος,
2313 2878 2630 2957 μετεϐλήθη
2659 2884 2722 2938 τὸ
2753 2879 2901 2958 ὕδωρ
2959 2881 3128 2951 αὐτῆς
3188 2880 3265 2946 είς
3322 2881 3477 2953 αἷμα,
3511 2877 3602 2934 καὶ
3660 2877 3816 2951 διήρ-

2164 2994 2312 3029 κεσεν
2345 2971 2434 3028 ἐπὶ
2456 2971 2621 3028 πολύ·
2659 2973 2773 3028 εἶτα
2806 2970 3095 3046 ἐξηράνθη.

2737 3083 2920 3140 MHNI
2949 3083 3041 3160 Τᾳ
3074 3083 3248 3138 ΑῘΤΩ

2951 3179 3030 3236 IE’

2241 3278 2514 3351 ’Ἂθλησις
2541 3284 2639 3334 τοῦ
2671 3279 2830 3356 ἁγίου
2865 3279 3138 3356 μάρτυρος
3171 3273 3320 3334 Σάϐα
3366 3283 3464 3334 τοῦ
3517 3277 3740 3336 Γότθου.

2238 3392 2418 3460 Σάϐας
2470 3399 2498 3453 6
2545 3401 2640 3454 τοῦ
2699 3401 2936 3474 Χριστοῦ
2999 3399 3226 3472 μάρτυς,
3280 3399 3346 3466 ἦν
3409 3396 3502 3469 μὲν
3563 3393 3652 3450 ἐπὶ
3709 3401 3811 3464 τῆς

2168 3486 2449 3561 βασιλείας
2477 3486 2946 3559 Οὐαλεντινιανοῦ,
2977 3485 3038 3543 ἐκ
3063 3493 3164 3557 τῆς
3211 3487 3401 3562 χώρας
3436 3484 3494 3542 δὲ
3547 3489 3657 3540 τῶν
3690 3490 3817 3539 For-

2163 3576 2289 3630 θων·
2326 3575 2386 3631 ἐκ
2415 3574 2668 3633 παιδόθεν
2722 3574 2780 3632 δὲ
2837 3577 3158 3652 Χριστιανὸς
3211 3571 3309 3647 ὥν,
3365 3575 3428 3630 ού
3489 3573 3654 3648 μόνον
3685 3575 3817 3630 ἀπε-

2161 3667 2416 3743 στρέφετο
2473 3665 2540 3721 τὰ
2595 3665 2932 3722 εἴδωλόθυτα
2993 3666 3278 3741 βρώματα,
3337 3664 3487 3720 ἀλλά
3540 3663 3629 3719 καὶ
3686 3661 3816 3726 τοὺς

2164 3754 2537 3829 βουλομένους
2623 3754 2799 3811 αὐτῶν
2860 3755 3216 3831 ἀπογεύεσθαι
3276 3751 3595 3810 διεκώλυεν.
3658 3752 3810 3812 ’Λντὶ

2159 3839 2218 3897 δὲ
2265 3843 2442 3899 αὐτῶν
2500 3846 2600 3914 τήν
2658 3843 2736 3908 εἲς
2790 3845 3022 3920 Χριστὸν
3109 3842 3290 3900 πίστιν
3351 3839 3802 3918 παρατιθέμενος,

2153 3931 2402 3998 πολλοὺς
2452 3933 2788 4011 ἐπιστρέφων
2847 3929 3152 4004 ἐϐάπτιζεν.
3231 3931 3641 3990 Ἐπισυστάντες
3704 3931 3798 3985 οὗν

2155 4021 2303 4095 αύτῷ
2336 4024 2392 4077 οἱ
2424 4021 2848 4098 είὸωλολάτραι,
2913 4024 3004 4099 βίᾳ
3052 4027 3153 4089 τῆς
3211 4020 3424 4082 πόλεως
3481 4017 3790 4089 ἀπήλασαν.

2151 4111 2301 4166 Μετᾶ
2331 4108 2389 4167 δὶ
2417 4111 2620 4187 χρόνον
2649 4112 2792 4183 τινὰ,
2824 4114 3194 4189 Ἀθαναρίχου
3239 4115 3338 4166 τοῦ
3392 4107 3656 4184 ἄρχοντος
3681 4111 3790 4162 τῶν

2151 4201 2366 4257 Γότθων
2407 4199 2650 4278 διωγμὸν
2707 4203 3026 4273 κινήσαντος
3083 4202 3218 4257 κατά
3268 4205 3377 4256 τῶν
3437 4202 3804 4272 Χριστιανῶν,

2149 4290 2441 4365 κρατηθεὶς
2499 4290 2719 4370 ἐτύφθη.
2785 4293 2916 4348 Εἶτα
2965 4292 3018 4346 ἐν
3076 4295 3156 4364 τῷ
3219 4297 3320 4360 τῆς
3381 4290 3592 4364 ἁμάξης
3659 4288 3804 4359 ἄξονι

2148 4377 2488 4454 προσδεθεὶς,
2548 4379 2636 4434 ἐπὶ
2693 4383 2792 4450 τήν
2855 4379 3014 4436 δοκὸν
3078 4388 3177 4450 τῆς
3232 4380 3408 4442 οίκίας
3467 4378 3800 4454 ἐκρεμάσθη.

2148 4471 2251 4527 Καὶ
2337 4470 2733 4545 ἀπογεύσασθαι
2793 4469 2899 4525 τῶν
2953 4467 3332 4534 εἰδωλοθύτων
3402 4469 3479 4540 μή
3538 4467 3798 4531 πεισθεὶς,

2146 4557 2299 4630 ἤχθη
2334 4559 2422 4615 ἐπὶ
2452 4561 2544 4616 τὸν
2575 4561 2844 4634 ποταμόν.
2885 4560 2988 4618 Καὶ
3043 4557 3360 4636 προσδεθεὶς
3391 4556 3540 4630 ξύλῳ
3575 4555 3800 4632 μεγάλῳ

2148 4649 2378 4704 ἀπὸτοῦ
2407 4649 2719 4726 τραχήλου,
2778 4649 2867 4704 καὶ
2929 4649 3124 4728 ῥιφεὶς,
3187 4649 3239 4704 ἐν
3296 4647 3443 4719 αύτῷ
3501 4647 3799 4721 ἀπεπνίγη,

2149 4736 2366 4813 χρόνων
2425 4738 2686 4814 ὑπάρχων
2761 4741 3052 4812 τριάκοντα
3135 4739 3225 4793 καὶ
3283 4737 3421 4799 ἑνός’
3481 4738 3568 4793 καὶ
3658 4736 3802 4790 οὕτω

2148 4827 2450 4901 προθύμως
2480 4825 2751 4905 ἀνέδραμε
2777 4829 2914 4903 πρὸς
2951 4829 3207 4904 Χριστόν.

2219 5036 2318 5092 Καὶ
2355 5032 2586 5112 ἄθλησις
2616 5040 2724 5092 τῶν
2779 5038 2977 5112 ἁγίων⁸
3011 5035 3334 5112 ἀποστόλων
3502 5039 3609 5092 τῶν
3644 5028 3724 5107 0',

2397 5109 2786 5185 Ἀριστάρχου,
2827 5106 3050 5181 Ἰῐούδη,
3107 5110 3198 5164 καὶ
3237 5110 3544 5188 Τροφίμου.

2215 5225 2284 5283 Οἱ
2309 5231 2456 5300 τρεῖς
2488 5223 2638 5282 οὗτοι
2671 5227 2817 5300 ἅγιοι
2849 5224 3149 5283 ἀπόστολοι
3198 5231 3297 5281 τοῦ
3340 5227 3602 5300 Χριστοῦ,
3652 5224 3791 5298 ’Δρίσ

2144 5334 2404 5390 σταρχος,
2459 5313 2682 5387 Πούδης
2738 5317 2826 5372 καὶ
2881 5319 3184 5395 Τρόφιμος,
3241 5317 3302 5374 ἐκ
3356 5321 3463 5372 τῶν
3553 5311 3797 5389 ἐϐδομή-

2142 5425 2306 5459 κοντα
2344 5404 2669 5461 ἀποστόλων
2731 5407 3089 5482 ὑπάρχοντες,
3149 5405 3499 5477 ἠκολούθουν
3561 5409 3640 5478 τῷ
3700 5426 3798 5479 με·

2138 5489 2296 5567 γάλῳ
2322 5493 2613 5566 ἑποστόλῳ
2646 5493 2872 5568 Παύλῳ,
2923 5495 3283 5570 κηρύττοντες
3339 5495 3430 5550 καὶ
3488 5493 3645 5549 αὐτοὶ
3703 5494 3792 5548 τὸν

2140 5581 2400 5656 Χριστὸν,
2432 5581 2524 5638 καὶ
2579 5583 2672 5637 τὸν
2721 5581 2893 5658 λόγον
2945 5588 3044 5650 τῆς
3100 5583 3360 5654 ἀληθείας
3419 5580 3789 5648 διδάσκοντες,

2139 5672 2229 5726 καὶ
2291 5674 2820 5746 συγκακοπαθοῦντες
2867 5674 2947 5746 τῷ
3005 5671 3318 5748 διδασκάλῳ
3374 5673 3427 5729 ἐν
3480 5677 3613 5728 πᾶσι
3669 5677 3788 5734 τοῖς

2141 5759 2407 5838 διωγμοῖς
2463 5763 2648 5819 αὑτοῦ·
2706 5761 2797 5818 καὶ
2872 5765 3032 5829 τέλος
3091 5763 3142 5820 ἓν
3227 5764 3430 5839 Ῥώμῃ,
3494 5763 3630 5836 μετά
3691 5764 3786 5818 τὸν
