  <div class='ocr_page' id='page_1' title='image "/cluster/home/n/w/nwhite01/storage/ocr_20150623/117/coo.31924054870211/212.png"; bbox 0 0 4108 6422; ppageno 0'>
   <div class='ocr_carea' id='block_1_1' title="bbox 322 367 446 429">
    <p class='ocr_par' dir='ltr' id='par_1_1' title="bbox 322 367 446 429">
     <span class='ocr_line' id='line_1_1' title="bbox 322 367 446 429; baseline -0.008 0"><span class='ocrx_word' id='word_1_1' title='bbox 322 367 446 429; x_wconf 70' lang='grc'><strong>405</strong></span> 
     </span>
    </p>
   </div>
   <div class='ocr_carea' id='block_1_2' title="bbox 1877 366 2217 437">
    <p class='ocr_par' dir='ltr' id='par_1_2' title="bbox 1877 366 2217 437">
     <span class='ocr_line' id='line_1_2' title="bbox 1877 366 2217 437; baseline 0.009 -10"><span class='ocrx_word' id='word_1_2' title='bbox 1877 366 2217 437; x_wconf 72' lang='lat' dir='ltr'><strong>APRJLIS.</strong></span> 
     </span>
    </p>
   </div>
   <div class='ocr_carea' id='block_1_3' title="bbox 3648 374 3769 434">
    <p class='ocr_par' dir='ltr' id='par_1_3' title="bbox 3648 374 3769 434">
     <span class='ocr_line' id='line_1_3' title="bbox 3648 374 3769 434; baseline 0.025 -3"><span class='ocrx_word' id='word_1_3' title='bbox 3648 374 3769 434; x_wconf 70' lang='grc'><strong>406</strong></span> 
     </span>
    </p>
   </div>
   <div class='ocr_carea' id='block_1_4' title="bbox 330 496 1977 574">
    <p class='ocr_par' dir='ltr' id='par_1_4' title="bbox 330 496 1977 574">
     <span class='ocr_line' id='line_1_4' title="bbox 330 496 1977 574; baseline -0.002 -16"><span class='ocrx_word' id='word_1_4' title='bbox 330 496 539 558; x_wconf 70' lang='grc' dir='ltr'>ἰκείνου</span> <span class='ocrx_word' id='word_1_5' title='bbox 575 499 833 572; x_wconf 86' lang='grc' dir='ltr'>θάνατον,</span> <span class='ocrx_word' id='word_1_6' title='bbox 876 498 965 554; x_wconf 85' lang='grc' dir='ltr'><strong>καὶ</strong></span> <span class='ocrx_word' id='word_1_7' title='bbox 996 498 1097 570; x_wconf 71' lang='grc' dir='ltr'><strong>τὴν</strong></span> <span class='ocrx_word' id='word_1_8' title='bbox 1154 498 1291 574; x_wconf 83' lang='grc' dir='ltr'>πρὸς</span> <span class='ocrx_word' id='word_1_9' title='bbox 1347 496 1544 574; x_wconf 78' lang='grc' dir='ltr'>Κύριον</span> <span class='ocrx_word' id='word_1_10' title='bbox 1587 498 1751 572; x_wconf 74' lang='grc' dir='ltr'>ἡμῶν</span> <span class='ocrx_word' id='word_1_11' title='bbox 1782 499 1977 568; x_wconf 67' lang='grc' dir='ltr'><strong>Ἰησοίὶε</strong></span> 
     </span>
    </p>
   </div>
   <div class='ocr_carea' id='block_1_5' title="bbox 2094 496 3767 574">
    <p class='ocr_par' dir='ltr' id='par_1_5' title="bbox 2113 502 3767 564">
     <span class='ocr_line' id='line_1_5' title="bbox 2113 502 3767 564; baseline 0.002 -6"><span class='ocrx_word' id='word_1_12' title='bbox 2113 508 2172 559; x_wconf 89' lang='lat' dir='ltr'><strong>et</strong></span> <span class='ocrx_word' id='word_1_13' title='bbox 2191 502 2266 561; x_wconf 91' lang='lat' dir='ltr'><strong>ad</strong></span> <span class='ocrx_word' id='word_1_14' title='bbox 2294 506 2495 564; x_wconf 79' lang='lat' dir='ltr'><strong>Jesum</strong></span> <span class='ocrx_word' id='word_1_15' title='bbox 2526 506 2825 564; x_wconf 79' lang='lat' dir='ltr'><strong>Christum</strong></span> <span class='ocrx_word' id='word_1_16' title='bbox 2884 506 3205 564; x_wconf 89' lang='lat' dir='ltr'><strong>Deminum</strong></span> <span class='ocrx_word' id='word_1_17' title='bbox 3254 509 3527 563; x_wconf 88' lang='lat' dir='ltr'><strong>nostrum</strong></span> <span class='ocrx_word' id='word_1_18' title='bbox 3560 521 3631 562; x_wconf 79' lang='lat' dir='ltr'><strong>ex</strong></span> <span class='ocrx_word' id='word_1_19' title='bbox 3653 505 3767 561; x_wconf 85' lang='lat' dir='ltr'><strong>hac</strong></span> 
     </span>
    </p>
   </div>
   <div class='ocr_carea' id='block_1_6' title="bbox 333 585 1994 667">
    <p class='ocr_par' dir='ltr' id='par_1_6' title="bbox 333 585 1994 667">
     <span class='ocr_line' id='line_1_6' title="bbox 333 585 1994 667; baseline -0.001 -23"><span class='ocrx_word' id='word_1_20' title='bbox 333 590 570 667; x_wconf 77' lang='grc' dir='ltr'>Χριστὸν</span> <span class='ocrx_word' id='word_1_21' title='bbox 626 585 924 661; x_wconf 68' lang='grc' dir='ltr'>ὲκδημίαν,</span> <span class='ocrx_word' id='word_1_22' title='bbox 973 588 1065 644; x_wconf 81' lang='grc' dir='ltr'><strong>καὶ</strong></span> <span class='ocrx_word' id='word_1_23' title='bbox 1125 588 1279 643; x_wconf 78' lang='grc' dir='ltr'>αὐτοὶ</span> <span class='ocrx_word' id='word_1_24' title='bbox 1330 589 1427 652; x_wconf 86' lang='grc' dir='ltr'><strong>τάς</strong></span> <span class='ocrx_word' id='word_1_25' title='bbox 1481 589 1627 663; x_wconf 74' lang='grc' dir='ltr'>ἱερὰς</span> <span class='ocrx_word' id='word_1_26' title='bbox 1687 587 1860 644; x_wconf 76' lang='grc' dir='ltr'>αὐτῶν</span> <span class='ocrx_word' id='word_1_27' title='bbox 1905 610 1994 644; x_wconf 80' lang='grc' dir='ltr'>κεο</span> 
     </span>
    </p>
   </div>
   <div class='ocr_carea' id='block_1_7' title="bbox 333 677 1993 759">
    <p class='ocr_par' dir='ltr' id='par_1_7' title="bbox 333 677 1993 759">
     <span class='ocr_line' id='line_1_7' title="bbox 333 677 1993 759; baseline -0.001 -22"><span class='ocrx_word' id='word_1_28' title='bbox 333 680 510 759; x_wconf 70' lang='grc' dir='ltr'>φαλάς</span> <span class='ocrx_word' id='word_1_29' title='bbox 546 680 652 735; x_wconf 85' lang='grc' dir='ltr'>ὑπὸ</span> <span class='ocrx_word' id='word_1_30' title='bbox 702 678 958 754; x_wconf 68' lang='grc' dir='ltr'>Νέρωνος</span> <span class='ocrx_word' id='word_1_31' title='bbox 1014 683 1111 733; x_wconf 80' lang='grc' dir='ltr'><strong>τοῦ</strong></span> <span class='ocrx_word' id='word_1_32' title='bbox 1168 678 1518 757; x_wconf 74' lang='grc' dir='ltr'>παράφρονος</span> <span class='ocrx_word' id='word_1_33' title='bbox 1576 677 1993 752; x_wconf 71' lang='grc' dir='ltr'>ἀπετμήθησαν.</span> 
     </span>
    </p>
   </div>
   <div class='ocr_carea' id='block_1_8' title="bbox 328 762 1992 845">
    <p class='ocr_par' dir='ltr' id='par_1_8' title="bbox 328 762 1992 845">
     <span class='ocr_line' id='line_1_8' title="bbox 328 762 1992 845; baseline -0.002 -18"><span class='ocrx_word' id='word_1_34' title='bbox 328 775 509 827; x_wconf 78' lang='grc' dir='ltr'>Ταῦτα</span> <span class='ocrx_word' id='word_1_35' title='bbox 540 770 642 845; x_wconf 68' lang='grc' dir='ltr'><strong>γὰρ</strong></span> <span class='ocrx_word' id='word_1_36' title='bbox 697 769 725 823; x_wconf 75' lang='grc' dir='ltr'>ὁ</span> <span class='ocrx_word' id='word_1_37' title='bbox 756 770 1155 843; x_wconf 78' lang='grc' dir='ltr'>τρισμακάριος</span> <span class='ocrx_word' id='word_1_38' title='bbox 1209 768 1299 823; x_wconf 88' lang='grc' dir='ltr'>καὶ</span> <span class='ocrx_word' id='word_1_39' title='bbox 1354 762 1654 828; x_wconf 74' lang='grc' dir='ltr'>πανόλϐιος</span> <span class='ocrx_word' id='word_1_40' title='bbox 1712 768 1992 844; x_wconf 86' lang='grc' dir='ltr'>Δωρόθεος</span> 
     </span>
    </p>
   </div>
   <div class='ocr_carea' id='block_1_9' title="bbox 326 853 1989 934">
    <p class='ocr_par' dir='ltr' id='par_1_9' title="bbox 326 853 1989 934">
     <span class='ocr_line' id='line_1_9' title="bbox 326 853 1989 934; baseline -0.004 -17"><span class='ocrx_word' id='word_1_41' title='bbox 326 861 379 918; x_wconf 67' lang='grc' dir='ltr'>ἐν</span> <span class='ocrx_word' id='word_1_42' title='bbox 432 862 628 933; x_wconf 75' lang='grc' dir='ltr'><strong>Ῥώμῃ</strong></span> <span class='ocrx_word' id='word_1_43' title='bbox 690 858 969 934; x_wconf 87' lang='grc' dir='ltr'>γεγονὼς,</span> <span class='ocrx_word' id='word_1_44' title='bbox 1030 854 1121 913; x_wconf 76' lang='grc' dir='ltr'><strong>διὰ</strong></span> <span class='ocrx_word' id='word_1_45' title='bbox 1194 858 1512 931; x_wconf 76' lang='grc' dir='ltr'>Ῥωμαϊκῆς</span> <span class='ocrx_word' id='word_1_46' title='bbox 1592 853 1880 912; x_wconf 71' lang='grc' dir='ltr'>διαλέκτου</span> <span class='ocrx_word' id='word_1_47' title='bbox 1937 855 1989 912; x_wconf 80' lang='grc' dir='ltr'>ἐν</span> 
     </span>
    </p>
   </div>
   <div class='ocr_carea' id='block_1_10' title="bbox 323 945 1990 1022">
    <p class='ocr_par' dir='ltr' id='par_1_10' title="bbox 323 945 1990 1022">
     <span class='ocr_line' id='line_1_10' title="bbox 323 945 1990 1022; baseline -0.004 -15"><span class='ocrx_word' id='word_1_48' title='bbox 323 950 702 1022; x_wconf 77' lang='grc' dir='ltr'>’Υπομνήσεσι</span> <span class='ocrx_word' id='word_1_49' title='bbox 735 946 1128 1003; x_wconf 66' lang='grc' dir='ltr'>καταλελοιπε⁶</span> <span class='ocrx_word' id='word_1_50' title='bbox 1161 947 1250 1002; x_wconf 78' lang='grc' dir='ltr'><strong>καὶ</strong></span> <span class='ocrx_word' id='word_1_51' title='bbox 1284 946 1346 1002; x_wconf 83' lang='grc' dir='ltr'>οὐ</span> <span class='ocrx_word' id='word_1_52' title='bbox 1382 948 1547 1021; x_wconf 89' lang='grc' dir='ltr'>μόνον</span> <span class='ocrx_word' id='word_1_53' title='bbox 1581 945 1704 1022; x_wconf 84' lang='grc' dir='ltr'>περῖ</span> <span class='ocrx_word' id='word_1_54' title='bbox 1758 946 1990 1017; x_wconf 74' lang='grc' dir='ltr'>τούτων,</span> 
     </span>
    </p>
   </div>
   <div class='ocr_carea' id='block_1_11' title="bbox 325 1033 1987 1110">
    <p class='ocr_par' dir='ltr' id='par_1_11' title="bbox 325 1033 1987 1110">
     <span class='ocr_line' id='line_1_11' title="bbox 325 1033 1987 1110; baseline -0.003 -14"><span class='ocrx_word' id='word_1_55' title='bbox 325 1037 594 1096; x_wconf 72' lang='grc' dir='ltr'>ἀλλὰκαὶ</span> <span class='ocrx_word' id='word_1_56' title='bbox 629 1036 759 1110; x_wconf 87' lang='grc' dir='ltr'>περὶ</span> <span class='ocrx_word' id='word_1_57' title='bbox 805 1041 913 1092; x_wconf 89' lang='grc' dir='ltr'><strong>τῶν</strong></span> <span class='ocrx_word' id='word_1_58' title='bbox 977 1035 1188 1092; x_wconf 83' lang='grc' dir='ltr'>λοιπῶν</span> <span class='ocrx_word' id='word_1_59' title='bbox 1253 1035 1597 1106; x_wconf 82' lang='grc' dir='ltr'><strong>ἀποστόλων,</strong></span> <span class='ocrx_word' id='word_1_60' title='bbox 1649 1037 1735 1091; x_wconf 82' lang='grc' dir='ltr'><strong>καὶ</strong></span> <span class='ocrx_word' id='word_1_61' title='bbox 1798 1033 1987 1091; x_wconf 82' lang='grc' dir='ltr'>ἄλλων</span> 
     </span>
    </p>
   </div>
   <div class='ocr_carea' id='block_1_12' title="bbox 327 1127 1989 1206">
    <p class='ocr_par' dir='ltr' id='par_1_12' title="bbox 327 1127 1989 1206">
     <span class='ocr_line' id='line_1_12' title="bbox 327 1127 1989 1206; baseline -0.003 -19"><span class='ocrx_word' id='word_1_62' title='bbox 327 1128 558 1187; x_wconf 82' lang='grc' dir='ltr'>πολλῶν</span> <span class='ocrx_word' id='word_1_63' title='bbox 592 1130 790 1204; x_wconf 77' lang='grc' dir='ltr'>ἁγίων,</span> <span class='ocrx_word' id='word_1_64' title='bbox 824 1127 970 1184; x_wconf 81' lang='grc' dir='ltr'>ἀλλὰ</span> <span class='ocrx_word' id='word_1_65' title='bbox 1000 1128 1087 1183; x_wconf 76' lang='grc' dir='ltr'><strong>καὶ</strong></span> <span class='ocrx_word' id='word_1_66' title='bbox 1121 1128 1244 1201; x_wconf 80' lang='grc' dir='ltr'>περὶ</span> <span class='ocrx_word' id='word_1_67' title='bbox 1296 1133 1405 1184; x_wconf 87' lang='grc' dir='ltr'><strong>τῶν</strong></span> <span class='ocrx_word' id='word_1_68' title='bbox 1465 1128 1630 1203; x_wconf 68' lang='grc' dir='ltr'>ἱερῶν</span> <span class='ocrx_word' id='word_1_69' title='bbox 1692 1131 1989 1206; x_wconf 81' lang='grc' dir='ltr'>προφητῶν</span> 
     </span>
    </p>
   </div>
   <div class='ocr_carea' id='block_1_13' title="bbox 326 1214 1987 1297">
    <p class='ocr_par' dir='ltr' id='par_1_13' title="bbox 326 1214 1987 1297">
     <span class='ocr_line' id='line_1_13' title="bbox 326 1214 1987 1297; baseline -0.002 -21"><span class='ocrx_word' id='word_1_70' title='bbox 326 1217 878 1295; x_wconf 68' lang='grc' dir='ltr'>ἱστόρησεν·ἐγὲνετο</span> <span class='ocrx_word' id='word_1_71' title='bbox 910 1219 1014 1294; x_wconf 74' lang='grc' dir='ltr'><strong>γὰρ</strong></span> <span class='ocrx_word' id='word_1_72' title='bbox 1070 1218 1098 1273; x_wconf 83' lang='grc' dir='ltr'><strong>ὁ</strong></span> <span class='ocrx_word' id='word_1_73' title='bbox 1155 1218 1308 1295; x_wconf 76' lang='grc' dir='ltr'>ἅγιος</span> <span class='ocrx_word' id='word_1_74' title='bbox 1370 1214 1440 1272; x_wconf 90' lang='grc' dir='ltr'><strong>δι’</strong></span> <span class='ocrx_word' id='word_1_75' title='bbox 1497 1217 1720 1297; x_wconf 72' lang='grc' dir='ltr'>εὖφυῒαν</span> <span class='ocrx_word' id='word_1_76' title='bbox 1764 1216 1987 1288; x_wconf 78' lang='grc' dir='ltr'>πολλὴν</span> 
     </span>
    </p>
   </div>
   <div class='ocr_carea' id='block_1_14' title="bbox 317 1307 1625 1385">
    <p class='ocr_par' dir='ltr' id='par_1_14' title="bbox 317 1307 1625 1385">
     <span class='ocr_line' id='line_1_14' title="bbox 317 1307 1625 1385; baseline -0.005 -17"><span class='ocrx_word' id='word_1_77' title='bbox 317 1309 684 1385; x_wconf 75' lang='grc' dir='ltr'>πολυμαθὴς,</span> <span class='ocrx_word' id='word_1_78' title='bbox 714 1309 801 1365; x_wconf 83' lang='grc' dir='ltr'><strong>καὶ</strong></span> <span class='ocrx_word' id='word_1_79' title='bbox 829 1308 1172 1379; x_wconf 74' lang='grc' dir='ltr'>πολυῒστωρ,</span> <span class='ocrx_word' id='word_1_80' title='bbox 1206 1308 1279 1371; x_wconf 82' lang='grc' dir='ltr'><strong>ὡς</strong></span> <span class='ocrx_word' id='word_1_81' title='bbox 1312 1307 1486 1372; x_wconf 74' lang='grc' dir='ltr'>ἄλλος</span> <span class='ocrx_word' id='word_1_82' title='bbox 1519 1329 1625 1372; x_wconf 88' lang='grc' dir='ltr'>τις,</span> 
     </span>
    </p>
   </div>
   <div class='ocr_carea' id='block_1_15' title="bbox 390 1497 1907 1573">
    <p class='ocr_par' dir='ltr' id='par_1_15' title="bbox 390 1497 1907 1573">
     <span class='ocr_line' id='line_1_15' title="bbox 390 1497 1907 1573; baseline -0.002 -17"><span class='ocrx_word' id='word_1_83' title='bbox 390 1500 493 1559; x_wconf 74' lang='grc' dir='ltr'><strong>Καὶ</strong></span> <span class='ocrx_word' id='word_1_84' title='bbox 532 1497 904 1573; x_wconf 28' lang='grc' dir='ltr'>ἅθλησιςλτῶν</span> <span class='ocrx_word' id='word_1_85' title='bbox 933 1497 1100 1573; x_wconf 83' lang='grc' dir='ltr'>ἀγίων</span> <span class='ocrx_word' id='word_1_86' title='bbox 1139 1498 1426 1573; x_wconf 78' lang='grc' dir='ltr'>μαρτύρων</span> <span class='ocrx_word' id='word_1_87' title='bbox 1459 1498 1760 1573; x_wconf 81' lang='grc' dir='ltr'>γυναικῶν,</span> <span class='ocrx_word' id='word_1_88' title='bbox 1790 1500 1907 1556; x_wconf 87' lang='grc' dir='ltr'><strong>Βα-</strong></span> 
     </span>
    </p>
   </div>
   <div class='ocr_carea' id='block_1_16' title="bbox 722 1520 1588 1641">
    <p class='ocr_par' dir='ltr' id='par_1_16' title="bbox 722 1520 1588 1641">
     <span class='ocr_line' id='line_1_16' title="bbox 722 1520 1588 1573; baseline -0.001 -20"><span class='ocrx_word' id='word_1_89' title='bbox 722 1520 766 1561; x_wconf 85' lang='grc' dir='ltr'><strong>ις</strong></span> <span class='ocrx_word' id='word_1_90' title='bbox 795 1520 904 1554; x_wconf 91' lang='grc' dir='ltr'><strong>των</strong></span> <span class='ocrx_word' id='word_1_91' title='bbox 933 1520 1100 1573; x_wconf 86' lang='grc' dir='ltr'>αγιων</span> <span class='ocrx_word' id='word_1_92' title='bbox 1217 1520 1426 1570; x_wconf 84' lang='grc' dir='ltr'>ρτυρων</span> <span class='ocrx_word' id='word_1_93' title='bbox 1459 1520 1588 1573; x_wconf 85' lang='grc' dir='ltr'>γυνο</span> 
     </span>
     <span class='ocr_line' id='line_1_17' title="bbox 722 1520 1588 1641; baseline 0.001 -16"><span class='ocrx_word' id='word_1_94' title='bbox 722 1570 994 1641; x_wconf 82' lang='grc' dir='ltr'>σιλίσσης,</span> <span class='ocrx_word' id='word_1_95' title='bbox 1068 1520 1588 1635; x_wconf 43' lang='grc' dir='ltr'>καῗαἈναστασίας.</span> 
     </span>
    </p>
   </div>
   <div class='ocr_carea' id='block_1_17' title="bbox 405 1688 1986 1766">
    <p class='ocr_par' dir='ltr' id='par_1_17' title="bbox 405 1688 1986 1766">
     <span class='ocr_line' id='line_1_18' title="bbox 405 1688 1986 1766; baseline -0.001 -18"><span class='ocrx_word' id='word_1_96' title='bbox 405 1691 702 1748; x_wconf 75' lang='grc' dir='ltr'>Βασίλισσα</span> <span class='ocrx_word' id='word_1_97' title='bbox 759 1688 848 1745; x_wconf 84' lang='grc' dir='ltr'>καὶ</span> <span class='ocrx_word' id='word_1_98' title='bbox 903 1688 1241 1763; x_wconf 85' lang='grc' dir='ltr'>Ἀναστασία,</span> <span class='ocrx_word' id='word_1_99' title='bbox 1301 1690 1355 1745; x_wconf 75' lang='grc' dir='ltr'>αἱ</span> <span class='ocrx_word' id='word_1_100' title='bbox 1412 1694 1510 1746; x_wconf 75' lang='grc' dir='ltr'><strong>τοῦ</strong></span> <span class='ocrx_word' id='word_1_101' title='bbox 1567 1691 1810 1765; x_wconf 77' lang='grc' dir='ltr'>Χριστοῦ</span> <span class='ocrx_word' id='word_1_102' title='bbox 1845 1691 1986 1766; x_wconf 80' lang='grc' dir='ltr'>μάρ-</span> 
     </span>
    </p>
   </div>
   <div class='ocr_carea' id='block_1_18' title="bbox 336 1779 1980 1857">
    <p class='ocr_par' dir='ltr' id='par_1_18' title="bbox 336 1779 1980 1857">
     <span class='ocr_line' id='line_1_19' title="bbox 336 1779 1980 1857; baseline -0.001 -21"><span class='ocrx_word' id='word_1_103' title='bbox 336 1801 520 1855; x_wconf 75' lang='grc' dir='ltr'>τυρες,</span> <span class='ocrx_word' id='word_1_104' title='bbox 549 1782 796 1856; x_wconf 72' lang='grc' dir='ltr'>ὑπῆρχον</span> <span class='ocrx_word' id='word_1_105' title='bbox 835 1780 931 1854; x_wconf 73' lang='grc' dir='ltr'>μὶν</span> <span class='ocrx_word' id='word_1_106' title='bbox 989 1780 1094 1835; x_wconf 86' lang='grc' dir='ltr'><strong>ἀπὸ</strong></span> <span class='ocrx_word' id='word_1_107' title='bbox 1151 1783 1249 1850; x_wconf 75' lang='grc' dir='ltr'><strong>τῆς</strong></span> <span class='ocrx_word' id='word_1_108' title='bbox 1312 1779 1558 1857; x_wconf 82' lang='grc' dir='ltr'>μεγάλης</span> <span class='ocrx_word' id='word_1_109' title='bbox 1586 1779 1804 1846; x_wconf 82' lang='grc' dir='ltr'>πόλεως</span> <span class='ocrx_word' id='word_1_110' title='bbox 1833 1782 1980 1839; x_wconf 87' lang='grc' dir='ltr'><strong>Ῥώ-</strong></span> 
     </span>
    </p>
   </div>
   <div class='ocr_carea' id='block_1_19' title="bbox 2112 594 3768 671">
    <p class='ocr_par' dir='ltr' id='par_1_19' title="bbox 2112 594 3768 671">
     <span class='ocr_line' id='line_1_20' title="bbox 2112 594 3768 671; baseline 0.001 -22"><span class='ocrx_word' id='word_1_111' title='bbox 2112 594 2229 649; x_wconf 80' lang='lat' dir='ltr'><strong>vita</strong></span> <span class='ocrx_word' id='word_1_112' title='bbox 2261 598 2601 665; x_wconf 79' lang='lat' dir='ltr'><strong>transitum,</strong></span> <span class='ocrx_word' id='word_1_113' title='bbox 2629 597 2806 654; x_wconf 90' lang='lat' dir='ltr'><strong>etiam</strong></span> <span class='ocrx_word' id='word_1_114' title='bbox 2848 598 3159 671; x_wconf 87' lang='lat' dir='ltr'><strong>ipsi,jussu</strong></span> <span class='ocrx_word' id='word_1_115' title='bbox 3191 596 3488 652; x_wconf 87' lang='lat' dir='ltr'><strong>dementis</strong></span> <span class='ocrx_word' id='word_1_116' title='bbox 3519 595 3768 651; x_wconf 84' lang='lat' dir='ltr'><strong>Neronis</strong></span> 
     </span>
    </p>
   </div>
   <div class='ocr_carea' id='block_1_20' title="bbox 2111 685 3765 760">
    <p class='ocr_par' dir='ltr' id='par_1_20' title="bbox 2111 685 3765 760">
     <span class='ocr_line' id='line_1_21' title="bbox 2111 685 3765 760; baseline 0 -21"><span class='ocrx_word' id='word_1_117' title='bbox 2111 685 2296 741; x_wconf 89' lang='lat' dir='ltr'><strong>sacris</strong></span> <span class='ocrx_word' id='word_1_118' title='bbox 2354 686 2649 760; x_wconf 74' lang='lat' dir='ltr'><strong>capitibus</strong></span> <span class='ocrx_word' id='word_1_119' title='bbox 2707 687 3044 743; x_wconf 78' lang='lat' dir='ltr'><strong>obtruncati</strong></span> <span class='ocrx_word' id='word_1_120' title='bbox 3098 687 3360 743; x_wconf 85' lang='lat' dir='ltr'><strong>fuerunt.</strong></span> <span class='ocrx_word' id='word_1_121' title='bbox 3400 687 3533 741; x_wconf 63' lang='lat' dir='ltr'><strong>Haec</strong></span> <span class='ocrx_word' id='word_1_122' title='bbox 3564 691 3765 741; x_wconf 89' lang='lat' dir='ltr'><strong>autem</strong></span> 
     </span>
    </p>
   </div>
   <div class='ocr_carea' id='block_1_21' title="bbox 2109 775 3763 844">
    <p class='ocr_par' dir='ltr' id='par_1_21' title="bbox 2109 775 3763 844">
     <span class='ocr_line' id='line_1_22' title="bbox 2109 775 3763 844; baseline 0.002 -16"><span class='ocrx_word' id='word_1_123' title='bbox 2109 775 2313 831; x_wconf 82' lang='lat' dir='ltr'><strong>omnia</strong></span> <span class='ocrx_word' id='word_1_124' title='bbox 2334 776 2769 844; x_wconf 89' lang='lat' dir='ltr'><strong>sanctissimus,</strong></span> <span class='ocrx_word' id='word_1_125' title='bbox 2798 793 2865 832; x_wconf 91' lang='lat' dir='ltr'><strong>ac</strong></span> <span class='ocrx_word' id='word_1_126' title='bbox 2895 776 3277 832; x_wconf 79' lang='lat' dir='ltr'><strong>beatissimus</strong></span> <span class='ocrx_word' id='word_1_127' title='bbox 3306 776 3395 830; x_wconf 87' lang='lat' dir='ltr'><strong>vir</strong></span> <span class='ocrx_word' id='word_1_128' title='bbox 3425 775 3763 831; x_wconf 91' lang='lat' dir='ltr'><strong>Dorotheus</strong></span> 
     </span>
    </p>
   </div>
   <div class='ocr_carea' id='block_1_22' title="bbox 2105 864 3760 931">
    <p class='ocr_par' dir='ltr' id='par_1_22' title="bbox 2105 864 3760 931">
     <span class='ocr_line' id='line_1_23' title="bbox 2105 864 3760 931; baseline 0.001 -12"><span class='ocrx_word' id='word_1_129' title='bbox 2105 864 2306 920; x_wconf 60' lang='lat' dir='ltr'><strong>Romae</strong></span> <span class='ocrx_word' id='word_1_130' title='bbox 2336 868 2804 931; x_wconf 84' lang='lat' dir='ltr'><strong>natus,Romano</strong></span> <span class='ocrx_word' id='word_1_131' title='bbox 2833 867 3115 922; x_wconf 90' lang='lat' dir='ltr'><strong>idiomate</strong></span> <span class='ocrx_word' id='word_1_132' title='bbox 3148 866 3207 921; x_wconf 91' lang='lat' dir='ltr'><strong>in</strong></span> <span class='ocrx_word' id='word_1_133' title='bbox 3234 866 3357 921; x_wconf 86' lang='lat' dir='ltr'><strong>suis</strong></span> <span class='ocrx_word' id='word_1_134' title='bbox 3389 870 3760 921; x_wconf 90' lang='lat' dir='ltr'><strong>commenta-</strong></span> 
     </span>
    </p>
   </div>
   <div class='ocr_carea' id='block_1_23' title="bbox 2104 955 3757 1031">
    <p class='ocr_par' dir='ltr' id='par_1_23' title="bbox 2104 955 3757 1031">
     <span class='ocr_line' id='line_1_24' title="bbox 2104 955 3757 1031; baseline 0.001 -21"><span class='ocrx_word' id='word_1_135' title='bbox 2104 955 2213 1011; x_wconf 91' lang='lat' dir='ltr'><strong>riis</strong></span> <span class='ocrx_word' id='word_1_136' title='bbox 2245 956 2721 1031; x_wconf 87' lang='lat' dir='ltr'><strong>scriptareliquit</strong></span> <span class='ocrx_word' id='word_1_137' title='bbox 2745 975 2758 1012; x_wconf 89' lang='lat'><strong>:</strong></span> <span class='ocrx_word' id='word_1_138' title='bbox 2782 975 2893 1015; x_wconf 89' lang='lat' dir='ltr'><strong>nec</strong></span> <span class='ocrx_word' id='word_1_139' title='bbox 2923 958 3098 1013; x_wconf 89' lang='lat' dir='ltr'><strong>modo</strong></span> <span class='ocrx_word' id='word_1_140' title='bbox 3123 956 3193 1012; x_wconf 90' lang='lat' dir='ltr'><strong>de</strong></span> <span class='ocrx_word' id='word_1_141' title='bbox 3224 957 3451 1028; x_wconf 87' lang='lat' dir='ltr'><strong>his,sed</strong></span> <span class='ocrx_word' id='word_1_142' title='bbox 3486 958 3665 1013; x_wconf 89' lang='lat' dir='ltr'><strong>etiam</strong></span> <span class='ocrx_word' id='word_1_143' title='bbox 3684 956 3757 1012; x_wconf 93' lang='lat' dir='ltr'><strong>de</strong></span> 
     </span>
    </p>
   </div>
   <div class='ocr_carea' id='block_1_24' title="bbox 2105 1047 3757 1121">
    <p class='ocr_par' dir='ltr' id='par_1_24' title="bbox 2105 1047 3757 1121">
     <span class='ocr_line' id='line_1_25' title="bbox 2105 1047 3757 1121; baseline 0 -19"><span class='ocrx_word' id='word_1_144' title='bbox 2105 1047 2354 1121; x_wconf 87' lang='lat' dir='ltr'><strong>reliquis</strong></span> <span class='ocrx_word' id='word_1_145' title='bbox 2383 1048 2689 1120; x_wconf 85' lang='lat' dir='ltr'><strong>apostolis,</strong></span> <span class='ocrx_word' id='word_1_146' title='bbox 2724 1054 2783 1103; x_wconf 92' lang='lat' dir='ltr'><strong>et</strong></span> <span class='ocrx_word' id='word_1_147' title='bbox 2809 1048 2944 1104; x_wconf 88' lang='lat' dir='ltr'><strong>aliis</strong></span> <span class='ocrx_word' id='word_1_148' title='bbox 2973 1048 3244 1120; x_wconf 84' lang='lat' dir='ltr'><strong>pluribus</strong></span> <span class='ocrx_word' id='word_1_149' title='bbox 3278 1048 3522 1116; x_wconf 81' lang='lat' dir='ltr'><strong>sanctis,</strong></span> <span class='ocrx_word' id='word_1_150' title='bbox 3546 1047 3757 1103; x_wconf 91' lang='lat' dir='ltr'><strong>simul-</strong></span> 
     </span>
    </p>
   </div>
   <div class='ocr_carea' id='block_1_25' title="bbox 2104 1138 3758 1213">
    <p class='ocr_par' dir='ltr' id='par_1_25' title="bbox 2104 1138 3758 1213">
     <span class='ocr_line' id='line_1_26' title="bbox 2104 1138 3758 1213; baseline 0 -19"><span class='ocrx_word' id='word_1_151' title='bbox 2104 1155 2220 1211; x_wconf 87' lang='lat' dir='ltr'><strong>que</strong></span> <span class='ocrx_word' id='word_1_152' title='bbox 2242 1138 2315 1195; x_wconf 90' lang='lat' dir='ltr'><strong>de</strong></span> <span class='ocrx_word' id='word_1_153' title='bbox 2347 1139 2531 1195; x_wconf 91' lang='lat' dir='ltr'><strong>sacris</strong></span> <span class='ocrx_word' id='word_1_154' title='bbox 2563 1138 2869 1213; x_wconf 86' lang='lat' dir='ltr'><strong>prophetis</strong></span> <span class='ocrx_word' id='word_1_155' title='bbox 2899 1139 3212 1195; x_wconf 85' lang='lat' dir='ltr'><strong>historiam</strong></span> <span class='ocrx_word' id='word_1_156' title='bbox 3244 1138 3616 1211; x_wconf 89' lang='lat' dir='ltr'><strong>conscripsit.</strong></span> <span class='ocrx_word' id='word_1_157' title='bbox 3652 1138 3758 1194; x_wconf 86' lang='lat' dir='ltr'><strong>Hic</strong></span> 
     </span>
    </p>
   </div>
   <div class='ocr_carea' id='block_1_26' title="bbox 2102 1228 3755 1303">
    <p class='ocr_par' dir='ltr' id='par_1_26' title="bbox 2102 1228 3755 1303">
     <span class='ocr_line' id='line_1_27' title="bbox 2102 1228 3755 1303; baseline -0.001 -18"><span class='ocrx_word' id='word_1_158' title='bbox 2102 1228 2399 1300; x_wconf 88' lang='lat' dir='ltr'><strong>siquidem</strong></span> <span class='ocrx_word' id='word_1_159' title='bbox 2418 1236 2660 1285; x_wconf 89' lang='lat' dir='ltr'><strong>sanctus</strong></span> <span class='ocrx_word' id='word_1_160' title='bbox 2683 1230 2756 1285; x_wconf 93' lang='lat' dir='ltr'><strong>ob</strong></span> <span class='ocrx_word' id='word_1_161' title='bbox 2768 1229 3019 1286; x_wconf 88' lang='lat' dir='ltr'><strong>multam</strong></span> <span class='ocrx_word' id='word_1_162' title='bbox 3034 1228 3253 1303; x_wconf 88' lang='lat' dir='ltr'><strong>ingenii</strong></span> <span class='ocrx_word' id='word_1_163' title='bbox 3286 1230 3375 1284; x_wconf 91' lang='lat' dir='ltr'><strong>sui</strong></span> <span class='ocrx_word' id='word_1_164' title='bbox 3406 1228 3755 1285; x_wconf 87' lang='lat' dir='ltr'><strong>felicitatem</strong></span> 
     </span>
    </p>
   </div>
   <div class='ocr_carea' id='block_1_27' title="bbox 2099 1318 3752 1392">
    <p class='ocr_par' dir='ltr' id='par_1_27' title="bbox 2099 1318 3752 1392">
     <span class='ocr_line' id='line_1_28' title="bbox 2099 1318 3752 1392; baseline 0.001 -19"><span class='ocrx_word' id='word_1_165' title='bbox 2099 1318 2421 1392; x_wconf 90' lang='lat' dir='ltr'><strong>multiplici</strong></span> <span class='ocrx_word' id='word_1_166' title='bbox 2452 1320 2725 1377; x_wconf 89' lang='lat' dir='ltr'><strong>doctrina</strong></span> <span class='ocrx_word' id='word_1_167' title='bbox 2755 1326 2814 1376; x_wconf 90' lang='lat' dir='ltr'><strong>et</strong></span> <span class='ocrx_word' id='word_1_168' title='bbox 2861 1319 3195 1376; x_wconf 89' lang='lat' dir='ltr'><strong>eruditione</strong></span> <span class='ocrx_word' id='word_1_169' title='bbox 3240 1319 3546 1391; x_wconf 85' lang='lat' dir='ltr'><strong>quibusvis</strong></span> <span class='ocrx_word' id='word_1_170' title='bbox 3576 1318 3752 1392; x_wconf 88' lang='lat' dir='ltr'><strong>longe</strong></span> 
     </span>
    </p>
   </div>
   <div class='ocr_carea' id='block_1_28' title="bbox 2098 1409 2396 1481">
    <p class='ocr_par' dir='ltr' id='par_1_28' title="bbox 2098 1409 2396 1481">
     <span class='ocr_line' id='line_1_29' title="bbox 2098 1409 2396 1481; baseline 0 -18"><span class='ocrx_word' id='word_1_171' title='bbox 2098 1409 2396 1481; x_wconf 70' lang='lat' dir='ltr'><strong>prtestitit.</strong></span> 
     </span>
    </p>
   </div>
   <div class='ocr_carea' id='block_1_29' title="bbox 2098 1526 3747 1597">
    <p class='ocr_par' dir='ltr' id='par_1_29' title="bbox 2098 1526 3747 1597">
     <span class='ocr_line' id='line_1_30' title="bbox 2098 1526 3747 1597; baseline -0.001 -14"><span class='ocrx_word' id='word_1_172' title='bbox 2098 1526 2168 1583; x_wconf 87' lang='lat' dir='ltr'><strong>Et</strong></span> <span class='ocrx_word' id='word_1_173' title='bbox 2223 1532 2498 1583; x_wconf 80' lang='lat' dir='ltr'><strong>certamen</strong></span> <span class='ocrx_word' id='word_1_174' title='bbox 2543 1533 2859 1584; x_wconf 86' lang='lat' dir='ltr'><strong>sanctarum</strong></span> <span class='ocrx_word' id='word_1_175' title='bbox 2914 1532 3225 1597; x_wconf 81' lang='lat' dir='ltr'><strong>martyrum</strong></span> <span class='ocrx_word' id='word_1_176' title='bbox 3281 1526 3575 1583; x_wconf 80' lang='lat' dir='ltr'><strong>mulierum</strong></span> <span class='ocrx_word' id='word_1_177' title='bbox 3631 1527 3747 1582; x_wconf 90' lang='lat' dir='ltr'><strong>Ba-</strong></span> 
     </span>
    </p>
   </div>
   <div class='ocr_carea' id='block_1_30' title="bbox 2596 1600 3249 1669">
    <p class='ocr_par' dir='ltr' id='par_1_30' title="bbox 2596 1600 3249 1669">
     <span class='ocr_line' id='line_1_31' title="bbox 2596 1600 3249 1669; baseline -0.005 -15"><span class='ocrx_word' id='word_1_178' title='bbox 2596 1600 2807 1669; x_wconf 77' lang='lat' dir='ltr'><strong>silissae,</strong></span> <span class='ocrx_word' id='word_1_179' title='bbox 2838 1605 2891 1653; x_wconf 86' lang='lat' dir='ltr'><strong>et</strong></span> <span class='ocrx_word' id='word_1_180' title='bbox 2920 1600 3249 1656; x_wconf 59' lang='lat' dir='ltr'><strong>Anastasis.</strong></span> 
     </span>
    </p>
   </div>
   <div class='ocr_carea' id='block_1_31' title="bbox 2166 1714 3745 1789">
    <p class='ocr_par' dir='ltr' id='par_1_31' title="bbox 2166 1714 3745 1789">
     <span class='ocr_line' id='line_1_32' title="bbox 2166 1714 3745 1789; baseline 0.002 -16"><span class='ocrx_word' id='word_1_181' title='bbox 2166 1714 2469 1785; x_wconf 90' lang='lat' dir='ltr'><strong>Basilissa,</strong></span> <span class='ocrx_word' id='word_1_182' title='bbox 2502 1720 2562 1771; x_wconf 93' lang='lat' dir='ltr'><strong>et</strong></span> <span class='ocrx_word' id='word_1_183' title='bbox 2588 1716 2902 1774; x_wconf 87' lang='lat' dir='ltr'><strong>Anastasia</strong></span> <span class='ocrx_word' id='word_1_184' title='bbox 2930 1715 3148 1772; x_wconf 88' lang='lat' dir='ltr'><strong>Christi</strong></span> <span class='ocrx_word' id='word_1_185' title='bbox 3179 1721 3472 1789; x_wconf 83' lang='lat' dir='ltr'><strong>martyres</strong></span> <span class='ocrx_word' id='word_1_186' title='bbox 3501 1716 3745 1775; x_wconf 84' lang='lat' dir='ltr'><strong>fuerunt</strong></span> 
     </span>
    </p>
   </div>
   <div class='ocr_carea' id='block_1_32' title="bbox 2097 1804 3751 1878">
    <p class='ocr_par' dir='ltr' id='par_1_32' title="bbox 2097 1804 3751 1878">
     <span class='ocr_line' id='line_1_33' title="bbox 2097 1804 3751 1878; baseline 0.002 -18"><span class='ocrx_word' id='word_1_187' title='bbox 2097 1822 2167 1861; x_wconf 82' lang='lat' dir='ltr'><strong>ex</strong></span> <span class='ocrx_word' id='word_1_188' title='bbox 2200 1822 2417 1878; x_wconf 85' lang='lat' dir='ltr'><strong>magna</strong></span> <span class='ocrx_word' id='word_1_189' title='bbox 2445 1804 2592 1861; x_wconf 88' lang='lat' dir='ltr'><strong>urbe</strong></span> <span class='ocrx_word' id='word_1_190' title='bbox 2622 1806 3070 1873; x_wconf 82' lang='lat' dir='ltr'><strong>Roma,nobiles</strong></span> <span class='ocrx_word' id='word_1_191' title='bbox 3099 1805 3174 1861; x_wconf 90' lang='lat' dir='ltr'><strong>ad</strong></span> <span class='ocrx_word' id='word_1_192' title='bbox 3204 1806 3502 1872; x_wconf 85' lang='lat' dir='ltr'><strong>divites,et</strong></span> <span class='ocrx_word' id='word_1_193' title='bbox 3522 1814 3751 1865; x_wconf 87' lang='lat' dir='ltr'><strong>sancto-</strong></span> 
     </span>
    </p>
   </div>
   <div class='ocr_carea' id='block_1_33' title="bbox 346 1868 1977 1968">
    <p class='ocr_par' dir='ltr' id='par_1_33' title="bbox 346 1868 1977 1946">
     <span class='ocr_line' id='line_1_34' title="bbox 346 1868 1977 1946; baseline 0 -20"><span class='ocrx_word' id='word_1_194' title='bbox 346 1892 482 1945; x_wconf 81' lang='grc' dir='ltr'>μης,</span> <span class='ocrx_word' id='word_1_195' title='bbox 512 1871 765 1945; x_wconf 78' lang='grc' dir='ltr'>εὐγενεῖς,</span> <span class='ocrx_word' id='word_1_196' title='bbox 787 1870 877 1926; x_wconf 85' lang='grc' dir='ltr'><strong>καὶ</strong></span> <span class='ocrx_word' id='word_1_197' title='bbox 908 1869 1193 1941; x_wconf 74' lang='grc' dir='ltr'>πλούσιαι,</span> <span class='ocrx_word' id='word_1_198' title='bbox 1229 1872 1525 1945; x_wconf 73' lang='grc' dir='ltr'>μαθήτριαι</span> <span class='ocrx_word' id='word_1_199' title='bbox 1559 1868 1617 1926; x_wconf 80' lang='grc' dir='ltr'>δὶ</span> <span class='ocrx_word' id='word_1_200' title='bbox 1645 1874 1753 1926; x_wconf 88' lang='grc' dir='ltr'><strong>τῶν</strong></span> <span class='ocrx_word' id='word_1_201' title='bbox 1807 1872 1977 1946; x_wconf 80' lang='grc' dir='ltr'>ἁγίων</span> 
     </span>
    </p>
   </div>
   <div class='ocr_carea' id='block_1_34' title="bbox 2094 1868 3743 1968">
    <p class='ocr_par' dir='ltr' id='par_1_34' title="bbox 2094 1894 3743 1968">
     <span class='ocr_line' id='line_1_35' title="bbox 2094 1894 3743 1968; baseline 0 -15"><span class='ocrx_word' id='word_1_202' title='bbox 2094 1912 2223 1953; x_wconf 89' lang='lat' dir='ltr'><strong>rum</strong></span> <span class='ocrx_word' id='word_1_203' title='bbox 2253 1894 2658 1968; x_wconf 83' lang='lat' dir='ltr'><strong>apostolorum</strong></span> <span class='ocrx_word' id='word_1_204' title='bbox 2690 1895 3169 1968; x_wconf 72' lang='lat' dir='ltr'><strong>discipulm.Post</strong></span> <span class='ocrx_word' id='word_1_205' title='bbox 3188 1895 3402 1952; x_wconf 92' lang='lat' dir='ltr'><strong>horum</strong></span> <span class='ocrx_word' id='word_1_206' title='bbox 3428 1912 3563 1952; x_wconf 86' lang='lat' dir='ltr'><strong>vero</strong></span> <span class='ocrx_word' id='word_1_207' title='bbox 3584 1914 3743 1954; x_wconf 83' lang='lat' dir='ltr'><strong>mor-</strong></span> 
     </span>
    </p>
   </div>
   <div class='ocr_carea' id='block_1_35' title="bbox 332 1956 1982 2033">
    <p class='ocr_par' dir='ltr' id='par_1_35' title="bbox 332 1956 1982 2033">
     <span class='ocr_line' id='line_1_36' title="bbox 332 1956 1982 2033; baseline 0 -17"><span class='ocrx_word' id='word_1_208' title='bbox 332 1957 675 2016; x_wconf 72' lang='grc' dir='ltr'>ἆποστόλων.</span> <span class='ocrx_word' id='word_1_209' title='bbox 710 1961 860 2015; x_wconf 79' lang='grc' dir='ltr'><strong>Μετά</strong></span> <span class='ocrx_word' id='word_1_210' title='bbox 891 1956 950 2014; x_wconf 80' lang='grc' dir='ltr'>δὶ</span> <span class='ocrx_word' id='word_1_211' title='bbox 977 1958 1238 2029; x_wconf 73' lang='grc' dir='ltr'>τελευτὴν</span> <span class='ocrx_word' id='word_1_212' title='bbox 1291 1959 1524 2030; x_wconf 81' lang='grc' dir='ltr'>τούτων,</span> <span class='ocrx_word' id='word_1_213' title='bbox 1554 1959 1620 2015; x_wconf 82' lang='grc' dir='ltr'><strong>τά</strong></span> <span class='ocrx_word' id='word_1_214' title='bbox 1673 1959 1833 2033; x_wconf 84' lang='grc' dir='ltr'>τίμια</span> <span class='ocrx_word' id='word_1_215' title='bbox 1886 1959 1982 2017; x_wconf 81' lang='grc' dir='ltr'><strong>αὖ-</strong></span> 
     </span>
    </p>
   </div>
   <div class='ocr_carea' id='block_1_36' title="bbox 323 2046 1979 2122">
    <p class='ocr_par' dir='ltr' id='par_1_36' title="bbox 323 2046 1979 2122">
     <span class='ocr_line' id='line_1_37' title="bbox 323 2046 1979 2122; baseline 0.001 -18"><span class='ocrx_word' id='word_1_216' title='bbox 323 2054 433 2104; x_wconf 86' lang='grc' dir='ltr'><strong>τῶν</strong></span> <span class='ocrx_word' id='word_1_217' title='bbox 493 2046 726 2121; x_wconf 73' lang='grc' dir='ltr'>λείψανα</span> <span class='ocrx_word' id='word_1_218' title='bbox 805 2047 1134 2122; x_wconf 77' lang='grc' dir='ltr'>ἀνελόμεναι</span> <span class='ocrx_word' id='word_1_219' title='bbox 1202 2050 1393 2111; x_wconf 87' lang='grc' dir='ltr'>νυκτὸς</span> <span class='ocrx_word' id='word_1_220' title='bbox 1476 2048 1565 2104; x_wconf 80' lang='grc' dir='ltr'><strong>καὶ</strong></span> <span class='ocrx_word' id='word_1_221' title='bbox 1627 2047 1979 2122; x_wconf 75' lang='grc' dir='ltr'>κηδεύσασαι,</span> 
     </span>
    </p>
   </div>
   <div class='ocr_carea' id='block_1_37' title="bbox 318 2136 1980 2213">
    <p class='ocr_par' dir='ltr' id='par_1_37' title="bbox 318 2136 1980 2213">
     <span class='ocr_line' id='line_1_38' title="bbox 318 2136 1980 2213; baseline 0.001 -20"><span class='ocrx_word' id='word_1_222' title='bbox 318 2136 762 2213; x_wconf 82' lang='grc' dir='ltr'>διεγνώσθησαν,</span> <span class='ocrx_word' id='word_1_223' title='bbox 822 2139 912 2193; x_wconf 82' lang='grc' dir='ltr'><strong>καὶ</strong></span> <span class='ocrx_word' id='word_1_224' title='bbox 976 2139 1427 2212; x_wconf 86' lang='grc' dir='ltr'>κατεμηνύθησαν</span> <span class='ocrx_word' id='word_1_225' title='bbox 1511 2139 1603 2194; x_wconf 83' lang='grc' dir='ltr'><strong>καὶ</strong></span> <span class='ocrx_word' id='word_1_226' title='bbox 1663 2136 1817 2194; x_wconf 76' lang='grc' dir='ltr'>αὗται</span> <span class='ocrx_word' id='word_1_227' title='bbox 1902 2145 1980 2213; x_wconf 82' lang='grc' dir='ltr'><strong>τῷ</strong></span> 
     </span>
    </p>
   </div>
   <div class='ocr_carea' id='block_1_38' title="bbox 314 2223 1976 2305">
    <p class='ocr_par' dir='ltr' id='par_1_38' title="bbox 314 2223 1976 2305">
     <span class='ocr_line' id='line_1_39' title="bbox 314 2223 1976 2305; baseline 0 -21"><span class='ocrx_word' id='word_1_228' title='bbox 314 2223 594 2297; x_wconf 75' lang='grc' dir='ltr'>δυσσεϐεῖ,</span> <span class='ocrx_word' id='word_1_229' title='bbox 681 2229 771 2283; x_wconf 72' lang='grc' dir='ltr'><strong>καὶ</strong></span> <span class='ocrx_word' id='word_1_230' title='bbox 826 2229 1136 2305; x_wconf 77' lang='grc' dir='ltr'>παράφρονι</span> <span class='ocrx_word' id='word_1_231' title='bbox 1212 2228 1451 2304; x_wconf 76' lang='grc' dir='ltr'>Νέρωνι,</span> <span class='ocrx_word' id='word_1_232' title='bbox 1511 2229 1586 2289; x_wconf 84' lang='grc' dir='ltr'>ὡς</span> <span class='ocrx_word' id='word_1_233' title='bbox 1640 2228 1976 2302; x_wconf 82' lang='grc' dir='ltr'>Χριστιαναί.</span> 
     </span>
    </p>
   </div>
   <div class='ocr_carea' id='block_1_39' title="bbox 314 2315 1975 2393">
    <p class='ocr_par' dir='ltr' id='par_1_39' title="bbox 314 2315 1975 2393">
     <span class='ocr_line' id='line_1_40' title="bbox 314 2315 1975 2393; baseline 0.001 -20"><span class='ocrx_word' id='word_1_234' title='bbox 314 2318 378 2377; x_wconf 90' lang='lat'><strong>&#39;0</strong></span> <span class='ocrx_word' id='word_1_235' title='bbox 443 2315 503 2373; x_wconf 86' lang='grc' dir='ltr'><strong>δε</strong></span> <span class='ocrx_word' id='word_1_236' title='bbox 554 2318 859 2393; x_wconf 74' lang='grc' dir='ltr'>παραυτίκα</span> <span class='ocrx_word' id='word_1_237' title='bbox 915 2317 1241 2380; x_wconf 81' lang='grc' dir='ltr'>ἀποστείλας</span> <span class='ocrx_word' id='word_1_238' title='bbox 1297 2316 1587 2392; x_wconf 82' lang='grc' dir='ltr'>ἐκράτησεν</span> <span class='ocrx_word' id='word_1_239' title='bbox 1647 2318 1836 2391; x_wconf 70' lang='grc' dir='ltr'>αὐτὰς,</span> <span class='ocrx_word' id='word_1_240' title='bbox 1888 2320 1975 2375; x_wconf 87' lang='grc' dir='ltr'><strong>καὶ</strong></span> 
     </span>
    </p>
   </div>
   <div class='ocr_carea' id='block_1_40' title="bbox 315 2406 1981 2485">
    <p class='ocr_par' dir='ltr' id='par_1_40' title="bbox 315 2406 1981 2485">
     <span class='ocr_line' id='line_1_41' title="bbox 315 2406 1981 2485; baseline 0.001 -20"><span class='ocrx_word' id='word_1_241' title='bbox 315 2406 519 2485; x_wconf 74' lang='grc' dir='ltr'>ἤγαγεν</span> <span class='ocrx_word' id='word_1_242' title='bbox 572 2408 809 2465; x_wconf 73' lang='grc' dir='ltr'>ἐνώτιον</span> <span class='ocrx_word' id='word_1_243' title='bbox 867 2408 1031 2465; x_wconf 79' lang='grc' dir='ltr'>αὐτοῦ</span> <span class='ocrx_word' id='word_1_244' title='bbox 1090 2406 1378 2483; x_wconf 69' lang='grc' dir='ltr'>δεδεμένας</span> <span class='ocrx_word' id='word_1_245' title='bbox 1432 2410 1678 2481; x_wconf 83' lang='grc' dir='ltr'>ἀλύσεσι,</span> <span class='ocrx_word' id='word_1_246' title='bbox 1735 2411 1824 2467; x_wconf 83' lang='grc' dir='ltr'><strong>καὶ</strong></span> <span class='ocrx_word' id='word_1_247' title='bbox 1882 2432 1981 2466; x_wconf 85' lang='grc' dir='ltr'>κα-</span> 
     </span>
    </p>
   </div>
   <div class='ocr_carea' id='block_1_41' title="bbox 314 2500 1979 2576">
    <p class='ocr_par' dir='ltr' id='par_1_41' title="bbox 314 2500 1979 2576">
     <span class='ocr_line' id='line_1_42' title="bbox 314 2500 1979 2576; baseline 0.003 -23"><span class='ocrx_word' id='word_1_248' title='bbox 314 2501 656 2575; x_wconf 83' lang='grc' dir='ltr'>τηνάγκασεν</span> <span class='ocrx_word' id='word_1_249' title='bbox 691 2501 1025 2576; x_wconf 77' lang='grc' dir='ltr'>ἀρνήσασθαι</span> <span class='ocrx_word' id='word_1_250' title='bbox 1056 2501 1147 2556; x_wconf 87' lang='grc' dir='ltr'>τὸν</span> <span class='ocrx_word' id='word_1_251' title='bbox 1208 2501 1463 2576; x_wconf 84' lang='grc' dir='ltr'>Χριστόν.</span> <span class='ocrx_word' id='word_1_252' title='bbox 1524 2503 1616 2570; x_wconf 84' lang='grc' dir='ltr'><strong>Μὴ</strong></span> <span class='ocrx_word' id='word_1_253' title='bbox 1675 2501 1861 2564; x_wconf 88' lang='grc' dir='ltr'>πείσας</span> <span class='ocrx_word' id='word_1_254' title='bbox 1921 2500 1979 2558; x_wconf 74' lang='grc' dir='ltr'>δὲ</span> 
     </span>
    </p>
   </div>
   <div class='ocr_carea' id='block_1_42' title="bbox 318 2589 1975 2664">
    <p class='ocr_par' dir='ltr' id='par_1_42' title="bbox 318 2589 1975 2664">
     <span class='ocr_line' id='line_1_43' title="bbox 318 2589 1975 2664; baseline 0 -17"><span class='ocrx_word' id='word_1_255' title='bbox 318 2590 508 2660; x_wconf 79' lang='grc' dir='ltr'>αότάς,</span> <span class='ocrx_word' id='word_1_256' title='bbox 569 2591 693 2645; x_wconf 81' lang='grc' dir='ltr'>τότε</span> <span class='ocrx_word' id='word_1_257' title='bbox 753 2590 848 2663; x_wconf 78' lang='grc' dir='ltr'>μὶν</span> <span class='ocrx_word' id='word_1_258' title='bbox 907 2590 1222 2646; x_wconf 73' lang='grc' dir='ltr'>ἀπέκλεισεν</span> <span class='ocrx_word' id='word_1_259' title='bbox 1283 2590 1358 2653; x_wconf 87' lang='grc' dir='ltr'><strong>είς</strong></span> <span class='ocrx_word' id='word_1_260' title='bbox 1410 2589 1683 2664; x_wconf 73' lang='grc' dir='ltr'>φυλακήν·</span> <span class='ocrx_word' id='word_1_261' title='bbox 1757 2590 1975 2664; x_wconf 76' lang='grc' dir='ltr'>ὕστερον</span> 
     </span>
    </p>
   </div>
   <div class='ocr_carea' id='block_1_43' title="bbox 315 2677 1974 2761">
    <p class='ocr_par' dir='ltr' id='par_1_43' title="bbox 315 2677 1974 2761">
     <span class='ocr_line' id='line_1_44' title="bbox 315 2677 1974 2761; baseline 0.001 -23"><span class='ocrx_word' id='word_1_262' title='bbox 315 2680 375 2738; x_wconf 75' lang='grc' dir='ltr'><strong>εὶ</strong></span> <span class='ocrx_word' id='word_1_263' title='bbox 407 2682 664 2760; x_wconf 73' lang='grc' dir='ltr'>φυλακῆς</span> <span class='ocrx_word' id='word_1_264' title='bbox 698 2677 971 2752; x_wconf 73' lang='grc' dir='ltr'>ἑκϐαλὼν,</span> <span class='ocrx_word' id='word_1_265' title='bbox 1020 2680 1402 2758; x_wconf 71' lang='grc' dir='ltr'>ἐτιμωρήσατο</span> <span class='ocrx_word' id='word_1_266' title='bbox 1460 2684 1623 2746; x_wconf 72' lang='grc' dir='ltr'>αὐτὰς</span> <span class='ocrx_word' id='word_1_267' title='bbox 1678 2680 1974 2761; x_wconf 73' lang='grc' dir='ltr'>διαφόρως.</span> 
     </span>
    </p>
   </div>
   <div class='ocr_carea' id='block_1_44' title="bbox 314 2771 1976 2849">
    <p class='ocr_par' dir='ltr' id='par_1_44' title="bbox 314 2771 1976 2849">
     <span class='ocr_line' id='line_1_45' title="bbox 314 2771 1976 2849; baseline -0.002 -18"><span class='ocrx_word' id='word_1_268' title='bbox 314 2772 423 2831; x_wconf 77' lang='grc' dir='ltr'>Καὶ</span> <span class='ocrx_word' id='word_1_269' title='bbox 484 2772 586 2849; x_wconf 67' lang='grc' dir='ltr'><strong>γὰρ</strong></span> <span class='ocrx_word' id='word_1_270' title='bbox 671 2771 800 2835; x_wconf 75' lang='grc' dir='ltr'>τοὺς</span> <span class='ocrx_word' id='word_1_271' title='bbox 860 2772 1097 2846; x_wconf 73' lang='grc' dir='ltr'>μαστοὺς</span> <span class='ocrx_word' id='word_1_272' title='bbox 1184 2772 1359 2828; x_wconf 66' lang='grc' dir='ltr'>αὐτῶν</span> <span class='ocrx_word' id='word_1_273' title='bbox 1420 2772 1651 2846; x_wconf 73' lang='grc' dir='ltr'>ἐξέτεμε,</span> <span class='ocrx_word' id='word_1_274' title='bbox 1718 2774 1807 2827; x_wconf 84' lang='grc' dir='ltr'><strong>καὶ</strong></span> <span class='ocrx_word' id='word_1_275' title='bbox 1879 2775 1976 2836; x_wconf 74' lang='grc' dir='ltr'><strong>τὰς</strong></span> 
     </span>
    </p>
   </div>
   <div class='ocr_carea' id='block_1_45' title="bbox 311 2859 1977 2939">
    <p class='ocr_par' dir='ltr' id='par_1_45' title="bbox 311 2859 1977 2939">
     <span class='ocr_line' id='line_1_46' title="bbox 311 2859 1977 2939; baseline 0 -22"><span class='ocrx_word' id='word_1_276' title='bbox 311 2860 579 2939; x_wconf 81' lang='grc' dir='ltr'>γλώσσας</span> <span class='ocrx_word' id='word_1_277' title='bbox 613 2861 882 2935; x_wconf 83' lang='grc' dir='ltr'>ἀπέκοψε,</span> <span class='ocrx_word' id='word_1_278' title='bbox 913 2863 1003 2917; x_wconf 85' lang='grc' dir='ltr'><strong>καὶ</strong></span> <span class='ocrx_word' id='word_1_279' title='bbox 1043 2863 1321 2937; x_wconf 86' lang='grc' dir='ltr'>κρεμάσας</span> <span class='ocrx_word' id='word_1_280' title='bbox 1379 2860 1545 2934; x_wconf 79' lang='grc' dir='ltr'>ἔξεσε,</span> <span class='ocrx_word' id='word_1_281' title='bbox 1602 2861 1694 2917; x_wconf 86' lang='grc' dir='ltr'><strong>καὶ</strong></span> <span class='ocrx_word' id='word_1_282' title='bbox 1728 2859 1977 2936; x_wconf 77' lang='grc' dir='ltr'>λαμπάσι</span> 
     </span>
    </p>
   </div>
   <div class='ocr_carea' id='block_1_46' title="bbox 306 2950 1974 3028">
    <p class='ocr_par' dir='ltr' id='par_1_46' title="bbox 306 2950 1974 3028">
     <span class='ocr_line' id='line_1_47' title="bbox 306 2950 1974 3028; baseline 0.001 -20"><span class='ocrx_word' id='word_1_283' title='bbox 306 2951 635 3025; x_wconf 62' lang='grc' dir='ltr'>κατέφλεξε,</span> <span class='ocrx_word' id='word_1_284' title='bbox 692 2951 784 3008; x_wconf 84' lang='grc' dir='ltr'><strong>καὶ</strong></span> <span class='ocrx_word' id='word_1_285' title='bbox 832 2950 994 3015; x_wconf 70' lang='grc' dir='ltr'>τᾶλος</span> <span class='ocrx_word' id='word_1_286' title='bbox 1054 2952 1353 3028; x_wconf 87' lang='grc' dir='ltr'>μαχαίραις</span> <span class='ocrx_word' id='word_1_287' title='bbox 1400 2953 1494 3017; x_wconf 81' lang='grc' dir='ltr'>τὰς</span> <span class='ocrx_word' id='word_1_288' title='bbox 1549 2952 1738 3027; x_wconf 86' lang='grc' dir='ltr'>τιμίας</span> <span class='ocrx_word' id='word_1_289' title='bbox 1794 2952 1974 3010; x_wconf 75' lang='grc' dir='ltr'>αὐτῶν</span> 
     </span>
    </p>
   </div>
   <div class='ocr_carea' id='block_1_47' title="bbox 310 3041 847 3121">
    <p class='ocr_par' dir='ltr' id='par_1_47' title="bbox 310 3041 847 3121">
     <span class='ocr_line' id='line_1_48' title="bbox 310 3041 847 3121; baseline 0.007 -24"><span class='ocrx_word' id='word_1_290' title='bbox 310 3043 551 3117; x_wconf 68' lang='grc' dir='ltr'>ἀπετεμε</span> <span class='ocrx_word' id='word_1_291' title='bbox 582 3041 847 3121; x_wconf 72' lang='grc' dir='ltr'>κεφαλάς.</span> 
     </span>
    </p>
   </div>
   <div class='ocr_carea' id='block_1_48' title="bbox 850 3170 1435 3247">
    <p class='ocr_par' dir='ltr' id='par_1_48' title="bbox 850 3170 1435 3247">
     <span class='ocr_line' id='line_1_49' title="bbox 850 3170 1435 3247; baseline 0 -21"><span class='ocrx_word' id='word_1_292' title='bbox 850 3170 1029 3228; x_wconf 78' lang='lat' dir='ltr'><strong>MHNI</strong></span> <span class='ocrx_word' id='word_1_293' title='bbox 1086 3172 1180 3247; x_wconf 77' lang='lat' dir='ltr'><strong>&#39;ro</strong></span> <span class='ocrx_word' id='word_1_294' title='bbox 1242 3171 1435 3227; x_wconf 72' lang='lat' dir='ltr'><strong>Ana.</strong></span> 
     </span>
    </p>
   </div>
   <div class='ocr_carea' id='block_1_49' title="bbox 1088 3268 1180 3337">
    <p class='ocr_par' dir='ltr' id='par_1_49' title="bbox 1088 3268 1180 3337">
     <span class='ocr_line' id='line_1_50' title="bbox 1088 3268 1180 3337; baseline 0.011 -12"><span class='ocrx_word' id='word_1_295' title='bbox 1088 3268 1180 3337; x_wconf 73' lang='grc' dir='ltr'><strong>Ιζ.</strong></span> 
     </span>
    </p>
   </div>
   <div class='ocr_carea' id='block_1_50' title="bbox 374 3355 1905 3432">
    <p class='ocr_par' dir='ltr' id='par_1_50' title="bbox 374 3355 1905 3432">
     <span class='ocr_line' id='line_1_51' title="bbox 374 3355 1905 3432; baseline -0.002 -17"><span class='ocrx_word' id='word_1_296' title='bbox 374 3356 661 3428; x_wconf 79' lang='grc' dir='ltr'>Ἀθλησις</span> <span class='ocrx_word' id='word_1_297' title='bbox 690 3361 791 3413; x_wconf 86' lang='grc' dir='ltr'>τοῦ</span> <span class='ocrx_word' id='word_1_298' title='bbox 824 3356 984 3432; x_wconf 80' lang='grc' dir='ltr'>ἁγίου</span> <span class='ocrx_word' id='word_1_299' title='bbox 1020 3358 1303 3432; x_wconf 71' lang='grc' dir='ltr'>μάρτυρος</span> <span class='ocrx_word' id='word_1_300' title='bbox 1337 3355 1651 3428; x_wconf 84' lang='grc' dir='ltr'>Λεονίδους,</span> <span class='ocrx_word' id='word_1_301' title='bbox 1682 3358 1773 3414; x_wconf 86' lang='grc' dir='ltr'><strong>καί</strong></span> <span class='ocrx_word' id='word_1_302' title='bbox 1801 3362 1905 3425; x_wconf 82' lang='grc' dir='ltr'><strong>τῆς</strong></span> 
     </span>
    </p>
   </div>
   <div class='ocr_carea' id='block_1_51' title="bbox 914 3428 1380 3494">
    <p class='ocr_par' dir='ltr' id='par_1_51' title="bbox 914 3428 1380 3494">
     <span class='ocr_line' id='line_1_52' title="bbox 914 3428 1380 3494; baseline 0.004 -10"><span class='ocrx_word' id='word_1_303' title='bbox 914 3428 1167 3494; x_wconf 82' lang='grc' dir='ltr'>συνοδίας</span> <span class='ocrx_word' id='word_1_304' title='bbox 1192 3428 1380 3486; x_wconf 78' lang='grc' dir='ltr'>αὐτοῦ.</span> 
     </span>
    </p>
   </div>
   <div class='ocr_carea' id='block_1_52' title="bbox 390 3534 1973 3613">
    <p class='ocr_par' dir='ltr' id='par_1_52' title="bbox 390 3534 1973 3613">
     <span class='ocr_line' id='line_1_53' title="bbox 390 3534 1973 3613; baseline -0.003 -18"><span class='ocrx_word' id='word_1_305' title='bbox 390 3538 562 3595; x_wconf 70' lang='grc' dir='ltr'>Οὗτοι</span> <span class='ocrx_word' id='word_1_306' title='bbox 592 3538 645 3592; x_wconf 72' lang='grc' dir='ltr'>οἳ</span> <span class='ocrx_word' id='word_1_307' title='bbox 700 3536 849 3611; x_wconf 73' lang='grc' dir='ltr'>ἅγιοι</span> <span class='ocrx_word' id='word_1_308' title='bbox 905 3537 1159 3612; x_wconf 81' lang='grc' dir='ltr'>ὑπῆρχον</span> <span class='ocrx_word' id='word_1_309' title='bbox 1203 3536 1263 3592; x_wconf 70' lang='grc' dir='ltr'>ἐκ</span> <span class='ocrx_word' id='word_1_310' title='bbox 1291 3543 1390 3606; x_wconf 81' lang='grc' dir='ltr'><strong>τῆς</strong></span> <span class='ocrx_word' id='word_1_311' title='bbox 1431 3537 1624 3613; x_wconf 85' lang='grc' dir='ltr'>χώρας</span> <span class='ocrx_word' id='word_1_312' title='bbox 1679 3534 1973 3601; x_wconf 76' lang='grc' dir='ltr'>Ἑλλάδος·</span> 
     </span>
    </p>
   </div>
   <div class='ocr_carea' id='block_1_53' title="bbox 322 3624 1976 3701">
    <p class='ocr_par' dir='ltr' id='par_1_53' title="bbox 322 3624 1976 3701">
     <span class='ocr_line' id='line_1_54' title="bbox 322 3624 1976 3701; baseline 0 -20"><span class='ocrx_word' id='word_1_313' title='bbox 322 3627 420 3681; x_wconf 75' lang='grc' dir='ltr'>καὶ</span> <span class='ocrx_word' id='word_1_314' title='bbox 453 3626 483 3678; x_wconf 80' lang='grc' dir='ltr'><strong>ὁ</strong></span> <span class='ocrx_word' id='word_1_315' title='bbox 520 3627 610 3696; x_wconf 80' lang='grc' dir='ltr'>μὶν</span> <span class='ocrx_word' id='word_1_316' title='bbox 643 3624 900 3697; x_wconf 77' lang='grc' dir='ltr'>Λεονίδης</span> <span class='ocrx_word' id='word_1_317' title='bbox 927 3624 980 3681; x_wconf 79' lang='grc' dir='ltr'>ἐν</span> <span class='ocrx_word' id='word_1_318' title='bbox 1007 3630 1077 3699; x_wconf 77' lang='grc' dir='ltr'><strong>τῇ</strong></span> <span class='ocrx_word' id='word_1_319' title='bbox 1122 3626 1287 3701; x_wconf 67' lang='grc' dir='ltr'>ἑορτῇ</span> <span class='ocrx_word' id='word_1_320' title='bbox 1340 3632 1442 3695; x_wconf 87' lang='grc' dir='ltr'><strong>τῆς</strong></span> <span class='ocrx_word' id='word_1_321' title='bbox 1474 3625 1849 3688; x_wconf 54' lang='grc' dir='ltr'>’.ἀναστάσεως</span> <span class='ocrx_word' id='word_1_322' title='bbox 1876 3630 1976 3682; x_wconf 77' lang='grc' dir='ltr'><strong>τοῦ</strong></span> 
     </span>
    </p>
   </div>
   <div class='ocr_carea' id='block_1_54' title="bbox 328 3711 1976 3788">
    <p class='ocr_par' dir='ltr' id='par_1_54' title="bbox 328 3711 1976 3788">
     <span class='ocr_line' id='line_1_55' title="bbox 328 3711 1976 3788; baseline 0.001 -19"><span class='ocrx_word' id='word_1_323' title='bbox 328 3711 543 3787; x_wconf 74' lang='grc' dir='ltr'>Κυρίου</span> <span class='ocrx_word' id='word_1_324' title='bbox 588 3717 740 3783; x_wconf 75' lang='grc' dir='ltr'>ἡμῶν</span> <span class='ocrx_word' id='word_1_325' title='bbox 797 3714 981 3782; x_wconf 78' lang='grc' dir='ltr'>Ἰησοῦ</span> <span class='ocrx_word' id='word_1_326' title='bbox 1039 3718 1307 3788; x_wconf 82' lang='grc' dir='ltr'>Χριστοῦ,</span> <span class='ocrx_word' id='word_1_327' title='bbox 1368 3714 1503 3788; x_wconf 85' lang='grc' dir='ltr'><strong>μετά</strong></span> <span class='ocrx_word' id='word_1_328' title='bbox 1558 3712 1778 3771; x_wconf 72' lang='grc' dir='ltr'>πολλοῦ</span> <span class='ocrx_word' id='word_1_329' title='bbox 1840 3713 1976 3771; x_wconf 76' lang='grc' dir='ltr'>λαοῦ</span> 
     </span>
    </p>
   </div>
   <div class='ocr_carea' id='block_1_55' title="bbox 330 3802 1969 3883">
    <p class='ocr_par' dir='ltr' id='par_1_55' title="bbox 330 3802 1969 3883">
     <span class='ocr_line' id='line_1_56' title="bbox 330 3802 1969 3883; baseline 0.001 -24"><span class='ocrx_word' id='word_1_330' title='bbox 330 3802 566 3879; x_wconf 78' lang='grc' dir='ltr'>ψάλλων</span> <span class='ocrx_word' id='word_1_331' title='bbox 613 3802 661 3858; x_wconf 78' lang='grc' dir='ltr'>ἐν</span> <span class='ocrx_word' id='word_1_332' title='bbox 714 3809 785 3880; x_wconf 76' lang='grc' dir='ltr'><strong>τῇ</strong></span> <span class='ocrx_word' id='word_1_333' title='bbox 842 3802 1132 3877; x_wconf 69' lang='grc' dir='ltr'>ἱκκλησίᾳ,</span> <span class='ocrx_word' id='word_1_334' title='bbox 1188 3805 1278 3860; x_wconf 83' lang='grc' dir='ltr'><strong>καὶ</strong></span> <span class='ocrx_word' id='word_1_335' title='bbox 1337 3805 1631 3877; x_wconf 69' lang='grc' dir='ltr'>δορτάζων,</span> <span class='ocrx_word' id='word_1_336' title='bbox 1699 3804 1969 3883; x_wconf 69' lang='grc' dir='ltr'>ἰκρατηθη</span> 
     </span>
    </p>
   </div>
   <div class='ocr_carea' id='block_1_56' title="bbox 324 3892 1977 3973">
    <p class='ocr_par' dir='ltr' id='par_1_56' title="bbox 324 3892 1977 3973">
     <span class='ocr_line' id='line_1_57' title="bbox 324 3892 1977 3973; baseline 0 -22"><span class='ocrx_word' id='word_1_337' title='bbox 324 3895 431 3952; x_wconf 79' lang='grc' dir='ltr'><strong>ὀπό</strong></span> <span class='ocrx_word' id='word_1_338' title='bbox 458 3899 568 3951; x_wconf 88' lang='grc' dir='ltr'><strong>τῶν</strong></span> <span class='ocrx_word' id='word_1_339' title='bbox 594 3893 1039 3973; x_wconf 80' lang='grc' dir='ltr'>είδωλολατρῶν,</span> <span class='ocrx_word' id='word_1_340' title='bbox 1079 3895 1173 3951; x_wconf 86' lang='grc' dir='ltr'>καὶ</span> <span class='ocrx_word' id='word_1_341' title='bbox 1231 3893 1405 3962; x_wconf 86' lang='grc' dir='ltr'>δεθεὶς</span> <span class='ocrx_word' id='word_1_342' title='bbox 1453 3892 1607 3972; x_wconf 71' lang='grc' dir='ltr'>ἤχθη</span> <span class='ocrx_word' id='word_1_343' title='bbox 1668 3896 1745 3959; x_wconf 83' lang='grc' dir='ltr'><strong>είς</strong></span> <span class='ocrx_word' id='word_1_344' title='bbox 1774 3899 1977 3969; x_wconf 82' lang='grc' dir='ltr'>Κόριν-</span> 
     </span>
    </p>
   </div>
   <div class='ocr_carea' id='block_1_57' title="bbox 314 3982 1977 4062">
    <p class='ocr_par' dir='ltr' id='par_1_57' title="bbox 314 3982 1977 4062">
     <span class='ocr_line' id='line_1_58' title="bbox 314 3982 1977 4062; baseline 0.001 -22"><span class='ocrx_word' id='word_1_345' title='bbox 314 3986 531 4052; x_wconf 76' lang='grc' dir='ltr'>θον.οί</span> <span class='ocrx_word' id='word_1_346' title='bbox 582 3982 641 4041; x_wconf 76' lang='grc' dir='ltr'>δὶ</span> <span class='ocrx_word' id='word_1_347' title='bbox 699 3985 891 4043; x_wconf 84' lang='grc' dir='ltr'>λοιποὶ</span> <span class='ocrx_word' id='word_1_348' title='bbox 946 3983 1135 4057; x_wconf 70' lang='grc' dir='ltr'>ἄνδρες</span> <span class='ocrx_word' id='word_1_349' title='bbox 1187 4006 1246 4041; x_wconf 87' lang='grc' dir='ltr'><strong>τε</strong></span> <span class='ocrx_word' id='word_1_350' title='bbox 1329 3985 1419 4040; x_wconf 87' lang='grc' dir='ltr'><strong>καὶ</strong></span> <span class='ocrx_word' id='word_1_351' title='bbox 1477 3991 1745 4062; x_wconf 86' lang='grc' dir='ltr'>γυναῖκες,</span> <span class='ocrx_word' id='word_1_352' title='bbox 1804 3984 1977 4050; x_wconf 73' lang='grc' dir='ltr'>ἄλλος</span> 
     </span>
    </p>
   </div>
   <div class='ocr_carea' id='block_1_58' title="bbox 310 4070 1976 4151">
    <p class='ocr_par' dir='ltr' id='par_1_58' title="bbox 310 4070 1976 4151">
     <span class='ocr_line' id='line_1_59' title="bbox 310 4070 1976 4151; baseline 0 -20"><span class='ocrx_word' id='word_1_353' title='bbox 310 4074 632 4151; x_wconf 80' lang='grc' dir='ltr'>ἀλλαχόθεν</span> <span class='ocrx_word' id='word_1_354' title='bbox 688 4070 863 4144; x_wconf 81' lang='grc' dir='ltr'>ὄντες,</span> <span class='ocrx_word' id='word_1_355' title='bbox 920 4076 1266 4150; x_wconf 81' lang='grc' dir='ltr'>παρέστησαν</span> <span class='ocrx_word' id='word_1_356' title='bbox 1323 4078 1403 4147; x_wconf 83' lang='grc' dir='ltr'>τῷ</span> <span class='ocrx_word' id='word_1_357' title='bbox 1467 4082 1570 4144; x_wconf 84' lang='grc' dir='ltr'>τῆς</span> <span class='ocrx_word' id='word_1_358' title='bbox 1630 4076 1822 4150; x_wconf 85' lang='grc' dir='ltr'>χώρας</span> <span class='ocrx_word' id='word_1_359' title='bbox 1879 4075 1976 4151; x_wconf 77' lang='grc' dir='ltr'>ἃρ-</span> 
     </span>
    </p>
   </div>
   <div class='ocr_carea' id='block_1_59' title="bbox 310 4161 1973 4242">
    <p class='ocr_par' dir='ltr' id='par_1_59' title="bbox 310 4161 1973 4242">
     <span class='ocr_line' id='line_1_60' title="bbox 310 4161 1973 4242; baseline -0.001 -21"><span class='ocrx_word' id='word_1_360' title='bbox 310 4166 496 4221; x_wconf 65' lang='grc' dir='ltr'>Ἂοντι·</span> <span class='ocrx_word' id='word_1_361' title='bbox 533 4163 937 4242; x_wconf 62' lang='grc' dir='ltr'>συλληφθέντες</span> <span class='ocrx_word' id='word_1_362' title='bbox 967 4163 1060 4220; x_wconf 82' lang='grc' dir='ltr'><strong>καὶ</strong></span> <span class='ocrx_word' id='word_1_363' title='bbox 1121 4163 1275 4219; x_wconf 80' lang='grc' dir='ltr'>αὐτοὶ</span> <span class='ocrx_word' id='word_1_364' title='bbox 1336 4161 1576 4237; x_wconf 74' lang='grc' dir='ltr'>δέσμιοι,</span> <span class='ocrx_word' id='word_1_365' title='bbox 1639 4161 1973 4229; x_wconf 68' lang='grc' dir='ltr'>συνδεθέντες</span> 
     </span>
    </p>
   </div>
   <div class='ocr_carea' id='block_1_60' title="bbox 314 4250 1970 4330">
    <p class='ocr_par' dir='ltr' id='par_1_60' title="bbox 314 4250 1970 4330">
     <span class='ocr_line' id='line_1_61' title="bbox 314 4250 1970 4330; baseline 0.001 -21"><span class='ocrx_word' id='word_1_366' title='bbox 314 4259 397 4327; x_wconf 76' lang='grc' dir='ltr'>τῷ</span> <span class='ocrx_word' id='word_1_367' title='bbox 481 4254 622 4330; x_wconf 73' lang='grc' dir='ltr'>ἁγίῳ</span> <span class='ocrx_word' id='word_1_368' title='bbox 707 4250 963 4328; x_wconf 72' lang='grc' dir='ltr'>Λεονίδη,</span> <span class='ocrx_word' id='word_1_369' title='bbox 1050 4251 1485 4324; x_wconf 77' lang='grc' dir='ltr'>ἀπεκλείσθησαν</span> <span class='ocrx_word' id='word_1_370' title='bbox 1570 4252 1648 4315; x_wconf 83' lang='grc' dir='ltr'>εἷς</span> <span class='ocrx_word' id='word_1_371' title='bbox 1701 4252 1970 4329; x_wconf 71' lang='grc' dir='ltr'>φυλακήν.</span> 
     </span>
    </p>
   </div>
   <div class='ocr_carea' id='block_1_61' title="bbox 316 4338 1971 4420">
    <p class='ocr_par' dir='ltr' id='par_1_61' title="bbox 316 4338 1971 4420">
     <span class='ocr_line' id='line_1_62' title="bbox 316 4338 1971 4420; baseline -0.004 -20"><span class='ocrx_word' id='word_1_372' title='bbox 316 4344 446 4400; x_wconf 73' lang='grc' dir='ltr'>Εἶτα</span> <span class='ocrx_word' id='word_1_373' title='bbox 492 4350 595 4413; x_wconf 82' lang='grc' dir='ltr'>τῆς</span> <span class='ocrx_word' id='word_1_374' title='bbox 657 4342 907 4420; x_wconf 79' lang='grc' dir='ltr'>φυλακῆς</span> <span class='ocrx_word' id='word_1_375' title='bbox 962 4338 1344 4413; x_wconf 68' lang='grc' dir='ltr'>ἐκϐληθέντες,</span> <span class='ocrx_word' id='word_1_376' title='bbox 1394 4342 1740 4418; x_wconf 67' lang='grc' dir='ltr'>παρέστησαν</span> <span class='ocrx_word' id='word_1_377' title='bbox 1807 4341 1971 4397; x_wconf 84' lang='grc' dir='ltr'>πάλιν</span> 
     </span>
    </p>
   </div>
   <div class='ocr_carea' id='block_1_62' title="bbox 307 4431 1971 4507">
    <p class='ocr_par' dir='ltr' id='par_1_62' title="bbox 307 4431 1971 4507">
     <span class='ocr_line' id='line_1_63' title="bbox 307 4431 1971 4507; baseline -0.002 -17"><span class='ocrx_word' id='word_1_378' title='bbox 307 4438 391 4504; x_wconf 79' lang='grc' dir='ltr'>τῷ</span> <span class='ocrx_word' id='word_1_379' title='bbox 436 4441 538 4504; x_wconf 78' lang='grc' dir='ltr'><strong>τῆς</strong></span> <span class='ocrx_word' id='word_1_380' title='bbox 588 4432 852 4500; x_wconf 77' lang='grc' dir='ltr'>Κορίνθου</span> <span class='ocrx_word' id='word_1_381' title='bbox 909 4431 1163 4507; x_wconf 78' lang='grc' dir='ltr'>ἃρχοντι,</span> <span class='ocrx_word' id='word_1_382' title='bbox 1220 4432 1309 4486; x_wconf 84' lang='grc' dir='ltr'><strong>καὶ</strong></span> <span class='ocrx_word' id='word_1_383' title='bbox 1370 4435 1845 4507; x_wconf 70' lang='grc' dir='ltr'>κατηναγκάζοντο</span> <span class='ocrx_word' id='word_1_384' title='bbox 1876 4432 1971 4504; x_wconf 89' lang='grc' dir='ltr'>ἀρ-</span> 
     </span>
    </p>
   </div>
   <div class='ocr_carea' id='block_1_63' title="bbox 308 4517 1971 4597">
    <p class='ocr_par' dir='ltr' id='par_1_63' title="bbox 308 4517 1971 4597">
     <span class='ocr_line' id='line_1_64' title="bbox 308 4517 1971 4597; baseline -0.002 -19"><span class='ocrx_word' id='word_1_385' title='bbox 308 4527 581 4593; x_wconf 71' lang='grc' dir='ltr'>νήσασθαι</span> <span class='ocrx_word' id='word_1_386' title='bbox 615 4523 709 4596; x_wconf 74' lang='grc' dir='ltr'>μὶν</span> <span class='ocrx_word' id='word_1_387' title='bbox 739 4522 833 4577; x_wconf 82' lang='grc' dir='ltr'><strong>τὸν</strong></span> <span class='ocrx_word' id='word_1_388' title='bbox 890 4522 1149 4597; x_wconf 78' lang='grc' dir='ltr'>Χριστὸν,</span> <span class='ocrx_word' id='word_1_389' title='bbox 1189 4522 1344 4575; x_wconf 79' lang='grc' dir='ltr'>θῦσαι</span> <span class='ocrx_word' id='word_1_390' title='bbox 1405 4517 1464 4576; x_wconf 75' lang='grc' dir='ltr'>δὶ</span> <span class='ocrx_word' id='word_1_391' title='bbox 1520 4525 1638 4582; x_wconf 81' lang='grc' dir='ltr'>τοῖς</span> <span class='ocrx_word' id='word_1_392' title='bbox 1693 4518 1971 4583; x_wconf 72' lang='grc' dir='ltr'>εἲδώλοις.</span> 
     </span>
    </p>
   </div>
   <div class='ocr_carea' id='block_1_64' title="bbox 2091 1984 3742 2057">
    <p class='ocr_par' dir='ltr' id='par_1_64' title="bbox 2091 1984 3742 2057">
     <span class='ocr_line' id='line_1_65' title="bbox 2091 1984 3742 2057; baseline 0.001 -16"><span class='ocrx_word' id='word_1_393' title='bbox 2091 1990 2375 2047; x_wconf 87' lang='lat' dir='ltr'><strong>tem.cum</strong></span> <span class='ocrx_word' id='word_1_394' title='bbox 2406 1984 2773 2041; x_wconf 82' lang='lat' dir='ltr'><strong>venerandas</strong></span> <span class='ocrx_word' id='word_1_395' title='bbox 2803 2000 3009 2041; x_wconf 91' lang='lat' dir='ltr'><strong>eorum</strong></span> <span class='ocrx_word' id='word_1_396' title='bbox 3036 1984 3325 2057; x_wconf 86' lang='lat' dir='ltr'><strong>reliquias</strong></span> <span class='ocrx_word' id='word_1_397' title='bbox 3346 1990 3520 2041; x_wconf 90' lang='lat' dir='ltr'><strong>nocte</strong></span> <span class='ocrx_word' id='word_1_398' title='bbox 3546 1991 3742 2042; x_wconf 89' lang='lat' dir='ltr'><strong>sustu-</strong></span> 
     </span>
    </p>
   </div>
   <div class='ocr_carea' id='block_1_65' title="bbox 2088 2073 3745 2147">
    <p class='ocr_par' dir='ltr' id='par_1_65' title="bbox 2088 2073 3745 2147">
     <span class='ocr_line' id='line_1_66' title="bbox 2088 2073 3745 2147; baseline 0.001 -17"><span class='ocrx_word' id='word_1_399' title='bbox 2088 2074 2323 2144; x_wconf 86' lang='lat' dir='ltr'><strong>lissent,</strong></span> <span class='ocrx_word' id='word_1_400' title='bbox 2348 2080 2527 2147; x_wconf 89' lang='lat' dir='ltr'><strong>atque</strong></span> <span class='ocrx_word' id='word_1_401' title='bbox 2559 2079 2892 2141; x_wconf 88' lang='lat' dir='ltr'><strong>curassent,</strong></span> <span class='ocrx_word' id='word_1_402' title='bbox 2924 2073 3171 2129; x_wconf 62' lang='lat' dir='ltr'><strong>detectae</strong></span> <span class='ocrx_word' id='word_1_403' title='bbox 3209 2074 3469 2141; x_wconf 83' lang='lat' dir='ltr'><strong>fuerunt,</strong></span> <span class='ocrx_word' id='word_1_404' title='bbox 3523 2080 3582 2130; x_wconf 92' lang='lat' dir='ltr'><strong>et</strong></span> <span class='ocrx_word' id='word_1_405' title='bbox 3620 2080 3745 2132; x_wconf 84' lang='lat' dir='ltr'><strong>tan-</strong></span> 
     </span>
    </p>
   </div>
   <div class='ocr_carea' id='block_1_66' title="bbox 2090 2162 3740 2237">
    <p class='ocr_par' dir='ltr' id='par_1_66' title="bbox 2090 2162 3740 2237">
     <span class='ocr_line' id='line_1_67' title="bbox 2090 2162 3740 2237; baseline 0.001 -17"><span class='ocrx_word' id='word_1_406' title='bbox 2090 2181 2271 2237; x_wconf 85' lang='lat' dir='ltr'><strong>quam</strong></span> <span class='ocrx_word' id='word_1_407' title='bbox 2312 2163 2664 2219; x_wconf 73' lang='lat' dir='ltr'><strong>Christianm</strong></span> <span class='ocrx_word' id='word_1_408' title='bbox 2724 2162 3088 2220; x_wconf 64' lang='lat' dir='ltr'><strong>denuntiata;</strong></span> <span class='ocrx_word' id='word_1_409' title='bbox 3142 2163 3325 2236; x_wconf 89' lang='lat' dir='ltr'><strong>impio</strong></span> <span class='ocrx_word' id='word_1_410' title='bbox 3376 2168 3435 2219; x_wconf 92' lang='lat' dir='ltr'><strong>et</strong></span> <span class='ocrx_word' id='word_1_411' title='bbox 3472 2164 3740 2221; x_wconf 87' lang='lat' dir='ltr'><strong>dementi</strong></span> 
     </span>
    </p>
   </div>
   <div class='ocr_carea' id='block_1_67' title="bbox 2091 2251 3744 2324">
    <p class='ocr_par' dir='ltr' id='par_1_67' title="bbox 2091 2251 3744 2324">
     <span class='ocr_line' id='line_1_68' title="bbox 2091 2251 3744 2324; baseline 0.001 -16"><span class='ocrx_word' id='word_1_412' title='bbox 2091 2252 2308 2309; x_wconf 87' lang='lat' dir='ltr'><strong>Neroni</strong></span> <span class='ocrx_word' id='word_1_413' title='bbox 2343 2253 2484 2324; x_wconf 91' lang='lat' dir='ltr'><strong>:qui</strong></span> <span class='ocrx_word' id='word_1_414' title='bbox 2517 2252 2677 2308; x_wconf 90' lang='lat' dir='ltr'><strong>illico</strong></span> <span class='ocrx_word' id='word_1_415' title='bbox 2737 2268 2836 2308; x_wconf 86' lang='lat' dir='ltr'><strong>eas</strong></span> <span class='ocrx_word' id='word_1_416' title='bbox 2895 2251 3343 2324; x_wconf 87' lang='lat' dir='ltr'><strong>comprehendi,</strong></span> <span class='ocrx_word' id='word_1_417' title='bbox 3403 2257 3462 2309; x_wconf 90' lang='lat' dir='ltr'><strong>et</strong></span> <span class='ocrx_word' id='word_1_418' title='bbox 3516 2255 3744 2310; x_wconf 87' lang='lat' dir='ltr'><strong>catenis</strong></span> 
     </span>
    </p>
   </div>
   <div class='ocr_carea' id='block_1_68' title="bbox 2088 2341 3749 2415">
    <p class='ocr_par' dir='ltr' id='par_1_68' title="bbox 2088 2341 3749 2415">
     <span class='ocr_line' id='line_1_69' title="bbox 2088 2341 3749 2415; baseline 0.001 -19"><span class='ocrx_word' id='word_1_419' title='bbox 2088 2343 2314 2399; x_wconf 83' lang='lat' dir='ltr'><strong>vinctas</strong></span> <span class='ocrx_word' id='word_1_420' title='bbox 2348 2358 2551 2398; x_wconf 89' lang='lat' dir='ltr'><strong>coram</strong></span> <span class='ocrx_word' id='word_1_421' title='bbox 2584 2358 2647 2398; x_wconf 71' lang='lat' dir='ltr'><strong>se</strong></span> <span class='ocrx_word' id='word_1_422' title='bbox 2679 2341 2892 2398; x_wconf 88' lang='lat' dir='ltr'><strong>adduci</strong></span> <span class='ocrx_word' id='word_1_423' title='bbox 2923 2341 3471 2413; x_wconf 85' lang='lat' dir='ltr'><strong>mandavit,easque</strong></span> <span class='ocrx_word' id='word_1_424' title='bbox 3505 2342 3749 2415; x_wconf 90' lang='lat' dir='ltr'><strong>impulit</strong></span> 
     </span>
    </p>
   </div>
   <div class='ocr_carea' id='block_1_69' title="bbox 2087 2431 3742 2506">
    <p class='ocr_par' dir='ltr' id='par_1_69' title="bbox 2087 2431 3742 2506">
     <span class='ocr_line' id='line_1_70' title="bbox 2087 2431 3742 2506; baseline 0 -16"><span class='ocrx_word' id='word_1_425' title='bbox 2087 2433 2389 2490; x_wconf 89' lang='lat' dir='ltr'><strong>Christum</strong></span> <span class='ocrx_word' id='word_1_426' title='bbox 2422 2431 2818 2506; x_wconf 85' lang='lat' dir='ltr'><strong>abnegare.At</strong></span> <span class='ocrx_word' id='word_1_427' title='bbox 2842 2449 2978 2487; x_wconf 92' lang='lat' dir='ltr'><strong>cum</strong></span> <span class='ocrx_word' id='word_1_428' title='bbox 2993 2431 3052 2487; x_wconf 94' lang='lat' dir='ltr'><strong>id</strong></span> <span class='ocrx_word' id='word_1_429' title='bbox 3075 2431 3219 2503; x_wconf 91' lang='lat' dir='ltr'><strong>ipsis</strong></span> <span class='ocrx_word' id='word_1_430' title='bbox 3234 2432 3595 2503; x_wconf 89' lang='lat' dir='ltr'><strong>persuadere</strong></span> <span class='ocrx_word' id='word_1_431' title='bbox 3618 2449 3742 2490; x_wconf 90' lang='lat' dir='ltr'><strong>non</strong></span> 
     </span>
    </p>
   </div>
   <div class='ocr_carea' id='block_1_70' title="bbox 2088 2520 3740 2594">
    <p class='ocr_par' dir='ltr' id='par_1_70' title="bbox 2088 2520 3740 2594">
     <span class='ocr_line' id='line_1_71' title="bbox 2088 2520 3740 2594; baseline 0.003 -22"><span class='ocrx_word' id='word_1_432' title='bbox 2088 2522 2389 2589; x_wconf 87' lang='lat' dir='ltr'><strong>valuisset,</strong></span> <span class='ocrx_word' id='word_1_433' title='bbox 2415 2522 2716 2594; x_wconf 78' lang='lat' dir='ltr'><strong>praacepit,</strong></span> <span class='ocrx_word' id='word_1_434' title='bbox 2740 2527 2806 2577; x_wconf 89' lang='lat' dir='ltr'><strong>ut</strong></span> <span class='ocrx_word' id='word_1_435' title='bbox 2836 2522 2897 2577; x_wconf 91' lang='lat' dir='ltr'><strong>in</strong></span> <span class='ocrx_word' id='word_1_436' title='bbox 2930 2537 3229 2577; x_wconf 87' lang='lat' dir='ltr'><strong>carcerem</strong></span> <span class='ocrx_word' id='word_1_437' title='bbox 3261 2520 3740 2577; x_wconf 88' lang='lat' dir='ltr'><strong>detruderentur.</strong></span> 
     </span>
    </p>
   </div>
   <div class='ocr_carea' id='block_1_71' title="bbox 2086 2609 3740 2683">
    <p class='ocr_par' dir='ltr' id='par_1_71' title="bbox 2086 2609 3740 2683">
     <span class='ocr_line' id='line_1_72' title="bbox 2086 2609 3740 2683; baseline 0.001 -16"><span class='ocrx_word' id='word_1_438' title='bbox 2086 2613 2299 2667; x_wconf 89' lang='lat' dir='ltr'><strong>Postea</strong></span> <span class='ocrx_word' id='word_1_439' title='bbox 2328 2630 2463 2668; x_wconf 88' lang='lat' dir='ltr'><strong>vero</strong></span> <span class='ocrx_word' id='word_1_440' title='bbox 2498 2628 2527 2667; x_wconf 88' lang='lat' dir='ltr'><strong>e</strong></span> <span class='ocrx_word' id='word_1_441' title='bbox 2558 2628 2797 2668; x_wconf 90' lang='lat' dir='ltr'><strong>carcere</strong></span> <span class='ocrx_word' id='word_1_442' title='bbox 2857 2611 3121 2675; x_wconf 81' lang='lat' dir='ltr'><strong>eductas,</strong></span> <span class='ocrx_word' id='word_1_443' title='bbox 3157 2609 3588 2683; x_wconf 88' lang='lat' dir='ltr'><strong>multiplicibus</strong></span> <span class='ocrx_word' id='word_1_444' title='bbox 3620 2617 3740 2668; x_wconf 92' lang='lat' dir='ltr'><strong>tor-</strong></span> 
     </span>
    </p>
   </div>
   <div class='ocr_carea' id='block_1_72' title="bbox 2085 2698 3740 2771">
    <p class='ocr_par' dir='ltr' id='par_1_72' title="bbox 2085 2698 3740 2771">
     <span class='ocr_line' id='line_1_73' title="bbox 2085 2698 3740 2771; baseline 0 -14"><span class='ocrx_word' id='word_1_445' title='bbox 2085 2700 2305 2757; x_wconf 88' lang='lat' dir='ltr'><strong>mentis</strong></span> <span class='ocrx_word' id='word_1_446' title='bbox 2336 2700 2714 2756; x_wconf 80' lang='lat' dir='ltr'><strong>excruciavit.</strong></span> <span class='ocrx_word' id='word_1_447' title='bbox 2742 2701 2885 2756; x_wconf 84' lang='lat' dir='ltr'><strong>Nam</strong></span> <span class='ocrx_word' id='word_1_448' title='bbox 2918 2699 3177 2771; x_wconf 89' lang='lat' dir='ltr'><strong>primum</strong></span> <span class='ocrx_word' id='word_1_449' title='bbox 3210 2714 3417 2755; x_wconf 88' lang='lat' dir='ltr'><strong>earum</strong></span> <span class='ocrx_word' id='word_1_450' title='bbox 3436 2698 3620 2756; x_wconf 88' lang='lat' dir='ltr'><strong>ubera</strong></span> <span class='ocrx_word' id='word_1_451' title='bbox 3642 2716 3740 2757; x_wconf 80' lang='lat' dir='ltr'><strong>ex-</strong></span> 
     </span>
    </p>
   </div>
   <div class='ocr_carea' id='block_1_73' title="bbox 2087 2789 3737 2865">
    <p class='ocr_par' dir='ltr' id='par_1_73' title="bbox 2087 2789 3737 2865">
     <span class='ocr_line' id='line_1_74' title="bbox 2087 2789 3737 2865; baseline 0 -18"><span class='ocrx_word' id='word_1_452' title='bbox 2087 2791 2277 2847; x_wconf 88' lang='lat' dir='ltr'><strong>scindi</strong></span> <span class='ocrx_word' id='word_1_453' title='bbox 2310 2798 2369 2848; x_wconf 90' lang='lat' dir='ltr'><strong>et</strong></span> <span class='ocrx_word' id='word_1_454' title='bbox 2396 2791 2629 2865; x_wconf 79' lang='lat' dir='ltr'><strong>linguas</strong></span> <span class='ocrx_word' id='word_1_455' title='bbox 2658 2792 2993 2864; x_wconf 87' lang='lat' dir='ltr'><strong>amputari:</strong></span> <span class='ocrx_word' id='word_1_456' title='bbox 3029 2789 3246 2846; x_wconf 89' lang='lat' dir='ltr'><strong>deinde</strong></span> <span class='ocrx_word' id='word_1_457' title='bbox 3298 2807 3621 2863; x_wconf 90' lang='lat' dir='ltr'><strong>suspensas</strong></span> <span class='ocrx_word' id='word_1_458' title='bbox 3647 2791 3737 2847; x_wconf 86' lang='lat' dir='ltr'><strong>di-</strong></span> 
     </span>
    </p>
   </div>
   <div class='ocr_carea' id='block_1_74' title="bbox 2085 2881 3741 2953">
    <p class='ocr_par' dir='ltr' id='par_1_74' title="bbox 2085 2881 3741 2953">
     <span class='ocr_line' id='line_1_75' title="bbox 2085 2881 3741 2953; baseline 0 -13"><span class='ocrx_word' id='word_1_459' title='bbox 2085 2883 2323 2953; x_wconf 89' lang='lat' dir='ltr'><strong>laniari,</strong></span> <span class='ocrx_word' id='word_1_460' title='bbox 2377 2889 2437 2940; x_wconf 92' lang='lat' dir='ltr'><strong>et</strong></span> <span class='ocrx_word' id='word_1_461' title='bbox 2484 2883 2713 2940; x_wconf 82' lang='lat' dir='ltr'><strong>facibus</strong></span> <span class='ocrx_word' id='word_1_462' title='bbox 2769 2883 2940 2939; x_wconf 89' lang='lat' dir='ltr'><strong>aduri</strong></span> <span class='ocrx_word' id='word_1_463' title='bbox 2976 2899 2990 2937; x_wconf 87' lang='lat'><strong>:</strong></span> <span class='ocrx_word' id='word_1_464' title='bbox 3022 2897 3090 2939; x_wconf 91' lang='lat' dir='ltr'><strong>ac</strong></span> <span class='ocrx_word' id='word_1_465' title='bbox 3119 2881 3363 2937; x_wconf 91' lang='lat' dir='ltr'><strong>demum</strong></span> <span class='ocrx_word' id='word_1_466' title='bbox 3401 2883 3741 2940; x_wconf 85' lang='lat' dir='ltr'><strong>veneranda</strong></span> 
     </span>
    </p>
   </div>
   <div class='ocr_carea' id='block_1_75' title="bbox 2087 2971 3396 3046">
    <p class='ocr_par' dir='ltr' id='par_1_75' title="bbox 2087 2971 3396 3046">
     <span class='ocr_line' id='line_1_76' title="bbox 2087 2971 3396 3046; baseline -0.004 -15"><span class='ocrx_word' id='word_1_467' title='bbox 2087 2989 2292 3031; x_wconf 86' lang='lat' dir='ltr'><strong>earum</strong></span> <span class='ocrx_word' id='word_1_468' title='bbox 2322 2973 2517 3046; x_wconf 87' lang='lat' dir='ltr'><strong>capita</strong></span> <span class='ocrx_word' id='word_1_469' title='bbox 2544 2972 2790 3031; x_wconf 87' lang='lat' dir='ltr'><strong>ensibus</strong></span> <span class='ocrx_word' id='word_1_470' title='bbox 2819 2971 3165 3030; x_wconf 87' lang='lat' dir='ltr'><strong>obtruncari</strong></span> <span class='ocrx_word' id='word_1_471' title='bbox 3187 2971 3396 3043; x_wconf 86' lang='lat' dir='ltr'><strong>jussit.</strong></span> 
     </span>
    </p>
   </div>
   <div class='ocr_carea' id='block_1_76' title="bbox 2648 3178 3182 3237">
    <p class='ocr_par' dir='ltr' id='par_1_76' title="bbox 2648 3178 3182 3237">
     <span class='ocr_line' id='line_1_77' title="bbox 2648 3178 3182 3237; baseline -0.002 0"><span class='ocrx_word' id='word_1_472' title='bbox 2648 3180 2891 3237; x_wconf 79' lang='lat' dir='ltr'><strong>EODEM</strong></span> <span class='ocrx_word' id='word_1_473' title='bbox 2930 3178 3182 3237; x_wconf 71' lang='lat' dir='ltr'><strong>MENSE.</strong></span> 
     </span>
    </p>
   </div>
   <div class='ocr_carea' id='block_1_77' title="bbox 2622 3286 3194 3343">
    <p class='ocr_par' dir='ltr' id='par_1_77' title="bbox 2622 3286 3194 3343">
     <span class='ocr_line' id='line_1_78' title="bbox 2622 3286 3194 3343; baseline -0.002 -1"><span class='ocrx_word' id='word_1_474' title='bbox 2622 3287 2726 3343; x_wconf 90' lang='lat' dir='ltr'><strong>Die</strong></span> <span class='ocrx_word' id='word_1_475' title='bbox 2755 3286 2989 3343; x_wconf 90' lang='lat' dir='ltr'><strong>decima</strong></span> <span class='ocrx_word' id='word_1_476' title='bbox 3009 3290 3194 3342; x_wconf 85' lang='lat' dir='ltr'><strong>sexta.</strong></span> 
     </span>
    </p>
   </div>
   <div class='ocr_carea' id='block_1_78' title="bbox 2086 3377 3735 3459">
    <p class='ocr_par' dir='ltr' id='par_1_78' title="bbox 2086 3377 3735 3459">
     <span class='ocr_line' id='line_1_79' title="bbox 2086 3377 3735 3459; baseline -0.001 -24"><span class='ocrx_word' id='word_1_477' title='bbox 2086 3377 2187 3436; x_wconf 74' lang='lat'><strong>58</strong></span> <span class='ocrx_word' id='word_1_478' title='bbox 2221 3379 2513 3435; x_wconf 73' lang='lat' dir='ltr'><strong>Certamen</strong></span> <span class='ocrx_word' id='word_1_479' title='bbox 2538 3381 2719 3435; x_wconf 77' lang='lat' dir='ltr'><strong>sancti</strong></span> <span class='ocrx_word' id='word_1_480' title='bbox 2761 3379 3023 3459; x_wconf 73' lang='lat' dir='ltr'><strong>martyris</strong></span> <span class='ocrx_word' id='word_1_481' title='bbox 3076 3378 3350 3444; x_wconf 74' lang='lat' dir='ltr'><strong>Leonidis,</strong></span> <span class='ocrx_word' id='word_1_482' title='bbox 3382 3384 3435 3433; x_wconf 79' lang='lat' dir='ltr'><strong>et</strong></span> <span class='ocrx_word' id='word_1_483' title='bbox 3461 3378 3735 3434; x_wconf 82' lang='lat' dir='ltr'><strong>sociorum</strong></span> 
     </span>
    </p>
   </div>
   <div class='ocr_carea' id='block_1_79' title="bbox 2845 3465 2980 3515">
    <p class='ocr_par' dir='ltr' id='par_1_79' title="bbox 2845 3465 2980 3515">
     <span class='ocr_line' id='line_1_80' title="bbox 2845 3465 2980 3515; baseline 0 -12"><span class='ocrx_word' id='word_1_484' title='bbox 2845 3465 2980 3515; x_wconf 61' lang='lat' dir='ltr'><strong>elus.</strong></span> 
     </span>
    </p>
   </div>
   <div class='ocr_carea' id='block_1_80' title="bbox 2158 3555 3733 3629">
    <p class='ocr_par' dir='ltr' id='par_1_80' title="bbox 2158 3555 3733 3629">
     <span class='ocr_line' id='line_1_81' title="bbox 2158 3555 3733 3629; baseline 0.002 -18"><span class='ocrx_word' id='word_1_485' title='bbox 2158 3556 2225 3612; x_wconf 83' lang='lat' dir='ltr'><strong>Hi</strong></span> <span class='ocrx_word' id='word_1_486' title='bbox 2258 3556 2446 3611; x_wconf 88' lang='lat' dir='ltr'><strong>sancti</strong></span> <span class='ocrx_word' id='word_1_487' title='bbox 2475 3561 2766 3628; x_wconf 82' lang='lat' dir='ltr'><strong>martyres</strong></span> <span class='ocrx_word' id='word_1_488' title='bbox 2807 3572 2875 3611; x_wconf 81' lang='lat' dir='ltr'><strong>ex</strong></span> <span class='ocrx_word' id='word_1_489' title='bbox 2907 3556 3144 3612; x_wconf 73' lang='lat' dir='ltr'><strong>Graeciaa</strong></span> <span class='ocrx_word' id='word_1_490' title='bbox 3199 3555 3441 3629; x_wconf 81' lang='lat' dir='ltr'><strong>regione</strong></span> <span class='ocrx_word' id='word_1_491' title='bbox 3470 3556 3733 3615; x_wconf 83' lang='lat' dir='ltr'><strong>fuerunt.</strong></span> 
     </span>
    </p>
   </div>
   <div class='ocr_carea' id='block_1_81' title="bbox 2085 3645 3735 3717">
    <p class='ocr_par' dir='ltr' id='par_1_81' title="bbox 2085 3645 3735 3717">
     <span class='ocr_line' id='line_1_82' title="bbox 2085 3645 3735 3717; baseline 0.001 -15"><span class='ocrx_word' id='word_1_492' title='bbox 2085 3647 2168 3702; x_wconf 84' lang='lat' dir='ltr'><strong>Ac</strong></span> <span class='ocrx_word' id='word_1_493' title='bbox 2199 3645 2490 3702; x_wconf 88' lang='lat' dir='ltr'><strong>Leonides</strong></span> <span class='ocrx_word' id='word_1_494' title='bbox 2520 3646 2763 3717; x_wconf 89' lang='lat' dir='ltr'><strong>quidem</strong></span> <span class='ocrx_word' id='word_1_495' title='bbox 2796 3662 2932 3702; x_wconf 89' lang='lat' dir='ltr'><strong>cum</strong></span> <span class='ocrx_word' id='word_1_496' title='bbox 2964 3646 3025 3701; x_wconf 91' lang='lat' dir='ltr'><strong>in</strong></span> <span class='ocrx_word' id='word_1_497' title='bbox 3054 3645 3206 3702; x_wconf 81' lang='lat' dir='ltr'><strong>festo</strong></span> <span class='ocrx_word' id='word_1_498' title='bbox 3258 3646 3735 3704; x_wconf 82' lang='lat' dir='ltr'><strong>Resurrectionis</strong></span> 
     </span>
    </p>
   </div>
   <div class='ocr_carea' id='block_1_82' title="bbox 2084 3734 3738 3810">
    <p class='ocr_par' dir='ltr' id='par_1_82' title="bbox 2084 3734 3738 3810">
     <span class='ocr_line' id='line_1_83' title="bbox 2084 3734 3738 3810; baseline 0.001 -18"><span class='ocrx_word' id='word_1_499' title='bbox 2084 3734 2321 3792; x_wconf 91' lang='lat' dir='ltr'><strong>Domini</strong></span> <span class='ocrx_word' id='word_1_500' title='bbox 2353 3736 2541 3792; x_wconf 90' lang='lat' dir='ltr'><strong>nostri</strong></span> <span class='ocrx_word' id='word_1_501' title='bbox 2571 3737 2935 3793; x_wconf 86' lang='lat' dir='ltr'><strong>JesuChristi</strong></span> <span class='ocrx_word' id='word_1_502' title='bbox 2958 3753 3158 3792; x_wconf 90' lang='lat' dir='ltr'><strong>coram</strong></span> <span class='ocrx_word' id='word_1_503' title='bbox 3186 3736 3485 3809; x_wconf 86' lang='lat' dir='ltr'><strong>frequenti</strong></span> <span class='ocrx_word' id='word_1_504' title='bbox 3516 3738 3738 3810; x_wconf 87' lang='lat' dir='ltr'><strong>populo</strong></span> 
     </span>
    </p>
   </div>
   <div class='ocr_carea' id='block_1_83' title="bbox 2085 3825 3731 3899">
    <p class='ocr_par' dir='ltr' id='par_1_83' title="bbox 2085 3825 3731 3899">
     <span class='ocr_line' id='line_1_84' title="bbox 2085 3825 3731 3899; baseline 0.001 -18"><span class='ocrx_word' id='word_1_505' title='bbox 2085 3825 2147 3882; x_wconf 93' lang='lat' dir='ltr'><strong>in</strong></span> <span class='ocrx_word' id='word_1_506' title='bbox 2179 3826 2432 3882; x_wconf 90' lang='lat' dir='ltr'><strong>ecclesia</strong></span> <span class='ocrx_word' id='word_1_507' title='bbox 2461 3825 2765 3899; x_wconf 90' lang='lat' dir='ltr'><strong>psalleret,</strong></span> <span class='ocrx_word' id='word_1_508' title='bbox 2796 3826 3135 3898; x_wconf 80' lang='lat' dir='ltr'><strong>festumque</strong></span> <span class='ocrx_word' id='word_1_509' title='bbox 3186 3831 3405 3898; x_wconf 81' lang='lat' dir='ltr'><strong>ageret,</strong></span> <span class='ocrx_word' id='word_1_510' title='bbox 3460 3843 3731 3899; x_wconf 58' lang='lat' dir='ltr'><strong>compre.</strong></span> 
     </span>
    </p>
   </div>
   <div class='ocr_carea' id='block_1_84' title="bbox 2086 3914 3732 3980">
    <p class='ocr_par' dir='ltr' id='par_1_84' title="bbox 2086 3914 3732 3980">
     <span class='ocr_line' id='line_1_85' title="bbox 2086 3914 3732 3980; baseline 0.001 -9"><span class='ocrx_word' id='word_1_511' title='bbox 2086 3915 2309 3971; x_wconf 89' lang='lat' dir='ltr'><strong>hensus</strong></span> <span class='ocrx_word' id='word_1_512' title='bbox 2339 3915 2451 3970; x_wconf 86' lang='lat' dir='ltr'><strong>fuit</strong></span> <span class='ocrx_word' id='word_1_513' title='bbox 2479 3915 2550 3971; x_wconf 89' lang='lat' dir='ltr'><strong>ab</strong></span> <span class='ocrx_word' id='word_1_514' title='bbox 2584 3914 2937 3980; x_wconf 88' lang='lat' dir='ltr'><strong>idololatris,</strong></span> <span class='ocrx_word' id='word_1_515' title='bbox 2971 3920 3031 3970; x_wconf 89' lang='lat' dir='ltr'><strong>et</strong></span> <span class='ocrx_word' id='word_1_516' title='bbox 3086 3915 3320 3971; x_wconf 85' lang='lat' dir='ltr'><strong>vinctus</strong></span> <span class='ocrx_word' id='word_1_517' title='bbox 3379 3916 3732 3974; x_wconf 90' lang='lat' dir='ltr'><strong>Corinthum</strong></span> 
     </span>
    </p>
   </div>
   <div class='ocr_carea' id='block_1_85' title="bbox 2085 4004 3732 4077">
    <p class='ocr_par' dir='ltr' id='par_1_85' title="bbox 2085 4004 3732 4077">
     <span class='ocr_line' id='line_1_86' title="bbox 2085 4004 3732 4077; baseline 0.001 -16"><span class='ocrx_word' id='word_1_518' title='bbox 2085 4004 2397 4061; x_wconf 90' lang='lat' dir='ltr'><strong>adductus.</strong></span> <span class='ocrx_word' id='word_1_519' title='bbox 2430 4004 2665 4076; x_wconf 79' lang='lat' dir='ltr'><strong>Reliqui</strong></span> <span class='ocrx_word' id='word_1_520' title='bbox 2696 4021 2833 4059; x_wconf 88' lang='lat' dir='ltr'><strong>vero</strong></span> <span class='ocrx_word' id='word_1_521' title='bbox 2864 4004 2972 4059; x_wconf 83' lang='lat' dir='ltr'><strong>viri</strong></span> <span class='ocrx_word' id='word_1_522' title='bbox 3005 4021 3072 4060; x_wconf 89' lang='lat' dir='ltr'><strong>ac</strong></span> <span class='ocrx_word' id='word_1_523' title='bbox 3106 4004 3521 4077; x_wconf 88' lang='lat' dir='ltr'><strong>mulieres,qui</strong></span> <span class='ocrx_word' id='word_1_524' title='bbox 3553 4023 3623 4063; x_wconf 83' lang='lat' dir='ltr'><strong>ex</strong></span> <span class='ocrx_word' id='word_1_525' title='bbox 3641 4007 3732 4062; x_wconf 89' lang='lat' dir='ltr'><strong>di-</strong></span> 
     </span>
    </p>
   </div>
   <div class='ocr_carea' id='block_1_86' title="bbox 2083 4094 3733 4166">
    <p class='ocr_par' dir='ltr' id='par_1_86' title="bbox 2083 4094 3733 4166">
     <span class='ocr_line' id='line_1_87' title="bbox 2083 4094 3733 4166; baseline 0.001 -17"><span class='ocrx_word' id='word_1_526' title='bbox 2083 4096 2270 4151; x_wconf 81' lang='lat' dir='ltr'><strong>versis</strong></span> <span class='ocrx_word' id='word_1_527' title='bbox 2301 4094 2447 4150; x_wconf 89' lang='lat' dir='ltr'><strong>locis</strong></span> <span class='ocrx_word' id='word_1_528' title='bbox 2476 4094 2989 4166; x_wconf 75' lang='lat' dir='ltr'><strong>erant,provinciaa</strong></span> <span class='ocrx_word' id='word_1_529' title='bbox 3012 4094 3252 4165; x_wconf 58' lang='lat' dir='ltr'><strong>praesidi</strong></span> <span class='ocrx_word' id='word_1_530' title='bbox 3276 4094 3457 4150; x_wconf 90' lang='lat' dir='ltr'><strong>oblati</strong></span> <span class='ocrx_word' id='word_1_531' title='bbox 3471 4095 3733 4151; x_wconf 87' lang='lat' dir='ltr'><strong>fuerunt.</strong></span> 
     </span>
    </p>
   </div>
   <div class='ocr_carea' id='block_1_87' title="bbox 2085 4184 3737 4251">
    <p class='ocr_par' dir='ltr' id='par_1_87' title="bbox 2085 4184 3737 4251">
     <span class='ocr_line' id='line_1_88' title="bbox 2085 4184 3737 4251; baseline 0.001 -12"><span class='ocrx_word' id='word_1_532' title='bbox 2085 4185 2194 4251; x_wconf 88' lang='lat' dir='ltr'><strong>Qui</strong></span> <span class='ocrx_word' id='word_1_533' title='bbox 2226 4184 2405 4240; x_wconf 88' lang='lat' dir='ltr'><strong>simul</strong></span> <span class='ocrx_word' id='word_1_534' title='bbox 2436 4184 2690 4239; x_wconf 86' lang='lat' dir='ltr'><strong>vinculis</strong></span> <span class='ocrx_word' id='word_1_535' title='bbox 2720 4184 3052 4251; x_wconf 90' lang='lat' dir='ltr'><strong>constricti,</strong></span> <span class='ocrx_word' id='word_1_536' title='bbox 3112 4190 3170 4239; x_wconf 88' lang='lat' dir='ltr'><strong>et</strong></span> <span class='ocrx_word' id='word_1_537' title='bbox 3229 4190 3433 4240; x_wconf 90' lang='lat' dir='ltr'><strong>sancto</strong></span> <span class='ocrx_word' id='word_1_538' title='bbox 3494 4185 3737 4241; x_wconf 90' lang='lat' dir='ltr'><strong>Leonidi</strong></span> 
     </span>
    </p>
   </div>
   <div class='ocr_carea' id='block_1_88' title="bbox 2085 4272 3737 4347">
    <p class='ocr_par' dir='ltr' id='par_1_88' title="bbox 2085 4272 3737 4347">
     <span class='ocr_line' id='line_1_89' title="bbox 2085 4272 3737 4347; baseline -0.001 -16"><span class='ocrx_word' id='word_1_539' title='bbox 2085 4274 2375 4347; x_wconf 85' lang='lat' dir='ltr'><strong>adjuncti,</strong></span> <span class='ocrx_word' id='word_1_540' title='bbox 2406 4274 2467 4329; x_wconf 92' lang='lat' dir='ltr'><strong>in</strong></span> <span class='ocrx_word' id='word_1_541' title='bbox 2501 4289 2802 4330; x_wconf 88' lang='lat' dir='ltr'><strong>carcerem</strong></span> <span class='ocrx_word' id='word_1_542' title='bbox 2834 4272 3061 4328; x_wconf 89' lang='lat' dir='ltr'><strong>detrusi</strong></span> <span class='ocrx_word' id='word_1_543' title='bbox 3094 4278 3251 4328; x_wconf 89' lang='lat' dir='ltr'><strong>sunt.</strong></span> <span class='ocrx_word' id='word_1_544' title='bbox 3288 4273 3513 4328; x_wconf 90' lang='lat' dir='ltr'><strong>Deinde</strong></span> <span class='ocrx_word' id='word_1_545' title='bbox 3544 4290 3575 4327; x_wconf 91' lang='lat' dir='ltr'><strong>e</strong></span> <span class='ocrx_word' id='word_1_546' title='bbox 3606 4291 3737 4330; x_wconf 89' lang='lat' dir='ltr'><strong>car-</strong></span> 
     </span>
    </p>
   </div>
   <div class='ocr_carea' id='block_1_89' title="bbox 2084 4362 3734 4434">
    <p class='ocr_par' dir='ltr' id='par_1_89' title="bbox 2084 4362 3734 4434">
     <span class='ocr_line' id='line_1_90' title="bbox 2084 4362 3734 4434; baseline -0.001 -14"><span class='ocrx_word' id='word_1_547' title='bbox 2084 4381 2217 4421; x_wconf 88' lang='lat' dir='ltr'><strong>cere</strong></span> <span class='ocrx_word' id='word_1_548' title='bbox 2248 4363 2466 4429; x_wconf 89' lang='lat' dir='ltr'><strong>educti,</strong></span> <span class='ocrx_word' id='word_1_549' title='bbox 2528 4362 2745 4418; x_wconf 90' lang='lat' dir='ltr'><strong>iterum</strong></span> <span class='ocrx_word' id='word_1_550' title='bbox 2793 4362 3060 4417; x_wconf 90' lang='lat' dir='ltr'><strong>Corinthi</strong></span> <span class='ocrx_word' id='word_1_551' title='bbox 3120 4362 3357 4434; x_wconf 74' lang='lat' dir='ltr'><strong>praasidi</strong></span> <span class='ocrx_word' id='word_1_552' title='bbox 3420 4363 3734 4419; x_wconf 89' lang='lat' dir='ltr'><strong>sistuntur.</strong></span> 
     </span>
    </p>
   </div>
   <div class='ocr_carea' id='block_1_90' title="bbox 2084 4450 3741 4525">
    <p class='ocr_par' dir='ltr' id='par_1_90' title="bbox 2084 4450 3741 4525">
     <span class='ocr_line' id='line_1_91' title="bbox 2084 4450 3741 4525; baseline -0.001 -16"><span class='ocrx_word' id='word_1_553' title='bbox 2084 4455 2350 4525; x_wconf 89' lang='lat' dir='ltr'><strong>Cumque</strong></span> <span class='ocrx_word' id='word_1_554' title='bbox 2377 4452 2449 4507; x_wconf 89' lang='lat' dir='ltr'><strong>ab</strong></span> <span class='ocrx_word' id='word_1_555' title='bbox 2477 4468 2545 4506; x_wconf 91' lang='lat' dir='ltr'><strong>eo</strong></span> <span class='ocrx_word' id='word_1_556' title='bbox 2578 4451 3032 4522; x_wconf 88' lang='lat' dir='ltr'><strong>impellerentur</strong></span> <span class='ocrx_word' id='word_1_557' title='bbox 3060 4450 3360 4507; x_wconf 88' lang='lat' dir='ltr'><strong>Christum</strong></span> <span class='ocrx_word' id='word_1_558' title='bbox 3410 4468 3647 4525; x_wconf 84' lang='lat' dir='ltr'><strong>negare,</strong></span> <span class='ocrx_word' id='word_1_559' title='bbox 3680 4458 3741 4509; x_wconf 89' lang='lat' dir='ltr'><strong>et</strong></span> 
     </span>
    </p>
   </div>
   <div class='ocr_carea' id='block_1_91' title="bbox 2083 4539 3737 4613">
    <p class='ocr_par' dir='ltr' id='par_1_91' title="bbox 2083 4539 3737 4613">
     <span class='ocr_line' id='line_1_92' title="bbox 2083 4539 3737 4613; baseline -0.001 -15"><span class='ocrx_word' id='word_1_560' title='bbox 2083 4543 2261 4598; x_wconf 90' lang='lat' dir='ltr'><strong>idolis</strong></span> <span class='ocrx_word' id='word_1_561' title='bbox 2294 4541 2651 4607; x_wconf 82' lang='lat' dir='ltr'><strong>sacriﬁcare,</strong></span> <span class='ocrx_word' id='word_1_562' title='bbox 2673 4557 2783 4596; x_wconf 87' lang='lat' dir='ltr'><strong>nec</strong></span> <span class='ocrx_word' id='word_1_563' title='bbox 2810 4540 2883 4595; x_wconf 90' lang='lat' dir='ltr'><strong>ad</strong></span> <span class='ocrx_word' id='word_1_564' title='bbox 2915 4539 2973 4594; x_wconf 90' lang='lat' dir='ltr'><strong>id</strong></span> <span class='ocrx_word' id='word_1_565' title='bbox 2997 4540 3197 4595; x_wconf 90' lang='lat' dir='ltr'><strong>induci</strong></span> <span class='ocrx_word' id='word_1_566' title='bbox 3228 4548 3492 4613; x_wconf 88' lang='lat' dir='ltr'><strong>possent,</strong></span> <span class='ocrx_word' id='word_1_567' title='bbox 3526 4542 3737 4597; x_wconf 90' lang='lat' dir='ltr'><strong>Leoni-</strong></span> 
     </span>
    </p>
   </div>
   <div class='ocr_carea' id='block_1_92' title="bbox 308 4608 1977 4704">
    <p class='ocr_par' dir='ltr' id='par_1_92' title="bbox 308 4608 1971 4684">
     <span class='ocr_line' id='line_1_93' title="bbox 308 4608 1971 4684; baseline -0.004 -12"><span class='ocrx_word' id='word_1_568' title='bbox 308 4613 466 4672; x_wconf 80' lang='grc' dir='ltr'>Έπεὶ</span> <span class='ocrx_word' id='word_1_569' title='bbox 499 4610 559 4668; x_wconf 75' lang='grc' dir='ltr'>δὶ</span> <span class='ocrx_word' id='word_1_570' title='bbox 587 4613 688 4668; x_wconf 80' lang='grc' dir='ltr'>οὐκ</span> <span class='ocrx_word' id='word_1_571' title='bbox 718 4611 1068 4682; x_wconf 71' lang='grc' dir='ltr'>ιπείσθησαν,</span> <span class='ocrx_word' id='word_1_572' title='bbox 1129 4612 1157 4666; x_wconf 87' lang='grc' dir='ltr'><strong>ὁ</strong></span> <span class='ocrx_word' id='word_1_573' title='bbox 1209 4612 1305 4684; x_wconf 73' lang='grc' dir='ltr'>μὶν</span> <span class='ocrx_word' id='word_1_574' title='bbox 1353 4608 1618 4682; x_wconf 86' lang='grc' dir='ltr'>Λεονίδης</span> <span class='ocrx_word' id='word_1_575' title='bbox 1646 4610 1971 4684; x_wconf 85' lang='grc' dir='ltr'>κρεμασθεὶς</span> 
     </span>
    </p>
   </div>
   <div class='ocr_carea' id='block_1_93' title="bbox 2094 4608 3734 4704">
    <p class='ocr_par' dir='ltr' id='par_1_93' title="bbox 2094 4608 3734 4704">
     <span class='ocr_line' id='line_1_94' title="bbox 2094 4608 3734 4704; baseline -0.001 -16"><span class='ocrx_word' id='word_1_576' title='bbox 2094 4633 2185 4688; x_wconf 73' lang='lat' dir='ltr'><strong>ies</strong></span> <span class='ocrx_word' id='word_1_577' title='bbox 2208 4632 2453 4703; x_wconf 90' lang='lat' dir='ltr'><strong>quidem</strong></span> <span class='ocrx_word' id='word_1_578' title='bbox 2477 4632 2635 4704; x_wconf 89' lang='lat' dir='ltr'><strong>ligno</strong></span> <span class='ocrx_word' id='word_1_579' title='bbox 2651 4608 3601 4704; x_wconf 40' lang='lat' dir='ltr'><strong>suspensus,crudeli—terdepexus</strong></span> <span class='ocrx_word' id='word_1_580' title='bbox 3624 4638 3734 4701; x_wconf 90' lang='lat' dir='ltr'><strong>est,</strong></span> 
     </span>
    </p>
   </div>
   <div class='ocr_carea' id='block_1_94' title="bbox 306 4698 1965 4778">
    <p class='ocr_par' dir='ltr' id='par_1_94' title="bbox 306 4698 1965 4778">
     <span class='ocr_line' id='line_1_95' title="bbox 306 4698 1965 4778; baseline -0.003 -19"><span class='ocrx_word' id='word_1_581' title='bbox 306 4702 399 4759; x_wconf 66' lang='grc' dir='ltr'><strong>ἀπὶ</strong></span> <span class='ocrx_word' id='word_1_582' title='bbox 434 4701 624 4776; x_wconf 70' lang='grc' dir='ltr'>ξῦλου,</span> <span class='ocrx_word' id='word_1_583' title='bbox 658 4700 842 4773; x_wconf 73' lang='grc' dir='ltr'>ἐξὲσθη</span> <span class='ocrx_word' id='word_1_584' title='bbox 888 4698 1145 4778; x_wconf 68' lang='grc' dir='ltr'>ἀφειδῶς,</span> <span class='ocrx_word' id='word_1_585' title='bbox 1203 4700 1294 4755; x_wconf 82' lang='grc' dir='ltr'><strong>καὶ</strong></span> <span class='ocrx_word' id='word_1_586' title='bbox 1353 4699 1605 4773; x_wconf 85' lang='grc' dir='ltr'>λαμπάσι</span> <span class='ocrx_word' id='word_1_587' title='bbox 1662 4699 1759 4764; x_wconf 81' lang='grc' dir='ltr'><strong>τάς</strong></span> <span class='ocrx_word' id='word_1_588' title='bbox 1788 4700 1965 4756; x_wconf 90' lang='grc' dir='ltr'>πλευ-</span> 
     </span>
    </p>
   </div>
   <div class='ocr_carea' id='block_1_95' title="bbox 310 4782 1968 4869">
    <p class='ocr_par' dir='ltr' id='par_1_95' title="bbox 310 4782 1968 4869">
     <span class='ocr_line' id='line_1_96' title="bbox 310 4782 1968 4869; baseline -0.003 -21"><span class='ocrx_word' id='word_1_589' title='bbox 310 4793 411 4869; x_wconf 68' lang='grc' dir='ltr'><strong>ρὰς</strong></span> <span class='ocrx_word' id='word_1_590' title='bbox 467 4787 839 4869; x_wconf 80' lang='grc' dir='ltr'>κατεφλέχθη.</span> <span class='ocrx_word' id='word_1_591' title='bbox 930 4792 1062 4846; x_wconf 77' lang='grc' dir='ltr'>Εἶτα</span> <span class='ocrx_word' id='word_1_592' title='bbox 1118 4793 1215 4845; x_wconf 78' lang='grc' dir='ltr'><strong>τοῦ</strong></span> <span class='ocrx_word' id='word_1_593' title='bbox 1294 4788 1461 4864; x_wconf 74' lang='grc' dir='ltr'>ξύλου</span> <span class='ocrx_word' id='word_1_594' title='bbox 1521 4782 1968 4859; x_wconf 74' lang='grc' dir='ltr'>καταϐιϐασοεὶς,</span> 
     </span>
    </p>
   </div>
   <div class='ocr_carea' id='block_1_96' title="bbox 314 4877 1968 4956">
    <p class='ocr_par' dir='ltr' id='par_1_96' title="bbox 314 4877 1968 4956">
     <span class='ocr_line' id='line_1_97' title="bbox 314 4877 1968 4956; baseline -0.002 -20"><span class='ocrx_word' id='word_1_595' title='bbox 314 4880 589 4955; x_wconf 82' lang='grc' dir='ltr'>μετὰτῶν</span> <span class='ocrx_word' id='word_1_596' title='bbox 622 4879 715 4935; x_wconf 79' lang='grc' dir='ltr'><strong>σὺν</strong></span> <span class='ocrx_word' id='word_1_597' title='bbox 748 4879 897 4952; x_wconf 74' lang='grc' dir='ltr'>αὐτῷ</span> <span class='ocrx_word' id='word_1_598' title='bbox 952 4878 1117 4956; x_wconf 84' lang='grc' dir='ltr'>ἁγίων</span> <span class='ocrx_word' id='word_1_599' title='bbox 1176 4882 1257 4951; x_wconf 77' lang='grc' dir='ltr'>τῷ</span> <span class='ocrx_word' id='word_1_600' title='bbox 1322 4879 1478 4955; x_wconf 84' lang='grc' dir='ltr'><strong>βυθῷ</strong></span> <span class='ocrx_word' id='word_1_601' title='bbox 1532 4877 1634 4945; x_wconf 67' lang='grc' dir='ltr'>τῆς</span> <span class='ocrx_word' id='word_1_602' title='bbox 1691 4877 1968 4951; x_wconf 85' lang='grc' dir='ltr'>θαλάσσης</span> 
     </span>
    </p>
   </div>
   <div class='ocr_carea' id='block_1_97' title="bbox 311 4970 615 5050">
    <p class='ocr_par' dir='ltr' id='par_1_97' title="bbox 311 4970 615 5050">
     <span class='ocr_line' id='line_1_98' title="bbox 311 4970 615 5050; baseline -0.007 -23"><span class='ocrx_word' id='word_1_603' title='bbox 311 4970 488 5048; x_wconf 73' lang='grc' dir='ltr'>ἀπεβρ</span> <span class='ocrx_word' id='word_1_604' title='bbox 497 4970 590 5050; x_wconf 79' lang='grc' dir='ltr'><strong>ίφη</strong></span> <span class='ocrx_word' id='word_1_605' title='bbox 601 5016 615 5040; x_wconf 95' lang='grc'><strong>,</strong></span> 
     </span>
    </p>
   </div>
   <div class='ocr_carea' id='block_1_98' title="bbox 494 5074 1789 5153">
    <p class='ocr_par' dir='ltr' id='par_1_98' title="bbox 494 5074 1789 5153">
     <span class='ocr_line' id='line_1_99' title="bbox 494 5074 1789 5153; baseline -0.002 -18"><span class='ocrx_word' id='word_1_606' title='bbox 494 5078 603 5136; x_wconf 76' lang='grc' dir='ltr'>Καὶ</span> <span class='ocrx_word' id='word_1_607' title='bbox 630 5076 867 5149; x_wconf 69' lang='grc' dir='ltr'>ἄθλησις</span> <span class='ocrx_word' id='word_1_608' title='bbox 896 5082 997 5147; x_wconf 79' lang='grc' dir='ltr'><strong>τῆς</strong></span> <span class='ocrx_word' id='word_1_609' title='bbox 1028 5076 1183 5153; x_wconf 75' lang='grc' dir='ltr'>ἁγίας</span> <span class='ocrx_word' id='word_1_610' title='bbox 1219 5075 1497 5150; x_wconf 84' lang='grc' dir='ltr'>μάρτυρος</span> <span class='ocrx_word' id='word_1_611' title='bbox 1527 5074 1789 5151; x_wconf 76' lang='grc' dir='ltr'>Εΐρήνης.</span> 
     </span>
    </p>
   </div>
   <div class='ocr_carea' id='block_1_99' title="bbox 388 5183 1972 5264">
    <p class='ocr_par' dir='ltr' id='par_1_99' title="bbox 388 5183 1972 5264">
     <span class='ocr_line' id='line_1_100' title="bbox 388 5183 1972 5264; baseline -0.003 -19"><span class='ocrx_word' id='word_1_612' title='bbox 388 5189 487 5246; x_wconf 73' lang='grc' dir='ltr'>Καὶ</span> <span class='ocrx_word' id='word_1_613' title='bbox 538 5190 574 5257; x_wconf 80' lang='grc' dir='ltr'><strong>ἡ</strong></span> <span class='ocrx_word' id='word_1_614' title='bbox 634 5187 756 5264; x_wconf 78' lang='grc' dir='ltr'>ἁγία</span> <span class='ocrx_word' id='word_1_615' title='bbox 832 5187 1037 5261; x_wconf 80' lang='grc' dir='ltr'>μάρτυς</span> <span class='ocrx_word' id='word_1_616' title='bbox 1096 5184 1333 5262; x_wconf 78' lang='grc' dir='ltr'>Βίρήνη,</span> <span class='ocrx_word' id='word_1_617' title='bbox 1378 5183 1516 5240; x_wconf 84' lang='grc' dir='ltr'><strong>κατά</strong></span> <span class='ocrx_word' id='word_1_618' title='bbox 1572 5185 1664 5239; x_wconf 80' lang='grc' dir='ltr'><strong>τὸν</strong></span> <span class='ocrx_word' id='word_1_619' title='bbox 1721 5187 1972 5240; x_wconf 75' lang='grc' dir='ltr'>τοιοῦτον</span> 
     </span>
    </p>
   </div>
   <div class='ocr_carea' id='block_1_100' title="bbox 307 5270 1973 5355">
    <p class='ocr_par' dir='ltr' id='par_1_100' title="bbox 307 5270 1973 5355">
     <span class='ocr_line' id='line_1_101' title="bbox 307 5270 1973 5355; baseline -0.005 -20"><span class='ocrx_word' id='word_1_620' title='bbox 307 5281 499 5355; x_wconf 80' lang='grc' dir='ltr'>καιρὸν</span> <span class='ocrx_word' id='word_1_621' title='bbox 524 5282 621 5333; x_wconf 77' lang='grc' dir='ltr'><strong>τοῦ</strong></span> <span class='ocrx_word' id='word_1_622' title='bbox 652 5277 806 5352; x_wconf 80' lang='grc' dir='ltr'>ἁγίου</span> <span class='ocrx_word' id='word_1_623' title='bbox 838 5274 1055 5350; x_wconf 80' lang='grc' dir='ltr'>Πάσχα,</span> <span class='ocrx_word' id='word_1_624' title='bbox 1089 5273 1140 5330; x_wconf 73' lang='grc' dir='ltr'>ἐν</span> <span class='ocrx_word' id='word_1_625' title='bbox 1200 5278 1269 5349; x_wconf 75' lang='grc' dir='ltr'><strong>τῇ</strong></span> <span class='ocrx_word' id='word_1_626' title='bbox 1330 5273 1471 5348; x_wconf 76' lang='grc' dir='ltr'>αὐτῇ</span> <span class='ocrx_word' id='word_1_627' title='bbox 1521 5272 1703 5350; x_wconf 80' lang='grc' dir='ltr'>χώρᾳ,</span> <span class='ocrx_word' id='word_1_628' title='bbox 1735 5271 1789 5330; x_wconf 76' lang='grc' dir='ltr'>ἰν</span> <span class='ocrx_word' id='word_1_629' title='bbox 1849 5270 1973 5347; x_wconf 75' lang='grc' dir='ltr'>ἰδίῳ</span> 
     </span>
    </p>
   </div>
   <div class='ocr_carea' id='block_1_101' title="bbox 307 5363 1971 5443">
    <p class='ocr_par' dir='ltr' id='par_1_101' title="bbox 307 5363 1971 5443">
     <span class='ocr_line' id='line_1_102' title="bbox 307 5363 1971 5443; baseline -0.005 -18"><span class='ocrx_word' id='word_1_630' title='bbox 307 5368 614 5443; x_wconf 74' lang='grc' dir='ltr'>εὖκτηρίῳ,</span> <span class='ocrx_word' id='word_1_631' title='bbox 700 5365 837 5440; x_wconf 86' lang='grc' dir='ltr'><strong>μετά</strong></span> <span class='ocrx_word' id='word_1_632' title='bbox 890 5368 997 5419; x_wconf 89' lang='grc' dir='ltr'><strong>τῶν</strong></span> <span class='ocrx_word' id='word_1_633' title='bbox 1068 5363 1192 5420; x_wconf 84' lang='grc' dir='ltr'>τότε</span> <span class='ocrx_word' id='word_1_634' title='bbox 1276 5366 1619 5438; x_wconf 81' lang='grc' dir='ltr'>Χριστιανῶν</span> <span class='ocrx_word' id='word_1_635' title='bbox 1680 5363 1771 5418; x_wconf 87' lang='grc' dir='ltr'>τὸν</span> <span class='ocrx_word' id='word_1_636' title='bbox 1834 5364 1971 5421; x_wconf 81' lang='grc' dir='ltr'>Θεὸν</span> 
     </span>
    </p>
   </div>
   <div class='ocr_carea' id='block_1_102' title="bbox 306 5450 1972 5533">
    <p class='ocr_par' dir='ltr' id='par_1_102' title="bbox 306 5450 1972 5533">
     <span class='ocr_line' id='line_1_103' title="bbox 306 5450 1972 5533; baseline -0.005 -18"><span class='ocrx_word' id='word_1_637' title='bbox 306 5456 689 5533; x_wconf 75' lang='grc' dir='ltr'>δοξολογοῦσα</span> <span class='ocrx_word' id='word_1_638' title='bbox 719 5499 735 5524; x_wconf 91' lang='grc'><strong>,</strong></span> <span class='ocrx_word' id='word_1_639' title='bbox 802 5452 1151 5527; x_wconf 78' lang='grc' dir='ltr'>κατεμηνόθη</span> <span class='ocrx_word' id='word_1_640' title='bbox 1212 5456 1294 5525; x_wconf 79' lang='grc' dir='ltr'>τῷ</span> <span class='ocrx_word' id='word_1_641' title='bbox 1351 5450 1579 5528; x_wconf 77' lang='grc' dir='ltr'>ἂρχοντι</span> <span class='ocrx_word' id='word_1_642' title='bbox 1636 5454 1784 5525; x_wconf 86' lang='grc' dir='ltr'><strong>παρά</strong></span> <span class='ocrx_word' id='word_1_643' title='bbox 1862 5456 1972 5507; x_wconf 89' lang='grc' dir='ltr'><strong>τῶν</strong></span> 
     </span>
    </p>
   </div>
   <div class='ocr_carea' id='block_1_103' title="bbox 310 5540 1968 5619">
    <p class='ocr_par' dir='ltr' id='par_1_103' title="bbox 310 5540 1968 5619">
     <span class='ocr_line' id='line_1_104' title="bbox 310 5540 1968 5619; baseline -0.004 -14"><span class='ocrx_word' id='word_1_644' title='bbox 310 5543 590 5605; x_wconf 76' lang='grc' dir='ltr'>δυσσεϐῶν</span> <span class='ocrx_word' id='word_1_645' title='bbox 667 5542 1092 5617; x_wconf 78' lang='grc' dir='ltr'>είδωλολατρῶν</span> <span class='ocrx_word' id='word_1_646' title='bbox 1124 5562 1135 5575; x_wconf 93' lang='grc'><strong>·</strong></span> <span class='ocrx_word' id='word_1_647' title='bbox 1227 5540 1319 5598; x_wconf 81' lang='grc' dir='ltr'><strong>καὶ</strong></span> <span class='ocrx_word' id='word_1_648' title='bbox 1401 5543 1734 5619; x_wconf 86' lang='grc' dir='ltr'>κρατηθεῖσα</span> <span class='ocrx_word' id='word_1_649' title='bbox 1816 5540 1968 5618; x_wconf 75' lang='grc' dir='ltr'>ἢχθη</span> 
     </span>
    </p>
   </div>
   <div class='ocr_carea' id='block_1_104' title="bbox 308 5630 1972 5712">
    <p class='ocr_par' dir='ltr' id='par_1_104' title="bbox 308 5630 1972 5712">
     <span class='ocr_line' id='line_1_105' title="bbox 308 5630 1972 5712; baseline -0.005 -17"><span class='ocrx_word' id='word_1_650' title='bbox 308 5634 713 5712; x_wconf 75' lang='grc' dir='ltr'>δεδεμὲνη,καὶ</span> <span class='ocrx_word' id='word_1_651' title='bbox 770 5632 1017 5707; x_wconf 70' lang='grc' dir='ltr'>παρεστη</span> <span class='ocrx_word' id='word_1_652' title='bbox 1080 5631 1245 5705; x_wconf 75' lang='grc' dir='ltr'>αὐτῷ.</span> <span class='ocrx_word' id='word_1_653' title='bbox 1291 5631 1386 5686; x_wconf 78' lang='grc' dir='ltr'>Καὶ</span> <span class='ocrx_word' id='word_1_654' title='bbox 1430 5630 1784 5707; x_wconf 69' lang='grc' dir='ltr'>ἐρωτηθεῖσα,</span> <span class='ocrx_word' id='word_1_655' title='bbox 1824 5630 1972 5705; x_wconf 84' lang='grc' dir='ltr'>ὠμο-</span> 
     </span>
    </p>
   </div>
   <div class='ocr_carea' id='block_1_105' title="bbox 306 5719 1969 5808">
    <p class='ocr_par' dir='ltr' id='par_1_105' title="bbox 306 5719 1969 5808">
     <span class='ocr_line' id='line_1_106' title="bbox 306 5719 1969 5808; baseline -0.007 -19"><span class='ocrx_word' id='word_1_656' title='bbox 306 5728 513 5808; x_wconf 83' lang='grc' dir='ltr'>λόγησε</span> <span class='ocrx_word' id='word_1_657' title='bbox 539 5729 637 5785; x_wconf 83' lang='grc' dir='ltr'>τὸν</span> <span class='ocrx_word' id='word_1_658' title='bbox 668 5726 903 5802; x_wconf 78' lang='grc' dir='ltr'>Χριστὸν</span> <span class='ocrx_word' id='word_1_659' title='bbox 932 5719 1231 5799; x_wconf 78' lang='grc' dir='ltr'>παρρησίᾳ,</span> <span class='ocrx_word' id='word_1_660' title='bbox 1289 5720 1418 5777; x_wconf 85' lang='grc' dir='ltr'>Θεὸν</span> <span class='ocrx_word' id='word_1_661' title='bbox 1488 5720 1652 5776; x_wconf 81' lang='grc' dir='ltr'>αὐτὸν</span> <span class='ocrx_word' id='word_1_662' title='bbox 1704 5719 1969 5793; x_wconf 86' lang='grc' dir='ltr'>ἀληθινὸν</span> 
     </span>
    </p>
   </div>
   <div class='ocr_carea' id='block_1_106' title="bbox 2080 4719 3737 4795">
    <p class='ocr_par' dir='ltr' id='par_1_106' title="bbox 2080 4719 3737 4795">
     <span class='ocr_line' id='line_1_107' title="bbox 2080 4719 3737 4795; baseline 0.001 -20"><span class='ocrx_word' id='word_1_663' title='bbox 2080 4720 2430 4793; x_wconf 86' lang='lat' dir='ltr'><strong>facibusque</strong></span> <span class='ocrx_word' id='word_1_664' title='bbox 2479 4720 2540 4775; x_wconf 89' lang='lat' dir='ltr'><strong>in</strong></span> <span class='ocrx_word' id='word_1_665' title='bbox 2572 4720 2859 4776; x_wconf 88' lang='lat' dir='ltr'><strong>lateribus</strong></span> <span class='ocrx_word' id='word_1_666' title='bbox 2892 4720 3213 4785; x_wconf 88' lang='lat' dir='ltr'><strong>ustulatus,</strong></span> <span class='ocrx_word' id='word_1_667' title='bbox 3246 4719 3462 4777; x_wconf 92' lang='lat' dir='ltr'><strong>deinde</strong></span> <span class='ocrx_word' id='word_1_668' title='bbox 3494 4738 3525 4776; x_wconf 94' lang='lat' dir='ltr'><strong>e</strong></span> <span class='ocrx_word' id='word_1_669' title='bbox 3574 4721 3737 4795; x_wconf 84' lang='lat' dir='ltr'><strong>ligno</strong></span> 
     </span>
    </p>
   </div>
   <div class='ocr_carea' id='block_1_107' title="bbox 2081 4808 3735 4883">
    <p class='ocr_par' dir='ltr' id='par_1_107' title="bbox 2081 4808 3735 4883">
     <span class='ocr_line' id='line_1_108' title="bbox 2081 4808 3735 4883; baseline 0.001 -18"><span class='ocrx_word' id='word_1_670' title='bbox 2081 4808 2409 4882; x_wconf 89' lang='lat' dir='ltr'><strong>depositus,</strong></span> <span class='ocrx_word' id='word_1_671' title='bbox 2436 4825 2560 4865; x_wconf 90' lang='lat' dir='ltr'><strong>una</strong></span> <span class='ocrx_word' id='word_1_672' title='bbox 2586 4825 2721 4865; x_wconf 90' lang='lat' dir='ltr'><strong>cum</strong></span> <span class='ocrx_word' id='word_1_673' title='bbox 2754 4809 2975 4865; x_wconf 90' lang='lat' dir='ltr'><strong>sanctis</strong></span> <span class='ocrx_word' id='word_1_674' title='bbox 3007 4810 3186 4866; x_wconf 89' lang='lat' dir='ltr'><strong>sociis</strong></span> <span class='ocrx_word' id='word_1_675' title='bbox 3217 4810 3342 4866; x_wconf 87' lang='lat' dir='ltr'><strong>suis</strong></span> <span class='ocrx_word' id='word_1_676' title='bbox 3373 4811 3434 4866; x_wconf 90' lang='lat' dir='ltr'><strong>in</strong></span> <span class='ocrx_word' id='word_1_677' title='bbox 3486 4810 3735 4883; x_wconf 82' lang='lat' dir='ltr'><strong>profun-</strong></span> 
     </span>
    </p>
   </div>
   <div class='ocr_carea' id='block_1_108' title="bbox 2081 4897 2951 4955">
    <p class='ocr_par' dir='ltr' id='par_1_108' title="bbox 2081 4897 2951 4955">
     <span class='ocr_line' id='line_1_109' title="bbox 2081 4897 2951 4955; baseline 0 0"><span class='ocrx_word' id='word_1_678' title='bbox 2081 4898 2224 4955; x_wconf 92' lang='lat' dir='ltr'><strong>dum</strong></span> <span class='ocrx_word' id='word_1_679' title='bbox 2256 4898 2439 4954; x_wconf 89' lang='lat' dir='ltr'><strong>maris</strong></span> <span class='ocrx_word' id='word_1_680' title='bbox 2481 4898 2790 4954; x_wconf 89' lang='lat' dir='ltr'><strong>demersus</strong></span> <span class='ocrx_word' id='word_1_681' title='bbox 2819 4897 2951 4955; x_wconf 90' lang='lat' dir='ltr'><strong>fuit.</strong></span> 
     </span>
    </p>
   </div>
   <div class='ocr_carea' id='block_1_109' title="bbox 2321 5078 3490 5151">
    <p class='ocr_par' dir='ltr' id='par_1_109' title="bbox 2321 5078 3490 5151">
     <span class='ocr_line' id='line_1_110' title="bbox 2321 5078 3490 5151; baseline 0 -16"><span class='ocrx_word' id='word_1_682' title='bbox 2321 5078 2390 5135; x_wconf 82' lang='lat' dir='ltr'><strong>Et</strong></span> <span class='ocrx_word' id='word_1_683' title='bbox 2418 5085 2693 5135; x_wconf 83' lang='lat' dir='ltr'><strong>certamen</strong></span> <span class='ocrx_word' id='word_1_684' title='bbox 2721 5084 2932 5136; x_wconf 75' lang='lat' dir='ltr'><strong>sanctae</strong></span> <span class='ocrx_word' id='word_1_685' title='bbox 2980 5081 3243 5151; x_wconf 67' lang='lat' dir='ltr'><strong>martyris</strong></span> <span class='ocrx_word' id='word_1_686' title='bbox 3290 5081 3490 5137; x_wconf 79' lang='lat' dir='ltr'><strong>Irenes.</strong></span> 
     </span>
    </p>
   </div>
   <div class='ocr_carea' id='block_1_110' title="bbox 2155 5184 3738 5260">
    <p class='ocr_par' dir='ltr' id='par_1_110' title="bbox 2155 5184 3738 5260">
     <span class='ocr_line' id='line_1_111' title="bbox 2155 5184 3738 5260; baseline 0.003 -19"><span class='ocrx_word' id='word_1_687' title='bbox 2155 5184 2369 5242; x_wconf 90' lang='lat' dir='ltr'><strong>Sancta</strong></span> <span class='ocrx_word' id='word_1_688' title='bbox 2394 5201 2633 5259; x_wconf 88' lang='lat' dir='ltr'><strong>quoque</strong></span> <span class='ocrx_word' id='word_1_689' title='bbox 2664 5191 2890 5260; x_wconf 83' lang='lat' dir='ltr'><strong>martyr</strong></span> <span class='ocrx_word' id='word_1_690' title='bbox 2927 5187 3099 5243; x_wconf 84' lang='lat' dir='ltr'><strong>Irene</strong></span> <span class='ocrx_word' id='word_1_691' title='bbox 3150 5187 3359 5244; x_wconf 83' lang='lat' dir='ltr'><strong>eodem</strong></span> <span class='ocrx_word' id='word_1_692' title='bbox 3414 5190 3605 5246; x_wconf 88' lang='lat' dir='ltr'><strong>sancti</strong></span> <span class='ocrx_word' id='word_1_693' title='bbox 3634 5191 3738 5245; x_wconf 84' lang='lat' dir='ltr'><strong>Pa-</strong></span> 
     </span>
    </p>
   </div>
   <div class='ocr_carea' id='block_1_111' title="bbox 2083 5274 3737 5353">
    <p class='ocr_par' dir='ltr' id='par_1_111' title="bbox 2083 5274 3737 5353">
     <span class='ocr_line' id='line_1_112' title="bbox 2083 5274 3737 5353; baseline 0.001 -21"><span class='ocrx_word' id='word_1_694' title='bbox 2083 5274 2306 5332; x_wconf 88' lang='lat' dir='ltr'><strong>schatis</strong></span> <span class='ocrx_word' id='word_1_695' title='bbox 2337 5279 2627 5349; x_wconf 89' lang='lat' dir='ltr'><strong>tempore,</strong></span> <span class='ocrx_word' id='word_1_696' title='bbox 2652 5280 2712 5330; x_wconf 91' lang='lat' dir='ltr'><strong>et</strong></span> <span class='ocrx_word' id='word_1_697' title='bbox 2741 5275 2802 5331; x_wconf 91' lang='lat' dir='ltr'><strong>in</strong></span> <span class='ocrx_word' id='word_1_698' title='bbox 2830 5274 3039 5332; x_wconf 88' lang='lat' dir='ltr'><strong>eadem</strong></span> <span class='ocrx_word' id='word_1_699' title='bbox 3060 5277 3467 5350; x_wconf 81' lang='lat' dir='ltr'><strong>regione,cum</strong></span> <span class='ocrx_word' id='word_1_700' title='bbox 3502 5277 3563 5333; x_wconf 91' lang='lat' dir='ltr'><strong>in</strong></span> <span class='ocrx_word' id='word_1_701' title='bbox 3594 5294 3737 5353; x_wconf 89' lang='lat' dir='ltr'><strong>pro-</strong></span> 
     </span>
    </p>
   </div>
   <div class='ocr_carea' id='block_1_112' title="bbox 2082 5364 3739 5438">
    <p class='ocr_par' dir='ltr' id='par_1_112' title="bbox 2082 5364 3739 5438">
     <span class='ocr_line' id='line_1_113' title="bbox 2082 5364 3739 5438; baseline 0.002 -19"><span class='ocrx_word' id='word_1_702' title='bbox 2082 5365 2229 5438; x_wconf 79' lang='lat' dir='ltr'><strong>priae</strong></span> <span class='ocrx_word' id='word_1_703' title='bbox 2262 5364 2475 5420; x_wconf 89' lang='lat' dir='ltr'><strong>domus</strong></span> <span class='ocrx_word' id='word_1_704' title='bbox 2506 5365 2765 5421; x_wconf 87' lang='lat' dir='ltr'><strong>oratorio</strong></span> <span class='ocrx_word' id='word_1_705' title='bbox 2787 5380 2909 5421; x_wconf 91' lang='lat' dir='ltr'><strong>una</strong></span> <span class='ocrx_word' id='word_1_706' title='bbox 2931 5381 3063 5421; x_wconf 92' lang='lat' dir='ltr'><strong>cum</strong></span> <span class='ocrx_word' id='word_1_707' title='bbox 3098 5365 3204 5431; x_wconf 87' lang='lat' dir='ltr'><strong>eis,</strong></span> <span class='ocrx_word' id='word_1_708' title='bbox 3237 5365 3338 5435; x_wconf 89' lang='lat' dir='ltr'><strong>qui</strong></span> <span class='ocrx_word' id='word_1_709' title='bbox 3362 5371 3503 5422; x_wconf 90' lang='lat' dir='ltr'><strong>tunc</strong></span> <span class='ocrx_word' id='word_1_710' title='bbox 3535 5382 3739 5423; x_wconf 89' lang='lat' dir='ltr'><strong>secum</strong></span> 
     </span>
    </p>
   </div>
   <div class='ocr_carea' id='block_1_113' title="bbox 2085 5453 3741 5528">
    <p class='ocr_par' dir='ltr' id='par_1_113' title="bbox 2085 5453 3741 5528">
     <span class='ocr_line' id='line_1_114' title="bbox 2085 5453 3741 5528; baseline 0.002 -20"><span class='ocrx_word' id='word_1_711' title='bbox 2085 5454 2634 5521; x_wconf 87' lang='lat' dir='ltr'><strong>erant,Christianis</strong></span> <span class='ocrx_word' id='word_1_712' title='bbox 2652 5455 2835 5510; x_wconf 92' lang='lat' dir='ltr'><strong>Deum</strong></span> <span class='ocrx_word' id='word_1_713' title='bbox 2858 5453 3533 5528; x_wconf 80' lang='lat' dir='ltr'><strong>glorificaret,abimpiis</strong></span> <span class='ocrx_word' id='word_1_714' title='bbox 3557 5455 3741 5511; x_wconf 88' lang='lat' dir='ltr'><strong>idolo-</strong></span> 
     </span>
    </p>
   </div>
   <div class='ocr_carea' id='block_1_114' title="bbox 2082 5542 3733 5618">
    <p class='ocr_par' dir='ltr' id='par_1_114' title="bbox 2082 5542 3733 5618">
     <span class='ocr_line' id='line_1_115' title="bbox 2082 5542 3733 5618; baseline 0.001 -20"><span class='ocrx_word' id='word_1_715' title='bbox 2082 5542 2253 5599; x_wconf 89' lang='lat' dir='ltr'><strong>latris</strong></span> <span class='ocrx_word' id='word_1_716' title='bbox 2283 5543 2356 5598; x_wconf 93' lang='lat' dir='ltr'><strong>ad</strong></span> <span class='ocrx_word' id='word_1_717' title='bbox 2386 5543 2704 5616; x_wconf 62' lang='lat' dir='ltr'><strong>praesidem</strong></span> <span class='ocrx_word' id='word_1_718' title='bbox 2726 5544 2923 5599; x_wconf 88' lang='lat' dir='ltr'><strong>delata</strong></span> <span class='ocrx_word' id='word_1_719' title='bbox 2953 5542 3516 5614; x_wconf 90' lang='lat' dir='ltr'><strong>est.Comprehensa</strong></span> <span class='ocrx_word' id='word_1_720' title='bbox 3532 5544 3733 5618; x_wconf 86' lang='lat' dir='ltr'><strong>igitur,</strong></span> 
     </span>
    </p>
   </div>
   <div class='ocr_carea' id='block_1_115' title="bbox 2082 5632 3735 5707">
    <p class='ocr_par' dir='ltr' id='par_1_115' title="bbox 2082 5632 3735 5707">
     <span class='ocr_line' id='line_1_116' title="bbox 2082 5632 3735 5707; baseline 0.002 -21"><span class='ocrx_word' id='word_1_721' title='bbox 2082 5633 2454 5706; x_wconf 81' lang='lat' dir='ltr'><strong>vinculisque</strong></span> <span class='ocrx_word' id='word_1_722' title='bbox 2484 5635 2828 5698; x_wconf 88' lang='lat' dir='ltr'><strong>constricta,</strong></span> <span class='ocrx_word' id='word_1_723' title='bbox 2861 5648 3060 5688; x_wconf 86' lang='lat' dir='ltr'><strong>coram</strong></span> <span class='ocrx_word' id='word_1_724' title='bbox 3092 5633 3219 5704; x_wconf 91' lang='lat' dir='ltr'><strong>ipso</strong></span> <span class='ocrx_word' id='word_1_725' title='bbox 3250 5632 3521 5688; x_wconf 90' lang='lat' dir='ltr'><strong>sistitur:</strong></span> <span class='ocrx_word' id='word_1_726' title='bbox 3555 5639 3735 5707; x_wconf 90' lang='lat' dir='ltr'><strong>atque</strong></span> 
     </span>
    </p>
   </div>
   <div class='ocr_carea' id='block_1_116' title="bbox 2082 5721 3737 5798">
    <p class='ocr_par' dir='ltr' id='par_1_116' title="bbox 2082 5721 3737 5798">
     <span class='ocr_line' id='line_1_117' title="bbox 2082 5721 3737 5798; baseline 0.004 -20"><span class='ocrx_word' id='word_1_727' title='bbox 2082 5721 2463 5798; x_wconf 81' lang='lat' dir='ltr'><strong>interrogata,</strong></span> <span class='ocrx_word' id='word_1_728' title='bbox 2498 5722 2823 5783; x_wconf 82' lang='lat' dir='ltr'><strong>confidenti</strong></span> <span class='ocrx_word' id='word_1_729' title='bbox 2855 5721 3054 5779; x_wconf 89' lang='lat' dir='ltr'><strong>animo</strong></span> <span class='ocrx_word' id='word_1_730' title='bbox 3114 5721 3413 5777; x_wconf 81' lang='lat' dir='ltr'><strong>Christum</strong></span> <span class='ocrx_word' id='word_1_731' title='bbox 3463 5724 3737 5786; x_wconf 77' lang='lat' dir='ltr'><strong>confessa</strong></span> 
     </span>
    </p>
   </div>
  </div>
