4108 6448
342 422 460 485 409

1873 418 2213 483 APRILIS.

3647 420 3771 485 ΜΟ

340 552 476 610 ἰδεῖν
506 554 602 610 τὸν
637 553 887 629 βασιλέα,
919 553 1055 611 κατὰ
1103 555 1205 625 τὴν
1253 552 1499 613 Ἐλλάδα
1542 554 1856 631 γενόμενος,
1906 551 1997 607 καὶ

2116 570 2180 610 ac
2206 553 2267 609 in
2285 553 2567 611 Grmciam
2590 556 2865 620 venisset,
2886 555 3087 628 ibique
3113 554 3419 612 hominem
3440 554 3762 627 quemdam

341 643 518 720 εὑρὼν
578 642 890 720 ἄνθρωπον,
946 641 1152 699 ἄλαλον
1202 640 1332 699 ὄντα
1384 644 1475 700 καὶ
1531 643 1810 715 ἀκίνητον,
1868 662 2003 717 κρα-

336 736 515 804 τήσας
546 737 646 797 τῆς
688 737 903 810 χειρὸς,
964 733 1089 806 ὑγιῆ
1139 731 1414 803 ἐποίησεν.
1467 731 1643 790 Ἀλλᾶ
1687 731 1778 787 καὶ
1828 730 1878 785 ἐν
1932 733 2001 804 τῇ

338 824 551 900 Χρυσίᾳ
580 823 877 899 γενόμενος
902 822 1102 897 πόρτῃ,
1173 823 1265 878 καὶ
1314 821 1557 897 ἐντυχὼν
1605 819 1799 897 τυφλῷ
1845 821 2006 874 καθε-

348 915 593 986 ζομένῳ,
655 907 935 967 ἐπιϐαλὼν
996 911 1143 983 αὖτῷ
1192 912 1293 981 τήν
1369 917 1553 988 χεῖρα,
1598 914 1698 966 τοῦ
1783 907 2002 985 βλέπειν

341 1003 666 1078 ἐχαρίσατο.
702 1002 861 1060 Οὕτω
920 998 977 1056 δὲ
1027 1000 1242 1077 γέγονεν
1298 997 1581 1073 αἰδέσιμος
1633 1004 1715 1072 τῷ
1767 996 2003 1075 βασιλεῖ,

350 1091 444 1146 καὶ
474 1095 539 1165 τῇ
574 1087 897 1165 συγκλήτῳ,
926 1088 1000 1151 ὡς
1033 1088 1124 1143 καὶ
1156 1090 1415 1161 Ἀνθιμον
1446 1089 1539 1143 τὸν
1595 1089 2009 1162 Τραπεζοῦντος

354 1181 681 1249 ἐπίσκοπον,
742 1184 925 1241 κακῶς
982 1173 1244 1233 ἐπιϐάντα
1297 1182 1379 1251 τῷ
1437 1177 1615 1253 θρόνῳ
1672 1183 2004 1231 Κωνσταντι-

348 1268 692 1337 νουπόλεως,
727 1269 816 1324 καὶ
874 1270 972 1338 τήν
1031 1266 1233 1340 α’ίρεσιν
1294 1264 1492 1344 ἔχοντα
1546 1270 1643 1322 τοῦ
1698 1264 2004 1340 Εὐτυχοῦς,

338 1357 622 1431 ἐκδιῶξαι,
654 1358 745 1413 καὶ
803 1355 911 1412 ἄντ’
970 1355 1177 1412 ἐκείνου
1235 1358 1626 1432 χειροτονῆσαι
1681 1354 1771 1409 τὸν
1831 1354 2005 1428 ἁγιώ-

331 1468 499 1504 τατον
535 1449 751 1518 Μηνᾶν.
807 1448 939 1503 Εἶτα
982 1446 1221 1517 νοσήσας
1270 1442 1636 1515 ἐτελεύτησεν,
1692 1443 1781 1497 καὶ
1844 1441 1998 1513 ἐτέθη

334 1538 390 1595 ἓν
418 1540 499 1612 τῷ
529 1543 649 1611 ναῶ
677 1542 785 1594 τῶν
815 1537 985 1612 ἁγίων
1012 1534 1369 1592 ἀποστόλων.

669 1733 774 1792 Καὶ
811 1754 1007 1806 μνημη
1034 1734 1133 1802 τῆς
1164 1730 1320 1807 ἁγίας
1351 1728 1670 1802 Ἀνθούσης.

431 1851 489 1907 ’Β
524 1850 633 1905 ὁσία
676 1852 949 1914 Ἀνθοῦσα
1004 1849 1191 1923 γέγονε
1253 1847 1348 1921 μὲν
1409 1847 1653 1923 θυγάτηρ
1715 1853 2007 1903 Κωνσταν-

2112 649 2343 699 mutum
2377 650 2436 700 et
2462 662 2585 716 prae
2616 645 2966 700 infirmitate
3002 644 3372 700 immobilem
3423 644 3773 715 invenisset,

2110 750 2294 790 manu
2324 735 2786 807 apprehensum,
2834 734 3201 790 incolumem
3233 734 3512 789 reddidit.
3547 733 3774 789 Deinde

2114 840 2250 880 cum
2283 832 2539 880 Auream
2570 829 2804 896 portam
2845 824 3093 889 subiret,
3127 830 3185 879 et
3215 825 3279 879 in
3310 840 3534 879 caecum
3562 839 3776 894 quem-

2114 913 2251 969 dam
2282 913 2365 968 ibi
2418 914 2726 969 sedentem
2778 914 3105 979 incidisset,
3141 930 3321 969 manu
3363 914 3415 968 ei
3469 912 3774 984 imposita,

2114 1004 2302 1058 visum
2336 1004 2449 1075 ipsi
2474 1003 2752 1059 restituit.
2781 1002 2944 1058 Unde
2967 1002 3123 1074 apud
3156 1003 3573 1075 imperatorem
3608 1008 3666 1057 et
3692 1018 3779 1057 se-

2115 1099 2322 1148 natum
2353 1093 2499 1148 adeo
2532 1092 2889 1148 venerabilis
2919 1092 3049 1157 fuit,
3084 1097 3149 1146 ut
3178 1098 3232 1147 et
3263 1092 3611 1147 Anthimum
3640 1093 3775 1147 Tra-

2114 1182 2382 1254 pezuntis
2432 1182 2801 1253 episcopum.
2847 1180 3502 1253 Constantinopolitano
3558 1181 3773 1235 throno

2116 1271 2520 1339 incubantem,
2550 1289 2617 1327 ac
2644 1272 3012 1343 Eutychiana
3031 1271 3243 1326 haeresi
3266 1270 3561 1325 imbutum
3587 1270 3778 1342 ejece-

2116 1361 2213 1428 rit,
2248 1367 2307 1417 et
2337 1361 2499 1417 illius
2531 1362 2663 1417 loco
2697 1362 3141 1417 sanctissimum
3200 1363 3429 1417 Menam
3461 1360 3778 1416 ordinave-

2116 1452 2214 1506 rit.
2259 1452 2530 1507 Posthaec
2569 1451 2917 1507 infirmitate
2950 1458 3281 1525 correptus,
3312 1469 3380 1507 ex
3411 1470 3478 1508 ac
3527 1454 3645 1508 vita
3670 1453 3776 1508 de-

2117 1541 2317 1611 cessit,
2352 1547 2409 1596 et
2440 1540 2503 1596 in
2548 1541 2767 1613 templo
2820 1546 3163 1597 sanctorum
3219 1541 3639 1613 Apostolorum
3679 1558 3772 1597 se-

2116 1630 2319 1702 pultus
2345 1631 2476 1688 fuit.

2476 1742 2545 1795 Et
2582 1742 2850 1795 memoria
2876 1746 3081 1794 sanctae
3129 1739 3416 1796 Anthusae.

2190 1847 2402 1903 Sancta
2430 1848 2699 1903 Anthusa
2720 1848 2846 1903 ﬁlia
2867 1846 2978 1901 fuit
3003 1845 3379 1903 Constantini
3411 1844 3722 1911 (:aballini,
3745 1861 3781 1900 ο.

356 1938 505 1992 τίνου
531 1942 624 1993 τοῦ
655 1933 1023 1993 Καϐαλλίνου·
1084 1937 1175 1992 ὑπ’
1231 1936 1441 1992 ἐκείνου
1500 1933 1557 1991 δὶ
1616 1937 2001 2011 ἀναγκασθεῖσα

2116 1953 2234 2008 quo
2257 1938 2429 2009 jussa
2458 1937 2693 1993 cuidam
2706 1937 2828 1991 viro
2842 1935 3089 2003 nubere,
3111 1951 3233 1989 non
3255 1934 3531 1991 assensit.
3556 1936 3774 1989 Verum

352 2029 709 2101 συζευχθῆναι
747 2023 925 2101 ἀνδρὶ,
986 2027 1088 2081 οὐκ
1141 2025 1388 2095 ἐπείσθη·
1444 2024 1591 2081 ἀλλὰ
1650 2026 1786 2098 μετᾶ
1828 2024 2011 2080 τελευ-

342 2118 444 2185 τήν
505 2118 679 2172 αὐτοῦ
757 2117 987 2185 εὑροῦσα
1071 2112 1273 2185 ἄδειαν,
1359 2115 1535 2170 πάντα
1604 2116 1697 2170 τὸν
1766 2113 2004 2170 πλοῦτον

340 2207 519 2275 αὐτῆς
570 2203 966 2277 διεσκόρπισεν,
1020 2206 1114 2261 τὸν
1180 2205 1274 2278 μὶν
1335 2202 1503 2259 δοῦσα
1567 2210 1684 2268 τοῖς
1734 2210 2007 2280 πτωχοῖς,

338 2298 437 2352 τὸν
474 2293 535 2351 δὶ
566 2299 926 2371 παρασχοῦσα
980 2293 1057 2356 εἷς
1113 2292 1421 2363 ἐκκλησιῶν
1479 2292 1570 2348 καὶ
1622 2293 2006 2368 μοναστηρίων

344 2370 681 2458 οἰκοδομὰς,
706 2385 799 2440 τὸν
850 2383 909 2439 δὲ
968 2370 1045 2447 είς
1108 2383 1310 2460 ἀγορὰν
1367 2382 1768 2459 αἰχμαλώτων,
1826 2384 1893 2438 τὰ
1948 2380 2007 2438 δὲ

350 2479 541 2552 χρυσᾶ
572 2475 765 2547 ἱμάτια
820 2474 991 2543 αὐτῆς
1047 2472 1124 2535 εἰς
1181 2470 1581 2546 καλλωπισμὸν
1638 2477 1743 2528 τῶν
1802 2469 2006 2543 ἐκκλη-

342 2569 503 2621 σιῶν.
542 2564 739 2637 Γέγονε
790 2559 849 2617 δὶ
898 2562 987 2617 καὶ
1046 2559 1275 2617 πολλῶν
1336 2562 1586 2638 ὀρφανῶν
1647 2563 1854 2635 μήτηρ·
1912 2560 2006 2616 καὶ

339 2656 447 2729 γὰρ
476 2654 549 2708 τὰ
604 2651 942 2727 ῥιπτούμενα
996 2648 1194 2706 παιδία
1250 2652 1578 2726 συνάγουσα,
1626 2650 1880 2728 ἀνέτρεφε
1912 2650 2002 2705 καὶ

343 2739 618 2799 ἐπαίδευε·
673 2741 765 2796 γαὶ
819 2741 887 2796 τὰ
950 2741 1045 2813 μὶν
1102 2745 1184 2812 τῷ
1239 2744 1358 2812 Θεῷ
1413 2741 1762 2813 παρέπεμπεν
1817 2740 2004 2795 τελευ-

337 2833 603 2903 τήσαντα,
664 2830 733 2885 τὰ
790 2826 848 2885 δὶ
907 2830 1083 2899 ζῶντα
1140 2828 1215 2892 είς
1271 2833 1616 2904 γηροκομεῖα
1694 2829 2002 2884 κατέταττε.

343 2919 633 2982 Πολλάκις
663 2917 720 2975 δὶ
750 2917 1216 2993 παρακαλουμένη
1275 2917 1421 2995 παρὰ
1464 2925 1567 2988 τῆς
1617 2912 2003 2987 εὐσεϐεστάτης

341 3012 618 3087 Εἲρήνης,
649 3009 740 3065 καὶ
796 3013 899 3065 τοῦ
957 3010 1081 3064 υἱοῦ
1139 3007 1310 3078 αὐτῆς
1368 3008 1799 3077 Κωνσταντίνου,
1861 3028 2007 3080 συμ-

350 3095 661 3154 ϐασιλεύειν
725 3098 937 3168 αὐτοῖς,
992 3096 1092 3152 οὐκ
1174 3096 1420 3167 ἐπείσθη·
1506 3094 1655 3152 ἀλλὰ
1731 3095 2000 3172 γενομένη

346 3190 575 3264 μοναχὴ
609 3185 759 3262 παρᾶ
785 3190 884 3242 τοῦ
914 3184 1073 3261 ἁγίου
1124 3184 1422 3260 Ταρασίου,
1476 3184 1529 3241 ἰν
1576 3188 1647 3258 τῇ
1708 3188 1851 3260 μονῇ
1898 3192 1999 3256 τῆς

339 3276 644 3351 Εὐμενίας,
675 3275 816 3351 πρὸς
847 3274 1040 3350 Κύριον
1068 3272 1219 3346 ἐξεδή
1232 3295 1427 3349 μησεν.

886 3385 1068 3442 nam
1106 3389 1192 3462 τᾳ
1236 3386 1438 3462 ΑΥΤᾳ.

1129 3484 1218 3538 ῙΗ’

470 3586 676 3659 Μνήμη
706 3588 805 3639 τοῦ
836 3582 889 3639 ἂν
922 3582 1099 3659 ἁγίοις
1132 3584 1329 3656 Κοσμᾶ
1365 3586 1464 3637 τοῦ
1496 3579 1878 3657 ὁμολογητοῦ.

436 3702 651 3771 Κοσμᾶς
705 3702 731 3755 ὁ
786 3700 1094 3774 ἁγιώτατος
1151 3698 1421 3774 ἰεράρχης
1497 3698 1589 3753 καὶ
1647 3698 2002 3773 ὁμολογητῂ

358 3794 459 3843 τοῦ
514 3793 757 3863 Χριστοῦ,
816 3790 1008 3864 γέγονε
1066 3789 1160 3860 μὶν
1221 3786 1280 3842 ἐκ
1349 3784 2000 3849 Κωνσταντινουπόλεως·

354 3879 414 3935 ἐκ
468 3881 698 3956 βρέφους
754 3878 812 3936 δὲ
866 3880 958 3935 τὸν
1048 3879 1176 3934 Θεὸν
1259 3876 1565 3953 ἀγαπήσας,
1661 3878 1838 3955 ἀφῆκε
1907 3877 2001 3932 τὸν

344 3972 579 4044 κόσμον,
630 3970 721 4025 καὶ
790 3967 1039 4025 ἀπελθὼν
1099 3967 1307 4044 ἐγένετο
1393 3967 1661 4042 μοναχός.
1744 3968 1845 4024 Καὶ
1932 3966 2004 4022 δι’

342 4062 632 4131 ἀσκήσεως
662 4058 755 4114 καὶ
787 4057 992 4128 λοιπῆς
1045 4057 1243 4129 ἀρετῆς
1301 4056 1489 4111 ἑαυτὸν
1544 4056 1860 4130 ἐκκαθάρας,
1910 4056 2000 4111 καὶ

342 4155 479 4207 θεοῦ
509 4148 807 4226 γενόμενος
836 4147 1288 4219 κατοικητήριον,
1320 4144 1715 4221 ἐχειροτονήθη
1765 4143 1999 4216 Χαλκη-

346 4239 503 4303 δόνος
564 4238 886 4309 ἐπίσκοπος,
938 4236 1074 4291 κατᾶ
1126 4236 1219 4291 τὸν
1277 4236 1467 4309 καιρὸν
1535 4239 1644 4290 τῶν
1726 4230 1996 4290 δυσσεϐῶν

344 4329 757 4405 εἰκονομάχων,
818 4325 939 4382 ὅθεν
997 4326 1089 4380 καί
1146 4322 1393 4387 πολλοὺς
1450 4324 1661 4401 ἀγῶνας
1708 4321 1997 4395 ἐνεδείξατο

342 4422 482 4495 ὑπὲρ
539 4425 643 4487 τῆς
700 4413 997 4492 ὀρθοδόξου
1057 4413 1314 4475 πίστεως.
1376 4412 1838 4488 Ἀναγκαζόμενος
1892 4414 1997 4489 γὰρ

340 4510 450 4565 ὑπὸ
506 4512 617 4562 τῶν
675 4504 1020 4581 κρατούντων
1077 4503 1420 4573 ἀρνήσασθαι
1471 4503 1571 4571 τήν
1630 4502 1996 4577 προσκύνησιν

333 4605 451 4655 τῶν
484 4596 657 4671 ἁγίων
684 4595 774 4650 καί
807 4598 1039 4662 σεπτῶν,
1092 4591 1337 4660 εἰκόνων,
1386 4592 1477 4646 καὶ
1527 4592 1605 4664 μὴ
1653 4591 1996 4663 πειθόμενος,

338 4653 652 4761 ὲξωρίζετο,
736 4683 827 4739 καὶ
914 4680 1206 4743 πλείστους
1294 4680 1549 4754 ὑπέμεινε
1639 4681 1996 4757 πειρασμούς.
2030 4653 2075 4715 ί)

337 4777 443 4832 Καὶ
526 4772 693 4829 πάλιν
783 4769 1252 4844 ἀνακαλούμενος,
1324 4770 1415 4825 καὶ
1496 4770 1823 4846 βιαζόμενος
1872 4792 2000 4825 συν..

338 4869 527 4934 θέσθαι
657 4864 858 4940 αίρισει
911 4861 1109 4929 αὐτῶν,
1159 4860 1250 4917 καὶ
1309 4857 1451 4934 μηδὶ
1509 4859 1845 4934 ἀνεχόμενος
1895 4862 1996 4917 αὐ-

337 4963 451 5012 τῶν
511 4957 757 5021 ἀκοῦσαι,
819 4952 1040 5026 μυρίαις
1093 4954 1401 5025 συμφοραῖς
1458 4947 1826 5024 περιέπιπτεν,
1885 4950 2000 5023 ἅμα

337 5048 422 5122 τῷ
473 5046 611 5119 ὁσίῳ
666 5043 955 5117 Αὖξεντίῳ,
1018 5043 1138 5116 μεθ’
1194 5041 1256 5095 οὗ
1340 5040 1429 5095 καὶ
1516 5039 1831 5114 ἠγωνίζετο·
1907 5040 1996 5095 καὶ

342 5135 489 5191 οὕτω
533 5131 948 5207 πειραζόμενος,
1011 5128 1102 5184 καὶ
1155 5131 1321 5184 νικῶν
1375 5126 1515 5204 πρὸς
1569 5126 1767 5205 Κύριον
1824 5124 1999 5199 ἐξεδή-

342 5246 541 5301 μησεν-

340 5434 444 5490 Καὶ
478 5434 675 5505 μνήμη
724 5432 821 5484 τοῦ
878 5424 1031 5505 ὁσίου
1087 5425 1344 5505 Ἰωάννου
1405 5424 1651 5505 μαθητοῦ
1696 5424 1794 5477 τοῦ
1841 5421 1997 5498 ἁγίου

742 5498 1055 5576 Γρηγορίου
1078 5500 1175 5552 τοῦ
1205 5494 1602 5553 Δεκαπολίτου.

415 5603 677 5672 Ἰωάννης
736 5601 765 5655 ὁ
824 5598 876 5653 ἐν
937 5597 1113 5672 ἁγίοις
1170 5595 1356 5669 Πατὴρ
1416 5596 1600 5668 ἡμῶν,
1661 5591 1713 5662 ἒξ
1767 5589 1994 5647 ἁπαλῶν

338 5698 560 5772 ὀνύχων
618 5692 710 5747 τὸν
767 5690 973 5761 κόσμον
1054 5687 1309 5772 μισήσας,
1388 5683 1477 5738 καὶ
1522 5680 1809 5772 ,Χριστὸν-
1867 5682 1995 5756 ἀγα-

337 5770 541 5861 πήσας,
572 5776 827 5843 ἀπελθὼν
856 5774 991 5850 πρὸς
1039 5774 1129 5829 τὸν
1181 5771 1351 5849 inﬁmi
1401 5770 1707 5847 Γρηγόριον
1761 5770 1854 5824 τὸν
1900 5777 1996 5825 Δε-

2119 2031 2256 2099 post
2285 2026 2448 2082 illius
2479 2026 2707 2082 obitum
2739 2026 3075 2081 libertatem
3119 2024 3353 2095 adepta,
3397 2039 3535 2078 suas
3565 2037 3777 2077 omnes

2119 2116 2352 2172 divitias
2383 2114 2724 2171 distribuit:
2758 2116 2906 2171 alias
2956 2113 3252 2185 siquidem
3277 2110 3640 2184 pauperibus
3687 2111 3777 2167 di-

2121 2205 2362 2278 spersit,
2393 2205 2542 2261 alias
2574 2205 2635 2260 in
2662 2205 3051 2260 ecclesiarum
3085 2202 3615 2271 cmnobiorumque
3640 2216 3777 2255 con-

2121 2294 2512 2352 structionem
2536 2291 2848 2365 impendit.
2874 2292 3022 2347 alias
3056 2291 3118 2345 in
3151 2290 3517 2360 captivorum
3548 2286 3777 2342 redem-

2120 2385 2344 2440 tionem
2400 2382 2683 2454 erogavit,
2743 2386 2936 2436 vestes
2991 2396 3126 2435 vero
3178 2394 3411 2443 aureas,
3445 2393 3593 2449 quas
3649 2376 3779 2447 ipsa

2116 2474 2392 2541 habebat,
2425 2473 2487 2528 in
2545 2472 2933 2529 ecclesiarum
2987 2474 3409 2526 ornamentum
3464 2466 3770 2522 convertit.

2115 2566 2249 2621 Fuit
2274 2566 2522 2635 insuper
2550 2563 2813 2635 plurium
2858 2562 3264 2634 orphanorum
3295 2563 3521 2614 mater:
3576 2556 3776 2627 proje-

2114 2660 2240 2709 ctos
2270 2654 2432 2708 enim
2480 2651 2740 2706 infantes
2770 2650 3080 2722 colligens,
3114 2665 3217 2703 eos
3275 2644 3566 2702 educabat
3595 2649 3654 2698 et
3681 2643 3767 2697 in-

2115 2741 2417 2809 struebat;
2449 2756 2517 2796 ac
2542 2740 2679 2795 illos
2728 2739 2990 2811 quidem,
3044 2738 3143 2810 qui
3190 2735 3620 2801 moriebantur,
3649 2733 3766 2788 Deo

2113 2829 2610 2894 commendabat;
2669 2846 2769 2884 eos
2798 2845 2954 2898 vero,
3007 2827 3107 2899 qui
3140 2826 3429 2893 vivebant,
3462 2824 3523 2879 in
3554 2839 3766 2879 senum

2113 2922 2379 2994 hospicio
2401 2920 2749 2977 collocabat.
2772 2920 2998 2991 Saepius
3025 2923 3223 2974 autem
3242 2921 3445 2972 vocata
3473 2932 3508 2971 a
3536 2913 3769 2987 religio-

2116 3014 2352 3069 sissima
2390 3014 2559 3067 Irene
2592 3052 2608 3081 ,
2641 3012 2889 3084 ejusque
2948 3010 3072 3066 filio
3112 3008 3521 3074 Constantino,
3554 3011 3621 3060 ut
3648 3020 3769 3061 una

2112 3119 2248 3160 cum
2270 3102 2417 3175 ipsis
2437 3102 2778 3174 imperaret,
2811 3104 3154 3156 constanter
3182 3096 3491 3153 recusavit.
3516 3096 3767 3150 Demum

2112 3190 2586 3248 sanctimonialis
2614 3190 2768 3247 facta
2798 3207 2832 3246 a
2859 3195 3064 3245 sancto
3086 3187 3343 3257 Tarasio,
3373 3186 3434 3240 in
3466 3187 3766 3239 monaste—

2033 3291 2077 3358 ο
2118 3282 2204 3337 rio
2238 3281 2540 3339 Eumenius
2572 3278 2934 3354 migravitad
2959 3278 3297 3341 Dominum,

2671 3385 2914 3443 EODEM
2956 3384 3208 3442 MENSE.

2629 3486 2731 3541 Die
2770 3484 3003 3539 decima
3040 3488 3244 3538 octava

2326 3586 2416 3640 6|
2456 3581 2722 3639 Memoria
2748 3581 2929 3637 sancti
2954 3581 3157 3638 Cosme
3200 3578 3544 3649 confessoris.

2179 3704 2423 3759 Cosmas
2455 3701 2867 3757 sanctissimus
2905 3699 3169 3772 pontifex
3197 3704 3255 3755 et
3283 3697 3498 3753 Christi
3530 3696 3764 3752 confes-

2110 3810 2210 3849 sor
2241 3809 2310 3847 ex
2341 3791 2487 3846 urbe
2518 3789 3177 3861 Constantinopolitana
3208 3794 3403 3842 ortum
3435 3786 3621 3841 duxit.
3676 3784 3762 3839 Ab

2110 3882 2355 3937 ineunte
2376 3897 2511 3936 vero
2542 3884 2713 3934 aetate
2745 3880 2929 3934 Deum
2949 3894 3150 3933 amore
3180 3881 3551 3949 prosecutus,
3585 3891 3763 3929 mun-

2109 3971 2251 4028 dum
2282 3972 2544 4043 reliquit,
2565 3975 2623 4025 et
2643 3968 2848 4025 abiens
2878 3968 3208 4025 monachus
3226 3967 3416 4023 factus
3447 3971 3555 4021 est.
3585 3969 3762 4022 Cum-

2109 4078 2223 4133 que
2257 4061 2519 4133 seipsum
2550 4059 2845 4131 religiosis
2867 4057 3390 4114 exercitationibus
3421 4072 3489 4111 ac
3509 4055 3760 4126 reliquis

2106 4151 2421 4206 virtutibus
2480 4154 2883 4221 expurgasset,
2933 4150 3155 4220 Deique
3207 4145 3579 4202 domicilium
3633 4161 3760 4201 eva-

2109 4242 2315 4309 sisset,
2356 4239 2834 4295 Chacedonensis
2896 4238 3208 4309 episcopus
3259 4236 3568 4291 ordinatus
3622 4234 3757 4302 fuit,

2109 4329 2430 4401 impiorum
2462 4328 2986 4384 iconomachorum
3021 4332 3286 4397 tempore
3321 4367 3333 4379 .
3368 4324 3591 4380 Idcirco
3620 4341 3757 4396 pro-

2105 4424 2238 4492 pter
2267 4418 2656 4474 orthodoxam
2690 4416 2868 4471 fidem
2898 4416 3071 4488 plura
3100 4415 3383 4471 sustinuit
3410 4413 3759 4470 certamina.

2104 4508 2404 4580 Impulsus
2426 4507 2587 4562 enim
2608 4506 2681 4562 ab
2706 4507 2797 4571 iis,
2827 4505 2927 4577 qui
2959 4511 3099 4560 tunc
3124 4521 3327 4559 rerum
3359 4503 3758 4575 potiebantur,

2106 4598 2398 4670 abnegare
2428 4597 2652 4652 cultum
2683 4612 2982 4651 sacrarum
3014 4599 3073 4650 et
3103 4593 3529 4649 venerabilium
3560 4592 3764 4665 imagi-

2108 4706 2276 4757 num,
2319 4705 2452 4744 cum
2512 4688 2587 4743 ad
2645 4688 2705 4742 id
2751 4687 2951 4743 induci
3010 4688 3307 4758 nequiret,
3370 4686 3431 4741 in
3485 4684 3760 4741 exsilium

2109 4781 2334 4853 ejectus
2366 4778 2496 4845 fuit,
2529 4782 2588 4833 et
2613 4777 2902 4849 plurimas
2933 4776 3179 4850 pertulit
3225 4775 3615 4831 calamitates.
3648 4775 3762 4831 Sed

2107 4870 2180 4926 ab
2204 4868 2415 4924 exsilio
2451 4872 2780 4935 revocatus,
2831 4873 2890 4922 et
2936 4866 3278 4939 compulsus
3310 4882 3517 4922 eorum
3548 4865 3762 4921 hairesi

2108 4959 2472 5025 consentire,
2499 4973 2635 5013 cum
2666 4958 2827 5029 ipsos
2873 4973 3068 5028 neque
3099 4957 3305 5011 audire
3328 4956 3526 5023 vellet,
3559 4955 3763 5011 multi-

2110 5048 2368 5122 plicibus
2399 5047 2684 5103 aerumnis
2725 5046 3029 5118 subjectus
3062 5046 3175 5100 fuit
3218 5062 3339 5101 una
3390 5062 3522 5101 cum
3558 5049 3761 5101 sancto

2108 5138 2425 5204 Auxentio,
2460 5153 2597 5194 cum
2630 5153 2747 5209 quo
2774 5136 2982 5193 eadem
3014 5135 3231 5192 subivit
3277 5134 3625 5191 certamina.
3660 5139 3760 5189 At-

2110 5244 2224 5301 que
2257 5228 2341 5285 ita
2369 5230 2628 5284 tentatus
2649 5242 2717 5282 ac
2749 5225 3147 5299 triumphans,
3178 5225 3450 5297 migravit
3469 5222 3542 5279 ad
3568 5221 3762 5279 Domi-

2108 5336 2274 5375 num.

2107 5437 2174 5491 Et
2203 5435 2468 5491 memoria
2493 5435 2676 5489 sancti
2702 5434 2934 5487 Joannis
2991 5429 3254 5502 discipuli
3297 5430 3477 5485 sancti
3505 5427 3761 5498 Gregorii

2748 5504 3083 5575 Decapolita
3102 5544 3116 5559 .

2180 5596 2431 5651 Sanctus
2460 5596 2635 5650 Pater
2664 5599 2869 5649 noster
2886 5595 3105 5649 Jannes
3128 5590 3396 5645 ateneris
3419 5587 3759 5659 unguiculis

2107 5683 2397 5739 mundum
2430 5683 2565 5739 odio
2600 5682 2844 5739 habuit:
2879 5687 2938 5735 et
2992 5679 3288 5734 Christum
3348 5693 3549 5733 amore
3598 5693 3759 5734 com-

2106 5774 2335 5849 plexus,
2366 5772 2439 5830 ad
2461 5789 2743 5847 magnum
2766 5769 3109 5843 Gregorium
3141 5767 3546 5842 Decapolitam
3567 5783 3760 5825 acces-
