4108 6426
365 361 480 422 Ml

1694 359 2124 424 MENOLOGII
2169 361 2374 424 PARS
2419 365 2524 428 Ill.

3668 380 3793 444 412

368 491 466 557 sit,
503 494 560 547 et
589 488 662 546 ab
694 505 761 546 eo
820 489 1148 545 monachus
1205 490 1418 560 factus,
1475 491 1690 548 exinde
1744 507 1863 548 una
1891 508 2023 550 cum

2137 491 2462 586 καπολίτην,
2494 497 2584 552 καὶ
2612 501 2906 576 γενόμενος
2968 505 3058 559 ὑπ’
3107 505 3319 564 ἐκείνου
3368 510 3641 586 μοναχὸς,
3691 517 3791 571 τοῦ

367 581 496 654 ipso
526 581 656 636 vitae
718 580 1042 634 certamina
1101 580 1406 646 sustinuit,
1471 581 1532 636 in
1593 582 1872 638 omnibus
1907 585 2023 638 Deo

366 670 716 727 inserviens.
751 670 945 739 Usquo
977 668 1125 723 adeo
1171 675 1369 725 autem
1392 671 1453 725 in
1486 671 1825 727 obedientia
1858 673 2022 727 cele-

363 760 508 824 bris,
544 758 605 813 in
636 757 1003 829 subjectione
1055 758 1412 830 obsequens,
1467 766 1524 815 et
1561 760 1634 815 ad
1690 761 2027 817 ministeria

365 863 736 920 quaecunque
768 846 1180 918 paratissimus
1199 848 1328 916 fuit,
1357 855 1422 904 ut
1444 866 1694 922 magnus
1713 851 2024 923 Gregorius

365 937 436 994 de
468 938 596 1009 ipso
627 937 885 992 maxime
929 937 1234 1006 gauderet,
1290 940 1594 1010 Deumque
1643 939 2021 1012 glorificaret.

362 1029 502 1082 Post
531 1031 784 1081 mortem
817 1043 951 1081 vero
1011 1028 1200 1082 sancti
1260 1029 1522 1101 Gregorii
1584 1029 1892 1101 ipsiusque
1950 1028 2024 1084 ad

362 1113 548 1168 Deum
579 1113 918 1181 transitum,
949 1113 1096 1168 abiit
1125 1115 1186 1168 in
1210 1115 1514 1187 regionem
1547 1115 1936 1189 longinquam
1969 1121 2027 1171 et

362 1200 749 1272 incognitam,
784 1200 885 1272 qui
930 1206 989 1255 et
1048 1201 1335 1258 Dominus
1392 1205 1771 1277 peregrinum
1805 1209 2024 1278 egerat,

359 1294 536 1361 atque
570 1287 729 1360 apud
761 1294 1080 1346 extraneos
1109 1291 1270 1346 furat
1299 1298 1498 1360 natus,
1533 1299 1592 1348 et
1620 1293 1810 1350 multa
1843 1294 2022 1350 susti-

359 1379 510 1434 nuit.
546 1377 768 1433 Eeinde
792 1395 961 1435 sacra
990 1379 1122 1436 loca
1145 1387 1378 1452 petens,
1411 1382 1472 1437 in
1502 1382 1660 1438 beati
1688 1384 2024 1439 Charitonis

359 1467 593 1523 lauram
626 1485 688 1523 se
706 1469 949 1540 recepit,
974 1468 1176 1540 ibique
1203 1470 1466 1543 seipsum
1496 1471 1769 1544 pluribus
1790 1473 2022 1528 virtutis

364 1557 890 1613 exercitationibus
913 1558 1158 1614 addixit.
1181 1561 1370 1631 Atque
1393 1561 1477 1616 ita
1505 1578 1642 1617 cum
1664 1567 1823 1617 recte
1854 1562 2028 1617 vixis-

366 1652 478 1714 set,
509 1647 572 1702 in
596 1663 741 1718 pace
776 1647 849 1702 ad
882 1649 1066 1704 Deum
1096 1649 1281 1720 pacis,
1337 1667 1516 1722 quem
1558 1651 1831 1723 impense
1862 1667 2024 1707 ama-

362 1741 546 1802 verat,
581 1737 907 1809 emigravit.

369 1844 470 1900 62
501 1846 577 1900 Et
606 1850 877 1900 certamen
934 1847 1113 1901 sancti
1166 1849 1430 1928 martyris
1475 1845 1735 1918 Victoris,
1769 1854 1821 1904 et
1849 1851 2021 1905 socio-

2137 1855 2238 1912 Καὶ
2270 1855 2500 1929 ἄθλησις
2527 1866 2624 1917 τοῦ
2655 1863 2811 1940 ἁγίου

1038 1933 1170 1972 rum
1202 1918 1341 1988 ejus.

433 2022 512 2078 Eo
545 2028 836 2095 tempore,
869 2039 985 2096 quo
1017 2024 1239 2097 impius
1263 2025 1588 2098 imperator
1619 2026 2027 2083 Diocletianus

361 2113 684 2172 maximam
716 2113 883 2169 illam
915 2119 973 2168 et
1003 2113 1356 2171 horribilem
1400 2117 1882 2188 persecutionem
1922 2117 2030 2172 ad-

359 2217 564 2258 versus
586 2202 955 2258 Christianos
986 2204 1280 2270 excitavit,
1314 2210 1372 2260 et
1402 2206 1870 2277 comprehensus
1896 2222 2026 2261 san-

363 2297 494 2347 ctus
552 2291 997 2363 multorumque
1060 2294 1460 2349 certaminum
1512 2294 1728 2350 Christi
1803 2301 2030 2367 martyr

364 2379 644 2453 Georgius
673 2380 1111 2452 multiplicibus
1174 2381 1481 2454 subjectus
1530 2381 1642 2438 fuit
1689 2385 2023 2453 tormentis,

361 2469 642 2541 ipsosque
674 2469 830 2524 inter
860 2469 1160 2524 cruciatus
1192 2469 1369 2543 longe
1397 2470 1774 2526 admirabilia
1817 2471 2026 2528 huma-

360 2558 574 2630 nisque
600 2557 824 2613 viribus
855 2558 1087 2629 majora
1111 2557 1296 2614 edidit
1322 2559 1590 2632 prodigia
1614 2577 1626 2627 ;
1648 2560 1810 2615 multi
1837 2578 1904 2616 ea
1921 2561 2028 2616 mi.

359 2647 564 2704 racula
584 2646 871 2714 videntes,
892 2649 953 2702 in
979 2649 1298 2704 Dominum
1322 2649 1736 2705 crediderunt:
1765 2656 1824 2705 et
1846 2666 1914 2705 ex
1934 2651 2028 2706 his

359 2737 462 2794 alii
493 2737 738 2808 quidem
768 2736 930 2792 illico
962 2739 1154 2809 capite
1187 2738 1522 2794 obtruncati
1577 2745 1738 2802 sunt,
1773 2739 1864 2795 vel
1891 2741 2025 2814 igne

360 2826 606 2882 cremati
635 2844 657 2892 ;
687 2825 788 2881 alii
819 2843 955 2882 vero
1005 2827 1067 2882 in
1125 2843 1394 2884 carceres
1452 2827 1700 2896 detrusi,
1733 2835 1802 2885 ut
1822 2835 2028 2901 postea

357 2919 799 2986 torquerentur.
832 2917 994 2972 Inter
1033 2916 1142 2972 hos
1184 2915 1429 2972 fuerunt
1458 2918 1648 2974 sancti
1681 2918 1780 2974 isti
1810 2919 2024 2975 Christi

357 3009 650 3077 martyres
700 3005 916 3070 Victor,
977 3005 1343 3078 Acindynus,
1405 3007 1662 3076 Zoticus,
1729 3009 1928 3063 Zenon
1969 3014 2029 3064 et

359 3091 708 3148 Severianus
737 3109 750 3147 :
785 3093 887 3164 qui
911 3109 1046 3148 cum
1078 3099 1351 3150 sanctum
1375 3096 1688 3169 Georgium
1723 3101 1864 3151 rotae
1886 3095 2023 3150 alli-

355 3187 580 3255 gatum,
612 3198 724 3238 nec
753 3181 878 3237 ullo
939 3183 1114 3239 modo
1166 3183 1376 3239 laesum
1433 3184 1742 3253 vidissent,
1803 3185 2017 3240 Christi

352 3237 534 3327 iidem
565 3237 824 3342 amplexi
856 3237 1023 3327 sunt.
1051 3237 1754 3344 Excandescensmitaque
1786 3237 2016 3330 Diocle-
2047 3237 2090 3305 α

348 3361 548 3416 tianus
575 3361 841 3433 primum
865 3362 1002 3418 illos
1032 3362 1280 3418 diversis
1313 3363 1621 3435 suppliciis
1645 3364 1906 3435 torqueri
1923 3364 2018 3436 ju-

349 3450 487 3506 bet:
523 3467 778 3524 cumque
811 3451 990 3508 idolis
1021 3453 1359 3510 sacrificare
1384 3458 1781 3524 recusassent,
1815 3453 2014 3510 decol-

353 3539 459 3596 lati
494 3546 654 3598 sunt.

575 3633 643 3688 Et
687 3633 954 3688 memoria
979 3634 1160 3689 sancti
1191 3631 1409 3704 Georgii
1454 3635 1800 3702 confessoris.

429 3817 677 3872 Sanctus
709 3833 946 3889 quoque
978 3818 1285 3875 confessor
1315 3819 1534 3876 Christi
1568 3820 1850 3893 Georgius
1869 3824 2020 3876 tem—

359 3905 1144 3979 poribusiconomachorum
1163 3907 1395 3965 claruit.
1413 3910 1480 3963 Et
1495 3909 1756 3981 primum
1780 3910 2022 3980 quidem

363 3993 436 4050 ab
470 3993 723 4050 infantia
752 3997 938 4052 Deum
970 4012 1170 4052 amore
1205 4003 1578 4069 prosecutus,
1607 4003 1667 4054 et
1693 4001 2023 4055 monachus

363 4082 560 4139 factus
589 4090 833 4156 propter
855 4084 1074 4141 multos
1105 4085 1364 4154 labores,
1399 4091 1458 4141 et
1510 4088 1858 4157 certamina,
1890 4105 2022 4160 quae

366 4173 671 4242 sustinuit,
705 4173 956 4246 Spiritus
1005 4175 1192 4231 sancti
1244 4175 1532 4248 templum
1564 4177 1765 4232 evasit.
1799 4177 2024 4234 Deinde

367 4261 684 4334 episcopus
714 4265 1041 4320 Antiochiae
1065 4265 1394 4334 ordinatus,
1428 4266 1721 4322 creditum
1753 4267 1867 4322 sibi
1899 4285 2025 4340 gre-

363 4369 496 4426 gem
526 4358 685 4409 recte
715 4354 1356 4426 gubernavit.Posthaec
1391 4355 1543 4412 malo
1574 4355 1798 4413 diaboli
1828 4357 2025 4412 consi-

349 4429 442 4498 ilio
480 4443 726 4499 haaresis
783 4444 1310 4500 iconomachorum
1373 4447 1635 4515 emersit,
1700 4452 1758 4502 et
1814 4465 2024 4503 omnes

365 4531 627 4604 episcopi
660 4548 767 4604 per
824 4534 1106 4605 epistolas
1166 4534 1238 4590 ab
1299 4535 1660 4607 imperatore
1717 4541 2023 4600 convocati

2142 579 2343 638 λοιποῦ
2368 593 2529 656 συνῆν
2576 587 2723 661 αὐτῷ
2781 592 3206 668 ἀγωνιζόμενος,
3265 597 3355 656 καὶ
3414 597 3465 655 ἐν
3518 605 3648 657 πᾶσι
3698 604 3795 660 τὸν

2137 672 2269 728 Θεὸν
2301 675 2632 749 θεραπεύων.
2666 677 2819 735 Οὕτω
2879 680 2935 738 δὲ
2991 684 3203 760 γέγονεν
3264 687 3340 752 εἷς
3401 691 3646 760 ὑπακοὴν
3694 714 3800 750 πε-

2139 757 2425 836 ριϐόητος,
2458 766 2546 821 καὶ
2588 767 2665 833 εἰς
2722 757 3013 848 ὑποταγὴν
3059 757 3362 851 πειθήνιος,
3419 782 3506 834 καί
3569 757 3798 856 ἑτοιμό-

2135 869 2297 914 τατος
2331 853 2688 927 θεραπευτής,
2722 859 2797 922 ὡς
2829 882 2919 915 και
2971 863 3061 917 τὸν
3127 864 3293 940 μέγαν
3353 868 3654 944 Γρηγόριον
3710 871 3801 927 ἐπ’

2138 937 2284 1012 αὖτῷ
2316 942 2553 1018 χαίρειν,
2605 948 2693 1001 καὶ
2742 948 2836 1004 τὸν
2890 952 3019 1006 Θεὸν
3059 949 3321 1024 δοξάζειν.
3382 958 3530 1014 Μετᾶ
3587 956 3646 1014 δὲ
3690 962 3797 1030 τὴν

2135 1027 2419 1086 τελείωσιν
2448 1038 2547 1089 τοῦ
2579 1036 2738 1107 ἁηίου
2797 1041 3122 1116 Γρηγορίου,
3174 1044 3262 1098 καὶ
3319 1047 3419 1116 τήν
3476 1047 3614 1122 πρὸς
3661 1051 3799 1107 Θεὸν

2137 1119 2306 1174 αὐτοῦ
2368 1118 2658 1197 ἐκδημίαν,
2720 1126 2964 1197 ἀπῆλθεν
3043 1131 3121 1195 εἷς
3202 1134 3390 1209 χώραν
3469 1118 3621 1209 ξένην
3705 1140 3806 1196 καὶ

2137 1206 2434 1284 ἄγνωστον,
2497 1210 2586 1268 διὰ
2641 1216 2733 1270 τὸν
2793 1217 3164 1288 ξενιτεύσαντα
3205 1206 3469 1300 ΠΚῦριον,
3531 1227 3620 1283 καὶ
3705 1227 3802 1285 ἐπὶ

2137 1297 2308 1369 ξένοις
2365 1303 2645 1377 τεχθέντα,
2697 1305 2785 1360 καὶ
2863 1309 3184 1382 ἠγωνίζετο.
3255 1297 3391 1370 Εἶτα
3463 1313 3794 1374 καταλαϐὼν

2133 1387 2261 1450 τοὺς
2294 1389 2489 1464 ἁγίους
2517 1392 2742 1469 τόπους,
2794 1395 3035 1467 ἀπῆλθεν
3093 1399 3170 1462 εἷς
3227 1403 3326 1471 τήν
3381 1408 3478 1459 τοῦ
3520 1407 3799 1482 μακαρίου

2135 1477 2453 1553 Χαρίτωνος
2487 1481 2714 1557 λαῦραν,
2746 1485 2838 1541 καὶ
2869 1485 3138 1546 ἐπέδωκεν
3197 1491 3384 1548 ἑαυτὸν
3435 1477 3529 1557 εἷς
3559 1495 3795 1564 πλείους

2136 1567 2350 1664 ἀγωνας
2381 1571 2594 1647 ἀρετῆς.
2629 1574 2733 1630 Καὶ
2768 1575 2910 1632 οὕτω
2966 1578 3151 1643 καλῶς
3217 1583 3439 1656 βιώσας,
3495 1583 3547 1639 ἐν
3600 1585 3795 1664 είρήνῃ

2133 1658 2270 1748 πρὸς
2296 1658 2387 1713 τὸν
2416 1666 2518 1730 τῆς
2546 1661 2793 1739 εἰρήνης,
2840 1666 2898 1721 ὃν
2949 1666 3156 1732 ὁλικῶς
3213 1671 3520 1748 ἠγάπησεν,
3567 1658 3796 1733 ἀναλῦει

2134 1745 2286 1803 Θεόν.

2863 1865 3137 1993 μάρτυρος
3193 1869 3491 1946 Βίκτωρος,
3542 1873 3634 1929 καί
3682 1882 3792 1946 τῆς

2899 1937 2978 1993 ίας
3013 1939 3200 1993 αὐτοῦ.

2729 1939 2978 2000 συνοδίας
3013 1939 3200 1998 αὐτοῦ.

2205 2029 2357 2118 Κατὰ
2408 2030 2500 2086 τὸν
2559 2035 2767 2110 καιρὸν,
2827 2036 2917 2093 δτε
2993 2039 3386 2110 Διοκλητιανὸς
3435 2045 3464 2099 6
3523 2041 3791 2118 δυσσεϐὴς

2138 2115 2395 2193 βασιλεὺς
2448 2121 2539 2176 τὸν
2631 2124 2799 2200 μέγαν
2883 2125 3088 2184 ἐκεῖνον
3180 2131 3271 2185 καὶ
3352 2115 3786 2210 φρικωδέστατον

2135 2203 2384 2280 διωγμὸν
2415 2209 2551 2265 κατά
2592 2217 2699 2266 τῶν
2755 2215 3090 2290 Χριστιανῶν
3150 2217 3388 2290 ἐκίνησε,
3445 2226 3534 2278 καὶ
3586 2243 3790 2298 κρατη-

2135 2296 2246 2387 θεὶς
2304 2297 2332 2351 6
2393 2300 2543 2387 ἅγιος
2601 2303 2692 2356 καὶ
2751 2301 3066 2371 πολύαθλος
3131 2307 3340 2382 μάρτυς
3398 2315 3495 2365 τοῦ
3551 2296 3792 2387 Χριστοῦ

2132 2385 2407 2461 Γεώργιος
2462 2383 2828 2462 ἐϐασανίζετο,
2889 2393 2978 2448 καὶ
3045 2397 3469 2471 βασανιζόμενος
3551 2383 3794 2476 ἐθαυμα-

2133 2473 2472 2568 τούργειτᾶς
2523 2478 2862 2554 παραδόξους
2915 2483 3117 2549 ἐκείνας
3170 2487 3259 2542 καὶ
3314 2488 3445 2564 ὑπὲρ
3498 2473 3787 2568 ἄνθρωπον

2133 2563 2592 2644 θαυματουργίας,
2645 2569 2851 2626 πολλοὶ
2908 2572 3190 2629 ἐπίστευον
3249 2575 3337 2631 ἐπὶ
3406 2578 3499 2633 τὸν
3559 2563 3790 2656 Κνύριον,

2130 2651 2199 2708 τὰ
2228 2653 2478 2726 θαύματα
2528 2657 2841 2734 βλέποντες.
2891 2662 2992 2719 Καὶ
3044 2663 3096 2719 οἱ
3142 2664 3236 2738 μὲν
3295 2668 3598 2742 παραυτίκα
3646 2651 3789 2728 ’ἀπεέ

2130 2743 2511 2835 κεφαλίζοντο,
2552 2748 2586 2816 ἢ
2629 2747 2900 2818 ἐκαίοντο,
2961 2753 3012 2806 οἱ
3071 2751 3129 2809 δὲ
3181 2753 3448 2829 φυλακαῖς
3505 2760 3790 2835 παρεπέμ-

2130 2853 2301 2889 ποντο
2333 2834 2421 2890 ἐπὶ
2451 2837 2515 2891 τὸ
2562 2841 2950 2913 τιμωρηθῆναι
3006 2841 3247 2920 ὕστερον·
3289 2844 3341 2916 ἐξ
3391 2847 3464 2901 ὧν
3508 2834 3642 2918 ἦσαν
3691 2834 3782 2906 καί

2131 2923 2281 3014 οὗτοι
2314 2925 2365 2978 οἱ
2398 2925 2546 2997 ἅγιοι
2576 2933 2673 2982 τοῦ
2705 2933 2945 3003 Χριστοῦ
2979 2932 3272 3009 μάρτυρες,
3301 2934 3540 3014 Σίκτωρ,
3599 2939 3777 2996 Ἀχίν-

2131 3010 2313 3102 δυνος,
2381 3016 2641 3087 Ζωτικὸς,
2703 3021 2918 3090 Ζήνων,
2991 3021 3081 3076 καὶ
3159 3010 3516 3102 Σεϐηριανόςο
3585 3029 3780 3094 οἵτινες

2130 3097 2642 3194 ῒδόντεςῃτὸνάγιον
2695 3107 2964 3184 Γεώργιον
3020 3097 3384 3185 προσδεθέντα
3437 3119 3518 3189 τῷ
3563 3123 3781 3194 τραχῷ,

2129 3189 2220 3280 καὶ
2255 3188 2426 3280 μηδὶν
2466 3189 2810 3266 ἀδικηθέντα,
2873 3196 3184 3256 ἐπίστευσαν
3232 3206 3312 3274 τῷ
3370 3188 3620 3280 Χριστῷ..

2132 3278 2480 3374 ὀργισθέντος
2525 3282 2945 3374 ᾼιοκλητιανοῦ,
3012 3278 3438 3367 ἐτιμωρήθησαν-
3507 3291 3784 3374 διαφόρως

2125 3370 2408 3442 πρότερον,
2453 3373 2538 3427 καὶ
2605 3374 2683 3446 μὴ
2741 3376 3048 3441 πεισθέντες
3093 3380 3263 3436 ’θῦσαι
3322 3388 3439 3446 τοῖς
3498 3370 3780 3460 εἰδώλοις,

2127 3457 2404 3538 ἀπεκεφαλ
2415 3459 2658 3533 ίσθησαν.

2130 3646 2232 3708 Καὶ
2321 3650 2516 3722 μνήμη
2601 3654 2698 3705 τοῦ
2783 3651 2934 3708 ὁσίου
2997 3654 3296 3742 ,Γεωργίου
3377 3664 3476 3716 τοῦ
3567 3663 3783 3737 ὁμολο-

2855 3745 3047 3800 γητου.

2202 3834 2301 3890 Καὶ
2333 3837 2362 3892 6
2392 3835 2543 3900 ὅσιος
2593 3839 2868 3916 Γεώργιος
2897 3842 2925 3897 6
2954 3840 3312 3920 ὁμολογητής
3363 3852 3460 3904 τοῦ
3507 3853 3776 3922 Χριστοῦ,

2132 3925 2227 4014 ἐπὶ,
2273 3931 2353 4000 τῷ
2411 3928 2600 4003 χρόνῳ
2646 3932 2712 4000 ἦν
2767 3937 2878 3988 τῶν
2935 3933 3340 4012 εἶκονομάχων,
3393 3938 3654 4014 πρότερον
3717 3940 3778 3998 ἐκ

2134 4013 2368 4105 βρέιρους
2400 4019 2490 4073 τὸν
2519 4020 2646 4074 Θεὸν
2679 4020 2988 4096 ἀγαπήσας,
3027 4025 3118 4080 καὶ
3177 4028 3418 4104 μοναχὸς
3461 4013 3774 4105 γενόμενος,

2130 4106 2220 4160 καὶ
2252 4103 2340 4161 διὰ
2367 4106 2572 4179 πόνων,
2599 4108 2689 4164 καὶ
2720 4111 2944 4186 ἀγώνων
2994 4113 3247 4187 πολλῶν,
3306 4103 3433 4182 ναὸς
3477 4103 3576 4174 τοῦ
3623 4119 3782 4194 ἁγίου

2131 4193 2446 4268 Πνεύματος
2473 4197 2788 4273 γενόμενος.
2841 4203 2980 4258 Εἶτα
3035 4204 3123 4259 καὶ
3186 4202 3484 4269 ἐπίσκοπος
3542 4193 3793 4283 χειροτο-

2130 4283 2313 4354 νηθεῖς
2344 4285 2702 4362 Ἀντιοχείας,
2737 4287 2824 4344 καί
2853 4289 3041 4356 καλῶς
3092 4292 3276 4358 ἰθύνας
3322 4296 3387 4352 τὸ
3436 4296 3786 4371 ὲμπιστευθὶν

2133 4375 2285 4466 adu?
2341 4377 2628 4466 ποίμνιον,
2684 4377 2802 4435 ἐπεὶ
2864 4378 2923 4436 δὲ
2970 4386 3040 4456 τῇ
3098 4389 3197 4440 τοῦ
3255 4381 3521 4443 διαϐόλου
3573 4394 3790 4466 πονηρᾷ

2135 4459 2448 4539 συμϐουλῇ,
2481 4469 2514 4536 ἡ
2546 4472 2653 4523 τῶν
2689 4469 3090 4548 Εἰκονομάχων
3136 4472 3340 4549 α’ίρεσις
3396 4473 3646 4549 ἐκινήθη,

2134 4553 2329 4615 πάντες
2361 4556 2414 4610 οἱ
2443 4554 2730 4614 ἐπίσκοποι
2768 4560 2873 4616 ὑπὸ
2920 4561 3016 4616 τοῦ
3065 4563 3338 4638 βασιλέως
3389 4563 3477 4622 διὰ
3524 4571 3788 4643 γραμμά-

363 4621 625 4689 fuerunt,
645 4627 710 4676 ut
731 4625 1172 4695 quamprimum
1196 4625 1773 4696 ConstantinOpolim
1790 4627 2023 4683 advenii

3065 4624 3076 4638 I
3323 4621 3336 4629 '
3537 4621 3572 4643 ΙΙ
3602 4621 3615 4623 ⁷
3637 4621 3759 4642 Ι’“Ι“’“

2137 4664 2240 4698 των
2294 4645 2724 4720 παρεκελεύοντο
2774 4645 2863 4705 διὰ
2917 4652 3124 4727 τάχους
3179 4655 3279 4724 τὴν
3339 4658 3785 4714 Κωνσταντινού-

365 4714 519 4764 rent.
552 4711 814 4766 Accessit
841 4713 1090 4783 proinde
1115 4719 1171 4767 et
1189 4713 1336 4785 ipse,
1365 4715 1603 4787 regibus
1628 4714 1870 4770 obedire
1895 4721 2019 4770 stu—

363 4799 532 4867 dens,
581 4799 755 4871 juxta
809 4803 998 4857 sancti
1058 4803 1225 4858 Pauli
1281 4795 1664 4877 praeceptum.
1698 4806 1773 4860 At
1809 4806 2018 4878 jussus

363 4905 667 4946 sacrarum
723 4891 1046 4964 imaginum
1083 4893 1312 4950 cultum
1343 4895 1645 4968 abjurare,
1702 4913 1834 4952 cum
1895 4913 2019 4952 non

359 4977 738 5045 assensisset,
773 4980 833 5036 in
867 4981 1142 5038 exsilium
1195 4984 1405 5056 pulsus
1440 4991 1548 5052 est,
1583 4987 1646 5041 in
1681 5002 1797 5057 quo
1829 4986 2017 5058 pluri-

357 5068 474 5124 mis
505 5085 610 5141 pro
630 5068 960 5127 orthodoxa
990 5071 1106 5128 fide
1137 5075 1445 5131 mruminis
1477 5075 1768 5143 toleratis,
1792 5074 1854 5132 in
1875 5090 2019 5149 pace

359 5158 602 5234 quievit.

925 5324 1167 5380 EODEM
1195 5325 1448 5382 MENSE.

892 5413 997 5468 Die
1047 5412 1280 5469 decima
1328 5429 1490 5470 nona

354 5516 455 5576 .68
485 5519 772 5575 Certamen
801 5521 983 5575 sancti
1011 5522 1270 5602 mrrtyris
1319 5519 1725 5594 ChristOphori,
1762 5529 1813 5579 et
1840 5523 2017 5581 socio-

1038 5607 1168 5645 rum
1197 5606 1337 5662 ejus.

433 5713 500 5770 Hi
531 5734 766 5791 quoque
800 5723 919 5776 tres
949 5718 1158 5778 eadem
1191 5719 1308 5795 die,
1337 5737 1456 5796 qua
1485 5723 1665 5783 variis
1696 5725 2012 5786 tormentis

2127 4731 2291 4787 πολιν
2377 4729 2728 4806 καταλαϐεῖν,
2814 4740 3133 4815 παρεγίνετο
3219 4743 3308 4799 καὶ
3373 4745 3562 4813 αὐτὸς,
3621 4744 3784 4811 εἰδὼς

2132 4821 2440 4897 βασιλεῦσιν
2475 4824 2887 4899 ὑποτάσσεσθαι,
2939 4830 3077 4886 κατὰ
3132 4832 3231 4901 τήν
3276 4837 3372 4889 τοῦ
3418 4833 3578 4910 ἁγίου
3629 4837 3781 4894 Παύ-

2131 4908 2234 4966 λου
2265 4911 2512 4983 ἐντολήν·
2573 4915 2663 4970 καὶ
2719 4915 3072 4993 ἀναγκασθεὶς
3125 4908 3476 4996 ἀρνήσασθαιή
3512 4925 3610 4993 τῆν
3647 4929 3777 4987 ,τῶν

2131 5002 2298 5078 ἁγίων
2381 5003 2605 5060 εἰκόνων
2690 5008 3077 5082 προσκύνησιν,
3156 5010 3246 5067 καὶ
3331 5014 3412 5088 μὴ
3521 5015 3782 5087 πεισθεὶς,

2129 5092 2415 5167 ἰξωρίσθηο
2463 5096 2552 5151 καὶ
2615 5095 2670 5153 ἄν
2726 5101 2796 5172 τῇ
2857 5099 3034 5172 ἂξερίᾳ
3105 5098 3356 5166 πολλοὺς
3441 5104 3786 5180 πειρασμοὺς

2132 5182 2430 5257 ὑπομείνας
2469 5186 2602 5262 ὑπὲρ
2657 5193 2761 5257 τῆς
2818 5186 3115 5264 ὁρθοδόξου
3173 5191 3428 5266 πίστεως,
3487 5192 3540 5250 ἐν
3595 5195 3787 5272 εἰρήνῃ

2130 5271 2486 5334 ἀνεπαύσατο.

2684 5349 2868 5406 MHNI
2907 5355 2996 5429 τᾳ
3037 5353 3223 5432 Anq.

2914 5439 2996 5495 16‘

2124 5532 2395 5605 ’Ἃθλησις
2425 5539 2524 5591 τοῦ
2555 5537 2711 5612 ἁγίου
2745 5537 3476 5630 μάρτυροςυΧριστοφόρου,
3527 5544 3617 5600 καὶ
3671 5549 3780 5603 τῶν

2804 5629 2896 5663 συν
2928 5629 3096 5684 αυτῳ.

2197 5721 2302 5783 Καὶ
2334 5722 2486 5782 οῦτοι
2529 5723 2583 5782 οἱ
2619 5728 2766 5801 τρεῖς
2811 5727 2928 5782 κατ’
2977 5724 3186 5804 ὂκείνην
3239 5731 3340 5804 τὴν
3395 5725 3635 5812 ἡμέραν,
3685 5730 3776 5791 ὅτε
