4108 6458
367 380 496 442 H3

1902 376 2003 439 AP
2012 373 2241 441 RILIS.

3687 376 3813 435 414

370 516 400 570 6
459 508 895 587 μεγαλομάρτυρ
949 510 1227 587 Γεώργιος
1290 505 1656 581 ἐϐασανίζετο,
1714 508 2017 584 παρίσταντη

2154 509 2451 566 cruciatus
2481 509 2595 566 fuit
2633 524 2881 583 magnus
2941 507 3158 565 Christi
3218 512 3445 583 martyr
3500 503 3784 583 Georgius

358 609 449 677 τῷ
478 601 720 679 βασιλεῖ,
782 598 1079 680 δορυφόροι
1140 596 1305 663 ὅντες·
1367 599 1458 656 καὶ
1518 598 1722 662 ἰδόντες
1778 601 1845 654 τὰ
1903 597 2036 664 θαύ-

370 713 545 766 ματα,
603 690 853 766 ῥίψαντες
915 689 974 745 ού
1038 690 1205 762 μόνον
1256 689 1323 745 τὰ
1380 687 1547 759 ὅπλα,
1601 685 1748 744 ἀλλὰ
1798 688 1885 742 καὶ
1939 687 2034 749 τὰς

364 781 550 851 ζώνας
629 781 837 850 αὐτῶν,
924 778 1224 850 ἐστάθησαν
1310 772 1616 854 ἔμπροσθεν
1700 777 1888 846 αὐτοῦ,
1945 777 2035 831 καὶ

362 869 748 945 ὡμολόγησαν
807 869 899 924 τὸν
960 868 1217 943 Χριστόν.
1301 869 1400 925 Καὶ
1487 867 1861 943 κρατηθέντες,
1944 865 2034 920 καὶ

362 958 599 1014 ἁλύσεσι
663 956 927 1028 δεθέντες,
987 957 1414 1027 ἀπεκλείσθησαν
1474 956 1553 1020 εἷς
1616 954 1888 1035 φυλακήν·
1943 955 2032 1010 καὶ

363 1049 463 1128 επὶ
517 1054 589 1124 τῇ
649 1050 837 1125 αὔριον
913 1057 1015 1119 τῆς
1095 1056 1346 1128 φυλακῆς
1395 1046 1722 1119 ἐξελθόντες,
1778 1046 2032 1122 ἤχθησαν

367 1126 609 1203 δέσμιοι,
666 1129 758 1185 καὶ
817 1126 1159 1203 παρέστησαν
1213 1128 1445 1185 ἐνώπιον
1503 1129 1691 1185 αὐτοῦ·
1740 1129 2031 1197 καὶκατη-

365 1219 748 1296 ναγκάσθησαν
805 1224 1027 1297 πρῶτον
1098 1219 1194 1292 μὶν
1255 1217 1347 1275 διὰ
1397 1224 1507 1275 τῶν
1563 1216 1803 1274 ἀπειλῶν
1865 1216 2032 1291 ἀρνή-

363 1312 565 1365 σασθαι
619 1310 713 1366 τὸν
774 1310 1027 1386 Χριστὸν·
1063 1308 1250 1365 ἔπειτα
1281 1307 1340 1364 δὲ
1365 1306 1455 1364 διὰ
1488 1308 1723 1383 μετρίων
1760 1308 2029 1383 βασάνων.

354 1408 435 1461 Ως
471 1397 533 1454 δὲ
560 1400 663 1468 τὴν
716 1400 946 1475 γνώμην
1009 1401 1163 1474 εἶχον
1224 1398 1551 1470 ἀμετάθετον
1601 1398 1739 1473 πρὸς
1778 1396 2027 1470 Χριστὸν,

357 1490 763 1566 κρεμασθέντες
821 1488 1135 1561 ἰξέσθησαν,
1188 1490 1277 1544 καὶ
1336 1488 1431 1550 τὰς
1488 1487 1728 1563 πλευρὰς
1779 1484 2026 1560 λαμπάσι

361 1578 845 1655 κατεφλέχθησαν
906 1580 1022 1634 εἶτα
1078 1579 1156 1642 εἱς
1231 1577 1480 1656 φυλακὴν
1546 1573 2023 1645 κατεκλείσθησαν.

369 1666 474 1725 Καὶ
534 1669 672 1740 μετὰ
726 1671 896 1723 ταῦτα
964 1673 1067 1737 τῆς
1121 1665 1372 1744 φυλακῆς
1423 1660 1801 1734 ἐκϐληθέντες,
1858 1661 2024 1719 πάλιν

373 1758 789 1832 ἠναγκάσθησαν
845 1757 1177 1832 ἂρνήσασθαι
1238 1758 1334 1828 μὲν
1405 1756 1496 1811 τὸν
1556 1754 1810 1828 Χριστὸν,
1869 1754 2022 1807 θῦσαι

2149 599 2423 655 astabant
2452 598 2815 672 imperatori,
2847 594 3051 654 hastas
3084 599 3364 655 ferentes.
3401 604 3474 653 At
3500 615 3635 653 cum
3658 616 3804 670 pro-

2150 689 2306 762 digia
2336 689 2440 745 illa
2468 688 2773 756 vidissent,
2795 706 2917 745 non
2952 688 3124 744 modo
3157 690 3360 752 armis,
3383 688 3487 743 sed
3519 693 3577 743 et
3607 688 3807 761 cingu-

2147 778 2222 834 lis
2255 779 2378 834 suis
2405 780 2530 851 proj
2543 779 2707 846 ectis,
2728 784 2865 834 ante
2884 779 3082 850 ipsum
3112 779 3535 850 imperatorem
3560 782 3800 846 stetere,

2147 868 2447 923 Christum
2473 870 2838 940 profitentes.
2872 867 3299 939 Comprehensi
3321 866 3591 939 proinde,
3628 872 3685 921 et
3706 883 3802 922 ca-

2146 956 2302 1012 tenis
2345 957 2670 1024 constricti,
2698 956 2760 1010 in
2792 972 3091 1011 carcerem
3119 956 3342 1011 detrusi
3397 957 3658 1011 fuerunt.
3692 955 3801 1009 Se-

2149 1046 2355 1118 quenti
2385 1063 2523 1101 vero
2546 1046 2644 1102 die
2666 1063 2697 1101 e
2719 1062 2955 1101 carcere
2986 1045 3205 1110 educti,
3231 1052 3290 1101 et
3317 1045 3569 1101 vinculis
3599 1044 3801 1100 onusti

2147 1151 2347 1190 coram
2378 1134 2587 1191 eodem
2629 1135 2988 1206 imperatore
3038 1134 3342 1190 constituti
3373 1140 3549 1190 sunt:
3581 1150 3649 1189 ac
3680 1134 3801 1205 pri-

2132 1242 2309 1281 mum
2341 1225 2582 1296 quidem
2616 1225 2818 1292 minis,
2853 1224 3072 1281 deinde
3105 1225 3281 1280 etiam
3312 1224 3652 1279 mitioribus
3674 1229 3799 1279 tor-

2144 1316 2364 1370 mentis
2395 1314 2692 1370 Christum
2715 1314 2991 1370 deserere
3022 1313 3313 1385 compulsi
3338 1318 3495 1369 sunt.
3521 1313 3633 1369 Sed
3662 1329 3797 1369 cum

2144 1403 2504 1460 immutabili
2536 1403 2598 1458 in
2632 1404 2931 1459 Christum
2972 1404 3172 1458 animo
3214 1404 3622 1475 persisterent,
3667 1417 3797 1458 sus-

2140 1493 2663 1567 pensidepexique
2690 1494 2955 1563 fuerunt,
3014 1493 3361 1562 facibusque
3414 1493 3476 1548 in
3506 1492 3797 1548 lateribus

2141 1583 2502 1650 ustulati,ac
2532 1582 2747 1639 deinde
2777 1584 2840 1639 in
2888 1599 3187 1640 carcerem
3243 1583 3463 1638 iterum
3518 1581 3795 1653 conjecti.

2140 1673 2408 1729 Posthac
2436 1688 2467 1728 e
2488 1688 2726 1730 carcere
2754 1673 2972 1743 educti,
2995 1672 3190 1728 denuo
3215 1671 3516 1728 Christum
3541 1670 3802 1743 abnega-

2140 1778 2224 1831 re,
2252 1767 2312 1817 et
2339 1762 2516 1817 idolis
2545 1762 2879 1817 sacriﬁcare
2905 1761 3061 1833 jussi
3092 1766 3249 1816 sunt.
3283 1760 3563 1816 Nolentes
3594 1764 3794 1815 autem

375 1843 437 1901 δὲ
479 1849 590 1906 τοῖς
643 1842 924 1908 εἰδώλοις.
984 1845 1081 1900 Καὶ
1145 1845 1221 1917 μὴ
1279 1844 1583 1907 πεισθέντες
1611 1843 1743 1917 πυρὶ
1773 1840 2017 1898 ἐτελειώ-

2137 1851 2569 1923 obtemperare,
2596 1851 2657 1906 in
2688 1851 2886 1923 ignem
2912 1850 3140 1923 injecti,
3164 1850 3345 1905 ﬁnem
3376 1848 3607 1905 vivendi
3636 1848 3796 1906 face-

374 1947 559 2004 θησαν-

911 2023 1065 2079 MIIN
1073 2025 1094 2080 Ι
1133 2024 1226 2080 ΤΩ
1264 2024 1468 2080 ΑΥΤΩ.

461 2201 683 2274 Μνήμη
718 2204 818 2256 τοῦ
866 2199 1019 2255 ὁσίου
1063 2113 1471 2329 ξατξὸίήμῶν
1504 2196 1792 2274 Θεοδώρου
1818 2202 1917 2254 τοῦ

1110 2291 1320 2329 οιγινα.

1110 2291 1320 2347 ριχινα.

421 2390 711 2465 Θεόδωρος
768 2393 798 2446 6
855 2392 908 2447 ἐν
943 2391 1119 2467 ἁγίοις
1174 2394 1365 2468 Πατὴρ
1425 2394 1607 2466 ἡμῶν,
1642 2390 2021 2462 ὁέπικληθεὶς

344 2484 647 2557 Τριχινᾶς,
700 2481 771 2551 ἦν
826 2482 1461 2546 Κωνσταντινουπόλεως
1516 2482 1605 2536 καὶ
1662 2482 1903 2557 γέννημα
1933 2482 2023 2536 καὶ

345 2572 598 2646 θρὲμμα.
665 2568 954 2627 Πλουσίων
1017 2568 1075 2626 δὲ
1126 2571 1332 2646 γονέων
1397 2570 1662 2646 ὑπάρχων
1696 2570 1832 2638 υἱὸς,
1866 2566 2021 2624 κατέ-

347 2659 485 2717 λιπε
515 2660 608 2715 καὶ
639 2666 818 2735 γονεῖς
861 2659 952 2715 καὶ
1000 2660 1242 2716 πλοῦτον
1292 2660 1381 2715 καὶ
1432 2658 1612 2733 δόξαν,
1644 2660 1735 2714 καὶ
1768 2658 2020 2722 ἀπελθὼν

348 2748 402 2806 ἓν
436 2754 509 2823 τῇ
544 2753 685 2823 μονῇ
716 2753 785 2823 τῇ
844 2746 916 2804 δι’
972 2748 1130 2804 αὐτὸν
1182 2748 1497 2825 καλουμένῃ
1528 2752 1780 2824 Τριχινᾶ,
1814 2746 2021 2823 ἐγένετο

347 2839 628 2914 μοναχός·
685 2838 776 2893 καὶ
830 2838 1067 2914 τοσαύτῃ
1130 2837 1522 2915 σκληραγωγίᾳ
1575 2836 1762 2892 ἑαυτὸν
1819 2830 2022 2891 ὑπέϐα-

340 2928 463 2999 λεν,
496 2927 639 2983 ὣστε
669 2928 861 3005 νεκρὸς
915 2927 1193 3005 φαίνεσθαι
1244 2933 1363 2991 τοῖς
1420 2933 1573 2982 πᾶσιν
1636 2924 1705 2981 δι’
1751 2925 1891 2997 ὅλης
1917 2926 2018 3002 γὰρ

340 3019 537 3081 νυκτὸς
595 3018 685 3073 καὶ
749 3018 962 3093 ἡμέρας
1016 3022 1095 3090 τῷ
1143 3016 1319 3093 κρύει,
1350 3015 1439 3072 καί
1484 3020 1565 3089 τῷ
1595 3019 1816 3090 παγετῷ
1845 3035 2017 3089 προσ-

350 3106 629 3179 παλαίων,
716 3108 910 3162 ἳστατο
952 3178 958 3183 ο
997 3105 1468 3182 προσευχόμενος,
1528 3102 1583 3161 ἓν
1648 3100 1816 3179 μόνον
1890 3104 2019 3177 ἰμά-

338 3218 463 3253 τιον
508 3190 1011 3273 περιϐεϐλημένος,
1068 3201 1286 3251 κακεῖνο
1343 3193 1619 3271 τρίχινον,
1678 3193 1769 3250 καὶ
1829 3190 2013 3265 ἁδρόν·

335 3284 430 3343 διὰ
458 3290 625 3342 τοῦτο
654 3287 761 3361 γὰρ
808 3284 898 3340 καὶ
954 3289 1214 3361 Τριχινᾶς
1273 3284 1662 3358 ἐπωνομάσθη.
1695 3284 1799 3340 Ἦν
1832 3278 1889 3337 δὲ
1921 3282 2011 3337 καὶ

333 3372 697 3441 ἀνυπόδετος,
748 3375 838 3429 καὶ
885 3375 984 3443 τὴν
1046 3373 1289 3453 κεφαλὴν
1341 3374 1485 3449 εἶχεν
1547 3371 2009 3449 ἀπερικάλυπτον,

333 3465 427 3519 καὶ
462 3462 721 3519 ἔσκεπον·
786 3462 905 3518 ὅθεν
962 3462 1053 3517 καὶ
1113 3463 1249 3517 κατὰ
1311 3459 1587 3535 δαιμόνων
1641 3454 1826 3516 λαϐών
1861 3458 2014 3530 ἐξου-

345 3550 702 3619 σίαν,πολλᾶ
763 3551 1015 3627 θαύματα
1068 3549 1316 3621 ἐποίησε,
1377 3550 1468 3607 καὶ
1524 3550 1672 3606 τέλει
1708 3549 1832 3625 βίου
1866 3566 2012 3623 χρη-

352 3642 590 3713 σάμενος
656 3647 748 3698 τοῦ
837 3643 1271 3715 θαυματουργεῖν
1360 3640 1461 3696 οὐκ
1517 3638 1811 3706 ἐπαύσατο,
1867 3634 2013 3692 ἀλλὰ

354 3730 593 3804 παρέχει
624 3728 817 3802 ἰάματα
846 3734 976 3785 πᾶσι
1007 3736 1126 3792 τοῖς
1156 3728 1629 3806 προσερχομένοις
1661 3727 1827 3801 αύτῷ.

2131 1946 2292 1997 runt.

2685 2028 2940 2085 EODEM
2979 2028 3232 2085 MENSE.

2741 2119 2843 2175 Die
2875 2118 3156 2175 vice-sima

2132 2208 2399 2267 lunaria
2425 2211 2605 2265 sanati
2634 2210 2822 2263 Patris
2849 2212 3036 2288 nostri
3059 2207 3347 2288 Theodori,
3375 2208 3473 2278 qui
3507 2206 3793 2263 Trichinas

2681 2286 3102 2350 cognominatus
3123 2286 3222 2335 est.

2131 2381 2381 2436 Sanctus
2459 2382 2635 2436 Pater
2707 2384 2913 2435 noster
2968 2377 3332 2444 Theodorus,
3397 2382 3793 2449 cognomento

2132 2470 2467 2538 Trichinas,
2497 2470 2611 2525 hoc
2638 2474 2745 2537 est,
2780 2469 3035 2536 Pilosus,
3066 2466 3581 2539 Constantinopoli
3614 2471 3791 2522 natus

2134 2565 2194 2614 et
2214 2560 2501 2615 educatus
2538 2559 2669 2614 fuit.
2726 2563 2869 2614 Cum
2927 2562 3129 2614 autem
3174 2556 3423 2612 divitum
3476 2562 3790 2627 parentum

2135 2648 2294 2704 filius
2339 2654 2517 2718 esset,
2550 2648 2688 2704 illos
2717 2664 2840 2703 una
2869 2664 3004 2703 cum
3036 2646 3256 2702 divitiis
3288 2650 3344 2701 et
3394 2645 3584 2719 gloria
3612 2645 3793 2701 relin-

2132 2755 2346 2810 quens,
2393 2740 2454 2794 in
2481 2739 2911 2795 monasterium
2966 2753 3028 2791 se
3092 2737 3336 2808 recepit,
3370 2734 3529 2807 quod
3558 2735 3630 2790 ab
3664 2736 3791 2807 ipso

2130 2826 2424 2883 Trichinaa
2458 2844 2678 2883 nomen
2710 2826 2939 2895 habuit,
2970 2825 3171 2896 ibique
3198 2826 3589 2882 monasticam
3610 2825 3790 2880 vitam

2131 2916 2410 2989 suscepit.
2446 2916 2786 2971 Austeritati
2820 2931 2955 2969 vero
2969 2930 3157 2985 usque
3190 2912 3337 2969 adeo
3365 2930 3426 2968 se
3461 2914 3657 2984 ipsum
3688 2912 3791 2968 ad-

2129 3004 2297 3072 dixit,
2326 3010 2391 3059 ut
2427 3022 2610 3077 prope
2644 3009 2913 3059 mortuus
2935 3003 3164 3059 cunctis
3195 3002 3512 3057 videretur.
3537 3003 3791 3058 Cunctas

2136 3095 2296 3151 enim
2320 3098 2527 3150 noctes
2561 3092 2809 3165 diesque
2839 3091 3043 3165 frigori
3074 3096 3132 3147 et
3152 3090 3361 3163 glaciei
3395 3090 3779 3157 obluctando,

2136 3184 2467 3256 standoque
2490 3183 2648 3239 inter
2676 3199 2883 3256 preces
2905 3181 3290 3255 transigebat,
3312 3181 3490 3235 unica
3510 3184 3669 3235 veste
3701 3180 3793 3235 in-

2053 3237 2095 3305 Ο
2127 3272 2329 3339 dutus,
2371 3237 2606 3344 leaque'
2636 3237 2882 3339 rustica,
2922 3237 3025 3326 θέε
3057 3237 3126 3324 εἴ
3171 3286 3241 3325 ex
3276 3237 3428 3341 'pilis
3460 3274 3737 3324 contexta
3774 3286 3787 3323 :

2123 3369 2300 3436 atque
2334 3362 2556 3417 idcirco
2614 3362 2943 3427 Trichinas,
2999 3360 3058 3414 id
3115 3366 3204 3413 est
3262 3358 3515 3426 Pilosus,
3547 3363 3787 3413 vocatus

2121 3452 2253 3507 fuit.
2286 3451 2467 3506 Nudis
2491 3452 2738 3522 insuper
2761 3449 3013 3522 pedibus
3044 3449 3268 3519 absque
3301 3449 3517 3503 calceis
3548 3448 3786 3503 incede-

2123 3541 2247 3607 bat,
2280 3556 2472 3611 neque
2506 3544 2684 3611 caput
2734 3538 2857 3593 ullo
2914 3542 3255 3610 tegumento
3298 3542 3571 3609 opertum
3601 3535 3788 3593 habe-

2123 3630 2245 3686 bat.
2280 3630 2649 3701 Quapropter
2706 3627 2884 3682 etiam
2943 3627 3004 3681 in
3063 3626 3367 3681 daemones
3426 3630 3786 3699 potestatem

2125 3721 2373 3793 accepit,
2408 3726 2465 3775 et
2485 3720 2745 3791 plurima
2774 3718 3025 3791 patravit
3082 3716 3400 3784 miracula;
3453 3718 3572 3773 imo
3606 3717 3783 3774 etiam

350 3827 490 3893 post
521 3838 637 3877 suae
666 3823 792 3879 vitae
827 3823 1012 3879 ﬁnem
1041 3821 1311 3895 prodigia
1342 3823 1518 3878 edere
1548 3838 1669 3877 non
1697 3818 1966 3884 cessavit,
1991 3813 2096 3871 sed
2127 3811 2321 3868 adhuc
2351 3810 2691 3866 curationes
2722 3809 2948 3882 praabet
2976 3808 3255 3864 omnibus
3277 3807 3348 3863 ad
3382 3809 3578 3881 ipsum
3611 3824 3782 3865 acce-

350 3910 649 3967 dentibus.

334 4045 441 4101 Καὶ
482 4046 680 4119 μντίμη
713 4050 813 4101 τοῦ
854 4044 1267 4175 ὁσίουΣυατὲὸς
1320 4050 1483 4120 ἡμῶν
1529 4043 1884 4104 ’Δναστασίου
1912 4046 2011 4098 τοῖ’)

1063 4140 1147 4175 ινα
1201 4139 1350 4175 ρους.

1063 4140 1147 4175 ινα
1165 4139 1350 4194 σρους.

416 4242 795 4313 ’Δναστάσιος,
830 4246 858 4299 6
911 4245 1185 4317 Θεοφόρος
1239 4244 1427 4319 Πατὴρ
1476 4246 1660 4317 ἡμῶν,
1691 4242 2011 4299 καταλιπὼν

341 4331 580 4405 κόσμαν,
632 4333 722 4388 καὶ
779 4334 847 4388 τὰ
905 4333 958 4389 ἐν
1016 4335 1232 4407 κόσμῳ,
1289 4334 1377 4389 καὶ
1437 4334 1529 4388 τὸν
1590 4334 1816 4407 σταυρὸν
1848 4332 2013 4387 αὐτοῦ

2118 4038 2193 4093 Et
2216 4036 2480 4092 memoria
2513 4034 2699 4091 sancti
2747 4035 2933 4090 Patris
2982 4035 3162 4089 nostri
3209 4034 3496 4091 Anastasii
3524 4032 3782 4091 Sinaitz.

2194 4244 2369 4299 Pater
2396 4246 2600 4297 nuster
2630 4240 2983 4297 Anastasius
3012 4239 3231 4295 divino
3266 4238 3485 4311 Spiritu
3520 4238 3780 4306 afflatus,

2124 4333 2419 4389 mundum
2442 4336 2500 4385 et
2529 4330 2731 4385 omnia
2786 4346 2919 4399 qum
2976 4329 3038 4383 in
3097 4345 3164 4383 eo
3223 4334 3381 4395 sunt,
3431 4328 3782 4398 relinquens

336 4418 664 4489 ἀναλαϐὼν,
692 4424 829 4478 κατᾶ
856 4425 956 4493 τὴν
991 4423 1219 4492 ἐντολὴν
1267 4424 1368 4492 τήν
1417 4421 1468 4478 ἐν
1498 4426 1578 4494 τῷ
1608 4423 1740 4495 ἱερῷ
1776 4420 2015 4496 Εύαγγε-

2130 4437 2416 4493 suamque
2444 4436 2681 4475 crucem
2710 4418 2948 4480 tollens,
2962 4417 3301 4488 juxtasacri
3316 4416 3609 4489 Evangelii
3626 4434 3781 4488 prae-

331 4508 447 4584 λίῳ
476 4510 834 4581 ἠκολούθησε
860 4511 1164 4584 προθύμως
1208 4516 1289 4583 τῷ
1340 4511 1577 4587 Χριστῷ,
1621 4511 1712 4566 καὶ
1755 4508 2006 4574 ἀπελθὼν

330 4604 557 4681 ἐγένετο
624 4601 868 4677 μοναχὸς
926 4600 979 4656 ἐν
1044 4601 1420 4676 μοναστηρίῳ.
1464 4602 1778 4673 Ἐπιθυμῶν
1830 4597 1887 4655 δὲ
1921 4621 2009 4673 μει

333 4694 518 4763 ζόνων
549 4691 796 4765 ἀγώνων,
827 4690 919 4746 καὶ
976 4688 1236 4752 πλείονος
1290 4691 1513 4766 ἀρετῆς,
1577 4690 1899 4764 παρεγένετο
1932 4688 2009 4750 είς

335 4778 732 4855 Ἱεροσόλυμα,
773 4779 863 4834 καὶ
917 4780 1300 4852 προσκυνήσας
1361 4777 1440 4841 εἷς
1490 4777 1620 4842 τοὺς
1674 4776 1887 4852 ἁγίους,
1918 4777 2008 4832 καὶ

336 4865 679 4942 σεϐασμίους
706 4868 935 4936 τόπους,
987 4867 1232 4937 ἀπῆλθεν
1290 4868 1371 4929 εἰς
1426 4868 1492 4923 τὸ
1544 4872 1679 4923 Σινᾶ
1734 4863 1885 4941 ὄροςο
1917 4868 2005 4922 καὶ

336 4960 515 5035 εύρὼν
562 4957 675 5014 in?
725 4960 1064 5030 μονάζοντας
1106 4957 1314 5034 ἁγίους,
1362 4954 1543 5031 ἔμεινε
1590 4958 1717 5032 παρ’
1761 4957 2007 5029 ἐκείνοις,

342 5048 792 5121 ὁποταττόμενος
875 5047 1088 5116 αὐτοῖς,
1169 5046 1259 5104 καὶ
1332 5044 1608 5103 δουλεύων
1684 5047 2004 5122 προθύμως.

345 5138 449 5195 Διά
504 5134 564 5193 δὲ
638 5136 739 5205 τὴν
818 5133 1317 5213 ταπεινοφροσύνην
1402 5134 1568 5192 αὐτοῦ
1623 5133 1856 5206 ἐδέξατο,
1915 5136 2003 5192 καὶ

343 5229 606 5305 χάρισμα
656 5226 937 5300 γνώσεως,
992 5224 1084 5281 καὶ
1140 5226 1339 5302 σοφίας
1390 5225 1636 5295 πολλῆς.
1690 5227 1777 5300 Ἐξ
1825 5226 1888 5281 οὗ
1918 5227 2007 5281 καὶ

343 5318 504 5394 βίους
554 5313 810 5385 Πατᾶρων
868 5313 1242 5391 συνεγράψατο
1298 5314 1486 5391 ἁγίων,
1518 5316 1609 5372 καὶ
1652 5315 2005 5394 ψυχωφελεῖς

335 5408 543 5483 λόγους
575 5404 827 5466 πολλοὺς
858 5405 1170 5475 συνέθηκεν,
1202 5404 1253 5479 ἐξ
1283 5405 1360 5460 ὧν
1411 5405 1463 5460 οἱ
1509 5404 1733 5469 πλείους
1761 5404 2005 5478 εὑρισκό-

335 5518 513 5573 μενοι,
572 5494 892 5571 πρόκεινται
972 5498 1091 5557 τοϊς
1168 5492 1532 5571 φιλομαθέσιν
1595 5493 1671 5557 εἷς
1727 5495 2002 5567 σωτηρίαν

325 5592 523 5664 ψυχῶν
585 5584 675 5642 καὶ
751 5579 1045 5661 ὠφέλειαν·
1129 5584 1221 5638 καὶ
1307 5603 1441 5657 μετα
1522 5588 1694 5640 ταῦτα
1750 5588 1832 5657 τῷ
1885 5584 2003 5657 Θεῷ

325 5676 719 5751 εύαρεστήοας,
748 5670 811 5727 ἂν
842 5671 1035 5748 εἷ’ρήνη
1068 5668 1388 5743 ἐτελειώθη.

2121 4515 2380 4582 ceptum,
2434 4508 2616 4564 alacri
2674 4507 2876 4563 animo
2937 4510 3177 4562 secutus
3236 4512 3326 4561 est
3372 4506 3693 4572 Christum,
3719 4511 3779 4561 et

2119 4599 2328 4654 abiens
2341 4598 2414 4653 ad
2441 4595 2738 4668 quoddam
2758 4594 3213 4660 monasterium,
3238 4594 3459 4649 ibidem
3482 4593 3672 4649 factus
3689 4600 3779 4649 est

2117 4687 2467 4745 monachus.
2488 4685 2746 4755 Cupiens
2775 4689 2975 4740 autem
2992 4684 3225 4755 majora
3238 4683 3439 4739 subire
3453 4684 3783 4739 certamina

2119 4782 2179 4832 et
2236 4775 2651 4848 perfectiorem
2713 4774 2963 4845 adipisci
3010 4774 3312 4839 virtutem,
3374 4773 3788 4846 Hierosolyma.

2117 4867 2308 4940 petiit.
2331 4866 2597 4936 Cumque
2615 4869 2820 4920 sancta
2842 4880 2911 4919 ac
2940 4863 3278 4920 veneranda
3298 4863 3429 4919 loca
3453 4863 3781 4932 adorasset,

2116 4957 2268 5013 abiit
2315 4956 2377 5012 in
2422 4960 2690 5013 montem
2757 4953 2916 5008 Sinai
2953 4970 2966 5007 :
3022 4953 3123 5009 ubi
3169 4970 3303 5010 cum
3357 4960 3596 5010 sanctos
3624 4955 3779 5010 viros

2116 5046 2445 5103 invenisset
2456 5043 2848 5100 monasticam
2865 5042 3042 5099 vitam
3056 5048 3423 5113 exercentes,
3437 5043 3595 5115 apud
3616 5043 3778 5116 ipsos

2117 5134 2471 5208 permansit,
2502 5132 2792 5189 obediens
2822 5131 2928 5188 eis.
2957 5136 3017 5187 et
3045 5137 3320 5205 prompto
3351 5132 3551 5189 animo
3583 5132 3776 5187 inser-

2116 5224 2302 5282 viens.
2356 5222 2439 5280 Ob
2473 5221 2565 5278 sui
2594 5237 2730 5276 vero
2781 5220 2965 5277 animi
3023 5220 3453 5279 demissionem
3485 5220 3716 5291 accepit
3742 5233 3779 5274 a

2118 5315 2239 5371 Deo
2270 5312 2497 5369 donum
2521 5310 2785 5367 scientiae
2805 5314 2864 5365 et
2886 5310 3236 5381 multiplicis
3257 5308 3585 5381 sapientiai.
3607 5307 3773 5364 Unde

2117 5410 2177 5461 et
2199 5408 2542 5460 sanctorum
2572 5402 2816 5457 Patrum
2848 5400 2997 5457 vitas
3054 5398 3431 5470 conscripsit,
3464 5403 3525 5454 et
3554 5396 3774 5452 multos

2115 5492 2540 5551 adammarum
2558 5491 2892 5563 profectum
2915 5505 3225 5545 sermones
3246 5486 3608 5558 composuit:
3633 5502 3775 5557 quo-

2112 5600 2247 5639 rum
2268 5582 2472 5654 plures
2503 5580 2721 5637 deinde
2752 5579 2996 5651 reperti,
3021 5576 3295 5632 discendi
3325 5575 3608 5631 studiosis
3638 5592 3773 5647 pro-

2112 5671 2288 5745 positi
2343 5676 2483 5728 sunt
2511 5670 2573 5726 in
2606 5670 2945 5725 animarum
3003 5666 3257 5722 salutem
3316 5669 3375 5719 et
3421 5664 3766 5723 utilitatem.

2109 5760 2249 5817 Post
2278 5761 2406 5816 hac
2436 5761 2555 5816 Deo
2586 5758 2830 5833 placens
2860 5760 2921 5813 et
2948 5759 3172 5829 gratus,
3202 5754 3265 5810 in
3308 5770 3454 5828 paco
3510 5752 3771 5813 decesit
