4108 6456
321 421 438 481 ι15

882 552 1126 610 EODEM
1161 553 1415 612 MENSE.

823 642 927 698 Die
957 643 1244 699 vicesima
1287 645 1484 716 prima

323 750 610 808 Certamen
637 756 838 806 sancta:
885 752 1146 820 martyris
1196 751 1543 808 Alexandre
1587 752 1978 808 imheratricis.

393 945 731 1003 Alexandra
757 947 972 1002 Christi
1007 951 1253 1018 martyr,
1283 963 1435 1001 uxor
1481 946 1596 1002 fuit
1634 945 1982 1002 Diocletiani

325 1035 722 1107 imperatoris.
745 1037 1009 1107 Cumque
1023 1037 1203 1090 etiam
1225 1036 1354 1106 ipsa
1368 1042 1638 1090 sanctum
1670 1036 1984 1107 Georgium

325 1124 571 1179 vidisset
611 1125 926 1180 tormentis
985 1125 1332 1192 excruciari,
1387 1125 1586 1179 hastili
1637 1125 1866 1180 scilicet
1921 1124 1983 1178 in

326 1219 530 1269 ventre
559 1230 931 1286 percussum,
964 1231 1076 1269 nec
1120 1220 1318 1269 tamen
1360 1215 1484 1270 ullo
1525 1215 1700 1269 modo
1733 1215 1983 1279 laesum;

330 1302 547 1358 deinde
572 1309 717 1358 rotas
749 1319 820 1358 ex
849 1303 1039 1357 acutis
1067 1304 1243 1358 ferris
1274 1303 1618 1375 composita
1651 1303 1982 1373 alligatum,

329 1397 389 1447 et
417 1392 639 1446 auxilio
671 1391 930 1463 desuper
972 1391 1243 1448 immisso
1301 1392 1551 1448 vinculis
1603 1391 1939 1447 exsolutum
1971 1407 1984 1444 :

331 1496 581 1551 corpore
604 1480 855 1551 insuper
876 1480 936 1534 in
967 1480 1157 1536 frusta
1180 1481 1461 1546 dissecto,
1494 1479 1691 1535 denuo
1706 1479 1990 1550 sospitem

329 1568 656 1636 redditum,
690 1574 749 1624 et
781 1586 980 1625 coram
1007 1570 1391 1642 imperatore,
1425 1570 1527 1641 qui
1556 1569 1734 1624 idolis
1765 1567 1994 1623 sacrifi-

334 1657 527 1724 cabat,
542 1657 841 1729 intrepide
867 1660 1318 1726 consistentem,
1339 1663 1582 1730 tamque
1605 1655 1866 1712 mirabili
1888 1656 1985 1713 οε

335 1746 673 1820 spectaculo
695 1747 897 1818 plures
918 1746 994 1802 ad
1019 1748 1237 1803 Christi
1262 1747 1437 1803 ﬁdem
1462 1751 1825 1811 evocantem,
1845 1761 1990 1816 quo-

334 1850 467 1890 rum
494 1834 677 1905 aliqui
705 1841 870 1891 extra
897 1836 1196 1891 civitatem
1224 1836 1501 1892 decollati
1533 1839 1692 1901 sunt,
1725 1833 1826 1890 alii
1857 1849 1992 1887 vero

332 1924 395 1978 in
429 1939 726 1979 carcerem
751 1924 994 1980 detrusi.
1021 1925 1166 1980 Cum
1189 1925 1337 1992 haec,
1363 1927 1630 1997 inquam,
1655 1921 1992 1979 Alexandra
2023 1912 2068 1976 Β

329 2014 591 2083 vidisset,
625 2013 858 2085 imperii
891 2014 1143 2086 gloriam
1179 2015 1491 2084 abjiciens,
1527 2015 1704 2069 etiam
1739 2013 1869 2084 ipsa
1926 2012 1991 2066 in

329 2105 628 2160 Christum
650 2103 923 2170 credidit,
951 2111 1225 2161 etcoram
1248 2105 1608 2176 imperatore
1633 2119 1694 2158 se
1715 2101 1990 2157 Christia-

328 2209 468 2249 nam
500 2209 631 2248 esse
661 2191 936 2247 confessa
974 2199 1083 2248 est.
1128 2193 1379 2247 lubente
1415 2193 1594 2264 igitur
1623 2189 1990 2246 Diocletiano

330 2281 393 2336 in
424 2296 724 2336 carcerem
746 2281 1019 2350 conjecta
1047 2281 1176 2336 fuit.
1205 2281 1431 2336 Deinde
1453 2297 1589 2336 vero
1611 2279 1732 2335 lata
1753 2283 1992 2332 senten-

332 2370 434 2435 tia,
466 2375 532 2424 ut.
557 2368 738 2424 simul
768 2369 1051 2441 Georgius
1095 2375 1155 2424 et
1185 2369 1525 2424 Alexandra
1563 2366 1856 2440 capitibus
1887 2365 1993 2421 ob-

328 2463 772 2525 truncarentur,
807 2474 945 2512 cum
996 2457 1057 2513 id
1114 2459 1243 2530 ipsa
1295 2458 1623 2526 didicisset,
1658 2459 1722 2515 in
1753 2475 1992 2516 carcere

326 2563 534 2620 preces
565 2547 640 2602 ad
669 2548 852 2602 Deum
878 2547 1158 2618 fundens,
1190 2547 1454 2603 animam
1486 2547 1750 2603 tradidit.

538 2665 608 2720 Et
651 2666 916 2719 memoria
952 2666 1129 2719 sancti
1169 2664 1459 2736 praphetaz
1502 2664 1768 2721 Michaeae.

404 2772 707 2828 Gloriosus
739 2789 805 2828 ac
836 2788 1087 2845 magnus
1105 2773 1397 2845 prapheta
1415 2772 1708 2840 Michmas,
1741 2788 1898 2828 unus
1921 2787 1993 2826 ex

332 2862 633 2920 sexdecim
693 2862 1022 2935 prophetis,
1081 2861 1192 2918 fuit
1225 2879 1294 2918 ex
1320 2862 1478 2917 tribu
1509 2861 1811 2934 Ephraim.
1846 2862 1994 2917 Cum

329 2959 529 3010 autem
560 2968 758 3025 regem
790 2951 990 3007 Achab
1024 2951 1407 3024 redargueret
1436 2951 1509 3006 ob
1541 2951 1715 3024 plura
1736 2967 1804 3007 ac
1838 2950 1994 3006 mul-

329 3041 555 3114 tiplicia
583 3043 713 3112 ejus
745 3040 992 3110 scelera,
1026 3040 1162 3096 odio
1194 3041 1439 3112 quidem
1490 3040 1562 3096 ab
1596 3057 1666 3096 eo
1719 3039 1983 3110 habitus,

332 3133 434 3188 sed
467 3132 716 3188 minime
749 3131 1096 3187 interfectus
1133 3135 1240 3196 est,
1277 3147 1344 3186 eo
1378 3130 1536 3202 quod
1566 3149 1670 3187 rex
1702 3132 1887 3186 Deum
1918 3131 1996 3186 ti-

1647 421 2079 486 MENOLOGII
2121 421 2328 486 PARS
2373 423 2484 486 III.

2011 563 2064 628 Α

3631 418 3752 482 416

2647 553 2829 612 ΜΗΝΙ
2861 558 2948 609 ΤΩ
2978 556 3177 612 ΑΥΤΩ.

2866 643 2974 700 KA'

2201 751 2471 823 νΛθλησις
2520 758 2620 822 τῆς
2666 750 2825 826 ἁγίας
2857 752 3130 826 μάρτυρος
3154 726 3514 824 Ἀλεξάνδρας
3543 754 3643 818 τῆς

2748 822 3094 899 βασιλίσσης.

2167 943 2565 1021 Ἀλεξάνδραή
2624 951 2723 1001 τοῦ
2776 943 3018 1020 Χριστοῦ
3079 946 3308 1020 μάρτυς,
3363 943 3583 1019 ὑπῆρχε
3613 945 3750 1018 γυνὴ

2094 1035 2492 1107 Διοκλητιανοῦ
2541 1040 2641 1092 τοῦ
2695 1035 2994 1105 Βασιλέως,
3033 1037 3120 1090 καὶ
3155 1033 3344 1090 ἰδοῦσα
3373 1033 3463 1090 καὶ
3488 1033 3625 1102 αύτή
3654 1033 3748 1089 τὸν

2095 1123 2246 1199 ἅγιον
2293 1126 2561 1201 Γεώργιον
2619 1125 3060 1198 τιμωρούμενον,
3124 1123 3258 1196 μετὰ
3311 1127 3408 1178 τοῦ
3463 1121 3756 1196 κονταρίου

2093 1213 2231 1267 κατὰ
2257 1219 2357 1282 τῆς
2386 1213 2616 1290 γαστρὸς
2662 1213 2963 1290 πληγέντα,
3021 1213 3109 1268 καὶ
3173 1213 3250 1285 μὴ
3315 1206 3607 1287 βλαϐέντα,
3638 1212 3760 1266 εἶτα

2096 1300 2149 1356 ἐν
2193 1303 2386 1378 τροχῷ
2444 1300 2586 1373 ὀξέσι
2646 1299 2900 1375 σιδήροις
2951 1299 3311 1375 διημοσμένῳ
3368 1298 3755 1375 προσδεθέντα,

2095 1390 2187 1446 καὶ
2244 1392 2383 1446 κατὰ
2431 1396 2529 1446 τοῦ
2583 1395 2936 1467 κατῶφεροῦς
2992 1389 3350 1460 ἀπολυθέντα,
3381 1389 3470 1444 καὶ
3499 1388 3564 1443 τὸ
3597 1393 3756 1461 σῶμα

2098 1480 2174 1543 εἷς
2201 1479 2392 1536 πολλὰ
2417 1479 2853 1554 κατατμηθέντα,
2903 1480 2994 1535 καὶ
3043 1479 3208 1535 πάλιν
3243 1479 3369 1554 ὑγιῆ
3400 1479 3755 1550 καταστάντα,

2098 1571 2188 1625 καὶ
2219 1569 2612 1647 έμφανισθὲντα
2661 1575 2742 1642 τῷ
2805 1569 3021 1644 βασιλεῖ
3077 1568 3254 1624 θύοντι
3304 1575 3429 1630 τοῖς
3471 1565 3752 1638 εἰδώλοις,

2099 1661 2188 1715 καὶ
2219 1664 2301 1731 τῷ
2338 1657 2628 1734 παραδόξῳ
2686 1661 2916 1733 θεάματι
2973 1659 3222 1720 πολΑοὺς
3277 1658 3760 1732 παρασκευάσαντα

2103 1753 2326 1821 Χριστῷ
2354 1753 2658 1818 πιστεύσαι,
2715 1750 2913 1810 οἳτινες
2967 1750 3056 1804 καὶ
3119 1746 3627 1822 ἀπεκεφαλίσθησαν
3656 1744 3759 1818 ἔξω

2098 1841 2199 1907 τῆς
2248 1835 2487 1908 πόλεως,
2548 1839 2602 1892 οἱ
2661 1835 2720 1892 δὲ
2775 1839 2864 1892 καὶ
2920 1835 3352 1906 ἀπεκλείσθησαν
3383 1834 3434 1890 έν
3463 1833 3757 1914 φυλακαῖς·

2095 1926 2474 1983 καταλιποῦσα
2515 1929 2614 1995 τὴν
2673 1924 2830 1997 δόξαν
2876 1928 2973 1998 τῆς
3029 1926 3328 2002 βασιλείας,
3359 1925 3639 1981 ἐπίστευσε
3670 1925 3761 1981 καί

2095 2017 2231 2086 αύτὴ
2280 2021 2362 2088 τῷ
2411 2021 2654 2092 Χριστῷ,
2711 2016 2803 2070 καὶ
2863 2015 3230 2090 ὡμολόγησεν
3270 2013 3498 2070 ἐνώπιον
3529 2018 3627 2070 τοῦ
3661 2015 3763 2090 βα-

2097 2107 2293 2171 σιλέως
2349 2107 2547 2175 ἑαυτὴν
2597 2108 2947 2180 Χριστιανήν.
3004 2105 3295 2176 Προστᾶξει
3349 2106 3438 2161 οὗν
3491 2109 3585 2160 τοῦ
3629 2113 3754 2159 Διο-

2093 2195 2396 2267 κλητιανοῦ
2452 2194 2726 2270 παρεδόοη
2798 2199 2866 2268 τῇ
2945 2193 3186 2271 φυλακῇ·
3250 2197 3338 2250 καὶ
3403 2195 3533 2268 μετά
3585 2197 3755 2248 ταῦτα

2094 2306 2397 2361 γενομενης
2455 2282 2779 2362 ἀποφάσεως
2840 2288 2939 2340 τοῦ
3013 2282 3519 2359 ἀποκεφαλισθῆναι
3575 2283 3758 2353 Γεώρ-

2093 2396 2214 2449 γιον
2246 2375 2336 2430 καὶ
2381 2372 2767 2448 Ἀλεξάνδραν,
2824 2378 2987 2429 τοῦτο
3050 2378 3317 2447 μαθοῦσα,
3351 2373 3404 2428 έν
3433 2377 3502 2448 τῇ
3537 2371 3760 2448 φυλακῇ

2094 2464 2184 2519 καὶ
2213 2468 2293 2536 τῷ
2325 2467 2442 2536 Θεῷ
2473 2459 2760 2537 εὐξαμένη,
2791 2463 3076 2539 παρέδωκε
3102 2463 3202 2532 τὴν
3235 2462 3444 2538 ψυχὴν.

2277 2668 2376 2724 Καὶ
2411 2669 2606 2742 μνήμη
2638 2672 2736 2722 τοῦ
2778 2666 2934 2742 ἁγίου
2983 2669 3272 2744 προφήτου
3306 2668 3580 2743 Μιχαίου.

2166 2780 2223 2834 Ὀ
2255 2774 2467 2851 ἔνδοξος
2513 2776 2604 2831 καὶ
2666 2776 2833 2851 μέγας
2891 2775 3182 2849 προφήτης
3237 2773 3482 2849 Μιχαίας
3540 2773 3762 2850 ὑπῆρχε

2101 2869 2197 2943 μὶν
2234 2869 2309 2929 εἷς
2336 2870 2445 2921 τῶν
2507 2862 2633 2920 δέκα
2687 2861 2743 2936 ἓξ
2802 2867 3131 2943 Προφητῶν,
3164 2864 3230 2934 ἦν
3265 2860 3322 2918 δὲ
3351 2861 3412 2919 ἐκ
3440 2869 3542 2934 τῆς
3570 2869 3756 2939 γενεᾶς

2097 2955 2356 3036 Ἐφραίμ·
2440 2952 2746 3031 διελέγχων
2806 2951 2863 3009 δὲ
2943 2956 3035 3009 τὸν
3114 2951 3340 3029 βασιλέα
3393 2947 3607 3029 Ἀχαᾶϐ
3662 2951 3749 3008 ἐπὶ

2095 3045 2361 3115 πολλαῖς,
2418 3044 2509 3099 καὶ
2569 3041 2855 3121 διαφόροις
2913 3042 3303 3118 παρανομίαις,
3358 3041 3599 3116 ἐμισεῖτο
3661 3042 3755 3115 μὶν

2097 3135 2223 3210 παρ’
2257 3134 2448 3188 αὐτοῦ·
2482 3132 2586 3186 οὐκ
2634 3129 2919 3206 ἐφονεύετο
2969 3128 3048 3201 δὲ,
3099 3125 3446 3208 φοϐουμένου
3475 3130 3568 3185 τὸν
3603 3129 3758 3201 Θεὸν,

330 3225 542 3286 meret,
592 3237 660 3276 ac
713 3219 1020 3293 propheta:
1068 3220 1347 3275 virtutem
1400 3226 1723 3276 reveretur.
1782 3220 1990 3277 Adhuc

2104 3224 2186 3280 καὶ
2243 3221 2570 3296 αἰδουμένου
2628 3222 2727 3290 τὴν
2785 3222 2981 3293 ἀρετὴν
3039 3243 3135 3277 του
3193 3223 3502 3298 προφήτου.
3561 3221 3758 3294 Ὅμως

332 3270 542 3286 ..η-π,
593 3270 657 3276 _-
713 3270 1016 3293 ,μγ---η
1082 3270 1347 3275 ,---_-_-_
1400 3270 1722 3276 --πη-ν-
1782 3270 1986 3277 _____-

332 3316 534 3366 tamen
566 3315 728 3366 metu
751 3309 1083 3382 perculsus,
1103 3325 1166 3364 se
1189 3309 1470 3375 subdixit,
1502 3326 1570 3365 ac
1592 3309 1692 3364 diu
1719 3309 1782 3365 in
1815 3325 1985 3365 mon-

2104 3270 2157 3371 Et
2188 3270 2529 3389 φοϐούμῐνος
2564 3270 2862 3388 ὑπεχώρει,
2920 3270 3010 3366 καὶ
3069 3270 3336 3387 διέτριίϐεἷ
3367 3270 3419 3366 έν
3455 3316 3576 3373 τοῖς
3609 3270 3760 3384 Egeo:

327 3399 488 3456 tibus
512 3403 915 3455 commoratus
939 3403 1052 3464 est,
1083 3415 1160 3454 ne
1191 3397 1399 3453 crebro
1422 3397 1697 3470 praebens
1720 3414 1849 3454 sese
1869 3398 1993 3470 regi

332 3488 841 3561 conspiciendum,
877 3504 1134 3560 eumque
1169 3486 1555 3561 redarguens,
1590 3487 1665 3544 ad
1697 3504 1865 3543 suam
1887 3505 1994 3544 cae-

334 3578 470 3635 dem
501 3577 963 3651 perpetrandam
1019 3577 1182 3632 illius
1222 3577 1488 3632 animum
1517 3577 1818 3633 excitaret.
1853 3578 1994 3633 Post

337 3674 590 3724 mortem
647 3684 784 3723 vero
815 3666 1040 3734 Achab,
1068 3683 1203 3722 cum
1237 3667 1424 3738 ipsius
1455 3665 1647 3722 ﬁlium
1690 3668 1886 3722 Joram
1917 3665 1991 3722 ob

339 3756 566 3812 similes
588 3756 940 3828 iniquitates
975 3771 1142 3826 teque
1176 3755 1532 3827 increparet,
1567 3771 1678 3810 nec
1725 3755 1826 3809 ille
1859 3772 1996 3826 pro-

338 3846 534 3918 phetaa
568 3843 1043 3916 objurgationem
1073 3859 1246 3912 (equo
1279 3843 1479 3897 animo
1512 3843 1802 3914 perferret
1831 3860 1993 3897 com-

337 3933 670 4007 prehensus
700 3933 832 3998 fuit,
865 3933 1003 3986 etin
1036 3948 1337 3986 carcerem
1371 3932 1682 3988 detrusus:
1717 3932 1816 3987 ubi
1858 3950 1993 3988 cum

337 4025 514 4093 longo
548 4023 833 4094 temporis
870 4022 1182 4077 intervallo
1212 4023 1662 4093 permansisset,
1696 4039 1994 4079 aerumnas

337 4130 407 4169 ac
439 4111 743 4168 molestias
775 4111 1063 4183 plurimas
1095 4116 1439 4166 constanter
1477 4112 1742 4184 pertulit.
1770 4113 1992 4168 Deinde

341 4219 372 4258 e
403 4217 638 4257 carcere
669 4200 940 4266 eductus,
972 4200 1044 4255 de
1085 4206 1386 4272 praerupta
1414 4217 1558 4273 rupe
1609 4219 1872 4274 praeceps
1897 4219 1996 4258 ac-

339 4298 435 4348 tus
459 4297 548 4348 est
567 4308 602 4348 a
631 4290 940 4347 lictoribus
975 4308 987 4347 :
1023 4295 1081 4347 et
1111 4307 1246 4346 cum
1275 4291 1540 4347 animam
1571 4293 1690 4348 Deo
1714 4292 1996 4349 tradidis-

341 4387 451 4448 set,
484 4381 754 4455 sepultus
787 4379 917 4435 fuit.

339 4496 408 4552 Et
431 4497 696 4550 memoria
733 4495 910 4550 sancti
961 4490 1300 4548 Maximiani
1348 4493 1694 4563 patriarchae
1723 4495 1994 4552 Constan-

979 4564 1358 4635 tinopolztani-

415 4683 803 4739 Maximianus
833 4682 1050 4738 Christi
1090 4682 1356 4754 pontifex
1403 4699 1473 4739 ex
1518 4684 1766 4755 antiqua
1813 4686 1998 4740 Roma

345 4790 548 4829 orsum
579 4773 766 4839 duxit,
790 4774 1036 4828 divitum
1058 4790 1125 4829 ac
1155 4774 1446 4830 nobilium
1474 4783 1790 4848 parentum
1813 4777 1991 4844 ﬁlius,

343 4865 491 4920 Cum
520 4869 719 4921 autem
747 4863 820 4920 ob
843 4865 1146 4936 negotium
1168 4865 1466 4936 quoddam
1489 4870 1674 4925 Roma
1694 4868 1998 4924 discessis-

343 4958 453 5023 set,
504 4954 1079 5026 Constantinopolim
1135 4957 1331 5011 venit:
1374 4956 1473 5012 ubi
1527 4964 1771 5030 prOpter
1827 4973 1996 5013 suam

340 5043 560 5100 bonam
590 5042 876 5103 indolem.
892 5043 1352 5115 etmultipiicem
1367 5045 1719 5117 doctrinam,
1743 5063 1854 5102 nec
1873 5065 1994 5103 non

343 5139 608 5192 exactam
639 5134 770 5189 vitae
803 5133 1193 5201 rectudinem,
1232 5141 1452 5191 sanctae
1495 5137 1996 5207 Constantinopo-

339 5223 543 5280 litanae
575 5222 842 5280 ecclesias
871 5222 1182 5295 presbyter
1205 5223 1475 5280 initiatus
1531 5223 1645 5279 fuit
1668 5240 1703 5279 a
1733 5223 1992 5281 Sisinnio

319 5315 728 5373 'celeberrimo
750 5315 1089 5387 patriarcha
1111 5332 1124 5369 :
1149 5316 1321 5386 cujus
1342 5314 1700 5387 probitatem
1721 5315 1780 5369 in
1800 5332 1894 5370 om
1905 5315 1995 5370 ni-

339 5407 452 5463 bus
483 5405 660 5477 plane
687 5404 1002 5459 virtutibus
1055 5405 1417 5474 exprimens,
1477 5403 1538 5458 in
1597 5419 1664 5459 eo
1719 5404 1993 5460 instituto

341 5494 702 5568 perduravit,
733 5493 923 5548 donec
945 5492 1262 5547 damnatus
1281 5493 1395 5547 fuit
1417 5493 1519 5548 66
1542 5494 1846 5549 Nestorius
1875 5494 1994 5550 hm-

339 5586 583 5649 reticus,
617 5584 718 5654 qui
752 5581 1130 5637 sanctissimo
1187 5581 1447 5636 Sisinnio
1498 5589 1882 5639 successerat.
1927 5585 2000 5639 At

343 5678 479 5744 post
497 5672 685 5743 ipsius
700 5669 963 5725 hmretici
979 5668 1228 5724 Nestorii
1249 5668 1681 5740 depositionem
1698 5672 1997 5729 Maximia-

347 5777 458 5817 nus
491 5765 774 5832 tanquam
803 5759 996 5816 ﬁdelis
1038 5763 1095 5814 et
1123 5759 1508 5833 orthodoxus,
1549 5764 1853 5822 communi
1885 5763 2000 5821 im-

2097 3406 2160 3460 τὸ
2191 3401 2448 3459 πλεῖστον
2484 3408 2581 3460 τοῦ
2625 3402 2854 3478 χρόνου,
2899 3402 2993 3456 ἳνα
3047 3401 3123 3475 μὴ
3181 3405 3399 3476 συχνῷς
3426 3404 3505 3474 τῷ
3542 3399 3763 3476 βασιλεῖ

2101 3493 2554 3572 έμφανιζόμενος,
2585 3494 2673 3548 καὶ
2728 3489 3057 3568 διελέγχων,
3103 3490 3239 3566 πρὸς
3270 3490 3434 3568 φόνον
3467 3489 3634 3546 αὐτοῦ
3662 3489 3757 3545 τὸν

2103 3584 2274 3658 θυμὸς
2303 3581 2635 3658 καθοπλίσῃ.
2669 3581 2820 3638 Μετά
2869 3579 2926 3636 δὲ
2977 3578 3240 3648 τελευτὴν
3271 3574 3503 3656 ’Ᾱχαὰϐ,
3537 3578 3759 3655 ἐλέγξας

2099 3675 2194 3729 τὸν
2225 3673 2341 3727 υἱὸν
2373 3671 2537 3728 αὐτοῦ
2569 3673 2777 3748 Ἰωρὰμ
2807 3671 2895 3726 ἐπὶ
2941 3675 3059 3732 ταῖς
3113 3670 3335 3742 ὁμοίαις
3367 3671 3760 3745 παρανομίαις,

2107 3763 2183 3836 μή
2242 3760 2608 3834 ὑπομείναντα
2663 3761 2754 3815 τὸν
2815 3757 3075 3834 ἔλεγχον,
3139 3757 3436 3832 ἐκρατήθη.
3494 3757 3591 3812 Καὶ
3623 3757 3762 3813 ἀπο-

2101 3847 2371 3913 κλεισθεὶς
2427 3849 2504 3913 είς
2559 3848 2832 3925 φυλακὴν,
2885 3847 2974 3902 καὶ
3037 3845 3315 3920 διαμείνας
3365 3847 3589 3901 ἐνταῦθα
3621 3847 3759 3920 χρό-

2102 3959 2194 3993 νον
2254 3937 2340 3992 ἐπὶ
2396 3938 2618 4013 συχνὸν,
2678 3935 3105 4012 ἐταλαιπωρήθη
3175 3935 3390 3996 ἱκανῶς.
3469 3935 3600 3990 Εἶτα
3655 3939 3756 4002 τῆς

2103 4025 2353 4106 φυλακῆς
2404 4022 2714 4098 ἐκϐληθεὶς,
2768 4023 2962 4102 έῤῥίφη
3023 4026 3161 4081 κατά
3214 4029 3310 4079 τοῦ
3366 4025 3613 4097 κρημνοῦ
3648 4020 3752 4076 ὑπὸ

2102 4121 2211 4173 τῶν
2269 4114 2508 4190 δημίων,
2564 4114 2656 4172 καὶ
2730 4112 3006 4191 παραδοὺς
3077 4115 3176 4184 τὴν
3240 4114 3427 4189 ψυχὴν
3486 4115 3563 4184 τῷ
3618 4113 3756 4182 Θεῷ,

2102 4205 2269 4282 ἐτάφη
2281 4249 2294 4264 .

2211 4494 2318 4552 Καὶ
2352 4495 2541 4568 μνήμη
2594 4497 2692 4550 τοῦ
2735 4491 2889 4569 ἁγίου
2937 4491 3284 4620 Μαξιμιανοῢ
3311 4490 3658 4567 πατριάρχου

2603 4565 3083 4620 Κωνσταντινουπό
3128 4584 3255 4620 εως.

2603 4572 2722 4620 Κων
2730 4565 2890 4620 σταντ
2900 4565 3230 4627 ινουπόλεως
3244 4607 3255 4621 .

2177 4691 2515 4765 Μαξιμιανὸς
2559 4691 2587 4744 ὁ
2635 4693 2734 4744 τοῦ
2790 4690 3026 4763 Χριστοῦ
3084 4688 3374 4763 ἱεράρχης,
3434 4684 3638 4762 ἐγένετο
3672 4688 3769 4760 μὶν

2105 4780 2164 4838 ἐκ
2187 4788 2290 4851 τῆς
2322 4779 2561 4842 παλαιᾶς
2619 4779 2860 4851 Ῥώμης,
2917 4778 3032 4840 υἱὸς
3086 4779 3369 4834 πλουσίων
3410 4777 3501 4833 καὶ
3533 4779 3765 4852 εὐγενῶν

2103 4869 2330 4947 γονέων·
2409 4870 2546 4925 κατά
2599 4888 2722 4924 τινα
2771 4865 2830 4923 δὶ
2905 4865 3097 4944 χρείαν
3151 4873 3250 4938 τῆν
3307 4867 3529 4941 Ῥώμην
3589 4867 3768 4944 ἀφεὶς,

2105 4958 2183 5021 εἷς
2233 4955 2811 5016 Κιονσταντινούπολιν
2863 4954 3211 5031 παρεγένετο,
3259 4955 3350 5011 καὶ
3400 4953 3472 5010 δι’
3518 4951 3766 5033 εὐφυΐαν,

2102 5050 2192 5104 καὶ
2225 5046 2627 5120 πολυμάθειαν,
2684 5045 2775 5102 καὶ
2826 5047 2926 5116 τήν
2983 5049 3085 5100 τοῦ
3141 5045 3262 5122 βίου
3303 5044 3642 5114 κατάστασιν,
3673 5045 3763 5100 καὶ

2103 5133 2407 5212 ἀκρίϐειαν,
2467 5131 2837 5211 πρεσϐύτερος
2889 5135 3281 5211 ἐχειροτονήθη
3339 5141 3441 5204 τῆς
3494 5133 3546 5190 έν
3607 5141 3768 5191 Κων-

2103 5225 2550 5283 σταντινουπόλει
2602 5223 2898 5295 ἐκκλησίας
2955 5223 3113 5300 ἁγίας
3167 5225 3314 5299 παρᾶ
3367 5225 3644 5280 Σισιννίου
3672 5227 3769 5280 τοῦ

2105 5315 2364 5390 ἀοιδίμου
2421 5316 2787 5393 πατριάρχου.
2870 5312 2968 5370 Καὶ
3036 5316 3138 5384 τὴν
3198 5310 3434 5387 δοκιμὴν
3492 5315 3659 5371 αὐτοῦ
3714 5313 3768 5371 έν

2105 5410 2306 5471 πάσαις
2360 5406 2576 5480 ἀρεταῖς
2655 5402 3063 5476 ἐπιδειξάμενος
3133 5401 3388 5476 διήρκεσε
3446 5403 3615 5480 μέχρι
3669 5411 3774 5474 τῆς

2103 5507 2473 5569 καθαιρεσεως
2521 5493 2819 5568 Νεστορίου
2863 5497 2962 5548 τοῦ
3008 5493 3290 5569 αἱρετικοῦ
3335 5497 3433 5550 τοῦ
3474 5495 3568 5550 τὸν
3599 5494 3772 5570 ἁγιώ-

2107 5607 2267 5643 τατον
2302 5586 2574 5642 Σισίννιον
2636 5581 3043 5655 διαδεξαμένου.
3102 5583 3206 5639 Καὶ
3267 5582 3401 5658 μετὰ
3450 5585 3552 5654 τὴν
3582 5582 3774 5648 καθαί-

2111 5696 2255 5752 ρεσιν
2314 5673 2480 5731 αὐτοῦ
2537 5678 2636 5731 τοῦ
2716 5673 2991 5748 αἱρετικοῦ
3071 5673 3390 5746 Νεστορίου,
3447 5675 3617 5752 ψήφῳ
3673 5676 3772 5730 τοῦ

2113 5763 2405 5847 βασιλέως,
2463 5764 2553 5821 καὶ
2611 5767 2710 5822 τοῦ
2767 5760 3002 5840 κλήρου,
3054 5759 3146 5819 καὶ
3202 5765 3301 5820 τοῦ
3357 5759 3497 5822 λαοῦ
3544 5763 3772 5838 παντὸς,
