4108 6426
306 400 426 463 417

1878 397 2209 461 APRILIB.

3613 398 3734 459 418

305 532 383 594 ὡς
416 530 610 593 πιστὸς
664 529 757 587 καὶ
788 529 1134 622 γ-ὃρθόδοξος,
1192 532 1544 613 πατριάρχης
1572 531 1966 622 προεχειρίσθη

2087 530 2649 604 peratoris,cleri,ac
2680 530 2861 585 totius
2881 526 3087 601 populi
3111 528 3413 604 suﬂ‘ragio,
3446 531 3733 588 Constan-

301 620 980 687 Κωνσταντινουπόλεως·
1039 624 1130 679 καὶ
1180 623 1367 679 καλῶν
1423 622 1513 679 καὶ
1598 617 1835 677 θύσεϐῶν
1903 619 1965 675 τὸ

297 716 405 767 τοῦ
430 713 669 788 Χριστοῦ
729 711 989 786 ποίμνιον
1044 713 1343 786 ποιμάνας,
1373 712 1464 769 καὶ
1521 713 1623 782 τήν
1672 709 1963 781 ἐκκλησίαν

298 800 458 863 ἰκτὸς
538 798 857 857 σκανδάλων
943 800 1280 877 διατηρήσας
1317 847 1331 874 ,
1384 804 1475 859 καὶ
1533 803 1811 877 κρατήσας
1870 796 1963 871 ἔτη

299 887 423 963 δύο,
448 891 538 946 καὶ
567 896 744 964 μῆνας
764 887 944 961 πέντε,
976 890 1031 947 ἰν
1072 893 1269 969 εἱρήνγι
1298 890 1657 950 ἀνεπαύσατο.

301 1095 413 1154 Καὶ
444 1096 674 1168 ἄθλησις
703 1100 801 1152 τοῦ
848 1095 1033 1187 ἀγίουκ
1067 1096 1347 1187 μάρτυρος
1398 1098 1668 1155 Ἰσαακίου
1725 1099 1817 1156 καὶ
1850 1107 1961 1157 τῶν

986 1170 1079 1224 σὺν
1118 1170 1285 1242 αὐτῷ.
1514 1208 1523 1219 .

374 1274 444 1332 Ol
471 1277 624 1349 τρεῖς
656 1270 811 1329 οὗτοι
842 1274 987 1349 ἅγιοι
1020 1272 1290 1351 μάρτυρες
1316 1273 1604 1347 Ἰσαάκιος,
1640 1274 1961 1347 Ἀπολλὼν,

296 1363 389 1417 καί
449 1357 752 1436 Κοδρᾶτος,
813 1362 1136 1437 θεράποντες
1193 1363 1447 1438 ὑπῆρχον
1504 1369 1606 1433 τῆς
1640 1364 1963 1440 βασιλίσσης

294 1449 687 1526 Ἀλεξάνδρας·
774 1452 865 1507 καὶ
931 1448 1137 1515 ἰδόντες
1221 1452 1395 1521 αὐτὴν
1477 1456 1961 1530 καταφρονήσασαν

296 1538 463 1612 δόξης
544 1539 909 1617 προσκαίρου,
983 1540 1074 1597 καὶ
1160 1541 1440 1618 βασιλείας
1524 1550 1788 1620 φθαρτῆς,
1872 1546 1960 1601 καὶ

306 1628 579 1705 βασιλέως
634 1631 858 1700 θνητοῦ,
918 1630 1013 1685 καὶ
1066 1628 1529 1706 προσδραμοῦσαν
1586 1636 1665 1704 τῷ
1720 1632 1962 1706 Χριστῷ,

306 1719 401 1774 καὶ
454 1718 810 1774 πιστεύσασαν
873 1719 948 1784 ὡς
999 1720 1247 1793 ἀθανάτῳ
1296 1719 1389 1775 καὶ
1448 1720 1657 1794 αἰωνίῳ
1724 1720 1961 1798 βασιλεῖ,

307 1809 403 1863 καὶ
460 1806 527 1862 δι’
580 1806 742 1864 αὐτὸν
802 1810 1091 1876 θανοῦσαν,
1139 1807 1484 1881 ἕπίστευσαν,
1516 1810 1607 1865 καὶ
1669 1811 1822 1867 αὐτοὶ
1884 1817 1964 1886 τῷ

311 1899 548 1971 Χριστῷ,
578 1900 666 1955 καὶ
702 1897 1211 1977 παρῤησιασάμενοι
1266 1898 1503 1976 ἤλεγξαν
1573 1901 1663 1956 τὸν
1712 1904 1964 1977 βασιλέα,

309 1990 623 2064 παράνομον
658 1989 823 2045 αὐτὸν
875 1989 1268 2059 εἷπυντες,καὶ
1330 1988 1482 2064 ὠμὸν
1541 1992 1632 2047 καὶ
1691 1991 1966 2069 θηριώδη,

303 2077 382 2139 ὡς
442 2076 587 2151 μηδὶ
637 2079 737 2149 τήν
796 2077 997 2135 οἰκείαν
1044 2085 1298 2155 γυναῖκα,
1366 2082 1482 2153 μεθ’
1524 2079 1594 2149 ἦς
1652 2079 1967 2155 ἐτέκνωσεν,

298 2164 629 2236 ἐλεήσαντα.
684 2168 823 2224 Τότε
880 2166 1159 2244 ὀργισθεὶς
1209 2169 1237 2223 6
1324 2164 1610 2244 βασιλεὺς,
1674 2171 1971 2247 προσέταξε

294 2259 416 2317 τοῖς
447 2252 681 2329 δημίοις
707 2264 973 2334 κρατῆσαι
1035 2258 1258 2331 αὐτοὺς,
1290 2258 1382 2313 καὶ
1433 2260 1503 2331 τῇ
1536 2257 1753 2336 φυλακῇ
1790 2282 1968 2336 παρα-

299 2341 514 2400 δοῦναι.
551 2346 655 2402 Καὶ
709 2345 907 2402 τούτου
965 2349 1282 2423 γενομένου,
1344 2348 1513 2412 αὐτὸς
1566 2346 1637 2403 δι’
1691 2350 1830 2421 ὅλης
1870 2358 1972 2419 τῆς

295 2433 499 2495 νυκτὸς
530 2430 892 2509 διελογίξετο,
924 2439 1043 2499 πῶς
1099 2434 1163 2491 ἄν
1229 2433 1475 2502 διάθοιτο
1530 2440 1598 2495 τά
1645 2440 1762 2495 κατ’
1794 2441 1971 2495 αὐτῶν

298 2521 582 2597 (ὠργίσθη
641 2522 741 2596 γὰρ
798 2524 1102 2602 μεγάλως),
1171 2525 1264 2581 καὶ
1316 2530 1385 2601 τῇ
1428 2526 1690 2604 ἐπαύριον
1751 2528 1973 2604 ἀγαγὼν

305 2612 510 2675 αὐτοὺς
542 2612 774 2668 ἐνώπιον
807 2614 998 2685 αὐτοῦ,
1052 2618 1140 2672 καὶ
1200 2618 1605 2694 καταναγκάσας
1639 2620 1973 2694 ἀρνήσασθαι

291 2702 391 2757 τὸν
430 2703 688 2778 Χριστὸν,
718 2704 810 2758 καὶ
846 2706 924 2778 μὴ
947 2704 1157 2774 πείσας,
1186 2706 1610 2786 ἀπεκεφάλισεν.

852 2929 1031 2987 nam
1087 2935 1172 3008 Tn
1231 2932 1433 3013 Arro.

1089 3020 1189 3075 KB‘
1201 3062 1213 3075 .

382 3127 609 3199 Μμήμη
642 3129 744 3180 τοῦ
774 3123 829 3181 ὲν
862 3126 1043 3202 ἁγίοις
1067 3127 1457 3200 Πατρὸςημῶν
1490 3125 1776 3205 Θεοδώρου
1805 3134 1904 3186 τοῦ

991 3201 1321 3253 Σικαιώτου.

1041 3219 1321 3259 ικαιωτου.

389 3300 684 3379 Θεόδωρος
748 3305 777 3359 6
864 3308 963 3359 τοῦ
1024 3310 1266 3381 Χριστοῦ
1326 3307 1621 3384 ἱεράρχης,
1677 3306 1774 3363 καί
1832 3310 1997 3384 μέγας

310 3392 765 3468 θαυματουργὸς,
803 3393 1021 3469 ὑπῆρχε
1053 3396 1148 3468 μὲν
1207 3395 1268 3451 ἐκ
1324 3403 1426 3465 τῆς
1476 3396 1731 3452 Γαλατῶν
1764 3397 1974 3472 χώρας,

318 3481 427 3536 ἀπὸ
483 3482 702 3557 χωρίου
762 3480 819 3538 δὶ
877 3488 1153 3551 Σικαιοῦς,
1209 3483 1297 3540 ἰπὶ
1354 3492 1453 3555 τῆς
1515 3484 1796 3561 βασιλείας
1839 3488 1977 3543 Ἰου-

325 3575 599 3625 στινιανοῦ
647 3576 745 3627 τοῦ
795 3569 1057 3627 παλαιοῦ·
1114 3571 1370 3650 ἐγεννήθη
1431 3572 1489 3629 δὶ
1548 3573 1599 3630 ἐν
1641 3572 1976 3651 πανδοχείῳ,

326 3662 434 3724 τῆς
470 3660 672 3732 μητρὸς
721 3661 892 3716 αὐτοῦ
950 3662 1181 3736 Μαρίας,
1241 3659 1330 3717 διὰ
1385 3661 1628 3726 κάλλους
1686 3668 1783 3718 τοῦ
1838 3684 1981 3739 προ-

333 3744 529 3799 σώπου
623 3746 802 3816 αὐτῆς,
898 3749 1341 3825 ἑπισπασαμένης
1426 3752 1562 3827 πρὸς
1638 3754 1736 3822 τὴν
1815 3751 1980 3808 αὐτοῦ

330 3834 586 3910 γέννησιν
617 3844 829 3912 Κοσμᾶν
890 3862 1015 3896 τινα
1064 3846 1173 3896 τῶν
1239 3840 1536 3917 βασιλικῶν
1583 3840 1976 3917 ταχυδρόμων·

322 3921 448 3993 ἥτις
480 3927 569 3980 καί
604 3925 742 3984 εἶδεν
790 3929 844 3991 ἐν
907 3930 1126 4004 ὀνείρῳ,
1186 3932 1383 4007 ἀστέρα
1438 3930 1717 3987 κατελθεῖν
1771 3932 1829 3987 ἐκ
1882 3936 1980 3987 τοῦ

319 4014 581 4089 οὐρανοῦ,
616 4017 705 4072 καὶ
756 4025 937 4075 πεσεῖν
998 4018 1087 4075 ἐπὶ
1145 4022 1243 4090 τὴν
1281 4021 1495 4077 κοιλίαν
1531 4021 1716 4091 αὐτῆς·
1776 4020 1980 4092 ἐδήλου

318 4102 379 4159 δὲ
439 4106 470 4160 6
533 4106 708 4179 ἀστήρ
765 4108 865 4177 τὴν
930 4108 1006 4171 είς
1064 4107 1284 4183 ὕστερον
1341 4111 1538 4184 ἀρετὴν
1608 4113 1705 4165 τοῦ
1765 4107 1981 4172 παιδός⁹

318 4198 586 4248 τοσοῦτον
621 4195 721 4270 γὰρ
755 4194 814 4250 ἐκ
870 4197 1105 4275 βρέφους
1168 4198 1378 4274 ἐγένετο
1436 4197 1701 4271 ἐνάρετος,
1761 4199 1836 4262 ὡς
1889 4198 1980 4253 καὶ

318 4279 410 4334 τὸν
445 4282 603 4357 ἅγιον
641 4283 913 4358 Γιώργιον
966 4282 1128 4361 φίλον
1186 4287 1510 4355 κτήσασθαι,
1567 4289 1809 4362 φανερῶς
1852 4283 1982 4339 συλ-

320 4368 604 4424 λαλοῦντα
654 4369 800 4443 αὐτῷ
873 4374 963 4427 καὶ
1018 4368 1462 4447 συμϐαδίζοντα,
1533 4375 1623 4429 καὶ
1677 4372 1983 4450 ὁδηγοῦντα

316 4457 483 4513 αὐτὸν
549 4460 687 4533 πρὸς
746 4466 850 4516 πᾶν
908 4461 1127 4537 ἀγαθόν’
1162 4462 1212 4536 ἐξ
1273 4463 1453 4518 οὔκαὶ
1494 4465 1561 4518 τὰ
1622 4466 1790 4539 μυρία
1819 4463 1982 4533 ἐκτή-

319 4569 453 4603 σατο
485 4550 756 4621 θαύματα.
819 4552 1119 4625 Γενόμενος
1175 4551 1233 4608 δὲ
1267 4554 1533 4629 μοναχὸς,
1582 4552 1979 4628 ἐχειροτονήθη

2079 621 2510 694 tinopolitanus
2532 620 2867 693 patriarcha
2889 620 3112 675 electus
3129 620 3408 676 fuit.Cum
3426 636 3561 677 vero
3577 627 3733 677 recte

2080 726 2147 765 ac
2176 712 2451 784 religiose
2474 727 2710 784 gregem
2743 710 2959 764 Christi
3004 709 3415 783 gubernasset,
3450 716 3508 765 et
3529 711 3729 767 Eccle-

2080 800 2229 855 siam
2261 817 2296 855 a
2322 799 2620 855 scandalis
2653 804 2840 855 tutam
2873 803 3183 865 servasset,
3219 799 3393 870 eique
3415 816 3522 871 per
3542 816 3731 855 annos

2080 888 2251 957 duos,
2285 894 2343 946 et
2392 905 2630 945 menses
2662 888 2927 961 quinque
2978 888 3335 960 prmfuisset,
3368 889 3431 943 in
3463 905 3606 960 pace
3638 906 3731 945 re-

2079 978 2320 1050 quievit.

2149 1108 2220 1162 Et
2249 1112 2526 1161 certamen
2554 1107 2732 1161 sancti
2759 1103 3026 1187 martyris
3054 1106 3275 1171 Isaacii,
3307 1111 3361 1159 et
3388 1104 3661 1160 sociorum

2835 1192 2972 1247 ejus.

2149 1277 2218 1331 Hi
2258 1282 2377 1331 tres
2409 1277 2599 1332 sancti
2631 1282 2922 1347 martyres
2953 1276 3236 1346 Isaacius,
3260 1275 3495 1347 Apollo,
3527 1282 3587 1331 et
3614 1276 3731 1331 Co-

2077 1364 2283 1421 dratus
2329 1365 2538 1421 famuli
2597 1366 2841 1421 fuerunt
2888 1364 3237 1421 Alexandrea
3287 1365 3731 1437 imperatricis:

2077 1472 2254 1526 quam
2287 1472 2422 1511 cum
2450 1455 2738 1511 vidissent
2776 1455 3001 1511 caduca
3031 1455 3211 1527 hujus
3242 1454 3346 1509 aevi
3368 1455 3576 1527 gloria,
3600 1472 3733 1510 cor—

2074 1544 2341 1617 ruptibili
2363 1545 2705 1617 imperio,et
2723 1544 2960 1600 mortali
2985 1545 3345 1616 imperatore
3370 1544 3732 1616 contemptis,

2076 1634 2150 1691 ad
2163 1634 2462 1690 Christum
2480 1635 2995 1706 accurrere,eique
3015 1640 3299 1707 tanquam
3313 1633 3635 1689 immortali
3655 1638 3736 1688 at-

2077 1740 2191 1795 que
2215 1729 2436 1779 aeterno
2462 1724 2603 1797 Regi
2635 1723 2969 1789 credere,et
2999 1742 3105 1795 pro
3138 1741 3205 1780 eo
3229 1728 3485 1779 mortem
3508 1723 3731 1789 subire;

2075 1815 2256 1870 etiam
2289 1814 2401 1885 ipsi
2433 1813 2650 1869 Christi
2675 1813 2855 1868 ﬁdem
2877 1813 3136 1885 amplexi
3171 1818 3342 1869 sunt:
3378 1818 3436 1867 et
3474 1813 3734 1867 maxima

2076 1903 2355 1959 libertate
2386 1903 2724 1975 loquentes,
2742 1904 3165 1975 imperatorem
3188 1903 3595 1973 increparunt,
3622 1902 3736 1956 im-

2078 1994 2579 2067 pium.crudelem
2612 2010 2679 2050 ac
2710 1994 2901 2049 ferum
2932 1995 3129 2066 ipsum
3151 1994 3544 2066 appellantes,
3575 1991 3735 2063 quod

2077 2085 2356 2158 conjugio
2390 2084 2501 2140 sibi
2527 2084 2753 2156 junctaa
2786 2083 3081 2150 mulieris,
3113 2100 3183 2138 ex
3216 2100 3333 2154 qua
3366 2083 3545 2137 etiam
3580 2081 3735 2137 libe-

2076 2192 2177 2230 ros
2208 2180 2575 2246 susceperat,
2608 2173 2889 2228 misertus
2938 2190 3058 2228 non
3090 2179 3265 2229 esset.
3300 2172 3465 2228 Unde
3497 2172 3559 2226 in
3585 2158 3737 2226 iram

2079 2265 2367 2319 excitatus
2415 2264 2742 2335 imperator
2795 2262 3107 2318 lictoribus
3161 2263 3463 2334 praecepit,
3519 2267 3587 2316 ut
3634 2277 3737 2316 eos

2078 2352 2754 2426 comprehenderent,ac
2788 2353 2849 2406 in
2872 2369 3171 2407 carcerem
3200 2352 3587 2423 conjicerent.
3612 2351 3737 2415 Quo

2079 2449 2342 2515 peracto,
2380 2447 2503 2497 tota
2528 2447 2700 2497 nocte
2725 2442 2851 2512 ipse
2875 2440 3202 2512 imperator
3232 2439 3549 2511 cogitabat,
3583 2456 3736 2509 quo-

2079 2533 2256 2588 modo
2282 2549 2384 2587 eos
2415 2532 2788 2587 interimeret
2813 2548 2825 2584 :
2850 2531 3099 2601 (ingenti
3121 2531 3283 2585 enim
3315 2530 3514 2585 furore
3537 2529 3741 2584 adver-

2083 2639 2182 2678 sus
2215 2622 2352 2677 illos
2370 2638 2661 2677 accensus
2680 2626 2804 2675 erat
2832 2620 2871 2690 :)
2901 2620 3154 2692 ideoque
3190 2618 3464 2690 sequenti
3497 2618 3593 2673 die
3638 2634 3739 2674 eos

2080 2727 2282 2767 coram
2315 2727 2377 2765 se
2408 2710 2622 2766 adduci
2645 2710 2917 2782 jussit.et
2932 2716 2999 2765 ut
3027 2709 3327 2765 Christum
3351 2708 3737 2781 abnegarent,

2081 2800 2441 2872 compellere
2487 2805 2737 2855 conatus
2770 2804 2878 2854 est.
2913 2798 3025 2853 Sed
3059 2816 3195 2854 cum
3228 2798 3287 2853 id
3320 2798 3466 2870 ipsis
3488 2796 3738 2853 suadere

2082 2906 2204 2946 non
2234 2888 2540 2955 valuisset,
2566 2888 2757 2960 capite
2780 2903 2881 2943 eos
2912 2887 3091 2959 plecti
3124 2887 3444 2943 mandavit.

2648 2977 2891 3032 EODEM
2917 2975 3170 3030 MENSE.

2564 3067 2669 3123 Die
2698 3066 2983 3122 vicesima
3029 3065 3291 3121 secunda

2083 3160 2178 3215 67
2216 3159 2483 3216 Memoria
2506 3158 2687 3213 sancti
2726 3158 2910 3212 Patris
2939 3155 3119 3211 nostri
3162 3154 3436 3211 Theodori
3461 3154 3733 3210 Sicaotaz.

2145 3311 2489 3366 Theodorus
2521 3309 2738 3365 Christi
2774 3308 3064 3381 pontifex,
3092 3324 3160 3363 ac
3182 3322 3431 3378 magnus
3463 3306 3734 3359 thauma-

2086 3405 2494 3472 turgus,natus
2516 3403 2604 3453 est
2634 3398 2695 3453 in
2719 3398 2956 3468 regione
2982 3395 3221 3451 Galatia,
3253 3395 3315 3449 in
3345 3392 3561 3464 oppido
3579 3389 3739 3462 quod

2088 3490 2314 3544 Siceeon
2344 3488 2701 3560 appellatur,
2731 3486 3063 3542 Justiniano
3096 3485 3333 3539 seniore
3384 3483 3736 3553 imperante.

2089 3580 2333 3635 Genitus
2362 3596 2497 3633 vero
2528 3577 2643 3631 fuit
2672 3578 2734 3631 in
2759 3577 3005 3631 taberna
3035 3574 3381 3639 diversoria,
3414 3572 3515 3627 ubi
3551 3576 3743 3627 mater

2088 3670 2275 3741 ipsius
2306 3668 2485 3723 Maria
2514 3666 2731 3722 eximia
2760 3666 2879 3721 oris
2911 3665 2999 3720 sui
3025 3662 3469 3736 pulchritudine
3510 3660 3580 3716 ad
3606 3676 3741 3715 eum

2088 3757 2563 3830 progignendum
2589 3760 2910 3811 attraxerat
2932 3754 3121 3809 virum
3146 3752 3464 3824 quemdam
3497 3749 3741 3805 nomine

2089 3851 2385 3915 Cosmam,
2419 3849 2518 3920 qui
2553 3849 2709 3903 inter
2740 3846 3119 3919 imperatoris
3151 3861 3424 3900 cursores
3477 3840 3741 3912 adscrip-

2089 3946 2183 3996 tus
2220 3946 2364 3995 erat.
2402 3939 2615 3993 Eadem
2640 3955 2816 4009 porro
2849 3938 2981 4009 ejus
3012 3942 3203 3992 mater
3230 3934 3375 3989 vidit
3405 3934 3466 3988 in
3516 3930 3744 3987 somnis

2088 4028 2253 4085 sidus
2286 4046 2316 4084 e
2348 4028 2494 4084 cmlo
2527 4027 2745 4092 delabi,
2793 4032 2971 4098 atque
3005 4027 3067 4081 in
3131 4041 3305 4080 suum
3338 4024 3535 4078 sinum
3584 4020 3742 4075 deci-

2090 4119 2231 4175 dere
2258 4135 2270 4173 :
2292 4117 2449 4190 quod
2474 4134 2615 4173 sane
2649 4116 2813 4171 sidus
2827 4116 3087 4171 futuram
3109 4115 3275 4187 pueri
3299 4113 3575 4167 virtutem
3592 4126 3746 4182 prse-

2089 4207 2589 4264 nuntiabat.Adeo
2614 4207 2773 4261 enim
2806 4205 2930 4276 ipse
2944 4206 3015 4259 ab
3040 4206 3286 4259 ineunte
3317 4207 3488 4257 astate
3516 4201 3746 4257 virtutis

2091 4300 2389 4355 stodiosus
2421 4304 2597 4369 atque
2624 4313 2833 4352 amans
2866 4295 2995 4363 fuit,
3028 4300 3093 4350 ut
3125 4298 3397 4349 sanctum
3431 4292 3745 4364 Georgium

2091 4391 2350 4445 amicum
2401 4388 2512 4443 sibi
2547 4385 2996 4457 comparaverit,
3034 4385 3131 4454 qui
3191 4389 3249 4437 et
3279 4383 3475 4454 palam
3508 4398 3641 4436 cum
3675 4396 3745 4435 eo

2090 4478 2372 4550 colloqui,
2406 4482 2465 4531 et
2508 4477 2855 4547 frequenter
2879 4474 3222 4537 convenire,
3258 4478 3437 4543 atque
3468 4470 3543 4526 ad
3570 4484 3746 4525 omne

2089 4586 2239 4641 opus
2269 4568 2496 4621 bonum
2538 4565 2733 4637 ipsum
2766 4563 3091 4636 perducere
3134 4566 3543 4617 consueverat.
3582 4558 3747 4615 Unde

316 4636 412 4691 καὶ
498 4636 801 4703 ἐπίσκοπος
890 4640 1492 4708 ’Λναστασιουπόλεως,
1576 4640 1667 4696 καὶ
1750 4638 1839 4696 διὰ
1913 4641 1972 4696 τὰ

372 4746 381 4747 κ
411 4723 461 4747 |\
488 4726 503 4745 \
543 4728 569 4747 Δ
624 4728 637 4747 Ι
977 4723 1039 4747 ρ’
1371 4731 1383 4747 \
1569 4730 1585 4747 \
1675 4731 1702 4747 Λ
1803 4730 1824 4747 \
1870 4735 1895 4745 -

2089 4661 2407 4714 innumera
2437 4654 2622 4710 edidit
2652 4653 2960 4710 miracula.
2989 4654 3134 4709 Cum
3184 4669 3318 4707 vero
3354 4650 3749 4707 monasticam

315 4723 514 4780 πολλά
543 4728 790 4801 θαύματα
844 4723 1175 4804 περιϐόητος
1233 4731 1438 4809 φανεὶς,
1496 4730 1586 4785 καὶ
1674 4730 1978 4805 βασιλεῦσι,

315 4814 413 4974 κξὶ
444 4819 526 4887 τῷ
570 4816 765 4891 κόσμῳ
819 4818 1002 4889 παντὶ,
1065 4818 1118 4874 ἐν
1180 4819 1371 4895 εἰρήνῃ
1420 4819 1560 4894 πρὸς
1613 4818 1810 4895 Κύριον
1865 4814 1978 4892 ἔξε-

320 4922 348 4957 ο
402 4926 595 4974 μησεν.

320 4922 388 4974 οη
402 4926 595 4976 μησεν.

429 5120 535 5179 Καὶ
585 5124 782 5196 μνήμη
813 5120 911 5179 τοῦ
961 5123 1120 5200 ἁγίου
1179 5122 1490 5180 ἀποστόλου
1542 5124 1862 5197 Ναθαναήλ.

388 5238 692 5308 Ναθαναὴλ
724 5241 753 5296 6
781 5245 879 5297 τοῦ
900 5245 1138 5314 Χριστοῦ
1168 5241 1329 5318 φίλος
1361 5242 1451 5297 καὶ
1509 5240 1844 5312 ἀπόστολος,
1906 5243 1975 5312 ἧν

315 5328 415 5400 μὶν
448 5328 559 5383 ἀπὸ
596 5330 755 5386 Κανά
775 5330 992 5393 πόλεως
1037 5338 1138 5400 τῆς
1171 5330 1491 5401 Γαλιλαίας,
1524 5328 1647 5396 ἔνθα
1687 5332 1716 5387 6
1747 5333 1980 5399 Χριστὸς

308 5416 401 5472 καὶ
434 5418 568 5480 Θεὸς
599 5421 762 5490 ἡμῶν
822 5420 1050 5489 κληθεὶς
1106 5422 1185 5483 εἷς
1241 5426 1425 5495 γάμον
1478 5422 1616 5493 μετά
1664 5427 1763 5489 τῆς
1806 5441 1975 5476 πανα-

310 5508 561 5582 χράντου
590 5506 758 5563 αὐτοῦ
794 5510 1040 5583 Μητρὸς,
1071 5508 1161 5564 καὶ
1191 5513 1302 5563 τῶν
1338 5510 1500 5583 ἱερῶν
1566 5511 1849 5582 μαθητῶν,
1914 5512 1978 5567 τὸ

310 5602 534 5668 πρῶτον
566 5600 748 5673 θαῦμα
775 5597 1027 5669 ἐποίησε,
1057 5599 1119 5654 τὸ
1167 5596 1314 5673 ὕδωρ
1347 5599 1424 5660 είς
1455 5601 1601 5655 οἶνον
1625 5594 1975 5672 μεταϐαλών,

311 5683 696 5762 Προσεδέχετο
756 5683 815 5742 δὶ
872 5686 963 5741 καὶ
1019 5684 1181 5751 αὐτὸς
1235 5688 1335 5755 τὴν
1394 5686 1689 5761 παρουσίαν
1720 5690 1817 5742 τοῦ
1844 5689 1976 5762 Χρι-

305 5780 457 5850 στοῦ,
510 5776 591 5839 ὡς
646 5777 1003 5850 νομομαθὴς,
1048 5779 1149 5832 τοῦ
1204 5778 1332 5853 παρ’
1382 5774 1600 5833 ὶκείνων
1674 5774 1975 5853 λεγομένου

2087 4748 2267 4803 vitam
2294 4744 3000 4817 suscepisset,episcopus
3031 4738 3753 4813 Anastasiopolisordina—

2088 4842 2185 4893 tus
2213 4835 2582 4891 est.Demum
2614 4849 2751 4888 cum
2775 4830 2933 4904 apud
2966 4832 3378 4903 imperatores,
3415 4846 3482 4885 ac
3508 4829 3749 4885 univer-

2090 4944 2223 4983 sum
2273 4930 2569 4980 terrarum
2616 4922 2822 4978 orbem
2868 4922 3144 4994 plurimis
3196 4920 3372 4977 editis
3439 4918 3747 4975 miraculis

2089 5015 2341 5073 celebris
2372 5013 2675 5077 evasisset,
2710 5012 2771 5066 in
2798 5027 2943 5083 pace
2976 5009 3049 5065 ad
3077 5009 3399 5065 Dominum
3450 5008 3742 5082 migravit.

2267 5124 2333 5178 Et
2362 5122 2630 5176 memoria
2657 5118 2838 5175 sancti
2892 5118 3132 5189 apostoli
3180 5117 3562 5173 Nathanaelis.

2161 5228 2491 5287 Nathanael
2512 5227 2725 5282 Christi
2757 5227 2987 5282 amicus
3014 5230 3073 5280 et
3091 5224 3398 5296 apostolus
3419 5222 3531 5277 fuit
3551 5239 3621 5277 ex
3634 5224 3741 5277 Ca-

2089 5342 2168 5381 na
2197 5323 2430 5379 civitate
2480 5320 2758 5387 Galilaaaa,
2792 5319 2892 5373 ubi
2924 5318 3193 5373 Christus
3226 5317 3380 5370 Deus
3438 5320 3642 5369 noster
3671 5312 3746 5369 ad

2088 5416 2331 5487 nuptias
2352 5416 2594 5466 vocatus
2616 5426 2735 5464 una
2752 5425 2886 5464 cum
2905 5408 3259 5463 intemerata
3286 5405 3414 5476 ejus
3427 5402 3743 5470 Genitrice,

2090 5510 2150 5560 et
2179 5500 2364 5558 sacris
2422 5498 2757 5569 discipulis,
2807 5496 3067 5568 primum
3120 5493 3310 5548 edidit
3362 5490 3742 5560 miraculum,

2088 5608 2307 5665 aquam
2337 5590 2399 5643 in
2431 5588 2633 5643 vinum
2658 5583 3427 5654 convertens.Exspectabat
3457 5586 3656 5635 autem
3688 5585 3749 5635 et

2088 5686 2239 5758 ipse,
2272 5677 2433 5751 quod
2463 5677 2609 5749 legis
2640 5676 2868 5747 peritus
2927 5677 3106 5737 esset,
3164 5670 3486 5726 adventum
3514 5669 3733 5725 Christi

2089 5774 2193 5848 qui
2250 5769 2409 5844 apud
2462 5768 2626 5842 ipsos
2676 5765 2917 5822 Messias
2979 5760 3308 5818 dicebatur.
3358 5762 3548 5827 Quare
3611 5776 3749 5818 eum
