4108 6450
342 459 466 518 419

1683 451 2116 516 MENOLOGII
2161 452 2358 515 PARS
2403 453 2514 516 Ill.

3656 463 3781 524 420

347 591 412 647 in
443 608 579 649 eum
612 590 920 650 incidisset
969 587 1284 663 Philippus
1337 591 1666 664 apostolus,
1723 592 1826 664 qui
1883 605 1977 645 era

2121 586 2347 645 Μεσσία.
2381 586 2569 664 Εύρὼν
2614 588 2705 644 οῦν
2765 586 2922 646 αὐτὸν
2981 588 3262 655 Φίλιππος
3295 591 3323 649 6
3380 591 3690 659 ἀπόστολος
3748 600 3777 654 ὁ

347 699 383 738 a
397 681 711 738 Bethsaida
725 681 830 737 civi
842 686 955 736 tate
975 685 1316 736 sanctorum
1330 681 1737 753 apostolorum
1752 679 2002 736 Andreas

347 777 406 827 et
435 771 916 841 Petri,sciretque
943 769 1161 825 Christi
1183 769 1500 826 adventum
1522 772 1594 827 ab
1614 771 1743 843 ipso
1758 787 2003 842 exspec-

347 861 483 928 tari,
540 877 774 916 summa
806 876 941 915 cum
999 859 1209 917 laetitia
1266 860 1350 916 ait
1401 861 1489 915 illi
1521 877 1533 915 :
1568 860 1610 916 0
1650 860 2000 927 Nathanael,

344 966 524 1021 quem
553 950 793 1022 scripsit
822 951 1049 1020 Moyses
1081 950 1141 1004 in
1183 949 1336 1022 lege,
1392 955 1450 1004 et
1478 949 1805 1022 prophetae,
1838 951 2002 1005 inve-

343 1039 547 1096 nimus
565 1040 589 1093 J
598 1055 766 1094 esum
784 1038 973 1094 filium
995 1039 1250 1110 Josepha
1271 1040 1761 1094 Nazaret.Abiens
1775 1039 1997 1112 itaque,

342 1143 478 1182 cum
513 1126 814 1183 Christum
845 1125 1328 1198 vidisset,illique
1359 1126 1733 1196 credidisset,
1760 1132 1999 1183 secutus

344 1221 435 1272 est
465 1233 623 1272 eum.
652 1218 795 1270 Post
823 1215 985 1271 illius
1008 1232 1143 1271 vero
1202 1217 1544 1288 passionem
1575 1223 1754 1288 atque
1784 1233 1994 1273 ascen-

343 1306 594 1375 sionem,
646 1304 980 1377 praedicans
1028 1305 1228 1377 ipsum
1288 1307 1476 1361 Deum
1520 1322 1671 1376 esse,
1729 1306 1792 1361 in
1848 1322 1994 1379 pace

344 1395 619 1454 decessit.

899 1486 1141 1542 EODEM
1173 1487 1317 1542 ΜΕΝ
1323 1488 1424 1543 SE.

851 1577 957 1633 Die
984 1576 1264 1635 vicesima
1307 1577 1482 1633 tertia

409 1684 510 1741 68
544 1684 825 1740 Certamen
881 1687 1058 1740 sancti
1111 1687 1308 1755 magni
1355 1686 1621 1755 martyris
1671 1685 1917 1756 Georgii.

416 1791 698 1864 Georgius
720 1790 936 1846 Christi
981 1783 1208 1863 martyr
1238 1790 1352 1846 fuit
1405 1791 1737 1863 imperante
1770 1791 1993 1850 Diocle-

339 1880 502 1935 tiano
535 1895 606 1936 ex
646 1879 884 1950 regione
915 1878 1322 1949 Cappadociae,
1355 1878 1575 1934 illustri
1623 1895 1862 1950 genere,
1922 1897 1991 1942 ac

2115 676 2222 731 ἀπὸ
2244 676 2547 748 Βηθσαϊδὰ,
2607 677 2668 735 ἐκ
2717 685 2820 749 τῆς
2866 679 3084 744 πόλεως
3141 685 3251 736 τῶν
3310 682 3478 759 ἁγίων
3530 683 3775 742 ἀποστό-

2115 764 2226 822 λων
2263 765 2524 844 Ἀνδρὲου
2545 768 2636 823 καὶ
2693 769 2920 845 Πέτρου,
2979 771 3053 832 ὡς
3118 771 3400 848 γινώσκων
3461 772 3543 828 ὅτι
3597 795 3770 852 προσ-

2115 853 2334 931 δὲχεται
2364 857 2465 926 τὴν
2515 857 2814 934 παρουσίαν
2867 863 2964 914 τοῦ
3014 861 3278 935 Χριστοῦ,
3339 861 3475 935 μετά
3530 884 3772 940 περιχα-

2113 945 2260 1018 ρείας
2292 948 2442 1002 εἶπεν
2471 946 2641 1021 αὐτῷ·
2674 949 2742 1002 Ὠ
2800 945 3122 1020 Ναθαναὴλ,
3182 949 3239 1005 εν
3303 947 3502 1028 ἔγραψε
3555 955 3776 1026 Μωσῆς

2107 1033 2160 1089 ἐν
2210 1040 2292 1109 τῷ
2321 1037 2494 1110 νόμῳ,
2553 1037 2643 1094 καὶ
2701 1037 2752 1092 οί
2815 1042 3120 1117 προφῆται,
3181 1039 3488 1116 εὑρήκαμεν
3555 1043 3772 1115 Ἰησοῦν

2103 1121 2196 1177 τὸν
2246 1121 2364 1178 υίὸν
2420 1125 2627 1202 Ἰωσὴφ
2683 1125 2776 1181 τὸν
2836 1125 2944 1180 ἀπὸ
3001 1127 3267 1204 Ναξαρὲτ.
3323 1128 3607 1185 Ἀπελθὼν
3668 1129 3766 1186 οὗν

2103 1210 2193 1266 καὶ
2225 1209 2357 1267 ίδὼν
2401 1214 2493 1269 τὸν
2554 1215 2806 1289 Χριστὸν,
2863 1216 2955 1270 καὶ
2994 1216 3285 1279 πιστεύσας
3317 1216 3485 1291 αὐτῷ,
3516 1219 3767 1289 ἠκολού-

2105 1310 2183 1364 θει
2224 1300 2397 1375 αὐτῷ.
2431 1302 2534 1360 Καὶ
2568 1303 2703 1377 μετὰ
2729 1303 2794 1359 τὸ
2810 1305 2983 1368 πάθος
3010 1303 3177 1360 αὐτοῦ
3207 1305 3298 1361 καὶ
3328 1307 3429 1375 τὴν
3455 1305 3762 1383 ἀνάληψιν,

2101 1390 2388 1467 κηρύττων
2415 1392 2577 1450 αὐτὸν
2608 1393 2684 1457 ὡς
2716 1393 2868 1464 Θεὸν,
2897 1393 2951 1450 ἐν
2979 1395 3172 1472 εἱρήνῃ
3204 1393 3523 1468 ἐτελειώθη.

2656 1503 2836 1560 MHNI
2875 1506 2963 1581 Ta
3000 1505 3197 1579 Αγτο.

2871 1593 2982 1649 ΚΓ.

2172 1679 2444 1750 ἸΔθλησις
2481 1683 2578 1734 τοῦ
2635 1677 2794 1756 ἁγίου
2857 1676 3351 1758 μεγαλομάρτυρος
3382 1683 3680 1760 Γεωργίου.

2173 1787 2452 1861 Γεώργιος
2514 1787 2542 1842 6
2613 1791 2710 1842 τοῦ
2764 1789 3000 1861 Χριστοῦ
3061 1784 3290 1860 μὸίρτυς,
3345 1789 3564 1864 ὑπῆρχε
3654 1790 3756 1862 μὶν

2100 1874 2191 1930 ἐπὶ
2223 1874 2616 1946 Διοκλητιανοῦ
2673 1879 2771 1930 τοῦ
2824 1875 3116 1950 βασιλέως,
3176 1875 3236 1930 ἐκ
3285 1883 3386 1947 τῆς
3445 1879 3637 1952 χώρας
3699 1875 3761 1934 δὶ

338 1967 623 2041 dignitate
669 1983 888 2022 comes.
944 1968 1367 2022 Persecutione
1439 1973 1638 2023 autem
1707 1968 1977 2024 adversm

2108 1960 2528 2030 Καππαδοκίας,
2585 1959 2778 2038 γένους
2856 1961 3094 2035 ἐνδόξου,
3152 1964 3334 2036 κότίης
3409 1965 3509 2034 τήν
3584 1965 3760 2037 ἀξίαν.

341 2056 710 2112 Christianos
725 2056 1141 2126 excitata,cum
1173 2055 1261 2110 illi
1278 2055 1487 2112 diebus
1506 2056 1756 2130 singulis
1775 2064 1998 2113 macta-

338 2145 703 2215 rentur,ipse
722 2160 922 2200 coram
947 2150 1199 2216 tyranno
1224 2145 1521 2217 intrepide
1547 2161 1609 2200 se
1627 2145 2003 2215 sistens,eum

336 2237 658 2308 redarguit.
720 2233 946 2301 Idcirco
979 2234 1182 2290 hastili
1214 2236 1276 2290 in
1334 2242 1536 2292 ventre
1568 2254 1907 2308 percussus,
1940 2241 1998 2292 et

333 2330 481 2381 rota)
503 2324 692 2380 acutis
710 2323 975 2395 undique
997 2323 1207 2380 ferreis
1223 2323 1632 2397 circumseptaa
1651 2324 1996 2398 cuspidibus

336 2413 639 2488 alligatus,
670 2430 927 2488 superne
958 2413 1264 2469 exsolutus
1295 2413 1427 2469 fuit.
1475 2415 1699 2471 Deinde
1723 2416 1784 2470 in
1805 2415 1996 2472 frusta

335 2503 876 2570 dissectus,iterum
908 2502 1230 2559 incolumis
1254 2503 1464 2559 evasit:
1490 2511 1668 2576 atque
1691 2504 1993 2578 insperato

338 2594 764 2666 imperatorem
798 2595 1182 2660 conveniens,
1215 2594 1438 2652 multos
1469 2594 1543 2650 ad
1573 2595 1788 2650 Christi
1813 2597 1992 2654 fidem

338 2682 816 2756 amplectendam
857 2681 1113 2742 induxit.
1147 2683 1414 2738 Posthmc
1454 2682 1629 2740 variis
1681 2685 1991 2742 tormentis

333 2775 554 2830 iterum
587 2772 980 2842 excruciatus,
1005 2773 1338 2846 Magnentio
1363 2773 1597 2846 signum
1629 2773 1872 2846 aliquod
1891 2792 1988 2831 ex-

331 2869 639 2936 poscente,
673 2863 864 2922 virum
887 2861 1228 2934 quemdam,
1263 2863 1363 2934 qui
1396 2863 1568 2937 longe
1611 2870 1786 2925 antea
1815 2882 1988 2928 mor-

329 2957 470 3007 tuus
526 2952 740 3021 fuerat,
793 2951 867 3006 ad
914 2950 1093 3008 vitam
1141 2951 1450 3006 revocavit.
1515 2952 1682 3007 Unde
1705 2954 1987 3009 similiter

325 3041 531 3112 plures
554 3041 785 3096 Christo
831 3057 1051 3100 nomen
1093 3039 1407 3110 dederunt,
1465 3041 1622 3102 inter
1666 3059 1818 3113 quos
1871 3043 1986 3099 fuit

325 3129 569 3200 quidam
599 3130 840 3186 nomine
869 3128 1196 3201 Glycerius,
1229 3130 1404 3202 cujus
1434 3137 1739 3188 mortuum
1770 3131 1982 3190 bovem

321 3223 562 3274 sanctus
588 3218 869 3290 Georgius
900 3219 1031 3272 vitm
1056 3217 1400 3273 restituerat
1442 3219 1543 3289 qui
1581 3219 1761 3275 etiam
1790 3223 1981 3292 capite

317 3312 529 3384 plexus
562 3317 672 3368 est.
695 3311 817 3384 Ipsi
849 3327 985 3366 vero
1013 3316 1218 3367 sancto
1243 3312 1650 3384 Georgio,cum
1675 3312 1982 3387 idolapre-
2008 3338 2055 3403 ο

311 3405 482 3461 cibus
513 3404 920 3470 subvertisset,
953 3403 1153 3476 gladio
1211 3411 1391 3476 caput
1419 3410 1793 3477 amputatum
1835 3406 1970 3465 mit.

882 3514 1126 3569 EODEM
1149 3513 1402 3571 MENS‘E.

813 3603 918 3658 Die
947 3602 1234 3658 vicesima
1255 3608 1470 3674 quarta

306 3712 592 3768 Certamen
632 3716 945 3766 sanctorum
973 3715 1286 3834 maris/ram
1333 3711 1633 3766 Pasicratis
1664 3717 1719 3766 et
1763 3713 1969 3768 Valen-

1122 3798 1222 3834 im.

1122 3798 1222 3835 ιηι.

374 3890 658 3960 Martyres
690 3885 905 3943 Christi
937 3885 1270 3941 Pasicrates
1287 3886 1707 3943 etValentinus
1724 3888 1967 3945 fuerunt

303 3998 375 4037 ex
405 3980 639 4035 civitate
663 3977 977 4036 Dorostolo
1000 3977 1061 4033 in
1084 3977 1677 4045 Macedonia,milites
1697 3980 1961 4052 quidem,

303 4073 412 4128 sed
429 4077 632 4128 tamen
652 4069 1168 4127 Christiani.Unde
1184 4087 1316 4126 cum
1340 4069 1611 4130 viderent
1626 4071 1697 4128 ab
1712 4073 1961 4130 idolola-

302 4163 411 4218 tris
441 4161 673 4235 lapides
705 4162 906 4218 animo
940 4165 1213 4216 carentes
1246 4160 1503 4228 adorari,
1537 4160 1659 4217 zelo
1684 4164 1960 4226 commoti

300 4253 498 4325 palam
531 4269 599 4308 ac
629 4251 817 4307 libere
839 4251 1135 4306 Christum
1162 4248 1355 4306 solum
1400 4251 1585 4306 Deum
1615 4267 1767 4318 esse,
1801 4252 1963 4309 idola

297 4358 436 4398 vero
460 4358 556 4397 res
591 4358 720 4397 esse
753 4340 950 4396 omnis
974 4355 1188 4394 sensus
1212 4340 1766 4412 expertes,professi
1800 4349 1956 4398 sunt.

299 4435 727 4508 Comprehensi
761 4433 1034 4507 proinde,
1059 4449 1258 4489 coram
1289 4432 1543 4504 praeside
1566 4433 1803 4490 adducti
1828 4434 1958 4491 fue-

297 4530 476 4580 runt:
511 4523 791 4596 idoloque
824 4522 1118 4594 Apollinis
1145 4523 1231 4577 eis
1263 4521 1630 4586 exhibito,ut
1661 4522 1746 4576 illi
1774 4525 1954 4579 sacri-

299 4612 572 4681 ficarent,
633 4628 880 4666 currens
916 4612 1247 4667 Pasicrates
1293 4611 1355 4664 in
1389 4610 1538 4666 illud
1569 4612 1822 4682 exspuit.
1881 4617 1953 4668 At

2106 2056 2368 2128 Διωγμοῦ
2399 2050 2457 2108 δὲ
2487 2047 2666 2122 ὄντος,
2698 2051 2788 2107 καὶ
2842 2056 2953 2109 τῶν
3007 2054 3346 2127 Χριστιανῶν
3378 2055 3498 2118 καθ’
3527 2052 3762 2126 ἑκάστην

2102 2141 2316 2218 ἡμέραν
2407 2142 2810 2220 φονευομένων,
2877 2141 3040 2204 αὐτὸς
3117 2143 3326 2205 σταθεὶς
3383 2142 3614 2198 ἐνώπιον
3663 2147 3763 2198 τοῦ

2101 2233 2386 2305 τυράννου,
2417 2230 2643 2306 ἤλεγξεν
2678 2230 2860 2287 αὐτόν.
2895 2232 2993 2286 Διὰ
3017 2235 3180 2287 τοῦτο
3215 2231 3351 2305 μετᾶ
3405 2234 3504 2287 τοῦ
3560 2253 3761 2290 κοντα-

2103 2321 2222 2396 ρίου
2249 2321 2349 2390 τήν
2377 2322 2610 2397 γαστέρα
2663 2318 3026 2394 διατέμνεται,
3083 2321 3173 2376 καὶ
3231 2320 3283 2377 ἐν
3342 2324 3533 2398 τροχῷ
3591 2319 3767 2387 δεθεὶς

2100 2412 2361 2475 πάντοθεν
2421 2408 2608 2484 ἔχοντι
2665 2407 2866 2485 σιδηρᾶ
2911 2409 3229 2484 ἠκονημένα
3285 2411 3756 2488 προσηρμοσμένα

2098 2499 2236 2554 κατᾶ
2297 2501 2396 2554 τοῦ
2470 2501 2824 2574 κατωφεροῦς
2908 2498 3178 2571 ἀπελύθη,
3252 2500 3346 2555 καὶ
3430 2501 3761 2566 κατακοπεὶς

2099 2586 2265 2642 πάλιν
2304 2588 2507 2663 ὑγίανε,
2540 2586 2630 2642 καὶ
2672 2587 3024 2664 ἐμφανισθεὶς
3078 2587 3421 2651 ἀνελπίστως
3477 2588 3557 2663 τῷ
3600 2590 3754 2665 βασι-

2099 2675 2208 2747 λεῖ,
2239 2673 2490 2739 πολλοὺς
2521 2673 2701 2731 ἔπεισε
2756 2681 3038 2732 πιστεῦσαι
3085 2681 3166 2750 τῷ
3213 2681 3453 2753 Χριστῷ.
3487 2681 3591 2735 Καὶ
3652 2679 3760 2734 πά-

2097 2765 2184 2823 λιν
2213 2766 2550 2843 τιμωρηθεὶς
2607 2764 2908 2843 διαφόρως,
2965 2770 3065 2822 τοῦ
3123 2767 3465 2846 Μαγνεντίου
3522 2774 3754 2843 σημεῖον

2094 2853 2527 2926 ἐπιζητήσαντος
2562 2897 2578 2925 ,
2635 2852 2898 2924 ἀνέστησε
2953 2857 3141 2930 νεκρὸν
3204 2857 3313 2932 πρὸ
3393 2854 3612 2912 πολλοῦ
3665 2879 3759 2914 τε-

2095 2945 2352 3016 θνηκότα,
2385 2947 2476 3000 καὶ
2502 2943 2668 3000 πάλιν
2727 2944 3049 3002 ἒπίστευσαν
3095 2945 3326 3017 πολλοὶ,
3359 2945 3412 3001 ἐν
3444 2949 3528 3010 οἷς
3552 2946 3619 3016 ἦν
3656 2945 3747 3001 καὶ

2091 3033 2410 3109 Γλυκέριος,
2444 3035 2506 3090 οὗ
2535 3035 2628 3090 τὸν
2658 3035 2786 3110 βοῦν
2834 3035 3065 3091 θανόντα
3123 3037 3150 3091 6
3203 3037 3352 3111 ἅγιος
3382 3035 3625 3112 ἤγειρεν,
3685 3034 3746 3097 6';

2088 3123 2178 3179 καὶ
2206 3124 2637 3195 ἀπεκεφαλίσθη⁶
2663 3123 3036 3199 καταστρέψας
3067 3123 3125 3182 δὶ
3191 3123 3282 3183 διὰ
3311 3125 3626 3200 πρόσευχῄ
3682 3124 3752 3180 τὰ

2087 3211 2312 3286 εἴδωλα,
2347 3213 2486 3291 ξίφει
2515 3215 2616 3282 τήν
2646 3213 2892 3291 κεφαλὴν
2922 3215 3231 3288 ἀπετμήθη.

2634 3540 2818 3604 ΜΗΝΙ
2849 3541 2936 3596 ΤΩ
2965 3539 3166 3599 ΑΥΤΩ.

2839 3626 2958 3684 ΚΔ“.

2146 3726 2412 3796 Ἃθλησις
2443 3727 2552 3780 τῶν
2613 3723 2788 3800 ἁγῇυν
2829 3723 3118 3800 μαρτύρων
3151 3721 3522 3797 Πασικράτους
3571 3722 3662 3776 καὶ

2692 3745 2805 3854 ἓῗλ
2813 3743 3043 3852 Simo:

2146 3904 2214 3962 Οἷ
2266 3908 2364 3960 τοῦ
2423 3906 2661 3981 Χριστοῦ
2721 3905 2990 3980 μάρτυρες
3044 3900 3390 3977 Πασικράτης
3471 3899 3562 3956 καὶ
3620 3901 3732 3958 Βα-

2074 3993 2317 4056 λεντῖνος
2351 3995 2605 4071 ὑπῆρχον
2660 3992 2720 4048 ἐκ
2773 4000 2874 4063 τῆς
2931 3991 3151 4055 πόλεως
3208 3988 3568 4067 Δωροστόλου
3625 3996 3728 4059 τῆς

2073 4079 2483 4154 Καππαδοκίας,
2567 4085 2893 4157 στρατιῶται
2949 4082 3051 4155 Δμὲν
3140 4075 3329 4150 ὄντες,
3415 4077 3733 4153 Χριστιανοὶ

2074 4167 2151 4230 δέ.
2184 4175 2525 4247 Θεωροῦντες
2555 4170 2646 4226 οὗν
2701 4170 2830 4234 τοὺς
2884 4167 3295 4246 είδωλολάτρας
3356 4166 3535 4232 λίθοις
3565 4187 3737 4244 προσ-

2068 4265 2364 4323 κυνοῦντας
2416 4260 2690 4336 ἀψύχοις,
2749 4259 3033 4331 ἐζήλωσαν
3067 4301 3082 4329 ,
3155 4258 3244 4313 καὶ
3303 4255 3584 4334 παρρησίᾳ
3638 4257 3732 4311 τὸν

2067 4351 2298 4424 Χριστὸν
2332 4351 2464 4406 Θεὸν
2499 4351 2632 4406 εἶναι
2669 4349 3048 4426 ὡμαλόγησαν
3110 4349 3297 4422 μόνον,
3355 4346 3423 4402 τὰ
3480 4341 3538 4401 δὲ
3568 4343 3733 4400 εἷ’δω-

2068 4440 2138 4497 λα
2187 4442 2404 4517 ἄψυχον
2460 4439 2623 4513 ὕλην.
2687 4440 3066 4515 Κρατηθέντες
3124 4435 3217 4492 οῦν
3271 4433 3527 4512 ἤχθησαν
3588 4436 3731 4511 πρὸς

2063 4531 2154 4586 τὸν
2215 4530 2503 4605 ἡγεμόνα,
2556 4529 2647 4585 καὶ
2709 4526 3132 4604 ὑποδειχθέντος
3183 4529 3281 4582 τοῦ
3340 4523 3575 4580 εἷδώλου
3632 4528 3731 4578 τοῦ

2065 4617 2448 4690 Ἀπόλλωνος,
2503 4617 2596 4673 ’ίνα
2681 4617 2906 4690 θύσωσι,
2992 4615 3218 4690 δραμὼν
3289 4615 3316 4669 ὁ
3378 4613 3729 4688 Πασικράτης
3809 4639 3818 4648 ε

300 4700 595 4758 accedens
625 4702 725 4758 69
750 4701 824 4755 ad
855 4701 1132 4756 eumdem
1146 4701 1511 4756 Pasicratem
1543 4701 1734 4772 ipsius
1752 4701 1956 4774 frater,

2092 4709 2348 4764 ,vémucsv
2383 4708 2458 4771 είς
2511 4703 2696 4765 αὐτόν.
2732 4708 2833 4766 Καὶ
2889 4705 3210 4780 προσελθὼν
3267 4704 3418 4776 αὐτῷ
3474 4706 3554 4776 τῷ
3611 4708 3727 4767 Πα-

299 4793 399 4865 qui
414 4792 592 4865 paulo
625 4798 763 4848 ante
789 4799 1221 4848 tormentorum
1238 4787 1401 4847 metu
1425 4811 1460 4848 a
1480 4794 1712 4849 Christo
1735 4794 1960 4852 defece-

296 4891 410 4956 rat,
443 4887 497 4941 ei
530 4885 782 4944 suadere
813 4886 1164 4954 conabatur,
1197 4891 1264 4940 ut
1318 4885 1615 4958 adoraret,
1652 4893 1830 4960 atque
1874 4891 1958 4946 ita

300 4984 606 5038 tormenta
637 4980 902 5035 evitaret.
944 4979 1051 5034 Ille
1102 4996 1237 5035 vero
1296 4977 1540 5035 fratrem
1573 4981 1815 5051 repulit,
1849 5000 1956 5040 sua

299 5067 656 5142 cognatione
684 5083 818 5122 eum
854 5065 1164 5139 indignum
1196 5066 1526 5139 appellans.
1557 5067 1954 5143 Interrogatus

295 5157 512 5214 deinde
537 5161 780 5212 sanctus
805 5155 1178 5226 Valentinus,
1213 5155 1420 5211 eadem
1474 5171 1610 5210 cum
1653 5158 1953 5215 Pasicrate

294 5248 517 5304 sentire
549 5263 612 5303 se
643 5245 987 5318 respondit:
1015 5260 1082 5300 ac
1100 5244 1350 5317 proinde
1371 5245 1547 5300 ambo
1571 5261 1951 5304 su-mmacum

291 5338 499 5394 laetitia
527 5336 807 5409 pretiosis
838 5335 1133 5407 capitibus
1191 5335 1349 5407 plexi
1371 5340 1534 5399 sunt,
1567 5353 1704 5392 cum
1735 5343 1794 5392 et
1821 5338 1954 5410 ipsa

288 5426 605 5482 Pasicratis
638 5429 830 5480 mater
860 5439 1126 5495 praasens
1157 5428 1334 5487 esset,
1366 5422 1678 5494 ﬁliumque
1701 5425 1776 5480 ad
1792 5442 1950 5482 emar-

289 5517 513 5584 tyrium
547 5514 826 5571 alacriter
853 5511 1232 5568 subeundum
1259 5511 1698 5572 adhortaretur.

355 5622 421 5679 Et
448 5629 720 5679 certamen
749 5623 929 5678 sancti
958 5620 1229 5702 martyris
1251 5621 1496 5688 Eusebii,
1531 5627 1584 5676 et
1603 5624 1876 5682 sociomm

1036 5708 1176 5762 ejus.

357 5785 497 5846 Post
551 5796 805 5849 mortem
853 5792 1045 5849 sancti
1105 5791 1304 5865 magni
1363 5793 1644 5866 martyris
1687 5795 1942 5872 Georgii,

2071 4800 2312 4876 σικράτει
2342 4801 2369 4854 6
2403 4797 2638 4878 ἀδελφὸς
2696 4799 2882 4870 αὐτοῦ,
2943 4798 2971 4853 6
3028 4797 3135 4870 πρὸ
3193 4798 3396 4872 μικροῦ
3439 4790 3528 4848 διὰ
3559 4787 3732 4872 φόϐον

2065 4890 2159 4946 τὸν
2217 4889 2450 4964 Χριστὸν
2508 4887 2912 4962 ἀρνησάμενος,
2975 4882 3334 4942 συνεϐούλευε
3391 4887 3572 4954 θῦσαι,
3635 4880 3728 4936 καὶ

2068 4976 2462 5053 ἀπαλλαγῆναι
2521 4981 2632 5032 τῶν
2699 4977 2969 5054 βασανων.
3000 4977 3063 5034 Ὁ
3092 4973 3150 5030 δὲ
3174 4973 3434 5029 ἀπώσατο
3465 4969 3726 5047 ἀδελφὸν,

2067 5067 2283 5138 ἀνάξιον
2319 5065 2478 5123 αὐτὸν
2513 5067 2683 5122 εἰπὼν
2707 5073 2810 5137 τῆς
2833 5066 3000 5122 αὐτοῦ
3031 5063 3358 5141 συγγενείας.
3386 5061 3728 5139 Ἐρωτηθὲν-

2061 5179 2157 5220 τος
2189 5155 2247 5212 δὲ
2276 5161 2374 5212 τοῦ
2405 5155 2567 5231 ἁγίου
2597 5154 2956 5226 Βαλεντίνου,
2982 5153 3071 5211 καὶ
3097 5143 3166 5209 τὰ
3196 5151 3365 5226 ὅμοια
3393 5154 3616 5230 φρονεῖν
3641 5153 3725 5222 τῷ

2063 5248 2388 5321 Πασικράτει
2435 5245 2717 5315 εἰπόντος,
2795 5245 3102 5328 ἀμφότεροι
3159 5243 3256 5308 τὰς
3312 5241 3500 5316 τιμίας
3552 5239 3730 5300 αὐτῶν

2060 5336 2300 5416 κεφαλὰς
2329 5337 2619 5413 χαίροντες
2679 5339 3098 5414 ἀπετμήθησαν,
3154 5341 3258 5403 τῆς
3315 5334 3524 5410 μητρὸς
3559 5335 3732 5392 Πασι-

2061 5429 2292 5502 κράτους
2323 5427 2614 5504 παρούσης
2661 5430 2757 5486 καὶ
2815 5427 3348 5504 προθυμοποιούσης
3405 5424 3568 5483 αὐτὸν
3589 5424 3729 5500 πρὸς

2055 5516 2119 5572 τὸ
2156 5516 2476 5592 μαρτύριον.

2128 5635 2229 5688 Καὶ
2263 5634 2496 5707 ἄθλησις
2553 5641 2650 5692 τοῦ
2696 5635 3187 5713 ἁγίουμμάρτ-υρος
3235 5628 3529 5706 Εὗσεϐίου,
3561 5630 3653 5686 καὶ

2579 5714 2680 5779 τῆς
2722 5705 2971 5772 συνοδίας
2991 5705 3191 5768 ἀύτοῦ,

2129 5803 2286 5864 Μετὰ
2314 5803 2579 5878 τελευτήν
2638 5810 2738 5863 τοῦ
2796 5807 2956 5885 ἁγίου
2999 5805 3492 5887 μεγαλομάρτυρος
3544 5809 3727 5878 Γεωρ-
