4108 6424
279 389 391 470 εει

1861 407 2203 476 APRILIS.

3599 425 3719 484 422

291 547 414 623 γίου
504 541 837 621 προσέταξεν
932 547 961 603 ὁ
1018 543 1413 618 Διοκλητιανὸς
1493 549 1591 602 τοῦ
1669 545 1940 603 πανταχοῖ

2066 550 2351 623 praecepit
2381 549 2882 621 Diocletianus,ut
2912 555 3251 627 omnes,qui
3284 554 3508 628 ubique
3534 561 3724 615 terra-

292 631 720 707 εὐρισκομὲνους
806 634 1182 711 Χριστιανοὺς,
1241 636 1330 690 καὶ
1401 633 1640 709 μάλιστα
1692 634 1819 695 τοὺς
1877 630 1947 689 δι’

289 722 451 778 αὐτὸν
510 724 588 784 είς
646 723 895 797 φυλακὰς
953 722 1431 789 ἀποκλεισθέντας,
1464 720 1501 793 ἤ
1559 722 1785 785 θύοντας
1834 728 1951 785 τοῖς

287 809 674 885 ψευδωνύμως
707 818 853 877 θεοῖς
884 812 1253 883 ἀπολυθῆναι,
1298 813 1388 868 καὶ
1421 808 1717 887 διατρίϐειν
1753 811 1807 869 ἐν
1832 819 1953 877 τοῖς

288 908 477 974 ζῶσιν,
508 902 546 973 ἢ
581 904 661 977 μὴ
692 907 858 959 τοῦτο
902 904 1197 967 ποιοῦντας
1257 902 1503 979 ἰσχυρῶς
1540 901 1948 979 βασανίζεσθαι,

284 993 379 1049 καὶ
462 991 779 1049 τελευταῖον
837 996 906 1068 τῇ
987 997 1086 1049 τοῦ
1172 994 1403 1058 θανάτου
1488 994 1948 1069 παραπέμπεσθαι

291 1085 485 1161 ψήφῳ.
519 1081 671 1138 Ἐπεὶ
704 1078 763 1137 δὲ
817 1082 908 1137 καὶ
965 1081 1117 1137 οὗτοι
1178 1084 1231 1137 οἱ
1309 1084 1457 1159 ἅγιοι
1535 1083 1603 1139 τὰ
1653 1081 1801 1159 παρά
1855 1086 1953 1138 τοῦ

296 1171 792 1248 μεγαλομᾶρτυρος
849 1172 1121 1249 Γεωργίου
1178 1172 1446 1248 γεγονότα
1514 1172 1765 1246 θαύματα
1825 1183 1950 1236 θεα-

286 1262 537 1335 σάμενοι,
613 1259 705 1316 καὶ
789 1261 1010 1335 Χριστῷ
1106 1261 1509 1331 πιστεύσαντες,
1571 1260 1649 1325 εἷς
1698 1260 1951 1338 φυλακην

277 1351 743 1422 ἀπεκλείσθησαν·
790 1352 880 1406 καὶ
932 1356 1032 1421 τῆς
1078 1349 1328 1430 φυλακῆς
1358 1350 1694 1425 ἐξελθόντες,
1725 1352 1814 1408 καὶ
1872 1356 1953 1425 τῷ

273 1441 534 1516 τυράννῳ
563 1441 953 1517 παραστάντες,
1009 1441 1382 1516 ἠναγκὰἰζοντο
1440 1441 1775 1515 ἀρνήσασθαι
1846 1441 1945 1513 μὲν

281 1531 375 1586 τὸν
403 1531 672 1604 Χριστὸν,
704 1531 860 1585 οὖσαι
892 1526 951 1585 δὲ
996 1535 1119 1591 τοῖς
1166 1527 1443 1592 εἰδώλοις·
1496 1528 1586 1585 καὶ
1647 1529 1748 1585 οὐκ
1802 1528 1951 1586 ἐπεί-

296 1622 522 1691 σθησαν
582 1623 803 1694 πρῶτον
883 1620 984 1693 μὶν
1034 1620 1411 1696 γυμνωθέντες
1478 1618 1788 1692 ἑξέσθησαν,
1844 1617 1950 1685 ἕως

298 1710 357 1763 αἱ
385 1709 573 1784 σάρκες
603 1707 783 1764 αὐτῶν
828 1708 916 1764 ἐπὶ
972 1710 1072 1779 τὴν
1129 1713 1233 1784 γῆν
1281 1707 1661 1784 κατέρῤευσαν.
1722 1710 1951 1764 Ἔπειτα

296 1800 684 1873 κρεμασθίντες
770 1799 1075 1876 ὲτύφθησαν
1157 1796 1415 1877 ἀφειδῶς,
1476 1797 1675 1873 μέχρις
1738 1798 1801 1852 οὗ
1882 1797 1950 1855 τὰ

2060 657 2190 696 rum
2222 642 2539 698 Christiani
2584 644 3027 713 invenirentur,
3062 662 3129 701 ac
3161 647 3582 717 praesertimii,
3618 649 3720 721 qui

2062 739 2308 806 propter
2337 737 2532 808 ipsum
2565 743 2839 794 sanctum
2872 738 3187 811 Georgium
3228 740 3288 795 in
3320 757 3588 797 carceres
3618 741 3720 797 de-

2064 829 2213 884 trusi
2250 828 2507 894 fuerant,
2542 830 2632 886 vel
2662 831 2832 887 falsis
2859 831 2974 887 diis
3008 832 3433 898 sacriﬁcantes,
3463 850 3494 889 e
3523 835 3723 890 vincu-

2063 916 2138 972 lis
2169 918 2659 985 liberarentur,et
2690 920 3021 976 incolumes
3045 920 3490 977 dimitterentur
3512 923 3721 990 ;aut,si

2062 1006 2124 1061 id
2137 1014 2422 1078 praestare
2439 1010 3138 1077 recusarent,crudeliter
3148 1011 3405 1082 primum
3426 1014 3721 1069 excrucia-

2064 1103 2368 1167 rentur,ac
2389 1098 2632 1155 demum
2653 1100 2863 1156 mortis
2876 1115 3051 1171 pwna
3081 1099 3722 1161 damnarenturJdcir-

2064 1204 2133 1244 co
2165 1187 2226 1243 hi
2258 1189 2448 1246 sancti
2480 1190 2610 1258 viri,
2643 1191 2743 1261 qui
2776 1206 2912 1246 cum
2943 1189 3102 1245 edita
3130 1207 3165 1246 a
3222 1207 3430 1262 magno
3459 1197 3721 1262 martyre

2065 1280 2311 1353 Georgio
2326 1280 2618 1338 miracula
2634 1281 3007 1350 vidissent,et
3029 1282 3092 1336 in
3113 1281 3408 1338 Christum
3430 1282 3717 1341 credidis-

2063 1374 2216 1435 sent,
2244 1370 2308 1425 in
2339 1386 2640 1427 carcerem
2671 1371 2928 1443 conjecti
2985 1371 3243 1438 fuerant,
3300 1371 3439 1427 inde
3472 1372 3715 1445 egressi,

2063 1463 2121 1513 et
2148 1474 2350 1515 coram
2384 1465 2635 1532 tyranno
2660 1460 2924 1527 adducti,
2950 1460 3105 1531 jussi
3122 1465 3265 1516 sunt
3285 1461 3585 1518 Christum
3607 1462 3712 1518 ab-

2060 1563 2301 1621 negare,
2333 1554 2393 1605 et
2421 1549 2598 1606 idolis
2630 1551 2988 1607 sacriﬁcare.
3021 1551 3168 1605 Cum
3199 1566 3337 1606 vero
3361 1567 3482 1607 non
3503 1568 3715 1608 assen-

2063 1639 2302 1706 sissent,
2354 1639 2613 1712 primum
2646 1640 2888 1712 quidem
2938 1639 3247 1709 denudati,
3280 1640 3493 1713 depexi
3554 1647 3715 1710 sunt,

2060 1743 2251 1798 usque
2284 1727 2424 1784 dum
2456 1745 2663 1786 eorum
2695 1745 2904 1785 carnes
2935 1730 2998 1784 in
3030 1729 3279 1785 humum
3322 1729 3669 1787 difﬂuerent
3703 1748 3716 1786 :

2063 1818 2279 1876 deinde
2314 1822 2901 1893 suspensi.atrociter
2920 1821 3211 1877 verberati
3236 1827 3717 1893 sunt,quousque

297 1887 588 1965 σπλάγχνα
615 1889 793 1945 αὐτῶν
827 1888 1022 1962 ἔξωθεν
1078 1887 1438 1966 ἀνεφᾶνησανο
1489 1889 1578 1944 καὶ
1643 1886 1800 1950 τέλος
1851 1888 1940 1951 τὰς

2063 1924 2268 1965 eorum
2300 1910 2586 1967 intestina
2611 1916 3007 1983 apparerent:
3038 1927 3106 1966 ac
3136 1910 3381 1967 demum
3414 1912 3601 1968 sacris
3614 1928 3712 1968 ca-

299 1976 452 2055 ἱερὰς
479 1978 654 2035 αὐτῶν
690 1979 932 2057 κεφαλὰς
964 1980 1383 2054 ἀπετμήθησαν.

400 2103 500 2160 Καὶ
572 2106 768 2178 μνήμη
814 2110 914 2175 τῆς
968 2101 1121 2166 ὁσίας
1178 2099 1462 2160 Ἐλισάϐετ
1491 2108 1593 2173 τῆς
1625 2113 1839 2177 θαυμα-

985 2179 1241 2253 τουργοῦ.

347 2316 414 2372 Ἦ
475 2314 602 2371 ὁσία
655 2314 746 2371 καὶ
830 2315 1248 2391 θαυματουργὸς
1309 2309 1617 2385 Ἐλισάϐετ,
1703 2314 1764 2369 ἑκ
1819 2313 1947 2390 βρὲ-

280 2426 423 2467 οους
453 2408 568 2460 τῶν
600 2404 766 2479 ἁγίων
808 2404 1063 2480 Πατάρων
1115 2409 1235 2466 ταῖς
1286 2400 1664 2466 διδασκαλίαις
1709 2425 1944 2459 κατακο-

279 2492 632 2564 λουθήσασα,
693 2499 813 2558 τοῖς
870 2491 929 2548 δὲ
975 2498 1078 2560 τῆς
1137 2494 1418 2565 ἀσκήσεως
1492 2489 1683 2556 πόνοις
1749 2495 1943 2563 ἑαυτὴν

278 2580 565 2652 ἆξὲδωιιενι
623 2579 675 2651 ἐξ
738 2581 800 2635 οὗ
848 2582 937 2636 καὶ
1006 2581 1171 2657 χάριν
1232 2576 1477 2637 λαϐοῦσα
1530 2584 1640 2636 τῶν
1674 2579 1943 2654 ἰαμάτων,

278 2675 520 2727 παντοῖα
562 2670 844 2746 θεραπεύει
900 2673 1212 2744 νοσήματα.
1254 2671 1390 2747 Εἶχε
1458 2669 1515 2727 δὲ
1545 2672 1946 2744 κατορθώματα

279 2760 496 2817 πολλά·
528 2765 774 2836 πτωχῶν
801 2763 901 2836 γὰρ
934 2759 1260 2835 προίπατο,
1295 2762 1498 2836 χήραις
1561 2757 1790 2832 ἐϐοήθη,
1851 2763 1943 2835 ὀρ-

281 2856 479 2928 φανοῖς
537 2849 874 2925 ἐπεχορήγει
929 2851 1159 2928 τροφὰς,
1245 2846 1642 2923 ἀδικουμένους
1702 2849 1761 2905 ἐκ
1831 2854 1939 2905 τῶν

278 2938 621 2995 ἀδικούντων
653 2937 849 3001 αὐτοὺς
878 2937 1118 3015 ἐρῥύετο.
1151 2940 1251 2996 Ἦν
1312 2936 1370 2993 δὲ
1425 2938 1599 2994 πάντα
1651 2940 1746 2994 τὸν
1804 2940 1944 3015 χρό-

280 3050 371 3084 νον
411 3030 751 3104 μονοχίτων,
780 3026 1281 3104 ταλαιπωρουμὲνη
1317 3027 1422 3083 ὑπὸ
1450 3030 1547 3083 τοῦ
1609 3028 1831 3104 κρύους,
1896 3026 1946 3083 εἴ

277 3118 368 3173 καὶ
419 3124 496 3191 τῷ
554 3117 684 3191 θείῳ
741 3117 1006 3173 ἐθάλπετο
1066 3117 1363 3192 ῐινεύματι·
1416 3118 1480 3173 τὸ
1535 3115 1593 3173 δὲ
1649 3122 1811 3191 σῶμα
1853 3115 1944 3172 διὰ

272 3209 477 3271 παντὸς
503 3207 605 3263 τοῦ
642 3207 767 3283 βίου
800 3206 971 3277 αὐτῆς
999 3204 1151 3262 ὕδατι
1185 3205 1284 3262 οὐκ
1314 3203 1560 3263 ἔπλυνεν·
1618 3205 1767 3262 ἀλλὰ
1824 3208 1935 3278 καὶ,

271 3298 348 3361 ὡς
383 3300 411 3355 ὁ
447 3300 619 3372 μέγας
653 3298 883 3366 Μωσῆς,
918 3298 1322 3372 τεσσαράκοντα
1366 3293 1576 3372 ἡμέρας
1632 3296 1935 3368 ἐνήστευσε,

276 3388 354 3459 μὴ
411 3384 722 3463 γευσαμένη
776 3385 841 3440 τὸ
926 3382 1180 3440 σύνολον·
1238 3384 1328 3439 καὶ
1388 3383 1476 3439 ἐπὶ
1542 3384 1717 3455 τρισὶν
1772 3383 1937 3456 ἓτεσι,

270 3480 392 3537 τοῖς
438 3476 533 3548 μὶν
583 3479 809 3545 νοητοῖς
870 3472 1186 3551 ὀφθαλμοῖς
1240 3474 1332 3528 τὸν
1397 3473 1449 3529 ἐν
1494 3475 1751 3548 οὐρανοῖς
1807 3474 1934 3529 Θεὸν

273 3558 496 3631 ἕὸλεπε,
524 3570 641 3626 τοῖς
670 3561 727 3618 δὲ
784 3568 1132 3637 σωματικοῖς
1188 3565 1279 3618 τὸν
1342 3563 1568 3632 οὐρανὸν
1627 3563 1726 3618 οὐκ
1780 3561 1924 3618 ἐθεά-

278 3672 439 3707 σατο.
469 3652 666 3726 Ἄρτου
698 3651 758 3706 ού
827 3646 1145 3725 μετέλαϐεν
1208 3650 1395 3706 ἐλαίου
1446 3652 1581 3706 ποτε
1630 3650 1729 3706 οὐκ
1784 3649 1935 3726 ἐγεύ-

280 3760 440 3795 σατο.
474 3738 625 3794 Οὕτω
664 3737 715 3795 δὲ
748 3741 998 3816 βιώσασα
1023 3740 1115 3795 καὶ
1161 3743 1331 3814 μυρία
1385 3743 1936 3816 θαυματουργήσασα,

270 3827 567 3899 ἐτελείωθη
604 3828 657 3885 ἕν
689 3829 901 3906 Κυρίῳ.

853 4060 1004 4115 ΜΒΝ
1013 4061 1034 4113 Ι
1060 4060 1145 4111 ΤΩ
1166 4056 1366 4116 ΔΥΤΩ.

1041 4167 1145 4223 ΚΕ

337 4278 625 4353 υΑθλησις
646 4283 748 4337 τοῦ
806 4278 969 4355 ἁγίου
986 4278 1313 4411 ἐιᾶοστόλου
1356 4276 1449 4335 καί
1481 4277 1868 4356 εύαγγελιστου

1080 4371 1235 4411 ρκου.

1080 4371 1235 4426 ρκου.

346 4492 579 4568 Μάρκος
647 4492 676 4547 ὁ
732 4494 831 4549 τοῦ
886 4492 1126 4568 Χριστοῦ
1184 4494 1331 4555 θεῖος
1413 4487 1741 4559 ἆποστολος,
1806 4492 1943 4565 μετὰ

267 4582 371 4650 τὴν
409 4581 689 4655 ἀνάληψιν
713 4585 812 4638 τοῦ
866 4578 1067 4656 Κυρίου
1102 4581 1265 4652 ἡμῶν
1326 4581 1508 4649 Ἰησοῦ
1566 4582 1828 4655 Χριστοῦ,
1888 4579 1942 4636 ἐν

2057 1998 2281 2069 pitibus
2308 1999 2645 2056 obtruncati
2668 2000 2929 2056 fuerunt.

2132 2122 2231 2177 πο
2256 2124 2331 2179 Et
2361 2124 2629 2179 memoria
2654 2129 2860 2178 sancta
2897 2121 3138 2177 Elisabet
3191 2120 3634 2193 Thaumaturgz.

2128 2336 2345 2392 Sancta
2374 2340 2432 2391 et
2452 2335 2872 2409 thaumaturga
2902 2335 3165 2391 Elisabet
3194 2335 3266 2392 ab
3297 2336 3427 2408 ipsa.
3456 2336 3712 2394 infantia

2057 2432 2400 2482 sanctorum
2457 2427 2700 2482 Patrum
2759 2424 3049 2482 doctrinis
3106 2424 3410 2493 obsecuta,
3449 2426 3709 2498 seipsam

2054 2515 2349 2589 religiosae
2382 2516 2826 2572 exercitationis
2866 2515 3172 2571 laboribus
3235 2515 3482 2573 addixit.
3542 2516 3707 2573 Unde

2054 2605 2305 2678 gratiam
2334 2605 2711 2662 curationum
2762 2604 2997 2677 adepta,
3031 2606 3445 2677 cujuscunque
3471 2606 3709 2677 generis

2054 2698 2291 2750 morbos
2323 2694 2775 2751 sanabatPlura
2803 2700 3003 2750 autem
3029 2694 3148 2750 alia
3178 2694 3461 2766 preaclare
3484 2695 3667 2767 gessit
3694 2711 3708 2750 :

2052 2785 2415 2859 pauperibus
2446 2786 2608 2841 enim
2638 2790 2857 2857 praesto
2882 2786 2997 2841 fuit
3025 2802 3037 2840 :
3069 2786 3277 2841 viduas
3314 2786 3577 2857 adjuvit:
3612 2803 3709 2840 or-

2052 2876 2266 2947 phanis
2298 2876 2585 2931 alimenta
2612 2874 3129 2932 subministravit:
3163 2892 3265 2931 eos
3303 2875 3404 2945 qui
3454 2875 3710 2947 injurias

2051 2964 2451 3037 patiebantur,
2501 2964 2571 3020 ab
2617 2981 2824 3021 eorum
2881 2962 3339 3036 oppressoribus
3410 2964 3704 3021 liberavit.

2051 3056 2265 3121 Quovis
2295 3056 2475 3112 etiam
2506 3055 2646 3111 anni
2707 3060 2973 3127 tempore
3031 3070 3151 3109 una
3209 3053 3499 3108 duntaxat
3546 3059 3709 3108 veste

2051 3145 2281 3213 induta,
2305 3144 2540 3219 frigoris
2572 3145 2827 3218 rigorem
2851 3143 3156 3210 sustinuit,
3210 3142 3317 3198 etsi
3352 3141 3550 3198 divino
3574 3142 3706 3214 Spi-

2049 3234 2169 3289 ritu
2223 3234 2507 3290 fervebat.
2568 3236 2709 3289 Toto
2768 3234 2902 3289 vita:
2980 3232 3170 3305 spatio
3236 3248 3452 3304 corpus
3530 3248 3705 3287 suum

2052 3339 2209 3394 aqua
2229 3340 2537 3395 nunquam
2557 3322 2781 3379 abluit:
2814 3327 2984 3389 ac,ut
3014 3321 3157 3375 olim
3190 3336 3440 3392 magnus
3472 3320 3702 3391 Moyses

2046 3412 2688 3485 fecerat,quadraginta
2717 3406 2924 3466 diebus
2947 3410 3235 3482 jejunans
3257 3408 3329 3464 ab
3353 3409 3513 3463 omni
3530 3426 3704 3480 pror-

2049 3519 2149 3558 sus
2169 3503 2299 3557 cibo
2329 3502 2635 3557 abstinuit.
2669 3502 2870 3556 Trium
2919 3516 3217 3556 annorum
3236 3499 3491 3554 decursu
3515 3498 3704 3554 Deum

2048 3591 2288 3663 quidem
2322 3592 2542 3647 mentis
2564 3591 2691 3647 acie
2720 3591 2779 3645 in
2804 3590 2950 3645 cmlo
3011 3589 3228 3644 intuita
3258 3593 3365 3656 est,
3427 3589 3697 3660 corporis

2047 3698 2185 3736 vero
2218 3682 2408 3737 oculis
2439 3680 2649 3737 caelum
2679 3697 2801 3735 non
2823 3679 3070 3751 aspexit.
3096 3681 3256 3734 Pane
3284 3695 3404 3733 non
3426 3677 3700 3733 vesceba-

2048 3776 2143 3826 tur
2168 3770 2519 3842 :aliquando
2536 3770 2715 3825 etiam
2747 3784 2821 3825 ne
2849 3769 3049 3824 oleum
3072 3767 3313 3840 quidem
3328 3766 3698 3845 degustabat.

2045 3862 2191 3917 Cum
2221 3866 2419 3916 autem
2454 3861 2537 3917 sic
2565 3860 2903 3925 vixisset,ac
2932 3860 3251 3914 innumera
3272 3855 3561 3913 miracula
3581 3856 3706 3912 edi-

2045 3948 2249 4020 disset,
2286 3950 2649 4007 obdormivit
2682 3950 2743 4004 in
2780 3949 3051 4005 Domino.

2605 4074 2847 4131 EODEM
2887 4073 3140 4129 MENSE.

2555 4183 2656 4238 Die
2678 4182 2962 4238 vicesima
2992 4182 3203 4253 quinta

2154 4378 2434 4435 Certamen
2457 4380 2635 4434 sancti
2663 4379 2899 4450 apostoli
2930 4384 2981 4431 et
3011 4374 3353 4447 evangelista
3394 4375 3588 4430 Marci.

2116 4500 2603 4567 Marcus,divinus
2637 4500 2849 4554 Christi
2881 4496 3211 4571 apostolus,
3241 4500 3377 4569 post
3398 4494 3698 4551 ascensio-

2044 4605 2184 4645 nem
2214 4590 2451 4646 Domini
2482 4588 2669 4644 nostri
2699 4590 2835 4645 Jesu
2891 4586 3131 4654 Christi,
3192 4586 3252 4641 in
3284 4590 3407 4641 tota
3434 4586 3699 4658 Egypto,

268 4672 517 4745 πασῃτῇ
559 4670 837 4746 Αἰγύπτῳ,
894 4669 986 4725 καὶ
1046 4665 1251 4744 Λιϐύῃ,
1304 4668 1393 4723 καὶ
1426 4669 1782 4741 Πενταπόλει,
1843 4670 1930 4726 ἐπὶ

2055 4677 2244 4749 Libya,
2279 4683 2338 4733 et
2378 4678 2712 4750 Pentapoli,
2768 4678 3102 4749 imperante
3154 4675 3384 4731 Tiberio
3447 4673 3701 4739 Caesare,

266 4766 371 4830 τῆς
410 4758 692 4835 βασιλείας
748 4754 1005 4835 Τιϐερίου
1039 4757 1330 4833 Καίσαρος,
1386 4757 1477 4812 τὸν
1538 4762 1635 4814 τοῦ
1693 4762 1935 4834 Χριστοῦ

271 4848 720 4925 ἓκήρυξελλόγον,
774 4849 1155 4925 Συνεγράψατο
1216 4843 1273 4901 δὲ
1327 4846 1419 4901 καὶ
1475 4846 1537 4901 τὸ
1594 4848 1711 4903 κατ’
1770 4849 1931 4905 αὐτὸν

276 4939 436 5014 ἅγιον
463 4939 823 5016 Εύαγγέλιον,
884 4939 1092 5012 ῐιέτρου
1146 4940 1243 4991 τοῦ
1299 4936 1597 5014 κορυφαίου
1624 4942 1733 4994 τῶν
1793 4941 1935 4995 ἀπο-

274 5024 489 5082 στόλων
538 5026 943 5104 ἐξηγησαμένου
999 5025 1170 5098 αὐτῷ.
1229 5027 1648 5101 Χειροτονηθεὶς
1703 5025 1760 5083 δὲ
1812 5028 1935 5084 ἐπί-

272 5137 477 5179 σκοπος
564 5114 992 5192 Ἀλεξανδρείας,
1049 5114 1270 5189 ἐκόσμει
1356 5114 1454 5177 τὰς
1538 5120 1639 5171 τοῦ
1691 5121 1933 5194 Χριστοῦ

264 5206 624 5278 Ἐκκλησίας,
710 5210 1050 5283 χειροτονῶν
1127 5205 1465 5261 ἐπισκόπους
1552 5207 1689 5262 κατὰ
1756 5214 1930 5264 πᾶσαν

264 5297 538 5374 ἐπαρχίαν
619 5296 923 5373 Αίγύπτου,
985 5295 1076 5350 καὶ
1135 5294 1373 5368 αὐξάνων
1433 5294 1526 5348 τὸν
1588 5292 1755 5371 λόγον
1828 5305 1931 5368 τῆς

260 5387 523 5445 πίστεως.
589 5388 678 5444 Ἑν
750 5388 851 5459 μιᾷ
908 5381 967 5440 δὲ
1008 5388 1118 5439 τῶν
1175 5386 1403 5459 ἡμερῶν
1456 5380 1724 5440 διδάσκων
1785 5392 1933 5463 παρὰ

255 5480 360 5548 τήν
448 5476 749 5545 θάλασσαν,
824 5469 1194 5545 ἐπεϐουλεύθη
1283 5473 1432 5547 παρά
1486 5478 1599 5529 τῶν
1684 5474 1925 5534 εἲδωλου

260 5566 505 5640 λατρῶν,
565 5568 657 5623 καὶ
717 5563 993 5640 σχοινίοις
1052 5560 1225 5625 δεθεὶς
1285 5561 1527 5635 ἐσύρετο.
1581 5565 1773 5621 Καῖαἱ
1835 5569 1932 5641 μὲν

258 5664 448 5736 σάρκες
514 5658 682 5715 αὐτοῦ
742 5652 951 5731 [λίθοις
1025 5651 1474 5729 κατερῥάγησανΓ
1531 5654 1594 5709 τὸ
1676 5652 1734 5710 δὲ
1791 5657 1930 5731 αἷμα

254 5749 415 5807 αὐτοῦ
444 5744 755 5825 κατέϐρεχε
794 5745 894 5814 τὴν
946 5750 1073 5820 γῆν,
1129 5740 1263 5801 Εἶτα
1298 5740 1494 5821 ἐρῥίφῃ
1557 5743 1612 5799 ἐν
1674 5744 1921 5823 φυλακῇο

2044 4767 2288 4823 verbum
2312 4767 2524 4823 Christi
2556 4766 3176 4840 prmdicavitﬁcripsit
3197 4765 3375 4820 etiam
3399 4767 3700 4831 sanctum,

2044 4857 2204 4929 quod
2230 4858 2358 4929 ejus
2379 4874 2601 4912 nomen
2626 4855 3296 4929 prmfert,Evangelium,
3320 4856 3494 4909 Petro
3527 4868 3704 4923 apos-

2044 4946 2300 5002 tolorum
2332 4947 2601 5019 principe
2631 4946 2782 5001 illud
2823 4947 2875 5001 ei
2909 4946 3189 5001 dictante.
3217 4943 3538 5000 Ordinatus
3563 4957 3698 4997 vero

2042 5036 2417 5093 Alexandria)
2450 5037 2784 5109 episcopus,
2827 5037 3046 5092 Christi
3104 5035 3399 5092 Ecclesias
3447 5033 3707 5101 ornavit,

2043 5128 2417 5183 constituens
2454 5144 2561 5199 per
2581 5128 2919 5183 universam
2943 5127 3170 5199 Egypti
3196 5124 3561 5197 provinciam
3582 5121 3703 5193 epi-

2044 5234 2276 5288 scopos,
2337 5223 2397 5272 et
2436 5216 2575 5272 fidei
2626 5217 2871 5272 verbum
2930 5232 3287 5288 propagans.
3321 5218 3465 5268 Cum
3502 5216 3703 5265 autem

2044 5307 2301 5378 quadam
2328 5307 2423 5362 die
2445 5307 2617 5379 juxta
2642 5324 2804 5363 mare
2836 5306 3089 5379 populos
3114 5298 3704 5361 edoceret.insidiose

2042 5395 2116 5451 ab
2142 5395 2440 5451 idolorum
2464 5397 2795 5452 cultoribus
2828 5397 3128 5457 detentus,
3180 5400 3239 5449 et
3266 5389 3510 5446 funibus
3555 5405 3699 5443 con—

2043 5484 2306 5553 strictus,
2341 5491 2607 5557 raptatus
2640 5485 2787 5541 adeo
2812 5486 2943 5552 fuit,
2995 5490 3062 5539 ut
3109 5496 3317 5539 carnes
3376 5478 3506 5549 ejus
3538 5476 3697 5532 saxis

2041 5574 2214 5629 illisa:
2235 5574 2734 5643 lacerarentur,et
2749 5576 2989 5648 sanguis
3005 5574 3135 5645 ejus
3154 5578 3388 5626 terram.
3405 5565 3698 5637 irrigaret;

2040 5663 2346 5735 conjectus
2368 5664 2581 5721 deinde
2604 5665 2716 5721 fuit
2737 5666 2798 5719 in
2820 5664 3143 5731 carcerem,
3167 5661 3255 5714 71
3286 5655 3389 5712 ubi
3413 5652 3701 5711 Dominus

2038 5752 2126 5808 illi
2140 5754 2749 5825 apparens,caalorum
2774 5764 3025 5825 regnum
3041 5749 3094 5804 ei
3113 5743 3702 5821 promisit.Sequenti
