4108 6460
395 409 516 468 493

1717 399 2151 465 MENOLOGII
2194 402 2395 468 PARS
2437 406 2544 470 Ill.

3689 415 3814 476 ι24

399 542 494 599 die
527 557 558 597 e
589 556 826 598 carcere
859 538 1312 610 eductus,atque
1342 536 1561 594 iterum
1580 537 2018 610 raptatus,spiri

2169 535 2292 594 ἔνθα
2368 541 2554 620 φανεὶς
2618 541 2766 616 αὐτῷ
2821 543 2850 598 6
2911 543 3136 622 Κύριος,
3200 545 3477 622 βασιλείαν
3541 547 3817 626 ὑπέσχετο

393 637 521 690 tum
554 635 672 688 Deo
703 630 980 686 reddidit.

567 848 641 902 Et
663 851 939 902 certamen
969 846 1148 901 sancti
1201 845 1464 914 martyris
1503 842 1660 899 Saba
1691 839 1866 897 ducis.

460 1023 640 1081 Sabas
670 1023 886 1080 Christi
919 1023 1505 1094 martyr,imperante
1529 1019 1854 1076 Aureliano
1876 1018 2045 1074 ducis

390 1115 652 1171 militum
681 1130 929 1170 munere
959 1114 1023 1168 in
1053 1113 1200 1169 urbe
1230 1115 1417 1168 Roma
1470 1111 1853 1184 fungebatur.
1899 1111 2044 1166 Cum

383 1210 583 1261 autem
613 1221 830 1277 genere
864 1203 1107 1276 quidem
1139 1203 1389 1259 Gotthus
1403 1201 1877 1274 esset,religione
1903 1216 2041 1256 vero

385 1293 778 1362 Christianus,
801 1298 1040 1348 sanctos
1069 1292 1294 1347 carceri
1317 1290 1584 1347 inclusos
1613 1290 1892 1354 invisere,
1927 1288 2044 1343 eis-

385 1399 501 1455 que
525 1382 804 1439 famulari
835 1379 1334 1437 consueverat.0b
1367 1379 1613 1435 illibatae
1638 1379 1886 1448 insuper
1911 1376 2042 1431 vita

382 1475 679 1535 tenorem,
709 1486 778 1526 ac
800 1468 1111 1542 religiosas
1143 1467 1621 1534 exercitationes,
1653 1481 1724 1520 ex
1781 1462 2042 1519 obsessis

380 1559 696 1615 hominum
727 1557 1076 1631 corporibus
1095 1557 1286 1613 malos
1305 1556 1550 1628 spiritus
1565 1551 2040 1626 ejiciebat.Dela-

381 1651 476 1703 tus
508 1653 706 1704 autem
739 1652 798 1704 et
826 1647 1502 1720 comprehensus,atque
1525 1643 2038 1715 adimperatorem

378 1736 692 1808 adductus,
745 1736 1013 1791 balteum
1082 1735 1428 1802 militarem,
1492 1750 1610 1805 quo
1667 1731 2038 1804 cingebatur,

377 1843 580 1883 coram
611 1842 678 1882 eo
710 1825 1051 1897 projecit,et
1083 1824 1388 1880 Christum
1417 1823 1729 1879 confessus
1762 1825 1869 1875 est.
1895 1820 2033 1875 Sus-

2164 631 2430 708 ούρανῶνο
2465 632 2555 687 καὶ
2588 632 2674 688 ἐπὶ
2706 636 2775 708 τῇ
2828 631 3014 708 αὔριον
3048 632 3298 714 φυλακῆς
3356 632 3665 713 ἐκϐληθεὶς,
3723 639 3817 694 καὶ

2161 721 2484 797 συρόμενος,
2505 726 2587 795 τῷ
2627 727 2742 795 Θεῷ
2770 723 2834 779 τὸ
2872 727 3087 798 πνεῦμα
3116 723 3450 802 παρέδωκεν.

2264 829 2371 887 Καὶ
2439 827 2672 903 ἄθλησις
2726 835 2824 887 τοῦ
2876 831 3049 908 ἁγίουΔ
3092 831 3394 908 μάρτυρος,
3427 829 3578 890 Σάϐα
3603 837 3702 890 τοῦ

2775 901 3175 980 στρατηλάτουξ

2225 1004 2406 1074 Σάϐας
2441 1011 2470 1066 6
2499 1015 2597 1067 τοῦ
2627 1013 2860 1086 Χριστοῦ
2891 1013 3097 1090 μάρτυς
3125 1014 3194 1084 ἦν
3226 1011 3314 1070 ἐπὶ
3359 1020 3461 1085 τῆς
3528 1011 3815 1091 βασιλείας

2150 1097 2534 1176 Δύρηλιανοῦ,
2587 1102 2689 1170 τὴν
2739 1105 2834 1157 τοῦ
2893 1102 3271 1177 στρατηλάτου
3329 1102 3544 1179 ἐπέχων
3601 1103 3810 1178 ἀρχὴν,

2150 1187 2207 1245 έν
2232 1194 2512 1266 Ῥώμῃτῇ
2557 1189 2741 1250 πόλει.
2803 1193 3049 1267 Ὑπῆρχε
3098 1195 3193 1267 μὲν
3245 1193 3309 1249 τὸ
3364 1195 3519 1271 γένος
3575 1193 3807 1258 Γύτθος.

2151 1283 2473 1356 Χριστιανὸς
2531 1279 2590 1338 δὲ
2651 1279 2750 1355 ὢν,
2816 1282 3172 1340 ἐπεσκέπτετο
3228 1283 3357 1348 τοὺς
3407 1283 3460 1341 έν
3535 1283 3814 1364 φυλακαῖς

2151 1370 2360 1447 ἁγίους,
2392 1371 2483 1428 καὶ
2511 1371 2851 1448 ἐθεράπευενο
2913 1372 3062 1430 ἀλλά
3115 1374 3206 1429 καὶ
3267 1373 3395 1450 βίου
3447 1373 3808 1449 καθαρότητι,

2146 1461 2237 1516 καὶ
2268 1461 2494 1533 ἀσκήσει
2541 1461 2609 1517 τὰ
2670 1463 2885 1536 πονηρά
2940 1462 3048 1518 ἀπὸ
3101 1467 3210 1519 τῶν
3267 1464 3568 1539 ἀνθρώπων
3603 1461 3810 1539 έφυγά-

2148 1550 2267 1609 δευε
2312 1553 2617 1627 πνεύματα.
2675 1547 3006 1624 Διαϐληθεὶς
3066 1551 3124 1610 δὲ
3180 1554 3454 1630 ἐκρατήθη
3495 1555 3585 1610 καὶ
3641 1552 3801 1631 ἤχθη

2146 1644 2285 1720 πρὸς
2335 1644 2426 1699 τὸν
2460 1641 2732 1720 .βασιλέα.
2793 1643 2892 1699 Καὶ
2941 1642 3243 1717 ἔμπροσθεν
3279 1643 3446 1700 αὐτοῦ
3479 1643 3640 1722 ῥίψας
3697 1645 3805 1714 τὴν

2147 1731 2534 1810 περικειμένην
2591 1731 2740 1804 αὐτῷ
2800 1733 3002 1804 ζων-ὴν,
3061 1733 3517 1806 ὡμολόγησιτὸν
3546 1733 3803 1809 Χριστόν.

2149 1822 2483 1899 Κρεμασθεὶς
2543 1820 2634 1877 οῦν
2694 1821 2906 1893 ἐξέσθη,
2953 1821 3043 1877 καὶ
3104 1821 3383 1897 λαμπάσιν
3434 1822 3587 1894 ἐκᾷη·
3616 1821 3668 1897 ἐξ
3719 1824 3796 1879 ὧν

376 1931 600 1987 pensus
631 1914 810 1986 igitur
832 1913 966 1980 fuit,
998 1918 1057 1968 et
1086 1912 1434 1980 dilaniatus,
1461 1917 1521 1968 et
1543 1911 1776 1967 facibus
1805 1909 2026 1966 ustula-

2145 1897 2467 1989 παραδόξως
2526 1910 2739 1980 σωθεῖς,
2801 1909 3001 1986 ἄνδρας
3053 1907 3435 1986 ἑϐδομήκοντα
3503 1913 3643 1987 πρὸς
3696 1913 3800 1982 τήν

374 2007 492 2058 tus.
525 2003 606 2057 Ex
637 2001 854 2072 quibus
886 2002 1203 2058 tormentis
1234 2016 1371 2056 cum
1408 2000 1765 2056 miraculose
1824 2014 2031 2071 sospes

374 2096 552 2162 atque
578 2090 898 2145 incolumis
938 2091 1244 2158 evasisset,
1305 2091 1467 2146 viros
1527 2088 1906 2162 septuaginta
1956 2086 2031 2143 ad

373 2180 591 2236 Christi
623 2179 801 2234 ﬁdem
831 2179 1107 2244 evocavit,
1152 2179 1253 2250 qui
1285 2195 1496 2234 omnes
1527 2178 1688 2234 illico
1711 2177 1903 2249 capite
1925 2175 2028 2231 ob-

375 2268 635 2324 truncati
667 2269 929 2324 fuerunt.
963 2268 1232 2323 Posthaac
1284 2268 1345 2323 in
1397 2284 1696 2323 carcerem
1720 2267 2028 2336 conjectus

375 2364 484 2424 est,
517 2359 617 2414 ubi
647 2374 784 2414 cum
814 2358 1083 2412 Christus
1136 2357 1225 2411 illi
1268 2357 1664 2428 apparuisset,
1698 2357 1870 2428 longe
1893 2356 2028 2427 plus

369 2449 603 2504 roboris
626 2448 678 2504 ei
709 2447 1292 2504 concessit.Eductus
1323 2446 1561 2502 daemon
1583 2463 1613 2502 e
1637 2446 2029 2518 carcerejus-

371 2553 591 2608 susque
622 2537 918 2592 Christum
948 2536 1242 2608 abnegare
1294 2553 1361 2591 ac
1429 2536 1605 2591 idolis
1664 2535 2024 2604 sacriﬁcare,

373 2645 510 2686 cum
541 2629 602 2684 id
632 2629 827 2684 facere
887 2627 1098 2694 nollet,
1149 2643 1385 2683 sacrum
1435 2627 1568 2699 ejus
1623 2632 1802 2699 caput
1827 2625 2024 2698 gladio

376 2718 708 2774 abscissum
737 2717 870 2774 fuit.

923 2807 1164 2863 EODEM
1215 2805 1467 2861 MENSE.

903 2896 1006 2952 Die
1032 2895 1312 2951 vicesima
1348 2900 1514 2951 sexta

375 3006 475 3063 72
503 3005 786 3061 Certamen
823 3006 1158 3131 sacrosarﬁti
1213 3003 1483 3073 martyris
1539 3001 1749 3059 Basilei
1779 3000 2024 3074 episcopi

1113 3091 1308 3131 massa:

1113 3091 1308 3132 massa:

437 3185 865 3241 Sacrosanctus
902 3189 1128 3255 martyr
1186 3183 1475 3253 Basileus,
1509 3183 1841 3254 imperante
1874 3182 2019 3238 Lici-

2143 2000 2220 2063 εἷς
2278 2002 2510 2077 Χριστὸν
2568 2000 2748 2056 πίστιν
2805 1999 3190 2072 ἐξεκαλέσατο,
3221 2001 3422 2064 οἵτινες
3484 2000 3797 2078 παραυτίκα

2139 2092 2234 2154 τὰς
2318 2089 2557 2169 κεφαλὰς
2631 2090 3024 2162 ἀπετμήθησαν
3052 2134 3065 2148 .
3144 2090 3278 2148 Εἶτα
3355 2089 3630 2168 παρεδόθη
3719 2094 3791 2166 τῇ

2141 2179 2385 2260 φυλακῇ,
2433 2176 2558 2244 ἔνθα
2605 2181 2692 2235 καὶ
2748 2177 3025 2255 ἐπιφανεὶς
3081 2179 3226 2253 αύτῷ
3276 2181 3305 2235 6
3361 2182 3592 2256 Xpic~r6c
3626 2179 3788 2255 ἰσχὺν

2141 2270 2436 2347 ἐχαρίσατο
2459 2268 2708 2326 πλείονα’
2739 2270 2828 2325 καὶ
2881 2277 2981 2339 τῆς
3043 2267 3292 2348 φυλακῆς
3323 2265 3632 2342 ἐκϐληθεὶς,
3699 2269 3791 2324 καὶ

2139 2363 2288 2423 αὗθις
2343 2358 2798 2434 καταναγκασθεές
2856 2360 3186 2435 ἀρνήσασθαι
3244 2361 3336 2415 τὸν
3397 2359 3652 2435 Χριστὸν,
3695 2359 3787 2414 καὶ

2139 2455 2296 2508 θῦσαι
2321 2457 2440 2516 τοῖς
2468 2448 2749 2519 εἰδώλοις,
2779 2448 2871 2506 καί
2903 2450 2981 2523 μὴ
3040 2449 3298 2524 πεισθεὶς,
3341 2449 3476 2528 ξίφει
3507 2451 3607 2518 τὴν
3637 2448 3787 2526 ἱερὰν

2136 2543 2302 2599 αὐτοῦ
2331 2540 2573 2614 κεφαλὴν
2603 2541 2893 2615 ἀπετμήθη
2905 2586 2916 2598 .

2697 2825 2881 2882 MHNI
2908 2826 2995 2881 ΤΩ
3027 2825 3224 2882 ΑΥΤΩ.

2884 2912 2999 2981 KC’.

2133 3005 2405 3078 Ἀθλησις
2430 3008 2528 3060 τοῦ
2558 3003 2713 3078 ἁγίου
2742 3002 3140 3131 ἱερὲμάρτιῖρος
3171 2997 3453 3063 Βασιλέως
3487 2999 3784 3057 ἐπισκόπου

2877 3093 3013 3131 μασε
3037 3093 3121 3131 ας.

2877 3093 3099 3147 μασειας
3110 3119 3121 3129 .

2207 3183 2474 3246 Βασιλεὺς
2505 3184 2533 3238 6
2592 3183 2950 3256 ἱερομάρτυρ,
2986 3181 3232 3256 ὑπῆρχεν
3257 3179 3345 3236 ἐπὶ
3376 3188 3474 3251 τῆς
3506 3180 3787 3255 βασιλείας

369 3275 494 3342 nio,
555 3274 868 3347 episcopus
927 3272 1040 3326 fuit
1087 3274 1375 3328 Amaseaa.
1424 3273 1767 3343 Martyrium
1821 3277 2020 3327 autem

2140 3273 2439 3332 Λικιννίου.
2491 3270 2820 3334 Ἐπίσκοπος
2877 3268 2934 3326 δὲ
2979 3271 3048 3340 ἦν
3107 3270 3422 3343 Ἀμασείας,
3454 3270 3777 3344 ἐμαρτύρη-

367 3363 552 3419 subiit
581 3363 739 3418 hunc
771 3363 832 3417 in
865 3361 1124 3416 modum.
1147 3361 1380 3416 Ancilla
1408 3360 1680 3433 quaedam
1712 3361 1912 3416 uxoris
1931 3361 2024 3416 Li-

364 3454 528 3522 cinii,
563 3470 694 3525 quas
722 3451 1016 3525 Glaphyra
1049 3451 1378 3513 dicebatur.
1440 3457 1507 3506 ut
1557 3450 1862 3523 pudicitiaa
1894 3456 2023 3506 stu-

362 3543 460 3600 dio
493 3543 877 3600 concubitum
914 3543 1103 3614 ipsius
1129 3540 1662 3608 evitaret,dominas
1696 3557 1816 3596 suae
1838 3540 2028 3596 consi-

362 3633 444 3688 lio
499 3649 636 3688 cum
695 3631 921 3704 ingenti
997 3646 1384 3685 nummorum
1436 3631 1607 3702 copia
1675 3629 1904 3685 occulte
1962 3629 2025 3684 in

362 3719 694 3776 Orientales
726 3719 930 3791 plagas
951 3718 1211 3790 aufugit:
1249 3723 1308 3771 et
1337 3733 1472 3772 cum
1498 3719 1810 3774 Amaseam
1834 3716 2025 3771 venis-

365 3808 557 3875 set,ab
581 3807 861 3879 episcopo
883 3807 1110 3861 Basileo
1128 3812 1410 3876 tanquam
1425 3805 1762 3862 Christiana
1783 3810 2028 3876 excepta

363 3897 499 3952 fuit.
532 3895 679 3952 Cum
703 3902 903 3950 autem
927 3894 982 3948 id
1011 3894 1347 3948 rescivisset
1379 3894 1661 3961 Licinius,
1687 3893 1895 3949 ambos
1927 3911 2027 3949 co-

366 4002 498 4042 ram
529 4002 592 4040 se
617 3984 830 4040 adduci
862 3983 1182 4039 mandavit.
1238 3983 1350 4038 Sed
1386 3983 1704 4054 Glaphyra,
1739 4000 1871 4054 quas
1895 3983 2024 4056 jam

368 4077 489 4133 fato
523 4075 1003 4141 concesserat,ab
1026 4074 1213 4146 ipsius
1229 4074 1504 4130 manibus
1527 4075 2025 4147 effugit.Basileus

362 4181 502 4220 vero
535 4165 848 4236 episcOpus
905 4164 1138 4218 vinctus
1201 4162 1611 4218 Nicomediam
1658 4162 2021 4220 adducitur:

370 4271 626 4326 cumque
657 4254 1078 4325 imperatorem
1113 4251 1533 4324 redarguisset,
1563 4253 1755 4324 capite
1787 4251 2026 4309 obtrun-

365 4351 534 4401 catus
560 4349 670 4413 est,
701 4343 840 4398 etin
896 4359 1060 4398 mare
1117 4341 1440 4413 projectus,
1501 4342 1750 4397 seorsim
1782 4341 2025 4412 quidem

362 4451 579 4508 corpus
607 4433 1016 4505 ejus,seorsim
1044 4435 1321 4504 caput.At
1336 4432 2027 4504 Deiprovidentiaipsius

365 4541 582 4596 corpus
609 4523 788 4595 capiti
839 4524 1228 4596 conjunctum
1263 4528 1374 4586 est,
1409 4521 1705 4593 undisque
1739 4538 2025 4593 superna-

2135 3388 2193 3423 σε
2241 3364 2299 3421 δὲ
2349 3364 2539 3440 τρόπῳ
2594 3361 2848 3435 τοιούτῳ.
2879 3359 3061 3433 Δούλη
3112 3382 3196 3424 τις
3238 3367 3340 3430 τῆς
3397 3359 3646 3434 γυναικὸς
3678 3369 3773 3414 Λια

2133 3457 2363 3526 κιννίου,
2395 3453 2655 3532 Γλαφύρα
2683 3453 3027 3526 καλουμένη,
3089 3451 3359 3530 φεύγουσα
3412 3451 3511 3518 τὴν
3571 3448 3780 3505 ἐκείνου

2136 3548 2278 3622 μίξιν
2308 3545 2396 3601 διὰ
2426 3543 2807 3623 σωφροσύνην,
2839 3547 2906 3618 τῇ
2961 3539 3140 3619 βουλῇ
3186 3549 3285 3612 τῆς
3338 3542 3528 3609 κυρίας
3588 3541 3784 3610 αὐτῆς,

2137 3637 2272 3710 μετά
2302 3633 2608 3712 χρημάτων
2639 3631 2891 3703 πολλῶν,
2923 3631 3101 3710 κρύφα
3156 3632 3294 3705 πρὸς
3351 3631 3417 3687 τὰ
3465 3637 3564 3700 τῆς
3623 3631 3786 3688 Ἀνα-

2129 3725 2306 3790 τολῆς
2341 3725 2480 3798 μέρη
2528 3721 2770 3797 ἐξέφυγε,
2833 3714 3218 3776 καταλαϐοῦσα
3245 3721 3347 3789 τὴν
3403 3718 3566 3775 πόλιν
3617 3718 3790 3792 Ἀμά-

2132 3835 2301 3885 σειαν,
2361 3811 2455 3867 καὶ
2517 3807 2885 3886 ὑποδεχθεῖσα
2969 3809 3044 3872 ὡς
3125 3810 3418 3883 Χριστιανή
3489 3808 3638 3882 παρά
3690 3810 3789 3862 τοῦ

2131 3902 2430 3958 ἐπισκόπου
2484 3898 2788 3962 Βασιλέως.
2850 3901 3049 3965 Μαθὼν
3106 3900 3166 3955 τὶ
3236 3903 3400 3955 τοῦτο
3486 3898 3787 3970 Λικίννιος,

2129 3993 2219 4048 καὶ
2297 3988 2648 4058 ἀποστείλας,
2735 3990 3076 4067 ἀμφοτέρους
3165 3984 3442 4044 ἐκέλευσεν
3521 3988 3782 4062 ἀχθῆναι.

2129 4080 2287 4139 Ἀλλ’
2316 4083 2351 4151 ἡ
2388 4081 2482 4154 μὲν
2516 4077 2776 4154 Γλαφύρα
2829 4075 2938 4148 ἤδη
2988 4075 3379 4149 τελευτήσασα,
3412 4075 3635 4151 ἐξέφυγε
3688 4075 3786 4138 τὰς

2129 4176 2322 4247 χεῖρας
2403 4168 2587 4224 αὐτοῦ·
2649 4169 2676 4222 6
2732 4164 2791 4222 δὲ
2871 4166 3165 4229 ἐπίσκοπος
3237 4163 3501 4227 Βασιλεὺς
3559 4165 3785 4238 δέσμιος

2128 4259 2320 4336 ἀχθεὶς
2368 4258 2446 4321 είς
2505 4255 2910 4330 Νικομήδειαν,
2969 4258 3058 4312 καὶ
3105 4256 3197 4312 τὸν
3253 4256 3480 4331 βασιλέα
3535 4253 3784 4329 ἐλέγξας,

2129 4346 2565 4425 ἀπεκεφαλίσθη,
2622 4345 2712 4401 καὶ
2772 4343 2968 4422 έῤῥίφη
3030 4343 3083 4400 έν
3142 4347 3211 4419 τῇ
3288 4342 3556 4417 θαλάσσῃ,
3607 4340 3784 4418 χωρὶς

2133 4441 2228 4513 μὶν
2259 4439 2322 4494 τὸ
2347 4442 2507 4511 σῶμα
2537 4436 2753 4506 αὐτοῦς,
2787 4437 2965 4510 χωρὶς
2990 4433 3048 4491 δὶ
3096 4438 3130 4503 ἡ
3163 4433 3398 4512 κεφαλή.
3433 4431 3669 4510 Προνοίᾳ
3727 4428 3788 4486 δὲ

2130 4532 2264 4585 Θεοῦ
2294 4525 2722 4602 προσεκοΛλήθη
2781 4527 2846 4580 τὸ
2891 4529 3054 4598 σῶμα
3098 4527 3168 4598 τῇ
3230 4522 3466 4600 κεφαλῇ,
3499 4522 3591 4577 καὶ
3651 4521 3784 4576 ἀνα-

365 4614 593 4682 tans,in
633 4614 850 4684 Sinope
902 4613 1049 4668 urbe
1100 4612 1407 4666 inventum
1466 4612 1597 4681 fuit,
1655 4629 1724 4668 ac
1805 4612 2020 4668 deinde

2140 4617 2365 4674 πλεῦσαν
2391 4615 2453 4671 τὸ
2486 4613 2682 4692 ῥεῦμα,
2714 4612 2907 4688 εὑρέθη
2941 4611 2993 4667 ἐν
3040 4611 3282 4685 Σινώπῃ,
3342 4611 3455 4667 εἶτα
3511 4609 3667 4676 ἐτέθη
3727 4607 3782 4663 ἐν

359 4705 628 4759 Amaseae
659 4701 1016 4772 depositum.

647 4810 715 4863 Et
735 4814 1009 4863 certamen
1040 4809 1218 4864 sancti
1237 4794 1499 4879 martyris
1522 4787 1726 4866 Publii.

436 4933 686 4988 Sanctus
716 4931 812 4987 hic
861 4933 1079 4988 Christi
1111 4937 1338 5005 martyr
1366 4932 1614 4988 Publius
1648 4933 1821 4989 miles
1877 4935 2016 5007 fuit,

364 5021 576 5076 Licinii
606 5022 982 5093 imperatoris
1015 5022 1202 5093 copiis
1260 5021 1617 5094 adscriptus,
1651 5028 1710 5076 et
1751 5022 1823 5077 ab
1887 5023 2016 5096 ipso

359 5111 689 5186 plurimum
711 5111 964 5167 dilectus
997 5111 1154 5183 quod
1186 5113 1246 5167 in
1275 5111 1483 5167 multis
1512 5111 1656 5166 belli
1687 5113 2016 5170 occasioni-

360 5200 472 5257 bus
505 5219 567 5257 se
599 5207 840 5257 strenue
871 5218 940 5256 ac
969 5201 1202 5257 fortiter
1232 5200 1786 5274 gessissetQuando
1818 5208 2016 5260 autem

359 5305 774 5355 sacrosanctus
807 5303 1029 5368 martyr
1046 5297 1312 5353 Basileus
1331 5313 1400 5352 ex
1414 5295 1558 5350 urbe
1588 5299 1839 5354 Amasea
1854 5299 2018 5357 vinc-

359 5395 455 5445 tus
485 5406 686 5445 coram
719 5388 942 5444 Licinio
975 5388 1264 5443 adductus
1296 5392 1405 5453 est,
1441 5402 1699 5456 eumque
1729 5403 2015 5460 generose

355 5479 679 5551 redarguit,
712 5494 779 5533 ac
816 5478 1191 5548 impurorum
1222 5476 1563 5530 daemonum
1596 5475 2014 5549 deceptionem

357 5568 708 5634 detestatus,
741 5583 873 5638 qum
906 5571 1178 5636 spectant
1222 5564 1298 5620 ad
1355 5565 1864 5637 dispensationem
1895 5575 2014 5629 veri

355 5656 461 5711 Dei
483 5661 542 5710 et
579 5655 896 5711 Salvatoris
927 5653 1117 5709 nostri
1182 5654 1319 5709 Jesu
1368 5653 1608 5723 Christi,
1667 5661 2011 5732 enarravit;

355 5743 604 5800 militari
633 5743 854 5812 balteo,
888 5761 1005 5816 quo
1053 5749 1181 5799 erat
1212 5743 1589 5816 praecinctus,
1623 5749 1800 5818 atque
1830 5751 2015 5808 armis

354 5828 662 5902 projectis,
695 5846 756 5885 se
788 5830 1188 5888 Christianum
1247 5848 1377 5888 esse
1411 5831 1717 5904 professus
1774 5842 1885 5907 est,
1945 5857 2016 5898 ac

2121 4712 2182 4765 ’A
2195 4705 2412 4781 μασείᾳ.

2288 4812 2394 4869 Καὶ
2422 4809 2650 4882 ἄθλησις
2679 4811 2777 4866 τοῦ
2825 4809 2984 4887 ἁγίου
3028 4810 3299 4885 μάρτυρος
3330 4808 3636 4867 Ηουπλίου.

2201 4947 2552 5025 Στρατιώτης
2582 4947 2647 5016 ἦν
2682 4947 2840 5011 οὗτος
2867 4947 2895 5001 6
2949 4947 3099 5020 ἅγιος
3161 4943 3367 5020 μάρτυς
3425 4949 3519 5001 τοῦ
3540 4947 3780 5018 Χριστοῦ

2126 5038 2432 5108 Πούπλιος,
2465 5037 2893 5114 στρατευόμενος
2944 5037 3047 5093 ὑπὸ
3094 5041 3177 5110 τῷ
3219 5036 3436 5112 βασιλεῖ
3491 5033 3777 5107 Λικιννίῳ,

2125 5127 2216 5184 καὶ
2279 5129 2643 5204 ἀγαπώμενος
2701 5128 2788 5182 ὑπ’
2848 5126 3080 5198 ἐκείνου,
3159 5123 3251 5182 διὰ
3289 5127 3353 5182 τὸ
3409 5123 3680 5186 πολλάκις
3721 5123 3774 5178 ἐν

2124 5217 2361 5281 πολλοῖς
2409 5214 2817 5292 ἀνδραγαθῆσαι
2903 5214 3196 5292 πολέμοις.
3254 5217 3383 5274 ⁴Οτε
3440 5213 3498 5272 δὲ
3553 5212 3779 5288 δέσμιος

2123 5306 2277 5379 ἤχθη
2334 5306 2385 5378 ἐξ
2447 5306 2716 5380 Ἀμασίας
2777 5308 2805 5360 ὁ
2865 5307 3026 5382 ἅγιος
3094 5304 3429 5382 ἱερομάρτυρ
3489 5302 3779 5373 Βασιλεδςν

2123 5399 2213 5454 καὶ
2263 5400 2472 5461 σταθεὶς
2532 5397 2839 5474 ἔμπροσθεν
2897 5403 2995 5453 τοῦ
3057 5397 3360 5468 Λικιννίου,
3415 5393 3626 5474 ἔλεγξεν
3687 5394 3781 5451 ἀν-

2126 5485 2319 5564 δρείως
2377 5487 2540 5543 αὐτόν
2589 5507 2650 5543 τε
2705 5489 2799 5543 καὶ
2855 5488 2955 5556 τήν
3015 5488 3233 5558 πλάνην
3290 5491 3398 5543 τῶν
3458 5482 3777 5559 ἀκαθάρτων

2125 5575 2422 5652 δαιμόνων,
2495 5577 2588 5632 καὶ
2672 5575 2925 5648 διεξῆλθε
2979 5578 3047 5633 τὰ
3102 5579 3228 5652 περῖ
3299 5584 3399 5647 τῆς
3457 5574 3781 5648 οἰκονομίας

2121 5671 2218 5722 τοῦ
2249 5667 2516 5738 ἀληθινοῦ
2564 5671 2698 5723 Θεοῦ
2750 5666 2841 5722 καὶ
2896 5673 3157 5743 Σωτῆρος
3214 5670 3377 5741 ἡμῶν
3412 5669 3594 5738 Ἰησοῦ
3652 5667 3784 5739 Χρι-

2119 5753 2270 5825 στοῦ,
2317 5754 2478 5832 ῥίψας
2533 5755 2602 5812 τὰ
2653 5753 2799 5812 ὅπλα
2856 5755 2947 5812 καὶ
3003 5758 3104 5829 τὴν
3163 5758 3358 5827 ζώνην,
3405 5755 3472 5826 ἥν
3531 5748 3782 5830 περιεϐέ-

2121 5840 2326 5917 ϐλητο,
2399 5842 2761 5920 ὡμολόγησεν
2821 5845 3008 5902 ἐαυτὸν
3092 5845 3455 5922 Χριστιανὸν,
3515 5843 3605 5900 καὶ
3683 5845 3784 5898 τοῦ
