4108 6424
296 381 424 462 425.

1799 376 2135 439 APRILIS.

3606 398 3731 482 aes

294 511 621 590 ἐπουρανίου
653 519 791 570 Θεοῦ
851 512 1057 572 δοῦλον
1107 514 1198 570 καὶ
1254 512 1614 588 στρατιώτην.
1659 510 1960 601 Ὀργισθεὶς

2085 510 2341 566 ccelestis
2373 513 2636 570 numinis
2672 532 2912 574 servum.
2934 525 2993 575 et
3020 521 3293 580 militem.
3327 526 3393 580 In
3417 526 3566 584 iram
3596 547 3740 601 pro-

294 607 386 663 οὖν
435 608 463 662 6
501 603 782 680 βασιλεὺς.
833 605 927 660 καὶ
985 604 1300 668 ἀλλοιώσας
1356 605 1420 660 τὸ
1473 602 1765 677 πρόσωπον
1799 600 1964 656 αὐτοῦ

292 703 371 770 τῷ
403 695 603 768 πολλῷ
639 699 822 767 θυμῷ.
865 699 1083 770 πρῶτον
1147 695 1241 767 μὲν
1302 691 1392 748 διὰ
1445 690 1736 753 κολακείας
1767 690 1961 746 ἐσπού-

291 787 450 857 δαζεν
503 787 806 858 μεταθῆναι
859 785 1018 840 αὐτὸν
1069 788 1168 858 τῇς
1226 783 1483 852 τοιαύτης
1514 783 1764 857 γνώμης·
1800 780 1872 842 ὡς
1909 776 1965 835 δὲ

289 880 398 934 οὐκ
430 875 660 946 ἔπεισεν,
711 875 959 952 ἰσχυρῶς
1015 872 1325 950 βασανίσας,
1380 873 1631 949 μαχαίρᾳ
1674 871 1774 940 τήν
1802 890 1964 948 κεφα-

287 967 400 1038 λήν
435 967 602 1036 αὐτοῦ
633 965 927 1040 ἀπέτεμεν.

856 1074 1038 1131 ΜΠΝΙ
1077 1074 1168 1131 ΤΩ
1205 1074 1410 1131 ΑΥΤΩ.

1092 1171 1186 1220 ΚΖ’

399 1266 525 1337 Μνή
538 1287 617 1339 μη
646 1268 757 1321 τῶν
799 1264 969 1340 ἁγίων
1014 1262 1338 1340 ἀποστόλων
1373 1261 1735 1338 Σωσιπάτρου
1764 1259 1857 1315 καὶ

1006 1339 1044 1393 ’l
1055 1340 1262 1398 ἀσωνος

356 1453 577 1518 Ἰάσων,
633 1451 722 1506 καὶ
807 1450 1168 1526 Σωσίπατρος
1245 1445 1498 1526 γεγόνασι
1567 1450 1662 1522 μὲν
1725 1445 1965 1522 μαθηταὶ

284 1541 520 1604 Παύλου
575 1545 677 1595 105
737 1540 1071 1595 ἀποστόλου·
1127 1543 1193 1609 ἦν
1255 1539 1378 1613 μὶν,
1427 1539 1456 1594 6
1513 1541 1605 1610 μὲν
1641 1537 1825 1592 Ἰάσων
1858 1535 1965 1592 ἀπὸ

291 1635 515 1702 Ταρσοῦ
555 1637 657 1699 τῆς
719 1627 991 1699 Κιλικίας,
1044 1632 1112 1698 ἧς
1161 1629 1252 1684 καὶ
1311 1626 1606 1688 ἐπίσκοπος
1665 1626 1899 1703 ἐγένετο·
1937 1626 1965 1679 6

301 1720 362 1776 δὲ
392 1721 747 1791 Σωσίπατρος
803 1718 865 1774 ἐκ
928 1723 1153 1790 Νατρῶν
1212 1725 1313 1789 τῆς
1372 1718 1625 1793 Ἀχαῗας,
1671 1715 1964 1792 γενόμενος

301 1810 400 1866 καὶ
459 1810 609 1871 αὐτὸς
661 1807 958 1870 ἐπίσκοπος
1015 1808 1266 1865 Ἰκονίου.
1324 1807 1445 1864 Ἐπὶ
1504 1805 1730 1883 χρόνοις
1772 1803 1830 1860 δὲ
1857 1826 1965 1860 τισι

2074 600 2213 655 inde
2232 601 2436 656 excita!
2451 620 2520 657 us
2536 604 2954 676 imperator,ac
2973 609 3121 666 facie
3136 616 3434 687 extemplo
3446 600 3736 687 mutatus,

2072 691 2335 762 primurn
2368 692 2609 763 quidem
2650 695 2820 752 illum
2886 698 3194 758 blanditiis
3252 704 3324 760 ab
3386 706 3733 779 hujusmodi

2080 781 2299 836 mentis
2331 784 2630 839 sententia
2661 801 2934 842 amovere
2964 799 3213 848 conatus
3244 800 3370 849 est:
3406 801 3466 850 at
3504 814 3640 852 cum
3674 799 3734 854 id

2073 871 2309 942 assequi
2342 873 2635 943 nequiret,-
2675 876 2771 930 73
2809 879 3147 948 {crudeliter
3195 901 3327 940 eum
3382 889 3731 959 excruciari,

2074 963 2252 1031 atque
2285 976 2426 1017 ense
2459 961 2700 1019 demum
2732 974 2911 1039 caput
2938 970 2988 1024 ei
3014 975 3313 1044 amputari
3345 977 3662 1035 mandavit.
3733 965 3740 970 ’

2636 1074 2875 1130 EODEM
2915 1078 3168 1134 MENSE.

2555 1161 2661 1216 Die
2691 1161 2975 1222 vicesima
3001 1170 3254 1240 septima

2071 1257 2338 1312 Memoria
2385 1264 2699 1319 sanctorum
2744 1267 3120 1350 apostolorum
3189 1271 3466 1343 Sosipam‘
3533 1282 3582 1330 et
3637 1279 3738 1331 1a.;

2812 1353 2978 1392 ςοηιδ.

2143 1448 2342 1536 Jason;
2378 1453 2436 1503 et
2484 1449 2786 1522 Sosipater
2843 1453 3121 1528 discipuli
3180 1459 3424 1517 fuerunt
3479 1465 3734 1536 apostoli

2072 1535 2540 1593 Pauli.EtJason
2590 1542 2832 1611 quidem
2877 1551 3053 1601 natus
3081 1553 3170 1602 est
3200 1551 3362 1606 Tarsi
3416 1552 3732 1619 inCilicia,

2074 1627 2244 1697 cujus
2275 1627 2455 1682 etiam
2475 1629 2734 1686 civitatis
2768 1633 3087 1706 episcopus
3109 1637 3250 1693 fuit:
3277 1640 3577 1712 Sosipater
3598 1661 3732 1699 vero

2074 1715 2264 1771 Patris
2295 1715 2356 1771 in
2389 1717 2611 1774 Achaia
2641 1726 2838 1788 natus,
2872 1724 3190 1797 episcopus
3215 1727 3328 1782 fuit
3353 1731 3557 1786 Iconii.
3587 1734 3732 1788 Cum

2074 1810 2272 1860 autem
2303 1822 2409 1876 per
2435 1806 2665 1878 aliquot
2694 1825 2884 1866 annos
2916 1814 3202 1871 ecclesias
3234 1834 3371 1872 suas
3411 1820 3739 1890 gubernas-

302 1899 404 1960 τάς
460 1899 656 1953 ἑαυτῶν
713 1896 1010 1968 ἐκκλησίας
1067 1892 1516 1974 κυϐερνήσαντες,
1581 1893 1827 1966 ἀπῆλθον
1889 1894 1963 1956 εἰς

2081 1900 2228 1962 sent,
2253 1894 2314 1949 in
2338 1895 2721 1953 Occidentem
2749 1899 3047 1970 abierunt,
3080 1909 3146 1958 ut
3173 1905 3408 1977 aliquos
3431 1908 3734 1980 juvarent.

298 1990 401 2057 τήν
456 1987 617 2044 Δύσιν
676 1987 960 2065 ὠφελῆσαι
1019 1990 1186 2051 τινάς.
1248 1987 1346 2043 Καὶ
1407 1983 1803 2048 καταλαϐόντες
1860 1986 1959 2054 τὴν

293 2085 456 2147 νῆσον
510 2076 804 2152 Κερκύρων
849 2076 1127 2147 κτίζουσιν
1184 2073 1478 2147 ἐκκλησίαν
1532 2075 1609 2140 εἷς
1653 2071 1830 2148 ὄνομα
1863 2078 1962 2129 105

287 2169 453 2244 ἁγίου
511 2169 985 2244 πρωτομάρτυρος
1050 2167 1344 2238 Στεφάνου.
1407 2165 1507 2222 Καὶ
1565 2167 1748 2238 μαθὼν
1799 2170 1961 2221 τοῦτο

286 2257 654 2332 Κερκυλῖνος,
701 2259 864 2327 ὁτῆς
922 2260 1093 2327 νήσου
1157 2254 1436 2331 βασιλεὺς,
1495 2255 1812 2312 ἀπέκλεισεν
1867 2255 1964 2310 αὖ·

286 2347 418 2409 τοὺς
451 2347 536 2411 είς
582 2346 855 2425 φυλακήν·
916 2341 1042 2401 ἔνθα
1099 2343 1305 2407 ἰδόντες
1343 2343 1540 2407 αὐτοὺς
1598 2345 1735 2400 ἑπτά
1765 2343 1963 2419 λῃσταὶ

289 2435 788 2510 ἀποκεκλεισμένοι
875 2430 1048 2505 ὄντες,
1153 2434 1467 2491 ἐπίστευσαν
1554 2439 1633 2508 τῷ
1719 2435 1963 2510 Χριστῷ,

294 2526 512 2599 ὁμοίως
569 2523 629 2582 δέ
684 2525 774 2581 καὶ
834 2526 862 2580 6
919 2523 1268 2603 δεσμοφύλαξ
1325 2525 1645 2589 Ἀντώνιος,
1698 2522 1845 2585 ὅστις
1875 2523 1965 2578 καὶ

289 2616 726 2693 ἀπεκεφαλίστη.
787 2615 886 2671 Καὶ
945 2611 1306 2677 κατελθόντος
1365 2615 1534 2686 πυρὸς
1586 2613 1646 2668 ἐκ
1672 2617 1769 2668 τοῦ
1802 2612 1965 2683 οὖρα-

287 2712 408 2774 νοῦ,
441 2708 531 2761 καὶ
566 2706 1001 2768 κατακαύσαντος
1040 2704 1168 2768 τοὺς
1200 2703 1296 2759 δύο
1355 2704 1506 2767 υἱοὺς
1537 2709 1634 2760 105
1667 2702 1964 2780 βασιλέως,

287 2797 379 2850 καί
406 2799 510 2863 τήν
542 2800 774 2870 γυναῖκα
805 2794 991 2860 αὐτοῦ,
1024 2792 1374 2864 ἀπελύθησαν
1411 2795 1468 2848 o't
1498 2795 1667 2868 ἅγιοι,
1699 2794 1789 2848 καὶ
1820 2795 1966 2849 πολ-

289 2883 428 2950 λοίδς
460 2885 848 2962 ὠφελήσαντες
903 2883 1120 2957 ὕστερον
1184 2882 1235 2938 ἐν
1293 2882 1486 2958 εῒρήνῃ
1547 2881 1968 2954 ἐτελειώθησαν.

435 2993 544 3051 Καί
575 2990 810 3064 ἄθλησις
859 2999 960 3062 τῆς
1007 2992 1164 3069 ἁγίας
1214 2989 1489 3067 μάρτυρος
1531 2991 1824 3066 Κερκύρας.

369 3100 520 3157 Μετά
571 3100 638 3154 τὸ
725 3097 1054 3166 τελευτῆσαι
1146 3096 1250 3154 ὗπὸ
1327 3103 1424 3153 105
1485 3099 1746 3174 οὐρανίου
1801 3099 1976 3175 πυρὸς

1711 3188 1799 3243 καὶ
1872 3189 1974 3258 τήν

1757 3277 1963 3352 ἁγίους,
2005 3266 2049 3333 C
2078 3273 2232 3328 culis
2263 3274 2441 3328 soluti
2470 3274 2747 3343 fuissent,
2782 3294 2883 3332 eos
2925 3281 3384 3351 comprehendit
3411 3284 3739 3354 Carpianus

288 3188 420 3252 τοὺς
479 3188 636 3249 υἱοὺς
721 3187 1056 3262 Κερκυλίνου
1140 3191 1238 3242 τοῦ
1326 3186 1620 3262 βασιλέως,

287 3283 528 3353 γυναῖκα
603 3277 796 3346 αὐτοῦ,
875 3277 964 3332 καὶ
1070 3276 1414 3346 ἀπολυθῆναι
1516 3276 1644 3339 τοὺς

288 3367 592 3441 ἐκράτησεν
654 3365 848 3428 αὐτοὺς
911 3367 1214 3442 Καρπιανὸς
1302 3369 1330 3422 6
1413 3374 1513 3437 τῆς
1577 3368 1745 3437 νήσου
1802 3364 1967 3444 ἔπαρ-

291 3479 422 3534 χος.
481 3458 573 3513 καὶ
632 3455 893 3530 ἐτιμώρει
953 3455 1246 3528 προστάξει
1305 3460 1402 3511 1:05
1464 3455 1757 3531 βασιλέως.
1823 3461 1966 3532 Προ-

297 3545 581 3599 κύπτουσα
639 3543 695 3600 δὲ
746 3545 851 3600 απὸ
937 3549 1036 3612 τῆς
1119 3541 1343 3617 θυρίδος
1404 3544 1646 3617 Κερκύρα
1707 3547 1742 3613 ὴ
1804 3543 1968 3600 αὐτοῦ

305 3633 578 3706 θυγάτηρ,
602 3634 689 3687 καὶ
719 3637 1003 3707 θεωροῦσα
1048 3631 1180 3695 τοὺς
1246 3631 1436 3708 ἁγίους
1483 3634 1966 3708 βασανιζομὰνους,

309 3720 612 3776 ἐπίστευσε.
690 3724 784 3778 Καὶ
863 3724 1194 3798 Χριπιανήν
1282 3723 1474 3791 ἑαυτὴν
1554 3724 1968 3799 ὁμολογήσασα,

309 3813 554 3884 παρέστη
611 3808 842 3867 ἐνώπιον
896 3816 993 3867 105
1051 3811 1259 3885 πατρὸς
1317 3813 1507 3880 αὐτῆς.
1574 3812 1674 3867 Καὶ
1733 3813 1967 3886 ἀναγκα-

306 3905 492 3958 σθεῖσα
522 3904 850 3976 ἀρνήσασθαι
909 3903 1004 3958 τὸν
1067 3904 1324 3977 Χριστὸν,
1383 3907 1474 3958 καὶ
1544 3904 1623 3978 μή
1668 3911 1968 3977 πεισθεῖσα,

297 3990 576 4049 ἐκδίδοται
609 3993 698 4047 καὶ
732 3993 868 4062 αὐτή
898 3997 978 4064 τῷ
1029 3992 1282 4068 ἐπάρχῳ.
1342 3994 1400 4048 Ὀ
1445 3991 1502 4048 δὲ
1532 3992 1775 4069 ἔπαρχος
1804 3994 1972 4070 παρὲ-

296 4080 470 4138 δωκεν
505 4081 680 4151 αὐτὴν
711 4081 935 4146 Αἰθίοπι
968 4103 1100 4149 τινι,
1133 4081 1212 4144 είς
1261 4083 1325 4137 τὸ
1384 4079 1744 4162 διαφθαρῆναι
1776 4085 1967 4155 αὐτήν.

296 4173 600 4246 Προστάξει
660 4169 719 4228 δέ
773 4176 908 4229 Θεοῦ
967 4170 1166 4248 ἄρκτος
1222 4174 1388 4238 ποθὲν
1446 4172 1700 4239 ἐλθοῦσα,
1730 4174 1972 4230 ἐκώλυσε

293 4265 385 4319 τὸν
445 4262 688 4318 Αῗθίοπα
741 4267 840 4319 105
920 4263 1382 4340 ἐπιχειρήματος,
1438 4265 1525 4320 καὶ
1589 4264 1818 4343 ἐφύλαξε
1871 4267 1970 4335 τήν

295 4353 568 4423 παρθενον
601 4349 953 4428 ἀδιάφθορον·
1015 4352 1144 4409 ἰδὼν
1206 4355 1298 4409 οὖν
1355 4355 1418 4409 τὸ
1476 4354 1968 4429 θαῦμαὸΛῗθίοψ,

291 4442 384 4495 καὶ
443 4440 762 4510 πιστεύσας,
850 4443 1152 4518 μαχαίραις
1233 4442 1532 4513 κατεκόπη.
1601 4444 1664 4500 Ἠ
1726 4441 1785 4498 δὲ
1842 4444 1970 4518 ἁγία

296 4529 550 4602 Κερκύρα
631 4534 1020 4605 κρεμασθεῖσα,
1117 4532 1206 4588 καὶ
1309 4533 1790 4603 ὑποκαπνισθεῖσα,
1877 4533 1967 4589 καὶ

288 4620 629 4690 τοξευθεῐσα,
658 4622 749 4675 καὶ
783 4617 1240 4691 λιθοϐοληθεῖσα,
1273 4620 1592 4692 ἐτελειώθη.

292 4743 397 4797 Καὶ
431 4742 668 4813 ἄθλησις
693 4748 790 4800 105
835 4743 994 4822 ἁγίου
1031 4745 1324 4822 -μάρτυρος
1372 4744 1722 4820 Σατορνίνου,
1751 4749 1842 4802 καὶ
1865 4753 1966 4817 τῆς

896 4814 1145 4880 συνοδίας
1177 4814 1364 4875 αύτοῦ.

365 4920 535 4977 Οὗτοι
593 4924 644 4978 οἱ
706 4925 852 5000 ἅγιοι
914 4925 1170 5001 ὑπῆρχον
1244 4927 1296 4980 οἱ
1353 4924 1730 4989 πιστεύσαντες
1788 4927 1840 4984 ἐν
1896 4930 1966 5002 τῇ

295 5009 523 5085 φυλακῇ
554 5015 636 5084 τῷ
668 5013 887 5084 Χριστῷ
947 5011 1036 5069 διὰ
1090 5021 1190 5084 τῆς
1252 5012 1605 5078 διδασκαλίας
1662 5020 1772 5070 τῶν
1800 5017 1966 5092 ἁγίων

294 5099 646 5154 ἀποστόλων·
690 5100 952 5164 Ἰάσωνος
981 5102 1072 5156 καὶ
1127 5105 1509 5173 Σωσιπάτρου,
1561 5104 1693 5158 ἑπτα
1723 5102 1965 5178 λῄσταρ-

294 5206 415 5262 χοι,
481 5188 621 5260 μετά
671 5188 762 5243 καὶ
819 5193 928 5244 τῶν
989 5192 1388 5246 πιστευσάντων
1437 5190 1656 5262 ὕστερον
1716 5193 1820 5248 ὑπό
1866 5201 1968 5263 τῆς

293 5277 454 5353 ἁγίας
515 5277 810 5353 Κερκύρας·
869 5280 959 5333 καὶ
1022 5281 1158 5352 μετά
1211 5281 1470 5352 τελευτὴν
1531 5282 1698 5352 αὐτῆς
1749 5279 1963 5354 ἐκϐλη-

290 5368 472 5430 θὲντες
503 5374 608 5436 τῆς
672 5367 922 5445 φυλακῆς
981 5371 1033 5424 οἱ
1089 5371 1242 5433 ἔπτὰ,
1302 5372 1392 5426 καὶ
1451 5371 1704 5447 ἀχθέντες
1733 5371 1836 5443 ἔξω
1865 5381 1966 5445 τῆς

288 5456 536 5525 πόλεως,
572 5453 951 5529 ἐνεϐλήθησαν
1011 5460 1087 5522 εἰς
1149 5456 1385 5530 λέϐητας
1445 5463 1713 5537 γέμοντας
1743 5463 1962 5536 πίσσης,

291 5547 384 5602 καὶ
439 5550 644 5621 κηροῦ,
701 5547 791 5603 καὶ
847 5547 1063 5620 ἐλαίου,
1117 5549 1207 5604 καὶ
1272 5549 1565 5625 βράζοντες
1637 5550 1966 5624 ἐτελειώθη-

296 5658 413 5696 σαν.
447 5638 518 5697 Οἱ
567 5635 630 5694 ὂὶ
689 5639 1140 5716 καταλειφθέντες
1195 5637 1452 5719 ἀδελφοὶ,
1505 5641 1584 5704 εἷς
1633 5640 1880 5713 νησίδιόν
1912 5665 1964 5700 τι

298 5726 658 5799 ἀπελθόντες,
687 5727 1079 5805 προσηύχοντο
1133 5734 1214 5802 τῷ
1271 5736 1408 5804 Θεῷ.
1442 5732 1546 5797 Καὶ
1591 5731 1775 5805 μαθὼν
1803 5739 1966 5790 τοῦτο

635 5847 900 5910 Pyrno!"
946 5848 1061 5911 Gn.
1107 5849 1348 5916 CXVII.

1997 4650 2044 4714 D

2071 1983 2336 2054 Cumque
2379 1986 2440 2040 in
2489 1987 2802 2059 Corcyram
2854 1991 3114 2048 insulam
3171 1997 3493 2063 venissent,
3545 2001 3737 2055 sancti

2071 2073 2355 2144 Stephani
2415 2080 2866 2150 protomartyris
2920 2083 3165 2139 nomine
3220 2085 3534 2142 ecclesiam
3598 2105 3737 2145 con-

2071 2167 2435 2219 struxerunt.
2469 2165 2601 2221 Haec
2643 2183 2777 2222 cum
2831 2169 3179 2242 Cercylinus
3228 2174 3440 2229 insula)
3494 2177 3735 2250 regulus

2072 2251 2488 2321 intellexisset,
2518 2257 2736 2329 conjici
2768 2259 2930 2330 ipsos
2953 2261 3138 2332 jussit
3170 2264 3232 2317 in
3265 2281 3605 2321 carcerem:
3638 2267 3740 2326 ubi

2071 2358 2207 2397 cum
2241 2359 2342 2398 eos
2371 2344 2661 2400 vidissent
2692 2353 2917 2419 septem
2951 2349 3237 2421 latrones,
3261 2354 3362 2424 qui
3394 2355 3616 2411 ibidem
3650 2357 3743 2411 in-

2072 2432 2222 2488 clusi
2257 2439 2446 2500 erant,
2481 2435 2540 2489 in
2574 2436 2874 2493 Christum
2905 2440 3327 2498 crediderunt:
3373 2444 3652 2502 similiter
3684 2452 3744 2502 et

2074 2521 2329 2577 carceris
2361 2529 2560 2579 custos
2592 2526 2909 2595 Antonius,
2945 2529 3047 2600 qui
3097 2530 3346 2602 proinde
3394 2534 3585 2605 capite
3635 2533 3742 2589 ob-

2077 2615 2386 2666 truncatus
2419 2613 2548 2668 fuit.
2583 2615 2852 2672 Posthaec
2883 2634 3018 2672 cum
3049 2619 3204 2691 ignis
3235 2637 3265 2674 e
3288 2621 3435 2696 caelo
3459 2622 3737 2696 delapsus

2075 2699 2223 2755 duos
2255 2701 2443 2774 reguli
2478 2703 2634 2758 ﬁlios
2683 2705 2934 2778 ejusque
2983 2724 3231 2764 uxorem
3282 2711 3732 2781 combussisset,

2074 2789 2328 2845 vinculis
2355 2791 2534 2846 soluti
2557 2793 2801 2849 fuerunt
2831 2797 3019 2852 sancti
3051 2799 3158 2853 viri
3187 2816 3199 2852 :
3233 2801 3334 2871 qui
3366 2817 3502 2856 cum
3533 2802 3739 2858 multis

2077 2879 2462 2951 profuissent,
2505 2882 2748 2939 demum
2779 2885 2840 2940 in
2873 2903 3018 2958 pace
3049 2887 3458 2946 decesserunt.

2295 2988 2375 3042 .Et
2405 2994 2678 3044 certamen
2702 2996 2903 3047 sanctae
2931 2996 3192 3062 martyris
3225 2995 3496 3065 Cercyrae.

2149 3095 2471 3166 Postquam
2504 3096 2747 3168 delapso
2779 3115 2808 3153 e
2841 3099 2988 3155 coelo
3020 3101 3153 3173 igne
3205 3102 3502 3175 Cercylini
3545 3106 3737 3178 reguli

2079 3183 2189 3238 ﬁlii
2215 3189 2275 3239 et
2295 3185 2509 3256 conjux
2533 3187 2872 3257 periissent,
2907 3206 2973 3245 ac
2993 3191 3221 3261 praefati
3247 3195 3435 3248 sancti
3469 3195 3577 3248 viri
3609 3195 3738 3251 vin-

2080 3363 2292 3418 insulaa
2326 3381 2567 3434 praeses,
2596 3381 2664 3420 ac
2694 3367 2883 3439 reguli
2905 3368 3081 3439 jussu
3115 3373 3429 3426 tormentis
3462 3373 3734 3444 subjecit.

2080 3452 2224 3506 Cum
2253 3460 2451 3508 autem
2483 3470 2554 3508 ex
2585 3453 2847 3511 fenestra
2877 3459 3244 3530 prospiceret
3272 3463 3522 3533 Cercyra
3553 3463 3740 3534 ipsius

2081 3543 2224 3607 ﬁlia,
2259 3549 2613 3614 sanctosque
2647 3547 3008 3619 cruciatibus
3033 3551 3227 3604 vexari
3254 3551 3499 3615 videret,
3525 3553 3742 3608 Christi

2081 3632 2259 3688 ﬁdem
2283 3633 2558 3705 amplexa
2578 3640 2686 3698 est,
2712 3652 2894 3706 seque
2924 3638 3322 3695 Christianam
3340 3641 3742 3712 professa,co-

2081 3737 2208 3777 ram
2240 3729 2408 3793 patre
2440 3739 2545 3778 suo
2577 3723 2800 3779 astitit:
2835 3743 2870 3781 a
2897 3744 3012 3797 quo
3039 3729 3212 3799 jussa
3237 3729 3539 3786 Christum
3562 3731 3738 3786 abne-

2079 3828 2240 3884 gare,
2274 3828 2410 3868 cum
2443 3830 2562 3868 non
2593 3815 2975 3884 assensiseet,
3010 3817 3227 3873 tradita
3257 3820 3433 3874 etiam
3469 3821 3597 3891 ipsa
3627 3821 3741 3876 fuit

2080 3902 2341 3974 praasidi.
2376 3909 2452 3957 At
2480 3920 2703 3975 praeses
2735 3922 2866 3960 eam
2902 3907 3067 3962 dedit
3098 3908 3332 3964 cuidam
3361 3910 3643 3983 EthiOpi,
3676 3917 3743 3967 ut

2082 3992 2274 4064 ipsam
2308 3998 2738 4064 corrumperet.
2776 3996 2876 4049 Dei
2909 4002 3108 4052 autem
3142 4004 3290 4052 nutu
3330 4015 3470 4054 ursa
3501 4001 3742 4056 aliunde

2083 4083 2530 4153 superveniens,
2561 4084 2635 4138 ab
2666 4089 2958 4140 attentato
2987 4087 3212 4142 scelere
3239 4089 3570 4160 Ethiopem
3599 4108 3742 4161 pro-

2081 4171 2295 4240 hibuit,
2331 4177 2390 4227 et
2429 4173 2717 4244 virginem
2759 4174 3168 4246 incorruptam
3221 4178 3555 4232 custodivit.
3616 4181 3742 4244 Quo

2080 4262 2206 4318 viso
2239 4262 2529 4333 prodigio,
2569 4263 2668 4317 74
2698 4279 2833 4318 cum
2867 4264 3136 4335 Ethiops
3168 4265 3270 4320 ille
3301 4266 3517 4322 Christi
3563 4269 3741 4324 ﬁdem

2083 4352 2462 4423 suscepisset,
2488 4367 2630 4406 ense
2659 4351 3046 4407 obtruncatus
3076 4353 3204 4408 fuit.
3241 4360 3314 4408 At
3343 4361 3544 4411 sancta
3583 4361 3740 4412 -Cer-

2080 4460 2219 4516 cyra
2248 4442 2512 4514 primum
2539 4457 2850 4512 suspensa,
2883 4448 2940 4497 et
2971 4443 3189 4498 emisso
3221 4443 3382 4500 fumo
3419 4463 3489 4500 ex
3521 4463 3741 4526 suppo-

2080 4534 2192 4590 sito
2218 4533 2352 4605 igne
2374 4531 2807 4593 cruciata,dein
2831 4532 3057 4604 sagittis
3083 4534 3387 4604 transﬁxa,
3404 4552 3472 4590 ac
3498 4535 3738 4593 demum

2078 4622 2376 4696 lapidibus
2409 4621 2644 4689 obruta,
2676 4623 3030 4694 martyrium
3053 4627 3504 4681 consummavit.

2078 4752 2143 4806 Et
2171 4757 2443 4806 certamen
2501 4753 2678 4805 sancti
2721 4753 2983 4834 martyris
3033 4752 3342 4839 Saturnini.
3374 4760 3425 4810 et
3457 4748 3742 4840 rsociorum‘

2423 4838 2426 4840 '
2831 4838 2970 4893 ejus.

2152 4929 2222 4984 Hi
2250 4928 2438 4984 sancti
2464 4933 2691 5000 septem
2711 4928 3015 4984 latronum
3040 4930 3344 5002 principes
3365 4931 3739 5006 fuerunt,qui

2079 5019 2142 5074 in
2188 5034 2426 5074 carcere
2457 5017 2530 5072 ob
2563 5017 2899 5074 doctrinam
2941 5024 3284 5076 sanctorum
3335 5023 3740 5093 apostolorum

2077 5108 2312 5165 Jasonis
2343 5113 2402 5162 et
2432 5108 2717 5179 Sosipatri
2749 5108 2978 5163 Christo
3041 5126 3259 5166 nomen
3311 5111 3621 5174 dederunt,
3670 5128 3736 5167 ac

2078 5215 2199 5256 una
2219 5214 2354 5253 cum
2380 5198 2473 5262 iis,
2499 5197 2600 5268 qui
2625 5203 2830 5268 postea
2846 5198 3242 5255 Christianam
3265 5200 3613 5271 religionem
3633 5217 3739 5272 per

2078 5293 2345 5344 sanctam
2376 5288 2688 5358 Cercyram
2721 5287 2975 5359 amplexi
3010 5296 3168 5350 sunt,
3201 5295 3335 5361 post
3374 5289 3550 5360 hujus
3604 5289 3734 5343 obi-

2079 5384 2202 5434 tum
2239 5395 2268 5432 e
2300 5393 2536 5432 carcere
2589 5377 2808 5441 educti,
2857 5377 2971 5448 ipsi
3006 5378 3247 5448 quidem
3297 5384 3524 5448 septem
3570 5385 3736 5433 extra

2077 5469 2374 5525 civitatem
2405 5466 2668 5535 abducti,
2697 5467 2759 5522 in
2817 5466 3043 5523 lebetes
3097 5467 3248 5538 pice,
3303 5483 3439 5522 cera
3482 5466 3734 5536 oleoque

2077 5559 2338 5631 repletos
2360 5562 2539 5630 atque
2567 5557 2975 5614 eﬂ'ervefactos
2993 5557 3073 5628 inj
3085 5557 3574 5628 ecti,martyrium
3599 5573 3736 5611 con-

2079 5654 2473 5706 summarunt.
2509 5648 2743 5720 Reliqui
2771 5664 2907 5703 vero
2936 5646 3149 5702 fratres
3180 5646 3241 5700 in
3272 5647 3592 5716 quamdam
3606 5663 3740 5718 par-

2079 5757 2209 5798 vam
2239 5740 2498 5798 insulam
2529 5738 2846 5811 deportati,
2879 5737 3094 5792 divinis
3124 5736 3402 5807 precibus
3449 5736 3737 5807 vacabant

3417 5854 3492 5915 14
