4108 6438
359 422 476 483 82⁸1

1599 413 2044 476 MENOLOGII
2091 411 2290 473 PARS
2335 410 2446 472 III.

3625 446 3632 450 -
3668 415 3792 477 ωε

360 555 507 610 Cum
536 569 674 611 vero
707 552 768 610 id
799 551 1038 626 regulus
1067 549 1351 618 scivisset,
1386 564 1714 607 conscenso
1764 547 2011 621 navigio,

2131 543 2163 598 ὁ
2196 540 2474 618 βασιλεὺς,
2505 540 2598 596 καὶ
2646 535 2822 616 ιμϐάς
2869 538 2950 606 sic
3004 539 3227 616 πλοῖον,
3256 544 3349 600 καί
3405 542 3791 622 ἀπερχόμενος

362 645 437 701 ad
459 645 596 700 illos
619 642 1050 700 interimendos
1076 657 1425 714 properans,
1444 641 1506 696 in
1523 656 1686 696 mare
1709 638 2020 696 demersus

359 734 492 790 fuit.
527 734 693 789 Alius
725 738 923 787 autem
955 731 1217 798 regulus,
1262 731 1363 802 qui
1395 737 1530 803 post
1558 730 1754 803 ipsum
1804 727 2019 784 insulsa

361 822 692 878 dominium
715 821 1062 888 obtinuit,in
1085 819 1440 876 candentem
1459 819 1763 876 fornacem
1784 824 2020 874 sanctos

359 911 526 983 injici
556 910 880 966 mandavit.
911 916 986 964 At
1018 927 1152 966 cum
1177 908 1434 965 eosinde
1460 909 1792 964 incolumes
1823 922 2019 980 egres-

361 1018 457 1058 sos
487 1000 750 1066 vidisset,
779 999 1012 1055 Christo
1045 999 1318 1068 credidit,
1352 1005 1580 1054 mutato
1629 997 1874 1053 nomine
1914 996 2017 1051 Se-

360 1089 672 1145 bastianus
704 1093 1084 1159 nuncupatus
1111 1104 1124 1142 :
1158 1093 1218 1142 et
1243 1086 1455 1142 exinde
1479 1086 1782 1143 Christum
1800 1083 2020 1158 pradi-

361 1178 512 1234 cavit
536 1194 657 1233 una
685 1194 821 1233 cum
854 1177 1074 1233 sanctis
1105 1176 1430 1249 apostolis:
1465 1192 1602 1232 cum
1635 1174 1850 1247 quibus
1906 1174 2020 1228 vita

359 1270 518 1322 recte
550 1269 869 1334 transacta,
897 1264 960 1319 in
990 1280 1136 1336 pace
1169 1263 1446 1320 decessit.

918 1372 1161 1428 EODEM
1200 1370 1455 1426 MENSE.

859 1461 962 1516 Die
993 1460 1274 1516 vicesima
1302 1464 1506 1514 octava

363 1568 456 1628 τε
497 1567 780 1624 Certamen
837 1570 1014 1623 sancti
1069 1565 1333 1648 martyris
1387 1565 1582 1631 Dadz,
1643 1571 1695 1622 et
1749 1567 2019 1622 sociorum

1114 1654 1255 1709 ejus.

430 1748 712 1817 Martyres
732 1744 947 1801 Christi
966 1743 1178 1813 Dadas,
1200 1744 1506 1812 Maximus,
1532 1748 1592 1800 et
1612 1743 2018 1810 Quintilianus

362 1852 432 1891 ex
461 1834 606 1891 urbe
665 1833 975 1890 Dorostolo
1033 1834 1095 1889 in
1144 1833 1486 1889 Macedonia
1531 1833 1794 1900 fuerunt,
1841 1833 2019 1888 Maxi-

2133 636 2387 710 φονεῦσαι
2443 629 2659 700 αὐτοὺς,
2717 631 3133 704 κατεποντίσθη·
3193 633 3284 690 καί
3347 639 3619 709 κρατήσας
3674 632 3791 692 ἔτε-

2131 742 2224 796 ρος
2254 719 2510 797 βασιλεὺς
2566 725 2670 787 τῆς
2730 723 2923 792 νήσου,
2977 719 3224 779 ἐνέϐαλεν
3280 724 3409 787 τοὺς
3467 725 3657 800 ἁγίους
3711 725 3790 790 εἷς

2131 810 2384 884 κάμινον,
2442 810 2532 865 καὶ
2594 807 2726 866 ἰδὼν
2781 810 2976 874 αὐτοὺς
3052 812 3221 889 ὑγιεῖς
3280 813 3620 886 ἐξελθόντας,
3672 813 3797 870 ἐπί-

2131 919 2317 955 στευσε
2363 903 2444 972 τῷ
2499 900 2740 975 Χριστῷ,
2803 902 3233 973 μετονομασθεὶς
3285 898 3671 971 Σεϐαστιανὸς,
3701 905 3797 961 καὶ

2129 982 2190 1042 ἔκ
2242 1007 2370 1043 τοτε
2417 987 2510 1043 τὸν
2588 987 2824 1062 Χριστὸν
2903 987 3195 1064 ἐκήρυττεν
3273 991 3386 1064 ἅμα
3443 997 3562 1056 τοῖς
3617 991 3800 1067 ἁγίοις

2130 1075 2487 1139 ἀποστόλοις·
2519 1078 2637 1150 μεθ’
2684 1077 2758 1132 ὧν
2809 1075 2996 1141 καλῶς
3058 1079 3264 1154 βιώσας
3324 1079 3378 1136 έν
3438 1079 3650 1156 εἰρήνῃ,
3681 1080 3799 1138 ἐτε-

2129 1161 2362 1235 λειώθη.

2679 1364 2862 1422 ΜΠΝΙ
2907 1366 3001 1422 ΤΩ
3039 1370 3238 1424 ΔΥΤΩ.

2903 1454 3012 1511 KH'

2887 1559 3104 1635 ἱρτυρος
3164 1559 3328 1632 Δάδα,
3362 1563 3452 1618 καὶ
3481 1569 3585 1634 τῆς
3615 1584 3788 1622 συνο-

2788 1629 2816 1686 δ
2828 1629 2918 1697 ίας’
2937 1629 3127 1690 αὑτοῦ.

2129 1556 2404 1628 ’Δθλησις
2450 1563 2553 1614 τοῦ
2611 1561 2768 1634 ἁγίου

2200 1738 2264 1792 Οἱ
2317 1742 2416 1794 τοῦ
2469 1741 2712 1815 Χριστοῦ
2779 1742 3048 1818 μάρτυρες
3106 1739 3303 1812 Δάδας,
3362 1742 3640 1817 Μάξιμος,
3697 1746 3791 1802 καὶ

2128 1825 2495 1896 Κιντιλιανὸς,
2534 1829 2787 1902 ὑπῆρχον
2852 1831 2947 1904 μὲν
3002 1829 3091 1886 ἐπὶ
3146 1837 3246 1902 τῆς
3305 1831 3582 1904 βασιλείας
3617 1837 3788 1908 Maec-

361 1924 561 1981 miano
592 1923 972 1995 imperatore,
1007 1929 1064 1977 et
1091 1923 1412 1994 Tarquinio
1445 1922 1716 1978 consule.
1749 1924 1819 1977 Et
1847 1922 2011 1978 Maxi-

2129 1920 2346 1988 μιανοῦ,
2391 1917 2484 1972 καὶ
2541 1915 2841 1992 Ταρκυΐνου
2901 1919 3130 1989 ὑπάτου,
3192 1919 3252 1975 ἐκ
3305 1928 3406 1991 τῆς
3456 1921 3675 1986 πόλεως
3733 1921 3792 1980 δὶ

358 2030 494 2070 mus
524 2012 766 2086 quidem
802 2011 1197 2067 sanctissimas
1231 2012 1334 2067 Dei
1372 2011 1640 2067 ecclesiae
1667 2011 1856 2067 lector
1883 2010 2016 2077 fuit,

2125 2006 2486 2081 Δωροστόλου
2541 2011 2643 2078 τῆς
2700 2006 3059 2074 Μακεδονίας.
3133 2011 3239 2068 Καὶ
3293 2013 3321 2067 ὁ
3381 2013 3476 2085 μὶν
3539 2015 3790 2088 Μάξιμος

364 2103 698 2158 divinarum
758 2101 1195 2173 Scripturarum
1256 2101 1517 2173 Optimus
1585 2101 1900 2172 interpres,
1962 2105 2011 2156 el

2125 2096 2477 2172 ἀναγνώστης
2533 2098 2603 2168 ἦν
2662 2105 2764 2168 τῆς
2824 2101 3136 2174 ἁγιωτάτης
3182 2104 3280 2156 τοῦ
3329 2105 3464 2156 Θεοῦ
3496 2101 3791 2174 ἐκκλησίας

361 2193 424 2247 in
449 2191 668 2247 Christi
693 2190 935 2245 nomine
959 2188 1198 2244 docens.
1216 2188 1404 2245 Dadas
1427 2206 1583 2256 vero,
1617 2195 1675 2244 et
1701 2189 2016 2255 Quintilia-

358 2297 475 2337 nus
505 2285 677 2335 erant
708 2280 837 2350 ejus
863 2278 1160 2351 discipuli,
1195 2286 1252 2334 et
1280 2279 1478 2335 amici.
1513 2279 1859 2334 Denuntiati
1883 2296 2018 2351 pro-

359 2370 502 2426 inde
533 2369 786 2426 civitatis
818 2369 1080 2441 prsesidi,
1114 2373 1172 2424 et
1201 2368 1640 2441 comprehensi,
1672 2385 1870 2424 coram
1888 2370 2016 2442 ipso

359 2459 599 2515 adducti
642 2458 926 2514 fuerunt:
961 2465 1139 2530 atque
1198 2457 1270 2514 ab
1330 2473 1398 2513 eo
1458 2458 1826 2530 interrogati,
1882 2475 2016 2515 cum

357 2550 656 2605 Christum
687 2548 874 2604 libere
905 2548 1161 2604 confessi
1190 2548 1464 2616 fuissent,
1496 2549 1558 2605 in
1589 2564 1889 2605 carcerem
1911 2549 2018 2606 de-

357 2639 504 2694 trusi
539 2645 715 2694 sunt:
769 2655 838 2695 ex
897 2654 1014 2709 quo
1065 2637 1282 2694 deinde
1331 2637 1549 2706 educti,
1603 2644 1782 2710 atque
1840 2638 2018 2694 idolis

360 2728 698 2784 sacriﬁcare
721 2727 1042 2799 jussi,cum
1067 2732 1412 2782 constanter
1431 2726 2018 2800 respuissent,denu-

363 2815 485 2872 dati
517 2817 800 2888 primum.
835 2822 894 2871 et
923 2833 1102 2888 super
1133 2816 1381 2872 humum
1412 2817 1740 2883 extensi,ex
1764 2822 2019 2889 quatuor

361 2905 633 2980 partibus
663 2905 851 2979 ligati,
881 2906 1016 2963 caesi
1051 2911 1227 2962 sunt:
1261 2922 1328 2962 ac
1383 2906 1624 2962 demum
1671 2907 1863 2980 capite
1913 2905 2017 2962 ob-

368 2995 650 3050 truncati.
683 2996 901 3051 Eorum
930 2995 1203 3067 reliquias
1230 2994 1370 3052 inde
1391 2995 1696 3052 translata;
1726 2995 2016 3052 Constan-

354 3083 608 3157 tinopoli
637 3083 922 3156 deposita
950 3083 1216 3142 fuerunt.

2121 2184 2307 2248 καλῶς
2362 2186 2680 2260 ἑρμηνεύων
2737 2187 2834 2251 τάς
2901 2188 3047 2251 θείας
3103 2191 3340 2266 Γραφᾶις,
3398 2193 3487 2246 καὶ
3521 2190 3793 2249 διδάσκων

2125 2272 2211 2328 ἐπὶ
2242 2279 2322 2348 τῷ
2353 2274 2581 2349 ὀνόματι
2623 2280 2720 2331 τοῦ
2777 2281 3043 2353 Χριστοῦ
3105 2279 3134 2333 ὁ
3193 2277 3251 2334 δὲ
3307 2277 3504 2350 Δαδας,
3534 2283 3623 2336 καὶ
3660 2285 3789 2340 Κιν-

2121 2361 2370 2426 τιλιανὸς
2401 2365 2537 2434 ἦσαν
2569 2365 2738 2421 αὐτοῦ
2780 2366 3021 2439 μαθηταὶ
3080 2369 3172 2422 καὶ
3230 2367 3414 2446 φίλοι.
3454 2373 3790 2444 Καταμηνυ-

2124 2451 2303 2516 θέντες
2361 2450 2419 2508 δὶ
2471 2459 2552 2526 τῷ
2601 2461 2704 2524 τῆς
2763 2455 2982 2520 πόλεως
3038 2454 3292 2532 ἄρχοντι,
3348 2457 3440 2514 καὶ
3487 2459 3791 2536 κρατηθέν-

2122 2561 2233 2610 τες,
2330 2543 2674 2618 παρέστησαν
2781 2543 2950 2618 αὐτῷο
3038 2546 3129 2600 καὶ
3230 2544 3619 2621 ὶρωτηθέντες,
3695 2551 3784 2606 καὶ

2121 2631 2215 2686 τὸν
2293 2633 2524 2707 Χριστὸν
2598 2632 2883 2709 παῤῥησίᾳ
2966 2632 3442 2710 ὁμολογήσαντες,
3518 2639 3788 2695 ἀπεκλεί-

2124 2720 2324 2790 σθησαν
2363 2720 2440 2784 εἰς
2469 2719 2746 2799 φυλακήν.
2791 2722 2928 2780 Εἶτα
2974 2730 3076 2792 τῆς
3125 2723 3378 2801 φυλακῆς
3409 2720 3786 2804 ἐκϐληθέντες,

2122 2810 2210 2864 καὶ
2269 2813 2792 2886 καταναγκασθέντες
2847 2813 3001 2867 θῦσαι
3059 2818 3178 2878 τοῖς
3235 2813 3516 2887 εἰδώλοις,
3556 2819 3649 2873 καὶ
3706 2822 3785 2892 μὴ

2122 2899 2447 2968 πεισθέντες,
2504 2899 2906 2975 γυμνωθέντες,
2976 2900 3066 2956 καὶ
3144 2899 3485 2968 ἀπλωθέντες
3540 2905 3629 2961 ἐπὶ
3683 2909 3784 2978 τήν

2120 2993 2247 3064 γῆν,
2347 2985 2408 3044 ἐκ
2499 2991 2777 3064 τεσσάρων
2878 2987 3179 3064 δεδεμένοι,
3273 2991 3597 3072 ἐτυφθησαψ
3676 3000 3790 3053 είτα

2121 3075 2651 3154 ἀπεκεφαλίσθησανο
2735 3079 2810 3134 ὧν
2895 3080 2964 3135 τά
3030 3077 3259 3156 λείψανα
3325 3082 3786 3158 ἀποκομισθέντα,

2121 3161 2379 3236 έτέθησαν
2411 3166 2464 3222 ἐν
2501 3168 3096 3228 ΚωνσταντινουπόΛει.

352 3268 423 3322 Ει
450 3271 728 3322 certamen
769 3268 950 3322 sancti
1003 3267 1268 3339 martyris
1324 3269 1576 3335 Zenonis,
1635 3273 1689 3324 et
1742 3271 2011 3326 sociorum

2126 3271 2232 3328 Καὶ
2263 3269 2497 3344 ἄθλησις
2551 3273 2648 3329 τοῦ
2701 3273 3195 3358 ἆγίουῃμάρτυρος
3241 3279 3511 3348 Ζήνωνος,
3562 3277 3650 3332 καὶ
3679 3282 3780 3343 τῆς

1112 3353 1251 3407 ejus.

423 3445 620 3500 Zenon
643 3443 862 3500 Christi
892 3448 1138 3518 martyr,
1161 3461 1284 3501 una
1307 3461 1444 3502 cum
1486 3447 1708 3503 sanctis
1737 3449 2011 3519 Eusebio,

353 3535 574 3602 Neone,
607 3538 666 3588 et
687 3533 920 3603 Vitalio,
951 3535 1066 3590 fuit
1091 3551 1164 3590 ex
1187 3535 1455 3608 Corcyraa
1481 3536 1699 3594 insula.
1733 3538 2013 3595 lnstructi

353 3629 553 3679 autem
583 3638 618 3678 a
661 3623 883 3679 sanctis
929 3624 1230 3695 Apostolis
1284 3625 1518 3693 Jasone,
1579 3631 1639 3683 et
1687 3626 2011 3699 Sosipatro,

353 3711 585 3767 Christo
611 3711 1016 3767 crediderunt.
1044 3711 1234 3768 Delati
1256 3713 1437 3785 igitur
1456 3714 1614 3785 apud
1635 3715 2012 3786 Cercylinum

353 3799 569 3854 insula!
602 3799 901 3871 regulum,
935 3805 993 3854 et
1022 3801 1464 3872 comprehensi,
1488 3803 1882 3875 gravibusque
1905 3821 2010 3860 ca-

352 3888 508 3943 tenis
541 3887 614 3944 ab
649 3887 985 3944 idololatris
1018 3890 1348 3956 constricti,
1379 3907 1581 3947 coram
1609 3892 1740 3963 ipso
1772 3892 2011 3950 adducti

352 3982 511 4034 sunt.
539 3977 682 4032 Cum
714 3993 850 4032 vero
881 3977 955 4032 ab
983 3994 1050 4032 eo
1100 3978 1470 4052 interrogati,
1531 3981 1830 4037 Christum
1868 3999 2010 4055 pro-

347 4065 492 4121 fessi
521 4069 740 4134 essent,
774 4065 1037 4122 vestibus
1069 4066 1330 4138 primum
1357 4067 1664 4136 denudati,
1719 4085 1787 4126 ac
1834 4087 2013 4144 super

349 4154 600 4212 humum
631 4155 882 4222 extensi,
906 4154 1271 4227 funibusque
1315 4157 1594 4214 manibus
1642 4174 1711 4214 ac
1758 4159 2011 4231 pedibus

349 4243 600 4317 alligati,
631 4259 738 4317 per
768 4243 972 4316 plures
999 4245 1175 4301 horas
1195 4245 1374 4320 virgis
1403 4247 1540 4302 caesi
1573 4254 1735 4314 sunt,
1759 4255 1826 4304 ut
1847 4265 2012 4324 coge-

350 4337 563 4390 rentur
589 4332 890 4390 Christum
941 4333 1254 4408 abnegare,
1300 4340 1360 4390 et
1414 4335 1592 4392 idolis
1650 4337 2006 4395 sacriﬁcare.

349 4421 460 4480 Sed
491 4439 626 4479 cum
657 4421 717 4478 id
742 4428 1090 4480 constanter
1135 4431 1540 4494 recusassent,
1598 4442 1666 4481 ac
1714 4443 1789 4483 ne
1833 4428 2008 4483 verbo

345 4511 590 4583 quidem
613 4510 935 4568 daemoniis
959 4513 1298 4570 sacrificare
1320 4516 1856 4585 consensissent,in
1877 4533 2006 4573 car-

347 4617 545 4656 cerem
561 4617 745 4672 prope
761 4603 978 4658 mortui
997 4603 1223 4658 detrusi
1248 4603 1761 4661 fuerunt.Demum
1783 4607 2007 4680 ingenti

348 4689 754 4761 ignisfornace
772 4699 1110 4760 accensa,et
1129 4709 1364 4748 carcere
1387 4694 1604 4763 educti,
1620 4696 1681 4751 in
1709 4697 1806 4752 16
1840 4697 2006 4754 illam

347 4779 553 4849 injecti
585 4785 761 4835 sunt:
795 4787 972 4852 atque
1004 4783 1087 4837 ita
1115 4782 1347 4838 vivendi
1377 4784 1558 4840 finem
1587 4785 1880 4842 fecerunt.

343 4995 409 5050 Et
437 4998 704 5052 memoria
739 4999 918 5052 sancti
968 5000 1154 5054 Patris
1207 5003 1386 5057 nostri
1439 5004 1749 5059 Memnonis
1807 5005 2002 5062 Thau-

1037 5075 1298 5142 maturgi.

413 5178 666 5233 Sanctus
697 5181 869 5235 Pater
921 5187 1124 5237 noster
1189 5184 1465 5238 Memnon
1522 5183 1999 5259 Thaumaturgus

343 5283 479 5322 cum
503 5267 628 5322 haec
651 5271 838 5326 sancti
858 5273 1153 5345 Evangelii
1184 5273 1364 5328 verba
1394 5271 1662 5328 audisset
1687 5289 1700 5327 :
1738 5274 1847 5338 Qui
1880 5293 2002 5332 non

339 5357 652 5427 reliquerit
680 5366 930 5430 patrem,
965 5362 1056 5416 vel
1091 5367 1361 5427 matrem,
1395 5361 1484 5415 vel
1515 5360 1749 5429 fratres,
1785 5363 1874 5417 vel
1908 5382 1999 5420 so-

339 5462 527 5511 rores,
558 5447 649 5502 vel
680 5449 909 5517 domos,
942 5451 1032 5506 vel
1061 5467 1253 5523 agros,
1288 5467 1408 5506 non
1441 5456 1640 5522 potest
1669 5468 1837 5508 meus
1870 5470 1999 5510 esse

338 5535 669 5608 discipulus
703 5555 716 5594 :
750 5539 928 5595 corde
958 5546 1377 5613 compunctus,
1427 5540 1651 5597 relictis
1694 5542 1997 5611 omnibus,

339 5633 578 5687 secutus
607 5633 701 5684 est
750 5629 1072 5686 Christum.
1123 5633 1316 5702 Atque
1368 5631 1451 5686 ita
1500 5630 1785 5690 virtutum
1836 5649 1998 5690 exer-

337 5714 724 5774 citationibus
751 5719 1084 5787 contendit,
1117 5725 1185 5777 ut
1213 5721 1600 5793 purissimum
1617 5720 1794 5796 plane
1812 5722 1999 5780 domi-

338 5802 566 5871 cilium,
598 5821 666 5862 ac
696 5807 1115 5876 dignissimum
1145 5810 1394 5882 Spiritus
1449 5811 1635 5866 sancti
1687 5811 1992 5869 habitacu-

2721 3343 2972 3409 συνοδίας
3000 3343 3189 3405 αὑτοῦ.

2195 3454 2404 3526 Ζήνων,
2462 3456 2492 3510 ὁ
2546 3453 2645 3510 τοῦ
2700 3457 2937 3531 Χριστοῦ
3016 3456 3364 3533 μάρτυς,ἅμα
3426 3462 3545 3522 τοῖς
3600 3459 3781 3535 ἁγίοις

2122 3537 2422 3616 Εὑσεϐείῳ,
2453 3545 2656 3614 Νέωνι,
2713 3545 2803 3600 καὶ
2855 3543 3120 3619 Βιταλίῳ,
3181 3547 3433 3623 ὑπῆρχον
3470 3548 3564 3621 μὶν
3598 3547 3659 3604 ὲκ
3684 3555 3784 3619 τῆς

2121 3633 2292 3702 νήσου
2348 3632 2648 3708 Κερκύρας·
2711 3635 3134 3710 κατηχισθέντες
3194 3633 3252 3691 δὶ
3315 3637 3419 3693 ὑπὸ
3476 3641 3584 3693 τῶν
3616 3639 3783 3714 ἁγίων

2123 3719 2445 3777 ἀποστόλων
2510 3721 2786 3794 ’1άσωνος,
2863 3724 2952 3779 καὶ
3029 3725 3413 3796 Σωσιπάτρου,
3471 3725 3785 3783 ἐπίστευσαν

2120 3815 2200 3884 τῷ
2259 3815 2500 3889 Χριστῷ·
2554 3814 2645 3868 καὶ
2727 3810 3119 3886 διαϐληθέντες
3174 3815 3496 3892 Κερκυλίνῳ
3552 3823 3632 3888 τῷ
3687 3826 3787 3890 τῆς

2120 3902 2292 3970 νήσου
2353 3902 2591 3978 βασιλεῖ,
2651 3903 3045 3977 ἐκρατήθησαν
3109 3905 3200 3961 καὶ
3259 3903 3498 3970 δεθέντες
3543 3909 3645 3964 ὑπὸ
3673 3912 3782 3964 τῶν

2122 3987 2543 4067 εἷδωλολατρῶν
2603 3993 2827 4049 ἁλύσεσι
2911 3994 3177 4070 βαρείαις,
3247 3997 3592 4072 παρέστησαν
3651 3997 3790 4053 ἰνώ-

2122 4100 2245 4135 πιον
2306 4079 2493 4137 αὑτοῦ.
2555 4082 2661 4137 Καὶ
2745 4081 3131 4157 ἐρωτηθέντες,
3185 4084 3275 4139 καὶ
3344 4086 3789 4164 ὁμολογήσαντες

2119 4170 2210 4224 τὸν
2267 4171 2523 4244 Χριστὸν,
2585 4175 2962 4247 γυμνωθέντες
3021 4179 3130 4230 τῶν
3186 4175 3420 4248 ἱματίων
3462 4177 3664 4249 αὐτῶν,
3696 4178 3788 4234 καὶ

2128 4257 2216 4314 Eni
2273 4261 2374 4329 τὴν
2429 4267 2531 4335 γῆν
2593 4261 2962 4334 άπλωθέντες,
3021 4267 3111 4319 καὶ
3170 4262 3402 4328 δεθέντες
3454 4265 3645 4342 χείρας
3697 4266 3787 4322 καὶ

2120 4344 2294 4412 πόδας
2348 4348 2643 4424 σχοινίοις,
2699 4350 3003 4428 ἰτὺφθησαν
3063 4347 3306 4429 ῥάϐδοις.
3366 4356 3491 4413 Ἐπὶ
3543 4353 3784 4420 πολλαῖς

2119 4457 2178 4492 τε
2251 4435 2420 4512 ὥραις
2495 4445 3018 4518 καταναγκασθέντες
3092 4443 3424 4514 ἀρνήσασθαι
3522 4447 3618 4518 μὶν
3695 4449 3787 4501 τὸν

2119 4528 2373 4600 Χριστὸν,
2407 4529 2562 4584 θῦσαι
2623 4527 2681 4586 δὶ
2735 4536 2852 4594 τοῖς
2911 4529 3191 4600 εἰδώλοις,
3253 4535 3331 4606 μὴ
3390 4535 3696 4599 πεισθέντες
3728 4533 3787 4590 δί

2124 4614 2266 4690 μηδὲ
2299 4619 2467 4694 μέχρι
2500 4617 2672 4694 λόγου
2721 4624 2878 4684 θῦσαι
2933 4626 3052 4683 τοῖς
3109 4619 3386 4695 δαίμοσιν,
3419 4621 3783 4697 ἀπεκλείσθη-

2117 4727 2210 4761 σαν
2271 4706 2349 4772 είς
2396 4706 2672 4785 φυλακήν,
2754 4709 2882 4766 ὡσεὶ
2967 4709 3174 4786 νεκροί.
3265 4712 3362 4767 Καὶ
3419 4714 3552 4786 μετά
3607 4719 3778 4769 ταῦτα

2115 4795 2352 4868 καμίνου
2386 4797 2631 4872 μεγάλης
2689 4798 3040 4876 ἀναφθείσης,
3105 4806 3206 4869 τῆς
3267 4799 3518 4878 φυλακῆς
3569 4797 3784 4874 ἐκϐλη-

2113 4884 2315 4953 θέντες,
2345 4886 2434 4940 καί
2469 4885 2522 4940 ἐν
2555 4887 2693 4961 αὐτῇ
2719 4885 3110 4961 ἐμϐληθέντες,
3144 4889 3566 4960 ἐτελειώθησαν.

2115 4992 2213 5047 Καὶ
2277 4995 2472 5067 μνήμη
2521 4998 2622 5050 τοῦ
2681 4995 2834 5050 ὁσίου
2895 4996 3105 5070 Πατρὸς
3151 4998 3312 5069 ἡμῶν
3365 4996 3647 5070 Μέμνονος
3681 5002 3782 5052 τοῦ

2718 5073 2825 5123 Θαυ
2834 5073 3164 5145 ματουργοῦ.

2183 5173 2442 5246 Μέμνων,
2475 5176 2502 5231 ὁ
2533 5173 2587 5231 έν
2631 5176 2808 5251 ἁγίοις
2864 5179 3051 5254 Πατὴρ
3099 5179 3286 5249 ἡμῶν,
3337 5178 3366 5233 ὁ
3418 5184 3780 5252 Θαυματουρ-

2111 5263 2228 5338 γὸς,
2259 5263 2496 5328 ἀκούσας
2540 5270 2642 5321 τοῦ
2700 5267 2852 5342 άγίου
2892 5267 3233 5343 Εὖαγγελίου
3266 5266 3550 5342 λέγοντος’
3588 5271 3780 5332 ’Ὁστις

2115 5362 2213 5416 οὑκ
2242 5361 2420 5436 ἀφῆκε
2449 5367 2680 5439 πατέρα,
2737 5365 2772 5434 ἢ
2839 5363 3070 5441 μητέρα,
3127 5365 3163 5435 ἢ
3226 5363 3521 5442 ἀδελφοὺς,
3556 5369 3592 5436 ἢ
3625 5366 3787 5423 ἀδελ-

2111 5451 2237 5525 φὰς,
2271 5453 2306 5521 ἦ
2341 5454 2542 5521 οἱκίας,
2575 5457 2609 5526 ἢ
2640 5455 2862 5530 ἀγροὺς,
2922 5455 2984 5512 οὐ
3039 5453 3263 5512 δύναταί
3298 5477 3403 5529 μου
3436 5458 3565 5512 εἶναι
3602 5469 3780 5529 μαθη-

2106 5542 2227 5611 τής’
2287 5542 2379 5597 καὶ
2437 5546 2753 5621 κατανυγεὶς
2803 5546 2904 5613 την
2963 5547 3170 5622 ψυχήν,
3230 5543 3551 5602 καταλιπὼν
3581 5550 3778 5616 πάντα,

2106 5630 2466 5704 ἠκολούθησε
2493 5641 2574 5708 τῷ
2603 5639 2843 5712 Χριστῷο
2901 5637 2993 5693 καὶ
3053 5637 3230 5700 οὕτως
3286 5639 3604 5713 ἠγωνίσατο
3638 5640 3777 5712 πρὸς

2104 5722 2322 5795 ἀρετὴν,
2383 5725 2458 5787 ὡς
2524 5723 2746 5802 δοχεῖυν
2826 5727 3088 5804 καθαρὸν,
3168 5727 3259 5783 καὶ
3342 5727 3774 5803 κατοικητήρίον

2104 5813 2251 5882 ἄξιον
2336 5810 2575 5888 γενέσθαι
2663 5819 2760 5870 τοῦ
2844 5816 3000 5893 ἁγίου
3059 5816 3396 5890 Πνεῦματος.
3479 5818 3776 5889 Ὑποταξας
