4108 6422
323 451 444 513 429

1884 442 2216 507 APllILlS.

3651 461 3771 520 430

323 582 429 661 γὰρ
458 581 561 649 τήν
588 578 766 655 σάρκα
816 582 897 652 τῷ
952 578 1217 651 πνεύματι
1275 576 1366 634 διὰ
1420 576 1641 646 πολλῆς
1689 575 2001 652 ἐγκρατείας

2121 580 2239 639 lum
2264 587 2533 642 evaserit.
2557 588 2701 643 Cum
2720 589 2942 645 etenim
2964 607 3205 647 carnem
3220 609 3328 665 per
3343 594 3776 652 continentiam

328 672 423 730 καὶ
478 670 892 739 ταπεινώσεως,
950 672 1044 724 καί
1118 668 1306 722 παθῶν
1377 667 1667 741 κυριεύσας
1738 668 1846 720 τῶν
1904 671 2004 734 τῆς

330 754 535 828 σαρκὸς
566 753 715 825 ὁμοῦ
745 750 837 805 καὶ
884 756 985 820 τῆς
1041 751 1252 825 ψυχῆς,
1311 745 1525 824 ἐγένετο
1579 746 1669 802 καὶ
1739 745 2003 819 μοναζὸν-

328 866 446 900 των
496 842 768 918 ἀρχηγὸς,
824 842 913 896 καὶ
980 840 1098 917 βίον
1153 841 1320 910 ζήσας
1372 838 1690 915 ίσάγγελον,
1738 839 1828 892 καὶ
1858 836 2005 912 παρὰ

332 938 475 993 Θεοῦ
504 935 600 1002 τὴν
645 936 756 987 τῶν
818 932 1109 1004 θαυμάτων
1166 929 1457 985 ὶπλούτισε
1504 930 1690 1005 χάριν.
1742 928 1845 985 Καὶ
1900 926 2001 1003 γὰρ

333 1028 484 1097 πάθη
546 1024 743 1080 ἀνίατα
827 1021 1171 1099 ἐθεράπευσε,
1258 1019 1350 1076 καὶ
1437 1019 1676 1097 ῥείθροις
1756 1016 2001 1094 δακρύων

337 1117 438 1185 τὴν
489 1116 681 1191 ψυχήν
733 1111 1109 1187 ἀποκαθάρας,
1170 1107 1338 1165 ὕδατα
1392 1108 1446 1166 ἐν
1506 1110 1657 1185 ξηρῷ
1700 1108 1854 1182 τόπῳ
1911 1105 2001 1163 διὰ

334 1210 657 1280 προσευχῆς
685 1196 988 1258 ἀναϐλύσαι
1032 1198 1422 1275 παρεσκεύασε,
1474 1200 1566 1254 καὶ
1620 1197 1766 1255 ἀλλα
1813 1196 2002 1253 πολλὰ

334 1292 588 1367 θαύματα
617 1290 871 1361 τελέσας,
904 1288 957 1345 ἐν
986 1288 1180 1366 εἰρήνῃ
1214 1287 1540 1359 ἐτελειώθη.

896 1480 1083 1540 MHNI
1135 1483 1222 1535 ΤΩ
1261 1480 1460 1538 ΑΥΤΩ.

339 1664 549 1737 Μνήμη
611 1664 714 1716 τοῦ
772 1658 931 1736 ἀγίου
975 1569 1314 1737 Δάποὲτέλομ
1391 1656 1665 1732 Σίμωνος,
1741 1655 1800 1718 ’ὸς
1880 1653 2002 1711 ἅπε-

941 1731 1126 1802 κλήθη
1159 1727 1393 1788 Ἰούδας.

424 1849 601 1922 Σίμων
634 1849 664 1903 δ
718 1851 819 1903 τοῦ
876 1848 1115 1923 Χριστοῦ
1173 1846 1342 1921 μὲγας
1394 1844 1727 1915 ἀπόστολος,
1784 1844 2004 1919 ὑπῆρχε

2114 674 2421 746 animique
2452 675 2880 734 demissionem
2913 680 3148 752 spiritui
3180 681 3559 754 subjecisset.
3611 691 3670 741 et
3712 686 3777 741 in

2114 782 2323 823 omnes
2345 771 2543 825 carnis
2566 770 2870 843 animique
2884 774 3460 847 aﬂ’ectusimperium
3480 777 3777 834 obtinuis-

2115 861 2225 924 set,
2252 859 2682 915 monachorum
2704 878 2925 932 praeses
2947 863 3136 919 factus
3161 870 3249 920 est
3270 867 3599 937 :vitamque
3619 885 3769 939 pene

2113 946 2441 1018 angelicam
2460 950 2773 1006 traducens
2796 952 2974 1007 etiam
2995 954 3419 1011 miraculorum
3434 956 3590 1012 dono
3605 975 3639 1013 a
3652 959 3769 1013 Deo

2112 1033 2334 1091 ditatus
2362 1035 2494 1094 fuit.
2529 1039 2760 1095 Morbos
2791 1042 2948 1096 enim
3004 1060 3247 1113 prorsus
3295 1045 3769 1104 immedicabiles

2113 1126 2372 1193 curavit;
2396 1126 2637 1184 demum
2660 1147 2795 1186 cum
2817 1132 3080 1188 animam
3103 1134 3500 1205 lacrymarum
3524 1136 3768 1194 ﬂuentis

2112 1216 2430 1287 expiasset,
2462 1234 2534 1274 ex
2563 1219 2728 1275 arido
2779 1224 2840 1276 et
2881 1221 3037 1278 sicco
3085 1223 3215 1278 loco
3257 1241 3441 1295 aquas
3490 1226 3767 1296 precibus

2111 1305 2411 1377 proﬂuere
2440 1306 2618 1364 fecit:
2651 1309 2905 1382 aliisque
2938 1311 3213 1383 plurimis
3244 1314 3549 1370 miraculis
3571 1320 3767 1386 patra-

2113 1395 2210 1462 tis,
2244 1394 2307 1452 in
2338 1412 2483 1469 pace
2522 1397 2900 1456 obdormivit.

2672 1502 2912 1557 EODEM
2956 1503 3206 1560 MENSE.

2640 1590 2746 1646 Die
2776 1591 3058 1648 vicesima
3086 1609 3246 1650 nona

2113 1678 2382 1732 Memoria
2462 1678 2639 1733 sancti
2719 1681 2958 1751 apostoli
3037 1684 3296 1751 Simonis,

3389 1685 3768 1753 cognominati

2845 1753 3025 1810 Judce.

2187 1856 2389 1912 Simon
2420 1873 2671 1931 magnus
2727 1859 2943 1916 Christi
2982 1862 3286 1932 apostolus
3332 1862 3446 1917 fuit
3493 1879 3565 1918 ex
3612 1864 3769 1919 Cana

354 1940 447 2013 μὶν
478 1938 582 1994 ἀπὸ
611 1940 763 1996 Κανᾶ
810 1943 912 2006 τῆς
967 1934 1285 2007 Γαλιλαίας,
1331 1931 1459 2000 ἔνθα
1499 1936 1527 1990 ὁ
1579 1933 1782 2007 Κύριος
1838 1936 2001 2007 ἡμῶν

2121 1946 2391 2012 Galilmaa,
2425 1947 2525 2003 ubi
2554 1950 2839 2005 Dominus
2871 1966 2938 2006 ac
2970 1952 3124 2007 Deus
3154 1958 3360 2007 noster
3406 1952 3481 2007 ad
3528 1954 3767 2024 nuptias

346 2029 433 2086 καί
490 2032 620 2092 Θεὸς
678 2026 909 2099 κληθεὶς
967 2027 1043 2091 εἰς
1097 2027 1299 2102 γάμον,
1370 2027 1509 2100 μετά
1561 2032 1660 2095 τῆς
1726 2024 2002 2101 ἀχράντου

339 2119 571 2194 Μητρὸς
623 2116 792 2173 αὐτοῦ
847 2117 937 2172 καὶ
996 2119 1105 2170 τῶν
1151 2116 1433 2187 μαθητῶν,
1486 2113 1772 2189 λείψαντος
1821 2112 2001 2183 οἷ’νου,

333 2213 435 2265 τοῦ
505 2210 942 2282 θαυματουργεῖν
1028 2204 1349 2279 ἀρξάμενος,
1437 2200 1529 2258 διὰ
1604 2202 2001 2279 παρακλήσεως

330 2305 437 2367 τῆς
470 2295 813 2371 Μητρὸς,τό
844 2293 995 2370 ὕδωρ
1047 2292 1125 2356 εἷς
1175 2294 1323 2348 οἶνον
1380 2286 1698 2365 μετέϐαλεν.
1757 2292 2002 2367 Ἐγένετο

333 2386 396 2446 δὲ
427 2389 598 2443 αὐτοῦ
661 2386 932 2460 μαθητὴς,
983 2384 1074 2440 καὶ
1128 2388 1226 2439 τοῦ
1281 2385 1638 2459 κηρύγματος
1700 2380 2000 2457 ὑπηρέτης·

330 2478 429 2535 καὶ
456 2478 529 2548 ἦν
561 2477 832 2550 μετὰτῶν
885 2472 1098 2530 λοιπῶν
1150 2472 1502 2537 ἀποστόλων,
1553 2473 1874 2537 ἀκολουθῶν
1924 2478 2005 2546 τῶ

332 2570 583 2644 Χριστῷ,
614 2564 834 2633 καὶτῆς
886 2566 1009 2638 παρ²
1066 2562 1232 2618 αὐτοῦ
1282 2560 1636 2625 διδασκαλίας
1685 2562 2003 2622 ἀπολαύων.

333 2658 494 2717 Μετά
526 2654 587 2713 δὶ
628 2656 729 2725 τὴν
788 2652 1066 2727 ἀνάληψιν
1126 2652 1289 2708 αὐτοῦ
1345 2652 1433 2707 καί
1486 2653 1585 2721 τὴν
1645 2650 1719 2715 εἷς
1777 2652 2005 2728 οὐρανὸν

336 2741 629 2815 ἀνάϐασιν,
681 2741 931 2807 ἀπελθὼν
994 2741 1070 2804 εἲς
1125 2743 1225 2811 τήν
1306 2740 1470 2796 πόλιν
1552 2738 1836 2810 Ἔδεσσαν,
1912 2740 2004 2796 καὶ

334 2835 594 2897 πολλοὺς
638 2830 855 2908 διδάξας
912 2836 1020 2887 τῶν
1082 2828 1509 2905 είδωλολατρῶν
1555 2830 1647 2886 τὸν
1698 2831 1859 2906 λόγον
1906 2837 2008 2899 τῆς

336 2925 633 2996 ἀληθείας,
662 2922 988 2996 ἐπέστρεψεν
1044 2920 1132 2976 ἐπὶ
1192 2920 1285 2976 τὸν
1348 2921 1568 2995 Κύριον·
1630 2921 1785 2978 Μετά
1838 2923 2008 2975 ταῦτα

337 3014 399 3073 δὶ
434 3014 905 3091 παραγενόμενος,
963 3011 1054 3069 καὶ
1110 3011 1186 3074 είς
1248 3009 1695 3085 Μεσοποταμίαν,
1746 3010 2007 3087 ἐκήρυττε

338 3106 623 3182 παῤῥησίᾳ
650 3102 715 3160 τὸ
746 3099 923 3176 ὄνομα
965 3106 1063 3159 τοῦ
1113 3100 1337 3177 Κυρίου·
1387 3101 1478 3155 καὶ
1533 3099 1700 3156 πάλιν
1749 3098 2003 3155 ἀπελθῶν

335 3196 413 3256 εἰς
450 3191 742 3262 Ἔδεσσαν,
798 3191 889 3247 καὶ
947 3188 1137 3249 πολλὰ
1193 3188 1444 3263 θαύματα
1497 3187 1867 3265 ἐργασάμενος
1928 3189 2003 3253 είς

331 3283 493 3357 δόξαν
526 3286 685 3351 Θεοῦ,
715 3281 767 3337 ἰν
803 3280 1000 3357 εἲρήνῃ
1031 3278 1354 3349 ἐτελείώθη.

334 3402 435 3462 Καὶ
469 3400 709 3471 ἄθλησις
753 3403 861 3455 τῶν
918 3398 1095 3473 Δᾀγίων
1153 3398 1197 3473 θ’
1256 3397 1546 3473 μαρτύρων
1604 3400 1713 3473 τῶν
1760 3396 1828 3473 ,ἐν
1886 3399 1998 3457 Κυ-

551 3467 704 3546 ζίκῳ,
739 3467 1052 3545 Θεογνίδου,
1083 3471 1170 3525 καὶ
1201 3467 1302 3539 τῆς
1331 3467 1585 3532 συνοδίας
1616 3470 1804 3525 αὐτοῦ.

420 3572 491 3630 Οἱ
526 3573 671 3646 ἅγιοι
706 3572 978 3645 μάρτυρες
1024 3574 1123 3625 τοῦ
1170 3570 1410 3644 Χριστοῦ
1458 3569 1701 3646 Θεόγνις,
1751 3570 2002 3647 Ῥοῦφος,

351 3660 724 3733 Ἀντίπατρος,
777 3658 1057 3735 Εύτυχὴς,
1117 3660 1408 3733 Ἀραιὰς,
1478 3660 1717 3735 Μάγνος,
1802 3657 2001 3714 Θεόδο-

352 3770 474 3817 τος,
509 3747 825 3819 Θαυμάσιος,
858 3750 946 3803 καὶ
982 3746 1284 3820 Φιλήμων,
1318 3750 1573 3826 ὑπῆρχον
1628 3748 1723 3824 μὲν
1777 3748 1838 3803 ἐκ
1883 3746 1993 3803 δια-

354 3838 539 3917 φόρων
596 3836 792 3908 τόπων,
885 3838 1357 3912 συναθροισθέντες
1424 3835 1482 3893 δὲ
1539 3837 1591 3893 ἐν
1658 3837 1877 3911 Κυζίκῳ
1933 3839 2003 3911 τῇ

341 3926 504 3985 πόλει
531 3928 668 3983 κατά
694 3929 785 3983 τὸν
817 3928 1007 4003 καιρὸν
1040 3930 1136 3982 τοῦ
1164 3924 1439 4002 διωγμοῦ,
1490 3925 1579 3981 καί
1627 3927 1719 3982 τὸν
1773 3926 2004 4004 Χριστὸν

332 4018 723 4095 κηρόττοντες,
757 4015 1135 4091 ἰκρατήθησαν
1186 4016 1334 4091 παρά
1388 4021 1496 4072 τῶν
1554 4013 2003 4091 εἶδωλολατρῶν,

330 4109 423 4163 καὶ
457 4104 837 4182 παρεδόθησαν
866 4110 948 4178 τῷ
976 4112 1077 4176 τῆς
1130 4106 1346 4168 πόλεως
1404 4102 1654 4183 ἆὶρχοντι⁸
1707 4105 1797 4161 καὶ
1848 4103 2002 4178 διξά-

336 4218 494 4270 μενοι
556 4197 785 4273 πρώτην
860 4195 1153 4272 ὶρωτησιν,
1234 4195 1325 4251 καὶ
1408 4195 1695 4274 τυφθὲντες
1780 4196 2005 4265 ἱκανῶς,

332 4287 808 4361 παρεπέμφθησαν
895 4285 1136 4364 φυλακῇ.
1219 4287 1313 4341 Καὶ
1408 4286 1543 4359 μετᾶ
1647 4289 1814 4340 ταῦνα
1908 4292 2007 4355 τῆς

335 4376 595 4455 φυλακῆς
656 4370 1039 4445 ἐκϐληθέντες,
1099 4376 1477 4449 ἠναγκάζοντο
1529 4373 1861 4447 ἀρνήσασθαι
1909 4376 2003 4447 μὲν

333 4468 429 4522 τὸν
462 4464 723 4539 Χριστὸν,
754 4468 908 4528 θῦσαι
959 4462 1017 4519 δὶ
1073 4468 1191 4528 τοῖς
1241 4461 1519 4526 εἰδώλοις.
1554 4465 1621 4521 Οἱ
1654 4461 1709 4519 δὶ
1761 4466 1837 4537 μὴ
1885 4485 2007 4519 πει-

338 4557 581 4623 σθέντες,
610 4552 757 4609 ἀλλά
781 4560 882 4623 τῆς
932 4554 1147 4624 πλάνης
1203 4554 1292 4608 καὶ
1351 4548 1717 4625 ματαιότητος
1768 4557 1875 4609 τῶν
1928 4552 2007 4608 εί-

339 4642 544 4700 δώλων
587 4644 1041 4709 καταπτύσαντες,
1100 4643 1191 4697 καὶ
1248 4646 1345 4698 τοῦ
1404 4642 1677 4719 ἃρχοντος
1728 4662 2004 4721 καταφρο-

2112 2042 2351 2091 vocatus
2373 2053 2493 2092 una
2520 2054 2655 2093 cum
2682 2040 3036 2095 intemerata
3067 2040 3195 2109 ejus
3227 2041 3543 2107 Genitrice,
3577 2057 3645 2095 ac
3676 2040 3768 2095 di-

2114 2126 2702 2197 scipulis,deﬁciente
2725 2129 2883 2193 vino,
2909 2130 3213 2185 miraculis
3236 2130 3473 2185 initium
3497 2130 3766 2195 daturus,

2115 2216 2385 2288 ejusdem
2418 2234 2538 2273 sua)
2566 2218 2882 2273 Genitricis
2913 2224 3143 2291 rogatu,
3189 2236 3405 2291 aquam
3460 2220 3521 2274 in
3565 2220 3767 2273 vinum

2113 2307 2638 2363 convertit.Factus
2661 2314 2751 2363 est
2770 2308 2970 2380 itaque
2989 2310 3191 2365 Simon
3213 2310 3402 2381 ipsius
3418 2310 3769 2383 discipulus,

2113 2413 2182 2453 ac
2209 2397 2653 2469 praedicationis
2696 2398 3010 2454 minister:
3061 2404 3119 2455 et
3164 2416 3285 2455 una
3332 2415 3466 2455 cum
3524 2400 3774 2472 reliquis

2113 2487 2401 2559 apostolis
2418 2488 2719 2544 Christum
2744 2504 3023 2559 sequens,
3056 2489 3221 2544 illius
3242 2489 3527 2545 doctrinas
3554 2490 3771 2562 pabulo

2113 2576 2548 2649 perfruebatur.
2581 2580 2656 2633 At
2684 2584 2820 2649 post
2839 2579 2970 2650 ejus
2991 2594 3187 2635 assum
3200 2580 3463 2651 ptionem
3487 2584 3545 2635 et
3564 2597 3775 2637 ascen-

2113 2666 2342 2723 sionem
2375 2667 2438 2723 in
2468 2667 2705 2733 ccelum,
2736 2667 3017 2723 Edessam
3051 2668 3240 2740 petiit,
3274 2669 3374 2724 ubi
3397 2686 3533 2725 cum
3554 2671 3775 2728 multos

2115 2773 2187 2813 ex
2215 2755 2551 2812 idololatris
2580 2756 2826 2813 verbum
2856 2758 3121 2813 veritatis
3154 2758 3510 2825 edocuisset;
3542 2760 3678 2815 illos
3696 2760 3770 2815 ad

2115 2846 2433 2901 Dominum
2456 2847 2911 2902 convertit.Post
2930 2846 3056 2901 haec
3073 2852 3271 2902 autem
3287 2850 3771 2921 Mesopotamiam

2114 2950 2458 3008 peragrans,
2494 2934 2679 2991 libere
2710 2935 2926 2991 Christi
2957 2952 3176 2992 nomen
3204 2938 3583 2994 annuntiavit
3616 2955 3628 2993 :
3662 2940 3772 2994 ite-

2113 3040 2368 3097 rumque
2403 3025 2493 3080 71
2532 3023 2814 3080 Edessam
2872 3041 3198 3097 regressus,
3255 3043 3389 3082 cum
3448 3027 3637 3084 multa
3693 3028 3769 3084 ad

2116 3118 2220 3173 Dei
2249 3116 2501 3191 gloriam
2531 3115 2823 3173 miracula
2854 3115 3157 3185 edidisset,
3182 3117 3246 3173 in
3275 3134 3420 3189 pace
3452 3117 3730 3177 decessit.

2112 3418 2181 3473 Et
2236 3421 2878 3491 certamen__sanctmjum
2924 3433 3116 3473 novem
3184 3424 3492 3491 martyrum
3570 3420 3773 3490 Cyzici,

2504 3487 2835 3557 Theognidis
2863 3494 2915 3544 et
2943 3492 3213 3544 sociorum
3241 3487 3378 3560 ejus.

2190 3588 2388 3644 Sancti
2436 3588 2653 3644 Christi
2713 3594 3003 3661 martyres
3047 3591 3360 3663 Theognis.
3407 3590 3612 3657 Rufus,
3662 3594 3773 3649 An-

2112 3679 2348 3749 tipater,
2400 3678 2715 3749 Eutyches,
2764 3680 3055 3746 Artemas,
3102 3682 3364 3753 Magnus,
3411 3680 3770 3749 Theodotus,

2114 3768 2524 3835 Thaumasius,
2557 3772 2617 3823 et
2646 3768 2982 3835 Philemon,
3028 3785 3097 3825 ex
3129 3769 3376 3825 diversis
3427 3771 3769 3843 regionibus

2117 3864 2311 3914 ortnm
2342 3857 2600 3913 duxere:
2637 3857 2817 3913 simul
2847 3862 3046 3914 autem
3078 3876 3147 3913 eo
3179 3863 3470 3931 tempore,
3494 3876 3610 3930 quo
3633 3876 3773 3933 per-

2117 3946 2341 4002 secutio
2358 3945 2613 4001 excitata
2632 3944 2914 4012 fuerat,in
2937 3946 3083 4002 urbe
3106 3947 3311 4019 Cyzico
3330 3953 3774 4004 convenerunt:

2116 4036 2217 4091 ubi
2249 4035 2547 4091 Christum
2580 4035 2999 4107 praedicantes,
3041 4036 3458 4108 comprehensi
3510 4043 3651 4093 sunt
3701 4038 3774 4093 ab

2116 4124 2539 4185 idololatris.et
2560 4125 2633 4180 ad
2661 4126 2918 4180 civitatis
2938 4126 3253 4196 praasidem
3271 4127 3533 4182 adducti.
3560 4133 3641 4183 Ac
3662 4128 3778 4200 pri-

2116 4228 2275 4269 mam
2299 4212 2695 4282 quaastionem
2720 4211 3065 4280 subeuntes,
3093 4212 3417 4269 crudeliter
3450 4214 3609 4280 caasi,
3637 4220 3696 4269 et
3717 4216 3781 4270 in

2116 4317 2416 4360 carcerem
2448 4300 2675 4356 detrusi
2708 4301 2969 4356 fuerunt.
3002 4303 3216 4358 Postea
3245 4318 3275 4357 e
3299 4318 3533 4358 carcere
3560 4303 3779 4373 educti,

2117 4392 2414 4451 Christum
2447 4390 2739 4463 abnegare
2764 4390 2920 4461 jussi
2950 4395 3108 4455 sunt,
3135 4396 3193 4445 et
3219 4390 3396 4446 idolis
3419 4392 3777 4448 sacriﬁcare.

2116 4481 2261 4536 Cum
2291 4495 2427 4535 vero
2471 4495 2592 4534 non
2654 4479 3028 4545 assensisset,
3087 4479 3189 4534 sed
3240 4480 3437 4552 potius
3481 4479 3778 4537 idolorum

2115 4568 2528 4640 deceptiouem
2559 4584 2895 4639 vanumque
2927 4568 3152 4624 cultum
3196 4568 3627 4641 despexissent,
3680 4570 3777 4643 ip-

2118 4674 2370 4729 sumque
2393 4656 2709 4729 praasidem
2734 4658 3255 4729 contempsissent,
3278 4660 3461 4714 sacris
3484 4660 3780 4731 capitibus

335 4736 624 4804 νήσαντες,
684 4732 781 4794 τάς
840 4734 991 4806 ἱεράς
1052 4731 1228 4787 αὐτῶν
1285 4731 1528 4810 κεφαλὰς
1585 4710 1999 4805 ἀπετμήθησαν

2121 4710 2364 4729 μηηη
2394 4710 2539 4729 τηρ
2584 4710 2707 4712 -
3489 4710 3779 4731 “rm”-

2121 4747 2400 4804 abscissis
2429 4747 2780 4818 martyrium
2812 4753 3326 4803 consummarunt.
3362 4749 3607 4805 Illorum
3642 4751 3781 4805 reli-

335 4825 409 4879 τὰ
438 4820 501 4877 δὶ
530 4821 761 4895 λείψανα
799 4821 975 4878 αὐτῶν
1041 4818 1396 4895 μετατεθέντα
1454 4820 1506 4876 ἰν
1567 4821 1809 4895 Κυζίκῳ,
1865 4819 2007 4877 πολ-

338 4910 447 4974 λάς
478 4911 649 4973 ἲάσεις
676 4910 989 4967 ἐπιτελοῦσι
1020 4911 1100 4974 εἷς
1135 4907 1290 4984 δόξαν
1324 4914 1588 4984 Χριστοῦ.

908 5011 1090 5069 ΜΗΝΙ
1130 5016 1213 5067 ΤΩ
1251 5012 1449 5069 ΑΥΤΩ.

342 5188 618 5262 Ἀθλησις
669 5193 769 5245 τοῦ
830 5189 986 5267 ἀγίου
1043 5108 1357 5271 ἀποέτόλου
1430 5185 1698 5249 Ἰακώϐου
1771 5187 2011 5271 ἀδελφοῦ

1008 5266 1107 5318 τοῦ
1138 5263 1360 5337 Κυρίου.

415 5357 709 5430 Ἰάκωϐος,
764 5365 793 5419 ὁ
855 5366 1024 5440 μέγας
1079 5361 1407 5436 ἀπόστολος,
1467 5363 1584 5426 υἱὸς
1654 5365 1861 5441 Ἰωσὴφ
1913 5368 2011 5418 τοῦ

341 5458 698 5529 Μνήστορος,
733 5453 970 5533 ἀδελφὸς
1015 5452 1073 5510 δὲ
1122 5455 1259 5511 κατά
1314 5457 1485 5528 σάρκα
1525 5457 1623 5510 τοῦ
1672 5456 1891 5531 Κυρίου,
1927 5456 2016 5533 ὑφ’

342 5547 413 5602 ού
473 5546 566 5602 καὶ
624 5543 1023 5623 ὶχειροτονήθη
1085 5549 1301 5619 πρῶνος
1353 5544 1649 5607 ἰπίσκοπος
1704 5543 2014 5617 Ἰεροσολύ-

348 5654 490 5710 μων·
528 5635 797 5712 ύπάρχων
852 5631 914 5689 δὶ
962 5629 1203 5704 εὐλαϐὴς
1260 5634 1352 5690 καί
1405 5634 1699 5709 ἰγκρατὴς,
1758 5634 2016 5708 ἀλεήμων

343 5725 438 5782 καὶ
499 5725 817 5799 συμπαθὴς,
876 5720 1159 5793 ἀπεκλήθη
1248 5722 1485 5785 Δίκαιος.
1541 5720 1702 5785 Τίνες
1760 5723 1873 5791 οὗν,
1933 5724 2007 5779 ὦν

349 5816 528 5896 ἦρχεν
585 5814 811 5875 ’Δνανὸς
872 5814 902 5869 ὁ
957 5812 1130 5890 ἱερεὺς
1187 5818 1295 5869 τῶν
1352 5810 1652 5888 Ἰουδαίων,
1706 5821 1808 5886 τῆς
1873 5816 2008 5872 κατά

2119 4836 2274 4909 quisa
2305 4837 2367 4892 in
2400 4834 2544 4892 urbe
2576 4836 2778 4907 Cyzico
2809 4836 3115 4908 depositae,
3168 4837 3387 4893 multas
3442 4839 3783 4895 curationes

2120 4925 2195 4983 ad
2222 4925 2437 4982 Christi
2470 4925 2721 4998 gloriam
2754 4925 3044 4983 tribuunt.

2685 5024 2926 5081 EODEM
2973 5026 3226 5081 MENSE.

2732 5112 2837 5170 Die
2872 5114 3177 5172 tricesima

2224 5213 2516 5272 Certamen
2545 5215 2728 5271 sancti
2758 5214 2996 5286 apostoli
3019 5216 3211 5273 Jacobi
3238 5218 3436 5285 fratris
3466 5216 3702 5271 Domini.

2195 5367 2447 5424 Iacobus
2496 5383 2751 5442 magnus
2800 5368 3126 5443 apostolus,
3181 5368 3342 5423 ﬁlius
3392 5367 3504 5421 fuit
3544 5367 3784 5438 Josephi

2128 5457 2359 5530 Sponsi,
2394 5457 2578 5513 frater
2602 5463 2801 5514 autem
2838 5458 3069 5514 Domini
3102 5458 3428 5513 secundum
3463 5472 3726 5519 carnem,
3755 5472 3789 5510 a

2128 5564 2245 5620 quo
2279 5552 2337 5602 et
2364 5548 2594 5620 primus
2627 5547 3172 5620 Hierosolymorum
3205 5547 3516 5620 episcopus
3548 5544 3787 5600 ordina-

2136 5641 2234 5693 tus
2262 5642 2369 5692 est.
2404 5637 2548 5692 Cum
2580 5653 2717 5693 vero
2747 5637 2882 5709 pius
2910 5640 3152 5702 esset,et
3173 5635 3509 5698 continens,
3536 5648 3646 5688 nec
3666 5649 3786 5689 non

2131 5726 2495 5793 misericors,
2528 5730 2589 5783 et
2616 5727 2951 5789 miserator,
2982 5724 3437 5797 cognominatus
3458 5727 3549 5777 est
3567 5722 3787 5777 Justus.

2133 5817 2281 5877 Hinc
2301 5816 2600 5889 nonnulli,
2625 5830 2880 5889 quorum
2898 5821 3139 5871 Ananus
3159 5813 3495 5871 Iudaeorum
3516 5812 3792 5867 sacerdos
