  <div class='ocr_page' id='page_1' title='image "/cluster/home/n/w/nwhite01/storage/ocr_20150623/117/coo.31924054870211/225.png"; bbox 0 0 4108 6432; ppageno 0'>
   <div class='ocr_carea' id='block_1_1' title="bbox 318 390 436 452">
    <p class='ocr_par' dir='ltr' id='par_1_1' title="bbox 318 390 436 452">
     <span class='ocr_line' id='line_1_1' title="bbox 318 390 436 452; baseline -0.017 0"><span class='ocrx_word' id='word_1_1' title='bbox 318 390 436 452; x_wconf 70' lang='grc'>431</span> 
     </span>
    </p>
   </div>
   <div class='ocr_carea' id='block_1_2' title="bbox 1603 378 2441 443">
    <p class='ocr_par' dir='ltr' id='par_1_2' title="bbox 1603 378 2441 443">
     <span class='ocr_line' id='line_1_2' title="bbox 1603 378 2441 443; baseline 0.001 -1"><span class='ocrx_word' id='word_1_2' title='bbox 1603 378 2039 442; x_wconf 80' lang='lat' dir='ltr'>MENOLOGII</span> <span class='ocrx_word' id='word_1_3' title='bbox 2080 378 2291 443; x_wconf 78' lang='lat' dir='ltr'>PARS</span> <span class='ocrx_word' id='word_1_4' title='bbox 2336 381 2441 443; x_wconf 80' lang='lat' dir='ltr'>III.</span> 
     </span>
    </p>
   </div>
   <div class='ocr_carea' id='block_1_3' title="bbox 3630 392 3759 457">
    <p class='ocr_par' dir='ltr' id='par_1_3' title="bbox 3630 392 3759 457">
     <span class='ocr_line' id='line_1_3' title="bbox 3630 392 3759 457; baseline 0.008 -1"><span class='ocrx_word' id='word_1_5' title='bbox 3630 392 3759 457; x_wconf 62' lang='grc' dir='ltr'>ωε</span> 
     </span>
    </p>
   </div>
   <div class='ocr_carea' id='block_1_4' title="bbox 334 509 1973 598">
    <p class='ocr_par' dir='ltr' id='par_1_4' title="bbox 334 512 1973 588">
     <span class='ocr_line' id='line_1_4' title="bbox 334 512 1973 588; baseline -0.007 -9"><span class='ocrx_word' id='word_1_6' title='bbox 334 522 454 579; x_wconf 88' lang='lat' dir='ltr'>dux</span> <span class='ocrx_word' id='word_1_7' title='bbox 485 524 631 586; x_wconf 88' lang='lat' dir='ltr'>erat,</span> <span class='ocrx_word' id='word_1_8' title='bbox 651 517 922 584; x_wconf 89' lang='lat' dir='ltr'>consilio,</span> <span class='ocrx_word' id='word_1_9' title='bbox 947 515 1105 588; x_wconf 89' lang='lat' dir='ltr'>quod</span> <span class='ocrx_word' id='word_1_10' title='bbox 1117 514 1399 570; x_wconf 84' lang='lat' dir='ltr'>adversus</span> <span class='ocrx_word' id='word_1_11' title='bbox 1421 513 1674 570; x_wconf 89' lang='lat' dir='ltr'>Paulum</span> <span class='ocrx_word' id='word_1_12' title='bbox 1699 512 1973 580; x_wconf 81' lang='lat' dir='ltr'>inierant,</span> 
     </span>
    </p>
   </div>
   <div class='ocr_carea' id='block_1_5' title="bbox 2085 509 3760 598">
    <p class='ocr_par' dir='ltr' id='par_1_5' title="bbox 2103 509 3760 598">
     <span class='ocr_line' id='line_1_5' title="bbox 2103 509 3760 598; baseline 0.008 -30"><span class='ocrx_word' id='word_1_13' title='bbox 2103 509 2327 568; x_wconf 78' lang='grc' dir='ltr'>Παύλου</span> <span class='ocrx_word' id='word_1_14' title='bbox 2357 510 2659 587; x_wconf 74' lang='grc' dir='ltr'>ἐπιϐουλῆς</span> <span class='ocrx_word' id='word_1_15' title='bbox 2714 516 3111 595; x_wconf 82' lang='grc' dir='ltr'>ἀποτυχόντες,</span> <span class='ocrx_word' id='word_1_16' title='bbox 3171 519 3376 579; x_wconf 74' lang='grc' dir='ltr'>ἐκείνου</span> <span class='ocrx_word' id='word_1_17' title='bbox 3420 522 3557 598; x_wconf 84' lang='grc' dir='ltr'>πρὸς</span> <span class='ocrx_word' id='word_1_18' title='bbox 3613 525 3760 583; x_wconf 85' lang='grc' dir='ltr'>Ῥώ-</span> 
     </span>
    </p>
   </div>
   <div class='ocr_carea' id='block_1_6' title="bbox 319 601 1985 680">
    <p class='ocr_par' dir='ltr' id='par_1_6' title="bbox 319 601 1985 680">
     <span class='ocr_line' id='line_1_6' title="bbox 319 601 1985 680; baseline -0.007 -13"><span class='ocrx_word' id='word_1_19' title='bbox 319 610 593 668; x_wconf 82' lang='lat' dir='ltr'>frustrati</span> <span class='ocrx_word' id='word_1_20' title='bbox 647 608 886 680; x_wconf 87' lang='lat' dir='ltr'>(quippe</span> <span class='ocrx_word' id='word_1_21' title='bbox 918 605 1018 676; x_wconf 85' lang='lat' dir='ltr'>qui</span> <span class='ocrx_word' id='word_1_22' title='bbox 1078 607 1325 660; x_wconf 81' lang='lat' dir='ltr'>Romam</span> <span class='ocrx_word' id='word_1_23' title='bbox 1386 603 1686 677; x_wconf 81' lang='lat' dir='ltr'>profectus</span> <span class='ocrx_word' id='word_1_24' title='bbox 1741 601 1985 673; x_wconf 82' lang='lat' dir='ltr'>fuerat),</span> 
     </span>
    </p>
   </div>
   <div class='ocr_carea' id='block_1_7' title="bbox 325 693 1987 773">
    <p class='ocr_par' dir='ltr' id='par_1_7' title="bbox 325 693 1987 773">
     <span class='ocr_line' id='line_1_7' title="bbox 325 693 1987 773; baseline -0.007 -17"><span class='ocrx_word' id='word_1_25' title='bbox 325 702 563 773; x_wconf 82' lang='lat' dir='ltr'>paratas</span> <span class='ocrx_word' id='word_1_26' title='bbox 593 696 842 751; x_wconf 83' lang='lat' dir='ltr'>insidias</span> <span class='ocrx_word' id='word_1_27' title='bbox 872 695 1155 748; x_wconf 88' lang='lat' dir='ltr'>adversus</span> <span class='ocrx_word' id='word_1_28' title='bbox 1202 693 1483 749; x_wconf 88' lang='lat' dir='ltr'>Jacobum</span> <span class='ocrx_word' id='word_1_29' title='bbox 1533 693 1630 748; x_wconf 76' lang='lat'>78</span> <span class='ocrx_word' id='word_1_30' title='bbox 1675 697 1987 747; x_wconf 84' lang='lat' dir='ltr'>converte-</span> 
     </span>
    </p>
   </div>
   <div class='ocr_carea' id='block_1_8' title="bbox 327 781 1987 856">
    <p class='ocr_par' dir='ltr' id='par_1_8' title="bbox 327 781 1987 856">
     <span class='ocr_line' id='line_1_8' title="bbox 327 781 1987 856; baseline -0.007 -12"><span class='ocrx_word' id='word_1_31' title='bbox 327 796 489 844; x_wconf 88' lang='lat' dir='ltr'>runt.</span> <span class='ocrx_word' id='word_1_32' title='bbox 551 792 693 839; x_wconf 81' lang='lat' dir='ltr'>Cum</span> <span class='ocrx_word' id='word_1_33' title='bbox 754 784 933 856; x_wconf 86' lang='lat' dir='ltr'>igitur</span> <span class='ocrx_word' id='word_1_34' title='bbox 990 784 1183 853; x_wconf 88' lang='lat' dir='ltr'>ipsum</span> <span class='ocrx_word' id='word_1_35' title='bbox 1269 781 1890 852; x_wconf 88' lang='lat' dir='ltr'>comprehendissent,</span> <span class='ocrx_word' id='word_1_36' title='bbox 1952 796 1987 833; x_wconf 89' lang='lat' dir='ltr'>a</span> 
     </span>
    </p>
   </div>
   <div class='ocr_carea' id='block_1_9' title="bbox 325 869 1987 939">
    <p class='ocr_par' dir='ltr' id='par_1_9' title="bbox 325 869 1987 939">
     <span class='ocr_line' id='line_1_9' title="bbox 325 869 1987 939; baseline -0.005 -8"><span class='ocrx_word' id='word_1_37' title='bbox 325 877 557 931; x_wconf 78' lang='lat' dir='ltr'>Christo</span> <span class='ocrx_word' id='word_1_38' title='bbox 588 889 722 928; x_wconf 90' lang='lat' dir='ltr'>eum</span> <span class='ocrx_word' id='word_1_39' title='bbox 756 880 1021 928; x_wconf 74' lang='lat' dir='ltr'>avertere</span> <span class='ocrx_word' id='word_1_40' title='bbox 1071 872 1266 927; x_wconf 89' lang='lat' dir='ltr'>conati</span> <span class='ocrx_word' id='word_1_41' title='bbox 1321 878 1477 925; x_wconf 89' lang='lat' dir='ltr'>sunt.</span> <span class='ocrx_word' id='word_1_42' title='bbox 1529 869 1753 925; x_wconf 87' lang='lat' dir='ltr'>Deinde</span> <span class='ocrx_word' id='word_1_43' title='bbox 1804 884 1987 939; x_wconf 85' lang='lat' dir='ltr'>supra</span> 
     </span>
    </p>
   </div>
   <div class='ocr_carea' id='block_1_10' title="bbox 322 957 1985 1035">
    <p class='ocr_par' dir='ltr' id='par_1_10' title="bbox 322 957 1985 1035">
     <span class='ocr_line' id='line_1_10' title="bbox 322 957 1985 1035; baseline -0.005 -15"><span class='ocrx_word' id='word_1_44' title='bbox 322 965 531 1035; x_wconf 85' lang='lat' dir='ltr'>templi</span> <span class='ocrx_word' id='word_1_45' title='bbox 566 962 953 1035; x_wconf 87' lang='lat' dir='ltr'>pinnaculum</span> <span class='ocrx_word' id='word_1_46' title='bbox 985 962 1179 1032; x_wconf 89' lang='lat' dir='ltr'>ipsum</span> <span class='ocrx_word' id='word_1_47' title='bbox 1216 961 1589 1016; x_wconf 72' lang='lat' dir='ltr'>deterentes:</span> <span class='ocrx_word' id='word_1_48' title='bbox 1637 958 1733 1013; x_wconf 75' lang='lat' dir='ltr'>llic</span> <span class='ocrx_word' id='word_1_49' title='bbox 1783 957 1985 1024; x_wconf 90' lang='lat' dir='ltr'>nobis,</span> 
     </span>
    </p>
   </div>
   <div class='ocr_carea' id='block_1_11' title="bbox 319 1047 1987 1125">
    <p class='ocr_par' dir='ltr' id='par_1_11' title="bbox 319 1047 1987 1125">
     <span class='ocr_line' id='line_1_11' title="bbox 319 1047 1987 1125; baseline -0.005 -16"><span class='ocrx_word' id='word_1_50' title='bbox 319 1054 620 1125; x_wconf 85' lang='lat' dir='ltr'>inquiunt,</span> <span class='ocrx_word' id='word_1_51' title='bbox 657 1054 811 1106; x_wconf 88' lang='lat' dir='ltr'>elata</span> <span class='ocrx_word' id='word_1_52' title='bbox 844 1068 1001 1109; x_wconf 88' lang='lat' dir='ltr'>voce.</span> <span class='ocrx_word' id='word_1_53' title='bbox 1037 1068 1070 1105; x_wconf 95' lang='lat' dir='ltr'>o</span> <span class='ocrx_word' id='word_1_54' title='bbox 1091 1054 1276 1121; x_wconf 70' lang='lat' dir='ltr'>juste,</span> <span class='ocrx_word' id='word_1_55' title='bbox 1307 1050 1608 1121; x_wconf 87' lang='lat' dir='ltr'>quodnam</span> <span class='ocrx_word' id='word_1_56' title='bbox 1642 1054 1733 1103; x_wconf 91' lang='lat' dir='ltr'>est</span> <span class='ocrx_word' id='word_1_57' title='bbox 1761 1047 1987 1102; x_wconf 87' lang='lat' dir='ltr'>ostium</span> 
     </span>
    </p>
   </div>
   <div class='ocr_carea' id='block_1_12' title="bbox 316 1134 1989 1208">
    <p class='ocr_par' dir='ltr' id='par_1_12' title="bbox 316 1134 1989 1208">
     <span class='ocr_line' id='line_1_12' title="bbox 316 1134 1989 1208; baseline -0.007 -8"><span class='ocrx_word' id='word_1_58' title='bbox 316 1145 453 1200; x_wconf 68' lang='lat' dir='ltr'>Iesu</span> <span class='ocrx_word' id='word_1_59' title='bbox 474 1153 496 1196; x_wconf 80' lang='grc' dir='ltr'>ἰ</span> <span class='ocrx_word' id='word_1_60' title='bbox 525 1142 630 1196; x_wconf 83' lang='lat' dir='ltr'>Ille</span> <span class='ocrx_word' id='word_1_61' title='bbox 663 1157 800 1196; x_wconf 83' lang='lat' dir='ltr'>vero</span> <span class='ocrx_word' id='word_1_62' title='bbox 832 1140 950 1195; x_wconf 85' lang='lat' dir='ltr'>ait:</span> <span class='ocrx_word' id='word_1_63' title='bbox 985 1141 1137 1206; x_wconf 88' lang='lat' dir='ltr'>Quid</span> <span class='ocrx_word' id='word_1_64' title='bbox 1171 1157 1264 1196; x_wconf 89' lang='lat' dir='ltr'>me</span> <span class='ocrx_word' id='word_1_65' title='bbox 1295 1140 1367 1194; x_wconf 93' lang='lat' dir='ltr'>de</span> <span class='ocrx_word' id='word_1_66' title='bbox 1396 1141 1532 1195; x_wconf 83' lang='lat' dir='ltr'>Jesu</span> <span class='ocrx_word' id='word_1_67' title='bbox 1554 1135 1935 1208; x_wconf 80' lang='lat' dir='ltr'>interrogatis</span> <span class='ocrx_word' id='word_1_68' title='bbox 1960 1134 1989 1190; x_wconf 73' lang='lat'>‘2</span> 
     </span>
    </p>
   </div>
   <div class='ocr_carea' id='block_1_13' title="bbox 319 1227 1988 1305">
    <p class='ocr_par' dir='ltr' id='par_1_13' title="bbox 319 1227 1988 1305">
     <span class='ocr_line' id='line_1_13' title="bbox 319 1227 1988 1305; baseline -0.007 -16"><span class='ocrx_word' id='word_1_69' title='bbox 319 1236 451 1305; x_wconf 89' lang='lat' dir='ltr'>Ipse</span> <span class='ocrx_word' id='word_1_70' title='bbox 491 1231 650 1287; x_wconf 87' lang='lat' dir='ltr'>enim</span> <span class='ocrx_word' id='word_1_71' title='bbox 679 1238 789 1298; x_wconf 91' lang='lat' dir='ltr'>est,</span> <span class='ocrx_word' id='word_1_72' title='bbox 823 1232 923 1302; x_wconf 88' lang='lat' dir='ltr'>qui</span> <span class='ocrx_word' id='word_1_73' title='bbox 954 1231 1014 1285; x_wconf 91' lang='lat' dir='ltr'>in</span> <span class='ocrx_word' id='word_1_74' title='bbox 1046 1230 1210 1285; x_wconf 67' lang='lat' dir='ltr'>cmlis</span> <span class='ocrx_word' id='word_1_75' title='bbox 1242 1230 1410 1286; x_wconf 84' lang='lat' dir='ltr'>sedet</span> <span class='ocrx_word' id='word_1_76' title='bbox 1433 1229 1507 1284; x_wconf 88' lang='lat' dir='ltr'>ad</span> <span class='ocrx_word' id='word_1_77' title='bbox 1538 1228 1841 1283; x_wconf 83' lang='lat' dir='ltr'>dexteram</span> <span class='ocrx_word' id='word_1_78' title='bbox 1874 1227 1988 1279; x_wconf 89' lang='lat' dir='ltr'>Pa—</span> 
     </span>
    </p>
   </div>
   <div class='ocr_carea' id='block_1_14' title="bbox 319 1320 1989 1397">
    <p class='ocr_par' dir='ltr' id='par_1_14' title="bbox 319 1320 1989 1397">
     <span class='ocr_line' id='line_1_14' title="bbox 319 1320 1989 1397; baseline -0.006 -13"><span class='ocrx_word' id='word_1_79' title='bbox 319 1329 448 1396; x_wconf 86' lang='lat' dir='ltr'>tris,</span> <span class='ocrx_word' id='word_1_80' title='bbox 474 1335 534 1383; x_wconf 91' lang='lat' dir='ltr'>et</span> <span class='ocrx_word' id='word_1_81' title='bbox 558 1329 775 1383; x_wconf 83' lang='lat' dir='ltr'>iterum</span> <span class='ocrx_word' id='word_1_82' title='bbox 798 1334 1082 1383; x_wconf 87' lang='lat' dir='ltr'>venturus</span> <span class='ocrx_word' id='word_1_83' title='bbox 1113 1326 1492 1397; x_wconf 84' lang='lat' dir='ltr'>estjudicare</span> <span class='ocrx_word' id='word_1_84' title='bbox 1523 1322 1815 1380; x_wconf 90' lang='lat' dir='ltr'>mundum</span> <span class='ocrx_word' id='word_1_85' title='bbox 1846 1320 1989 1376; x_wconf 77' lang='lat' dir='ltr'>uni-</span> 
     </span>
    </p>
   </div>
   <div class='ocr_carea' id='block_1_15' title="bbox 317 1411 1984 1487">
    <p class='ocr_par' dir='ltr' id='par_1_15' title="bbox 317 1411 1984 1487">
     <span class='ocr_line' id='line_1_15' title="bbox 317 1411 1984 1487; baseline -0.001 -16"><span class='ocrx_word' id='word_1_86' title='bbox 317 1434 554 1472; x_wconf 88' lang='lat' dir='ltr'>versum</span> <span class='ocrx_word' id='word_1_87' title='bbox 584 1417 645 1471; x_wconf 90' lang='lat' dir='ltr'>in</span> <span class='ocrx_word' id='word_1_88' title='bbox 670 1417 927 1487; x_wconf 78' lang='lat' dir='ltr'>justitia.</span> <span class='ocrx_word' id='word_1_89' title='bbox 962 1418 1144 1471; x_wconf 84' lang='lat' dir='ltr'>Porro</span> <span class='ocrx_word' id='word_1_90' title='bbox 1176 1416 1264 1471; x_wconf 91' lang='lat' dir='ltr'>illi</span> <span class='ocrx_word' id='word_1_91' title='bbox 1298 1432 1432 1472; x_wconf 90' lang='lat' dir='ltr'>cum</span> <span class='ocrx_word' id='word_1_92' title='bbox 1482 1415 1609 1469; x_wconf 58' lang='lat' dir='ltr'>haec</span> <span class='ocrx_word' id='word_1_93' title='bbox 1652 1411 1984 1469; x_wconf 59' lang='lat' dir='ltr'>audissent,</span> 
     </span>
    </p>
   </div>
   <div class='ocr_carea' id='block_1_16' title="bbox 319 1497 1984 1572">
    <p class='ocr_par' dir='ltr' id='par_1_16' title="bbox 319 1497 1984 1572">
     <span class='ocr_line' id='line_1_16' title="bbox 319 1497 1984 1572; baseline -0.007 -9"><span class='ocrx_word' id='word_1_94' title='bbox 319 1507 770 1563; x_wconf 88' lang='lat' dir='ltr'>exclamarunt:</span> <span class='ocrx_word' id='word_1_95' title='bbox 805 1505 941 1571; x_wconf 89' lang='lat' dir='ltr'>heu,</span> <span class='ocrx_word' id='word_1_96' title='bbox 976 1504 1113 1572; x_wconf 90' lang='lat' dir='ltr'>heu,</span> <span class='ocrx_word' id='word_1_97' title='bbox 1146 1506 1324 1561; x_wconf 88' lang='lat' dir='ltr'>etiam</span> <span class='ocrx_word' id='word_1_98' title='bbox 1373 1505 1573 1560; x_wconf 82' lang='lat' dir='ltr'>Justus</span> <span class='ocrx_word' id='word_1_99' title='bbox 1621 1500 1877 1558; x_wconf 85' lang='lat' dir='ltr'>erravit:</span> <span class='ocrx_word' id='word_1_100' title='bbox 1909 1497 1984 1553; x_wconf 91' lang='lat' dir='ltr'>il-</span> 
     </span>
    </p>
   </div>
   <div class='ocr_carea' id='block_1_17' title="bbox 2104 603 3758 685">
    <p class='ocr_par' dir='ltr' id='par_1_17' title="bbox 2104 603 3758 685">
     <span class='ocr_line' id='line_1_17' title="bbox 2104 603 3758 685; baseline 0.01 -29"><span class='ocrx_word' id='word_1_101' title='bbox 2104 622 2211 675; x_wconf 89' lang='grc' dir='ltr'>μην</span> <span class='ocrx_word' id='word_1_102' title='bbox 2273 603 2628 677; x_wconf 82' lang='grc' dir='ltr'>ἀπελθόντος,</span> <span class='ocrx_word' id='word_1_103' title='bbox 2708 608 2999 685; x_wconf 65' lang='grc' dir='ltr'>τρέπονται</span> <span class='ocrx_word' id='word_1_104' title='bbox 3074 611 3210 666; x_wconf 76' lang='grc' dir='ltr'>κατὰ</span> <span class='ocrx_word' id='word_1_105' title='bbox 3283 616 3382 667; x_wconf 80' lang='grc' dir='ltr'>τοῦ</span> <span class='ocrx_word' id='word_1_106' title='bbox 3466 609 3758 672; x_wconf 74' lang='grc' dir='ltr'>Ἰακώϐου.</span> 
     </span>
    </p>
   </div>
   <div class='ocr_carea' id='block_1_18' title="bbox 2099 691 3759 777">
    <p class='ocr_par' dir='ltr' id='par_1_18' title="bbox 2099 691 3759 777">
     <span class='ocr_line' id='line_1_18' title="bbox 2099 691 3759 777; baseline 0.008 -30"><span class='ocrx_word' id='word_1_107' title='bbox 2099 691 2197 747; x_wconf 82' lang='grc' dir='ltr'>Καὶ</span> <span class='ocrx_word' id='word_1_108' title='bbox 2278 696 2640 768; x_wconf 87' lang='grc' dir='ltr'>κρατήσαντες</span> <span class='ocrx_word' id='word_1_109' title='bbox 2715 697 2900 768; x_wconf 76' lang='grc' dir='ltr'>αὐτὸν,</span> <span class='ocrx_word' id='word_1_110' title='bbox 3012 701 3317 776; x_wconf 70' lang='grc' dir='ltr'>ἠνάγκαζον</span> <span class='ocrx_word' id='word_1_111' title='bbox 3424 703 3759 777; x_wconf 73' lang='grc' dir='ltr'>ἀρνήσασθαι</span> 
     </span>
    </p>
   </div>
   <div class='ocr_carea' id='block_1_19' title="bbox 2095 781 3760 869">
    <p class='ocr_par' dir='ltr' id='par_1_19' title="bbox 2095 781 3760 869">
     <span class='ocr_line' id='line_1_19' title="bbox 2095 781 3760 869; baseline 0.009 -34"><span class='ocrx_word' id='word_1_112' title='bbox 2095 781 2189 836; x_wconf 85' lang='grc' dir='ltr'>τὸν</span> <span class='ocrx_word' id='word_1_113' title='bbox 2222 783 2475 857; x_wconf 86' lang='grc' dir='ltr'>Χριστόν·</span> <span class='ocrx_word' id='word_1_114' title='bbox 2540 784 2631 839; x_wconf 80' lang='grc' dir='ltr'>καὶ</span> <span class='ocrx_word' id='word_1_115' title='bbox 2698 787 2988 863; x_wconf 78' lang='grc' dir='ltr'>ἀγαγόντες</span> <span class='ocrx_word' id='word_1_116' title='bbox 3047 789 3135 844; x_wconf 67' lang='grc' dir='ltr'>ἐπὶ</span> <span class='ocrx_word' id='word_1_117' title='bbox 3188 792 3249 845; x_wconf 86' lang='grc' dir='ltr'>τὸ</span> <span class='ocrx_word' id='word_1_118' title='bbox 3306 792 3606 869; x_wconf 70' lang='grc' dir='ltr'>πτερύγιον</span> <span class='ocrx_word' id='word_1_119' title='bbox 3656 800 3760 851; x_wconf 82' lang='grc' dir='ltr'>τοῦ</span> 
     </span>
    </p>
   </div>
   <div class='ocr_carea' id='block_1_20' title="bbox 2097 870 3761 961">
    <p class='ocr_par' dir='ltr' id='par_1_20' title="bbox 2097 870 3761 961">
     <span class='ocr_line' id='line_1_20' title="bbox 2097 870 3761 961; baseline 0.009 -36"><span class='ocrx_word' id='word_1_120' title='bbox 2097 871 2270 946; x_wconf 74' lang='grc' dir='ltr'>ἱεροῦ,</span> <span class='ocrx_word' id='word_1_121' title='bbox 2303 870 2489 947; x_wconf 81' lang='grc' dir='ltr'>ἔλεγον</span> <span class='ocrx_word' id='word_1_122' title='bbox 2522 873 2690 947; x_wconf 80' lang='grc' dir='ltr'>αὐτῷ.</span> <span class='ocrx_word' id='word_1_123' title='bbox 2725 876 2859 933; x_wconf 57' lang='lat' dir='ltr'>Eine</span> <span class='ocrx_word' id='word_1_124' title='bbox 2909 879 3070 951; x_wconf 74' lang='grc' dir='ltr'>ἡμῖν,</span> <span class='ocrx_word' id='word_1_125' title='bbox 3123 876 3319 950; x_wconf 81' lang='grc' dir='ltr'>δίκαιε,</span> <span class='ocrx_word' id='word_1_126' title='bbox 3374 885 3586 958; x_wconf 75' lang='grc' dir='ltr'>μεγάλῃ</span> <span class='ocrx_word' id='word_1_127' title='bbox 3636 906 3761 961; x_wconf 63' lang='grc' dir='ltr'>φω-</span> 
     </span>
    </p>
   </div>
   <div class='ocr_carea' id='block_1_21' title="bbox 2096 961 3757 1041">
    <p class='ocr_par' dir='ltr' id='par_1_21' title="bbox 2096 961 3757 1041">
     <span class='ocr_line' id='line_1_21' title="bbox 2096 961 3757 1041; baseline 0.01 -28"><span class='ocrx_word' id='word_1_128' title='bbox 2096 961 2185 1031; x_wconf 84' lang='grc' dir='ltr'>νῆ·</span> <span class='ocrx_word' id='word_1_129' title='bbox 2221 961 2306 1021; x_wconf 90' lang='grc' dir='ltr'>τίς</span> <span class='ocrx_word' id='word_1_130' title='bbox 2355 961 2497 1016; x_wconf 77' lang='grc' dir='ltr'>ἐστιν</span> <span class='ocrx_word' id='word_1_131' title='bbox 2529 965 2564 1033; x_wconf 82' lang='grc' dir='ltr'>ἡ</span> <span class='ocrx_word' id='word_1_132' title='bbox 2596 962 2733 1041; x_wconf 83' lang='grc' dir='ltr'>θύρα</span> <span class='ocrx_word' id='word_1_133' title='bbox 2781 970 2879 1020; x_wconf 78' lang='grc' dir='ltr'>τοῦ</span> <span class='ocrx_word' id='word_1_134' title='bbox 2939 970 3156 1037; x_wconf 80' lang='grc' dir='ltr'>Ἰησοῦ;</span> <span class='ocrx_word' id='word_1_135' title='bbox 3214 969 3275 1027; x_wconf 76' lang='grc' dir='ltr'><strong>Ὀ</strong></span> <span class='ocrx_word' id='word_1_136' title='bbox 3333 966 3391 1024; x_wconf 82' lang='grc' dir='ltr'>δὲ</span> <span class='ocrx_word' id='word_1_137' title='bbox 3450 973 3619 1026; x_wconf 79' lang='grc' dir='ltr'>εἶπεν·</span> <span class='ocrx_word' id='word_1_138' title='bbox 3683 974 3757 1032; x_wconf 92' lang='grc' dir='ltr'>Τί</span> 
     </span>
    </p>
   </div>
   <div class='ocr_carea' id='block_1_22' title="bbox 2102 1047 3756 1135">
    <p class='ocr_par' dir='ltr' id='par_1_22' title="bbox 2102 1047 3756 1135">
     <span class='ocr_line' id='line_1_22' title="bbox 2102 1047 3756 1135; baseline 0.009 -32"><span class='ocrx_word' id='word_1_139' title='bbox 2102 1070 2169 1121; x_wconf 89' lang='grc' dir='ltr'>με</span> <span class='ocrx_word' id='word_1_140' title='bbox 2201 1047 2437 1120; x_wconf 76' lang='grc' dir='ltr'>ἐρωτᾶτε</span> <span class='ocrx_word' id='word_1_141' title='bbox 2466 1052 2590 1125; x_wconf 86' lang='grc' dir='ltr'>περὶ</span> <span class='ocrx_word' id='word_1_142' title='bbox 2620 1058 2717 1107; x_wconf 77' lang='grc' dir='ltr'>τοῦ</span> <span class='ocrx_word' id='word_1_143' title='bbox 2758 1054 2981 1123; x_wconf 78' lang='grc' dir='ltr'>Ἰησοῦς</span> <span class='ocrx_word' id='word_1_144' title='bbox 3036 1055 3215 1118; x_wconf 80' lang='grc' dir='ltr'>Αὐτός</span> <span class='ocrx_word' id='word_1_145' title='bbox 3265 1057 3408 1113; x_wconf 78' lang='grc' dir='ltr'>ἐστιν</span> <span class='ocrx_word' id='word_1_146' title='bbox 3444 1060 3471 1113; x_wconf 86' lang='grc' dir='ltr'>ὁ</span> <span class='ocrx_word' id='word_1_147' title='bbox 3502 1058 3553 1114; x_wconf 84' lang='grc' dir='ltr'>ἐν</span> <span class='ocrx_word' id='word_1_148' title='bbox 3586 1061 3756 1135; x_wconf 81' lang='grc' dir='ltr'>ούρα-</span> 
     </span>
    </p>
   </div>
   <div class='ocr_carea' id='block_1_23' title="bbox 2096 1138 3752 1222">
    <p class='ocr_par' dir='ltr' id='par_1_23' title="bbox 2096 1138 3752 1222">
     <span class='ocr_line' id='line_1_23' title="bbox 2096 1138 3752 1222; baseline 0.009 -30"><span class='ocrx_word' id='word_1_149' title='bbox 2096 1143 2213 1202; x_wconf 85' lang='grc' dir='ltr'>νοῖς</span> <span class='ocrx_word' id='word_1_150' title='bbox 2241 1141 2552 1212; x_wconf 81' lang='grc' dir='ltr'>καθήμενος</span> <span class='ocrx_word' id='word_1_151' title='bbox 2584 1140 2645 1196; x_wconf 77' lang='grc' dir='ltr'>ἐκ</span> <span class='ocrx_word' id='word_1_152' title='bbox 2689 1138 2874 1214; x_wconf 81' lang='grc' dir='ltr'>δεξιῶν</span> <span class='ocrx_word' id='word_1_153' title='bbox 2928 1147 3023 1198; x_wconf 77' lang='grc' dir='ltr'>τοῦ</span> <span class='ocrx_word' id='word_1_154' title='bbox 3083 1147 3315 1220; x_wconf 77' lang='grc' dir='ltr'>Πατρός,</span> <span class='ocrx_word' id='word_1_155' title='bbox 3373 1149 3462 1203; x_wconf 80' lang='grc' dir='ltr'>καὶ</span> <span class='ocrx_word' id='word_1_156' title='bbox 3523 1150 3752 1222; x_wconf 72' lang='grc' dir='ltr'>μέλλων</span> 
     </span>
    </p>
   </div>
   <div class='ocr_carea' id='block_1_24' title="bbox 2097 1222 3752 1313">
    <p class='ocr_par' dir='ltr' id='par_1_24' title="bbox 2097 1222 3752 1313">
     <span class='ocr_line' id='line_1_24' title="bbox 2097 1222 3752 1313; baseline 0.009 -32"><span class='ocrx_word' id='word_1_157' title='bbox 2097 1222 2353 1302; x_wconf 84' lang='grc' dir='ltr'>ἔρχεσθαι</span> <span class='ocrx_word' id='word_1_158' title='bbox 2406 1234 2589 1301; x_wconf 86' lang='grc' dir='ltr'>κρῖναι</span> <span class='ocrx_word' id='word_1_159' title='bbox 2617 1232 2718 1300; x_wconf 78' lang='grc' dir='ltr'>τὴν</span> <span class='ocrx_word' id='word_1_160' title='bbox 2769 1230 3096 1306; x_wconf 77' lang='grc' dir='ltr'>οἰκουμένην</span> <span class='ocrx_word' id='word_1_161' title='bbox 3148 1233 3199 1289; x_wconf 84' lang='grc' dir='ltr'>ἐν</span> <span class='ocrx_word' id='word_1_162' title='bbox 3248 1233 3588 1313; x_wconf 67' lang='grc' dir='ltr'>δικαιοσύνῃ.</span> <span class='ocrx_word' id='word_1_163' title='bbox 3647 1243 3752 1298; x_wconf 76' lang='grc' dir='ltr'>Καὶ</span> 
     </span>
    </p>
   </div>
   <div class='ocr_carea' id='block_1_25' title="bbox 2098 1316 3752 1404">
    <p class='ocr_par' dir='ltr' id='par_1_25' title="bbox 2098 1316 3752 1404">
     <span class='ocr_line' id='line_1_25' title="bbox 2098 1316 3752 1404; baseline 0.009 -34"><span class='ocrx_word' id='word_1_164' title='bbox 2098 1316 2358 1387; x_wconf 77' lang='grc' dir='ltr'>εἰπόντες,</span> <span class='ocrx_word' id='word_1_165' title='bbox 2420 1319 2506 1384; x_wconf 84' lang='grc' dir='ltr'>Ὢ,</span> <span class='ocrx_word' id='word_1_166' title='bbox 2566 1321 2656 1375; x_wconf 83' lang='grc' dir='ltr'>καὶ</span> <span class='ocrx_word' id='word_1_167' title='bbox 2715 1321 2743 1375; x_wconf 89' lang='grc' dir='ltr'><strong>ὁ</strong></span> <span class='ocrx_word' id='word_1_168' title='bbox 2803 1319 3014 1385; x_wconf 83' lang='grc' dir='ltr'>δίκαιος</span> <span class='ocrx_word' id='word_1_169' title='bbox 3071 1321 3439 1400; x_wconf 62' lang='grc' dir='ltr'>πεπλάνηται,</span> <span class='ocrx_word' id='word_1_170' title='bbox 3500 1325 3752 1404; x_wconf 71' lang='grc' dir='ltr'>ἔῤῥιψαν,</span> 
     </span>
    </p>
   </div>
   <div class='ocr_carea' id='block_1_26' title="bbox 2097 1405 3750 1491">
    <p class='ocr_par' dir='ltr' id='par_1_26' title="bbox 2097 1405 3750 1491">
     <span class='ocr_line' id='line_1_26' title="bbox 2097 1405 3750 1491; baseline 0.01 -33"><span class='ocrx_word' id='word_1_171' title='bbox 2097 1405 2257 1460; x_wconf 81' lang='grc' dir='ltr'>αὐτὸν</span> <span class='ocrx_word' id='word_1_172' title='bbox 2313 1406 2420 1461; x_wconf 84' lang='grc' dir='ltr'>ἀπὸ</span> <span class='ocrx_word' id='word_1_173' title='bbox 2476 1411 2574 1461; x_wconf 79' lang='grc' dir='ltr'>τοῦ</span> <span class='ocrx_word' id='word_1_174' title='bbox 2633 1409 2783 1485; x_wconf 75' lang='grc' dir='ltr'>ἱεροῦ</span> <span class='ocrx_word' id='word_1_175' title='bbox 2860 1432 3031 1470; x_wconf 86' lang='grc' dir='ltr'>κατω.</span> <span class='ocrx_word' id='word_1_176' title='bbox 3110 1414 3215 1468; x_wconf 81' lang='grc' dir='ltr'>Καὶ</span> <span class='ocrx_word' id='word_1_177' title='bbox 3287 1409 3366 1470; x_wconf 83' lang='grc' dir='ltr'>ἔτι</span> <span class='ocrx_word' id='word_1_178' title='bbox 3422 1416 3750 1491; x_wconf 71' lang='grc' dir='ltr'>ἐμπνέοντα,</span> 
     </span>
    </p>
   </div>
   <div class='ocr_carea' id='block_1_27' title="bbox 2095 1494 3209 1576">
    <p class='ocr_par' dir='ltr' id='par_1_27' title="bbox 2095 1494 3209 1576">
     <span class='ocr_line' id='line_1_27' title="bbox 2095 1494 3209 1576; baseline 0.007 -27"><span class='ocrx_word' id='word_1_179' title='bbox 2095 1494 2309 1568; x_wconf 77' lang='grc' dir='ltr'>πλήξας</span> <span class='ocrx_word' id='word_1_180' title='bbox 2340 1495 2421 1557; x_wconf 89' lang='grc' dir='ltr'>τίς</span> <span class='ocrx_word' id='word_1_181' title='bbox 2450 1498 2684 1576; x_wconf 75' lang='grc' dir='ltr'>κναφεὺς</span> <span class='ocrx_word' id='word_1_182' title='bbox 2715 1498 2883 1573; x_wconf 82' lang='grc' dir='ltr'>ξύλῳ,</span> <span class='ocrx_word' id='word_1_183' title='bbox 2914 1500 3209 1559; x_wconf 69' lang='grc' dir='ltr'>ἀπέκτεινε.</span> 
     </span>
    </p>
   </div>
   <div class='ocr_carea' id='block_1_28' title="bbox 314 1590 3752 1670">
    <p class='ocr_par' dir='ltr' id='par_1_28' title="bbox 314 1590 3752 1670">
     <span class='ocr_line' id='line_1_28' title="bbox 314 1590 3752 1670; baseline 0.003 -19"><span class='ocrx_word' id='word_1_184' title='bbox 314 1595 563 1668; x_wconf 90' lang='lat' dir='ltr'>lumque</span> <span class='ocrx_word' id='word_1_185' title='bbox 597 1611 669 1651; x_wconf 87' lang='lat' dir='ltr'>ex</span> <span class='ocrx_word' id='word_1_186' title='bbox 699 1595 905 1667; x_wconf 87' lang='lat' dir='ltr'>templi</span> <span class='ocrx_word' id='word_1_187' title='bbox 937 1595 1199 1651; x_wconf 86' lang='lat' dir='ltr'>culmine</span> <span class='ocrx_word' id='word_1_188' title='bbox 1238 1595 1519 1651; x_wconf 88' lang='lat' dir='ltr'>deorsum</span> <span class='ocrx_word' id='word_1_189' title='bbox 1572 1591 1940 1665; x_wconf 63' lang='lat' dir='ltr'>praecipitem</span> <span class='ocrx_word' id='word_1_190' title='bbox 2000 1592 2287 1661; x_wconf 86' lang='lat' dir='ltr'>egerunt:</span> <span class='ocrx_word' id='word_1_191' title='bbox 2337 1605 2593 1660; x_wconf 91' lang='lat' dir='ltr'>cumque</span> <span class='ocrx_word' id='word_1_192' title='bbox 2652 1590 2914 1648; x_wconf 89' lang='lat' dir='ltr'>animam</span> <span class='ocrx_word' id='word_1_193' title='bbox 2967 1591 3161 1651; x_wconf 86' lang='lat' dir='ltr'>adhuc</span> <span class='ocrx_word' id='word_1_194' title='bbox 3218 1601 3439 1669; x_wconf 81' lang='lat' dir='ltr'>ageret,</span> <span class='ocrx_word' id='word_1_195' title='bbox 3501 1599 3752 1670; x_wconf 87' lang='lat' dir='ltr'>quidam</span> 
     </span>
    </p>
   </div>
   <div class='ocr_carea' id='block_1_29' title="bbox 310 1683 1540 1758">
    <p class='ocr_par' dir='ltr' id='par_1_29' title="bbox 310 1683 1540 1758">
     <span class='ocr_line' id='line_1_29' title="bbox 310 1683 1540 1758; baseline -0.002 -18"><span class='ocrx_word' id='word_1_196' title='bbox 310 1683 461 1741; x_wconf 78' lang='lat' dir='ltr'>fullo</span> <span class='ocrx_word' id='word_1_197' title='bbox 492 1684 654 1757; x_wconf 87' lang='lat' dir='ltr'>ligno</span> <span class='ocrx_word' id='word_1_198' title='bbox 684 1701 823 1742; x_wconf 88' lang='lat' dir='ltr'>eum</span> <span class='ocrx_word' id='word_1_199' title='bbox 851 1686 1191 1758; x_wconf 88' lang='lat' dir='ltr'>percutiens</span> <span class='ocrx_word' id='word_1_200' title='bbox 1217 1684 1540 1740; x_wconf 82' lang='lat' dir='ltr'>interemit.</span> 
     </span>
    </p>
   </div>
   <div class='ocr_carea' id='block_1_30' title="bbox 712 1819 1561 1916">
    <p class='ocr_par' dir='ltr' id='par_1_30' title="bbox 712 1819 1561 1916">
     <span class='ocr_line' id='line_1_30' title="bbox 712 1819 1561 1916; baseline -0.001 -3"><span class='ocrx_word' id='word_1_201' title='bbox 712 1821 977 1916; x_wconf 89' lang='grc' dir='ltr'>ΜΕΝ</span> <span class='ocrx_word' id='word_1_202' title='bbox 986 1821 1136 1913; x_wconf 82' lang='lat' dir='ltr'>SE</span> <span class='ocrx_word' id='word_1_203' title='bbox 1217 1819 1561 1914; x_wconf 89' lang='grc' dir='ltr'>ΜΑΙΟ.</span> 
     </span>
    </p>
   </div>
   <div class='ocr_carea' id='block_1_31' title="bbox 969 1991 1311 2065">
    <p class='ocr_par' dir='ltr' id='par_1_31' title="bbox 969 1991 1311 2065">
     <span class='ocr_line' id='line_1_31' title="bbox 969 1991 1311 2065; baseline 0 -18"><span class='ocrx_word' id='word_1_204' title='bbox 969 1992 1076 2047; x_wconf 90' lang='lat' dir='ltr'>Die</span> <span class='ocrx_word' id='word_1_205' title='bbox 1114 1991 1311 2065; x_wconf 91' lang='lat' dir='ltr'>prima</span> 
     </span>
    </p>
   </div>
   <div class='ocr_carea' id='block_1_32' title="bbox 575 2090 1712 2162">
    <p class='ocr_par' dir='ltr' id='par_1_32' title="bbox 575 2090 1712 2162">
     <span class='ocr_line' id='line_1_32' title="bbox 575 2090 1712 2162; baseline -0.003 -16"><span class='ocrx_word' id='word_1_206' title='bbox 575 2093 851 2147; x_wconf 82' lang='lat' dir='ltr'>Dormitio</span> <span class='ocrx_word' id='word_1_207' title='bbox 880 2093 1058 2147; x_wconf 81' lang='lat' dir='ltr'>sancti</span> <span class='ocrx_word' id='word_1_208' title='bbox 1082 2092 1371 2146; x_wconf 74' lang='lat' dir='ltr'>Hieremiae</span> <span class='ocrx_word' id='word_1_209' title='bbox 1394 2090 1712 2162; x_wconf 54' lang='lat' dir='ltr'>propheta.</span> 
     </span>
    </p>
   </div>
   <div class='ocr_carea' id='block_1_33' title="bbox 391 2231 1976 2305">
    <p class='ocr_par' dir='ltr' id='par_1_33' title="bbox 391 2231 1976 2305">
     <span class='ocr_line' id='line_1_33' title="bbox 391 2231 1976 2305; baseline 0.001 -18"><span class='ocrx_word' id='word_1_210' title='bbox 391 2232 488 2287; x_wconf 74' lang='grc' dir='ltr'>το</span> <span class='ocrx_word' id='word_1_211' title='bbox 510 2231 1094 2301; x_wconf 85' lang='lat' dir='ltr'>Hieremias,electus</span> <span class='ocrx_word' id='word_1_212' title='bbox 1110 2232 1210 2288; x_wconf 91' lang='lat' dir='ltr'>Dei</span> <span class='ocrx_word' id='word_1_213' title='bbox 1223 2232 1535 2305; x_wconf 79' lang='lat' dir='ltr'>propheta,</span> <span class='ocrx_word' id='word_1_214' title='bbox 1549 2232 1663 2287; x_wconf 89' lang='lat' dir='ltr'>fuit</span> <span class='ocrx_word' id='word_1_215' title='bbox 1683 2249 1755 2288; x_wconf 87' lang='lat' dir='ltr'>ex</span> <span class='ocrx_word' id='word_1_216' title='bbox 1773 2231 1976 2289; x_wconf 67' lang='lat' dir='ltr'>Iudaea</span> 
     </span>
    </p>
   </div>
   <div class='ocr_carea' id='block_1_34' title="bbox 314 2322 1978 2396">
    <p class='ocr_par' dir='ltr' id='par_1_34' title="bbox 314 2322 1978 2396">
     <span class='ocr_line' id='line_1_34' title="bbox 314 2322 1978 2396; baseline 0 -17"><span class='ocrx_word' id='word_1_217' title='bbox 314 2323 594 2396; x_wconf 81' lang='lat' dir='ltr'>regione:</span> <span class='ocrx_word' id='word_1_218' title='bbox 628 2327 688 2378; x_wconf 91' lang='lat' dir='ltr'>et</span> <span class='ocrx_word' id='word_1_219' title='bbox 714 2322 905 2378; x_wconf 89' lang='lat' dir='ltr'>multa</span> <span class='ocrx_word' id='word_1_220' title='bbox 931 2322 1176 2394; x_wconf 86' lang='lat' dir='ltr'>quidem</span> <span class='ocrx_word' id='word_1_221' title='bbox 1204 2324 1559 2380; x_wconf 81' lang='lat' dir='ltr'>vaticinatus</span> <span class='ocrx_word' id='word_1_222' title='bbox 1591 2328 1700 2387; x_wconf 90' lang='lat' dir='ltr'>est,</span> <span class='ocrx_word' id='word_1_223' title='bbox 1731 2339 1978 2396; x_wconf 80' lang='lat' dir='ltr'>praeser-</span> 
     </span>
    </p>
   </div>
   <div class='ocr_carea' id='block_1_35' title="bbox 312 2411 1974 2486">
    <p class='ocr_par' dir='ltr' id='par_1_35' title="bbox 312 2411 1974 2486">
     <span class='ocr_line' id='line_1_35' title="bbox 312 2411 1974 2486; baseline 0.002 -20"><span class='ocrx_word' id='word_1_224' title='bbox 312 2412 423 2466; x_wconf 88' lang='lat' dir='ltr'>tim</span> <span class='ocrx_word' id='word_1_225' title='bbox 471 2428 611 2467; x_wconf 89' lang='lat' dir='ltr'>vero</span> <span class='ocrx_word' id='word_1_226' title='bbox 667 2411 1216 2485; x_wconf 87' lang='lat' dir='ltr'>Hierosolymorum</span> <span class='ocrx_word' id='word_1_227' title='bbox 1259 2413 1777 2486; x_wconf 77' lang='lat' dir='ltr'>expugnationem.</span> <span class='ocrx_word' id='word_1_228' title='bbox 1812 2415 1974 2479; x_wconf 90' lang='lat' dir='ltr'>Qua-</span> 
     </span>
    </p>
   </div>
   <div class='ocr_carea' id='block_1_36' title="bbox 312 2500 1977 2574">
    <p class='ocr_par' dir='ltr' id='par_1_36' title="bbox 312 2500 1977 2574">
     <span class='ocr_line' id='line_1_36' title="bbox 312 2500 1977 2574; baseline 0.002 -19"><span class='ocrx_word' id='word_1_229' title='bbox 312 2505 559 2573; x_wconf 89' lang='lat' dir='ltr'>propter</span> <span class='ocrx_word' id='word_1_230' title='bbox 588 2503 800 2556; x_wconf 83' lang='lat' dir='ltr'>Arcam</span> <span class='ocrx_word' id='word_1_231' title='bbox 830 2500 1000 2574; x_wconf 88' lang='lat' dir='ltr'>legis,</span> <span class='ocrx_word' id='word_1_232' title='bbox 1033 2506 1093 2556; x_wconf 91' lang='lat' dir='ltr'>et</span> <span class='ocrx_word' id='word_1_233' title='bbox 1132 2517 1301 2557; x_wconf 90' lang='lat' dir='ltr'>sacra</span> <span class='ocrx_word' id='word_1_234' title='bbox 1351 2501 1575 2569; x_wconf 88' lang='lat' dir='ltr'>omnia,</span> <span class='ocrx_word' id='word_1_235' title='bbox 1618 2519 1751 2574; x_wconf 65' lang='lat' dir='ltr'>quas</span> <span class='ocrx_word' id='word_1_236' title='bbox 1798 2502 1861 2557; x_wconf 92' lang='lat' dir='ltr'>in</span> <span class='ocrx_word' id='word_1_237' title='bbox 1906 2519 1977 2559; x_wconf 90' lang='lat' dir='ltr'>ea</span> 
     </span>
    </p>
   </div>
   <div class='ocr_carea' id='block_1_37' title="bbox 313 2589 1976 2663">
    <p class='ocr_par' dir='ltr' id='par_1_37' title="bbox 313 2589 1976 2663">
     <span class='ocr_line' id='line_1_37' title="bbox 313 2589 1976 2663; baseline 0.002 -19"><span class='ocrx_word' id='word_1_238' title='bbox 313 2592 502 2659; x_wconf 91' lang='lat' dir='ltr'>erant,</span> <span class='ocrx_word' id='word_1_239' title='bbox 536 2589 857 2660; x_wconf 87' lang='lat' dir='ltr'>accipiens,</span> <span class='ocrx_word' id='word_1_240' title='bbox 892 2590 954 2644; x_wconf 91' lang='lat' dir='ltr'>in</span> <span class='ocrx_word' id='word_1_241' title='bbox 984 2594 1155 2662; x_wconf 87' lang='lat' dir='ltr'>petra</span> <span class='ocrx_word' id='word_1_242' title='bbox 1183 2590 1517 2662; x_wconf 88' lang='lat' dir='ltr'>abscondit,</span> <span class='ocrx_word' id='word_1_243' title='bbox 1550 2590 1689 2648; x_wconf 91' lang='lat' dir='ltr'>illos</span> <span class='ocrx_word' id='word_1_244' title='bbox 1719 2591 1819 2663; x_wconf 90' lang='lat' dir='ltr'>qui</span> <span class='ocrx_word' id='word_1_245' title='bbox 1841 2591 1976 2648; x_wconf 89' lang='lat' dir='ltr'>ade-</span> 
     </span>
    </p>
   </div>
   <div class='ocr_carea' id='block_1_38' title="bbox 309 2677 1972 2753">
    <p class='ocr_par' dir='ltr' id='par_1_38' title="bbox 309 2677 1972 2753">
     <span class='ocr_line' id='line_1_38' title="bbox 309 2677 1972 2753; baseline 0.004 -22"><span class='ocrx_word' id='word_1_246' title='bbox 309 2678 465 2745; x_wconf 84' lang='lat' dir='ltr'>rant,</span> <span class='ocrx_word' id='word_1_247' title='bbox 500 2677 584 2732; x_wconf 89' lang='lat' dir='ltr'>sic</span> <span class='ocrx_word' id='word_1_248' title='bbox 615 2677 948 2733; x_wconf 88' lang='lat' dir='ltr'>allocutus:</span> <span class='ocrx_word' id='word_1_249' title='bbox 981 2678 1246 2753; x_wconf 85' lang='lat' dir='ltr'>Migravit</span> <span class='ocrx_word' id='word_1_250' title='bbox 1274 2681 1562 2737; x_wconf 88' lang='lat' dir='ltr'>Dominus</span> <span class='ocrx_word' id='word_1_251' title='bbox 1605 2697 1676 2736; x_wconf 89' lang='lat' dir='ltr'>ex</span> <span class='ocrx_word' id='word_1_252' title='bbox 1723 2682 1864 2738; x_wconf 91' lang='lat' dir='ltr'>Sina</span> <span class='ocrx_word' id='word_1_253' title='bbox 1910 2682 1972 2737; x_wconf 90' lang='lat' dir='ltr'>in</span> 
     </span>
    </p>
   </div>
   <div class='ocr_carea' id='block_1_39' title="bbox 316 2766 1972 2843">
    <p class='ocr_par' dir='ltr' id='par_1_39' title="bbox 316 2766 1972 2843">
     <span class='ocr_line' id='line_1_39' title="bbox 316 2766 1972 2843; baseline 0.004 -22"><span class='ocrx_word' id='word_1_254' title='bbox 316 2766 554 2834; x_wconf 76' lang='lat' dir='ltr'>cmlum,</span> <span class='ocrx_word' id='word_1_255' title='bbox 578 2783 645 2823; x_wconf 90' lang='lat' dir='ltr'>ac</span> <span class='ocrx_word' id='word_1_256' title='bbox 665 2783 875 2824; x_wconf 88' lang='lat' dir='ltr'>rursus</span> <span class='ocrx_word' id='word_1_257' title='bbox 895 2768 1091 2823; x_wconf 87' lang='lat' dir='ltr'>veniet</span> <span class='ocrx_word' id='word_1_258' title='bbox 1120 2770 1182 2824; x_wconf 91' lang='lat' dir='ltr'>in</span> <span class='ocrx_word' id='word_1_259' title='bbox 1215 2769 1354 2825; x_wconf 90' lang='lat' dir='ltr'>Sina</span> <span class='ocrx_word' id='word_1_260' title='bbox 1381 2788 1516 2827; x_wconf 89' lang='lat' dir='ltr'>cum</span> <span class='ocrx_word' id='word_1_261' title='bbox 1539 2775 1858 2843; x_wconf 86' lang='lat' dir='ltr'>potestate;</span> <span class='ocrx_word' id='word_1_262' title='bbox 1893 2771 1972 2827; x_wconf 87' lang='lat' dir='ltr'>si-</span> 
     </span>
    </p>
   </div>
   <div class='ocr_carea' id='block_1_40' title="bbox 309 2856 1972 2934">
    <p class='ocr_par' dir='ltr' id='par_1_40' title="bbox 309 2856 1972 2934">
     <span class='ocr_line' id='line_1_40' title="bbox 309 2856 1972 2934; baseline 0.004 -24"><span class='ocrx_word' id='word_1_263' title='bbox 309 2871 606 2927; x_wconf 85' lang='lat' dir='ltr'>gnumque</span> <span class='ocrx_word' id='word_1_264' title='bbox 626 2856 791 2913; x_wconf 80' lang='lat' dir='ltr'>vobis</span> <span class='ocrx_word' id='word_1_265' title='bbox 812 2858 925 2913; x_wconf 91' lang='lat' dir='ltr'>erit</span> <span class='ocrx_word' id='word_1_266' title='bbox 945 2858 1234 2915; x_wconf 85' lang='lat' dir='ltr'>adventus</span> <span class='ocrx_word' id='word_1_267' title='bbox 1264 2860 1473 2932; x_wconf 89' lang='lat' dir='ltr'>ipsius,</span> <span class='ocrx_word' id='word_1_268' title='bbox 1497 2860 1736 2931; x_wconf 88' lang='lat' dir='ltr'>quando</span> <span class='ocrx_word' id='word_1_269' title='bbox 1765 2866 1972 2934; x_wconf 81' lang='lat' dir='ltr'>gentes</span> 
     </span>
    </p>
   </div>
   <div class='ocr_carea' id='block_1_41' title="bbox 312 2934 1970 3019">
    <p class='ocr_par' dir='ltr' id='par_1_41' title="bbox 312 2934 1970 3019">
     <span class='ocr_line' id='line_1_41' title="bbox 312 2934 1970 3019; baseline 0.005 -21"><span class='ocrx_word' id='word_1_270' title='bbox 312 2959 525 2999; x_wconf 91' lang='lat' dir='ltr'>omnes</span> <span class='ocrx_word' id='word_1_271' title='bbox 554 2934 783 3019; x_wconf 82' lang='lat' dir='ltr'>lignum</span> <span class='ocrx_word' id='word_1_272' title='bbox 813 2945 1167 3003; x_wconf 88' lang='lat' dir='ltr'>adorabunt.</span> <span class='ocrx_word' id='word_1_273' title='bbox 1194 2949 1334 3014; x_wconf 65' lang='lat' dir='ltr'>Quae</span> <span class='ocrx_word' id='word_1_274' title='bbox 1357 2966 1494 3005; x_wconf 91' lang='lat' dir='ltr'>cum</span> <span class='ocrx_word' id='word_1_275' title='bbox 1512 2949 1780 3018; x_wconf 85' lang='lat' dir='ltr'>dixisset,</span> <span class='ocrx_word' id='word_1_276' title='bbox 1808 2950 1970 3007; x_wconf 91' lang='lat' dir='ltr'>illico</span> 
     </span>
    </p>
   </div>
   <div class='ocr_carea' id='block_1_42' title="bbox 312 3037 1968 3112">
    <p class='ocr_par' dir='ltr' id='par_1_42' title="bbox 312 3037 1968 3112">
     <span class='ocr_line' id='line_1_42' title="bbox 312 3037 1968 3112; baseline 0.006 -25"><span class='ocrx_word' id='word_1_277' title='bbox 312 3049 493 3105; x_wconf 86' lang='lat' dir='ltr'>super</span> <span class='ocrx_word' id='word_1_278' title='bbox 521 3050 651 3091; x_wconf 86' lang='lat' dir='ltr'>eam</span> <span class='ocrx_word' id='word_1_279' title='bbox 684 3041 938 3108; x_wconf 86' lang='lat' dir='ltr'>petram,</span> <span class='ocrx_word' id='word_1_280' title='bbox 988 3037 1051 3092; x_wconf 91' lang='lat' dir='ltr'>in</span> <span class='ocrx_word' id='word_1_281' title='bbox 1110 3055 1229 3111; x_wconf 87' lang='lat' dir='ltr'>qua</span> <span class='ocrx_word' id='word_1_282' title='bbox 1285 3045 1496 3096; x_wconf 85' lang='lat' dir='ltr'>Arcam</span> <span class='ocrx_word' id='word_1_283' title='bbox 1555 3040 1968 3112; x_wconf 86' lang='lat' dir='ltr'>absconderat,</span> 
     </span>
    </p>
   </div>
   <div class='ocr_carea' id='block_1_43' title="bbox 2003 1776 2055 1842">
    <p class='ocr_par' dir='ltr' id='par_1_43' title="bbox 2003 1776 2055 1842">
     <span class='ocr_line' id='line_1_43' title="bbox 2003 1776 2055 1842; baseline 0 0"><span class='ocrx_word' id='word_1_284' title='bbox 2003 1776 2055 1842; x_wconf 92' lang='lat' dir='ltr'><strong>B</strong></span> 
     </span>
    </p>
   </div>
   <div class='ocr_carea' id='block_1_44' title="bbox 2521 1850 3316 1962">
    <p class='ocr_par' dir='ltr' id='par_1_44' title="bbox 2521 1850 3316 1962">
     <span class='ocr_line' id='line_1_44' title="bbox 2521 1850 3316 1962; baseline 0.018 -18"><span class='ocrx_word' id='word_1_285' title='bbox 2521 1850 2848 1946; x_wconf 91' lang='grc' dir='ltr'>ΜΗΝΙ</span> <span class='ocrx_word' id='word_1_286' title='bbox 2945 1850 3316 1962; x_wconf 87' lang='grc' dir='ltr'>ΜΑΙΩ.</span> 
     </span>
    </p>
   </div>
   <div class='ocr_carea' id='block_1_45' title="bbox 2689 1995 3132 2072">
    <p class='ocr_par' dir='ltr' id='par_1_45' title="bbox 2689 1995 3132 2072">
     <span class='ocr_line' id='line_1_45' title="bbox 2689 1995 3132 2072; baseline 0.002 -20"><span class='ocrx_word' id='word_1_287' title='bbox 2689 1995 2781 2052; x_wconf 82' lang='grc' dir='ltr'>Ἔν</span> <span class='ocrx_word' id='word_1_288' title='bbox 2814 1997 2883 2061; x_wconf 81' lang='grc' dir='ltr'>τῆ</span> <span class='ocrx_word' id='word_1_289' title='bbox 2912 1997 3108 2072; x_wconf 72' lang='grc' dir='ltr'>πρώτη</span> <span class='ocrx_word' id='word_1_290' title='bbox 3120 2039 3132 2053; x_wconf 95' lang='grc'>.</span> 
     </span>
    </p>
   </div>
   <div class='ocr_carea' id='block_1_46' title="bbox 2250 2088 3559 2174">
    <p class='ocr_par' dir='ltr' id='par_1_46' title="bbox 2250 2088 3559 2174">
     <span class='ocr_line' id='line_1_46' title="bbox 2250 2088 3559 2174; baseline 0.009 -28"><span class='ocrx_word' id='word_1_291' title='bbox 2250 2091 2316 2150; x_wconf 83' lang='grc' dir='ltr'>Ἡ</span> <span class='ocrx_word' id='word_1_292' title='bbox 2345 2088 2607 2166; x_wconf 84' lang='grc' dir='ltr'>κοίμησις</span> <span class='ocrx_word' id='word_1_293' title='bbox 2628 2095 2727 2151; x_wconf 78' lang='grc' dir='ltr'>τοῦ</span> <span class='ocrx_word' id='word_1_294' title='bbox 2757 2092 2914 2168; x_wconf 81' lang='grc' dir='ltr'>ἁγίου</span> <span class='ocrx_word' id='word_1_295' title='bbox 2943 2097 3231 2173; x_wconf 80' lang='grc' dir='ltr'>προφήτου</span> <span class='ocrx_word' id='word_1_296' title='bbox 3261 2099 3559 2174; x_wconf 82' lang='grc' dir='ltr'>Ἱερεμίου.</span> 
     </span>
    </p>
   </div>
   <div class='ocr_carea' id='block_1_47' title="bbox 2153 2246 3736 2336">
    <p class='ocr_par' dir='ltr' id='par_1_47' title="bbox 2153 2246 3736 2336">
     <span class='ocr_line' id='line_1_47' title="bbox 2153 2246 3736 2336; baseline 0.006 -31"><span class='ocrx_word' id='word_1_297' title='bbox 2153 2247 2445 2322; x_wconf 84' lang='grc' dir='ltr'>Ἱερεμίας,</span> <span class='ocrx_word' id='word_1_298' title='bbox 2471 2250 2506 2336; x_wconf 15' lang='grc' dir='ltr'>,ὁ</span> <span class='ocrx_word' id='word_1_299' title='bbox 2537 2246 2794 2315; x_wconf 85' lang='grc' dir='ltr'>ἐκλεκτὸς</span> <span class='ocrx_word' id='word_1_300' title='bbox 2822 2254 3117 2329; x_wconf 75' lang='grc' dir='ltr'>προφήτης</span> <span class='ocrx_word' id='word_1_301' title='bbox 3141 2258 3241 2310; x_wconf 80' lang='grc' dir='ltr'>τοῦ</span> <span class='ocrx_word' id='word_1_302' title='bbox 3292 2260 3450 2329; x_wconf 78' lang='grc' dir='ltr'>Θεοῦ,</span> <span class='ocrx_word' id='word_1_303' title='bbox 3487 2258 3736 2336; x_wconf 78' lang='grc' dir='ltr'>ὑπῆρχεν</span> 
     </span>
    </p>
   </div>
   <div class='ocr_carea' id='block_1_48' title="bbox 2081 2335 3742 2418">
    <p class='ocr_par' dir='ltr' id='par_1_48' title="bbox 2081 2335 3742 2418">
     <span class='ocr_line' id='line_1_48' title="bbox 2081 2335 3742 2418; baseline 0.01 -27"><span class='ocrx_word' id='word_1_304' title='bbox 2081 2335 2142 2391; x_wconf 85' lang='grc' dir='ltr'>ἐκ</span> <span class='ocrx_word' id='word_1_305' title='bbox 2195 2343 2296 2407; x_wconf 82' lang='grc' dir='ltr'>τῆς</span> <span class='ocrx_word' id='word_1_306' title='bbox 2354 2335 2616 2402; x_wconf 85' lang='grc' dir='ltr'>Ἰουδαίας</span> <span class='ocrx_word' id='word_1_307' title='bbox 2674 2340 2886 2416; x_wconf 86' lang='grc' dir='ltr'>χώρας·</span> <span class='ocrx_word' id='word_1_308' title='bbox 2943 2346 3315 2418; x_wconf 79' lang='grc' dir='ltr'>προεφήτευσε</span> <span class='ocrx_word' id='word_1_309' title='bbox 3369 2345 3428 2405; x_wconf 60' lang='grc' dir='ltr'>δὲ</span> <span class='ocrx_word' id='word_1_310' title='bbox 3473 2350 3562 2405; x_wconf 81' lang='grc' dir='ltr'>καὶ</span> <span class='ocrx_word' id='word_1_311' title='bbox 3623 2335 3742 2407; x_wconf 68' lang='grc' dir='ltr'>’ἐτε-</span> 
     </span>
    </p>
   </div>
   <div class='ocr_carea' id='block_1_49' title="bbox 2080 2426 3740 2517">
    <p class='ocr_par' dir='ltr' id='par_1_49' title="bbox 2080 2426 3740 2517">
     <span class='ocr_line' id='line_1_49' title="bbox 2080 2426 3740 2517; baseline 0.01 -35"><span class='ocrx_word' id='word_1_312' title='bbox 2080 2446 2150 2501; x_wconf 83' lang='grc' dir='ltr'>ρα</span> <span class='ocrx_word' id='word_1_313' title='bbox 2183 2429 2279 2500; x_wconf 73' lang='grc' dir='ltr'>μὶν</span> <span class='ocrx_word' id='word_1_314' title='bbox 2312 2426 2521 2495; x_wconf 78' lang='grc' dir='ltr'>πολλὰ,</span> <span class='ocrx_word' id='word_1_315' title='bbox 2554 2428 2632 2485; x_wconf 79' lang='grc' dir='ltr'>ἔτι</span> <span class='ocrx_word' id='word_1_316' title='bbox 2667 2428 2725 2486; x_wconf 79' lang='grc' dir='ltr'>δὶ</span> <span class='ocrx_word' id='word_1_317' title='bbox 2770 2433 2858 2487; x_wconf 86' lang='grc' dir='ltr'>καὶ</span> <span class='ocrx_word' id='word_1_318' title='bbox 2907 2435 3030 2507; x_wconf 85' lang='grc' dir='ltr'>περὶ</span> <span class='ocrx_word' id='word_1_319' title='bbox 3080 2442 3180 2505; x_wconf 75' lang='grc' dir='ltr'>τῆς</span> <span class='ocrx_word' id='word_1_320' title='bbox 3227 2436 3489 2504; x_wconf 80' lang='grc' dir='ltr'>ἁλώσεως</span> <span class='ocrx_word' id='word_1_321' title='bbox 3535 2444 3740 2517; x_wconf 82' lang='grc' dir='ltr'>Ἰερου-</span> 
     </span>
    </p>
   </div>
   <div class='ocr_carea' id='block_1_50' title="bbox 2081 2515 3740 2603">
    <p class='ocr_par' dir='ltr' id='par_1_50' title="bbox 2081 2515 3740 2603">
     <span class='ocr_line' id='line_1_50' title="bbox 2081 2515 3740 2603; baseline 0.011 -33"><span class='ocrx_word' id='word_1_322' title='bbox 2081 2515 2275 2591; x_wconf 84' lang='grc' dir='ltr'>σαλήμ.</span> <span class='ocrx_word' id='word_1_323' title='bbox 2324 2518 2419 2573; x_wconf 85' lang='grc' dir='ltr'>Διὸ</span> <span class='ocrx_word' id='word_1_324' title='bbox 2447 2518 2539 2574; x_wconf 86' lang='grc' dir='ltr'>καὶ</span> <span class='ocrx_word' id='word_1_325' title='bbox 2579 2515 2744 2575; x_wconf 79' lang='grc' dir='ltr'>ἔλαϐε</span> <span class='ocrx_word' id='word_1_326' title='bbox 2793 2522 2894 2589; x_wconf 73' lang='grc' dir='ltr'>τήν</span> <span class='ocrx_word' id='word_1_327' title='bbox 2942 2518 3179 2580; x_wconf 72' lang='grc' dir='ltr'>κιϐωτὸν</span> <span class='ocrx_word' id='word_1_328' title='bbox 3237 2531 3334 2583; x_wconf 78' lang='grc' dir='ltr'>τοῦ</span> <span class='ocrx_word' id='word_1_329' title='bbox 3390 2530 3588 2603; x_wconf 86' lang='grc' dir='ltr'>νόμου,</span> <span class='ocrx_word' id='word_1_330' title='bbox 3646 2535 3740 2590; x_wconf 82' lang='grc' dir='ltr'>καὶ</span> 
     </span>
    </p>
   </div>
   <div class='ocr_carea' id='block_1_51' title="bbox 2078 2595 3737 2694">
    <p class='ocr_par' dir='ltr' id='par_1_51' title="bbox 2078 2595 3737 2694">
     <span class='ocr_line' id='line_1_51' title="bbox 2078 2595 3737 2694; baseline 0.011 -35"><span class='ocrx_word' id='word_1_331' title='bbox 2078 2595 2145 2660; x_wconf 73' lang='grc' dir='ltr'>’ἔᾶ</span> <span class='ocrx_word' id='word_1_332' title='bbox 2199 2604 2252 2661; x_wconf 73' lang='grc' dir='ltr'>ἑν</span> <span class='ocrx_word' id='word_1_333' title='bbox 2315 2605 2451 2681; x_wconf 80' lang='grc' dir='ltr'>αὐτῇ</span> <span class='ocrx_word' id='word_1_334' title='bbox 2507 2609 2632 2682; x_wconf 74' lang='grc' dir='ltr'>ἄγει)</span> <span class='ocrx_word' id='word_1_335' title='bbox 2680 2610 2878 2678; x_wconf 81' lang='grc' dir='ltr'>πάντα,</span> <span class='ocrx_word' id='word_1_336' title='bbox 2930 2611 3023 2667; x_wconf 82' lang='grc' dir='ltr'>καὶ</span> <span class='ocrx_word' id='word_1_337' title='bbox 3107 2614 3316 2690; x_wconf 82' lang='grc' dir='ltr'>κρύψας</span> <span class='ocrx_word' id='word_1_338' title='bbox 3375 2617 3451 2681; x_wconf 86' lang='grc' dir='ltr'>εἷς</span> <span class='ocrx_word' id='word_1_339' title='bbox 3510 2622 3737 2694; x_wconf 69' lang='grc' dir='ltr'>πέτραν,</span> 
     </span>
    </p>
   </div>
   <div class='ocr_carea' id='block_1_52' title="bbox 2079 2696 3743 2781">
    <p class='ocr_par' dir='ltr' id='par_1_52' title="bbox 2079 2696 3743 2781">
     <span class='ocr_line' id='line_1_52' title="bbox 2079 2696 3743 2781; baseline 0.011 -33"><span class='ocrx_word' id='word_1_340' title='bbox 2079 2696 2198 2749; x_wconf 72' lang='grc' dir='ltr'>εἷπε</span> <span class='ocrx_word' id='word_1_341' title='bbox 2232 2701 2351 2759; x_wconf 85' lang='grc' dir='ltr'>τοῖς</span> <span class='ocrx_word' id='word_1_342' title='bbox 2403 2702 2764 2774; x_wconf 79' lang='grc' dir='ltr'>παρεστῶσιν.</span> <span class='ocrx_word' id='word_1_343' title='bbox 2825 2698 3180 2776; x_wconf 81' lang='grc' dir='ltr'>Ἀπεδήμησε</span> <span class='ocrx_word' id='word_1_344' title='bbox 3238 2706 3439 2781; x_wconf 75' lang='grc' dir='ltr'>Κύριος</span> <span class='ocrx_word' id='word_1_345' title='bbox 3494 2708 3553 2765; x_wconf 84' lang='grc' dir='ltr'>ἐκ</span> <span class='ocrx_word' id='word_1_346' title='bbox 3603 2714 3743 2770; x_wconf 81' lang='grc' dir='ltr'>Σινᾶ</span> 
     </span>
    </p>
   </div>
   <div class='ocr_carea' id='block_1_53' title="bbox 2078 2774 3739 2867">
    <p class='ocr_par' dir='ltr' id='par_1_53' title="bbox 2078 2774 3739 2867">
     <span class='ocr_line' id='line_1_53' title="bbox 2078 2774 3739 2867; baseline 0.013 -29"><span class='ocrx_word' id='word_1_347' title='bbox 2078 2774 2156 2846; x_wconf 66' lang='grc' dir='ltr'>εἷς</span> <span class='ocrx_word' id='word_1_348' title='bbox 2194 2786 2288 2840; x_wconf 89' lang='grc' dir='ltr'>τὸν</span> <span class='ocrx_word' id='word_1_349' title='bbox 2352 2785 2609 2867; x_wconf 72' lang='grc' dir='ltr'>οὐρανὸν,</span> <span class='ocrx_word' id='word_1_350' title='bbox 2663 2790 2756 2845; x_wconf 69' lang='grc' dir='ltr'>καὶ</span> <span class='ocrx_word' id='word_1_351' title='bbox 2815 2788 2984 2846; x_wconf 88' lang='grc' dir='ltr'>πάλιν</span> <span class='ocrx_word' id='word_1_352' title='bbox 3039 2793 3313 2851; x_wconf 78' lang='grc' dir='ltr'>ἐλεύσεται</span> <span class='ocrx_word' id='word_1_353' title='bbox 3370 2797 3423 2852; x_wconf 84' lang='grc' dir='ltr'>ἐν</span> <span class='ocrx_word' id='word_1_354' title='bbox 3489 2801 3620 2856; x_wconf 80' lang='grc' dir='ltr'>Σινᾶ</span> <span class='ocrx_word' id='word_1_355' title='bbox 3681 2803 3739 2860; x_wconf 82' lang='grc' dir='ltr'>ἐν</span> 
     </span>
    </p>
   </div>
   <div class='ocr_carea' id='block_1_54' title="bbox 2078 2872 3739 2964">
    <p class='ocr_par' dir='ltr' id='par_1_54' title="bbox 2078 2872 3739 2964">
     <span class='ocr_line' id='line_1_54' title="bbox 2078 2872 3739 2964; baseline 0.012 -36"><span class='ocrx_word' id='word_1_356' title='bbox 2078 2872 2325 2948; x_wconf 75' lang='grc' dir='ltr'>δυνάμει·</span> <span class='ocrx_word' id='word_1_357' title='bbox 2388 2877 2476 2932; x_wconf 84' lang='grc' dir='ltr'>καὶ</span> <span class='ocrx_word' id='word_1_358' title='bbox 2534 2883 2763 2950; x_wconf 84' lang='grc' dir='ltr'>σημεῖον</span> <span class='ocrx_word' id='word_1_359' title='bbox 2824 2880 2949 2952; x_wconf 88' lang='grc' dir='ltr'>ὑμῖν</span> <span class='ocrx_word' id='word_1_360' title='bbox 3037 2880 3184 2938; x_wconf 85' lang='grc' dir='ltr'>ἔσται</span> <span class='ocrx_word' id='word_1_361' title='bbox 3259 2893 3361 2956; x_wconf 78' lang='grc' dir='ltr'>τῆς</span> <span class='ocrx_word' id='word_1_362' title='bbox 3436 2892 3739 2964; x_wconf 73' lang='grc' dir='ltr'>παρουσίας</span> 
     </span>
    </p>
   </div>
   <div class='ocr_carea' id='block_1_55' title="bbox 2077 2961 3734 3052">
    <p class='ocr_par' dir='ltr' id='par_1_55' title="bbox 2077 2961 3734 3052">
     <span class='ocr_line' id='line_1_55' title="bbox 2077 2961 3734 3052; baseline 0.01 -35"><span class='ocrx_word' id='word_1_363' title='bbox 2077 2961 2265 3029; x_wconf 80' lang='grc' dir='ltr'>αὐτοῦ,</span> <span class='ocrx_word' id='word_1_364' title='bbox 2324 2962 2450 3019; x_wconf 76' lang='grc' dir='ltr'>ὅταν</span> <span class='ocrx_word' id='word_1_365' title='bbox 2506 2964 2666 3036; x_wconf 80' lang='grc' dir='ltr'>ξύλον</span> <span class='ocrx_word' id='word_1_366' title='bbox 2745 2972 3164 3040; x_wconf 82' lang='grc' dir='ltr'>προσκυνήσωσι</span> <span class='ocrx_word' id='word_1_367' title='bbox 3219 2975 3392 3032; x_wconf 69' lang='grc' dir='ltr'>πάντα</span> <span class='ocrx_word' id='word_1_368' title='bbox 3456 2961 3524 3034; x_wconf 58' lang='grc' dir='ltr'>τά</span> <span class='ocrx_word' id='word_1_369' title='bbox 3578 2975 3734 3052; x_wconf 81' lang='grc' dir='ltr'>ἔθνη,</span> 
     </span>
    </p>
   </div>
   <div class='ocr_carea' id='block_1_56' title="bbox 2075 3050 3735 3146">
    <p class='ocr_par' dir='ltr' id='par_1_56' title="bbox 2075 3050 3735 3146">
     <span class='ocr_line' id='line_1_56' title="bbox 2075 3050 3735 3146; baseline 0.013 -40"><span class='ocrx_word' id='word_1_370' title='bbox 2075 3051 2324 3137; x_wconf 67' lang='grc' dir='ltr'>Ἐγένετο</span> <span class='ocrx_word' id='word_1_371' title='bbox 2357 3050 2416 3109; x_wconf 75' lang='grc' dir='ltr'>δὲ</span> <span class='ocrx_word' id='word_1_372' title='bbox 2445 3053 2498 3110; x_wconf 82' lang='grc' dir='ltr'>ἐν</span> <span class='ocrx_word' id='word_1_373' title='bbox 2549 3059 2618 3128; x_wconf 79' lang='grc' dir='ltr'>τῇ</span> <span class='ocrx_word' id='word_1_374' title='bbox 2671 3055 2862 3130; x_wconf 73' lang='grc' dir='ltr'>πέτρᾳ,</span> <span class='ocrx_word' id='word_1_375' title='bbox 2914 3054 2966 3113; x_wconf 73' lang='grc' dir='ltr'>ἐν</span> <span class='ocrx_word' id='word_1_376' title='bbox 3064 3058 3266 3138; x_wconf 77' lang='grc' dir='ltr'>ἔκρυψε</span> <span class='ocrx_word' id='word_1_377' title='bbox 3317 3067 3416 3134; x_wconf 77' lang='grc' dir='ltr'>τήν</span> <span class='ocrx_word' id='word_1_378' title='bbox 3470 3050 3735 3146; x_wconf 77' lang='grc' dir='ltr'>κιϐωτὸν,</span> 
     </span>
    </p>
   </div>
   <div class='ocr_carea' id='block_1_57' title="bbox 309 3123 1973 3231">
    <p class='ocr_par' dir='ltr' id='par_1_57' title="bbox 309 3123 1966 3231">
     <span class='ocr_line' id='line_1_57' title="bbox 309 3123 1966 3202; baseline 0.006 -25"><span class='ocrx_word' id='word_1_379' title='bbox 309 3123 501 3179; x_wconf 89' lang='lat' dir='ltr'>nubes</span> <span class='ocrx_word' id='word_1_380' title='bbox 532 3126 828 3195; x_wconf 88' lang='lat' dir='ltr'>apparuit,</span> <span class='ocrx_word' id='word_1_381' title='bbox 860 3127 1060 3183; x_wconf 90' lang='lat' dir='ltr'>locum</span> <span class='ocrx_word' id='word_1_382' title='bbox 1092 3128 1266 3183; x_wconf 91' lang='lat' dir='ltr'>illum</span> <span class='ocrx_word' id='word_1_383' title='bbox 1295 3145 1485 3201; x_wconf 88' lang='lat' dir='ltr'>usque</span> <span class='ocrx_word' id='word_1_384' title='bbox 1514 3129 1577 3186; x_wconf 90' lang='lat' dir='ltr'>in</span> <span class='ocrx_word' id='word_1_385' title='bbox 1609 3136 1966 3202; x_wconf 75' lang='lat' dir='ltr'>praesentem</span> 
     </span>
     <span class='ocr_line' id='line_1_58' title="bbox 314 3208 1932 3231; baseline 0 0"><span class='ocrx_word' id='word_1_386' title='bbox 314 3208 461 3231; x_wconf 71' lang='lat' dir='ltr'>.‘I:-__</span> <span class='ocrx_word' id='word_1_387' title='bbox 498 3210 701 3231; x_wconf 63' lang='lat' dir='ltr'>-L____&#39;l,</span> <span class='ocrx_word' id='word_1_388' title='bbox 758 3230 767 3231; x_wconf 32' lang='grc' dir='ltr'><em>κ</em></span> <span class='ocrx_word' id='word_1_389' title='bbox 908 3216 972 3231; x_wconf 67' lang='lat'>“1</span> <span class='ocrx_word' id='word_1_390' title='bbox 1155 3216 1170 3231; x_wconf 72' lang='grc' dir='ltr'><strong>ι</strong></span> <span class='ocrx_word' id='word_1_391' title='bbox 1219 3218 1230 3229; x_wconf 75' lang='grc' dir='ltr'>ο</span> <span class='ocrx_word' id='word_1_392' title='bbox 1300 3219 1315 3231; x_wconf 79' lang='grc'><strong>1</strong></span> <span class='ocrx_word' id='word_1_393' title='bbox 1754 3223 1775 3231; x_wconf 82' lang='grc'><strong>-</strong></span> <span class='ocrx_word' id='word_1_394' title='bbox 1839 3222 1854 3231; x_wconf 80' lang='lat'><em>.</em></span> <span class='ocrx_word' id='word_1_395' title='bbox 1922 3222 1932 3231; x_wconf 84' lang='grc'>.</span> 
     </span>
    </p>
   </div>
   <div class='ocr_carea' id='block_1_58' title="bbox 2085 3123 3730 3231">
    <p class='ocr_par' dir='ltr' id='par_1_58' title="bbox 2085 3123 3730 3231">
     <span class='ocr_line' id='line_1_59' title="bbox 2085 3123 3730 3231; baseline 0.012 -39"><span class='ocrx_word' id='word_1_396' title='bbox 2085 3128 2153 3200; x_wconf 80' lang='grc' dir='ltr'>ὧς</span> <span class='ocrx_word' id='word_1_397' title='bbox 2186 3139 2385 3217; x_wconf 77' lang='grc' dir='ltr'>νεφέλη</span> <span class='ocrx_word' id='word_1_398' title='bbox 2431 3143 2723 3212; x_wconf 76' lang='grc' dir='ltr'>σκιάζουσα</span> <span class='ocrx_word' id='word_1_399' title='bbox 2770 3146 2862 3200; x_wconf 88' lang='grc' dir='ltr'>τὸν</span> <span class='ocrx_word' id='word_1_400' title='bbox 2925 3147 3092 3204; x_wconf 78' lang='grc' dir='ltr'>τόπον</span> <span class='ocrx_word' id='word_1_401' title='bbox 3150 3147 3255 3213; x_wconf 70' lang='grc' dir='ltr'>ἕως</span> <span class='ocrx_word' id='word_1_402' title='bbox 3311 3156 3409 3222; x_wconf 71' lang='grc' dir='ltr'>τῆς</span> <span class='ocrx_word' id='word_1_403' title='bbox 3461 3123 3730 3231; x_wconf 70' lang='grc' dir='ltr'>σήμερονῖ</span> 
     </span>
    </p>
   </div>
   <div class='ocr_carea' id='block_1_59' title="bbox 308 3208 1968 3278">
    <p class='ocr_par' dir='ltr' id='par_1_59' title="bbox 308 3208 1968 3278">
     <span class='ocr_line' id='line_1_60' title="bbox 308 3208 1968 3278; baseline 0.009 -15"><span class='ocrx_word' id='word_1_404' title='bbox 308 3208 468 3265; x_wconf 90' lang='lat' dir='ltr'>diem</span> <span class='ocrx_word' id='word_1_405' title='bbox 491 3210 877 3270; x_wconf 89' lang='lat' dir='ltr'>obumbrans.</span> <span class='ocrx_word' id='word_1_406' title='bbox 908 3216 1117 3273; x_wconf 87' lang='lat' dir='ltr'>Plures</span> <span class='ocrx_word' id='word_1_407' title='bbox 1139 3216 1354 3274; x_wconf 90' lang='lat' dir='ltr'>deinde</span> <span class='ocrx_word' id='word_1_408' title='bbox 1376 3237 1675 3277; x_wconf 82' lang='lat' dir='ltr'>aerumnas</span> <span class='ocrx_word' id='word_1_409' title='bbox 1695 3238 1730 3278; x_wconf 91' lang='lat' dir='ltr'>a</span> <span class='ocrx_word' id='word_1_410' title='bbox 1747 3222 1968 3278; x_wconf 71' lang='lat' dir='ltr'>Iudaeis</span> 
     </span>
    </p>
   </div>
   <div class='ocr_carea' id='block_1_60' title="bbox 309 3300 1968 3385">
    <p class='ocr_par' dir='ltr' id='par_1_60' title="bbox 309 3300 1968 3385">
     <span class='ocr_line' id='line_1_61' title="bbox 309 3300 1968 3385; baseline 0.01 -32"><span class='ocrx_word' id='word_1_411' title='bbox 309 3300 579 3370; x_wconf 89' lang='lat' dir='ltr'>sustulit,</span> <span class='ocrx_word' id='word_1_412' title='bbox 606 3303 765 3374; x_wconf 91' lang='lat' dir='ltr'>quod</span> <span class='ocrx_word' id='word_1_413' title='bbox 789 3320 993 3361; x_wconf 89' lang='lat' dir='ltr'>eorum</span> <span class='ocrx_word' id='word_1_414' title='bbox 1014 3306 1359 3379; x_wconf 86' lang='lat' dir='ltr'>iniquitates</span> <span class='ocrx_word' id='word_1_415' title='bbox 1388 3311 1791 3385; x_wconf 89' lang='lat' dir='ltr'>redargueret.</span> <span class='ocrx_word' id='word_1_416' title='bbox 1823 3313 1968 3368; x_wconf 91' lang='lat' dir='ltr'>Cum</span> 
     </span>
    </p>
   </div>
   <div class='ocr_carea' id='block_1_61' title="bbox 305 3390 1969 3470">
    <p class='ocr_par' dir='ltr' id='par_1_61' title="bbox 305 3390 1969 3470">
     <span class='ocr_line' id='line_1_62' title="bbox 305 3390 1969 3470; baseline 0.01 -29"><span class='ocrx_word' id='word_1_417' title='bbox 305 3404 446 3465; x_wconf 83' lang='lat' dir='ltr'>vero</span> <span class='ocrx_word' id='word_1_418' title='bbox 480 3390 543 3445; x_wconf 90' lang='lat' dir='ltr'>in</span> <span class='ocrx_word' id='word_1_419' title='bbox 571 3392 883 3465; x_wconf 63' lang='lat' dir='ltr'>Egyptum</span> <span class='ocrx_word' id='word_1_420' title='bbox 915 3394 1183 3465; x_wconf 89' lang='lat' dir='ltr'>abiisset,</span> <span class='ocrx_word' id='word_1_421' title='bbox 1214 3399 1492 3470; x_wconf 63' lang='lat' dir='ltr'>praedixit</span> <span class='ocrx_word' id='word_1_422' title='bbox 1511 3400 1735 3469; x_wconf 86' lang='lat' dir='ltr'>fore,ut</span> <span class='ocrx_word' id='word_1_423' title='bbox 1761 3418 1969 3458; x_wconf 89' lang='lat' dir='ltr'>eorum</span> 
     </span>
    </p>
   </div>
   <div class='ocr_carea' id='block_1_62' title="bbox 306 3476 1967 3563">
    <p class='ocr_par' dir='ltr' id='par_1_62' title="bbox 306 3476 1967 3563">
     <span class='ocr_line' id='line_1_63' title="bbox 306 3476 1967 3563; baseline 0.011 -33"><span class='ocrx_word' id='word_1_424' title='bbox 306 3476 628 3533; x_wconf 87' lang='lat' dir='ltr'>simulacra</span> <span class='ocrx_word' id='word_1_425' title='bbox 656 3489 1139 3552; x_wconf 86' lang='lat' dir='ltr'>concuterentur,</span> <span class='ocrx_word' id='word_1_426' title='bbox 1199 3493 1259 3542; x_wconf 91' lang='lat' dir='ltr'>et</span> <span class='ocrx_word' id='word_1_427' title='bbox 1297 3490 1682 3546; x_wconf 88' lang='lat' dir='ltr'>conciderent</span> <span class='ocrx_word' id='word_1_428' title='bbox 1723 3498 1967 3563; x_wconf 86' lang='lat' dir='ltr'>propter</span> 
     </span>
    </p>
   </div>
   <div class='ocr_carea' id='block_1_63' title="bbox 304 3565 1965 3648">
    <p class='ocr_par' dir='ltr' id='par_1_63' title="bbox 304 3565 1965 3648">
     <span class='ocr_line' id='line_1_64' title="bbox 304 3565 1965 3648; baseline 0.011 -28"><span class='ocrx_word' id='word_1_429' title='bbox 304 3565 665 3637; x_wconf 85' lang='lat' dir='ltr'>Salvatorem</span> <span class='ocrx_word' id='word_1_430' title='bbox 696 3587 950 3642; x_wconf 89' lang='lat' dir='ltr'>puerum</span> <span class='ocrx_word' id='word_1_431' title='bbox 982 3590 1053 3630; x_wconf 85' lang='lat' dir='ltr'>ex</span> <span class='ocrx_word' id='word_1_432' title='bbox 1086 3575 1319 3648; x_wconf 88' lang='lat' dir='ltr'>Virgine</span> <span class='ocrx_word' id='word_1_433' title='bbox 1349 3578 1412 3633; x_wconf 91' lang='lat' dir='ltr'>in</span> <span class='ocrx_word' id='word_1_434' title='bbox 1443 3579 1675 3635; x_wconf 86' lang='lat' dir='ltr'>stabulo</span> <span class='ocrx_word' id='word_1_435' title='bbox 1724 3581 1827 3637; x_wconf 79' lang='lat'><strong>80</strong></span> <span class='ocrx_word' id='word_1_436' title='bbox 1855 3598 1965 3637; x_wconf 89' lang='lat' dir='ltr'>na-</span> 
     </span>
    </p>
   </div>
   <div class='ocr_carea' id='block_1_64' title="bbox 302 3653 1964 3743">
    <p class='ocr_par' dir='ltr' id='par_1_64' title="bbox 302 3653 1964 3743">
     <span class='ocr_line' id='line_1_65' title="bbox 302 3653 1964 3743; baseline 0.01 -35"><span class='ocrx_word' id='word_1_437' title='bbox 302 3653 614 3743; x_wconf 79' lang='lat' dir='ltr'>sciturum.</span> <span class='ocrx_word' id='word_1_438' title='bbox 650 3666 733 3714; x_wconf 83' lang='lat' dir='ltr'>Ac</span> <span class='ocrx_word' id='word_1_439' title='bbox 763 3659 1005 3717; x_wconf 91' lang='lat' dir='ltr'>demum</span> <span class='ocrx_word' id='word_1_440' title='bbox 1036 3678 1171 3718; x_wconf 88' lang='lat' dir='ltr'>cum</span> <span class='ocrx_word' id='word_1_441' title='bbox 1194 3664 1256 3720; x_wconf 92' lang='lat' dir='ltr'>in</span> <span class='ocrx_word' id='word_1_442' title='bbox 1283 3666 1429 3722; x_wconf 87' lang='lat' dir='ltr'>urbe</span> <span class='ocrx_word' id='word_1_443' title='bbox 1450 3669 1678 3741; x_wconf 70' lang='lat' dir='ltr'>Egypti</span> <span class='ocrx_word' id='word_1_444' title='bbox 1703 3670 1964 3743; x_wconf 88' lang='lat' dir='ltr'>Taphnis</span> 
     </span>
    </p>
   </div>
   <div class='ocr_carea' id='block_1_65' title="bbox 300 3741 1962 3829">
    <p class='ocr_par' dir='ltr' id='par_1_65' title="bbox 300 3741 1962 3829">
     <span class='ocr_line' id='line_1_66' title="bbox 300 3741 1962 3829; baseline 0.012 -34"><span class='ocrx_word' id='word_1_445' title='bbox 300 3741 561 3815; x_wconf 82' lang='lat' dir='ltr'>degeret,</span> <span class='ocrx_word' id='word_1_446' title='bbox 585 3745 888 3817; x_wconf 88' lang='lat' dir='ltr'>lapidibus</span> <span class='ocrx_word' id='word_1_447' title='bbox 913 3766 949 3805; x_wconf 91' lang='lat' dir='ltr'>a</span> <span class='ocrx_word' id='word_1_448' title='bbox 968 3752 1189 3823; x_wconf 85' lang='lat' dir='ltr'>populo</span> <span class='ocrx_word' id='word_1_449' title='bbox 1211 3753 1481 3823; x_wconf 89' lang='lat' dir='ltr'>obrutus,</span> <span class='ocrx_word' id='word_1_450' title='bbox 1503 3774 1534 3812; x_wconf 91' lang='lat' dir='ltr'>e</span> <span class='ocrx_word' id='word_1_451' title='bbox 1556 3758 1672 3813; x_wconf 87' lang='lat' dir='ltr'>vita</span> <span class='ocrx_word' id='word_1_452' title='bbox 1683 3741 1962 3829; x_wconf 79' lang='lat' dir='ltr'>decessit,</span> 
     </span>
    </p>
   </div>
   <div class='ocr_carea' id='block_1_66' title="bbox 297 3835 1447 3915">
    <p class='ocr_par' dir='ltr' id='par_1_66' title="bbox 297 3835 1447 3915">
     <span class='ocr_line' id='line_1_67' title="bbox 297 3835 1447 3915; baseline 0.013 -29"><span class='ocrx_word' id='word_1_453' title='bbox 297 3846 482 3907; x_wconf 81' lang='lat' dir='ltr'>prope</span> <span class='ocrx_word' id='word_1_454' title='bbox 518 3835 764 3893; x_wconf 89' lang='lat' dir='ltr'>domum</span> <span class='ocrx_word' id='word_1_455' title='bbox 793 3839 1123 3897; x_wconf 86' lang='lat' dir='ltr'>Pharaonis</span> <span class='ocrx_word' id='word_1_456' title='bbox 1156 3845 1447 3915; x_wconf 82' lang='lat' dir='ltr'>sepultus.</span> 
     </span>
    </p>
   </div>
   <div class='ocr_carea' id='block_1_67' title="bbox 587 3997 1672 4078">
    <p class='ocr_par' dir='ltr' id='par_1_67' title="bbox 587 3997 1672 4078">
     <span class='ocr_line' id='line_1_68' title="bbox 587 3997 1672 4078; baseline 0.015 -29"><span class='ocrx_word' id='word_1_457' title='bbox 587 3997 659 4050; x_wconf 86' lang='lat' dir='ltr'>Et</span> <span class='ocrx_word' id='word_1_458' title='bbox 689 4002 965 4054; x_wconf 82' lang='lat' dir='ltr'>certamen</span> <span class='ocrx_word' id='word_1_459' title='bbox 994 4003 1173 4055; x_wconf 86' lang='lat' dir='ltr'>sancti</span> <span class='ocrx_word' id='word_1_460' title='bbox 1199 4008 1463 4078; x_wconf 78' lang='lat' dir='ltr'>martyris</span> <span class='ocrx_word' id='word_1_461' title='bbox 1499 4008 1672 4065; x_wconf 71' lang='lat' dir='ltr'>Butae.</span> 
     </span>
    </p>
   </div>
   <div class='ocr_carea' id='block_1_68' title="bbox 372 4135 1953 4220">
    <p class='ocr_par' dir='ltr' id='par_1_68' title="bbox 372 4135 1953 4220">
     <span class='ocr_line' id='line_1_69' title="bbox 372 4135 1953 4220; baseline 0.013 -29"><span class='ocrx_word' id='word_1_462' title='bbox 372 4135 621 4193; x_wconf 85' lang='lat' dir='ltr'>Sanctus</span> <span class='ocrx_word' id='word_1_463' title='bbox 642 4144 870 4214; x_wconf 87' lang='lat' dir='ltr'>martyr</span> <span class='ocrx_word' id='word_1_464' title='bbox 897 4142 1069 4199; x_wconf 87' lang='lat' dir='ltr'>Batas</span> <span class='ocrx_word' id='word_1_465' title='bbox 1102 4160 1172 4200; x_wconf 85' lang='lat' dir='ltr'>ex</span> <span class='ocrx_word' id='word_1_466' title='bbox 1201 4147 1442 4220; x_wconf 86' lang='lat' dir='ltr'>regione</span> <span class='ocrx_word' id='word_1_467' title='bbox 1472 4152 1725 4210; x_wconf 88' lang='lat' dir='ltr'>Persidis</span> <span class='ocrx_word' id='word_1_468' title='bbox 1753 4157 1953 4211; x_wconf 91' lang='lat' dir='ltr'>oriun-</span> 
     </span>
    </p>
   </div>
   <div class='ocr_carea' id='block_1_69' title="bbox 299 4226 1951 4307">
    <p class='ocr_par' dir='ltr' id='par_1_69' title="bbox 299 4226 1951 4307">
     <span class='ocr_line' id='line_1_70' title="bbox 299 4226 1951 4307; baseline 0.015 -25"><span class='ocrx_word' id='word_1_469' title='bbox 299 4226 435 4297; x_wconf 88' lang='lat' dir='ltr'>dus,</span> <span class='ocrx_word' id='word_1_470' title='bbox 461 4228 641 4285; x_wconf 86' lang='lat' dir='ltr'>ﬂdem</span> <span class='ocrx_word' id='word_1_471' title='bbox 672 4232 887 4289; x_wconf 89' lang='lat' dir='ltr'>Christi</span> <span class='ocrx_word' id='word_1_472' title='bbox 920 4250 953 4291; x_wconf 92' lang='lat' dir='ltr'>a</span> <span class='ocrx_word' id='word_1_473' title='bbox 982 4238 1330 4307; x_wconf 89' lang='lat' dir='ltr'>parentibus</span> <span class='ocrx_word' id='word_1_474' title='bbox 1362 4241 1604 4300; x_wconf 88' lang='lat' dir='ltr'>edoctus</span> <span class='ocrx_word' id='word_1_475' title='bbox 1644 4251 1751 4305; x_wconf 90' lang='lat' dir='ltr'>est.</span> <span class='ocrx_word' id='word_1_476' title='bbox 1808 4249 1951 4306; x_wconf 89' lang='lat' dir='ltr'>Cum</span> 
     </span>
    </p>
   </div>
   <div class='ocr_carea' id='block_1_70' title="bbox 295 4320 1954 4406">
    <p class='ocr_par' dir='ltr' id='par_1_70' title="bbox 295 4320 1954 4406">
     <span class='ocr_line' id='line_1_71' title="bbox 295 4320 1954 4406; baseline 0.015 -34"><span class='ocrx_word' id='word_1_477' title='bbox 295 4335 432 4374; x_wconf 90' lang='lat' dir='ltr'>vero</span> <span class='ocrx_word' id='word_1_478' title='bbox 455 4320 826 4394; x_wconf 88' lang='lat' dir='ltr'>trigesimum</span> <span class='ocrx_word' id='word_1_479' title='bbox 852 4325 1043 4382; x_wconf 67' lang='lat' dir='ltr'>astatis</span> <span class='ocrx_word' id='word_1_480' title='bbox 1072 4345 1191 4384; x_wconf 74' lang='lat' dir='ltr'>sum</span> <span class='ocrx_word' id='word_1_481' title='bbox 1216 4345 1441 4388; x_wconf 87' lang='lat' dir='ltr'>annum</span> <span class='ocrx_word' id='word_1_482' title='bbox 1473 4342 1692 4406; x_wconf 82' lang='lat' dir='ltr'>ageret,</span> <span class='ocrx_word' id='word_1_483' title='bbox 1726 4339 1954 4397; x_wconf 88' lang='lat' dir='ltr'>relictis</span> 
     </span>
    </p>
   </div>
   <div class='ocr_carea' id='block_1_71' title="bbox 286 4413 1948 4497">
    <p class='ocr_par' dir='ltr' id='par_1_71' title="bbox 286 4413 1948 4497">
     <span class='ocr_line' id='line_1_72' title="bbox 286 4413 1948 4497; baseline 0.012 -34"><span class='ocrx_word' id='word_1_484' title='bbox 286 4413 475 4479; x_wconf 87' lang='lat' dir='ltr'>patre,</span> <span class='ocrx_word' id='word_1_485' title='bbox 507 4418 717 4482; x_wconf 90' lang='lat' dir='ltr'>matre,</span> <span class='ocrx_word' id='word_1_486' title='bbox 752 4430 956 4484; x_wconf 87' lang='lat' dir='ltr'>uxore,</span> <span class='ocrx_word' id='word_1_487' title='bbox 992 4416 1217 4482; x_wconf 90' lang='lat' dir='ltr'>liberis,</span> <span class='ocrx_word' id='word_1_488' title='bbox 1252 4423 1603 4480; x_wconf 89' lang='lat' dir='ltr'>etomnibus</span> <span class='ocrx_word' id='word_1_489' title='bbox 1628 4426 1844 4497; x_wconf 91' lang='lat' dir='ltr'>quibus</span> <span class='ocrx_word' id='word_1_490' title='bbox 1866 4427 1948 4485; x_wconf 88' lang='lat' dir='ltr'>af-</span> 
     </span>
    </p>
   </div>
   <div class='ocr_carea' id='block_1_72' title="bbox 2080 3224 3725 3313">
    <p class='ocr_par' dir='ltr' id='par_1_72' title="bbox 2080 3224 3725 3313">
     <span class='ocr_line' id='line_1_73' title="bbox 2080 3224 3725 3313; baseline 0.01 -30"><span class='ocrx_word' id='word_1_491' title='bbox 2080 3224 2441 3299; x_wconf 78' lang='grc' dir='ltr'>Ἐὄασανίσθη</span> <span class='ocrx_word' id='word_1_492' title='bbox 2499 3228 2557 3285; x_wconf 75' lang='grc' dir='ltr'>δὲ</span> <span class='ocrx_word' id='word_1_493' title='bbox 2615 3232 2804 3289; x_wconf 77' lang='grc' dir='ltr'>πολλὰ</span> <span class='ocrx_word' id='word_1_494' title='bbox 2863 3236 2967 3291; x_wconf 81' lang='grc' dir='ltr'>ὑπὸ</span> <span class='ocrx_word' id='word_1_495' title='bbox 3026 3243 3134 3295; x_wconf 84' lang='grc' dir='ltr'>τῶν</span> <span class='ocrx_word' id='word_1_496' title='bbox 3211 3224 3545 3313; x_wconf 31' lang='grc' dir='ltr'>ἰουδαίων,-”</span> <span class='ocrx_word' id='word_1_497' title='bbox 3579 3224 3725 3300; x_wconf 72' lang='grc' dir='ltr'>διότι</span> 
     </span>
    </p>
   </div>
   <div class='ocr_carea' id='block_1_73' title="bbox 2072 3314 3720 3399">
    <p class='ocr_par' dir='ltr' id='par_1_73' title="bbox 2072 3314 3720 3399">
     <span class='ocr_line' id='line_1_74' title="bbox 2072 3314 3720 3399; baseline 0.009 -28"><span class='ocrx_word' id='word_1_498' title='bbox 2072 3314 2313 3393; x_wconf 66' lang='grc' dir='ltr'>ἤλεγχεν</span> <span class='ocrx_word' id='word_1_499' title='bbox 2349 3320 2543 3381; x_wconf 72' lang='grc' dir='ltr'>αὐτοὺς</span> <span class='ocrx_word' id='word_1_500' title='bbox 2573 3320 2663 3376; x_wconf 75' lang='grc' dir='ltr'>ἐπὶ</span> <span class='ocrx_word' id='word_1_501' title='bbox 2718 3329 2835 3384; x_wconf 85' lang='grc' dir='ltr'>ταῖς</span> <span class='ocrx_word' id='word_1_502' title='bbox 2888 3324 3143 3399; x_wconf 77' lang='grc' dir='ltr'>ἀνομίαις</span> <span class='ocrx_word' id='word_1_503' title='bbox 3197 3330 3390 3385; x_wconf 80' lang='grc' dir='ltr'>αὐτῶν.</span> <span class='ocrx_word' id='word_1_504' title='bbox 3437 3331 3720 3396; x_wconf 85' lang='grc' dir='ltr'>Ἀπελθὼν</span> 
     </span>
    </p>
   </div>
   <div class='ocr_carea' id='block_1_74' title="bbox 2073 3406 3747 3489">
    <p class='ocr_par' dir='ltr' id='par_1_74' title="bbox 2073 3406 3747 3489">
     <span class='ocr_line' id='line_1_75' title="bbox 2073 3406 3747 3489; baseline 0.011 -29"><span class='ocrx_word' id='word_1_505' title='bbox 2073 3406 2149 3468; x_wconf 80' lang='grc' dir='ltr'>εἰς</span> <span class='ocrx_word' id='word_1_506' title='bbox 2201 3409 2502 3483; x_wconf 74' lang='grc' dir='ltr'>Αἴγυπτον,</span> <span class='ocrx_word' id='word_1_507' title='bbox 2562 3414 2965 3483; x_wconf 64' lang='grc' dir='ltr'>προεφήτευσεν</span> <span class='ocrx_word' id='word_1_508' title='bbox 3028 3417 3111 3472; x_wconf 76' lang='grc' dir='ltr'>ὅτι</span> <span class='ocrx_word' id='word_1_509' title='bbox 3174 3414 3253 3473; x_wconf 85' lang='grc' dir='ltr'>δεῖ</span> <span class='ocrx_word' id='word_1_510' title='bbox 3322 3426 3592 3489; x_wconf 77' lang='grc' dir='ltr'>σεισθῆναι</span> <span class='ocrx_word' id='word_1_511' title='bbox 3653 3425 3747 3478; x_wconf 74' lang='grc' dir='ltr'>τᾶ”</span> 
     </span>
    </p>
   </div>
   <div class='ocr_carea' id='block_1_75' title="bbox 2072 3493 3725 3585">
    <p class='ocr_par' dir='ltr' id='par_1_75' title="bbox 2072 3493 3725 3585">
     <span class='ocr_line' id='line_1_76' title="bbox 2072 3493 3725 3585; baseline 0.011 -36"><span class='ocrx_word' id='word_1_512' title='bbox 2072 3493 2279 3552; x_wconf 75' lang='grc' dir='ltr'>εἶ’δωλα</span> <span class='ocrx_word' id='word_1_513' title='bbox 2307 3497 2485 3554; x_wconf 79' lang='grc' dir='ltr'>αὐτῶν</span> <span class='ocrx_word' id='word_1_514' title='bbox 2539 3498 2628 3555; x_wconf 81' lang='grc' dir='ltr'>καὶ</span> <span class='ocrx_word' id='word_1_515' title='bbox 2683 3509 2980 3573; x_wconf 75' lang='grc' dir='ltr'>συμπεσεῖν</span> <span class='ocrx_word' id='word_1_516' title='bbox 3041 3502 3130 3561; x_wconf 69' lang='grc' dir='ltr'>διὰ</span> <span class='ocrx_word' id='word_1_517' title='bbox 3183 3513 3442 3585; x_wconf 72' lang='grc' dir='ltr'>Σωτῖρος</span> <span class='ocrx_word' id='word_1_518' title='bbox 3499 3507 3725 3567; x_wconf 77' lang='grc' dir='ltr'>παιδίου</span> 
     </span>
    </p>
   </div>
   <div class='ocr_carea' id='block_1_76' title="bbox 2070 3580 3727 3672">
    <p class='ocr_par' dir='ltr' id='par_1_76' title="bbox 2070 3580 3727 3672">
     <span class='ocr_line' id='line_1_77' title="bbox 2070 3580 3727 3672; baseline 0.011 -36"><span class='ocrx_word' id='word_1_519' title='bbox 2070 3580 2129 3637; x_wconf 80' lang='grc' dir='ltr'>ἐκ</span> <span class='ocrx_word' id='word_1_520' title='bbox 2186 3586 2460 3657; x_wconf 66' lang='grc' dir='ltr'>Παρθένου</span> <span class='ocrx_word' id='word_1_521' title='bbox 2523 3590 2998 3663; x_wconf 69' lang='grc' dir='ltr'>γεννηθησομένου</span> <span class='ocrx_word' id='word_1_522' title='bbox 3057 3592 3108 3647; x_wconf 81' lang='grc' dir='ltr'>ἐν</span> <span class='ocrx_word' id='word_1_523' title='bbox 3161 3580 3361 3672; x_wconf 58' lang='grc' dir='ltr'>φατνῃί</span> <span class='ocrx_word' id='word_1_524' title='bbox 3429 3592 3727 3672; x_wconf 80' lang='grc' dir='ltr'>Γενόμενος</span> 
     </span>
    </p>
   </div>
   <div class='ocr_carea' id='block_1_77' title="bbox 2069 3668 3741 3763">
    <p class='ocr_par' dir='ltr' id='par_1_77' title="bbox 2069 3668 3741 3763">
     <span class='ocr_line' id='line_1_78' title="bbox 2069 3668 3741 3763; baseline 0.011 -38"><span class='ocrx_word' id='word_1_525' title='bbox 2069 3668 2127 3727; x_wconf 73' lang='grc' dir='ltr'>δὲ.</span> <span class='ocrx_word' id='word_1_526' title='bbox 2157 3670 2209 3727; x_wconf 82' lang='grc' dir='ltr'>ἐν</span> <span class='ocrx_word' id='word_1_527' title='bbox 2239 3675 2481 3750; x_wconf 82' lang='grc' dir='ltr'>Τάφναις</span> <span class='ocrx_word' id='word_1_528' title='bbox 2510 3675 2670 3732; x_wconf 89' lang='grc' dir='ltr'>πόλει</span> <span class='ocrx_word' id='word_1_529' title='bbox 2699 3686 2802 3746; x_wconf 78' lang='grc' dir='ltr'>τῆς</span> <span class='ocrx_word' id='word_1_530' title='bbox 2852 3668 3182 3756; x_wconf 36' lang='grc' dir='ltr'>Αἲγύπτουξ</span> <span class='ocrx_word' id='word_1_531' title='bbox 3207 3668 3317 3738; x_wconf 31' lang='grc' dir='ltr'>καὶ.</span> <span class='ocrx_word' id='word_1_532' title='bbox 3348 3682 3529 3751; x_wconf 81' lang='grc' dir='ltr'>λίθοις</span> <span class='ocrx_word' id='word_1_533' title='bbox 3566 3668 3741 3763; x_wconf 20' lang='grc' dir='ltr'>Ἴβληέ</span> 
     </span>
    </p>
   </div>
   <div class='ocr_carea' id='block_1_78' title="bbox 2068 3760 3728 3853">
    <p class='ocr_par' dir='ltr' id='par_1_78' title="bbox 2068 3760 3728 3853">
     <span class='ocr_line' id='line_1_79' title="bbox 2068 3760 3728 3853; baseline 0.011 -38"><span class='ocrx_word' id='word_1_534' title='bbox 2068 3760 2178 3823; x_wconf 84' lang='grc' dir='ltr'>θεὶς</span> <span class='ocrx_word' id='word_1_535' title='bbox 2238 3763 2341 3818; x_wconf 83' lang='grc' dir='ltr'>ὑπὸ</span> <span class='ocrx_word' id='word_1_536' title='bbox 2379 3768 2480 3820; x_wconf 78' lang='grc' dir='ltr'>τοῦ</span> <span class='ocrx_word' id='word_1_537' title='bbox 2513 3763 2671 3840; x_wconf 79' lang='grc' dir='ltr'>λαοῦ,</span> <span class='ocrx_word' id='word_1_538' title='bbox 2717 3767 2968 3841; x_wconf 74' lang='grc' dir='ltr'>ἀπέθανε,</span> <span class='ocrx_word' id='word_1_539' title='bbox 3027 3770 3117 3826; x_wconf 78' lang='grc' dir='ltr'>καὶ</span> <span class='ocrx_word' id='word_1_540' title='bbox 3176 3771 3346 3848; x_wconf 75' lang='grc' dir='ltr'>ἐτάφη</span> <span class='ocrx_word' id='word_1_541' title='bbox 3410 3760 3595 3853; x_wconf 29' lang='grc' dir='ltr'>ἐγγὺς*</span> <span class='ocrx_word' id='word_1_542' title='bbox 3627 3781 3728 3833; x_wconf 80' lang='grc' dir='ltr'>τοῦ</span> 
     </span>
    </p>
   </div>
   <div class='ocr_carea' id='block_1_79' title="bbox 2066 3849 2478 3928">
    <p class='ocr_par' dir='ltr' id='par_1_79' title="bbox 2066 3849 2478 3928">
     <span class='ocr_line' id='line_1_80' title="bbox 2066 3849 2478 3928; baseline 0.015 -25"><span class='ocrx_word' id='word_1_543' title='bbox 2066 3849 2218 3906; x_wconf 81' lang='grc' dir='ltr'>οἷ’κου</span> <span class='ocrx_word' id='word_1_544' title='bbox 2250 3853 2478 3928; x_wconf 82' lang='grc' dir='ltr'>Φαραώ.</span> 
     </span>
    </p>
   </div>
   <div class='ocr_carea' id='block_1_80' title="bbox 2325 4004 3459 4089">
    <p class='ocr_par' dir='ltr' id='par_1_80' title="bbox 2325 4004 3459 4089">
     <span class='ocr_line' id='line_1_81' title="bbox 2325 4004 3459 4089; baseline 0.01 -26"><span class='ocrx_word' id='word_1_545' title='bbox 2325 4005 2429 4063; x_wconf 84' lang='grc' dir='ltr'>Καὶ</span> <span class='ocrx_word' id='word_1_546' title='bbox 2460 4004 2693 4079; x_wconf 80' lang='grc' dir='ltr'>ἅθΑησις</span> <span class='ocrx_word' id='word_1_547' title='bbox 2723 4013 2820 4065; x_wconf 82' lang='grc' dir='ltr'>τοῦ</span> <span class='ocrx_word' id='word_1_548' title='bbox 2854 4009 3261 4089; x_wconf 80' lang='grc' dir='ltr'>ὀσιομάρτυρος</span> <span class='ocrx_word' id='word_1_549' title='bbox 3292 4020 3459 4074; x_wconf 79' lang='grc' dir='ltr'>Βατᾶ.</span> 
     </span>
    </p>
   </div>
   <div class='ocr_carea' id='block_1_81' title="bbox 2130 4147 3718 4239">
    <p class='ocr_par' dir='ltr' id='par_1_81' title="bbox 2130 4147 3718 4239">
     <span class='ocr_line' id='line_1_82' title="bbox 2130 4147 3718 4239; baseline 0.012 -38"><span class='ocrx_word' id='word_1_550' title='bbox 2130 4147 2192 4205; x_wconf 83' lang='grc' dir='ltr'><strong>Ὀ</strong></span> <span class='ocrx_word' id='word_1_551' title='bbox 2222 4149 2378 4224; x_wconf 81' lang='grc' dir='ltr'>ἅγιος</span> <span class='ocrx_word' id='word_1_552' title='bbox 2410 4155 2585 4214; x_wconf 82' lang='grc' dir='ltr'>Βατᾶς</span> <span class='ocrx_word' id='word_1_553' title='bbox 2634 4153 2700 4222; x_wconf 80' lang='grc' dir='ltr'>ἦν</span> <span class='ocrx_word' id='word_1_554' title='bbox 2751 4154 2845 4227; x_wconf 72' lang='grc' dir='ltr'>μὲν</span> <span class='ocrx_word' id='word_1_555' title='bbox 2908 4154 2968 4210; x_wconf 80' lang='grc' dir='ltr'>ἐκ</span> <span class='ocrx_word' id='word_1_556' title='bbox 3021 4162 3125 4226; x_wconf 80' lang='grc' dir='ltr'>τῆς</span> <span class='ocrx_word' id='word_1_557' title='bbox 3186 4159 3375 4233; x_wconf 84' lang='grc' dir='ltr'>χώρας</span> <span class='ocrx_word' id='word_1_558' title='bbox 3428 4161 3718 4239; x_wconf 82' lang='grc' dir='ltr'>Περσίδος,</span> 
     </span>
    </p>
   </div>
   <div class='ocr_carea' id='block_1_82' title="bbox 2059 4233 3724 4330">
    <p class='ocr_par' dir='ltr' id='par_1_82' title="bbox 2059 4233 3724 4330">
     <span class='ocr_line' id='line_1_83' title="bbox 2059 4233 3724 4330; baseline 0.012 -39"><span class='ocrx_word' id='word_1_559' title='bbox 2059 4233 2117 4291; x_wconf 80' lang='grc' dir='ltr'>ἐκ</span> <span class='ocrx_word' id='word_1_560' title='bbox 2149 4238 2437 4313; x_wconf 88' lang='grc' dir='ltr'>προγόνων</span> <span class='ocrx_word' id='word_1_561' title='bbox 2469 4241 2570 4309; x_wconf 78' lang='grc' dir='ltr'>τήν</span> <span class='ocrx_word' id='word_1_562' title='bbox 2619 4241 2695 4304; x_wconf 88' lang='grc' dir='ltr'>εἰς</span> <span class='ocrx_word' id='word_1_563' title='bbox 2752 4244 2983 4320; x_wconf 80' lang='grc' dir='ltr'>Χριστὸν</span> <span class='ocrx_word' id='word_1_564' title='bbox 3041 4244 3222 4302; x_wconf 88' lang='grc' dir='ltr'>πίστιν</span> <span class='ocrx_word' id='word_1_565' title='bbox 3289 4250 3504 4321; x_wconf 86' lang='grc' dir='ltr'>μαθών.</span> <span class='ocrx_word' id='word_1_566' title='bbox 3558 4258 3724 4330; x_wconf 83' lang='grc' dir='ltr'>Τρια-</span> 
     </span>
    </p>
   </div>
   <div class='ocr_carea' id='block_1_83' title="bbox 2054 4324 3722 4417">
    <p class='ocr_par' dir='ltr' id='par_1_83' title="bbox 2054 4324 3722 4417">
     <span class='ocr_line' id='line_1_84' title="bbox 2054 4324 3722 4417; baseline 0.012 -38"><span class='ocrx_word' id='word_1_567' title='bbox 2054 4328 2348 4396; x_wconf 76' lang='grc' dir='ltr'>κονταετὴς</span> <span class='ocrx_word' id='word_1_568' title='bbox 2379 4324 2437 4383; x_wconf 77' lang='grc' dir='ltr'>δὲ</span> <span class='ocrx_word' id='word_1_569' title='bbox 2497 4329 2810 4406; x_wconf 82' lang='grc' dir='ltr'>γενόμενος,</span> <span class='ocrx_word' id='word_1_570' title='bbox 2870 4333 3186 4390; x_wconf 84' lang='grc' dir='ltr'>καταλιπὼν</span> <span class='ocrx_word' id='word_1_571' title='bbox 3245 4341 3471 4414; x_wconf 71' lang='grc' dir='ltr'>πατέρα,</span> <span class='ocrx_word' id='word_1_572' title='bbox 3527 4324 3722 4417; x_wconf 77' lang='grc' dir='ltr'>γυναῖ-</span> 
     </span>
    </p>
   </div>
   <div class='ocr_carea' id='block_1_84' title="bbox 2054 4416 3714 4497">
    <p class='ocr_par' dir='ltr' id='par_1_84' title="bbox 2054 4416 3714 4497">
     <span class='ocr_line' id='line_1_85' title="bbox 2054 4416 3714 4497; baseline 0.012 -28"><span class='ocrx_word' id='word_1_573' title='bbox 2054 4436 2144 4485; x_wconf 81' lang='grc' dir='ltr'>κα,</span> <span class='ocrx_word' id='word_1_574' title='bbox 2176 4416 2356 4486; x_wconf 75' lang='grc' dir='ltr'>τέκνα,</span> <span class='ocrx_word' id='word_1_575' title='bbox 2400 4418 2491 4473; x_wconf 81' lang='grc' dir='ltr'>καὶ</span> <span class='ocrx_word' id='word_1_576' title='bbox 2549 4421 2719 4475; x_wconf 84' lang='grc' dir='ltr'>πάντα</span> <span class='ocrx_word' id='word_1_577' title='bbox 2771 4422 2863 4476; x_wconf 85' lang='grc' dir='ltr'>τὸν</span> <span class='ocrx_word' id='word_1_578' title='bbox 2920 4420 3161 4480; x_wconf 78' lang='grc' dir='ltr'>πλοῦτον</span> <span class='ocrx_word' id='word_1_579' title='bbox 3212 4426 3400 4497; x_wconf 76' lang='grc' dir='ltr'>αὺτεῦ,</span> <span class='ocrx_word' id='word_1_580' title='bbox 3457 4429 3714 4488; x_wconf 86' lang='grc' dir='ltr'>ἀπελθὼν</span> 
     </span>
    </p>
   </div>
   <div class='ocr_carea' id='block_1_85' title="bbox 292 4497 1973 4594">
    <p class='ocr_par' dir='ltr' id='par_1_85' title="bbox 292 4497 1944 4574">
     <span class='ocr_line' id='line_1_86' title="bbox 292 4497 1944 4574; baseline 0.013 -22"><span class='ocrx_word' id='word_1_581' title='bbox 292 4497 516 4554; x_wconf 86' lang='lat' dir='ltr'>ﬂuebat</span> <span class='ocrx_word' id='word_1_582' title='bbox 540 4500 786 4571; x_wconf 90' lang='lat' dir='ltr'>divitiis,</span> <span class='ocrx_word' id='word_1_583' title='bbox 827 4504 993 4573; x_wconf 89' lang='lat' dir='ltr'>abiit,</span> <span class='ocrx_word' id='word_1_584' title='bbox 1056 4512 1115 4562; x_wconf 90' lang='lat' dir='ltr'>et</span> <span class='ocrx_word' id='word_1_585' title='bbox 1159 4511 1556 4567; x_wconf 87' lang='lat' dir='ltr'>monasticum</span> <span class='ocrx_word' id='word_1_586' title='bbox 1604 4515 1944 4574; x_wconf 89' lang='lat' dir='ltr'>institutum</span> 
     </span>
    </p>
   </div>
   <div class='ocr_carea' id='block_1_86' title="bbox 2085 4497 3713 4594">
    <p class='ocr_par' dir='ltr' id='par_1_86' title="bbox 2085 4504 3713 4594">
     <span class='ocr_line' id='line_1_87' title="bbox 2085 4504 3713 4594; baseline 0.012 -36"><span class='ocrx_word' id='word_1_587' title='bbox 2085 4504 2260 4577; x_wconf 68' lang='grc' dir='ltr'>γένετο</span> <span class='ocrx_word' id='word_1_588' title='bbox 2321 4507 2591 4583; x_wconf 83' lang='grc' dir='ltr'>μοναχός.</span> <span class='ocrx_word' id='word_1_589' title='bbox 2651 4511 2753 4568; x_wconf 82' lang='grc' dir='ltr'>Καὶ</span> <span class='ocrx_word' id='word_1_590' title='bbox 2811 4512 3052 4583; x_wconf 81' lang='grc' dir='ltr'>ἀσκήσας</span> <span class='ocrx_word' id='word_1_591' title='bbox 3106 4520 3315 4582; x_wconf 77' lang='grc' dir='ltr'>καλῶς,</span> <span class='ocrx_word' id='word_1_592' title='bbox 3395 4516 3713 4594; x_wconf 70' lang='grc' dir='ltr'>ἐπεθύμησε</span> 
     </span>
    </p>
   </div>
   <div class='ocr_carea' id='block_1_87' title="bbox 288 4590 1973 4679">
    <p class='ocr_par' dir='ltr' id='par_1_87' title="bbox 288 4590 1942 4679">
     <span class='ocr_line' id='line_1_88' title="bbox 288 4590 1942 4679; baseline 0.015 -39"><span class='ocrx_word' id='word_1_593' title='bbox 288 4590 678 4660; x_wconf 80' lang='lat' dir='ltr'>suscepitzin</span> <span class='ocrx_word' id='word_1_594' title='bbox 725 4609 841 4664; x_wconf 91' lang='lat' dir='ltr'>quo</span> <span class='ocrx_word' id='word_1_595' title='bbox 897 4611 1032 4650; x_wconf 90' lang='lat' dir='ltr'>cum</span> <span class='ocrx_word' id='word_1_596' title='bbox 1091 4599 1313 4669; x_wconf 85' lang='lat' dir='ltr'>Optime</span> <span class='ocrx_word' id='word_1_597' title='bbox 1372 4617 1502 4657; x_wconf 90' lang='lat' dir='ltr'>sese</span> <span class='ocrx_word' id='word_1_598' title='bbox 1561 4609 1942 4679; x_wconf 84' lang='lat' dir='ltr'>exercuisset,</span> 
     </span>
    </p>
   </div>
   <div class='ocr_carea' id='block_1_88' title="bbox 2085 4590 3716 4679">
    <p class='ocr_par' dir='ltr' id='par_1_88' title="bbox 2085 4593 3716 4679">
     <span class='ocr_line' id='line_1_89' title="bbox 2085 4593 3716 4679; baseline 0.013 -31"><span class='ocrx_word' id='word_1_599' title='bbox 2085 4594 2144 4648; x_wconf 79' lang='grc' dir='ltr'>,αἱ</span> <span class='ocrx_word' id='word_1_600' title='bbox 2200 4599 2297 4651; x_wconf 79' lang='grc' dir='ltr'>τοῦ</span> <span class='ocrx_word' id='word_1_601' title='bbox 2368 4593 2456 4652; x_wconf 77' lang='grc' dir='ltr'>διὰ</span> <span class='ocrx_word' id='word_1_602' title='bbox 2536 4598 2838 4674; x_wconf 75' lang='grc' dir='ltr'>μαρτυρίου</span> <span class='ocrx_word' id='word_1_603' title='bbox 2921 4601 3306 4674; x_wconf 79' lang='grc' dir='ltr'>τελειωθῆναι.</span> <span class='ocrx_word' id='word_1_604' title='bbox 3389 4613 3716 4679; x_wconf 79' lang='grc' dir='ltr'>Κινηθὲντος</span> 
     </span>
    </p>
   </div>
   <div class='ocr_carea' id='block_1_89' title="bbox 285 4678 1973 4767">
    <p class='ocr_par' dir='ltr' id='par_1_89' title="bbox 285 4678 1946 4767">
     <span class='ocr_line' id='line_1_90' title="bbox 285 4678 1946 4767; baseline 0.016 -38"><span class='ocrx_word' id='word_1_605' title='bbox 285 4678 571 4759; x_wconf 82' lang='lat' dir='ltr'>martyrio</span> <span class='ocrx_word' id='word_1_606' title='bbox 592 4680 772 4735; x_wconf 88' lang='lat' dir='ltr'>vitam</span> <span class='ocrx_word' id='word_1_607' title='bbox 794 4681 966 4737; x_wconf 80' lang='lat' dir='ltr'>ﬁnire</span> <span class='ocrx_word' id='word_1_608' title='bbox 998 4689 1311 4758; x_wconf 84' lang='lat' dir='ltr'>exoptavit.</span> <span class='ocrx_word' id='word_1_609' title='bbox 1347 4692 1498 4747; x_wconf 85' lang='lat' dir='ltr'>Mota</span> <span class='ocrx_word' id='word_1_610' title='bbox 1526 4694 1707 4767; x_wconf 83' lang='lat' dir='ltr'>igitur</span> <span class='ocrx_word' id='word_1_611' title='bbox 1736 4699 1946 4755; x_wconf 86' lang='lat' dir='ltr'>adver-</span> 
     </span>
    </p>
   </div>
   <div class='ocr_carea' id='block_1_90' title="bbox 2085 4678 3710 4767">
    <p class='ocr_par' dir='ltr' id='par_1_90' title="bbox 2089 4681 3710 4766">
     <span class='ocr_line' id='line_1_91' title="bbox 2089 4681 3710 4766; baseline 0.013 -29"><span class='ocrx_word' id='word_1_612' title='bbox 2089 4683 2147 4737; x_wconf 85' lang='grc' dir='ltr'>ὗν</span> <span class='ocrx_word' id='word_1_613' title='bbox 2205 4681 2453 4763; x_wconf 76' lang='grc' dir='ltr'>διωγμοῦ</span> <span class='ocrx_word' id='word_1_614' title='bbox 2510 4688 2647 4743; x_wconf 70' lang='grc' dir='ltr'>κατὰ</span> <span class='ocrx_word' id='word_1_615' title='bbox 2701 4693 2812 4745; x_wconf 82' lang='grc' dir='ltr'>τῶν</span> <span class='ocrx_word' id='word_1_616' title='bbox 2869 4693 3231 4766; x_wconf 81' lang='grc' dir='ltr'>Χριστιανῶν,</span> <span class='ocrx_word' id='word_1_617' title='bbox 3314 4697 3405 4751; x_wconf 88' lang='grc' dir='ltr'>καὶ</span> <span class='ocrx_word' id='word_1_618' title='bbox 3490 4701 3710 4758; x_wconf 81' lang='grc' dir='ltr'>πάντων</span> 
     </span>
    </p>
   </div>
   <div class='ocr_carea' id='block_1_91' title="bbox 287 4764 1973 4862">
    <p class='ocr_par' dir='ltr' id='par_1_91' title="bbox 287 4764 1943 4858">
     <span class='ocr_line' id='line_1_92' title="bbox 287 4764 1943 4858; baseline 0.017 -41"><span class='ocrx_word' id='word_1_619' title='bbox 287 4780 387 4818; x_wconf 89' lang='lat' dir='ltr'>sus</span> <span class='ocrx_word' id='word_1_620' title='bbox 409 4764 775 4824; x_wconf 58' lang='lat' dir='ltr'>christianos</span> <span class='ocrx_word' id='word_1_621' title='bbox 796 4774 1229 4842; x_wconf 87' lang='lat' dir='ltr'>persecutione,</span> <span class='ocrx_word' id='word_1_622' title='bbox 1256 4770 1390 4834; x_wconf 88' lang='lat' dir='ltr'>cum</span> <span class='ocrx_word' id='word_1_623' title='bbox 1419 4764 1654 4855; x_wconf 77' lang='lat' dir='ltr'>reliqui,</span> <span class='ocrx_word' id='word_1_624' title='bbox 1679 4788 1779 4858; x_wconf 93' lang='lat' dir='ltr'>qui</span> <span class='ocrx_word' id='word_1_625' title='bbox 1807 4805 1943 4844; x_wconf 89' lang='lat' dir='ltr'>cum</span> 
     </span>
    </p>
   </div>
   <div class='ocr_carea' id='block_1_92' title="bbox 2085 4764 3711 4862">
    <p class='ocr_par' dir='ltr' id='par_1_92' title="bbox 2087 4773 3711 4862">
     <span class='ocr_line' id='line_1_93' title="bbox 2087 4773 3711 4862; baseline 0.012 -35"><span class='ocrx_word' id='word_1_626' title='bbox 2087 4776 2160 4827; x_wconf 83' lang='grc' dir='ltr'>ὧν</span> <span class='ocrx_word' id='word_1_627' title='bbox 2194 4773 2285 4829; x_wconf 79' lang='grc' dir='ltr'>σὺν</span> <span class='ocrx_word' id='word_1_628' title='bbox 2319 4775 2464 4843; x_wconf 80' lang='grc' dir='ltr'>αὐτῷ</span> <span class='ocrx_word' id='word_1_629' title='bbox 2499 4782 2756 4855; x_wconf 78' lang='grc' dir='ltr'>μοναχῶν</span> <span class='ocrx_word' id='word_1_630' title='bbox 2791 4779 2849 4833; x_wconf 82' lang='grc' dir='ltr'>ἐκ</span> <span class='ocrx_word' id='word_1_631' title='bbox 2885 4787 2985 4851; x_wconf 72' lang='grc' dir='ltr'>τῆς</span> <span class='ocrx_word' id='word_1_632' title='bbox 3036 4789 3209 4856; x_wconf 79' lang='grc' dir='ltr'>μονῆς</span> <span class='ocrx_word' id='word_1_633' title='bbox 3260 4786 3567 4862; x_wconf 66' lang='grc' dir='ltr'>φυγόντων,</span> <span class='ocrx_word' id='word_1_634' title='bbox 3611 4790 3711 4845; x_wconf 83' lang='grc' dir='ltr'>αὐ-</span> 
     </span>
    </p>
   </div>
   <div class='ocr_carea' id='block_1_93' title="bbox 285 4853 1973 4952">
    <p class='ocr_par' dir='ltr' id='par_1_93' title="bbox 285 4853 1939 4948">
     <span class='ocr_line' id='line_1_94' title="bbox 285 4853 1939 4948; baseline 0.018 -43"><span class='ocrx_word' id='word_1_635' title='bbox 285 4853 413 4924; x_wconf 89' lang='lat' dir='ltr'>ipso</span> <span class='ocrx_word' id='word_1_636' title='bbox 447 4862 940 4920; x_wconf 86' lang='lat' dir='ltr'>erantmonachi.</span> <span class='ocrx_word' id='word_1_637' title='bbox 1005 4880 1073 4918; x_wconf 88' lang='lat' dir='ltr'>ex</span> <span class='ocrx_word' id='word_1_638' title='bbox 1129 4870 1491 4927; x_wconf 87' lang='lat' dir='ltr'>monasterio</span> <span class='ocrx_word' id='word_1_639' title='bbox 1550 4853 1939 4948; x_wconf 81' lang='lat' dir='ltr'>aufugissent,</span> 
     </span>
    </p>
   </div>
   <div class='ocr_carea' id='block_1_94' title="bbox 2085 4853 3702 4952">
    <p class='ocr_par' dir='ltr' id='par_1_94' title="bbox 2087 4853 3702 4952">
     <span class='ocr_line' id='line_1_95' title="bbox 2087 4853 3702 4952; baseline 0.011 -37"><span class='ocrx_word' id='word_1_640' title='bbox 2087 4863 2146 4922; x_wconf 83' lang='grc' dir='ltr'>ὁς</span> <span class='ocrx_word' id='word_1_641' title='bbox 2204 4860 2367 4934; x_wconf 86' lang='grc' dir='ltr'>μόνος</span> <span class='ocrx_word' id='word_1_642' title='bbox 2425 4853 2727 4937; x_wconf 68' lang='grc' dir='ltr'>ὑπέμεινεν.</span> <span class='ocrx_word' id='word_1_643' title='bbox 2788 4868 2957 4933; x_wconf 82' lang='grc' dir='ltr'>Ἔνθα</span> <span class='ocrx_word' id='word_1_644' title='bbox 3029 4853 3358 4948; x_wconf 39' lang='grc' dir='ltr'>κρατηθείς,</span> <span class='ocrx_word' id='word_1_645' title='bbox 3425 4853 3702 4952; x_wconf 71' lang='grc' dir='ltr'>παρεδόθη</span> 
     </span>
    </p>
   </div>
   <div class='ocr_carea' id='block_1_95' title="bbox 285 4941 1973 5041">
    <p class='ocr_par' dir='ltr' id='par_1_95' title="bbox 285 4941 1939 5035">
     <span class='ocr_line' id='line_1_96' title="bbox 285 4941 1939 5035; baseline 0.017 -41"><span class='ocrx_word' id='word_1_646' title='bbox 285 4941 412 5012; x_wconf 89' lang='lat' dir='ltr'>ipse</span> <span class='ocrx_word' id='word_1_647' title='bbox 444 4944 606 4998; x_wconf 86' lang='lat' dir='ltr'>solus</span> <span class='ocrx_word' id='word_1_648' title='bbox 636 4953 1006 5018; x_wconf 86' lang='lat' dir='ltr'>permansit:</span> <span class='ocrx_word' id='word_1_649' title='bbox 1041 4953 1139 5009; x_wconf 90' lang='lat' dir='ltr'>ubi</span> <span class='ocrx_word' id='word_1_650' title='bbox 1172 4961 1659 5032; x_wconf 84' lang='lat' dir='ltr'>comprehensus,</span> <span class='ocrx_word' id='word_1_651' title='bbox 1701 4967 1939 5035; x_wconf 66' lang='lat' dir='ltr'>przesidi</span> 
     </span>
    </p>
   </div>
   <div class='ocr_carea' id='block_1_96' title="bbox 2085 4941 3702 5041">
    <p class='ocr_par' dir='ltr' id='par_1_96' title="bbox 2085 4949 3702 5041">
     <span class='ocr_line' id='line_1_97' title="bbox 2085 4949 3702 5041; baseline -0.002 -34"><span class='ocrx_word' id='word_1_652' title='bbox 2085 4954 2126 5022; x_wconf 80' lang='grc' dir='ltr'>ᾧ</span> <span class='ocrx_word' id='word_1_653' title='bbox 2183 4950 2406 5027; x_wconf 79' lang='grc' dir='ltr'>ἄρχοντι</span> <span class='ocrx_word' id='word_1_654' title='bbox 2465 4949 2755 5018; x_wconf 74' lang='grc' dir='ltr'>Νισίϐεως.</span> <span class='ocrx_word' id='word_1_655' title='bbox 2830 4957 2925 5012; x_wconf 84' lang='grc' dir='ltr'>Καὶ</span> <span class='ocrx_word' id='word_1_656' title='bbox 2994 4964 3122 5035; x_wconf 80' lang='grc' dir='ltr'>παρ’</span> <span class='ocrx_word' id='word_1_657' title='bbox 3197 4961 3406 5019; x_wconf 78' lang='grc' dir='ltr'>ἐκείνου</span> <span class='ocrx_word' id='word_1_658' title='bbox 3473 4968 3702 5041; x_wconf 70' lang='grc' dir='ltr'>ἀναγκα,</span> 
     </span>
    </p>
   </div>
   <div class='ocr_carea' id='block_1_97' title="bbox 284 5030 1973 5127">
    <p class='ocr_par' dir='ltr' id='par_1_97' title="bbox 284 5030 1937 5127">
     <span class='ocr_line' id='line_1_98' title="bbox 284 5030 1937 5127; baseline 0.017 -45"><span class='ocrx_word' id='word_1_659' title='bbox 284 5030 500 5127; x_wconf 71' lang='lat' dir='ltr'>Nisibis</span> <span class='ocrx_word' id='word_1_660' title='bbox 530 5035 798 5127; x_wconf 87' lang='lat' dir='ltr'>traditur,</span> <span class='ocrx_word' id='word_1_661' title='bbox 841 5039 913 5095; x_wconf 89' lang='lat' dir='ltr'>ab</span> <span class='ocrx_word' id='word_1_662' title='bbox 960 5030 1581 5120; x_wconf 66' lang='lat' dir='ltr'>eoquecompellitur</span> <span class='ocrx_word' id='word_1_663' title='bbox 1637 5030 1937 5111; x_wconf 71' lang='lat' dir='ltr'>Christum</span> 
     </span>
    </p>
   </div>
   <div class='ocr_carea' id='block_1_98' title="bbox 2085 5030 3705 5127">
    <p class='ocr_par' dir='ltr' id='par_1_98' title="bbox 2085 5041 3705 5127">
     <span class='ocr_line' id='line_1_99' title="bbox 2085 5041 3705 5127; baseline 0.012 -33"><span class='ocrx_word' id='word_1_664' title='bbox 2085 5041 2194 5105; x_wconf 78' lang='grc' dir='ltr'>θεὶς</span> <span class='ocrx_word' id='word_1_665' title='bbox 2227 5042 2554 5113; x_wconf 80' lang='grc' dir='ltr'>ἀρνήσασθαι</span> <span class='ocrx_word' id='word_1_666' title='bbox 2617 5046 2713 5119; x_wconf 78' lang='grc' dir='ltr'>μὲν</span> <span class='ocrx_word' id='word_1_667' title='bbox 2769 5047 2859 5101; x_wconf 85' lang='grc' dir='ltr'>τὸν</span> <span class='ocrx_word' id='word_1_668' title='bbox 2900 5052 3161 5123; x_wconf 77' lang='grc' dir='ltr'>Χριστὸν,</span> <span class='ocrx_word' id='word_1_669' title='bbox 3220 5063 3593 5127; x_wconf 76' lang='grc' dir='ltr'>προσκυνῆσαι</span> <span class='ocrx_word' id='word_1_670' title='bbox 3645 5056 3705 5114; x_wconf 74' lang='grc' dir='ltr'>δὲ</span> 
     </span>
    </p>
   </div>
   <div class='ocr_carea' id='block_1_99' title="bbox 280 5118 1973 5222">
    <p class='ocr_par' dir='ltr' id='par_1_99' title="bbox 280 5118 1933 5222">
     <span class='ocr_line' id='line_1_100' title="bbox 280 5118 1933 5222; baseline 0.017 -49"><span class='ocrx_word' id='word_1_671' title='bbox 280 5118 594 5222; x_wconf 72' lang='lat' dir='ltr'>abnegare,</span> <span class='ocrx_word' id='word_1_672' title='bbox 630 5126 933 5211; x_wconf 84' lang='lat' dir='ltr'>solemque</span> <span class='ocrx_word' id='word_1_673' title='bbox 968 5138 1026 5186; x_wconf 91' lang='lat' dir='ltr'>et</span> <span class='ocrx_word' id='word_1_674' title='bbox 1055 5134 1253 5206; x_wconf 87' lang='lat' dir='ltr'>ignem</span> <span class='ocrx_word' id='word_1_675' title='bbox 1285 5118 1552 5194; x_wconf 85' lang='lat' dir='ltr'>adorare.</span> <span class='ocrx_word' id='word_1_676' title='bbox 1600 5140 1765 5205; x_wconf 86' lang='lat' dir='ltr'>Quod</span> <span class='ocrx_word' id='word_1_677' title='bbox 1799 5160 1933 5200; x_wconf 90' lang='lat' dir='ltr'>cum</span> 
     </span>
    </p>
   </div>
   <div class='ocr_carea' id='block_1_100' title="bbox 2085 5118 3705 5222">
    <p class='ocr_par' dir='ltr' id='par_1_100' title="bbox 2085 5118 3705 5222">
     <span class='ocr_line' id='line_1_101' title="bbox 2085 5118 3705 5222; baseline 0.01 -38"><span class='ocrx_word' id='word_1_678' title='bbox 2085 5133 2123 5204; x_wconf 77' lang='grc' dir='ltr'>ᾦ</span> <span class='ocrx_word' id='word_1_679' title='bbox 2153 5130 2324 5202; x_wconf 76' lang='grc' dir='ltr'>ἡλίῳ,</span> <span class='ocrx_word' id='word_1_680' title='bbox 2354 5130 2443 5186; x_wconf 80' lang='grc' dir='ltr'>καὶ</span> <span class='ocrx_word' id='word_1_681' title='bbox 2473 5137 2553 5205; x_wconf 79' lang='grc' dir='ltr'>τῷ</span> <span class='ocrx_word' id='word_1_682' title='bbox 2582 5118 2735 5208; x_wconf 82' lang='grc' dir='ltr'>πυρὶ,</span> <span class='ocrx_word' id='word_1_683' title='bbox 2780 5134 2903 5201; x_wconf 20' lang='grc' dir='ltr'>οὐκί</span> <span class='ocrx_word' id='word_1_684' title='bbox 2928 5118 3177 5210; x_wconf 69' lang='grc' dir='ltr'>ἐπείσθη,</span> <span class='ocrx_word' id='word_1_685' title='bbox 3229 5118 3374 5199; x_wconf 81' lang='grc' dir='ltr'>ὀλλὰ</span> <span class='ocrx_word' id='word_1_686' title='bbox 3425 5118 3705 5222; x_wconf 71' lang='grc' dir='ltr'>παῤῥησίᾳ</span> 
     </span>
    </p>
   </div>
   <div class='ocr_carea' id='block_1_101' title="bbox 276 5208 1973 5309">
    <p class='ocr_par' dir='ltr' id='par_1_101' title="bbox 276 5208 1934 5298">
     <span class='ocr_line' id='line_1_102' title="bbox 276 5208 1934 5298; baseline 0.017 -36"><span class='ocrx_word' id='word_1_687' title='bbox 276 5208 379 5264; x_wconf 90' lang='lat' dir='ltr'>ille</span> <span class='ocrx_word' id='word_1_688' title='bbox 405 5210 599 5269; x_wconf 84' lang='lat' dir='ltr'>facere</span> <span class='ocrx_word' id='word_1_689' title='bbox 631 5208 1010 5283; x_wconf 82' lang='lat' dir='ltr'>detractaret,</span> <span class='ocrx_word' id='word_1_690' title='bbox 1072 5241 1426 5298; x_wconf 88' lang='lat' dir='ltr'>summaque</span> <span class='ocrx_word' id='word_1_691' title='bbox 1471 5228 1656 5284; x_wconf 87' lang='lat' dir='ltr'>animi</span> <span class='ocrx_word' id='word_1_692' title='bbox 1717 5232 1934 5291; x_wconf 80' lang='lat' dir='ltr'>fiducia</span> 
     </span>
    </p>
   </div>
   <div class='ocr_carea' id='block_1_102' title="bbox 2085 5208 3699 5309">
    <p class='ocr_par' dir='ltr' id='par_1_102' title="bbox 2085 5208 3699 5309">
     <span class='ocr_line' id='line_1_103' title="bbox 2085 5208 3699 5309; baseline 0.011 -34"><span class='ocrx_word' id='word_1_693' title='bbox 2085 5220 2134 5275; x_wconf 66' lang='grc' dir='ltr'>ὃν</span> <span class='ocrx_word' id='word_1_694' title='bbox 2168 5222 2393 5297; x_wconf 84' lang='grc' dir='ltr'>Χριστὸν</span> <span class='ocrx_word' id='word_1_695' title='bbox 2426 5220 3053 5299; x_wconf 41' lang='grc' dir='ltr'>ὡμολόγειηΕκταθεὶς</span> <span class='ocrx_word' id='word_1_696' title='bbox 3078 5228 3170 5284; x_wconf 80' lang='grc' dir='ltr'>οὖν</span> <span class='ocrx_word' id='word_1_697' title='bbox 3214 5231 3318 5286; x_wconf 81' lang='grc' dir='ltr'>ὑπὸ</span> <span class='ocrx_word' id='word_1_698' title='bbox 3367 5208 3699 5309; x_wconf 43' lang='grc' dir='ltr'>δὲκαιστρα-</span> 
     </span>
    </p>
   </div>
   <div class='ocr_carea' id='block_1_103' title="bbox 271 5296 1973 5395">
    <p class='ocr_par' dir='ltr' id='par_1_103' title="bbox 271 5296 1929 5395">
     <span class='ocr_line' id='line_1_104' title="bbox 271 5296 1929 5395; baseline 0.019 -47"><span class='ocrx_word' id='word_1_699' title='bbox 271 5296 570 5395; x_wconf 67' lang='lat' dir='ltr'>Christum</span> <span class='ocrx_word' id='word_1_700' title='bbox 602 5305 1001 5374; x_wconf 79' lang='lat' dir='ltr'>profiteretur,</span> <span class='ocrx_word' id='word_1_701' title='bbox 1037 5326 1072 5364; x_wconf 88' lang='lat' dir='ltr'>a</span> <span class='ocrx_word' id='word_1_702' title='bbox 1102 5310 1311 5367; x_wconf 89' lang='lat' dir='ltr'>decem</span> <span class='ocrx_word' id='word_1_703' title='bbox 1334 5296 1704 5372; x_wconf 77' lang='lat' dir='ltr'>satellitibus</span> <span class='ocrx_word' id='word_1_704' title='bbox 1739 5322 1929 5379; x_wconf 64' lang='lat' dir='ltr'>amba)</span> 
     </span>
    </p>
   </div>
   <div class='ocr_carea' id='block_1_104' title="bbox 2085 5296 3699 5395">
    <p class='ocr_par' dir='ltr' id='par_1_104' title="bbox 2085 5310 3699 5395">
     <span class='ocr_line' id='line_1_105' title="bbox 2085 5310 3699 5395; baseline 0.012 -33"><span class='ocrx_word' id='word_1_705' title='bbox 2085 5315 2250 5365; x_wconf 82' lang='grc' dir='ltr'>,ωτῶν</span> <span class='ocrx_word' id='word_1_706' title='bbox 2282 5310 2333 5382; x_wconf 76' lang='grc' dir='ltr'>ἐξ</span> <span class='ocrx_word' id='word_1_707' title='bbox 2375 5311 2642 5387; x_wconf 67' lang='grc' dir='ltr'>ἑκατέρων</span> <span class='ocrx_word' id='word_1_708' title='bbox 2690 5317 2797 5368; x_wconf 83' lang='grc' dir='ltr'>τῶν</span> <span class='ocrx_word' id='word_1_709' title='bbox 2863 5322 3094 5393; x_wconf 78' lang='grc' dir='ltr'>χειρῶν,</span> <span class='ocrx_word' id='word_1_710' title='bbox 3148 5319 3254 5374; x_wconf 84' lang='grc' dir='ltr'>ἀπὸ</span> <span class='ocrx_word' id='word_1_711' title='bbox 3321 5328 3421 5392; x_wconf 78' lang='grc' dir='ltr'>τῆς</span> <span class='ocrx_word' id='word_1_712' title='bbox 3477 5324 3699 5395; x_wconf 71' lang='grc' dir='ltr'>πολλῆς</span> 
     </span>
    </p>
   </div>
   <div class='ocr_carea' id='block_1_105' title="bbox 270 5386 1973 5476">
    <p class='ocr_par' dir='ltr' id='par_1_105' title="bbox 270 5386 1930 5476">
     <span class='ocr_line' id='line_1_106' title="bbox 270 5386 1930 5476; baseline 0.017 -36"><span class='ocrx_word' id='word_1_713' title='bbox 270 5386 398 5457; x_wconf 78' lang='lat' dir='ltr'>ejus</span> <span class='ocrx_word' id='word_1_714' title='bbox 429 5405 644 5447; x_wconf 86' lang='lat' dir='ltr'>manus</span> <span class='ocrx_word' id='word_1_715' title='bbox 686 5402 944 5452; x_wconf 66' lang='lat' dir='ltr'>extensa!</span> <span class='ocrx_word' id='word_1_716' title='bbox 996 5406 1157 5469; x_wconf 86' lang='lat' dir='ltr'>sunt,</span> <span class='ocrx_word' id='word_1_717' title='bbox 1210 5403 1564 5476; x_wconf 68' lang='lat' dir='ltr'>humerique</span> <span class='ocrx_word' id='word_1_718' title='bbox 1615 5423 1686 5464; x_wconf 85' lang='lat' dir='ltr'>ex</span> <span class='ocrx_word' id='word_1_719' title='bbox 1742 5411 1930 5470; x_wconf 87' lang='lat' dir='ltr'>nimia</span> 
     </span>
    </p>
   </div>
   <div class='ocr_carea' id='block_1_106' title="bbox 2085 5386 3693 5476">
    <p class='ocr_par' dir='ltr' id='par_1_106' title="bbox 2085 5397 3693 5476">
     <span class='ocr_line' id='line_1_107' title="bbox 2085 5397 3693 5476; baseline 0.011 -24"><span class='ocrx_word' id='word_1_720' title='bbox 2085 5398 2163 5461; x_wconf 74' lang='grc' dir='ltr'>ἔας</span> <span class='ocrx_word' id='word_1_721' title='bbox 2196 5398 2510 5476; x_wconf 78' lang='grc' dir='ltr'>ἐξηρθρώυη</span> <span class='ocrx_word' id='word_1_722' title='bbox 2561 5401 2689 5464; x_wconf 72' lang='grc' dir='ltr'>τοὺς</span> <span class='ocrx_word' id='word_1_723' title='bbox 2739 5397 2950 5475; x_wconf 78' lang='grc' dir='ltr'>ὤμους.</span> <span class='ocrx_word' id='word_1_724' title='bbox 3007 5407 3134 5463; x_wconf 81' lang='grc' dir='ltr'>Εἶτα</span> <span class='ocrx_word' id='word_1_725' title='bbox 3190 5405 3361 5474; x_wconf 79' lang='grc' dir='ltr'>δεθεὶς</span> <span class='ocrx_word' id='word_1_726' title='bbox 3422 5411 3529 5468; x_wconf 76' lang='grc' dir='ltr'>ἀπὸ</span> <span class='ocrx_word' id='word_1_727' title='bbox 3585 5420 3693 5469; x_wconf 83' lang='grc' dir='ltr'>τῶν</span> 
     </span>
    </p>
   </div>
   <div class='ocr_carea' id='block_1_107' title="bbox 265 5475 1973 5577">
    <p class='ocr_par' dir='ltr' id='par_1_107' title="bbox 265 5475 1923 5577">
     <span class='ocr_line' id='line_1_108' title="bbox 265 5475 1923 5577; baseline 0.021 -52"><span class='ocrx_word' id='word_1_728' title='bbox 265 5475 550 5577; x_wconf 73' lang='lat' dir='ltr'>violentia</span> <span class='ocrx_word' id='word_1_729' title='bbox 573 5481 846 5557; x_wconf 88' lang='lat' dir='ltr'>disrupti.</span> <span class='ocrx_word' id='word_1_730' title='bbox 885 5487 1107 5544; x_wconf 90' lang='lat' dir='ltr'>Deinde</span> <span class='ocrx_word' id='word_1_731' title='bbox 1138 5507 1271 5547; x_wconf 90' lang='lat' dir='ltr'>cum</span> <span class='ocrx_word' id='word_1_732' title='bbox 1298 5475 1495 5564; x_wconf 81' lang='lat' dir='ltr'>partes</span> <span class='ocrx_word' id='word_1_733' title='bbox 1517 5498 1804 5568; x_wconf 83' lang='lat' dir='ltr'>genitales</span> <span class='ocrx_word' id='word_1_734' title='bbox 1838 5503 1923 5559; x_wconf 84' lang='lat' dir='ltr'>fu—</span> 
     </span>
    </p>
   </div>
   <div class='ocr_carea' id='block_1_108' title="bbox 2085 5475 3699 5577">
    <p class='ocr_par' dir='ltr' id='par_1_108' title="bbox 2085 5488 3699 5577">
     <span class='ocr_line' id='line_1_109' title="bbox 2085 5488 3699 5577; baseline 0.01 -36"><span class='ocrx_word' id='word_1_735' title='bbox 2085 5488 2426 5565; x_wconf 70' lang='grc' dir='ltr'>τερμογόνιυν</span> <span class='ocrx_word' id='word_1_736' title='bbox 2500 5491 2706 5566; x_wconf 75' lang='grc' dir='ltr'>μορίων</span> <span class='ocrx_word' id='word_1_737' title='bbox 2764 5494 3035 5568; x_wconf 75' lang='grc' dir='ltr'>σχοινίοις</span> <span class='ocrx_word' id='word_1_738' title='bbox 3104 5496 3349 5573; x_wconf 78' lang='grc' dir='ltr'>ἐσύρετο,</span> <span class='ocrx_word' id='word_1_739' title='bbox 3428 5502 3699 5577; x_wconf 68' lang='grc' dir='ltr'>ῥοπάλοις</span> 
     </span>
    </p>
   </div>
   <div class='ocr_carea' id='block_1_109' title="bbox 263 5565 1973 5668">
    <p class='ocr_par' dir='ltr' id='par_1_109' title="bbox 263 5565 1927 5668">
     <span class='ocr_line' id='line_1_110' title="bbox 263 5565 1927 5668; baseline 0.021 -52"><span class='ocrx_word' id='word_1_740' title='bbox 263 5565 439 5623; x_wconf 91' lang='lat' dir='ltr'>nibus</span> <span class='ocrx_word' id='word_1_741' title='bbox 465 5579 666 5626; x_wconf 87' lang='lat' dir='ltr'>essent</span> <span class='ocrx_word' id='word_1_742' title='bbox 689 5581 847 5631; x_wconf 89' lang='lat' dir='ltr'>arcte</span> <span class='ocrx_word' id='word_1_743' title='bbox 882 5579 1240 5649; x_wconf 72' lang='lat' dir='ltr'>constriclze,</span> <span class='ocrx_word' id='word_1_744' title='bbox 1274 5565 1543 5656; x_wconf 74' lang='lat' dir='ltr'>raptatus</span> <span class='ocrx_word' id='word_1_745' title='bbox 1582 5595 1691 5656; x_wconf 86' lang='lat' dir='ltr'>est,</span> <span class='ocrx_word' id='word_1_746' title='bbox 1726 5592 1927 5668; x_wconf 87' lang='lat' dir='ltr'>virgis-</span> 
     </span>
    </p>
   </div>
   <div class='ocr_carea' id='block_1_110' title="bbox 2085 5565 3683 5668">
    <p class='ocr_par' dir='ltr' id='par_1_110' title="bbox 2085 5579 3683 5666">
     <span class='ocr_line' id='line_1_111' title="bbox 2085 5579 3683 5666; baseline 0.011 -35"><span class='ocrx_word' id='word_1_747' title='bbox 2085 5579 2392 5652; x_wconf 74' lang='grc' dir='ltr'>ιπτόμενος,</span> <span class='ocrx_word' id='word_1_748' title='bbox 2426 5579 2516 5633; x_wconf 76' lang='grc' dir='ltr'>καὶ</span> <span class='ocrx_word' id='word_1_749' title='bbox 2554 5581 2687 5654; x_wconf 75' lang='grc' dir='ltr'>μετᾶ</span> <span class='ocrx_word' id='word_1_750' title='bbox 2715 5586 2884 5637; x_wconf 76' lang='grc' dir='ltr'>ταῦτα</span> <span class='ocrx_word' id='word_1_751' title='bbox 2930 5587 3150 5665; x_wconf 72' lang='grc' dir='ltr'>τυφθεὶς</span> <span class='ocrx_word' id='word_1_752' title='bbox 3202 5589 3374 5647; x_wconf 65' lang='grc' dir='ltr'>πάντη</span> <span class='ocrx_word' id='word_1_753' title='bbox 3422 5592 3491 5648; x_wconf 72' lang='grc' dir='ltr'>τὰ</span> <span class='ocrx_word' id='word_1_754' title='bbox 3538 5593 3683 5666; x_wconf 71' lang='grc' dir='ltr'>μέλη</span> 
     </span>
    </p>
   </div>
   <div class='ocr_carea' id='block_1_111' title="bbox 266 5667 1973 5748">
    <p class='ocr_par' dir='ltr' id='par_1_111' title="bbox 266 5667 1919 5748">
     <span class='ocr_line' id='line_1_112' title="bbox 266 5667 1919 5748; baseline 0.022 -42"><span class='ocrx_word' id='word_1_755' title='bbox 266 5670 380 5748; x_wconf 78' lang='lat' dir='ltr'>que</span> <span class='ocrx_word' id='word_1_756' title='bbox 409 5671 748 5735; x_wconf 85' lang='lat' dir='ltr'>percussus.</span> <span class='ocrx_word' id='word_1_757' title='bbox 781 5672 1029 5736; x_wconf 81' lang='lat' dir='ltr'>Demum</span> <span class='ocrx_word' id='word_1_758' title='bbox 1055 5670 1113 5724; x_wconf 90' lang='lat' dir='ltr'>in</span> <span class='ocrx_word' id='word_1_759' title='bbox 1138 5672 1415 5730; x_wconf 89' lang='lat' dir='ltr'>omnibus</span> <span class='ocrx_word' id='word_1_760' title='bbox 1439 5667 1702 5748; x_wconf 81' lang='lat' dir='ltr'>corporis</span> <span class='ocrx_word' id='word_1_761' title='bbox 1734 5667 1919 5745; x_wconf 78' lang='lat' dir='ltr'>mem-</span> 
     </span>
    </p>
   </div>
   <div class='ocr_carea' id='block_1_112' title="bbox 2085 5667 3058 5748">
    <p class='ocr_par' dir='ltr' id='par_1_112' title="bbox 2085 5670 3058 5747">
     <span class='ocr_line' id='line_1_113' title="bbox 2085 5670 3058 5747; baseline 0.007 -21"><span class='ocrx_word' id='word_1_762' title='bbox 2085 5676 2129 5726; x_wconf 74' lang='lat' dir='ltr'>iii</span> <span class='ocrx_word' id='word_1_763' title='bbox 2160 5674 2435 5745; x_wconf 78' lang='grc' dir='ltr'>σώματος,</span> <span class='ocrx_word' id='word_1_764' title='bbox 2473 5671 2711 5747; x_wconf 79' lang='grc' dir='ltr'>μαγαίρᾳ</span> <span class='ocrx_word' id='word_1_765' title='bbox 2740 5670 3058 5746; x_wconf 77' lang='grc' dir='ltr'>ἐτελειώθη.</span> 
     </span>
    </p>
   </div>
   <div class='ocr_carea' id='block_1_113' title="bbox 267 5741 3759 5851">
    <p class='ocr_par' dir='ltr' id='par_1_113' title="bbox 267 5741 3759 5851">
     <span class='ocr_line' id='line_1_114' title="bbox 267 5741 3759 5851; baseline 0.015 -54"><span class='ocrx_word' id='word_1_766' title='bbox 267 5741 391 5798; x_wconf 88' lang='lat' dir='ltr'>bris</span> <span class='ocrx_word' id='word_1_767' title='bbox 422 5750 637 5806; x_wconf 85' lang='lat' dir='ltr'>acriter</span> <span class='ocrx_word' id='word_1_768' title='bbox 668 5772 876 5815; x_wconf 60' lang='lat' dir='ltr'>caesus,</span> <span class='ocrx_word' id='word_1_769' title='bbox 910 5759 1105 5831; x_wconf 74' lang='lat' dir='ltr'>gladio</span> <span class='ocrx_word' id='word_1_770' title='bbox 1138 5756 1314 5823; x_wconf 76' lang='lat' dir='ltr'>vitam</span> <span class='ocrx_word' id='word_1_771' title='bbox 1353 5768 1560 5827; x_wconf 74' lang='lat' dir='ltr'>finivit.</span> <span class='ocrx_word' id='word_1_772' title='bbox 1681 5758 1689 5767; x_wconf 56' lang='grc'><strong><em>’</em></strong></span> <span class='ocrx_word' id='word_1_773' title='bbox 1780 5758 1787 5765; x_wconf 60' lang='grc'><em>’</em></span> <span class='ocrx_word' id='word_1_774' title='bbox 2182 5826 2192 5834; x_wconf 91' lang='grc'>.</span> <span class='ocrx_word' id='word_1_775' title='bbox 2856 5841 2866 5848; x_wconf 84' lang='grc'>,</span> <span class='ocrx_word' id='word_1_776' title='bbox 3216 5842 3221 5847; x_wconf 73' lang='grc'>,</span> <span class='ocrx_word' id='word_1_777' title='bbox 3464 5841 3497 5851; x_wconf 90' lang='grc'><strong>..</strong></span> <span class='ocrx_word' id='word_1_778' title='bbox 3582 5824 3629 5849; x_wconf 69' lang='grc' dir='ltr'>ι-</span> <span class='ocrx_word' id='word_1_779' title='bbox 3726 5799 3759 5851; x_wconf 58' lang='lat' dir='ltr'>i-</span> 
     </span>
    </p>
   </div>
  </div>
