4108 6420
344 402 463 497 333
712 505 720 508 λ
1050 504 1055 508 ,

909 568 1064 628 ΜΒΝ
1072 570 1092 625 Ι
1129 573 1214 624 ΤΩ
1251 569 1458 626 ΑΥΤΩ.

1152 660 1203 716 Β,

346 772 623 846 Ἀθλησις
650 777 762 830 τῶν
788 773 959 850 ἁγίων
1013 775 1320 850 μαρτύρων-
1352 774 1639 849 Ἑσπέρου,
1690 772 1870 841 Ζωῆς,
1919 770 2009 828 καὶ

897 846 1233 903 τῶντέκνων
1265 846 1463 903 αὐτῶν.

420 966 718 1038 Ἕσπερος,
747 964 840 1022 καὶ
898 966 1021 1035 Ζωή
1087 966 1221 1039 μετά
1275 968 1382 1019 τῶν
1437 963 1635 1018 τέκνων
1696 959 1897 1028 αὐτῶν,
1957 961 2010 1017 οἱ

350 1053 495 1132 ἅγιοι
557 1054 852 1130 μάρτυρες,
912 1055 1165 1130 ὑπῆρχον
1227 1055 1322 1127 μὶν
1391 1051 1479 1109 ἰπί
1553 1050 1655 1126 τῇς
1729 1050 2009 1120 βασιλείας

355 1142 668 1219 Ἀδριανοῦ,
703 1142 891 1215 ἐκθεῖ-ξς
937 1144 1128 1220 χώρας
1175 1141 1437 1209 Ἰταλίας,
1491 1139 1683 1197 δοῦλοι
1735 1137 1794 1196 δὲ
1834 1139 2007 1196 πλου-

349 1234 471 1289 σίου
499 1255 673 1296 τινος.
733 1234 1153 1313 ’Δνατραφέντες
1209 1231 1304 1288 οὖν
1361 1235 1761 1307 Χριστιανικῶς
1808 1236 2006 1306 Κυρια-

343 1322 571 1399 uiguit
602 1320 910 1386 Θεόδουλος
958 1323 1062 1378 ὑπο
1117 1327 1227 1378 τῶν
1283 1320 1484 1399 γονέων
1540 1319 1736 1388 αὐτῶν,
1797 1316 1850 1373 έν
1908 1322 2007 1392 μιᾷ

343 1344 413 1379 κο
478 1344 571 1379 και
602 1344 910 1386 υεοοουΛος
958 1344 1062 1378 υπο
1117 1344 1227 1378 των
1283 1344 1484 1399 γονεων
1540 1344 1736 1388 αυῑων,
1797 1344 1850 1373 εν
1908 1344 2007 1392 μιᾳ

340 1344 507 1468 egw
542 1413 753 1476 αὐτοῖς·
788 1412 886 1468 Διά
937 1413 991 1469 τί
1044 1411 1379 1486 δουλεύομεν
1438 1416 1556 1474 τοῖς
1609 1404 1827 1465 ἀσεϐέσι
1877 1408 2007 1464 τού-

335 1524 481 1572 τοις,
545 1503 638 1558 καὶ
692 1501 755 1558 οὐ
809 1506 889 1574 τῷ
946 1504 1200 1577 Χριστῷ;
1273 1503 1491 1577 μήποτε
1568 1497 2006 1572 συναπολώμεθο.

345 1592 560 1655 αὐτοῖς.
618 1591 840 1650 Τούτων
901 1590 1174 1647 ἀκούσασα
1225 1593 1260 1663 ἡ
1319 1593 1527 1665 μήτηρ,
1590 1590 1755 1644 εἶπενο
1824 1586 2001 1646 ’Δντί-

356 1702 517 1750 στητε
542 1685 623 1754 τῷ
651 1679 984 1758 ἀγορὰσαντι
1044 1682 1205 1755 ἡμῶν
1247 1681 1316 1735 τά
1358 1678 1605 1752 σώματα,
1653 1677 1744 1733 καὶ
1797 1697 2005 1753 μαρτυ-

361 1771 594 1844 ρήσομεν
629 1770 764 1845 ὑπὲρ
820 1771 1077 1846 Χριστοῦ.
1127 1769 1269 1828 Τότε
1310 1766 1636 1831 ἀπελθόντες
1687 1767 1739 1823 o't
1789 1763 2001 1837 παῖδες,

363 1858 512 1915 εἶπον
556 1881 631 1934 τῳ
687 1859 861 1936 κυρίῳ
917 1860 1144 1916 έαυτῶν¹
1205 1859 1355 1915 Ἐπεὶ
1408 1862 1516 1913 τῶν
1578 1858 1672 1932 μὲν
1733 1857 2002 1931 σωμάτων

1919 434 2184 497 MAIUS.

2048 573 2100 639 Α

3664 442 3781 500 434

2692 570 2933 627 EODEM
2963 569 3219 627 MENSE.

2748 659 2854 715 Die
2886 659 3150 716 secunda

2123 760 2417 818 Certamen
2467 771 2781 820 sanctorum
2860 773 3171 836 martyrum
3246 765 3493 837 Hesperi,
3550 768 3674 824 Zoes
3731 775 3783 824 et

2811 855 3076 925 ﬁliorum.

2190 961 2387 1017 Sancti
2418 968 2711 1035 martyres
2742 964 3059 1036 Hesperus,
3093 968 3152 1020 et
3169 966 3281 1020 Zoe
3311 978 3448 1021 cum
3481 964 3641 1032 ﬁliis,
3666 965 3775 1022 im-

2118 1055 2363 1121 perante
2394 1053 2677 1121 Adriano,
2698 1059 2869 1109 erant
2896 1071 2966 1110 ex
2995 1054 3236 1127 regione
3257 1054 3462 1118 ltalim.
3496 1054 3647 1111 servi
3670 1072 3779 1111 cu-

2109 1139 2352 1211 jusdam
2383 1141 2604 1197 divitis.
2637 1142 2783 1198 Cum
2812 1148 3013 1199 autem
3035 1144 3332 1215 Cyriacus,
3358 1150 3416 1201 et
3435 1145 3775 1201 Theodulus

2117 1244 2152 1284 a
2179 1231 2527 1300 parentibus
2580 1231 2702 1287 suis
2755 1233 3089 1289 Christiane
3116 1234 3349 1290 educati
3380 1239 3602 1303 essent,
3666 1234 3762 1290 die

2116 1319 2375 1391 quadam
2407 1321 2685 1377 dixerunt
2706 1322 2794 1378 eis
2818 1339 2831 1377 :
2855 1325 3046 1389 Quare
3069 1325 3359 1380 servimus
3389 1325 3589 1396 impiis
3612 1324 3764 1394 istis,

2116 1414 2175 1463 et
2204 1425 2326 1464 non
2350 1409 2548 1481 potius
2573 1411 2830 1478 Christo,
2856 1428 2931 1467 ne
2962 1428 3277 1484 pereamus
3298 1429 3432 1469 cum
3462 1413 3583 1468 illis
3604 1412 3632 1468 ‘?
3660 1416 3774 1469 Au-

2116 1497 2286 1554 diens
2317 1498 2444 1555 haec
2480 1504 2673 1556 mater
2704 1500 2995 1572 ipsorum,
3029 1502 3217 1558 dixit:
3253 1501 3528 1558 Resistite
3560 1504 3635 1567 ei,
3667 1504 3772 1575 qui

2115 1589 2262 1643 emit
2288 1606 2541 1661 corpora
2566 1596 2795 1657 nostra,
2853 1596 2914 1647 et
2961 1592 3314 1665 martyrium
3372 1609 3479 1665 pro
3538 1592 3770 1649 Christo

2114 1678 2561 1736 sustinebimus.
2595 1681 2757 1736 Tunc
2813 1680 3100 1737 abeuntes
3151 1683 3343 1755 pueri,
3390 1681 3633 1738 domino
3665 1700 3772 1739 suo

2111 1766 2427 1824 dixerunt:
2449 1770 2711 1841 Corpora
2735 1769 2977 1841 quidem
3000 1776 3207 1827 nostra
3227 1776 3343 1827 tuae
3366 1771 3772 1844 subjiciuntur

2109 1858 2426 1928 potestati;
2456 1858 2796 1916 animarum
2822 1876 2960 1916 vero
2991 1866 3333 1917 nostrarum
3367 1861 3650 1917 dominus
3681 1867 3772 1918 est

357 1952 516 2022 ἡμῶν
572 1949 765 2025 κύριος
825 1951 1117 2025 ὑπάρχεις,
1171 1953 1279 2005 τῶν
1324 1944 1383 2004 δὶ
1436 1950 1631 2023 ψυχῶν
1666 1947 1694 2001 6
1726 1945 1995 2013 Δεσπότης

2109 1947 2274 2003 Jesus
2301 1948 2596 2014 Christus,
2655 1950 2756 2021 qui
2810 1951 3082 2006 omnium
3139 1950 3500 2007 dominatur.
3535 1951 3764 2008 Amodo

349 2037 563 2107 Ἰησοῦς
612 2038 870 2113 Χριστὸς,
900 2039 928 2092 6
957 2040 1172 2094 πάντων
1222 2037 1445 2115 Κύριος·
1490 2037 1595 2091 ἀπὸ
1641 2039 1739 2090 τοῦ
1789 2039 1882 2090 νῦν
1938 2033 2001 2090 οὐ

334 2127 447 2196 σοὶ,
498 2126 627 2183 ἀλλ’
685 2126 877 2201 ἐκείνῳ
938 2124 1324 2203 δουλεύσομεν.
1406 2125 1737 2203 Ἐκπλαγεῖς
1820 2123 1912 2180 οὖν
1972 2125 2001 2180 ὁ

329 2216 531 2294 κύριος
562 2215 765 2287 αὐτῶν,
798 2217 923 2273 τότε
954 2217 1051 2290 μὶν
1098 2211 1336 2293 ἔπεμψεν
1375 2214 1571 2279 αὐτοὺς
1617 2215 1755 2292 πρὸς
1800 2217 2001 2273 Ἕσπε-

332 2327 431 2380 ρον
462 2306 557 2361 τὸν
592 2307 795 2381 πατέρα
825 2305 1027 2379 αὐτῶν,
1059 2302 1187 2362 ὄντα
1238 2305 1290 2361 έν
1339 2309 1409 2381 τῇ
1459 2304 1619 2360 πόλει
1669 2303 1997 2377 Τριτωνίου.

333 2391 569 2471 ὕστερον
603 2393 661 2450 δὲ
692 2396 904 2472 ἀγαγὼν
936 2397 1030 2451 τόν
1068 2415 1128 2450 τε
1193 2396 1420 2471 πατέρα,
1471 2392 1560 2449 καὶ
1607 2394 1709 2463 τήν
1768 2393 1997 2470 μητέρα,

328 2487 424 2541 καὶ
464 2485 780 2561 βασανίσας,
810 2483 971 2549 τέλος
997 2489 1230 2564 φοῦρνον
1261 2483 1542 2556 ἐκκαύσας,
1596 2482 1686 2539 καὶ
1737 2476 1995 2558 ἐμϐαλὼν

326 2576 554 2647 αὐτοὺς,
587 2574 642 2631 έν
674 2574 823 2647 αὖτῴ
853 2571 1098 2635 ἔκαυσεν.

324 2705 429 2761 Καὶ
488 2703 927 2792 κοίμησις,τοῦ’
963 2703 1016 2759 ἐν
1075 2702 1519 2792 ἀγίοιςιματρξς
1568 2704 1738 2792 ᾑμῶν
1825 2703 1992 2760 Ἀθα-

666 2776 877 2847 νασίου,
909 2773 1212 2831 ἐπισκόπου
1235 2773 1665 2849 Ἀλεξανδρείας.

399 2886 807 2952 ’Λθανᾶσιος,ό
838 2887 889 2942 ἂν
920 2885 1096 2963 ἁγίοις
1153 2886 1337 2961 [Ιατὴρ
1389 2886 1572 2958 ἡμῶν,
1632 2884 1700 2955 ἧν
1749 2881 1838 2939 ἐπὶ
1893 2889 1994 2953 τῆς

332 2975 630 3054 βασθλείας
667 2975 1074 3032 Κωνσταντίνου
1104 2980 1201 3030 τοῦ
1253 2972 1522 3050 μεγάλου,
1570 2970 1663 3028 καθ
1706 2974 1995 3031 Κωνσταν-

331 3069 452 3121 tiae
482 3067 610 3122 υἱοῦ
646 3067 835 3137 αὐτοῦ,
884 3064 945 3121 ἐκ
979 3072 1083 3129 τοῖς
1129 3064 1349 3128 πόλεως
1385 3060 1818 3139 Ἀλεξανδρείας,
1864 3084 1994 3119 παι-

330 3155 481 3221 eam
532 3157 627 3211 τὸν
688 3157 820 3213 Θεὸν
874 3157 1123 3231 ἀγαπῶν,
1190 3156 1280 3212 καὶ
1354 3161 1456 3226 τῆς
1534 3153 1993 3224 έκκλησιαστικῆς

327 3249 536 3316 τάξεως
564 3245 1044 3318 ἀντιποιούμενος.
1076 3244 1181 3304 Καὶ
1233 3243 1336 3319 γὰρ
1392 3241 1610 3299 παιδίον
1667 3237 1766 3308 ὤν,
1818 3263 1995 3316 παρα-

330 3330 523 3390 λαϐὼν
581 3333 713 3398 τοὺς
769 3333 1193 3404 συνηλικιώτας,
1252 3330 1343 3388 ἐπὶ
1422 3332 1513 3387 τὸν
1591 3328 1839 3408 αῗγιαλὸν
1892 3338 1995 3401 τῆς

332 3422 617 3494 θαλάσσης
648 3423 994 3499 παρεγένετο.
1039 3423 1137 3478 Καὶ
1189 3421 1262 3483 ὡς
1310 3420 1361 3477 ἐν
1409 3418 1603 3492 παιδιᾷ
1649 3419 1997 3496 σχηματίσας

334 3512 528 3567 ἑαυτὸν
561 3513 879 3585 έπίσκοπον,
929 3511 1022 3569 καὶ
1068 3512 1128 3568 έκ
1181 3515 1291 3568 τῶν
1350 3510 1443 3566 σὺν
1500 3509 1648 3584 αὐτῷ
1704 3528 1994 3587 προχειρι-

344 3606 578 3673 σάμενος
636 3598 1034 3677 πρεσϐυτέρους
1086 3599 1178 3657 καὶ
1237 3598 1539 3671 διακόνους,
1615 3594 1870 3655 έϐἀπτισε
1928 3598 1996 3654 τά

346 3688 532 3744 λοιπά
554 3687 733 3747 παιδία
774 3697 885 3748 τῶν
947 3689 1231 3761 Ἑλλήνων
1281 3688 1372 3747 καὶ
1423 3694 1534 3745 τῶν
1581 3687 1861 3745 Ἰουδαίων
1913 3691 1994 3762 τῷ

341 3786 449 3848 τῆς
478 3779 740 3853 θαλάσσης
771 3780 945 3837 ὕδατι.
995 3784 1227 3856 Θεωρῶν
1284 3776 1343 3835 δὶ
1385 3784 1552 3835 ταῦτα
1604 3778 1806 3843 ἄνωθεν
1838 3779 1867 3834 6
1893 3784 1995 3848 τῆς

341 3867 748 3947 ’Δλεξανδρείας
829 3869 1124 3933 ἐπίσκοπος
1209 3866 1585 3944 Ἀλέξανδρος.
1670 3867 1992 3942 ἐθαόμαζενο

329 3958 422 4014 καί
454 3959 615 4036 γνοὺς
642 3965 721 4033 τῷ
746 3960 1013 4033 πνεύματι
1056 3959 1130 4022 ὡς
1185 3957 1505 4033 μελλόντων
1554 3956 1658 4014 εἶσὶ
1705 3954 1772 4012 τὰ
1822 3977 1996 4032 πρατ-

324 4049 538 4122 τόμενα
597 4051 1030 4126 προμηνύματα,
1087 4047 1214 4111 τοὺς
1290 4051 1385 4123 μὶν
1462 4045 1662 4111 παῖδας
1731 4050 1811 4120 τῷ
1866 4047 1996 4121 θείῳ

330 4140 492 4214 μύρῳ
560 4138 848 4216 έπίχρίσας
921 4137 1259 4195 έτελείωσεψ
1336 4138 1656 4203 Ἀθανάσιος
1733 4134 1790 4193 δὲ
1867 4138 1996 4214 παρ’

326 4230 497 4286 αὑτοῦ
555 4231 987 4306 γραμματισθιίς
1034 4231 1320 4307 πρότερον,
1378 4228 1468 4285 καὶ
1520 4228 1811 4304 γενόμενος
1864 4229 1992 4284 ἀνα-

326 4325 614 4400 γνώστης,
657 4321 877 4396 ὕστερον
930 4319 1323 4397 προεχειρίσθη
1381 4318 1472 4375 καὶ
1530 4318 1853 4382 ἐπίσκοπος·
1901 4324 1993 4377 καὶ

322 4411 522 4469 πολλά
550 4410 682 4488 ὅπερ
721 4418 823 4483 τῆς
871 4405 1145 4473 εὐσεϐείας
1192 4408 1622 4485 ἀγωνισάμενος,
1672 4407 1991 4483 ἰτελειὼθη.

892 4524 1078 4580 MHNI
1114 4526 1200 4577 ΤΩ
1237 4525 1431 4579 ΑΥΤΩ.

1134 4630 1185 4680 Γ⁸

325 4725 603 4798 Ἀθλησις
686 4729 796 4782 τῶν
879 4722 1088 4852 ἁγίωνΜ
1141 4724 1447 4815 ’μαρτύρων
1551 4724 1821 4799 Τιμοθέου
1901 4726 1990 4782 καὶ

1095 4815 1280 4852 αυοας.

1095 4815 1280 4871 αυρας.

400 4906 692 4979 Τιμόθεος,
726 4906 882 4961 ὁτοῦ
930 4907 1178 4980 ’Χριστοῦ
1206 4904 1431 4979 μάρτυς,
1486 4906 1553 4974 ἦν
1599 4904 1694 4978 μὶν
1750 4905 1988 4981 ἀναγνώ-

330 5018 465 5065 στης
498 5002 602 5065 τῆς
644 4993 952 5069 ἁγιωτάτης
1004 4997 1102 5050 τοῦ
1154 4997 1288 5050 Θεοῦ
1339 4991 1659 5065 ἐκκλησίαςο
1716 4994 1875 5068 νόμῳ
1932 4992 1990 5050 δὲ

326 5086 511 5160 γέμω.)
578 5086 680 5154 τήν
742 5086 966 5159 Μαῦραν
1022 5083 1098 5147 εἰς
1177 5088 1408 5159 γυναῖκα
1482 5078 1694 5154 λαϐὼν,
1766 5086 1989 5158 ἡμερῶν

331 5176 506 5233 ε”κοσι
544 5179 620 5248 μή
655 5175 1072 5251 παρελθουσῶν,
1107 5176 1379 5250 ἐκρατήθη
1413 5176 1559 5246 ποιρά
1596 5180 1702 5230 τῶν
1757 5174 1987 5231 εἰδωλο-

324 5266 572 5342 λατρῶν’
620 5268 710 5321 καὶ
751 5264 944 5333 δεθεὶς,
993 5265 1146 5341 ἢχθη
1191 5266 1331 5339 πρὸς
1380 5264 1660 5341 Ἀρῤιαιιὸν
1716 5264 1811 5320 τὸν
1858 5266 1987 5339 ἠγε-

326 5357 472 5431 μόνα
530 5352 826 5427 Θτ,ὖα“ἷδος,
885 5354 976 5410 καὶ
1030 5351 1307 5427 παρεδόθη
1389 5352 1555 5426 αὐτῷ.
1634 5355 1769 5410 Τότε
1839 5353 1985 5430 λέγει

320 5447 494 5518 αὐτῷ*
557 5447 697 5519 Φέρε
753 5447 848 5506 τάς
909 5438 1138 5518 βίϐλους
1200 5462 1319 5511 σου,
1377 5442 1469 5496 καὶ
1540 5446 1742 5497 καῦσον
1821 5443 1987 5507 αὐτὸς

320 5534 636 5611 ἔμπροσθέν
672 5556 802 5608 μου.
845 5536 951 5588 Τοῦ
1000 5530 1060 5587 δὲ
1118 5531 1273 5605 ἁγίου
1326 5532 1402 5603 μὴ
1463 5530 1772 5596 πεισθέντος
1823 5536 1986 5589 τοῦτο

321 5635 577 5697 ποιῆσαι,
636 5623 834 5701 σίδηρα
890 5620 1256 5697 πεπυρωμένα
1304 5616 1555 5677 ἐνέϐαλεν
1608 5621 1684 5685 εἲς
1746 5623 1815 5679 τὰ
1872 5624 1986 5679 ὦτα

323 5718 511 5774 αὐτοῦ’
565 5718 659 5775 καὶ
737 5713 1042 5790 παραυτίκα
1117 5713 1173 5767 αἱ
1245 5715 1353 5767 τῶν
1433 5709 1731 5790 ὀφθαλμῶν
1820 5712 1984 5771 αὐτοῦ

322 5804 484 5883 κόραι
542 5802 819 5882 ἐξέπεσον,
878 5804 1004 5861 Εἶτα
1071 5798 1347 5875 δεσμεῖται
1404 5800 1511 5855 ini
1567 5803 1778 5877 τροχοῦ
1820 5802 1981 5867 ’τοὺς

2109 2052 2233 2092 non
2261 2037 2391 2104 tibi,
2415 2038 2520 2094 sed
2548 2039 2639 2094 illi
2668 2039 3014 2097 serviemus.
3062 2039 3503 2112 Obstupeseens
3532 2040 3609 2097 ad
3636 2040 3766 2097 hanc

2109 2126 2392 2185 dominus
2420 2128 2685 2197 illorum,
2713 2135 2854 2187 tunc
2885 2130 3129 2203 quidem
3168 2130 3306 2187 illos
3335 2129 3412 2188 ad
3432 2131 3760 2204 Hesperum

2108 2223 2340 2289 patrem
2393 2219 2608 2288 misit,
2648 2220 2744 2275 81
2782 2219 2845 2275 in
2892 2219 3155 2276 Tritonio
3198 2219 3344 2275 urbe
3383 2224 3760 2277 versantem:

2106 2311 2318 2379 postea
2330 2323 2470 2364 vero
2491 2312 2724 2381 patrem
2744 2313 3120 2382 matremque
3143 2325 3477 2379 accersens,
3498 2310 3767 2383 torqueri

2107 2394 2245 2452 illos
2255 2396 2474 2468 jussit:
2501 2396 2744 2454 demum
2772 2398 2836 2455 in
2860 2397 3168 2457 fornacem
3198 2414 3514 2456 accensam
3537 2398 3767 2473 injecit,

2106 2484 2488 2560 ﬂammisque
2518 2487 2868 2564 combussit.

2104 2707 2176 2760 Et
2206 2705 2471 2763 dormitio
2497 2708 2680 2764 sancti
2700 2709 2886 2763 Patris
2939 2709 3115 2764 nostri
3170 2708 3488 2776 Athanasii,
3521 2707 3768 2779 episcopi

2735 2779 3090 2836 Alexandria:
3112 2819 3127 2835 .

2175 2884 2423 2941 Sanctus
2452 2887 2629 2942 Pater
2647 2890 2852 2941 noster
2873 2887 3236 2942 Athanasius
3263 2903 3333 2942 ex
3347 2886 3493 2943 urbe
3504 2885 3761 2944 Alexan-

2102 2971 2233 3028 dria
2263 2973 2575 3043 oriundus,
2621 2975 3055 3047 imperantibus
3109 2975 3498 3032 Constantino
3529 2978 3763 3051 Magno,

2103 3062 2352 3135 ejusque
2378 3063 2502 3118 ﬁlio
2533 3065 2881 3121 Constantio
2912 3064 3127 3123 ﬂorait.
3156 3068 3204 3122 A
3233 3082 3418 3137 puero
3450 3067 3637 3121 Deum
3670 3066 3759 3121 di-

2100 3150 2265 3221 lexit,
2316 3152 2710 3225 ordinemque
2751 3153 3223 3211 ecclesiasticum
3253 3155 3475 3211 imitari
3508 3155 3757 3211 studuit.

2104 3243 2249 3297 Nam
2264 3258 2413 3314 puer
2441 3259 2576 3299 cum
2590 3248 2768 3309 esset,
2800 3250 3135 3301 comtaneos
3155 3259 3494 3310 assumens.
3522 3243 3760 3301 additus

2103 3330 2287 3387 maris
2303 3331 2575 3398 accessit,
2598 3348 2667 3388 ac
2686 3332 2864 3389 veluti
2896 3333 3209 3406 pueriliter
3239 3332 3503 3406 seipsum
3533 3333 3760 3406 episco-

2101 3436 2244 3493 pum
2307 3419 2624 3487 simulans,
2670 3421 2845 3477 exiis
2878 3422 2979 3493 qui
3037 3438 3173 3478 cum
3224 3421 3354 3494 ipso
3384 3427 3575 3487 erant,
3608 3422 3759 3479 alios

2102 3506 2342 3580 quidem
2369 3509 2749 3583 presbyteros
2772 3516 2828 3565 et
2848 3510 3131 3566 diaconos
3144 3509 3440 3567 ordinavit
3462 3528 3478 3579 ;
3497 3510 3763 3582 reliquos

2100 3613 2241 3653 vero
2274 3598 2611 3654 Graecorum
2642 3598 3105 3672 Judzeorumque
3145 3617 3365 3672 pueros
3395 3617 3550 3673 aqua
3578 3602 3762 3657 maris

2099 3685 2434 3759 baptizavit.
2470 3688 2605 3743 Haec
2638 3688 2974 3745 Alexander
3015 3689 3383 3746 Alexandriae
3442 3690 3759 3763 episcopus

2102 3776 2337 3832 eminus
2359 3783 2590 3833 contem
2603 3776 2817 3850 platus,
2838 3778 3149 3851 obstupuit
3172 3779 3411 3852 :spiritu
3436 3786 3635 3835 autem
3661 3796 3758 3835 co-

2101 3883 2413 3941 gnescens,
2447 3884 2517 3924 ea
2546 3886 2679 3942 quae
2699 3868 2855 3925 facta
2874 3876 3064 3939 erant,
3088 3869 3424 3925 futurorum
3448 3885 3578 3926 esse
3607 3887 3760 3943 prae-

2103 3958 2282 4031 sagia,
2316 3974 2534 4030 pueros
2576 3959 2817 4031 quidem
2875 3958 3074 4014 divino
3123 3959 3454 4015 Chrismate
3501 3976 3757 4033 ungens,

2100 4047 2369 4120 perfecit.
2405 4046 2758 4104 Athanasius
2779 4052 2977 4105 autem
3005 4047 3222 4104 litteris
3252 4049 3511 4121 primum
3533 4047 3606 4105 ab
3628 4050 3759 4121 ipso

2102 4137 2428 4193 instructus
2458 4143 2585 4193 est:
2618 4154 2752 4193 mox
2783 4137 2971 4193 lector
2999 4137 3227 4194 factus:
3261 4138 3504 4194 demum
3536 4138 3763 4210 episco-

2100 4244 2213 4299 pus
2238 4226 2568 4283 ordinatus.
2603 4231 2745 4283 Cum
2786 4234 2985 4283 autem
3044 4228 3235 4285 multa
3265 4228 3593 4284 certamina
3620 4245 3759 4300 pro-

2102 4316 2323 4389 pietate
2353 4316 2653 4386 subiisset,
2687 4317 2865 4373 vitam
2904 4317 3112 4374 finivit.

2670 4513 2914 4570 EODEM
2952 4512 3184 4568 MENSE

2780 4612 2882 4668 Die
2908 4612 3080 4668 tertia

2103 4710 2385 4767 Certamen
2409 4716 2728 4766 sanctorum
2784 4718 3093 4780 martyrum
3125 4708 3399 4767 Timothei
3441 4717 3493 4767 et
3515 4715 3752 4773 Maurae.

2172 4909 2515 4965 Timotheus
2547 4911 2763 4966 Christi
2795 4916 3041 4983 martyr.
3077 4912 3469 4968 sanctissimas
3511 4915 3612 4970 Dei
3647 4932 3751 4972 ec-

2100 4999 2299 5055 clesia:
2325 4999 2512 5055 lector
2540 5000 2669 5055 fuit.
2705 5006 2844 5056 Cum
2879 5008 3079 5056 autem
3137 5002 3396 5075 conjugii
3432 5003 3558 5077 lege
3589 5007 3753 5062 Mau-

2100 5108 2227 5146 ram
2259 5091 2589 5158 accepisset
2644 5092 2705 5146 in
2738 5109 2983 5148 uxorem
3038 5095 3132 5147 vix
3166 5094 3386 5164 elapsis
3436 5094 3644 5149 diebus
3676 5099 3755 5151 vi-

2098 5180 2269 5252 ginti,
2303 5181 2771 5252 comprehensus
2803 5189 2894 5238 est
2922 5183 2994 5238 ab
3039 5182 3389 5245 idulolatris,
3414 5190 3468 5237 et
3502 5184 3755 5247 vinctus,

2099 5268 2170 5325 ad
2204 5270 2517 5325 Arrianum
2541 5271 2859 5327 Thebaidis
2888 5271 3202 5343 praesidem
3232 5270 3539 5328 adductus.
3574 5273 3749 5345 eique

2099 5358 2391 5415 traditus:
2427 5360 2525 5432 qui
2559 5361 2643 5427 ait
2675 5362 2758 5415 ei:
2793 5363 2953 5416 Αἰγεῖ*
2997 5362 3178 5415 libros
3212 5367 3340 5415 tuos
3396 5377 3615 5431 eosque
3647 5380 3743 5418 co-

2096 5466 2223 5505 ram
2260 5466 2353 5506 me
2386 5449 2689 5507 combure.
2727 5452 2871 5508 Cum
2907 5458 3103 5507 autem
3141 5457 3381 5507 sanctus
3438 5451 3494 5504 id
3555 5452 3748 5509 facere

2098 5545 2399 5607 renueret,
2433 5541 2827 5597 candentibus
2851 5540 3091 5597 laminis
3114 5539 3319 5593 ferreis
3342 5539 3402 5594 in
3423 5542 3553 5608 ejus
3577 5558 3750 5598 aures

2095 5628 2404 5696 immissis,
2429 5631 2626 5686 statim
2653 5629 3000 5686 exciderunt
3017 5628 3257 5700 pupilla:
3271 5629 3578 5685 oculorum
3595 5632 3745 5703 ejus.

2097 5716 2320 5773 Deinde
2353 5724 2497 5775 rotae
2531 5735 2638 5792 per
2693 5719 2844 5776 talos
2905 5717 3202 5790 alligatur,
3261 5716 3362 5774 82
3396 5718 3745 5795 lignumque

2078 5802 2183 5865 ὀι-ἰ
2214 5807 2344 5880 ejus
2376 5808 2737 5881 imponitur:
2792 5813 2851 5864 et
2878 5823 3019 5864 saxo
3068 5805 3142 5862 ad
3200 5806 3424 5863 collum
3479 5808 3741 5884 alligato,
