4108 6434
331 377 451 440 438

1616 374 2053 440 MENOLOGII
2092 374 2301 439 PARS
2345 375 2452 436 ῙΙῐ.

3633 373 3758 436 436

339 513 574 568 inverso
602 512 794 584 capite
824 511 1224 583 suspenditur.
1259 511 1524 581 Cumque
1555 510 1707 566 nihil
1740 510 1792 565 ei
1837 528 1984 582 prai-

2121 506 2479 583 ὶστραγάλους
2511 507 2702 578 αὐτοῦ,
2732 505 2822 562 καὶ
2853 504 3014 580 εὔλον
3046 500 3317 580 ἐμϐάλλει
3352 503 3428 568 είς
3458 505 3523 560 τὸ
3577 505 3757 577 στόμα

344 619 439 657 ses
466 601 823 674 persuadere
855 601 1164 672 potuisset,
1195 601 1479 672 prmcepit
1497 601 1735 673 conjugi
1769 600 1896 672 ejus
1926 605 1993 654 ut

345 689 686 746 hortaretur
732 706 866 745 eum
927 689 1180 744 deficere
1207 706 1239 744 a
1268 689 1520 745 Christo.
1556 693 1628 744 At
1680 689 1784 744 illa
1815 688 1994 760 elegit

341 782 538 852 potius
571 780 924 851 martyrium
961 780 1102 850 pati.
1136 780 1327 844 Quare
1369 779 1539 834 evelli
1564 779 1748 850 jussit
1795 779 1992 834 crines

339 869 550 939 capitis
581 869 731 938 ejus,
766 884 833 923 ac
854 867 1097 923 demum
1121 875 1441 940 utrumque
1462 868 1536 923 ad
1563 869 1849 940 parietem
1873 868 1996 923 cla-

342 958 427 1012 vis
449 957 663 1028 conllgi
699 973 712 1012 :
745 956 846 1012 ubi
878 973 1090 1012 novem
1124 957 1356 1014 dierum
1389 958 1578 1028 spatio
1609 972 1995 1027 perseveran-

339 1052 428 1103 tes
454 1047 633 1102 vitam
667 1052 1182 1102 consummarunt.

340 1346 404 1401 Et
433 1346 693 1402 memoria
731 1347 908 1402 sancti
937 1347 1120 1401 Patris
1148 1346 1320 1402 nostri
1377 1346 1527 1401 Petri
1574 1344 1992 1415 Thaumaturgi.

413 1525 663 1582 Sanctus
695 1528 868 1582 Pater
897 1531 1102 1581 noster
1157 1529 1362 1582 Petrus
1419 1523 1997 1597 Constantinopolim

342 1615 595 1685 patriam
628 1615 855 1679 habuit,
887 1615 1121 1687 piorum
1156 1621 1475 1687 parentum
1511 1616 1693 1679 illius,
1728 1615 1828 1686 qui
1864 1619 1996 1669 tan-

347 1702 482 1758 dem
514 1705 791 1760 monachi
822 1705 958 1760 facti
993 1711 1149 1760 sunt.
1183 1705 1276 1760 Sic
1307 1711 1507 1760 autem
1548 1705 1609 1760 in
1652 1706 1865 1760 virtute
1897 1703 1999 1759 de-

346 1795 609 1862 certavit,
640 1800 706 1849 ut
731 1811 850 1850 non
898 1795 973 1849 sit
999 1794 1172 1849 facile
1203 1794 1520 1865 explicatu.
1554 1795 1679 1850 Non
1711 1794 1872 1849 enim
1906 1809 1998 1848 so-

2095 597 2279 653 αύτοῦ·
2332 598 2422 652 καὶ
2480 595 2633 653 λίθον
2691 601 2771 668 τῷ
2827 595 3101 672 τραχήλῳ
3169 595 3335 651 αύτοῦ
3408 591 3752 671 προσδήσας,

2099 685 2365 760 ἐκρέμασε
2393 688 2530 742 κατᾶ
2582 684 2852 765 κεφαλῆς.
2911 686 2999 748 Ὠς
3049 683 3105 740 δὲ
3156 684 3254 741 ούκ
3301 683 3509 750 ἔπειθεν
3567 685 3758 753 αὐτὸν,

2102 774 2246 849 λέγει
2274 779 2343 850 τῇ
2388 771 2604 848 συμϐίῳ
2646 775 2834 842 αὐτοῦ,
2891 773 3209 847 παραίνεσαι
3256 773 3408 845 αύτῷ
3454 772 3758 842 ἀποστῆναι

2097 868 2195 919 τοῦ
2253 867 2505 939 Χριστοῦ.
2561 867 2624 922 Ἢ
2685 862 2743 919 δι
2803 862 3017 937 μᾶλλον
3077 863 3167 918 καὶ
3255 863 3392 932 αὐτή
3469 862 3758 937 ᾐρετίσατο

2105 963 2469 1030 μαρτυρῆσαι.
2515 957 2674 1014 Ὅθεν
2723 955 3002 1010 ἀνασπῶσι
3048 955 3146 1016 τὰς
3202 953 3399 1028 τρίχας
3448 960 3550 1022 τῆς
3593 973 3760 1030 κεφα-

2101 1043 2209 1115 λῆς
2239 1043 2430 1110 αὐτῆς.
2457 1045 2565 1102 Καὶ
2618 1045 2753 1118 μετά
2798 1048 2968 1100 ταῦτα
3013 1041 3467 1119 προσηλωθέντες
3513 1043 3761 1116 ἀμφότεο

2103 1155 2189 1208 ροι
2217 1134 2423 1210 τοίχῳ,
2484 1133 2572 1190 ἐπὶ
2631 1132 2782 1191 ἐννέα
2839 1135 3076 1210 ἡμέραις
3132 1134 3584 1208 καρτερήσαντας,
3641 1131 3760 1187 ἐτεο

2103 1222 2436 1295 λειώθησαν.

2103 1350 2206 1407 Kal
2267 1351 2460 1424 μνήμη
2517 1353 2615 1406 τοῦ
2673 1349 2826 1405 ὁσίου
2887 1351 3098 1424 Πατρὸς
3156 1351 3318 1422 ἡμῶν
3379 1347 3584 1421 ῐιέτρου
3655 1349 3759 1402 τοῦ

2700 1425 3126 1497 Θαυματουργοῦ
3143 1465 3155 1478 .

2184 1540 2407 1616 Πέτρος,
2441 1539 2469 1594 ὁ
2503 1538 2554 1594 ἐν
2585 1537 2760 1616 ἁγίοις
2809 1540 2999 1616 Πατὴρ
3049 1541 3236 1612 ἡμῶν,
3287 1539 3506 1615 ὑπῆρχε
3556 1537 3650 1612 μὶν
3707 1535 3769 1591 ἐκ

2107 1628 2761 1698 Κωνσταντινουπόλεως,
2845 1629 3048 1704 γονέων
3135 1622 3383 1683 εύλαϐῶν
3451 1627 3593 1694 υίὸς,
3650 1630 3762 1682 τῶν

2107 1715 2328 1795 ὕστερον
2406 1720 2710 1794 γεγονότων
2788 1717 2878 1772 καὶ
2959 1721 3244 1794 μοναχῶν.
3325 1717 3426 1774 Καὶ
3503 1719 3767 1772 τοσοῦτον

2105 1808 2418 1884 ἠγωνίσατο
2472 1807 2547 1870 είς
2601 1807 2826 1880 ἀρετὴν,
2884 1807 3010 1862 ὅσον
3071 1802 3170 1861 οὔκ
3229 1804 3372 1861 ἐστιν
3433 1803 3626 1862 εἰπεῖν.
3687 1805 3770 1863 Ού

348 1884 475 1940 lum
506 1886 567 1940 in
587 1885 797 1956 vigiliis
820 1891 876 1940 et
902 1885 1390 1941 meditationibus
1413 1901 1716 1942 sacrarum
1740 1883 1998 1956 Scriptu-

2121 1883 2278 1969 μόνον
2309 1897 2414 1973 γὰρ
2446 1896 2712 1973 ἀγρυπνίᾳ
2762 1896 2853 1951 καὶ
2908 1894 3111 1970 μελέτῃ
3161 1899 3272 1950 τῶν
3331 1893 3487 1950 θείων
3540 1899 3773 1972 Γραιρῶν

347 1991 547 2030 rarum
582 1975 900 2048 superabat
929 1992 1158 2043 omnes,
1191 1974 1294 2031 sed
1343 1981 1401 2030 et
1439 1975 1820 2046 eleemosyna
1851 1979 1909 2030 et
1939 1974 2001 2028 in

347 2079 640 2135 pauperes
667 2064 1204 2121 commiseratione.
1236 2065 1381 2120 Hinc
1399 2069 1636 2121 coactus
1656 2063 1785 2120 fieri
1805 2064 2004 2119 Corin-

349 2151 434 2207 thi
468 2154 972 2226 archiepiscopus,
996 2160 1238 2226 propter
1258 2155 1442 2209 animi
1475 2154 2002 2220 demissionem,ac

348 2241 705 2299 modestiam
741 2243 954 2299 adduci
986 2261 1105 2298 non
1137 2245 1347 2315 potuit,
1381 2249 1447 2298 ut
1476 2244 1860 2299 consentiret.
1897 2243 2004 2298 Or-

348 2329 551 2385 dinato
576 2332 757 2404 igitur
784 2332 965 2388 fratre
1010 2334 1137 2403 ejus
1196 2332 1404 2400 Paulo,
1454 2337 1691 2388 secutus
1723 2348 1859 2387 eum
1893 2336 2001 2386 est.

345 2419 628 2476 Precibus
684 2428 881 2478 autem
941 2423 1286 2491 Argivorum
1320 2465 1335 2490 ,
1393 2429 1774 2478 consecratus
1836 2421 2004 2493 Argis

353 2509 687 2582 episcopus,
722 2510 869 2567 adeo
903 2511 1300 2584 eleemosynis
1340 2511 1630 2582 incubuit,
1658 2517 1723 2566 ut
1755 2511 2004 2584 singulis

342 2598 556 2655 diebus
603 2600 758 2655 nihil
817 2601 876 2656 in
909 2618 1069 2673 penu
1103 2603 1232 2673 ejus
1263 2602 1526 2674 reperire
1582 2607 1758 2670 esset,
1790 2607 2007 2672 praeter

347 2689 636 2757 tunicam,
669 2707 849 2762 quam
880 2691 1124 2764 gerebat
1157 2709 1168 2746 :
1204 2708 1314 2748 nec
1343 2691 1534 2747 ullum
1564 2689 1639 2747 ad
1671 2707 1732 2747 se
1763 2691 2002 2746 venien-

345 2785 466 2834 tem
520 2797 841 2852 pauperem
896 2780 1242 2853 repellebat.
1278 2780 1442 2837 Unde
1502 2781 1706 2836 multis
1759 2781 2005 2853 patratis

347 2869 681 2940 miraculis,
709 2887 843 2927 cum
878 2871 993 2927 Deo
1020 2871 1340 2939 serviisset,
1374 2873 1435 2927 in
1454 2888 1596 2944 pace
1630 2871 1905 2930 decessit.

912 3069 1156 3127 EODEM
1193 3069 1448 3128 MENSE.

1004 3159 1108 3215 Die
1140 3166 1353 3232 quarta

563 3247 665 3305 83
698 3248 981 3304 Certamen
1009 3251 1186 3305 sancti
1219 3250 1436 3306 Silvani
1477 3248 1786 3320 martyris.,

422 3365 672 3420 Sanctus
712 3365 930 3420 Christi
988 3371 1216 3438 martyr
1246 3365 1536 3434 Silvanus,
1595 3365 1709 3421 fuit
1765 3381 1835 3421 ex
1894 3367 2003 3422 Ga-

349 3471 602 3510 zaeorum
634 3455 897 3527 regione,
932 3456 1191 3527 primum
1251 3455 1492 3528 quidem
1549 3456 1745 3521 miles,
1801 3461 2007 3528 postea

351 3561 487 3600 vero
513 3543 802 3599 abdicatis
861 3560 966 3616 pro
1025 3544 1257 3601 Christo
1316 3545 1540 3602 terreni
1585 3546 1739 3620 regis
1772 3545 2005 3614 castris,

351 3634 626 3690 militiam
661 3633 918 3688 ccelestis
977 3635 1131 3706 regis
1162 3635 1378 3690 Christi
1413 3636 1690 3707 suscepit.
1728 3636 1918 3701 Quare
1952 3639 2010 3690 et

355 3723 685 3779 sacerdotio
703 3721 914 3794 dignus
936 3723 1196 3791 habitus,
1221 3724 1481 3796 primum
1504 3725 1835 3797 presbyter,
1869 3725 2009 3780 dein

356 3813 668 3883 episcopus
701 3811 1009 3868 ordinatus
1041 3818 1149 3866 est.
1179 3813 1322 3867 Cum
1354 3830 1490 3868 vero
1532 3815 1864 3869 commissae
1899 3813 2011 3869 sibi

357 3901 624 3956 ecclesias
654 3901 925 3973 regimini
946 3900 1585 3969 assidueincumberet,
1615 3909 1672 3958 et
1701 3903 1921 3958 multos
1945 3920 2014 3959 ea

360 3990 577 4045 Graecis
636 4006 742 4045 sua
794 3990 1063 4045 doctrina
1119 3990 1194 4046 ad
1246 3992 1562 4047 Dominum
1621 4000 2010 4062 converteret,

360 4079 824 4150 comprehensus
868 4079 939 4135 ab
972 4079 1260 4148 idolatris,
1317 4086 1376 4135 et
1421 4098 1622 4137 coram
1651 4083 2013 4138 Caasareensi

358 4170 578 4241 populo
598 4170 657 4224 in
675 4169 937 4225 medium
958 4169 1299 4242 productus,
1327 4171 1648 4227 crudeliter
1678 4189 1867 4228 caesus
1890 4178 2011 4227 est:

359 4259 572 4316 deinde
605 4276 952 4332 suspensus,
982 4260 1352 4332 graviterque
1379 4261 1725 4330 dilaniatus,
1759 4260 1834 4316 ad
1879 4261 2015 4316 aeris

359 4351 603 4406 metalla
634 4350 969 4406 eﬂ‘odienda
1013 4350 1361 4406 damnatur:
1398 4351 1500 4406 ubi
1534 4367 1671 4406 cum
1702 4351 1904 4422 plures
1936 4367 2011 4406 aa-

360 4457 606 4496 rumnas
653 4440 1057 4508 sustinuisset,
1090 4457 1157 4496 ac
1188 4441 1486 4495 Christum
1518 4457 1639 4496 non
1670 4439 1846 4495 modo
1878 4457 2017 4511 pro—

362 4531 517 4585 fiteri
549 4547 671 4585 non
703 4535 982 4595 cessaret,
1016 4546 1217 4584 verum
1250 4531 1430 4585 etiam
1467 4531 1623 4596 aliis,
1677 4536 1735 4586 et
1759 4531 2018 4586 maxime

2112 1988 2314 2045 πάντας
2346 1986 2610 2057 ἐνίκησεν,
2644 1983 2790 2041 ἀλλᾶ
2817 1982 2909 2040 καί
2951 1983 3317 2057 ἐλεημοσύνᾳ,
3371 1984 3460 2039 καὶ
3507 1987 3577 2058 τῇ
3627 1984 3770 2058 πρὸς

2104 2076 2232 2141 τοὺς
2288 2076 2523 2147 πένητας
2581 2076 2908 2150 συμπαθείᾳ.
2971 2076 3056 2148 Ἐξ
3119 2071 3182 2130 οὗ
3258 2075 3348 2130 καὶ
3419 2093 3765 2150 καταναγκα-

2109 2167 2254 2231 σθεῖς
2369 2167 2606 2243 γενέσθαι
2715 2163 2985 2241 Κορίνθου
3098 2163 3576 2240 ἀρχιεπίσκοπος,
3665 2162 3767 2219 οὐκ

2107 2253 2350 2325 ἐπείσθη,
2384 2252 2473 2310 διὰ
2517 2253 2845 2311 ταπείνωσιν
2889 2254 2977 2310 καὶ
3037 2248 3344 2310 εὐλάϐειαν.
3405 2252 3510 2310 Καὶ
3573 2271 3763 2328 χειρο-

2105 2343 2390 2416 τονηθέντι
2448 2343 2653 2417 Ηαύλῳ
2709 2349 2791 2417 τῷ
2848 2341 3070 2422 ἀδελ(ρῷ
3133 2344 3322 2414 αὐτοῦ,
3399 2341 3766 2418 συγκατῆλθε·

2106 2433 2197 2490 καὶ
2229 2432 2576 2510 παρακλήσει
2615 2437 2723 2489 τῶν
2752 2435 3040 2510 Ἀργείων
3092 2432 3488 2508 ἐχειροτονήθη
3536 2433 3772 2508 Ἀργους

2109 2521 2424 2584 ἐπίσκοπος.
2461 2523 2562 2580 Καὶ
2621 2522 2796 2585 οὕτως
2856 2521 3183 2579 ἐσπούδασεν
3241 2522 3316 2584 εἷς
3364 2520 3772 2595 ἐλεημοσύνην,

2111 2613 2186 2676 ὧς
2247 2609 2421 2686 μηδὲν
2479 2613 2598 2667 καθ’
2661 2611 2890 2684 ἑκάστην
2946 2617 3254 2689 συγχωρεῖν
3319 2609 3658 2686 εύρίσκεσθαι
3717 2610 3772 2667 ἐν

2106 2708 2188 2775 τῷ
2219 2699 2428 2775 κελλίῳ
2457 2701 2644 2772 αὐτοῦ,
2676 2704 2826 2771 πλὴν
2853 2705 2952 2758 τοῦ
3001 2707 3257 2778 χιτῶνος,
3309 2702 3370 2757 δν
3423 2701 3628 2779 ἐφόρει,
3675 2701 3771 2756 καὶ

2114 2789 2255 2866 μηδὲ
2287 2790 2494 2847 ἐκείνου
2527 2787 2834 2870 φείδεσθαι,
2865 2796 3100 2868 πτωχοῦ
3140 2789 3558 2866 προσελθόντος.
3610 2797 3774 2856 Ὅθεν

2109 2880 2298 2939 πολλᾶ
2329 2883 2579 2956 θαύματα
2608 2884 2867 2954 ποιήσας,
2923 2882 3017 2938 καὶ
3076 2882 3167 2938 τὸν
3229 2881 3360 2938 Θεὸν
3421 2879 3774 2958 θεραπεύσας,

2110 2970 2168 3027 ἐτ
2193 2969 2387 3047 εἰρήνῃ
2420 2968 2739 3043 ἐτελειώθη.

2665 3063 2817 3120 ΜΗΝ
2823 3067 2845 3118 Ι
2883 3067 2968 3118 ΤΩ
3006 3063 3210 3122 ΔΥΤΩ.

2905 3153 2958 3208 Δ,

2329 3252 2601 3325 Ἀθλησις
2630 3257 2729 3310 τοῦ
2757 3252 2919 3330 ἁγίου
2955 3255 3231 3330 μάρτυρος
3261 3246 3551 3309 Σιλϐανοῦ.

2189 3365 2483 3443 Σιλϐανὸς,
2518 3374 2546 3428 ὁ
2587 3377 2686 3429 τοῦ
2734 3376 2976 3448 Χριστοῦ
3030 3371 3380 3447 ἱερομάρτυς,
3434 3370 3499 3440 ἦν
3557 3369 3650 3442 μὲν
3700 3365 3762 3422 ἐκ

2113 3466 2214 3530 τῆς
2244 3466 2352 3517 τῶν
2412 3461 2657 3532 Γαζαίων
2719 3463 2930 3538 χώρας,
2992 3461 3330 3539 στρατιώτης
3391 3455 3448 3515 δὲ
3503 3458 3768 3536 πρότερον

2118 3549 2405 3628 ὑπάρχων,
2437 3550 2659 3626 ὕστερον
2694 3549 2786 3607 διὰ
2815 3552 3046 3627 Χριστὸν
3091 3549 3411 3607 καταλιπὼν
3462 3550 3554 3606 τὸν
3604 3567 3776 3624 στρα-

2115 3642 2359 3706 τεύεσθαι
2389 3646 2471 3715 τῷ
2499 3639 2685 3714 Τηΐνῳ
2741 3641 2982 3718 βασιλεῖ,
3037 3639 3366 3715 ἐστρατεύθη
3415 3641 3495 3711 τῷ
3545 3636 3784 3712 ἐπουρα-

2117 3730 2220 3804 νίῳ
2255 3731 2475 3807 βασιλεῖ
2503 3732 2755 3806 Χριστῷ.
2797 3731 2893 3786 Διὸ
2923 3729 3014 3786 καὶ
3049 3729 3355 3805 ἱερωσύνης
3407 3731 3785 3798 καταζιοῦται,

2118 3823 2410 3896 γενόμενος
2446 3815 2831 3895 πρεσϐύτερος,
2882 3822 2999 3876 εἶτα
3057 3818 3377 3882 ἐπίσκοπος.
3427 3820 3514 3875 Ἐν
3563 3819 3635 3889 τῇ
3684 3821 3783 3872 τοῦ

2120 3911 2357 3986 Χριστοό
2415 3907 2473 3965 δὲ
2524 3909 2942 3986 προσκαρτερῶν
3005 3907 3291 3980 ἐκκλησίᾳ,
3352 3907 3443 3962 καὶ
3529 3904 3782 3967 πολλοὺς

2119 4003 2229 4054 τῶν
2257 3997 2546 4070 Ἐλλήνων
2601 3996 2690 4054 διὰ
2734 4006 2834 4068 τῆς
2875 3997 3237 4060 διδασκαλίας
3299 3997 3466 4053 αὐτοῦ
3521 3995 3780 4068 ἐπιστρέ-

2123 4110 2237 4166 φων
2262 4088 2350 4142 ἐπὶ
2398 4089 2488 4142 τὸν
2541 4088 2764 4163 Κύριον,
2826 4088 3100 4163 ἐκρατήθη
3165 4087 3270 4143 ὑπὸ
3313 4090 3422 4141 τῶν
3476 4083 3783 4140 εἰδωλολα-

2121 4181 2288 4252 τρῶν.
2323 4177 2419 4232 Καὶ
2451 4177 2640 4253 ἀχθεὶς
2693 4177 2768 4240 εἷς
2821 4179 2982 4250 μέσον
3034 4181 3130 4232 τοῦ
3190 4174 3372 4249 δήμου
3419 4178 3528 4230 τῶν
3587 4180 3789 4230 Καισα-

2127 4268 2286 4343 ρὲων,
2341 4265 2543 4344 ἐτύφθη
2605 4264 2865 4342 ἀφειδῶς.
2949 4266 3084 4324 Εἶτα
3167 4265 3512 4342 κρεμασθεὶς,
3603 4262 3789 4336 ἐξὲσθη

2126 4356 2388 4431 ἰσχυρῶς·
2421 4357 2512 4410 καὶ
2559 4357 2692 4429 μετᾶ
2735 4361 2906 4411 ταῦτα
2963 4355 3019 4410 ἐν
3079 4361 3199 4419 τοῖς
3251 4359 3352 4410 τοῦ
3411 4353 3629 4430 χαλκοῦ
3693 4373 3792 4426 με·

2125 4444 2356 4507 τάλλοις
2419 4444 2710 4519 χαλκεύειν
2769 4441 3151 4514 κατεδικάσθη.
3223 4445 3311 4501 Ἐν
3393 4445 3476 4507 οἷς
3554 4441 3793 4498 πλεῖστα

2125 4537 2488 4610 τιμωρηθεὶς,
2519 4537 2731 4592 καὶτὸν
2761 4537 3000 4611 Χριστὸν
3044 4534 3107 4592 ού
3164 4535 3326 4610 μόνον
3373 4533 3670 4609 ὁμολογεῖν
3708 4535 3788 4606 μὴ

361 4619 455 4685 iis,
493 4619 593 4690 qui
625 4634 760 4674 cum
786 4619 915 4689 ipso
945 4625 1132 4685 erant,
1165 4636 1369 4675 verum
1392 4621 1577 4675 Deum
1607 4621 2005 4688 annuntiaret,

2127 4630 2494 4701 παυσάμενος,
2553 4625 2702 4683 ἀλλὰ
2757 4628 2845 4683 καὶ
2908 4624 3134 4696 ἄλλοις,
3193 4626 3282 4682 καὶ
3367 4625 3612 4700 μάλιστα
3665 4630 3789 4688 τοῖς

363 4725 484 4764 una
515 4724 651 4763 cum
683 4709 816 4764 aliis
847 4708 1240 4782 quadraginta
1263 4710 1642 4784 martyribus,
1665 4712 1766 4783 qui
1783 4710 1856 4768 ab
1888 4712 2018 4783 ipso

367 4798 557 4853 edocti
587 4797 843 4866 fuerant,
878 4797 1067 4870 capite
1097 4797 1486 4855 obtruncatus
1514 4799 1646 4856 fuit.

367 5023 436 5079 Et
465 5027 736 5080 ccrtamen
763 5024 1104 5147 sacrosanfti
1131 5024 1391 5105 martyris
1421 5022 1661 5092 Olbiam',
1696 5029 1748 5078 et
1777 5023 2021 5094 discipu-

1047 5110 1202 5147 orum
1231 5111 1368 5147 eius.

1047 5110 1202 5149 orum
1231 5111 1368 5164 ejus.

439 5211 746 5279 Olbianus,
793 5211 1026 5268 divinus
1067 5217 1487 5283 sacromartyr,
1537 5211 1850 5284 episcopus
1889 5212 2020 5282 fuit,

368 5303 722 5358 Maximiano
746 5303 1099 5373 imperante,
1124 5308 1300 5372 atque
1323 5301 1550 5356 Eliano
1574 5302 1726 5356 Asiae
1750 5303 2023 5375 praeside.

370 5392 513 5448 Cum
539 5398 735 5446 autem
768 5391 1012 5462 quidam
1071 5391 1369 5447 idJlorum
1430 5391 1728 5460 sacerdos,
1780 5394 2024 5449 nomine

372 5481 752 5553 Agrippinus.
788 5478 1146 5534 sacrificium
1177 5479 1394 5534 Iunoni
1444 5480 1704 5546 oﬂ‘erret,
1755 5496 2025 5552 compre-

375 5568 600 5623 hensus
623 5576 678 5624 et
711 5569 858 5639 ipse,
911 5566 1259 5638 adigebatur
1303 5568 1639 5624 sacriﬁcare
1683 5575 1860 5640 atque
1909 5585 2027 5626 arm

381 5655 516 5711 thus
535 5657 795 5713 adolere.
826 5658 1041 5712 Verum
1067 5656 1166 5712 ille
1191 5657 1394 5712 multis
1409 5659 1776 5731 argumentis
1796 5660 2028 5731 piisque

387 5748 762 5803 sermonibus
792 5749 1189 5806 Christianam
1220 5749 1464 5821 quidem
1495 5750 1675 5808 ﬁdem
1707 5751 1982 5809 exaltavit
2016 5795 2030 5821 ,

2134 4717 2271 4792 μετᾶ
2298 4718 2463 4773 αὐτοῦ
2495 4718 2613 4773 οὖσι
2653 4719 2781 4774 Θεὸν
2833 4715 3120 4793 κηρύττων
3171 4715 3465 4786 ἀληθινὸν,
3514 4717 3652 4790 μετά
3698 4716 3798 4771 καὶ

2129 4805 2318 4864 ἄλλων
2368 4808 2766 4880 τεσσαράκοντα
2826 4809 3117 4881 μαρτύρων
3175 4809 3286 4862 τῶν
3331 4807 3420 4862 ὑπ’
3481 4805 3648 4861 αὐτοῦ
3705 4803 3799 4860 δι-

2131 4893 2468 4972 δαχθέντων,
2500 4894 2639 4974 ξίφει
2669 4897 2769 4967 τήν
2803 4894 3046 4971 κεφαλὴ
3079 4895 3396 4969 ἀπετμήθη.

2131 5022 2231 5077 Kal
2261 5018 2496 5093 ἄθλησις
2536 5025 2634 5077 τοῦ
2684 5020 2840 5096 ἁγίου
2872 5021 3292 5097 Δἱερομιοὶρςιτυρος
3341 5017 3653 5091 Ὀλϐιανοῦ,
3702 5021 3795 5076 καὶ

2646 5093 2756 5148 τῶν
2789 5093 3047 5168 μαθητῶν
3079 5093 3264 5150 αὐτοῦ.

2207 5208 2516 5282 Ὀλῦιανὸς,
2565 5214 2592 5268 ὁ
2647 5218 2789 5278 θεῖος
2842 5213 3195 5288 ἱερομάρτυς,
3248 5212 3540 5275 ἐπίσκοπος
3587 5213 3656 5283 ἦν
3705 5211 3800 5268 ἐπὶ

2133 5303 2475 5376 Μαξιμιανοῦ
2506 5305 2602 5356 τοῦ
2637 5300 2936 5378 βασιλέως,
2977 5299 3414 5377 ἡγεμονεύοντος
3458 5304 3554 5370 τῆς
3610 5300 3800 5365 Ἀσίας

2134 5391 2423 5450 Αἷλιανοῦ.
2479 5392 2846 5466 Ἀγριππίνου
2904 5388 2962 5446 δέ
3013 5411 3160 5454 τινος
3219 5391 3409 5467 ίερέως
3469 5391 3628 5454 ὄντος
3681 5396 3793 5448 τῶν

2141 5478 2414 5550 εἰδώλων,
2475 5479 2659 5535 θυσίαν
2719 5479 3104 5543 ἐπιτελοῦντος
3157 5483 3226 5555 τῇ
3285 5481 3450 5555 Ἥρᾳ,
3508 5481 3808 5555 κρατηθεὶς

2136 5569 2468 5646 ἠναγκάζετο
2528 5573 2708 5636 θῦσαι,
2794 5567 2883 5624 καὶ
2963 5563 3266 5623 λιϐκνωτὸν
3353 5562 3634 5624 ἐπιϐαλεῖν
3720 5572 3803 5641 τῷ

2144 5661 2341 5737 βωμῷ.
2373 5660 2434 5716 Ὁ
2467 5656 2524 5714 δὲ
2553 5657 2790 5720 πολλαῖς
2825 5658 3117 5722 ἀντιθέσεσι
3169 5657 3261 5713 καὶ
3312 5657 3504 5735 λόγοις
3555 5654 3794 5714 εὐσεϐέσι

2142 5750 2240 5820 τὴν
2275 5750 2370 5823 μὶν
2402 5749 2537 5805 κατὰ
2584 5747 2819 5823 Χριστὸν
2868 5747 3050 5804 πίστιν
3097 5747 3338 5824 ἐξυμνῶν
3387 5746 3476 5804 καὶ
3537 5746 3802 5821 ἐπαινῶν,
