4108 6428
329 374 456 435 437
1918 372 1964 433 Μ

2081 371 2188 434 US.
3647 374 3767 433 438

330 499 433 568 τὴν
466 497 527 556 δὲ
552 504 664 556 τῶν
694 497 941 556 εἰδώλων
974 503 1264 575 θρησκείαν
1311 502 1574 573 κακίζων,
1621 504 1709 559 καὶ
1763 497 1961 559 διαϐάλ

2111 509 2169 559 et
2217 503 2612 573 collaudavit;
2675 504 3161 576 superstitionem
3212 509 3411 558 autem
3466 502 3765 559 idolorum

332 586 475 655 λων,
511 595 734 665 πρῶτον
767 591 862 663 μὶν
894 586 1174 653 σουϐλίοις
1222 593 1639 665 πεπυρωμένοις
1682 594 1750 648 τὰ
1796 590 1964 669 σπλάγ

2106 593 2333 649 cultum
2364 594 2681 667 depressit,
2715 601 2773 649 et
2801 592 3124 650 damnavit.
3159 594 3531 666 QuaprOpter
3565 594 3765 667 ignitis

332 699 443 754 χνα
486 679 578 736 καὶ
634 682 703 736 τά
759 681 870 755 ψύα
921 679 1236 739 διακαίεται.
1297 682 1427 739 Εἶτα
1480 677 1703 757 ῥάϐδοις
1760 681 1964 755 ἀφειδῶ

2104 684 2364 753 primum
2397 684 2627 739 subulis
2649 684 2873 739 viscera
2903 686 3053 756 ejus,
3079 690 3136 739 et
3166 683 3358 739 lumbi
3390 684 3762 739 aduruntur:

328 769 617 839 τύπτεται,
676 769 767 824 καὶ
823 773 893 842 τῇ
940 768 1157 847 φυλακῇ
1233 768 1614 845 παραδίδοται.
1676 766 1964 842 Ἐκϐληθεὲ

2102 772 2279 845 virgis
2336 772 2553 829 deinde
2602 772 2925 829 crudeliter
2971 772 3338 839 verberatus,
3367 773 3429 827 in
3463 788 3763 829 carcerem

332 855 393 913 δὲ
431 860 568 932 μετᾶ
594 863 760 914 τοῦτο
811 860 910 927 τῆς
956 858 1231 936 φυλακῆς,
1284 860 1376 915 καὶ
1422 859 1589 915 πάλιν
1638 859 1960 935 ἀναγκασθεί

2101 860 2475 917 detruditur:
2514 868 2721 935 postea
2766 878 2903 917 vero
2963 879 3033 918 ex
3091 878 3329 919 carcere
3390 862 3661 928 eductus,
3693 878 3762 918 ac

330 949 667 1023 ἀρνήσασθαι
702 950 799 1021 μὶν
829 948 923 1004 τὸν
950 950 1204 1023 Χριστὸν,
1238 954 1391 1015 θῦσαι
1424 947 1481 1006 δε
1540 954 1657 1013 τοῖς
1711 947 1964 1013 εἷδώλοις

2100 950 2295 1006 denuo
2327 951 2673 1023 compulsus
2703 950 3002 1008 Christum
3026 950 3342 1025 abnegare,
3375 956 3435 1008 et
3464 950 3641 1007 idolis
3674 966 3762 1006 sa-

329 1038 426 1093 καὶ
460 1041 541 1111 μή
586 1038 849 1108 πεισθεὶς,
903 1037 1036 1113 μετά
1080 1043 1189 1094 τῶν
1244 1044 1501 1113 μαθητῶν
1548 1037 1712 1095 αὐτοῦ
1752 1040 1850 1108 τήν
1904 1036 1964 1093 δικ

2097 1041 2388 1113 crificare,
2422 1058 2558 1099 cum
2590 1041 2651 1097 id
2675 1041 2869 1099 facere
2899 1049 3255 1111 recusasset,
3280 1058 3402 1100 una
3420 1058 3555 1099 cum
3586 1041 3761 1097 disci-

332 1128 503 1201 πυρὸς
563 1126 838 1197 ἀπόφασιν
898 1125 1136 1205 δέχεται.
1200 1131 1295 1185 Καὶ
1356 1128 1687 1208 ἀναφθείσης
1755 1126 1964 1202 καμίνο1

2096 1130 2255 1203 pulis
2286 1131 2411 1188 suis
2451 1131 2525 1188 ad
2584 1132 2782 1205 ignem
2836 1130 3154 1188 damnatus
3202 1137 3329 1188 est:
3390 1149 3457 1188 ac
3504 1131 3755 1203 proinde

328 1220 635 1290 καιομένης
688 1218 935 1294 μεγάλης
988 1216 1219 1294 σφόδρα,
1276 1221 1410 1293 μετά
1461 1219 1638 1275 αὐτῶν
1684 1214 1964 1293 ἐμϐληθεὶς

2094 1221 2317 1294 ingenti
2341 1220 2582 1279 fornace
2613 1238 2885 1292 accensa,
2919 1238 3041 1279 una
3072 1239 3208 1280 cum
3230 1221 3352 1279 illis
3372 1222 3435 1279 in
3457 1237 3587 1279 eam
3616 1238 3749 1295 pro-

318 1306 373 1362 ἐν
408 1305 573 1380 αὐτῇ,
607 1306 925 1378 ἐτελειώθη.

316 1427 419 1483 Καὶ
470 1425 705 1497 ἄθλησις
759 1430 858 1481 τοῦ
902 1425 1081 1503 μόῖζοί
1127 1427 1468 1503 ΙἿιιιηεινάρουν
1517 1427 1834 1503 ἡγουμένου
1881 1433 1983 1498 τῆς

832 1500 932 1554 τοῦ
958 1495 1237 1568 Μηδικίου
1256 1495 1467 1571 μονῆς.

390 1613 452 1670 Ὀ
483 1610 641 1675 ὅσιος
664 1611 985 1687 Νικηφόρος
1019 1611 1265 1686 ὑπῆρχεν
1317 1610 1410 1682 μὶν
1467 1610 1555 1666 ἐπὶ
1607 1616 1716 1667 τῶν
1766 1613 1981 1688 χρόνων

326 1703 435 1757 τῶν
492 1700 916 1778 Βίκονομάχων·
982 1700 1042 1756 ἐκ
1126 1700 1358 1778 βρέφους
1439 1698 1496 1756 δὲ
1568 1704 1818 1773 ποθήσας
1885 1704 1976 1758 τὸν

329 1792 696 1860 Χοιστὸν,καὶ
750 1794 892 1866 ὁρῶν
951 1793 1050 1861 τήν
1106 1789 1310 1865 αἳρεσιν
1369 1790 1762 1865 αὐξανομένην,
1820 1813 1980 1849 κατα-

2085 1310 2305 1382 jectus,
2325 1311 2507 1368 vitam
2538 1311 2749 1368 finivit.

2093 1426 2195 1482 84
2222 1430 2295 1483 Et
2323 1430 2591 1484 memoria
2619 1430 2796 1484 sancti
2846 1429 3167 1500 Nicephori,
3230 1429 3521 1498 hegumeni
3554 1443 3750 1485 mona-

2705 1502 2863 1557 sterii
2894 1501 3137 1557 Medicii.

2162 1607 2411 1663 Sanctus
2442 1608 2807 1681 Nicephorus
2838 1609 2981 1664 vixit
3028 1607 3395 1680 temporibus
3438 1608 3745 1663 Iconoma-

2088 1694 2357 1749 chorum.
2390 1697 2437 1749 A
2468 1696 2724 1767 pueritia
2753 1711 2890 1751 cum
2941 1696 3158 1752 Christi
3211 1711 3414 1751 amore
3444 1694 3742 1767 ﬂagraret,

2085 1781 2483 1855 haeresimque
2512 1783 2681 1841 valde
2696 1783 3011 1841 adauctam
3026 1784 3273 1852 videret,
3288 1784 3499 1840 relicto
3515 1782 3737 1840 mundo

332 1880 512 1938 λιπὼν
541 1883 628 1938 τὸν
660 1884 891 1955 κόσμον,
922 1883 1014 1938 καὶ
1060 1880 1128 1937 τὰ
1178 1880 1231 1936 ἐν
1278 1882 1494 1955 κόσμῳ,
1538 1882 1631 1937 καὶ
1674 1883 1964 1958 γενόμενος

2085 1878 2145 1927 et
2182 1872 2459 1928 omnibus
2490 1890 2622 1945 quae
2645 1874 2707 1930 in
2737 1889 2806 1929 eo
2838 1879 2997 1938 sunt,
3031 1873 3365 1929 monachus
3390 1871 3604 1936 factus.
3636 1888 3738 1928 se-

329 1973 590 2048 μοναχὸς,
623 1971 872 2042 ἀπῆλθεν
902 1970 957 2028 ἂν
987 1976 1105 2034 τοῖς
1137 1965 1302 2045 ὄρεσι,
1346 1973 1436 2025 καί
1486 1970 1752 2047 ἡσύχαζε,
1802 1993 1973 2048 προσ-

321 2066 516 2137 ευχαῖς
546 2063 638 2117 καὶ
685 2063 957 2136 νηστείαις
1012 2060 1328 2137 σχολάζων,
1385 2060 1475 2115 καὶ
1528 2064 1647 2133 Θεῷ
1696 2060 1829 2136 ὑπὲρ
1876 2065 1976 2133 τῆς

314 2151 715 2226 οίκουμενικῆς
770 2149 1145 2215 καταστάσεως
1192 2148 1665 2225 προσευχόμενος.
1717 2149 1975 2223 Γαληνη-

309 2241 489 2312 σάσης
547 2237 605 2296 δὲ
657 2242 851 2317 μικρὸν
907 2246 1006 2310 τῆς
1066 2239 1350 2314 αἱρέσεως,
1404 2235 1594 2312 πολλῇ
1628 2238 1971 2314 παρακλήσει

306 2329 421 2378 τῶν
488 2329 752 2399 μοναχῶν
808 2325 1045 2398 προέστη
1103 2331 1205 2394 τῆς
1252 2328 1349 2380 τοῦ
1424 2322 1698 2395 Μηδικίου
1777 2334 1970 2399 μονῆς.

306 2413 480 2475 Αὖθις
515 2411 575 2468 δί
625 2416 794 2469 κακοῦ
853 2412 1360 2489 ἀναρριπισθὲντος,
1415 2412 1504 2468 καὶ
1559 2417 1661 2478 τῆς
1715 2414 1972 2485 αἱρέσεως

306 2502 415 2557 ὑπὸ
472 2502 710 2566 Λέοντος
764 2508 863 2558 τοῦ
922 2498 1211 2565 δυσσεϐοῦς
1276 2502 1548 2577 βασιλέως
1625 2503 1973 2576 αὐξηθείσης,

302 2592 570 2662 ἐξωσθεὶς
600 2600 703 2662 τῆς
751 2592 993 2666 ποίμνης
1041 2593 1116 2655 ὡς
1174 2593 1559 2667 προσκυνητής
1612 2596 1718 2647 τῶν
1774 2593 1969 2648 πανσε-

306 2705 463 2739 πτων
520 2683 769 2752 εἰκόνων,
826 2682 916 2738 καὶ
970 2687 1090 2745 ταῖς
1174 2686 1282 2737 τῶν
1360 2682 1528 2757 ἀγίων
1605 2687 1966 2758 πατριαρχῶν

307 2773 567 2835 ἐντολαῖς
608 2771 897 2847 ἒπόμενος,
955 2776 1177 2848 πικραῖς
1230 2769 1461 2846 ἐξορίαις
1507 2766 1971 2842 καθυποϐληθεῖς,

304 2864 359 2921 ἐν
416 2865 805 2939 σκοτεινοτάτῃ
852 2862 1071 2943 φυλακῇ
1132 2860 1487 2933 ἀπεκλείσθη.
1540 2862 1712 2919 Ἔνθα
1757 2860 1847 2916 καὶ
1897 2862 1972 2924 ὡς

306 2958 528 3033 στερεὸς
560 2953 806 3027 ἀθλητὴς
840 2957 940 3025 τὴν
972 2954 1321 3030 ψυχόλεθρον
1356 2952 1567 3023 ἀπάτην
1618 2946 1968 3027 καταϐαλὼν,

309 3047 444 3119 πρὸς
473 3045 735 3120 Χριστὸν,
768 3041 825 3098 δν
850 3042 1135 3115 ἐπόθησεν,
1160 3038 1312 3115 ἒξεδή
1324 3061 1518 3115 μησεν.

303 3164 405 3221 Καὶ
449 3170 651 3239 μνήμη
708 3166 809 3218 τοῦ
865 3162 1021 3216 ὁσίου
1081 3159 1520 3239 Πατρὸςῌήμῶν
1572 3156 1816 3233 Ἱλαρίου
1870 3162 1968 3213 τοῦ

908 3234 1364 3307 Θαυματουργοῦ.

360 3349 606 3422 Ἱλάριος
639 3351 667 3404 ὁ
711 3347 1163 3422 Θαυματουργὸς,
1214 3344 1274 3400 ἐκ
1327 3348 1523 3420 νεαρᾶς
1580 3343 1805 3413 ἡλικίας
1858 3365 1966 3418 μο-

294 3440 469 3515 ναχὸς
502 3440 829 3514 γενόμενος,
877 3438 969 3492 καὶ
1024 3438 1119 3492 τὸν
1180 3435 1407 3510 σταυρὸν
1455 3435 1625 3490 αὐτοῦ
1670 3432 1754 3489 ἔπ’
1799 3432 1968 3507 ὢμων

301 3531 600 3600 ἀράμενος,
632 3532 712 3601 τῷ
744 3525 1109 3602 παυρωθέντι
1167 3521 1237 3579 δι’
1285 3526 1436 3597 ἡμᾶς
1494 3522 1737 3597 Δεσπότῃ
1796 3544 1964 3593 κατη-

303 3616 660 3686 κολούθησεν·
692 3616 781 3673 καὶ
836 3618 907 3671 τὰ
957 3613 1103 3686 πάθη
1159 3620 1260 3684 τῆς
1308 3613 1509 3688 σαρκὸς
1571 3613 1837 3684 ὑποτάξας
1896 3609 1964 3667 δι’

2082 1962 2262 2018 cessit
2290 1962 2353 2018 in
2383 1968 2638 2029 montes,
2683 1963 2919 2036 egitque
2948 1963 3130 2019 vitam
3162 1962 3571 2034 tranquillam,
3604 1977 3739 2017 ora-

2085 2052 2347 2109 tionibus
2376 2070 2444 2109 ac
2476 2054 2729 2126 jejuniis
2787 2069 3020 2118 vacans,
3082 2069 3119 2109 a
3175 2054 3292 2109 Deo
3342 2069 3448 2124 pro
3500 2050 3742 2123 publica

2082 2143 2291 2199 mundi
2310 2144 2506 2215 quiete
2531 2160 2736 2216 preces
2754 2146 3031 2199 offerens.
3058 2143 3280 2199 Deinde
3300 2142 3504 2199 sedata
3532 2141 3741 2214 paulu-

2082 2233 2209 2289 lum
2225 2234 2457 2301 haeresi,
2474 2234 2785 2290 monachis
2802 2235 2971 2289 enixe
2987 2234 3354 2306 rogantibus,
3375 2231 3737 2289 monasterio

2082 2322 2313 2379 Medicii
2347 2322 2603 2394 praefuit.
2639 2326 2854 2379 Verum
2888 2340 2958 2379 ea
2988 2324 3083 2378 lue
3115 2324 3332 2378 iterum
3384 2320 3740 2377 recurudes-

2083 2419 2276 2475 cente.
2301 2419 2479 2484 atque
2502 2413 2740 2479 hmresi,
2769 2414 2981 2469 Leonis
3003 2412 3172 2485 impii
3203 2412 3580 2485 imperatoris
3600 2416 3745 2466 tem-

2082 2500 2351 2573 poribus,
2381 2501 2534 2557 vires
2563 2508 2927 2569 resumente,
2952 2518 2986 2557 a
3014 2518 3189 2574 grege
3213 2519 3318 2557 suo
3348 2500 3629 2573 expulsus
3654 2504 3746 2555 est

2082 2596 2364 2661 tanquam
2399 2591 2875 2646 venerandarum
2907 2591 3233 2663 imaginum
3265 2590 3477 2656 cultor,
3512 2594 3571 2645 et
3601 2604 3741 2644 san-

2081 2685 2313 2735 ctorum
2345 2680 2819 2752 patriarcharum
2846 2681 3158 2752 praeceptis
3188 2680 3491 2735 inhaerens
3517 2695 3529 2734 :
3563 2694 3738 2735 acer-

2079 2767 2290 2840 bisque
2331 2770 2616 2825 aerumnis
2647 2769 2973 2843 subjectus,
3005 2770 3068 2825 in
3118 2769 3501 2825 tenebrosum
3532 2784 3735 2825 carce.

2078 2874 2207 2913 rem
2240 2857 2614 2914 detruditur:
2648 2858 2749 2913 ubi
2782 2865 3065 2931 tanquam
3108 2858 3470 2915 fortissimus
3509 2857 3736 2914 athleta

2079 2964 2213 3004 cum
2255 2948 2662 3020 perniciosum
2718 2948 2935 3003 animai
2966 2948 3200 3003 illatum
3237 2964 3500 3004 errorem
3530 2947 3733 3003 detur-

2078 3037 2298 3105 basset,
2332 3036 2404 3094 ad
2435 3038 2755 3108 Christum,
2780 3054 2959 3109 quem
2985 3042 3305 3110 optaverat,
3332 3038 3658 3109 emigravit.

2076 3157 2149 3211 Et
2194 3156 2463 3211 memoria
2515 3157 2696 3211 sancti
2747 3157 2935 3211 Patris
2988 3158 3163 3211 nostri
3211 3155 3422 3210 Hilarii
3452 3153 3731 3210 Thauma-

2820 3228 2993 3297 turgi.

2148 3334 2406 3391 Hilarius
2464 3335 2956 3404 Thaumaturgus,
3018 3335 3081 3389 in
3112 3334 3304 3405 primo
3358 3334 3550 3389 astatis
3582 3336 3729 3389 ﬂore

2074 3423 2406 3479 monachus
2434 3424 2647 3490 factus,
2680 3439 3037 3494 crucemque
3060 3439 3229 3477 suam
3248 3439 3427 3494 super
3446 3423 3731 3478 humeros

2073 3512 2370 3585 bajulans,
2402 3512 2754 3568 cruciﬁxum
2796 3529 2902 3584 pro
2933 3511 3106 3566 nobis
3137 3512 3457 3567 Dominum
3490 3517 3727 3567 secutus

2072 3608 2181 3661 est.
2214 3604 2359 3658 Cum
2392 3609 2591 3657 autem
2623 3603 2820 3657 carnis
2837 3600 3183 3657 affectiones
3201 3601 3572 3657 continentia
3598 3600 3731 3656 sub-

310 3704 653 3778 ἆγκρατείας,
682 3705 731 3760 ἰν
760 3706 961 3767 πάσαις
994 3705 1210 3780 ἀρεταῖς
1238 3703 1366 3765 τοὺς
1422 3700 1704 3777 μοναχοὺς
1762 3703 1964 3765 πάντας

2081 3692 2332 3762 iecisset,
2366 3692 2428 3746 in
2480 3692 2760 3747 omnibus
2789 3691 3104 3746 virtutibus
3156 3689 3482 3745 monachos
3513 3706 3727 3745 omnes

311 3791 581 3863 ἐνίκησεν.
643 3796 721 3851 Ἐν
799 3792 1196 3865 σκοτεινοτάτιρ
1277 3791 1379 3867 γὰρ
1463 3790 1696 3864 οἰκίσκῳ
1774 3790 1962 3846 ἑαυτὸν

306 3883 662 3953 ἀποκλείσας,
719 3886 809 3939 καὶ
866 3882 969 3957 ἔξω
1045 3875 1283 3957 θορύϐου
1367 3880 1563 3943 παντὸς
1649 3880 1961 3956 γενόμενος,

299 3972 667 4047 ἕλαμπρύνθη
725 3978 795 4048 τῇ
851 3972 1098 4045 ἀπαθείᾳ,
1167 3973 1261 4027 Διὸ
1316 3971 1407 4027 καὶ
1484 3978 1585 4041 τῆς
1666 3972 1964 4045 ἱερωσύνης

294 4063 766 4135 κατηξιώθη,καί
815 4067 915 4119 τοῦ
974 4062 1228 4136 θαύματα
1284 4058 1578 4116 ἐπιτελεῖν·
1641 4061 1803 4130 ζώοις
1860 4062 1961 4138 γὰρ

294 4151 531 4227 ἱπετέμα
586 4148 1031 4209 καταϐλάπτουσι
1088 4152 1156 4207 τά
1212 4151 1462 4226 φυόμενα
1510 4149 1812 4225 σπίρματα,
1871 4150 1961 4206 καὶ

295 4241 599 4299 ἀπεδίωκεν
632 4242 766 4298 αὐτα
796 4242 857 4298 ἐκ
901 4246 999 4298 τοῦ
1057 4241 1254 4316 ἀγροῦ,
1311 4238 1401 4295 καὶ
1458 4241 1646 4315 πηγὴν
1708 4239 1962 4315 χαλάζης

294 4331 367 4389 δι’
400 4335 576 4409 εύχῆς
610 4330 907 4402 ἀνέστειλε,
938 4333 1031 4388 καὶ
1089 4339 1194 4407 γῆν
1246 4329 1489 4406 διψῶσαν
1549 4326 1783 4405 ὄμϐροις
1833 4330 1961 4386 ἐπό-

291 4442 428 4478 τισε·
462 4423 558 4478 καὶ
604 4422 731 4499 ῥοῦν
784 4423 1078 4495 ποτάμιον,
1123 4422 1197 4484 ὡς
1229 4422 1257 4476 ὁ
1287 4422 1577 4497 προφήτης
1626 4420 1959 4489 Ἐλισσαῖος,

292 4508 606 4586 διέῤῥηξεν,
660 4510 752 4565 καὶ
805 4511 971 4586 ξηρὰν
1028 4514 1192 4585 χεῖρα
1248 4508 1546 4583 ἀνθρώπου
1602 4507 1812 4579 ἰάσατο,
1869 4508 1959 4564 καὶ

2072 3781 2389 3853 superavit.
2431 3782 2576 3837 Nam
2629 3782 2692 3836 in
2750 3780 3005 3836 obscura
3059 3779 3424 3836 domuncula
3463 3780 3725 3851 seipsum

2070 3870 2405 3938 includens,
2439 3876 2497 3926 et
2526 3870 2734 3942 procul
2771 3870 2844 3926 ab
2876 3871 3041 3926 omni
3074 3869 3325 3941 strepitu
3372 3868 3586 3937 factus,
3613 3869 3725 3925 im-

2069 3959 2461 4033 perturbabili
2480 3960 2678 4015 animo
2696 3959 2929 4015 claruit.
2954 3957 3351 4025 Quamobrem
3374 3963 3433 4013 et
3454 3956 3722 4014 sacerdo-

2070 4050 2149 4106 tio
2199 4049 2412 4123 dignus
2452 4049 2583 4117 fuit,
2645 4055 2704 4105 et
2756 4049 3046 4105 miracula
3098 4047 3367 4120 patravit.
3422 4046 3726 4103 Animalia

2069 4138 2252 4207 enim,
2277 4156 2408 4210 quas
2440 4140 2824 4194 nascentibus
2847 4137 3175 4194 seminibus
3204 4136 3522 4205 nocebant,
3545 4136 3730 4191 incre-

2067 4230 2245 4301 pavit,
2277 4243 2465 4299 eaque
2497 4244 2566 4283 ex
2597 4244 2735 4300 agro
2766 4227 3023 4299 repulit:
3058 4232 3117 4281 et
3146 4225 3370 4281 fontem
3414 4225 3723 4297 grandinis

2067 4319 2218 4373 fusis
2248 4316 2525 4389 precibus
2556 4317 2878 4387 repressit:
2936 4316 3238 4371 sitientem
3265 4321 3485 4369 terram
3517 4313 3725 4369 imbri-

2069 4406 2181 4462 bus
2208 4406 2516 4479 irrigavit:
2550 4404 2795 4469 ﬂuenta,
2829 4405 3021 4459 instar
3045 4403 3242 4458 Elisaai
3273 4403 3599 4476 prophetas,
3634 4402 3724 4457 di-

2068 4496 2269 4567 rupit:
2313 4493 2540 4550 aridam
2597 4493 2910 4565 cujusdam
2963 4508 3213 4549 manum
3272 4492 3537 4549 curavit:
3571 4508 3726 4547 caeco

290 4580 493 4676 τυςρλῷ
546 4599 610 4654 τὸ
673 4580 893 4675 βλέπειν
954 4580 1272 4675 ἐχαρίσατο,
1326 4580 1415 4653 καὶ
1470 4595 1665 4686 ἕτερα-
1706 4598 1953 4671 θαύματα

2081 4584 2261 4640 visum
2294 4583 2591 4638 restituit:
2625 4582 2870 4638 claudos
2909 4581 3214 4637 ambulare
3268 4580 3442 4637 fecit:
3472 4597 3726 4653 cumque

297 4690 539 4747 πλεῖστα
567 4691 826 4763 ποιήσας,
857 4688 911 4745 ἐν
945 4687 1138 4767 εἲρήνη
1170 4688 1307 4763 πρὸς
1338 4686 1534 4763 Κύριον
1563 4683 1713 4761 ὶξεδή
1725 4709 1915 4762 μησεν.

847 4879 995 4936 ΜΗΝ
1002 4880 1024 4937 Ι
1060 4884 1149 4937 ΤΩ
1189 4882 1382 4935 ΔΠΩ.

1098 4972 1154 5023 ε,

535 5059 809 5134 Ι’Δθλησις
839 5067 940 5131 τῆς
967 5060 1122 5136 ἁγίας
1156 5059 1427 5138 μάρτυρος
1459 5060 1722 5136 Εἰρήνης,

367 5188 607 5264 Εἰρήνη,
639 5190 674 5257 ἡ
706 5192 803 5243 τοῦ
852 5188 1091 5262 Χριστοῦ
1153 5187 1379 5262 μάρτυς,
1434 5184 1506 5254 ἦν
1563 5184 1805 5260 θυγάτηρ
1856 5193 1955 5243 Δι-

286 5280 501 5335 κιννίου
556 5276 905 5354 βασιλίσκου’
968 5272 1242 5351 εὔμορφος
1299 5272 1358 5329 δὲ
1416 5273 1766 5350 ὑπάρχουσα,
1826 5272 1957 5329 απε-

280 5369 520 5438 κλείσθη
553 5368 701 5438 παρὰ
748 5370 847 5420 τοῦ
897 5365 1103 5439 πατρὸς
1156 5363 1327 5429 αὐτῆς
1385 5361 1438 5418 εν
1490 5362 1681 5439 πύργῳ
1733 5362 1953 5437 ὑψηλῷ,

284 5457 338 5530 ἔξ
372 5458 510 5515 ἑτῶν
540 5455 693 5525 οὖσα,
751 5454 888 5529 μετά
945 5451 1212 5509 δοτΛίδων
1272 5448 1400 5507 δίκα
1452 5452 1541 5508 καὶ
1590 5457 1780 5527 τριῶνο
1826 5453 1879 5507 ἐν
1910 5451 1958 5527 ᾧ

284 5549 559 5626 ἐδιδάχθη
597 5548 700 5603 ὑπὸ
760 5549 858 5601 οοῦ
917 5544 1063 5600 θείου
1117 5543 1360 5618 ἀγγέλου
1410 5544 1477 5597 τὰ
1537 5545 1811 5618 μυστήρια
1862 5548 1956 5599 τοῦ

291 5648 447 5700 Θεοῦ.
481 5640 586 5698 Καὶ
624 5638 761 5708 μετά
819 5635 1037 5709 μικρὸν,
1087 5634 1343 5698 ἐλθόντος
1390 5634 1663 5706 Τιμοθέου
1712 5635 1957 5707 μαθητοῦ

286 5732 485 5811 τοῦγίο
512 5732 581 5787 de
610 5724 932 5786 ἀποστόλου
961 5722 1207 5792 Παύλου,
1239 5717 1531 5793 ιϐαπτίσθη
1588 5722 1677 5778 ὑπ’
1729 5722 1958 5779 εκείνού.

2070 4673 2330 4747 plurima
2359 4672 2477 4729 alia
2524 4672 2814 4729 miracula
2869 4676 3290 4744 perpetrasset,
3354 4671 3416 4726 in
3473 4688 3618 4742 pace
3651 4671 3725 4727 ad

2066 4763 2384 4819 Dominum
2415 4763 2706 4834 migravit.

2623 4871 2713 4927 EO
2723 4872 2863 4926 DEM
2904 4870 3157 4926 MENSE.

2726 4961 2831 5016 Die
2859 4961 3069 5031 quinta

2284 5051 2381 5109 85
2442 5052 2729 5107 Certamen
2757 5057 2962 5105 sanctae
2990 5051 3174 5106 Irenes
3220 5050 3505 5121 martyris.

2139 5170 2307 5225 Irene
2360 5167 2575 5223 Christi
2627 5174 2871 5240 martyr,
2933 5167 3057 5223 ﬁlia
3108 5166 3222 5221 fuit
3277 5166 3483 5221 Licinii
3514 5166 3728 5239 reguli.

2068 5259 2214 5314 Cum
2245 5263 2445 5313 autem
2478 5262 2636 5312 esset
2654 5256 2936 5320 formosa,
2960 5273 2995 5312 a
3023 5262 3191 5329 patre
3222 5271 3328 5309 suo
3357 5253 3589 5309 inclusa
3612 5253 3725 5309 fuit

2069 5372 2203 5412 cum
2250 5356 2537 5412 tredecim
2596 5356 2833 5411 ancillis
2885 5355 2946 5409 in
3006 5354 3241 5411 excelsa
3272 5352 3441 5417 turri,
3496 5357 3727 5406 sextum

2069 5456 2259 5511 aetatis
2291 5471 2515 5511 annum
2546 5470 2747 5525 agens.
2777 5453 2861 5509 Ibi
2892 5469 2926 5508 a
2956 5452 3153 5507 divino
3196 5450 3407 5522 angelo
3438 5448 3721 5519 mysteria

2068 5544 2171 5600 Dei
2202 5544 2431 5608 edocta.
2460 5561 2580 5599 non
2630 5544 2731 5599 diu
2764 5549 2949 5615 posta
2974 5541 3300 5596 Timothaao
3330 5539 3518 5593 sancti
3554 5538 3720 5592 Pauli

2068 5635 2322 5706 apostoli
2355 5635 2668 5707 discipulo,
2702 5634 2803 5705 qui
2834 5633 2977 5688 illuc
3006 5631 3345 5691 advenerat,
3376 5628 3491 5682 fuit
3530 5626 3723 5699 bapti-

2070 5730 2214 5780 zata.
2247 5724 2415 5781 Idola
2451 5741 2609 5793 vero,
2644 5739 2777 5795 quas
2833 5727 3000 5792 pater
3047 5718 3160 5774 sibi
3209 5716 3475 5785 dederat,
3509 5721 3575 5771 ut
3620 5716 3725 5774 illa
