4108 6434
358 408 477 471 439

1683 419 2110 480 MENOLOGII
2157 422 2359 485 PARS
2404 427 2513 487 ΙΙῐ.

3650 436 3774 494 440

369 545 666 611 adoraret,
698 549 990 611 contrivit.
1023 564 1091 605 ac
1121 549 1401 606 deorsum
1435 552 1703 625 projecit.
1739 553 2025 619 Quocirca

2157 556 2225 610 ιαὶ
2280 559 2612 634 συντρίψασα
2666 561 2732 617 τά
2778 560 2987 619 εἴδωλα
3016 563 3050 619 ὀί
3085 558 3284 620 ἔδωκεν
3340 563 3477 640 αὐτῇ
3527 567 3556 622 6
3604 568 3791 643 πατὴρ

370 644 541 709 pater
570 641 776 709 iratus,
810 656 939 695 eam
980 640 1162 695 feroci
1207 656 1357 713 equo
1387 642 1673 715 alligavit,
1700 650 1765 699 ut
1803 644 1885 699 ita
1928 645 2021 698 in—

368 729 757 785 terﬁceretur.
778 733 849 784 At
869 730 973 784 illa
986 730 1220 785 nullum
1243 731 1381 787 inde
1409 732 1838 788 detrimentum
1852 748 2026 804 passa

365 824 522 871 csset
544 834 559 883 ;
580 824 749 888 pater
770 834 903 873 vero
936 819 1186 888 interiit,
1219 836 1370 891 equo
1404 838 1646 877 manum
1670 822 1799 894 ejus
1824 836 2026 875 morsu

369 906 679 961 avellente.
732 909 877 963 Tum
911 913 1081 964 lrene
1137 909 1287 965 fusis
1342 910 1416 966 ad
1480 911 1666 966 Deum
1726 909 2027 982 precibus,

363 995 561 1067 ipsum
605 996 679 1051 ad
743 997 920 1052 vitam
973 1000 1298 1055 revocavit:
1359 1017 1543 1071 quare
1599 1000 1854 1055 credidit
1907 1000 2027 1054 Deo

367 1100 502 1139 cum
528 1102 732 1155 uxore,
759 1093 818 1142 et
845 1087 981 1143 aliis
1013 1088 1250 1143 circiter
1274 1089 1461 1144 tribus
1484 1089 1768 1144 millibus.
1804 1090 2026 1144 Rursus

367 1181 566 1230 autem
612 1179 1046 1250 comprehensa
1073 1179 1250 1251 jussu
1279 1181 1617 1251 Ampeliani
1650 1179 1942 1252 prresidis,
1974 1182 2032 1232 et

371 1266 806 1338 multiplicibus
841 1268 1151 1324 tormentis
1177 1270 1533 1338 excruciata,
1566 1286 1702 1325 cum
1732 1268 2031 1324 Christum

373 1354 666 1429 abuegare
699 1362 1055 1427 recusasset,
1088 1358 1285 1431 gladio
1317 1346 1688 1426 obtruncata,
1717 1364 1776 1413 et
1800 1357 2034 1430 sepulta

369 1443 503 1501 fuit.

947 1652 1189 1709 EODEM
1220 1656 1365 1710 ΜΕΝ
1372 1655 1473 1711 SE.

1055 1744 1159 1800 Die
1195 1750 1362 1800 sexta

383 1848 650 1905 Memoria
676 1850 779 1905 Job
807 1851 973 1919 Justi,
997 1857 1055 1906 et
1082 1851 1381 1907 multorum
1413 1851 1775 1907 certaminum
1790 1850 2034 1906 victoris.

369 1977 376 1981 ’
457 1976 670 2031 Beatus
700 1975 805 2030 Job
842 1981 969 2031 erat
999 1992 1068 2031 ex
1116 1975 1358 2049 regione
1408 1974 1717 2041 Ausitidis,
1743 1991 1875 2046 quas
1932 1975 2047 2029 sita

394 2069 485 2119 est
513 2064 573 2119 in
630 2064 849 2119 finibus
889 2064 1128 2134 Iudaeas,
1189 2070 1247 2121 et
1301 2064 1555 2135 Arabia,
1590 2064 1750 2120 ﬁlius
1784 2063 2049 2119 ﬁliorum

393 2153 566 2221 Esau,
598 2155 682 2209 ita
710 2160 776 2209 ut
796 2153 873 2209 sit
901 2155 1144 2225 quintus
1168 2154 1240 2209 ab
1274 2154 1593 2210 Abraham.
1618 2155 1809 2209 Antea
1829 2168 2049 2208 nomen

396 2243 449 2298 ei
480 2243 673 2298 fuerat
690 2244 876 2299 Joam.
912 2244 1291 2315 Pr0phetavit
1319 2251 1520 2299 autem
1566 2259 1755 2299 annos
1808 2242 2052 2315 triginta

396 2333 681 2404 quinque,
701 2333 1038 2405 Christique
1054 2333 1530 2388 incarnationem
1550 2332 1857 2404 praacessit
1876 2331 2050 2387 annis

391 2423 557 2477 mille
577 2424 894 2495 nongentis
918 2423 1123 2495 viginti
1142 2423 1427 2494 quinque.
1464 2423 1630 2477 Hunc
1653 2423 1757 2477 Dei
1790 2422 2051 2477 testimo-

390 2511 491 2565 nio
512 2511 744 2581 justum
766 2510 1154 2582 appellatum,
1192 2509 1472 2582 expetivit
1496 2510 1873 2579 diabolus,ut
1906 2509 2054 2565 afﬂi-

394 2603 576 2670 geret.
611 2601 757 2654 Cum
786 2606 985 2654 autem
1018 2600 1173 2655 Deus
1203 2599 1381 2654 vellet
1410 2598 1582 2654 illum
1611 2599 1798 2671 magis
1829 2598 2049 2671 glorio-

392 2704 524 2743 sum
555 2688 825 2757 reddere,
855 2688 1101 2745 tradidit
1121 2705 1258 2743 eum
1278 2688 1516 2744 diabolo
1544 2704 1557 2743 :
1583 2688 1685 2760 qui
1717 2703 1840 2743 non
1872 2687 2049 2743 modo

393 2793 531 2832 eum
559 2778 941 2834 facultatibus
963 2794 1030 2834 ac
1061 2778 1163 2834 86
1194 2778 1400 2833 liberis
1423 2777 1728 2850 spoliavit;
1749 2777 1853 2833 sed
1884 2783 1942 2832 et
1962 2778 2049 2849 ip-

394 2882 529 2921 sum
560 2867 784 2923 morbis
813 2869 1187 2940 aggrediens,
1218 2866 1562 2923 vulneribus
1593 2884 1661 2923 ac
1698 2867 1889 2939 plagis
1937 2882 2050 2922 un-

396 2954 576 3028 dique
597 2956 1079 3029 circumseptum,
1105 2958 1168 3012 in
1200 2957 1644 3029 sterquilinium
1666 2957 1903 3029 deJecit.
1936 2957 2048 3010 Ve-

394 3062 528 3101 rum
560 3052 801 3103 sanctus
830 3064 967 3103 cum
1014 3063 1224 3103 omnes
1252 3048 1617 3103 tentationes
1647 3046 2049 3116 sustinuisset,

398 3143 459 3192 et
486 3137 550 3192 in
576 3138 855 3193 omnibus
886 3139 1001 3193 Deo
1030 3138 1249 3209 gratias
1278 3138 1518 3209 egisset,
1548 3136 1854 3192 diabolum
1887 3151 2052 3192 sum-

394 3242 492 3282 mo
526 3226 739 3282 decore
771 3226 989 3281 aliecit.
1032 3229 1256 3281 Rursus
1313 3226 1494 3298 igitur
1546 3225 1729 3297 duplo
1788 3228 2063 3297 majores.

391 3316 627 3372 divitias
657 3332 837 3387 super
863 3322 1082 3371 terram
1130 3322 1458 3385 assecutus,
1491 3320 1551 3371 et
1594 3330 1842 3371 uxorem
1890 3315 2046 3371 acci-
2083 3310 2129 3375 C
2159 3310 2297 3416 ζὼν,

386 3406 582 3481 piens,
612 3423 679 3462 ac
710 3406 931 3461 liberos
960 3421 1303 3477 procreans,
1345 3421 1483 3461 cum
1512 3404 1585 3461 de
1613 3421 1781 3462 more
1812 3410 2045 3479 gratum

386 3513 451 3552 se
482 3497 605 3553 Deo.
633 3495 1020 3565 exhibuisset,
1052 3495 1290 3551 vivendi
1322 3496 1505 3551 ﬁnem
1534 3496 1698 3555 fecit.

564 3643 629 3697 Et
657 3644 920 3698 memoria
950 3642 1130 3698 sancti
1158 3642 1343 3698 Patris
1372 3642 1551 3698 nostri
1573 3640 1864 3697 Pachonii.

463 3788 715 3843 Sanctus
742 3788 918 3842 Pater
946 3793 1150 3841 noster
1194 3786 1552 3855 Pachonius,
1612 3785 2047 3858 persecutionis

396 3882 662 3948 tempore
690 3876 1181 3947 comprehensus,
1204 3874 1266 3929 in
1289 3892 1587 3932 carcerem
1612 3876 1889 3932 detrusus
1915 3876 2046 3934 fuit.

395 3967 541 4021 Cum
572 3974 770 4021 autem
801 3965 1071 4020 nondum
1102 3965 1374 4021 initiatus
1407 3971 1584 4033 esset,
1607 3982 1718 4022 nec
1738 3965 1891 4021 bene
1914 3964 2050 4038 dog-

394 4073 493 4112 ma
524 4055 661 4111 ﬁdei
693 4061 1093 4130 cognosceret,
1127 4056 1349 4129 rogavit
1373 4058 1581 4122 Deum,
1603 4063 1669 4112 ut
1695 4073 1755 4112 se
1787 4057 2046 4112 doceret.

394 4148 699 4204 Accedens
729 4148 909 4218 igitur
939 4147 1186 4225 angelus
1240 4146 1368 4213 Dei,
1400 4147 1564 4202 omni
1603 4146 1775 4202 illum
1804 4146 2048 4202 veritate

390 4236 689 4292 instruxii.
715 4237 859 4292 Cum
876 4253 1010 4293 vero
1030 4237 1367 4308 persecutio
1381 4243 1697 4305 cessasset,
1719 4237 2051 4292 solitariam

387 4328 567 4383 vitam
597 4327 907 4400 amplexus
934 4344 946 4381 :
980 4334 1156 4398 atque
1184 4329 1245 4381 in
1284 4327 1498 4383 virtute
1541 4326 1815 4398 profecit,
1847 4333 1913 4382 ut
1941 4342 2049 4383 an-

386 4420 502 4493 geli
535 4419 833 4489 colloquio
864 4417 1080 4490 dignus
1100 4417 1299 4484 fuerit,
1334 4424 1393 4472 et
1421 4417 1623 4472 abillo
1646 4416 1920 4473 ordinem
1952 4418 2048 4473 ha-

385 4510 695 4580 bitumque
727 4508 1160 4563 monachorum
1187 4506 1484 4561 didicerit.
1510 4506 1715 4561 Exillo
1747 4507 1910 4562 enim
1937 4508 2052 4562 for-

388 4607 617 4654 matum
657 4604 747 4653 est
795 4597 1129 4669 angelicum
1165 4596 1446 4651 solitaria
1505 4597 1636 4651 vitm
1681 4597 2044 4653 institutum.

2074 1933 2122 1998 Β

2139 644 2307 717 αὐτῆς
2359 656 2701 725 προσκυνεῖν,
2761 647 2949 729 ἔρῥιψε
3005 651 3174 710 κάτω.
3233 654 3368 713 Τότε
3441 655 3794 732 ὀργισθέντος

2138 739 2236 791 τοῦ
2267 739 2471 814 πατρὸς
2530 740 2723 812 αὐτῆς,
2783 739 3084 817 προσεδέθη
3135 744 3295 818 ἳππῳ
3353 745 3524 820 ἀγρίῳ
3579 746 3667 801 ἐπὶ
3723 747 3790 802 τὸ

2141 834 2487 902 φονευθῆναι.
2552 831 2655 887 Καὶ
2714 831 2849 902 αὐτὴ
2912 835 3007 906 μὲν
3086 831 3240 888 οὐδὲν
3316 832 3582 907 ἠδικήθη·
3642 836 3671 891 6
3733 833 3794 891 δὲ

2140 919 2323 992 πατὴρ
2382 918 2548 990 αὐτῆς
2605 922 2858 989 ἀπέθανε,
2930 927 3028 978 τοῦ
3101 922 3278 979 ἵππου
3354 921 3612 989 δακόντος
3687 927 3791 995 τὴν

2143 1012 2306 1083 χεῖρα
2349 1006 2512 1064 αὐτοῦ
2560 1009 2651 1065 καὶ
2709 1012 3111 1086 ἀποκόψαντος
3171 1016 3207 1083 ἡ
3268 1010 3326 1068 δὲ
3379 1016 3793 1089 προσευξαμένη

2141 1096 2428 1169 ἀνέστησεν
2463 1098 2649 1156 αὐτόν.
2684 1101 2824 1158 Τότε
2854 1100 3132 1158 ἐπίστευσε
3178 1103 3267 1158 καὶ
3317 1102 3477 1167 αὐτὸς
3526 1108 3604 1176 τῷ
3650 1108 3797 1176 Θεῷ,

2143 1187 2233 1242 καὶ
2265 1189 2300 1257 ἡ
2332 1190 2470 1262 γυνή
2526 1191 2720 1262 αὐτοῦ,
2770 1192 2861 1248 καὶ
2924 1190 3092 1248 ἄλλοι
3139 1193 3266 1248 ὡσεὶ
3326 1190 3575 1268 χιλιάδες
3622 1197 3798 1268 τρεῖς.

2146 1278 2246 1331 Καὶ
2303 1277 2468 1333 πάλιν
2522 1283 2855 1355 κρατηθεῖσα
2911 1283 2945 1351 ἡ
3004 1282 3131 1357 ἁγία
3204 1281 3352 1358 παρά
3426 1281 3804 1355 Ἀμπελιανοῦ

2142 1370 2243 1421 τοῦ
2299 1364 2594 1443 ἡγεμόνος,
2651 1369 2741 1425 καὶ
2808 1369 2997 1426 πολλά
3066 1372 3469 1446 τιμωρηθεῖσα,
3547 1370 3637 1426 καὶ
3721 1372 3803 1445 μὴ

2147 1462 2424 1521 πεισθεῖσα
2456 1459 2786 1535 ἀρνήσασθαι
2815 1459 2908 1516 τὸν
2940 1461 3196 1537 Χριστὸν,
3240 1459 3377 1540 ξίφει
3426 1458 3804 1534 τελειωθεῖσα,

2147 1543 2317 1621 ἐτάφη
2328 1590 2341 1605 .

2696 1666 2879 1725 ΜΗΝΙ
2918 1670 3002 1722 Ta
3040 1670 3239 1725 ΑΥΤΩ.

2959 1757 3000 1828 ζ,

2355 1862 2567 1935 Μνήμη
2598 1867 2695 1919 τοῦ
2721 1861 2933 1920 δικαίου
2963 1863 3053 1920 καὶ
3083 1861 3402 1921 πολυάθλου
3432 1857 3582 1922 Ἰώϐ.

2231 1992 2356 2054 Ἰὼϐ
2387 1998 2416 2052 6
2447 1995 2714 2073 μακάριος
2743 1998 2989 2077 ὑπῆρχεν
3020 1998 3079 2055 ἐκ
3115 2006 3215 2069 τῆς
3269 1994 3559 2063 Ᾱῦσίτιδος
3611 1998 3808 2074 χώρας

2152 2089 2260 2141 τῶν
2322 2085 2484 2162 ὁρίων
2553 2085 2839 2159 Ἰουδαίας,
2916 2089 3005 2145 καὶ
3081 2084 3364 2166 Ἀραϐίας,
3447 2091 3556 2144 τῶν
3637 2088 3812 2145 Ἠσαῦ

2157 2176 2288 2232 υἱῶν
2322 2178 2460 2249 υἱὸς,
2493 2177 2567 2241 ὼς
2588 2178 2721 2234 εἶναι
2754 2180 3004 2253 πέμπτον
3039 2178 3144 2236 ἀπὸ
3168 2174 3441 2256 Ἀϐραάμ.
3467 2182 3812 2256 Προϋπῆρχε

2157 2263 2215 2320 δὲ
2245 2266 2392 2338 αὐτῷ
2440 2263 2615 2342 ὄνομα
2662 2269 2852 2338 Ἰωάμ’
2902 2271 2990 2325 καὶ
3051 2276 3451 2347 προεφήτευσεν
3504 2266 3597 2341 ἔτη
3652 2274 3811 2343 τριά-

2154 2375 2316 2410 κοντα
2371 2357 2459 2411 καὶ
2518 2358 2698 2429 πέντε,
2774 2352 3073 2435 προλαϐὼν
3158 2359 3426 2435 σάρκωσιν
3511 2360 3609 2414 τοῦ
3669 2363 3810 2434 Χρι-

2156 2449 2305 2517 στοῦ,
2366 2444 2457 2518 ἔτη
2522 2447 2682 2523 χίλια
2746 2447 3023 2505 ἐννακόσια
3101 2448 3270 2506 εἴκοσι
3346 2451 3523 2507 πέντε.
3600 2453 3807 2506 Τοῦτον

2161 2536 2571 2613 μαρτυρηθέντα
2604 2537 2708 2593 ὑπὸ
2759 2543 2892 2594 Θεοῦ
2945 2537 3174 2609 δίκαιον,
3227 2539 3526 2616 ἐξῃτήσατο
3558 2540 3585 2595 ὁ
3619 2534 3812 2594 διάϐο-

2157 2624 2255 2689 λος
2286 2633 2671 2701 τιμωρεῖσθαι.
2706 2626 2809 2686 Καί
2842 2628 3017 2693 θέλων
3050 2630 3078 2685 6
3108 2628 3237 2692 Θεὸς
3272 2629 3360 2686 ἐπὶ
3408 2627 3603 2686 πλεῖον
3649 2626 3814 2705 δοξά-

2155 2735 2265 2788 σαι,
2297 2714 2610 2792 παρέδωκεν
2671 2717 2830 2772 αὐτὸν
2890 2722 2973 2791 τῷ
3031 2714 3306 2793 διαϐόλῳ.
3344 2720 3406 2778 Ὀ
3438 2716 3496 2776 δὲ
3545 2713 3811 2781 διάϐολος

2160 2806 2220 2861 οὔ
2256 2806 2419 2880 μόνον
2452 2806 2732 2881 ἐγύμνωσε
2761 2814 2860 2878 τῆς
2900 2808 3239 2884 περιουσίας,
3289 2808 3376 2865 καῖ
3422 2814 3530 2865 τῶν
3578 2813 3807 2866 τέκνων·

2157 2895 2303 2951 ἀλλά
2335 2899 2421 2952 καὶ
2458 2896 2619 2951 αὐτὸν
2651 2894 2888 2968 πλήξας,
2919 2896 3007 2953 ἐπὶ
3037 2906 3136 2968 τῆς
3166 2900 3397 2975 κοπρίας
3454 2900 3812 2974 ἡλκωμένου,

2156 2988 2246 3043 καὶ
2298 2986 2631 3064 τραυματίαν
2695 2982 2935 3064 ἔρριψεν.
2984 2985 3141 3067 ξΑλλ⁹
3174 2990 3400 3066 ὁᾶγιος,
3460 2992 3631 3047 πάντα
3686 3011 3814 3045 πει·

2160 3078 2367 3155 ρασμὸν
2418 3076 2735 3151 ὑπομείνας,
2788 3078 2879 3133 καὶ
2922 3077 3000 3141 εἷς
3054 3081 3227 3135 πάντα
3278 3078 3676 3155 εὐχαριστήσας
3731 3085 3815 3152 τῷ

2157 3170 2295 3238 Θεῷ,
2327 3167 2643 3242 κατῄσχυνε
2668 3167 2761 3222 τὸν
2814 3162 3099 3226 διάϐολον.
3148 3169 3247 3225 Καὶ
3295 3170 3458 3226 πάλιν
3509 3168 3806 3228 ἀπολαϐὼν

2159 3257 2247 3312 επὶ
2277 3263 2377 3321 τῆς
2405 3264 2507 3333 γῆς
2538 3253 2769 3313 διπλοῦν
2819 3259 2911 3313 τὸν
2958 3256 3222 3329 πλοῦτον,
3282 3260 3370 3315 καὶ
3424 3266 3647 3336 γυναῖκα
3696 3260 3798 3316 λα-

2327 3347 2417 3401 καὶ
2443 3344 2870 3420 παιδοποιήσας,
2901 3348 2990 3404 καὶ
3019 3352 3100 3422 τῷ
3156 3354 3274 3424 Θεῷ
3322 3351 3566 3420 συνήθως
3608 3349 3801 3427 εὐαρε-

2151 3438 2376 3508 στήσας,
2406 3434 2727 3507 ὶτελειώθη.

2258 3647 2357 3700 Καὶ
2392 3646 2586 3720 μνήμη
2618 3648 2716 3701 τοῦ
2747 3643 2899 3700 ὁσίου
2926 3647 3136 3723 Πατρὸς
3167 3648 3333 3721 ἡμῶν
3362 3645 3697 3724 Παχωμίου.

2222 3795 2552 3870 Παχώμιος,
2585 3796 2614 3850 ὁ
2646 3794 2697 3849 ἐν
2731 3793 2905 3869 ἁγίοις
2938 3796 3129 3869 Πατὴρ
3161 3798 3345 3869 ἡμῶν,
3397 3799 3696 3873 κρατηθεὶς
3750 3796 3807 3851 ἐν

2148 3887 2229 3957 τῷ
2286 3888 2462 3958 καιρῷ
2511 3888 2611 3940 τοῦ
2668 3883 2943 3960 διωγμοῦ,
3002 3884 3336 3957 ἀπεκλείσθη
3398 3887 3478 3950 είς
3532 3886 3813 3967 φυλακήν·

2150 3973 2355 4043 ἀτελὴς
2383 3971 2440 4028 δὲ
2475 3971 2572 4044 ὢν,
2603 3973 2694 4028 καὶ
2728 3974 2807 4047 μή
2847 3976 3133 4050 γινώσκων
3161 3974 3346 4039 καλῶς
3372 3978 3436 4033 τὸ
3463 3984 3565 4047 τῆς
3582 3977 3823 4042 πίστεως

2153 4058 2358 4137 δόγμα,
2391 4063 2688 4131 παρεκάλει
2718 4064 2811 4117 τὸν
2842 4064 2971 4118 Θεὸν
3006 4060 3213 4136 διδάξαι
3269 4063 3452 4120 αὐτόν·
3500 4066 3588 4121 καὶ
3640 4061 3832 4120 nos»;

2156 4149 2385 4228 ἄγγελος
2417 4155 2575 4219 Θεοῦ,
2627 4148 2865 4222 ἐδίδαξεν
2929 4152 3093 4208 αὐτὸν
3144 4158 3319 4208 πᾶσαν
3366 4155 3466 4223 τήν
3529 4154 3821 4225 ἀλήθειαν.

2155 4243 2509 4315 Παυσαμένου
2543 4238 2600 4296 δὲ
2647 4245 2744 4297 τοῦ
2800 4238 3071 4317 διωγμοῦ,
3131 4249 3232 4313 τῆς
3290 4243 3539 4320 φυλακῆς
3598 4242 3819 4299 ἀπολυ-

2156 4331 2288 4401 θεὶς,
2343 4329 2583 4400 ἀπῆλθεν
2644 4330 2695 4385 ἐν
2753 4335 2874 4394 ταῖς
2935 4331 3195 4407 ἐρήμοις,
3252 4333 3345 4388 καὶ
3402 4333 3667 4409 ἠσόχσξε,
3724 4333 3824 4388 καὶ

2151 4423 2416 4477 τοσοῦτον
2450 4420 2643 4496 ὑψώθη
2675 4422 2815 4492 πρὸς
2867 4420 3090 4497 ἀρετὴν,
3142 4423 3217 4485 ὡς
3278 4422 3518 4497 ἀγγέλου
3573 4423 3821 4493 ἁξιωθῆο

2152 4532 2238 4567 ναι
2272 4511 2522 4585 ὁμιλίας,
2570 4513 2662 4567 καὶ
2720 4512 2849 4588 παρ’
2906 4512 3116 4569 ἐκείνου
3179 4514 3365 4587 μαθεῖν
3412 4513 3554 4579 τοὺς
3609 4515 3827 4579 τύπους

2150 4601 2242 4657 καὶ
2272 4602 2335 4657 τὸ
2366 4609 2563 4679 σχῆμα
2613 4607 2725 4658 τῶν
2788 4607 3070 4677 μοναχῶν.
3130 4605 3221 4673 Ἐξ
3277 4602 3484 4658 ἐκείνου
3535 4604 3637 4679 γὰρ
3696 4604 3825 4659 ἐτυ-

392 4691 533 4745 Post
560 4688 686 4743 haec
717 4687 893 4758 plura
920 4687 995 4741 ad
1030 4688 1129 4742 Uei
1161 4687 1400 4743 laudem
1433 4689 1797 4743 monasteria
1826 4688 2042 4744 excita-

2161 4692 2321 4762 πώθη
2353 4693 2417 4747 τὸ
2448 4691 2737 4768 ἀγγελικὸν
2766 4688 3092 4765 ἐπάγγελμα
3143 4698 3244 4761 τῆς
3300 4689 3599 4766 μοναδικῆς
3648 4690 3828 4747 πολι-

395 4779 507 4834 vit:
540 4794 796 4849 cumque
828 4777 1117 4833 miracula
1148 4771 1460 4848 patrasset,
1494 4779 1733 4850 Deoque
1755 4794 1944 4849 usque
1975 4776 2050 4833 ad

398 4875 765 4925 senectutem
803 4868 865 4923 in
897 4867 1176 4923 omnibus
1202 4868 1522 4939 serviisset,
1552 4869 1820 4941 gaudens
1850 4868 1925 4923 ad
1955 4868 2049 4939 ip-

398 4976 531 5015 sum
564 4959 853 5031 migravit,
887 4964 1177 5013 aeternum
1206 4957 1269 5013 in
1321 4958 1485 5014 cmlis
1540 4974 1812 5027 regnum,
1838 4958 2049 5012 vitam-

395 5065 511 5122 que
544 5050 972 5121 sempiternam
993 5063 1061 5103 ac
1094 5048 1213 5102 ﬁne
1244 5054 1549 5103 carentem
1577 5052 1957 5104 consecutus.

957 5220 1202 5274 EODEM
1230 5217 1483 5274 MENSE.

1028 5309 1133 5364 Die
1166 5310 1420 5380 septima

391 5424 487 5482 81
524 5421 788 5480 Memoria
832 5416 985 5489 signi
1016 5415 1215 5486 crucis,
1274 5416 1424 5488 quod
1481 5418 1541 5471 in
1580 5415 1706 5472 casto
1761 5419 2046 5488 apparuit.

468 5600 812 5660 Constantio
843 5595 1215 5653 Constantini
1241 5596 1429 5669 Magni
1458 5597 1580 5653 ﬁlio
1604 5596 1957 5671 imperante,
1979 5616 2049 5655 ac

403 5689 621 5762 Cyrillo
649 5686 1198 5758 Hierosolymorum
1236 5685 1707 5759 archiepiscopo,
1740 5687 1802 5742 in
1837 5687 2048 5744 diebus

407 5784 623 5836 sanctae
662 5781 1066 5847 Pentecostes,
1098 5775 1247 5832 hora
1301 5775 1418 5833 diei
1472 5776 1645 5835 tertia
1700 5778 1936 5851 aparuit
1966 5780 2048 5835 si-

2158 4782 2327 4843 τείας,
2359 4783 2510 4837 Μετὰ
2553 4785 2721 4835 ταῦτα
2779 4776 2837 4834 δὲ
2902 4778 3089 4835 πολλὰ
3145 4784 3483 4855 μοναστήρια
3533 4781 3826 4858 ἀνεγείρας

2160 4871 2238 4934 εἰς
2269 4874 2405 4926 Θεοῦ
2434 4868 2781 4944 δοξολογίαν,
2822 4868 2911 4925 καὶ
2961 4868 3210 4943 θαύματα
3267 4874 3526 4942 ποιήσας,
3578 4871 3664 4926 καὶ
3716 4872 3822 4926 τὸν

2157 4960 2285 5015 Θεὸν
2321 4958 2486 5034 μέχρι
2517 4960 2703 5034 γήρως
2756 4956 3089 5033 Θεραπεῦσας
3119 4957 3171 5013 ἐν
3203 4965 3358 5031 πᾶσι,
3415 4961 3623 5037 χαίρων
3670 4960 3825 5031 πρὸς

2156 5048 2319 5103 αὐτὸν
2353 5045 2709 5121 ἐξεδήμησεν,
2765 5042 3068 5103 ἀπολαϐὼν
3116 5045 3170 5103 ἐν
3224 5049 3484 5123 οὐρανοῖς
3535 5047 3828 5124 βασιλείαν

2159 5135 2383 5192 αἰώνιον
2408 5137 2500 5192 καὶ
2534 5138 2677 5207 ζωὴν
2706 5133 2882 5190 ἀΐδιον
2912 5136 3002 5190 καὶ
3034 5134 3420 5209 άτελεύτητου.

2704 5236 2889 5293 ΜΗΝΙ
2930 5242 3019 5293 ΤΩ
3059 5242 3260 5298 ΑΥΤΩ.

2963 5330 3012 5379 Z‘

2158 5427 2386 5500 Μμήμη
2442 5427 2544 5480 τοῦ
2620 5421 2674 5480 ἐν
2753 5421 2972 5500 οὐρανῷ
3056 5425 3312 5512 (ρανέντος
3400 5425 3634 5500 σημείου
3717 5430 3827 5483 τοῦ

2855 5516 3109 5571 σταυρου.

2229 5598 2354 5656 Ἐπὶ
2430 5596 2813 5653 Κωνσταντίου
2868 5599 2967 5651 τοῦ
3029 5596 3320 5673 βασιλέως,
3378 5601 3476 5655 τοῦ
3532 5600 3653 5655 υἱοῦ
3708 5603 3819 5655 τοῦ

2158 5688 2422 5766 Μεγάλου
2484 5688 2907 5759 Κωνσταντίνου,
2966 5689 3055 5744 καὶ
3114 5689 3397 5766 Κυρίλλου
3450 5691 3813 5769 ἀρχιεπισκό-

2155 5801 2254 5836 του
2304 5776 2725 5857 Ἱεροσολύμων,
2757 5776 2809 5836 ἐν
2842 5782 2964 5842 ταῖς
3021 5778 3259 5859 ἡμέραις
3312 5783 3413 5849 τῆς
3466 5781 3623 5860 ἁγίας
3674 5788 3815 5840 nev-
