4108 6460
356 393 475 458 441

1948 376 2207 463 Mnus.

3658 375 3775 471 44‘:

358 532 654 597 τηκοστῆς,
714 523 834 600 ὥρᾳ
881 522 1039 599 τρίτῃ
1087 530 1189 595 τῆς
1245 523 1481 599 ἡμέρας,
1532 521 1703 600 ἐφάνη
1763 525 1792 580 6
1848 527 1999 583 τύποι

2131 550 2313 608 gnum
2344 539 2697 597 veneranda
2728 542 3086 613 viriﬂcaaque
3146 539 3360 607 crucis,
3397 557 3467 596 ex
3534 541 3665 597 luce
3713 540 3775 597 in

351 621 453 674 τοῦ
510 615 700 691 τιμίου
783 614 875 671 ναὶ
948 618 1226 685 ζωοποιοῦ
1307 617 1564 690 σταυροῦ,
1632 614 1896 680 συνεστὼς
1959 618 2018 674 ἐκ

353 707 543 787 φωτὸς
604 705 657 761 ἐν
714 709 798 778 τῷ
852 705 1090 779 οὐρανῷ,
1151 704 1391 777 ὁρῶντος
1438 704 1639 767 παντὸς
1695 708 1793 760 τοῦ
1852 703 2012 777 λαοῦ,

359 798 499 869 ὑπὲρ
561 795 674 850 ἀνω
720 799 824 850 τοῦ
846 794 1000 868 ἁγίου
1048 793 1300 869 Γολγοθά
1366 793 1743 868 ἐκτεταμένις,
1804 790 1929 850 ἔνθα
1984 796 2013 851 6

352 886 565 961 Κύριος
640 886 803 957 ἡμῶν
885 886 1103 954 Ἰησοῦς
1183 884 1415 958 Χριστὸς
1496 883 1836 959 ἐσταυρώθη,
1919 885 2012 940 καὶ

354 971 570 1044 διήκων
607 976 777 1049 μέχρι
807 978 904 1029 τοῦ
936 971 1092 1049 ἁγίου
1123 972 1285 1047 ὅρους
1328 978 1439 1028 τῶν
1472 972 1726 1039 Ἐλαιῶν,
1761 973 1911 1037 ὅστις
1941 977 2009 1048 τῇ

350 1065 853 1139 λαμπρότητιτῶν
916 1068 1290 1139 μαρμαρυγῶν
1339 1063 1435 1126 τὰς
1493 1063 1728 1134 ἡλιακὰς
1789 1065 2009 1127 ἀκτῖνας

360 1155 690 1229 ἀπέκρυψεν.
751 1154 912 1217 Ὅθεν
970 1157 1115 1207 πᾶσα
1188 1151 1386 1223 ἡλικία
1469 1157 1577 1207 τῶν
1654 1155 2007 1229 Χριστιανῶν,

350 1243 485 1298 νέιυν
518 1264 578 1298 τε
608 1243 700 1298 καὶ
730 1243 1027 1318 γερόντων,
1072 1240 1165 1296 σὺν
1225 1240 1449 1311 νηπίοις
1502 1242 1590 1297 καὶ
1649 1242 2009 1315 θηλάζουσιν,

343 1332 425 1397 εἷς
448 1334 553 1404 τήν
586 1334 743 1409 ἁγίαν
793 1338 890 1388 τοῦ
942 1337 1076 1389 Θεοῦ
1116 1331 1409 1403 ἐκκλησίαν
1459 1327 1745 1388 κατέλαϐε
1798 1332 1889 1388 καὶ
1957 1330 2010 1387 ἐν

348 1425 581 1498 ἀμέτρῳ
612 1428 760 1499 χαρᾷ
812 1420 966 1497 δόξαν
1025 1423 1117 1479 καὶ
1177 1421 1553 1499 εὐχαριστείαν
1607 1423 1742 1497 μετά
1799 1428 2006 1497 θερμῆς

343 1516 694 1585 κατανύξεως
745 1518 825 1587 τῷ
882 1518 999 1587 Θεῷ
1056 1513 1359 1587 ἀνέπεμψεν
1419 1512 1507 1569 ἐπὶ
1561 1517 1641 1585 τῷ
1716 1510 2008 1589 παραδόξῳ

348 1603 612 1678 θαύματι.
647 1602 996 1676 Περὶτοότου
1028 1599 1086 1658 δὲ
1139 1602 1230 1657 καὶ
1289 1604 1317 1658 ὁ
1349 1603 1501 1680 ἅγιος
1533 1599 1814 1676 Κύριλλος
1869 1601 2007 1678 πρὸς

359 1692 734 1751 Κωνστάντιον
784 1690 1040 1770 ἔγραψεν,
1122 1691 1490 1769 ἐπιστηρίζων
1566 1690 1726 1748 αὐτὸν
1811 1690 1863 1748 ἐν
1937 1693 2007 1766 τῇ

360 1780 630 1858 ὃρθοδόξῳ
660 1782 863 1842 πίστει.

496 1898 596 1957 Καὶ
655 1899 892 1971 ἄθλησις
947 1904 1046 1957 τοῦ
1077 1899 1237 1977 ἁγίου
1272 1899 1543 1977 μάρτυρος
1572 1898 1854 1956 Ἀκακίου.

412 2107 678 2171 Ἀκάκιος
710 2108 740 2164 6
791 2111 895 2163 τοῦ
944 2110 1182 2182 Χριστοῦ
1249 2106 1479 2183 μάρτυς,
1504 2108 1569 2177 ἦν
1605 2104 1692 2161 ἐπὶ
1725 2105 2003 2178 Μαξιμια-

338 2200 438 2252 νοῦ
468 2194 573 2253 τοῦ
609 2197 880 2271 βασιλέως
912 2195 973 2252 ἐκ
1000 2204 1101 2266 τῆς
1146 2197 1337 2274 χώρας
1396 2193 1809 2264 Καππαδοκίας,
1840 2216 2006 2267 στρα-

327 2287 635 2359 τευόμενος
666 2286 718 2341 ἐν
746 2285 824 2361 τῷ
869 2288 1105 2365 τάγματι
1160 2291 1270 2344 τῶν
1326 2284 1571 2362 σχολῶν.
1637 2283 2003 2362 Διαγνωσθεθς

334 2374 420 2442 δὲ,
473 2379 563 2433 ὅτι
622 2378 947 2453 Χριστιανός
1003 2377 1167 2446 ἐστιν,
1227 2375 1500 2451 ἐκρατήθη
1558 2377 1648 2433 καὶ
1703 2377 2000 2452 προσήχθη

334 2472 419 2540 τῷ
438 2474 546 2537 τῆς
578 2469 768 2545 χώρας
801 2465 1054 2545 ἄρχοντι,
1083 2467 1174 2523 καὶ
1209 2465 1564 2544 ὁμολογήσας
1596 2467 1685 2524 τὸν
1743 2467 2002 2542 Χριστὸν,

337 2556 552 2637 ἐτῦςρθη
586 2554 858 2633 σφοδρῶς.
891 2557 1024 2615 Εἶτα
1054 2556 1468 2635 παραπεμψθεῖς
1525 2555 1692 2631 ἐτέρῳ
1750 2554 2000 2631 ἄρχοντι,

334 2647 431 2703 καὶ
468 2644 745 2711 συνδεθεὶς
773 2646 865 2703 καὶ
918 2647 1115 2710 ἄλλοις
1172 2644 1412 2710 πολλοῖς
1455 2644 1788 2722 δεσμώταις,
1845 2643 2001 2722 ἤχθη

334 2736 416 2800 είς
443 2737 508 2792 τὸ
544 2738 862 2808 Βυζάντιον
918 2737 1007 2793 καὶ
1063 2735 1263 2800 δειναῖς
1323 2738 1539 2812 μάστιξι
1601 2737 1689 2791 καὶ
1725 2731 2002 2813 στρεϐλώ-

334 2847 453 2882 σεσι
529 2827 878 2899 καταξανθεὶς
961 2826 1093 2884 ὅλον
1151 2828 1213 2884 τὸ
1292 2834 1471 2902 σῶμα,
1532 2825 1860 2896 ἀπεκλείσθη
1923 2825 2000 2890 είς

335 2919 623 2995 φυλακήν·
687 2916 811 2974 ἔνθα
872 2917 1182 2982 ἐπιστάντες
1244 2921 1380 2974 θεῖοι
1442 2916 1670 2993 ἂγγελοι
1731 2916 2000 2972 ἀπεκατέ-

336 3031 549 3081 στησαν
580 3008 743 3064 αὐτὸν
779 3008 927 3085 ὑγιῆ’
960 3007 1050 3064 καὶ
1082 3007 1286 3071 ἰδόντες
1344 3006 1503 3063 αὐτὸν
1564 3007 1621 3062 οἱ
1670 3004 1725 3062 ἐν
1780 3010 1849 3083 τῇ
1899 3029 2000 3084 φυ-

343 3095 489 3174 λακῇ
579 3098 777 3160 πάντες
838 3096 980 3154 οὕτω
1035 3099 1251 3175 ταχέως
1301 3098 1627 3173 ὑγιάναντα,
1685 3096 2001 3153 ἐπίστευσαν

336 3191 429 3245 καί
460 3188 617 3244 αὐτοὶ
679 3193 760 3261 τῷ
820 3186 1063 3263 Χριστῷ,
1121 3188 1213 3244 καὶ
1275 3187 1806 3264 ἀπεκεφαλίσθησαν.
1873 3187 2002 3245 Εἶτα

2133 625 2278 683 casio
2301 636 2697 702 compactum,
2727 631 2961 687 vidente
2993 631 3267 686 universo
3315 628 3557 702 populo,
3602 646 3782 702 super

2130 723 2400 774 sanctum
2428 727 2688 776 montem
2710 721 3337 795 Golgothaexteusum.
3368 719 3468 774 ubi
3493 720 3779 775 Dominus

2128 813 2335 862 noster
2361 810 2530 866 Jesus
2561 811 2827 868 Lhristus
2858 812 2918 867 in
2941 828 3176 867 crucem
3208 818 3376 867 actus
3405 811 3606 868 fuit.et
3631 829 3775 884 pro-

2125 895 2343 953 cedens
2365 916 2554 972 usque
2593 901 2666 957 ad
2699 909 2971 958 sanctum
3028 909 3290 958 montem
3324 902 3554 967 Oliveti,
3596 903 3679 957 ita
3708 908 3777 958 ut

2126 985 2462 1057 splendoris
2494 991 2585 1046 sui
2612 991 2882 1047 claritate
2914 991 3111 1046 radios
3143 991 3287 1047 solis
3320 996 3558 1064 tegeret.
3623 992 3776 1057 Qua-

2133 1074 2398 1133 mobrem
2428 1081 2624 1134 omnis
2655 1081 2847 1137 aetatis
2869 1080 3469 1151 Christianijuvenes
3501 1086 3560 1135 et
3581 1096 3777 1149 senes,

2134 1167 2303 1236 pueri
2336 1174 2395 1222 et
2424 1168 2735 1238 lactentes,
2765 1170 2826 1225 in
2859 1176 3123 1225 sanctam
3159 1170 3261 1225 Dei
3294 1169 3605 1225 ecclesiam
3641 1187 3776 1226 con-

2131 1262 2459 1312 venerunt:
2491 1264 2550 1313 et
2574 1258 2911 1315 incredibili
2943 1258 3156 1333 gaudio
3214 1260 3457 1331 perfusi,
3517 1259 3771 1333 gloriam

2125 1345 2570 1419 gratiarumque
2602 1349 2900 1405 actionem
2945 1366 3079 1404 cum
3129 1348 3565 1405 ferventissima
3608 1365 3773 1405 com—

2124 1435 2448 1506 punctione
2479 1437 2597 1492 Deo
2631 1437 2973 1493 extulerunt
3005 1454 3106 1508 pro
3130 1437 3422 1509 stupendo
3440 1439 3729 1494 miraculo
3757 1449 3769 1486 ε

2119 1521 2192 1577 de
2206 1540 2323 1594 quo
2346 1529 2403 1580 et
2435 1531 2675 1582 sanctus
2693 1527 2945 1600 Cyrillus
2967 1527 3040 1582 ad
3072 1526 3484 1583 Constantium
3509 1527 3769 1601 scripsit,

2120 1610 2185 1666 in
2217 1610 2335 1669 ﬁde
2367 1614 2699 1672 orthodoxa
2727 1616 2900 1671 illum
2923 1616 3310 1673 confirmans.

2365 1925 2438 1979 Et
2466 1930 2738 1982 certamen
2766 1928 2945 1983 sancti
2972 1926 3231 1997 marlyris
3261 1926 3478 1983 Acacii.

2187 2112 2438 2168 Aeacius
2468 2113 2684 2170 Christi
2707 2119 2932 2188 martyr
2959 2115 3091 2181 fuit,
3125 2114 3478 2171 Maximiano
3501 2115 3758 2187 impera-

2119 2204 2269 2267 tore,
2303 2218 2371 2256 ex
2402 2202 2644 2275 regione
2673 2203 3364 2277 Cappadociae,mililiam
3389 2220 3674 2260 exercens
3700 2203 3765 2259 in

2116 2290 2465 2348 Scholarum
2497 2294 3049 2367 cohorteCognitus
3075 2301 3274 2351 autem
3293 2293 3767 2360 utChristianus,

2121 2379 2591 2454 comprehensus
2623 2382 2752 2443 fuit.
2771 2388 2829 2437 et
2856 2381 3147 2439 adductus
3177 2382 3254 2438 ad
3280 2382 3539 2453 regionis
3564 2381 3769 2453 praesi-

2115 2468 2250 2525 dem
2288 2484 2302 2524 :
2334 2486 2402 2525 ac
2442 2470 2743 2527 Christum
2796 2473 3124 2540 confessus,
3182 2470 3435 2545 graviter
3499 2470 3764 2526 caeditur.

2120 2558 2345 2614 Deinde
2370 2559 2443 2615 ad
2469 2560 2651 2616 alium
2677 2561 2992 2633 prasidem
3015 2562 3256 2628 missus,
3291 2577 3359 2617 ac
3387 2560 3618 2616 vinctus
3648 2577 3770 2616 una

2114 2665 2248 2705 cum
2280 2649 2416 2706 aliis
2446 2653 2691 2725 captivis
2725 2647 3060 2724 Btzantium
3075 2651 3769 2725 adducitur:ﬂagrisque

2117 2740 2462 2798 crudelibus
2493 2748 2552 2797 et
2581 2743 2866 2798 tortuosis
2898 2743 3077 2815 lignis
3122 2748 3244 2798 toto
3278 2759 3525 2815 corpore
3553 2757 3763 2807 cassus,

2114 2827 2177 2883 in
2210 2846 2509 2885 carcerem
2542 2830 2898 2887 detruditur.
2922 2832 3029 2887 Ubi
3058 2837 3439 2887 accurrentes
3468 2830 3769 2886 divinian~

2122 2918 2261 2992 geli,
2293 2919 2656 2976 incolumem
2690 2922 2885 2992 ipsum
2917 2920 3330 2978 reddiderunt.
3389 2922 3532 2977 Cum
3565 2928 3766 2977 autem

2112 3023 2341 3076 omnes,
2376 3011 2477 3082 qui
2527 3011 2588 3066 in
2640 3027 2876 3067 carcere
2936 3018 3125 3078 erant,
3177 3028 3312 3068 eum
3347 3016 3466 3066 tam
3515 3017 3764 3083 repente

2112 3100 2353 3157 sanitati
2387 3103 2727 3158 restitutum
2758 3103 3195 3175 conspicerent,
3255 3103 3313 3157 in
3373 3101 3669 3157 Christum
3709 3106 3769 3155 et

2116 3188 2229 3262 ipsi
2287 3190 2691 3252 crediderunt.
2752 3209 2820 3249 ac
2866 3191 3116 3264 proinde
3176 3192 3370 3263 capite
3422 3190 3764 3246 obtruncati

328 3287 434 3350 τῆς
498 3278 754 3356 φυλακῆς
814 3272 1126 3349 ἐκϐληθεὶς,
1210 3277 1300 3333 καὶ
1359 3278 1772 3356 παραπεμψθεὶς
1828 3277 1999 3352 ἐτὲρῳ

2119 3286 2275 3336 sunt.
2302 3281 2527 3338 Deinde
2558 3282 2805 3339 Acacius
2831 3297 2861 3337 e
2892 3299 3129 3338 carcere
3178 3281 3445 3341 eductus.
3478 3286 3656 3353 atque
3687 3279 3760 3335 ad

330 3369 593 3445 391mm,
629 3368 718 3423 καὶ
780 3364 947 3423 πάλιν
994 3365 1358 3442 τιμωρηθεὶς,
1407 3364 1841 3446 ἀπεκεφαλίσθη’
1902 3367 1995 3422 καὶ

331 3458 599 3529 κατετέθη
632 3459 695 3513 τὸ
750 3454 1013 3533 λείψανον
1075 3456 1240 3512 αὐτοῦ
1297 3456 1351 3513 ἐν
1408 3458 1564 3532 τόπῳ
1615 3455 1996 3535 ἐπιλεγομένῳ

342 3548 617 3622 Σταυρὶῳ.

895 3647 1077 3707 ΜΗΝΙ
1116 3650 1207 3706 ΤΩ
1243 3651 1438 3706 ΑΥΤΩ.

1148 3749 1211 3807 η.

418 3837 624 3912 Μνήμη
653 3843 746 3895 τοῦ
779 3836 937 3917 ἁγίου
958 3838 1224 3917 ξΙῳάννου
1257 3841 1355 3894 τοῦ
1395 3836 1674 3916 Θεολόγου
1705 3838 1792 3896 ἐπὶ
1821 3845 1923 3912 τῆς

949 3910 1106 3986 ἁγίας
1156 3909 1383 3973 κόνεως.

404 4022 470 4082 '0
530 4020 913 4101 φιλάνθρωπος
967 4018 1059 4074 καὶ
1134 4020 1443 4095 πανάγαθος
1497 4019 1626 4082 Θεὸς
1691 4021 1877 4094 ἡμῶν,
1928 4021 1993 4077 οὗ

330 4112 501 4187 μόνον
532 4111 660 4174 τοὺς
725 4111 859 4186 ὑπὲρ
911 4108 1071 4164 αὐτὸν
1102 4110 1551 4185 ἀγωνισαμένους
1587 4110 1774 4186 ἁγίους
1830 4109 1995 4165 αὐτοῦ

329 4204 587 4279 μαθητάς
617 4201 708 4257 καὶ
756 4198 1127 4267 ἀποστόλους,
1185 4202 1473 4278 προφήτας
1525 4219 1584 4255 τε
1638 4199 1728 4254 καὶ
1789 4199 1992 4276 μάρτυ-

326 4315 449 4369 ρας,
482 4294 577 4347 καὶ
631 4294 835 4354 πάντας
896 4291 1023 4353 τοὺς
1084 4287 1541 4361 εὐαρεστῆσαντας
1597 4290 1763 4363 αὐτῷ,
1828 4290 1993 4365 βασι-

330 4382 490 4444 λείας
523 4382 792 4457 οὐρανῶν,
850 4381 939 4435 καὶ
997 4384 1105 4435 τῶν
1164 4379 1400 4435 αίωνίων
1456 4380 1688 4451 ἠξίωσεν
1748 4378 1984 4454 ἀγαθῶνο

325 4466 485 4526 ἀλλά
509 4468 760 4532 καὶτοὺς
792 4467 1019 4538 τόπους,
1061 4464 1114 4522 ἐν
1172 4466 1254 4530 οἷς
1305 4466 1416 4538 ἤδη
1475 4463 1723 4545 ἔτριψαν,
1777 4466 1813 4537 ἢ
1872 4466 1992 4523 ἐτά-

325 4581 538 4640 ψησαν,
569 4557 806 4633 πλήρεις
842 4557 1087 4634 χαρίτων
1145 4555 1464 4629 ἀποδείξας,
1520 4556 1760 4621 πολλοῖς
1820 4556 1993 4631 ἐλάμ-

2108 3369 2296 3426 alium
2327 3371 2641 3443 praesidem
2663 3373 3339 3444 remissus.rursumque
3363 3371 3763 3439 excruciatus,

2107 3460 2301 3532 capite
2331 3460 2720 3518 obtruncatus
2744 3461 2858 3516 fuit
2889 3479 2902 3517 :
2932 3468 2991 3517 et
3045 3460 3292 3533 reliquas
3352 3460 3541 3533 ipsius
3567 3458 3765 3534 depo-

2107 3549 2236 3605 sitae
2265 3549 2509 3606 fuerunt
2537 3551 2601 3606 in
2632 3549 2760 3607 loco
2789 3551 2890 3622 qui
2913 3550 3211 3606 Staurium
3239 3549 3476 3606 dicitur.

2657 3648 2900 3705 EODEM
2924 3646 3178 3704 MENSE.

2742 3738 2846 3794 Die
2872 3745 3075 3795 octava

2176 3834 2277 3893 88
2300 3838 2566 3895 Memoria
2580 3840 2760 3893 sancti
2775 3837 3012 3923 Joannis
3051 3836 3313 3907 Theologi
3342 3836 3409 3892 ob
3439 3842 3689 3892 sanctum

2781 3925 3040 3967 cinerem.

2175 4014 2690 4072 Clementissimns
2742 4021 2803 4073 et
2858 4018 3119 4089 optimus
3176 4017 3333 4073 Deus
3373 4022 3579 4073 noster
3633 4031 3756 4073 non

2102 4105 2280 4163 modo
2303 4123 2427 4170 eos,
2455 4106 2557 4178 qui
2587 4123 2694 4178 pro
2727 4106 2856 4179 ipso
2886 4107 3291 4173 decertarunt,
3337 4111 3576 4163 sanctos
3609 4123 3749 4162 suos

2103 4195 2427 4267 discipulos
2460 4201 2519 4251 et
2547 4196 2872 4268 apostolos,
2906 4196 3226 4268 prophetas
3248 4212 3486 4267 quoque
3508 4212 3576 4251 ac
3598 4212 3757 4251 mar-

2100 4289 2286 4357 tyres,
2317 4286 2770 4356 universosque.
2801 4284 2901 4356 qui
2932 4284 3044 4341 sibi
3095 4284 3394 4358 placuere,
3429 4302 3609 4358 regno
3641 4302 3760 4341 cm-

2100 4372 2239 4430 lesti
2260 4373 2556 4445 bonisque
2582 4373 2965 4446 sempiternis
2983 4372 3191 4446 dignos
3206 4374 3430 4441 effecit;
3450 4373 3552 4429 sed
3575 4375 3755 4429 etiam

2102 4463 2254 4532 loca,
2287 4464 2351 4519 in
2374 4463 2591 4535 quibus
2619 4464 2832 4519 versati
2864 4468 3133 4531 sunt,aut
3160 4463 3398 4534 sepulti.
3430 4462 3756 4536 gratiarum

2103 4553 2283 4626 plena
2312 4553 2659 4621 ostendens,
2686 4552 2893 4608 multis
2938 4568 3008 4608 ea
3053 4552 3360 4608 miraculis
3408 4552 3747 4609 illustravit.

326 4670 505 4725 πρυνε
546 4650 805 4722 θαύμασι.
865 4647 971 4704 Καὶ
1025 4650 1128 4725 γαρ
1193 4648 1222 4702 6
1272 4648 1466 4725 τάφος,
1525 4645 1576 4702 ἐν
1633 4645 1678 4721 ᾧ
1735 4649 1763 4703 6
1824 4649 1993 4725 μέγας

2118 4642 2337 4699 Etenim
2371 4643 2736 4716 sepulcrum,
2765 4643 2829 4698 in
2880 4659 2998 4715 quo
3057 4659 3309 4715 magnus
3363 4643 3668 4715 apostolus
3698 4649 3758 4698 et

327 4736 681 4800 Ἀπόστολος
766 4738 856 4794 καὶ
944 4737 1337 4814 εὖαγγελιστὴς
1426 4737 1686 4807 Ἰωάννης
1768 4736 1991 4811 μέλλων

332 4836 697 4905 μετατεθῆναι
766 4826 959 4906 ἐτάφη,
1010 4827 1161 4882 κόνιν
1240 4825 1416 4902 ἁγίαν,
1474 4823 1541 4895 ἤν
1616 4826 1668 4880 οἳ
1727 4825 1994 4903 ἐγχώριοι

333 4920 527 4976 Μάννα
558 4918 1079 4994 προσαγορεύουσιν,
1111 4914 1377 4971 ἐπινεύσει
1439 4915 1758 4990 Πνεύματος
1806 4918 1990 4993 ἁγίου,

327 5009 471 5065 κατά
500 5010 598 5076 τήν
624 5004 829 5084 ὀγδόην
862 5008 1072 5080 ἡμέραν
1130 5009 1228 5061 τοῦ
1296 5004 1473 5062 Μαῒου
1527 5007 1701 5079 μηνὸς
1758 5004 1989 5078 ἐτησίως

327 5097 589 5172 ἐξαίφνης
620 5095 869 5170 ἀναϐρῦει
916 5097 1004 5151 καὶ
1061 5093 1407 5152 ἀναδίδωσιν·
1441 5092 1508 5165 ἤν
1569 5096 1623 5151 οἱ
1679 5098 1988 5173 προσερχό-

329 5209 489 5261 μενοι
559 5181 952 5260 λαμϐάνοντες,
1020 5185 1265 5261 χρῶνται
1351 5185 1491 5259 αὐτῇ
1566 5185 1642 5248 είς
1716 5187 1985 5269 παντοίων

322 5279 520 5333 παθῶν
550 5274 961 5349 ἀπολύτρωσιν,
1019 5272 1097 5339 είς
1142 5278 1429 5350 θεραπείαν
1460 5277 1680 5351 ψυχῶν,
1711 5275 1789 5337 είς
1818 5275 1985 5351 ῥῶσιν

320 5368 628 5440 σωμάτων,
660 5365 791 5420 Θεὸν
820 5359 1267 5440 δοξολογοῦντες,
1328 5363 1417 5418 καὶ
1476 5364 1568 5419 τὸν
1595 5362 1768 5420 αὐτοῦ
1825 5365 1985 5442 θερά-

316 5479 499 5515 ποντα
526 5455 800 5531 Θεολόγον
828 5449 1197 5530 γεραίροντες.

393 5575 496 5632 Καὶ
533 5575 731 5650 μνήμη
788 5573 888 5629 τοῦ
946 5568 1111 5650 ὁσίου.
1143 5569 1357 5650 Πατρὸς
1412 5571 1575 5645 ἡμῶν
1626 5571 1911 5648 Ἀρσενίου

939 5646 1040 5698 τοῦ
1061 5644 1237 5719 Mevi}
1252 5644 1335 5699 ου.

392 5765 703 5842 Ἀρσὲνιος,
738 5761 767 5816 6
812 5756 869 5816 ἐν
927 5756 1105 5834 ἁγίοις
1162 5760 1353 5837 Πατὴρ
1411 5761 1595 5837 ἡμῶν,
1639 5761 1704 5833 ἦν
1767 5761 1864 5836 μὲν
1921 5759 1981 5819 ἐκ

2107 4732 2466 4806 evangelista
2485 4733 2763 4796 Joannes.
2798 4732 2975 4804 paulo
3007 4738 3140 4805 post
3169 4731 3749 4795 transferendus.de-

2103 4824 2333 4896 positus
2363 4821 2774 4880 fuit.sanctum
2796 4822 3268 4895 cinerem,quem
3304 4821 3515 4879 incola)
3540 4824 3754 4879 Manna

2104 4912 2429 4986 appellant,
2460 4911 2681 4984 Spiritu
2713 4918 2916 4968 sancto
2947 4920 3269 4975 annuente.
3294 4920 3496 4969 octavo
3527 4912 3753 4967 mensis

2103 5003 2235 5058 Maii
2267 5002 2364 5058 die
2395 5001 2717 5074 quotannis
2748 5002 3045 5075 extemplo
3080 5003 3318 5063 emittit.
3353 5009 3749 5073 emanalque:

2101 5107 2279 5164 quem
2302 5091 2402 5163 qui
2424 5090 3123 5163 acceduntaccipientes.
3146 5091 3206 5146 in
3229 5093 3599 5147 curationem
3623 5090 3752 5145 uni-

2098 5197 2403 5238 versorum
2436 5180 2799 5251 morborum,
2832 5182 2894 5237 in
2952 5184 3292 5238 animarum
3323 5183 3659 5242 sanitatem,
3694 5186 3755 5234 et

2097 5274 2160 5330 in
2191 5288 2507 5344 corporum
2539 5271 2834 5328 medelam
2867 5288 2935 5328 eo
2971 5279 3245 5335 utuntur,
3277 5272 3462 5326 Deum
3505 5267 3749 5324 laudan-

2098 5367 2208 5432 tes,
2238 5363 2486 5436 ejusque
2517 5379 2751 5420 servum
2780 5363 3143 5437 Theologum
3166 5365 3538 5417 venerantes.

2171 5578 2236 5634 Et
2262 5579 2530 5635 memoria
2558 5578 2739 5634 sancti
2767 5579 2952 5634 Patris
2996 5578 3177 5635 nostri
3204 5578 3430 5633 Arseuii
3457 5576 3670 5647 Magni.

2168 5766 2416 5826 Sanctus
2445 5768 2622 5825 Pater
2668 5771 2874 5825 noster
2915 5767 3224 5837 Arsenius,
3254 5765 3369 5823 fuit
3423 5784 3494 5825 ex
3545 5774 3743 5828 vetere
