4108 6434
371 323 496 384 443
1659 319 2018 385 MENOLOC

2136 324 2338 390 PARS
2382 328 2516 392 IIII.
3681 346 3809 408 444

377 456 582 523 Roma,
619 455 1009 512 sanctissimae
1040 455 1143 509 Dei
1174 453 1441 509 ecclesia;
1462 453 2018 528 diaconus.Propter

2136 461 2233 528 τῆς
2261 459 2499 524 παλαιᾶς
2557 462 2802 535 Ῥώμης,
2862 461 3112 530 διάκονος
3170 472 3273 538 τῆς
3330 467 3644 544 ἁγιωτάτης
3693 479 3792 532 τοῦ

380 563 550 602 suam
583 553 778 603 autem
805 546 1112 601 scientiam
1136 551 1315 616 atque
1342 544 1586 600 virtutes
1609 544 1875 602 delectus
1898 553 2018 603 esta

2137 552 2271 604 Θεοῦ
2317 549 2631 622 ἐκκλησίας·
2689 550 2780 609 διὰ
2841 551 2898 610 δὶ
2944 557 3044 624 τήν
3099 561 3300 632 γνῶσιν
3350 559 3518 615 αὐτοῦ
3548 559 3636 616 καὶ
3689 565 3788 633 τήν

381 635 710 691 Theodosio
736 637 936 706 Magno
957 635 1424 706 imperatore,ut
1453 634 1609 690 filios
1640 635 1826 706 ipsius
1851 638 2031 692 Arca-

380 725 544 780 dium
579 733 636 780 et
667 725 986 780 Honorium
1011 741 1130 779 non
1162 724 1648 787 litteristantum.
1683 725 1786 780 sed
1819 732 1878 780 et
1909 725 2022 779 vir-

380 814 608 869 tutibus
632 814 942 869 imbueret.
979 813 1073 869 Sic
1103 831 1239 869 vero
1272 813 1343 870 ab
1389 814 1746 886 imperatore
1768 814 2024 870 honora-

378 902 646 964 batur.ut
675 905 849 959 Pater
879 904 1302 976 imperatorum
1337 905 1653 960 diceretur.
1689 905 1903 960 Verum
1927 905 2028 960 ille

376 992 580 1048 turbas
608 993 744 1048 odio
777 992 1444 1064 habens,terrarumque
1476 993 1894 1065 imperatorem
1929 993 2019 1048 fu-

371 1082 744 1154 giens.vitam
777 1082 1106 1138 solitariam
1133 1082 2025 1156 amavit,Regemquecaalestem

374 1172 634 1242 Optavit;
669 1189 845 1244 quem
877 1171 1142 1243 rogabat,
1176 1178 1239 1227 ut
1270 1189 1332 1227 se
1392 1173 1452 1226 in
1501 1173 1654 1227 viam
1712 1172 2016 1239 dirigeret,

370 1261 667 1332 quomodo
700 1261 911 1317 salvari
943 1261 1206 1316 deberet.
1241 1263 1455 1317 Vocem
1515 1262 1694 1335 igitur
1742 1261 1965 1316 audivit
1995 1276 2026 1316 e

367 1351 514 1406 caelo
548 1351 661 1406 sibi
695 1357 784 1407 ter
809 1351 1106 1407 dicentem
1142 1369 1154 1407 :
1189 1353 1421 1415 Arseni,
1456 1351 1589 1424 fuge
1629 1352 1925 1414 homines.
1959 1356 2017 1406 et

368 1439 690 1496 salvaberis
745 1442 815 1496 Et
845 1441 1046 1496 statim
1099 1441 1340 1497 mutatis
1389 1441 1668 1502 vestibus.
1711 1445 2018 1511 assumpto

364 1531 645 1601 pauperis
676 1530 902 1592 habitu,
937 1531 996 1584 in
1019 1531 1326 1604 rEgyptum
1352 1530 2014 1602 profectus,solitariam

363 1620 542 1675 vitam
578 1621 840 1693 suscepit
867 1637 880 1675 :
912 1637 1166 1692 cumque
1199 1627 1504 1687 certasset,
1538 1627 1602 1676 ut
1633 1637 1808 1676 nemo
1839 1619 2014 1689 alius,

362 1712 426 1766 in
453 1710 753 1783 profunda
783 1717 1095 1768 senectute
1126 1711 1197 1768 ad
1231 1712 1417 1768 Deum
1450 1712 1739 1785 migravit.

924 1929 1165 1986 EODEM
1209 1929 1354 1984 MEN
1361 1928 1463 1985 SE.

1053 2020 1156 2074 Die
1192 2035 1353 2075 nona

582 2107 682 2165 89
731 2109 1024 2165 Certamen
1072 2111 1250 2166 sancti
1297 2110 1455 2165 Isaia
1496 2106 1808 2180 propheta.

436 2217 622 2273 Isaias
655 2234 905 2291 magnus
938 2217 1039 2272 Dei
1067 2217 1358 2290 propheta
1413 2215 1740 2272 Jerusalem
1772 2214 2027 2286 patriam

365 2308 575 2364 habuit
609 2327 622 2376 ;
655 2309 982 2365 avunculus
1012 2315 1211 2364 autem
1270 2307 1382 2363 fuit
1417 2309 1684 2362 Manasse
1735 2306 1889 2380 regis
1921 2305 2026 2360 filii

363 2399 623 2454 Ezechiae
658 2415 671 2452 :
709 2415 888 2470 quem
923 2415 1058 2454 cum
1087 2404 1330 2470 prepter
1380 2397 1732 2468 iniquitates
1763 2411 1900 2451 suas
1930 2411 2029 2450 re-

367 2486 726 2560 darguisset,
761 2505 928 2544 serra
975 2488 1038 2542 in
1087 2488 1236 2543 duas
1286 2495 1484 2560 partes
1544 2491 1763 2554 sectus,
1796 2484 2026 2541 vivendi

367 2579 550 2634 finem
583 2579 744 2646 fecit,
777 2578 1168 2650 sepultusque
1224 2577 1338 2633 fuit
1384 2578 1559 2649 juxta
1614 2593 1823 2648 aquas,
1879 2592 2027 2648 quas

363 2668 642 2724 Ezechias
700 2685 803 2724 rex
853 2667 1216 2742 perdiderat,
1280 2674 1518 2741 aggesta
1570 2672 1728 2723 terra
1784 2673 2029 2739 propter

365 2758 663 2814 inimicos.
703 2759 857 2814 Deus
906 2763 1105 2813 autem
1141 2757 1373 2830 signum
1409 2756 1581 2813 Siloa:
1613 2754 1754 2811 fecit
1784 2761 2029 2828 propter

363 2847 890 2920 prophetam.Cum
916 2851 1074 2903 enim
1099 2854 1418 2920 antequam
1450 2853 1804 2911 moreretur,
1841 2845 2023 2902 sitiis-

365 2943 474 3005 set,
509 2937 718 3000 oravit.
753 2945 820 2993 ut
850 2953 1004 3010 aqua
1037 2937 1354 2994 scaturiret
1389 2954 1402 2992 :
1435 2943 1495 2994 et
1522 2937 1723 2993 statim
1755 2936 1938 2993 missa
1967 2937 2021 2992 ei

364 3025 477 3082 fuit
503 3043 574 3082 ex
607 3043 675 3083 eo
732 3043 925 3098 aqua:
987 3044 1055 3084 ac
1115 3034 1431 3099 propterea
1483 3025 1638 3084 Siloe
1694 3041 2023 3099 cognomen

368 3115 595 3182 habuit,
631 3117 742 3172 hoc
770 3123 883 3183 est,
931 3117 1170 3174 missus.
1222 3118 1292 3172 Et
1337 3118 1480 3173 olim
1534 3115 1780 3188 quidem
1840 3132 2021 3172 sacra:

2137 639 2355 716 ἀρετ-ἡν,
2413 642 2634 720 ἐξελέγη
2689 646 2836 722 παρά
2881 651 2978 702 τοῦ
3038 647 3297 724 Μεγάλου
3342 647 3637 708 Θεοδοσίου
3691 659 3790 710 τοῦ

2142 729 2413 806 βασιλέως
2463 731 2550 788 ἐπὶ
2608 735 2670 790 τὸ
2703 732 2974 792 διδάσκειν
3021 737 3088 793 τά
3144 737 3338 796 παιδία
3396 741 3586 812 αὐτοῦ,
3639 743 3795 801 τόντε

2137 819 2424 895 Ἀρκάδιον
2483 822 2572 879 καὶ
2628 826 2721 880 τὸν
2771 826 3067 901 Ὀνώριον,
3133 829 3196 884 οὐ
3257 829 3423 902 μόνον
3469 852 3792 908 γράμματα,

2135 908 2397 967 ἀλλὰκαὶ
2431 913 2649 989 ἀρετήν.
2680 913 2839 972 Οὕτω
2900 913 2957 971 δὲ
3014 916 3240 991 ἐτιμᾶτο
3299 919 3446 996 παρά
3504 924 3602 976 τοῦ
3637 923 3795 998 βασι-

2135 999 2300 1070 λέως,
2331 1005 2408 1065 ὡς
2460 1006 2552 1060 καὶ
2612 1003 3040 1084 Βασιλεοπάτωρ
3096 1008 3401 1067 καλεῖσθαι.
3436 1011 3597 1068 Ἀλλ’
3647 1012 3792 1069 ἐκεῖ-

2133 1112 2248 1161 νος,
2277 1093 2407 1155 τοὺς
2465 1089 2734 1168 θορύϐους
2794 1101 2994 1169 μισῶν,
3051 1097 3142 1154 καὶ
3199 1100 3290 1154 τὸν
3349 1101 3496 1156 κάτω
3559 1100 3792 1177 βασιλέα

2132 1182 2636 1260 ἀποστρεφόμενος,
2665 1185 2766 1255 τὴν
2829 1183 2887 1241 δὲ
2947 1188 3184 1264 ἡσυχίαν
3242 1189 3486 1266 ἀγαπῶν,
3545 1189 3635 1248 καὶ
3690 1193 3789 1248 τὸν

2133 1269 2246 1326 ἂνω
2277 1271 2509 1328 Βασιλέα
2561 1278 2767 1345 ποθῶν,
2825 1275 3123 1350 παρεκάλει
3175 1278 3336 1334 αὐτὸν
3395 1277 3669 1357 ὁδηγῆσαι
3702 1282 3784 1347 εἰς

2133 1359 2282 1431 ὁδὸν,
2314 1362 2465 1424 ὅπως
2499 1361 2583 1420 δεῖ
2628 1367 2891 1436 σωθῆναι·
2951 1367 3118 1437 ἦλθεν
3178 1369 3270 1424 οὗν
3310 1368 3458 1443 αὗτῷ
3511 1375 3667 1447 φωνὴ
3727 1373 3793 1431 ἐκ

2130 1455 2227 1506 τοῦ
2284 1453 2541 1528 οὐρανοῦ,
2603 1455 2837 1532 λέγουσα
2893 1453 2953 1512 ἐκ
3016 1456 3224 1533 τρίτου·
3305 1459 3567 1534 ’Δρσὲνιε,
3627 1467 3792 1540 φεῦγε

2131 1540 2259 1606 τοὺς
2315 1542 2664 1615 ἀνθρώπους,
2750 1547 2840 1601 καὶ
2924 1546 3123 1618 σώζου.
3215 1549 3310 1604 Καὶ
3367 1550 3674 1625 παραυτίκα
3719 1555 3790 1610 τὰ

2131 1631 2326 1704 ἱμάτια
2366 1630 2632 1704 ἀλλάξας,
2677 1633 2768 1690 καὶ
2801 1656 3040 1710 τορεσας
3098 1637 3355 1715 πενιχρὰ,
3405 1639 3649 1710 ἀπῆλθεν
3711 1643 3792 1707 εἷς

2131 1719 2440 1797 Αἴγυπτον,
2470 1723 2561 1778 καὶ
2588 1722 2854 1800 ἡσύχαζε.
2893 1727 2998 1784 Καὶ
3059 1727 3462 1804 ἀγωνισάμενος
3491 1731 3566 1794 ὡς
3598 1729 3783 1796 οὐδεὶς

2133 1807 2331 1881 ἄλλος,
2363 1810 2416 1868 ἂν
2447 1811 2603 1888 βαθεῖ
2629 1816 2775 1891 γήρᾳ
2807 1818 2944 1890 πρὸς
2977 1817 3108 1872 Θεὸν
3140 1815 3292 1890 ἆξεδή
3304 1839 3499 1893 μησεν.

2687 1931 2865 1989 ΗΗΝΙ
2902 1933 2994 1990 ΤΩ
3030 1936 3230 1994 ΑΥΤΩ.

2940 2030 2996 2080 Θ.

2311 2107 2592 2181 Ἀθλησις
2647 2107 2747 2166 τοῦ
2803 2111 2959 2186 ἁγίου
3017 2115 3306 2193 προφήτου
3361 2115 3610 2174 Ἡσαΐου.

2205 2214 2447 2287 Ἡσαΐας,
2485 2217 2512 2273 ὀ
2541 2223 2640 2275 τοῦ
2671 2223 2805 2276 Θεοῦ
2866 2221 3034 2298 μέγας
3092 2225 3408 2304 προφήτης,
3471 2223 3538 2294 ἦν
3573 2227 3670 2300 μὶν
3730 2225 3783 2302 ἐξ

2133 2304 2525 2382 Ἰερουσαλήμ,
2581 2314 2727 2373 θεῖος
2787 2307 2845 2365 δὶ
2896 2311 3113 2388 ὑπῆρχε
3163 2316 3262 2370 τοῦ
3321 2313 3590 2390 βασιλέως
3649 2318 3780 2374 Ma-

2133 2399 2302 2462 νασσῆ
2363 2396 2485 2452 υἱοῦ
2541 2398 2804 2468 Ἐζεκίου.
2855 2400 3142 2478 Ἐλὲγχων
3194 2400 3250 2458 δὶ
3305 2403 3464 2460 αὐτὸν
3524 2405 3612 2460 ἐπὶ
3667 2411 3786 2470 ταῖς

2135 2485 2391 2559 ἀνομίαις
2423 2485 2610 2557 αὐτοῦ,
2645 2487 2873 2564 ἐσχίσθη
2933 2490 3008 2553 εἷς
3063 2489 3159 2547 δύο
3217 2493 3352 2566 μετά
3407 2493 3656 2567 πρίονος⁸
3687 2497 3778 2552 καὶ

2130 2572 2482 2645 τελευτήσας,
2539 2574 2708 2655 ἐτάφη
2769 2575 3006 2650 πλησίον
3061 2584 3168 2635 τῶν
3212 2578 3444 2652 ὑδάτων,
3470 2583 3605 2659 ἅπερ
3637 2583 3788 2640 ἀπώ-

2133 2661 2286 2719 λεσεν
2343 2664 2595 2734 ’Βζεκίας
2655 2667 2683 2721 ὁ
2745 2667 3023 2742 βασιλεὺς,
3107 2670 3436 2746 καταχώσας
3497 2672 3633 2729 αὖτά
3690 2671 3785 2730 διὰ

2133 2751 2261 2815 τοὺς
2293 2750 2629 2827 πολεμίους’
2661 2776 2752 2810 και
2785 2757 2814 2812 ὁ
2845 2758 2974 2820 Θεὸς
3017 2759 3082 2813 τὸ
3139 2765 3369 2832 σημεῖον
3417 2764 3520 2816 τοῦ
3551 2761 3790 2838 Σιλωάμ

2133 2841 2361 2914 ἐποίησε
2393 2841 2484 2900 διὰ
2510 2845 2601 2900 τὸν
2635 2848 2954 2923 προφήτην·
2994 2845 3064 2902 δι’
3095 2849 3178 2904 δτι
3209 2850 3317 2923 πρὸ
3366 2854 3463 2906 τοῦ
3494 2849 3778 2908 ἀποθανεῖν

2133 2929 2368 3007 διψήσας
2418 2930 2620 3006 ηὔξατο
2678 2940 2855 2991 ποιεῖν
2931 2939 3143 3012 [πιεῖν.]
3192 2935 3362 3014 ὕδωρ,
3410 2940 3500 2996 καὶ
3585 2940 3783 3006 εὐθέως

2129 3021 2411 3096 ἀπεστάλη
2443 3024 2592 3097 αὐτῷ
2620 3023 2670 3098 ἐξ
2703 3024 2869 3080 αὐτοῦ
2899 3024 3068 3101 ὕδωρ·
3103 3027 3200 3083 Διά
3241 3031 3405 3084 τοῦτο
3436 3028 3646 3102 ἔκλήθη
3683 3036 3779 3086 Σι-

2133 3109 2322 3186 λωάμ,
2356 3111 2387 3167 δ
2443 3113 2798 3188 δρμηνεύεται
2857 3113 3290 3190 ἀπεσταλμένος.
3343 3116 3448 3174 Καὶ
3496 3119 3618 3174 τότε
3679 3121 3777 3192 μὶν

367 3205 674 3276 propheta
722 3205 994 3276 reliquias
1018 3206 1360 3277 jacuerunt,
1393 3211 1459 3261 ut
1491 3205 1826 3278 perhibent,
1852 3211 2018 3276 Juxta

2133 3198 2305 3257 ἔκειτο
2335 3202 2398 3258 τὸ
2429 3202 2576 3272 ἱερὸν
2617 3201 2872 3278 λείψανον
2907 3208 3006 3260 τοῦ
3063 3208 3352 3281 προφήτου
3408 3205 3662 3277 πλησίον,
3696 3209 3776 3269 ὡς

367 3309 554 3365 aquas
586 3293 763 3357 Siloe,
799 3300 857 3349 et
887 3294 1043 3366 apud
1074 3295 1415 3367 sepulcrum
1449 3293 1631 3350 David
1671 3300 1729 3350 et
1757 3292 2024 3350 Salomo-

364 3383 458 3438 nis
491 3400 718 3458 regum.
753 3384 1015 3440 Tandem
1060 3402 1196 3440 vero
1252 3381 1830 3456 Constantinopolim
1859 3389 2022 3440 tran-

361 3472 549 3540 slatae,
575 3474 750 3546 juxta
783 3474 1144 3532 Blachernas
1194 3473 1476 3548 deposita
1537 3474 1766 3531 suntin
1800 3475 2024 3548 templo

363 3563 553 3620 sancti
594 3565 872 3637 martyris
903 3565 1228 3622 Laurentii.

503 3750 570 3806 Et
599 3757 876 3806 certamen
917 3755 1097 3808 sancti
1144 3754 1408 3823 martyris
1469 3751 1876 3825 Christophori,

440 3856 520 3912 De
550 3857 663 3912 hoc
695 3865 902 3914 sancto
936 3859 1210 3930 quaedam
1250 3860 1553 3916 mirabilia
1609 3876 1677 3916 ac
1729 3860 2022 3933 stupenda

364 3945 523 4017 apud
555 3947 880 4003 nonnullos
913 3947 1324 4017 perhibentur,
1359 3948 1515 4020 quod
1550 3949 1779 4005 scilicet
1806 3950 2021 4006 faciem

362 4035 526 4090 canis
555 4035 814 4105 primum
856 4035 1154 4104 habuerit,
1209 4036 1600 4108 hominesque
1633 4037 2018 4107 devoraverit,

362 4139 430 4179 ac
457 4123 700 4180 tandem
733 4141 870 4181 cum
903 4125 964 4180 in
998 4127 1299 4182 Christum
1332 4126 1706 4192 credidisset,
1757 4127 2015 4185 formam

353 4214 688 4269 mutaverit.
730 4215 941 4270 Verum
973 4232 1097 4271 non
1143 4217 1226 4270 ita
1254 4232 1349 4271 res
1407 4231 1469 4272 se
1504 4216 1713 4272 habuit
1745 4233 1758 4271 :
1786 4216 1888 4272 sed
1937 4217 2018 4273 sic

354 4303 526 4360 illum
557 4305 744 4377 aliqui
774 4305 960 4363 fuisse
998 4307 1284 4379 suspicati
1317 4312 1477 4368 sunt.
1511 4307 1670 4380 quod
1701 4309 2013 4364 ethenicus

356 4403 532 4463 esset,
568 4403 626 4451 et
654 4397 840 4460 ferox,
875 4414 944 4454 ac
978 4398 1282 4453 terribilis.
1319 4399 1450 4453 Fuit
1481 4404 1681 4454 tamen
1717 4399 2018 4455 Decioim-

359 4490 627 4555 perante,
661 4491 720 4540 et
741 4501 776 4541 a
806 4485 1022 4542 comite
1047 4487 1108 4541 in
1135 4487 1340 4558 praalio
1362 4486 1851 4558 comprehensus,
1875 4503 2009 4542 cum

2133 3289 2369 3364 εἷ’ρηται,
2428 3297 2537 3348 τῶν
2581 3289 2789 3348 ὑδάτων
2835 3298 2933 3349 τοῦ
2992 3292 3253 3371 Σιλωὰμ,
3309 3295 3396 3351 καὶ
3449 3299 3544 3351 τοῦ
3596 3297 3769 3375 τάφου

2131 3385 2239 3436 τῶν
2295 3381 2563 3458 βασιλέων
2618 3380 2780 3438 Δαυῖδ
2834 3384 2926 3440 καὶ
2988 3384 3376 3458 Σολομῶντος,
3431 3383 3654 3463 ὕστερον
3713 3383 3774 3441 δὲ

2135 3471 2536 3546 μετακομισθὲν
2565 3470 2618 3527 ἐν
2651 3474 3255 3547 Κωνσταντινουπόλει,
3313 3475 3568 3544 κατετὲοη
3624 3473 3775 3547 πλη-

2131 3559 2246 3617 σίον
2299 3561 2654 3637 Βλαχερνῶν,
2710 3561 2762 3618 ἐν
2817 3566 2897 3636 τῷ
2952 3564 3065 3637 ναῷ
3121 3561 3219 3620 τοῦ
3288 3564 3442 3640 ἁγίου
3501 3568 3781 3644 μάρτυρος

2132 3650 2482 3728 Λαυρεντίου.

2235 3751 2334 3806 Καὶ
2363 3748 2596 3822 ἂθλησις
2621 3755 2719 3807 τοῦ
2749 3751 2907 3828 ἁγίου
2952 3753 3229 3830 μάρτυρος
3262 3753 3668 3833 Χριστοφόρου.

2199 3858 2329 3933 Περῖ
2385 3857 2582 3915 τούτου
2635 3865 2733 3916 τοῦ
2791 3861 2950 3936 ἀγίου
3002 3859 3256 3937 λέγονταί
3286 3883 3409 3918 τινα
3437 3863 3584 3939 παρά
3610 3885 3778 3920 τινων

2125 3945 2406 4022 τερατώδη
2463 3949 2554 4005 καὶ
2603 3948 2906 4026 παράῗοξα,
2970 3951 3054 4008 δτι
3111 3971 3171 4008 τε
3226 3953 3660 4028 κυνοπρόσωπος
3708 3955 3777 4024 ἦν

2123 4037 2413 4113 πρότερον,
2462 4038 2552 4093 καὶ
2613 4039 2932 4116 ἀνθρώπους
2981 4037 3190 4110 ἤσθιεν,
3251 4037 3472 4114 ὕστερον
3532 4038 3590 4096 δι
3643 4041 3783 4114 μετᾶ

2121 4126 2185 4181 τὸ
2245 4130 2526 4183 πιστεῦσαι
2573 4133 2654 4200 τῷ
2736 4130 2958 4205 Χριστῷ
3017 4131 3444 4206 μετεμορφώθη.
3493 4129 3610 4188 Οὐκ
3659 4127 3774 4185 ἔστι

2123 4212 2180 4270 δὶ
2220 4219 2403 4270 τοῦτο’
2460 4213 2607 4272 ἁ).λά
2656 4237 2804 4279 τινες
2849 4216 3013 4272 αὐτὸν
3074 4217 3249 4282 οὕτως
3298 4219 3628 4289 ὑπενόησαν,
3685 4216 3783 4274 διὰ

2120 4307 2182 4361 τὸ
2209 4304 2417 4370 tam?»
2475 4307 2612 4361 εἷναι
2665 4306 2755 4362 καὶ
2833 4305 3019 4383 ἂγριον
3070 4307 3160 4363 καὶ
3219 4301 3475 4386 φοϐερόνο
3506 4309 3663 4382 ὅμως
3716 4304 3777 4363 δὶ

2119 4395 2187 4464 ἦν
2219 4393 2308 4450 ἐπὶ
2335 4401 2438 4466 τῆς
2473 4393 2751 4470 βασιλείας
2811 4394 3025 4464 Δεκίου,
3063 4396 3152 4451 καὶ
3207 4396 3496 4472 κρατηθεὶς
3563 4396 3616 4452 ἐν
3670 4417 3778 4452 πο-

2121 4483 2278 4558 λέμῳ
2335 4484 2484 4562 παρά
2537 4488 2636 4540 τοῦ
2687 4484 2958 4560 κόμητος,
3038 4487 3116 4560 μὴ
3176 4482 3472 4559 δυνάμενος
3527 4483 3773 4549 λαλῆσαι

357 4575 556 4632 Graece
589 4576 754 4648 loqui
788 4595 901 4648 neq
923 4579 1296 4645 uiret,Deum
1322 4579 1580 4651 rogavit:
1617 4585 1676 4634 et
1710 4580 1927 4634 missus
1958 4580 2012 4634 ei

2133 4575 2424 4649 Γραικιστὲ,
2471 4570 2673 4648 ηὔξατο
2745 4577 2824 4644 τῷ
2913 4578 3052 4647 Θεῷ,
3133 4575 3225 4631 καὶ
3286 4575 3564 4646 ἀπεστάλη
3625 4573 3779 4647 αὐτῷ

352 4664 468 4719 fuit
496 4665 765 4736 angelus,
799 4667 1080 4737 inquiens
1111 4683 1124 4720 :
1183 4667 1530 4723 Confortare
1566 4685 1579 4722 :
1643 4673 2012 4740 tangensque

352 4753 512 4808 labia
565 4754 716 4825 ejus,
776 4755 935 4820 fecit,
990 4761 1057 4809 ut
1112 4756 1313 4810 Graace‘
1371 4757 1734 4827 loqueretur.
1791 4757 2007 4813 Urbem

354 4843 554 4912 itaque
639 4842 966 4916 ingressus,
1017 4843 1316 4900 Christum
1405 4845 1786 4916 pradicabat.
1850 4846 2009 4902 Missi

353 4939 555 4988 autem
588 4933 898 5001 satellites,
933 4934 1517 5005 comprehenderunt
1538 4952 1693 4991 eum.
1719 4935 1832 4992 Sed
1872 4953 2008 4992 cum

355 5023 517 5095 virga
547 5022 735 5094 ipsius
760 5023 1566 5095 germinasset.crediderunt
1595 5025 1656 5080 in
1688 5025 2008 5093 Christum,

354 5118 414 5167 et
444 5129 563 5168 una
592 5128 728 5168 cum
760 5113 888 5185 ipso
919 5113 1191 5184 baptizati
1227 5120 1367 5170 sunt
1396 5114 1571 5168 Antio
1585 5115 1732 5169 chiaa
1755 5122 2008 5171 asancto

354 5201 701 5274 Babyla,ubi
734 5209 792 5257 et
811 5202 994 5256 Chris’
1009 5201 1270 5273 ophorus
1288 5202 1622 5273 appellatus
1647 5203 1779 5258 fuit.
1797 5204 2010 5261 Postea

355 5291 430 5347 ad
463 5291 883 5361 imperatorem
911 5289 1222 5356 adductus,
1259 5292 1517 5364 primum
1546 5292 1787 5364 quidem
1819 5293 2004 5366 pluri-

351 5381 464 5436 mis
497 5381 859 5437 cruciatibus
901 5381 1236 5454 suincitur,
1289 5399 1357 5438 ac
1389 5382 1632 5439 tandem
1670 5383 1864 5455 capite
1898 5382 2008 5439 ob-

353 5475 684 5528 truncatur.

347 5575 452 5636 00
481 5581 549 5636 Et
579 5587 853 5637 certamen
884 5587 1205 5709 sanctam?-
1255 5587 1564 5666 martyrum
1610 5581 1926 5653 Epimachi,
1951 5590 2006 5638 et

1081 5668 1144 5707 or
1187 5669 1324 5707 iam.

1081 5668 1324 5707 οναιαηι.

428 5759 804 5830 Epimachus,
837 5765 897 5817 et
927 5759 1258 5818 Gordianus
1280 5759 1494 5817 Christi
1522 5767 1814 5834 martyres
1837 5767 2008 5819 erant

2123 4661 2378 4738 ἃγγελος,
2410 4661 2611 4739 λέγων’
2643 4660 2954 4740 Ἀνδρίζου’
3014 4663 3105 4719 καὶ
3159 4664 3436 4738 ἁψάμενος
3483 4667 3593 4719 τῶν
3653 4681 3779 4740 χει-

2117 4749 2259 4807 λέων
2319 4751 2506 4820 αὐτοῦ,
2589 4750 2843 4824 ἐποίησεν
2917 4753 3082 4808 αὐτὸν
3145 4751 3387 4824 λαλῆσαι
3468 4753 3771 4828 Γραικιστί.

2119 4839 2397 4897 Είσελθὼν
2445 4840 2535 4897 οὖν
2591 4840 2643 4896 ἐν
2699 4845 2769 4916 τῇ
2827 4841 3011 4913 πόλει,
3069 4842 3332 4918 ἐκήρυττε
3390 4843 3482 4899 τὸν
3511 4843 3773 4916 Χριστόν.

2118 4929 2583 4987 Ἀποστὲλλονται
2617 4929 2712 4986 οὖν
2772 4932 3099 5005 στρατιώται
3158 4939 3426 5004 κρατῆσαι
3457 4931 3638 4988 αὐτόν.
3671 4935 3775 4988 Καὶ

2116 5025 2218 5089 τῆς
2292 5015 2498 5096 ῥάϐδου
2579 5021 2752 5076 αὐτοῦ
2837 5020 3241 5097 βλαστησάσης,
3329 5020 3642 5077 ἐπίστευσαν
3693 5025 3777 5093 τῷ

2119 5110 2361 5185 Χριστῷ,
2391 5110 2482 5164 καὶ
2515 5109 2608 5164 σὺν
2638 5110 2789 5182 αὐτῷ
2849 5109 3201 5186 βαπτίζονται
3235 5109 3288 5165 ἐν
3319 5110 3634 5186 ’Δντιοχείᾳ
3666 5110 3774 5166 ὑπὸ

2117 5202 2214 5253 τοῦ
2245 5198 2404 5274 ἁγίου
2435 5193 2680 5269 Βαϐύλα,
2712 5197 2834 5254 ἔνθα
2890 5198 2980 5254 καὶ
3037 5199 3420 5277 Χριστοφόρος
3451 5199 3776 5274 ὠνομάσθη.

2118 5290 2251 5345 Εἶτα
2281 5288 2617 5364 προσαχθεὶς
2654 5293 2733 5361 τῷ
2797 5286 3033 5365 βασιλεῖ,
3081 5289 3171 5344 καὶ
3199 5289 3390 5346 πολλά
3422 5290 3770 5368 βασανισθεὶς

2116 5378 2408 5456 πρότερον,
2436 5377 2658 5456 ὕστερον
2683 5378 3117 5457 ἀπεκεφαΛίσθη.

2187 5573 2292 5631 Καὶ
2320 5571 2554 5646 ἄθλησις
2579 5577 2687 5629 τῶν
2723 5571 3216 5720 ἁγιίῷέδρᾶοἱρὲύρων
3250 5574 3568 5650 Ἐπιμάχου
3601 5575 3690 5632 καὶ

2187 5755 2498 5828 Ἐπίμαχος
2556 5755 2646 5809 καὶ
2700 5750 3024 5826 Γορδιανὸς,
3084 5753 3136 5808 οἱ
3191 5756 3288 5808 τοῦ
3340 5755 3577 5828 Χριστοῦ
3629 5757 3768 5831 μάρ·
