4108 6440
322 358 445 419 ω

1911 355 2177 419 MAlUS.

3628 357 3750 422 446

323 507 504 563 τυρες,
541 485 795 563 ὖπηρχον
840 487 899 544 in
926 493 1030 557 τῆς
1090 486 1341 562 μεγάλης
1402 485 1492 541 καὶ
1549 485 1791 548 παλαιᾶς
1847 487 1982 542 Ῥώ-

2104 503 2171 544 ex
2193 502 2407 561 magna
2464 492 2523 542 et
2576 490 2822 559 antiqua
2854 490 3056 545 Roma.
3090 487 3237 543 Cum
3272 504 3404 544 vero
3444 488 3745 547 Christum

328 594 462 650 μης’
498 574 589 631 διά
620 573 679 631 δὶ
716 578 779 631 τὸ
820 578 914 632 τὸν
976 578 1207 651 Χριστὸν
1260 576 1579 651 ὁμολογεῖν,
1632 576 1987 649 κρατηθέντες

329 668 437 723 ὑπὸ
466 672 573 722 τῶν
608 665 1052 743 εἰδωλολατρῶν,
1102 665 1483 739 παρεδόθησαν
1522 666 1603 741 τῷ
1648 674 1747 737 τῆς
1799 670 1989 743 χώρας

318 758 581 833 ἐπάρχφσ
640 758 730 813 καὶ
774 759 1304 833 καταναγκασθέντες
1362 758 1692 832 ἀρνήσασθαι
1753 758 1847 830 μὲν
1895 758 1985 812 τὸν

327 851 597 922 Χριστὸν,
630 850 786 903 θῦσαι
838 844 896 903 δὲ
947 853 1065 909 τοῖς
1118 844 1399 917 ε’δώλοις,
1453 846 1543 903 καὶ
1608 849 1683 922 μὴ
1741 842 1984 902 πεισθέν-

318 958 431 1006 τες,
520 936 827 1015 ἰτῦτρθησαν
909 935 1179 1015 σφοδρῶς·
1237 938 1329 992 καὶ
1401 939 1819 1012 κρεμασθέντες,
1877 936 1989 1009 ἐξέ-

326 1029 534 1098 σθησαν
600 1028 737 1099 μετά
796 1024 1038 1103 σιδηρῶν
1090 1026 1327 1102 ὀνύχων.
1396 1026 1530 1083 Εἶτα
1583 1027 1689 1081 ἀπὸ
1740 1030 1848 1081 τῶν
1896 1024 1986 1096 ξό-

325 1117 444 1172 λων
517 1111 1035 1188 καταϐιϐασθέντες,
1093 1116 1533 1186 ἀπεκλείσθησαν
1590 1115 1667 1179 εἲς
1719 1114 1986 1193 φυλακὴν,

328 1201 593 1269 λαϐόντες
654 1207 844 1276 καιρὸν
892 1206 1250 1280 προθεσμίας·
1310 1206 1462 1268 ὅπως
1524 1201 1990 1279 μεταμεληθέντες

326 1299 594 1366 ζησώσιν.
657 1297 726 1355 Οἱ
784 1293 841 1351 δὲ
898 1296 987 1351 καὶ
1072 1293 1124 1351 ὲν
1198 1298 1269 1371 τῇ
1328 1293 1545 1370 φυλακῇ
1631 1290 1803 1363 ὅντες,
1891 1292 1992 1350 οὐκ

316 1386 595 1441 ἑπάυοντο
624 1389 725 1442 τοῦ
755 1385 1177 1461 προσεύχεσθαι,
1209 1385 1299 1440 καὶ
1334 1385 1678 1460 εὐχαριστεῖν
1711 1388 1791 1457 τῷ
1847 1388 1988 1456 Θεῷ,

314 1474 404 1529 ὅτι
468 1475 890 1545 κατηξιώθησαν
956 1474 1089 1547 ὑπὲρ
1146 1474 1317 1528 αὐτοῦ
1379 1473 1762 1547 ἀγωνίζεσθαι.
1842 1471 1991 1529 Μετά

321 1562 384 1619 δέ
437 1585 596 1625 τινας
646 1566 860 1638 ἡμέρας
919 1566 1089 1619 πάλιν
1144 1559 1503 1633 ἐκϐληθέντες
1556 1570 1655 1631 τῆς
1713 1560 1985 1635 φυλακῆς,

327 1656 419 1708 καὶ
449 1652 692 1715 πολλαῖς
750 1654 841 1709 καὶ
901 1651 1187 1731 διαφόροις
1249 1652 1506 1729 βασάνοις
1555 1648 1988 1725 ὑποϐληθέντες,

337 1744 478 1820 ξίφει
499 1746 590 1806 τὰς
621 1743 773 1818 ἱεράς
806 1743 981 1798 αὐτῶν
1010 1742 1251 1822 κεφαλάς
1284 1744 1700 1816 ἀπετμήθησαν.

2098 579 2543 651 proﬁterentur,
2572 578 2988 651 comprehensi
3018 579 3091 635 ab
3125 578 3457 634 idololatris
3489 587 3649 638 sunt.
3690 587 3750 636 et

2098 668 2359 742 regionis
2392 667 2627 741 pransidi
2661 668 2882 735 traditi,
2916 669 2986 724 ab
3038 685 3227 740 eoque
3259 670 3551 741 compulsi
3584 682 3597 720 ι
3627 670 3753 725 hri-

2099 765 2257 814 stum
2287 759 2668 832 abnegareet
2697 758 2874 814 idolis
2906 759 3260 815 sacrilicare.
3285 760 3499 814 Verum
3522 776 3657 815 cum
3692 759 3752 815 id

2103 864 2164 903 se
2198 850 2457 905 facturos
2488 856 2793 922 negarent.
2840 849 3120 903 atrociter
3150 855 3289 903 sunt
3318 850 3451 903 cassi
3490 866 3502 902 :
3534 849 3751 904 deinde

2103 941 2165 995 in
2198 938 2521 1011 equuleum
2552 938 2824 1010 suspensi
2857 944 2917 993 et
2949 938 3153 992 ferreis
3185 937 3423 1010 ungulis
3452 937 3747 994 dilaniati.

2099 1030 2230 1084 Mox
2261 1045 2292 1084 e
2322 1029 2500 1101 lignis
2560 1027 2835 1098 depositi,
2878 1027 2939 1081 in
2984 1042 3283 1082 carcerem
3326 1026 3750 1094 detruduntur,

2100 1124 2319 1175 statuto
2351 1119 2439 1173 eis
2467 1123 2757 1189 tempore,
2817 1133 2934 1188 quo
2986 1117 3034 1172 si
3088 1116 3533 1188 resipiscerent,
3560 1116 3751 1171 vivere

2098 1216 2364 1283 possent.
2402 1209 2486 1265 Illi
2521 1225 2657 1265 vero
2691 1209 2751 1264 in
2776 1224 3010 1263 carcere
3042 1207 3609 1279 detenti,nunquam
3632 1208 3750 1262 Deo

2098 1316 2307 1372 preces
2339 1300 2574 1363 offerre,
2598 1300 2774 1370 eique
2803 1299 3022 1371 gratias
3053 1313 3225 1370 agere
3256 1298 3747 1362 cessarunt.Quo-

2100 1390 2257 1445 circa
2284 1389 2448 1461 digni
2506 1388 2694 1445 habiti
2748 1394 2890 1444 sunt
2942 1394 3242 1443 certamen
3285 1394 3525 1458 prapter
3554 1387 3749 1457 ipsum

2100 1478 2320 1534 subire.
2357 1481 2497 1535 Post
2526 1478 2757 1549 aliquot
2786 1484 2985 1533 autem
3022 1476 3149 1532 dies
3203 1475 3397 1530 denuo
3431 1492 3461 1529 e
3513 1490 3747 1530 carcere

2100 1568 2318 1627 educti.
2350 1575 2409 1624 et
2464 1568 2741 1640 plurimis
2789 1567 3153 1638 diversisque
3186 1564 3438 1636 subjecti
3470 1563 3747 1620 cruciati-

2098 1656 2231 1726 bus,
2252 1656 2449 1732 gladio
2480 1658 2839 1714 obtruncati.

340 1864 441 1921 Καὶ
474 1865 692 1935 ἄθλησις
715 1868 815 1920 τοῦ
865 1863 1025 1938 ἁγίου
1053 1862 1362 1958 1⁵μάρτυρος
1398 1859 1705 1940 Κοδράτου,
1736 1862 1826 1917 καὶ
1882 1864 1984 1928 τῆς

2104 1868 2165 1923 Et
2194 1873 2469 1924 certamen
2525 1868 2704 1923 sancti
2746 1866 3012 1946 martyris
3070 1863 3321 1931 Codrati,
3381 1868 3432 1918 et
3474 1862 3747 1919 sociorum

915 1933 1177 1998 συνοδίας
1200 1933 1387 1992 αὐτοῦ’

396 2050 694 2128 Κοδρᾶτος,
757 2054 785 2109 ὁ
864 2058 965 2109 τοῦ
1022 2055 1258 2130 Χριστοῦ
1319 2052 1546 2129 μάρτυς,
1602 2051 1849 2129 ὑπῆρχεν
1894 2051 1983 2109 ἐπὶ

317 2148 421 2210 τῆς
467 2142 751 2217 βασιλείας
804 2142 993 2198 Δεκίου
1050 2142 1142 2198 καὶ
1187 2140 1591 2217 Οὐαλεριανοῦ,
1620 2140 1674 2197 ἐν
1730 2148 1988 2216 Νικομη-

316 2228 438 2303 δεία
465 2236 537 2305 τῇ
587 2231 771 2287 πόλει·
832 2229 922 2287 διὰ
980 2229 1038 2288 δὲ
1087 2233 1188 2302 τήν
1249 2230 1325 2294 εἷς
1383 2231 1619 2307 Χριστὸν
1676 2228 1984 2306 ὁμολογίαν

318 2322 617 2393 κρατηθεὶς
678 2322 783 2377 ὑπὸ
838 2326 946 2377 τῶν
1024 2319 1337 2393 Ἑλλήνων,
1395 2322 1529 2395 μετά
1579 2327 1681 2391 τῆς
1742 2319 1987 2384 συνοδίας

318 2414 515 2482 αὐτοῦ,
578 2413 733 2485 ἤχθη
790 2412 1015 2488 δέσμιος
1069 2416 1160 2469 καὶ
1245 2410 1521 2490 παρεδόθη
1576 2418 1657 2487 τῷ
1727 2421 1830 2483 τῆς
1884 2413 1987 2469 πό-

320 2501 468 2566 λεως
543 2504 857 2577 ἀνθυπάτῳ·
920 2503 1012 2559 καὶ
1082 2502 1403 2580 ἐρωτηθεὶς,
1462 2500 1803 2579 ὡμολόγησε
1848 2502 1988 2579 παῤ-

316 2593 487 2670 ρησίᾳ
516 2594 609 2648 τὸν
643 2594 900 2668 Χριστόν.
962 2592 1272 2655 ’Δπλωθεῖς
1329 2592 1420 2647 οὗν
1479 2596 1617 2648 κατά
1673 2600 1803 2669 γῆν,
1862 2592 1981 2647 ἐτό-

321 2686 431 2755 φθη
506 2683 824 2758 βουνεόροις
885 2683 1102 2758 ξηροῖς·
1184 2683 1273 2738 καὶ
1356 2683 1604 2755 αἱμάτων
1685 2680 1988 2757 πληρώσας

320 2774 427 2841 τήν
456 2778 587 2849 γῆν,
619 2776 701 2841 τῷ
752 2770 1119 2846 δεσμωτηρίῳ
1153 2768 1449 2844 παρεδόθη.
1490 2774 1621 2829 Εἶτα
1646 2770 1723 2834 εἷς
1755 2771 1984 2829 Νίκαιαν

328 2861 529 2938 ἀχθεὶς
581 2862 730 2936 παρά
783 2864 882 2917 τοῦ
938 2861 1265 2930 ἀνθυπάτου,
1326 2860 1673 2935 ἐτιμωρήθη.
1706 2860 1875 2923 Τινάς
1932 2858 1990 2916 δὶ

322 2946 667 3030 φοϐηθέντας
722 2952 819 3015 τὰς
878 2950 1159 3022 κολάσεις,
1231 2950 1607 3027 βουλομένους
1665 2954 1841 3021 θῦσαι,
1898 2951 1991 3007 τὸν

322 3036 496 3119 φόϐον
560 3045 695 3097 Θεοῦ
758 3042 1103 3115 ὑπομνήσας,
1134 3039 1432 3116 ἐστήριξεν·
1497 3039 1591 3105 οῦς
1625 3038 1702 3103 είς
1753 3044 1860 3115 πῦρ
1892 3038 1989 3115 ἔμ-

324 3127 515 3188 ϐαλὼν
562 3133 590 3188 ό
652 3131 957 3196 ἀνθύπατος
1015 3127 1257 3189 ἔκαυσεν.
1318 3132 1380 3189 Ὀ
1439 3128 1498 3187 δὲ
1554 3128 1833 3207 Κοδρᾶτος
1885 3130 1991 3187 ἀπὸ

2860 1953 2998 2007 ejus.

2166 2058 2454 2115 Codratus
2484 2059 2701 2115 Christi
2734 2064 2961 2129 martyr
2984 2052 3557 2128 fuit.imperantibus
3573 2052 3749 2108 Decio

2096 2154 2157 2204 et
2188 2149 2517 2218 Valeriano,
2553 2150 2613 2204 in
2655 2148 2800 2204 urbe
2832 2146 3193 2204 Nicomedia.
3228 2146 3477 2216 Propter
3531 2141 3749 2197 Christi

2098 2249 2296 2296 autem
2328 2239 2762 2296 confessionem
2821 2237 2893 2293 ab
2954 2235 3207 2292 ethnicis
3256 2231 3749 2305 comprehensus,

2095 2349 2217 2390 una
2240 2347 2373 2387 cum
2409 2330 2585 2387 sociis
2613 2330 2847 2384 vinctus
2895 2326 3235 2390 adducitur,
3266 2329 3325 2379 et
3355 2321 3588 2377 sistitur
3618 2318 3753 2375 civi-

2098 2423 2237 2479 tatis
2266 2420 2609 2493 proconsuli
2655 2425 2917 2489 Cumque
2949 2418 3348 2487 interrogatus
3375 2409 3748 2476 esset,libere

2096 2512 2399 2567 Christum
2429 2510 2733 2583 professus
2763 2510 3069 2573 est.Quare
3100 2505 3163 2560 in
3196 2511 3413 2560 terram
3445 2507 3747 2561 extensus,

2099 2603 2284 2660 aridis
2341 2602 2520 2658 boum
2572 2601 2769 2656 nervis
2827 2599 3076 2655 creditur
3137 2614 3150 2652 :
3203 2610 3457 2666 cumque
3499 2591 3748 2647 humum

2098 2693 2387 2765 sanguine
2437 2709 2544 2747 suo
2592 2692 2917 2759 irrigasset,
2978 2689 3040 2743 in
3078 2701 3377 2743 carcerem
3409 2681 3749 2753 conjicitur.

2098 2781 2323 2838 Deinde
2380 2783 2632 2839 Nicaeam
2689 2798 2724 2837 a
2778 2776 3135 2853 proconsule
3192 2775 3505 2839 abductus,
3558 2771 3753 2827 denuo

2099 2872 2414 2927 tormentis
2441 2872 2735 2943 sujicitur.
2784 2871 2929 2925 Cum
2959 2884 3096 2923 vero
3145 2864 3421 2921 nonnulli
3454 2865 3756 2917 tormenta

2100 2962 2589 3023 extimescerent,
2642 2966 2821 3030 atque
2879 2957 3058 3013 idolis
3114 2954 3451 3011 sacrificare
3508 2951 3750 3019 vellent,

2098 3052 2375 3109 timorem
2405 3051 2508 3107 Dei
2540 3051 2603 3105 in
2629 3055 2887 3106 mentem
2920 3046 2994 3103 iis
3049 3060 3352 3108 revocans,
3384 3041 3757 3098 conﬁrmavit

2101 3154 2203 3195 eos
2229 3157 2242 3195 :
2273 3156 2424 3213 quos
2454 3134 3053 3212 proconsulﬂammis
3069 3131 3221 3188 tradi
3240 3128 3442 3203 jussit.
3464 3127 3753 3184 Codratus

318 3220 549 3284 πόλεως
607 3220 686 3284 εἷς
735 3220 903 3277 πόλιν
966 3221 1365 3297 περιαγόμενος
1394 3219 1485 3275 καὶ
1525 3219 1697 3282 πάσας
1724 3226 1844 3283 τοῖς
1903 3217 1986 3275 α’ί-

2106 3236 2306 3286 autem
2340 3246 2410 3285 ex
2442 3227 2591 3285 urbe
2625 3227 2687 3282 in
2716 3225 2929 3283 urbem
2961 3220 3426 3283 circumductus,
3488 3233 3624 3273 cum
3653 3232 3752 3273 eas

324 3333 462 3386 μασι
491 3313 867 3387 καθαγιάζων,
920 3312 1021 3382 τήν
1078 3310 1455 3388 Ἐρμούπολιν
1485 3305 1830 3385 καταλαϐὼν,
1886 3312 1988 3381 τήν

325 3402 581 3481 κεφαλήν
616 3403 910 3477 ἀπετμήθη
921 3447 934 3461 .

886 3504 1068 3560 “HN!
1105 3503 1197 3560 ΤΩ
1234 3503 1437 3560 ΛΥΤΩ.

555 3698 807 3772 Ἀθλησις
835 3703 936 3756 τοῦ
966 3611 1439 3775 ἀγίουιμάρτυρος
1470 3695 1763 3773 ’[Ισυχίου.

413 3860 686 3937 Ἦσύχιος,
716 3863 745 3917 ὁ
775 3864 873 3917 τοῦ
929 3864 1177 3935 Χριστοῦ
1231 3860 1458 3936 μάρτυς,
1486 3859 1553 3928 ἦν
1593 3859 1688 3932 μὶν
1722 3858 1812 3914 ἐπὶ
1864 3861 1983 3917 Μα-

326 3954 583 4025 ξιμιανοῦ
610 3957 705 4009 τοῦ
741 3952 1031 4029 βασιλέως
1067 3954 1284 4027 πρῶτος
1337 3954 1434 4005 τοῦ
1489 3948 1761 4004 παλατίου
1818 3948 1983 4025 ὑπέρ·

327 4063 478 4119 χων,
515 4042 605 4097 καὶ
636 4045 736 4111 τήν
768 4042 914 4114 ἀξίαν
953 4041 1271 4117 μάγιστρος·
1306 4038 1358 4095 ἰν
1403 4040 1717 4115 Ἀντιοχείᾳ
1774 4036 1831 4095 δὲ
1862 4037 1980 4095 δια-

321 4129 534 4208 τρίϐων
596 4134 623 4188 ὁ
697 4132 1053 4206 Μαξιμιανὸς,
1140 4130 1433 4205 προσέταξε
1518 4130 1842 4206 Χριστιανὸν
1904 4129 1981 4203 μὴ

326 4223 737 4294 στρατεύεσθαι·
788 4219 935 4277 ἀ)λά
976 4220 1106 4286 τοὺς
1166 4219 1541 4297 βουλομένους
1572 4220 1810 4296 Χριστὸν
1845 4220 1984 4292 ὁμο-

324 4312 544 4388 λογεῖν,
579 4309 738 4367 λῦσαι
780 4312 874 4374 τάς
930 4312 1122 4381 ζώνας,
1153 4311 1241 4366 καὶ
1304 4308 1625 4365 ίόιωτεύειν.
1687 4309 1785 4365 Καὶ
1836 4307 1982 4365 πολ-

321 4400 442 4457 λῶν
476 4403 763 4474 ἑλομένων
820 4401 913 4456 τὸν
972 4397 1161 4471 ἄδοξον
1217 4398 1430 4472 μᾶλλον
1485 4398 1626 4475 βίον,
1683 4400 1719 4468 ἢ
1778 4399 1878 4467 τήν
1929 4396 1983 4453 ἐν

322 4491 572 4563 ἀπολείᾳ
594 4493 783 4564 τιμήν,
816 4493 893 4554 εἷς
923 4488 1132 4546 τούτων
1164 4489 1354 4565 γέγονε
1401 4488 1493 4543 καὶ
1531 4488 1559 4543 ὁ
1620 4489 1790 4563 μέγας
1821 4487 1982 4545 Ἦσύ-

330 4601 489 4657 χιος.
525 4581 629 4638 Καὶ
680 4585 842 4636 τοῦτο
882 4578 1047 4656 γνοὺς
1106 4580 1135 4634 ὁ
1189 4576 1469 4654 βασιλεὺς,
1527 4573 1763 4650 ἑξέδυσεν
1822 4576 1981 4633 αὐτὸν

323 4673 394 4727 τά
418 4668 701 4741 πολυτελῆ
737 4671 949 4744 ἱμάτια,
1002 4668 1093 4724 καὶ
1152 4665 1373 4730 ένδῦσας
1402 4660 1665 4723 κολόὸιον
1715 4666 1985 4742 τρίχινον,

332 4762 476 4835 μετά
504 4764 613 4816 τῶν
644 4764 914 4836 γυναικῶν
967 4756 1248 4832 κατέκρινε
1305 4754 1631 4834 συνδιάγειν.
1692 4755 1797 4812 Καὶ
1855 4754 1988 4829 μετά

326 4872 485 4913 τινας
564 4845 777 4926 ἡμέρας
832 4848 1349 4925 προσκαλεσάμενος
1423 4848 1610 4917 αὐτὸν,
1670 4842 1795 4923 ἔφη·
1855 4845 1990 4902 Εἰπέ

348 4963 469 5015 μοι.
524 4940 777 5015 Ἡσύχιε,
833 4938 878 4994 εἷ
938 4938 1037 4994 οὐκ
1091 4937 1328 5014 αἰσχύνῃ
1386 4935 1439 4992 ἓν
1522 4935 1716 5009 ἀτιμίᾳ
1770 4934 1993 5011 τοιαύτῃ

334 5029 544 5107 διάγειν
580 5048 593 5088 :
626 5031 688 5088 Ὁ
719 5027 778 5085 δὲ
808 5028 975 5085 εἶπενο
1034 5029 1101 5086 Ἦ
1156 5029 1303 5101 παρά
1355 5029 1451 5082 σοῦ
1486 5027 1626 5100 τιμὴ
1658 5024 1991 5101 πρόσκαιρός

332 5122 468 5178 ἐστι.
504 5120 649 5179 Τότε
679 5119 830 5175 λίθον
897 5118 1128 5192 μυλικὸν
1188 5113 1504 5191 προσδήσας
1560 5114 1725 5171 αὐτοῦ
1756 5118 1835 5187 τῷ
1863 5135 1991 5190 τρα-

333 5212 505 5289 χῆλῳ
536 5212 566 5268 ὁ
601 5208 881 5287 βασιλεὺς,
914 5206 1129 5284 ἔρῥιψεν
1190 5205 1243 5262 ἐν
1300 5209 1381 5276 τῷ
1434 5207 1682 5282 Ὀρώντῃ
1730 5208 1990 5279 «omnip,

323 5301 450 5369 ἔνθα
477 5301 664 5359 καὶτὸ
702 5296 967 5373 μακάριον
1028 5295 1241 5370 ἐδέξατο
1297 5292 1483 5370 τέλος,
1542 5290 1839 5353 ἀπολαϐὼν
1896 5295 1990 5373 βα-

314 5394 527 5451 σιλείαν
568 5390 841 5467 οὐρανῶν.

309 5546 412 5607 Καὶ
464 5544 676 5621 μνήμη
738 5540 839 5593 τοῦ
892 5535 1044 5621 ὁσίου
1096 5535 1337 5621 ξὲιατθςὸς⁹
1375 5533 1836 5609 ἡμῶνἬσυχίου
1891 5537 1989 5589 τοῦ

982 5607 1362 5681 ὁμολογητοῦ.

372 5738 567 5799 Οὗτος
611 5732 850 5803 ὑπῆρχε
908 5725 1003 5798 μὶν
1057 5723 1116 5780 ix
1172 5730 1273 5795 τῆς
1319 5724 1510 5799 χώρας
1561 5727 1672 5780 τῶν
1706 5726 1990 5801 Ἀρμενια-

2103 3336 2313 3376 omnes
2342 3319 2632 3393 sanguine
2665 3334 2772 3373 suo
2804 3310 3482 3377 consecrasset,tandem
3514 3309 3755 3364 Hermo-

2096 3409 2283 3482 polim
2314 3408 2496 3477 venit,
2528 3407 2734 3479 ibique
2766 3406 2959 3478 capite
2990 3403 3379 3459 obtruncatus
3405 3396 3535 3455 fuit.

2655 3513 2897 3570 EODEM
2925 3508 3177 3565 MENSE.

2746 3602 2849 3658 Die
2881 3599 3115 3656 decima

2307 3694 2403 3751 οι
2446 3692 2735 3751 Certamcn
2758 3691 2937 3748 sancti
2966 3687 3224 3759 Hesychii
3256 3683 3536 3754 martyris.

2166 3861 2494 3934 Hesychius
2523 3858 2740 3917 Christi
2770 3863 2999 3930 martyr
3027 3856 3161 3919 fuit,
3185 3854 3537 3911 Maximiano
3555 3854 3744 3925 impe-

2097 3962 2315 4019 ratore,
2349 3953 2577 4026 primus
2608 3952 2670 4007 in
2719 3949 2961 4024 palatio,
3004 3966 3071 4006 ac
3102 3947 3388 4022 dignitate
3440 3946 3744 4019 magister.

2091 4048 2236 4104 Cum
2270 4051 2470 4101 autem
2504 4042 2893 4099 Maximianus
2925 4040 3253 4096 Antiochia
3305 4037 3565 4111 degeret,
3595 4052 3745 4107 prm-

2095 4139 2272 4210 cepit.
2305 4154 2382 4194 ne
2409 4134 2733 4192 Christiani
2765 4134 3114 4195 militarent,
3151 4130 3261 4186 sed
3314 4130 3416 4201 qui
3447 4128 3745 4183 Lhristum

2097 4228 2365 4300 proﬁteri
2431 4225 2670 4293 vellent,
2722 4222 3024 4297 cingulum
3083 4220 3398 4283 solverent,
3455 4218 3755 4287 vitamque

2093 4318 2382 4390 privatam
2416 4312 2851 4389 agerent.Multi
2886 4308 3401 4383 igituringloriam
3424 4307 3605 4362 vitam
3638 4303 3751 4359 sibi

2093 4412 2294 4484 potius
2316 4411 2643 4484 elegerunt,
2696 4423 2875 4479 quam
2933 4407 2995 4460 in
3050 4403 3384 4477 perditione
3439 4400 3751 4455 honorem.

2098 4501 2182 4556 Ex
2212 4517 2467 4572 quorum
2519 4513 2769 4555 numero
2826 4495 2941 4551 fuit
2997 4499 3057 4549 et
3113 4507 3364 4565 magnus
3393 4486 3745 4560 Hesychius.

2017 4624 2064 4690 D
2095 4588 2262 4654 Quod
2294 4589 2393 4645 ubi
2427 4589 2753 4660 imperator
2782 4583 3270 4651 intellexit,exuit
3298 4595 3435 4679 eum
3468 4576 3747 4678 pretiosis

2101 4678 2387 4745 vestibus,
2420 4686 2478 4733 et
2507 4677 2739 4733 colobio
2773 4675 3011 4731 ciliciuo
3071 4673 3347 4727 indutum
3397 4668 3585 4740 jussit
3630 4681 3753 4723 una

2103 4786 2237 4826 cum
2271 4767 2625 4824 mulieribus
2654 4767 2887 4841 degere.
2921 4768 3062 4821 Post
3110 4762 3341 4834 aliquot
3396 4766 3594 4815 autem
3626 4757 3753 4813 dies

2103 4860 2275 4915 illum
2308 4874 2661 4915 accersens:
2695 4860 2921 4923 Nonne,
2958 4853 3173 4927 inquit,
3206 4851 3389 4925 pudet
3444 4857 3521 4917 te,
3572 4849 3754 4920 Hesy-

2106 4948 2223 5016 chi,
2285 4947 2349 5002 in
2400 4946 2501 5003 tali
2560 4945 2889 5019 ignominia
2944 4943 3166 4999 versari
3215 4940 3243 4996 Ἰ
3308 4943 3382 4995 At
3438 4938 3562 5005 ille,
3610 4944 3747 4992 tuus

2104 5040 2318 5107 honor,
2347 5038 2634 5109 reposuit,
2666 5036 2741 5093 ad
2767 5043 3003 5108 tempus
3050 5033 3244 5089 durat.
3268 5032 3413 5087 Tum
3444 5046 3582 5087 vero
3641 5028 3755 5083 im-

2103 5136 2343 5201 perator
2371 5128 2659 5184 molarem
2691 5125 2951 5198 lapidem
2980 5124 3057 5181 ad
3086 5123 3309 5179 collum
3342 5122 3471 5192 ejus
3500 5116 3753 5189 alligari,

2104 5219 2421 5292 ipsumque
2454 5219 2516 5274 in
2546 5218 2828 5275 Orontem
2877 5215 3123 5272 ﬂuvium
3182 5209 3391 5285 projici
3416 5207 3620 5280 jussit,
3653 5204 3755 5260 ubi

2105 5314 2165 5364 et
2192 5307 2432 5366 beatum
2467 5308 2649 5367 ﬁnem
2676 5305 2926 5379 accepit,
2976 5318 3227 5377 regnum
3284 5298 3569 5356 caelorum
3616 5292 3755 5349 ade-

2102 5405 2260 5473 ptus.

2172 5548 2245 5602 Et
2270 5547 2539 5603 memoria
2567 5548 2744 5602 sancti
2780 5540 2965 5627 Patris
2980 5542 3157 5598 nostri
3182 5535 3445 5609 Hesychii
3473 5532 3681 5599 confes-

2854 5631 3011 5672 80118.

2178 5724 2283 5782 Hic
2312 5725 2425 5783 fuit
2455 5741 2527 5784 ex
2556 5725 2798 5800 regione
2829 5720 3344 5779 Armeniacorum.
3377 5714 3634 5787 Cupiens
3651 5725 3759 5767 au-
