  <div class='ocr_page' id='page_1' title='image "/cluster/home/n/w/nwhite01/storage/ocr_20150623/117/coo.31924054870211/233.png"; bbox 0 0 4108 6474; ppageno 0'>
   <div class='ocr_carea' id='block_1_1' title="bbox 375 435 493 493">
    <p class='ocr_par' dir='ltr' id='par_1_1' title="bbox 375 435 493 493">
     <span class='ocr_line' id='line_1_1' title="bbox 375 435 493 493; baseline 0.025 -3"><span class='ocrx_word' id='word_1_1' title='bbox 375 435 493 493; x_wconf 63' lang='grc'>447</span> 
     </span>
    </p>
   </div>
   <div class='ocr_carea' id='block_1_2' title="bbox 1676 425 2490 492">
    <p class='ocr_par' dir='ltr' id='par_1_2' title="bbox 1676 425 2490 492">
     <span class='ocr_line' id='line_1_2' title="bbox 1676 425 2490 492; baseline -0.001 -1"><span class='ocrx_word' id='word_1_2' title='bbox 1676 426 2101 492; x_wconf 85' lang='lat' dir='ltr'>MENOLOGII</span> <span class='ocrx_word' id='word_1_3' title='bbox 2146 425 2347 490; x_wconf 79' lang='lat' dir='ltr'>PARS</span> <span class='ocrx_word' id='word_1_4' title='bbox 2385 428 2490 490; x_wconf 87' lang='lat' dir='ltr'>III.</span> 
     </span>
    </p>
   </div>
   <div class='ocr_carea' id='block_1_3' title="bbox 3668 424 3797 485">
    <p class='ocr_par' dir='ltr' id='par_1_3' title="bbox 3668 424 3797 485">
     <span class='ocr_line' id='line_1_3' title="bbox 3668 424 3797 485; baseline -0.008 0"><span class='ocrx_word' id='word_1_5' title='bbox 3668 424 3797 485; x_wconf 66' lang='grc'>448</span> 
     </span>
    </p>
   </div>
   <div class='ocr_carea' id='block_1_4' title="bbox 377 558 2033 641">
    <p class='ocr_par' dir='ltr' id='par_1_4' title="bbox 377 564 2019 638">
     <span class='ocr_line' id='line_1_4' title="bbox 377 564 2019 638; baseline -0.002 -16"><span class='ocrx_word' id='word_1_6' title='bbox 377 572 497 624; x_wconf 88' lang='lat' dir='ltr'>tem</span> <span class='ocrx_word' id='word_1_7' title='bbox 524 567 854 624; x_wconf 82' lang='lat' dir='ltr'>monachus</span> <span class='ocrx_word' id='word_1_8' title='bbox 889 566 1345 638; x_wconf 83' lang='lat' dir='ltr'>ﬂeri,vitamque</span> <span class='ocrx_word' id='word_1_9' title='bbox 1377 566 1767 638; x_wconf 80' lang='lat' dir='ltr'>tranquillam</span> <span class='ocrx_word' id='word_1_10' title='bbox 1781 564 2019 631; x_wconf 87' lang='lat' dir='ltr'>ducere,</span> 
     </span>
    </p>
   </div>
   <div class='ocr_carea' id='block_1_5' title="bbox 2146 558 3792 641">
    <p class='ocr_par' dir='ltr' id='par_1_5' title="bbox 2146 558 3792 641">
     <span class='ocr_line' id='line_1_5' title="bbox 2146 558 3792 641; baseline -0.007 -18"><span class='ocrx_word' id='word_1_11' title='bbox 2146 571 2269 623; x_wconf 73' lang='grc' dir='ltr'>ιιῶνσ</span> <span class='ocrx_word' id='word_1_12' title='bbox 2306 563 2601 641; x_wconf 80' lang='grc' dir='ltr'>βουληθεὶς</span> <span class='ocrx_word' id='word_1_13' title='bbox 2632 560 2690 619; x_wconf 74' lang='grc' dir='ltr'>δὲ</span> <span class='ocrx_word' id='word_1_14' title='bbox 2724 563 2969 639; x_wconf 82' lang='grc' dir='ltr'>γενέσθαι</span> <span class='ocrx_word' id='word_1_15' title='bbox 3023 561 3267 635; x_wconf 87' lang='grc' dir='ltr'>μοναχὸς</span> <span class='ocrx_word' id='word_1_16' title='bbox 3325 559 3415 615; x_wconf 83' lang='grc' dir='ltr'>καὶ</span> <span class='ocrx_word' id='word_1_17' title='bbox 3471 558 3792 633; x_wconf 75' lang='grc' dir='ltr'>ἡσυχάσας,</span> 
     </span>
    </p>
   </div>
   <div class='ocr_carea' id='block_1_6' title="bbox 378 656 2032 718">
    <p class='ocr_par' dir='ltr' id='par_1_6' title="bbox 378 656 2032 718">
     <span class='ocr_line' id='line_1_6' title="bbox 378 656 2032 718; baseline -0.002 -7"><span class='ocrx_word' id='word_1_18' title='bbox 378 657 440 712; x_wconf 88' lang='lat' dir='ltr'>in</span> <span class='ocrx_word' id='word_1_19' title='bbox 474 658 774 712; x_wconf 89' lang='lat' dir='ltr'>maritima</span> <span class='ocrx_word' id='word_1_20' title='bbox 805 657 935 712; x_wconf 91' lang='lat' dir='ltr'>loca</span> <span class='ocrx_word' id='word_1_21' title='bbox 964 656 1292 713; x_wconf 82' lang='lat' dir='ltr'>descendit.</span> <span class='ocrx_word' id='word_1_22' title='bbox 1327 656 1474 712; x_wconf 86' lang='lat' dir='ltr'>Cum</span> <span class='ocrx_word' id='word_1_23' title='bbox 1514 662 1715 712; x_wconf 90' lang='lat' dir='ltr'>autem</span> <span class='ocrx_word' id='word_1_24' title='bbox 1746 656 1807 709; x_wconf 89' lang='lat' dir='ltr'>in</span> <span class='ocrx_word' id='word_1_25' title='bbox 1858 669 2032 718; x_wconf 84' lang='lat' dir='ltr'>mon—</span> 
     </span>
    </p>
   </div>
   <div class='ocr_carea' id='block_1_7' title="bbox 380 743 2029 818">
    <p class='ocr_par' dir='ltr' id='par_1_7' title="bbox 380 743 2029 818">
     <span class='ocr_line' id='line_1_7' title="bbox 380 743 2029 818; baseline -0.002 -19"><span class='ocrx_word' id='word_1_26' title='bbox 380 750 498 799; x_wconf 98' lang='lat' dir='ltr'>tem</span> <span class='ocrx_word' id='word_1_27' title='bbox 531 746 828 801; x_wconf 84' lang='lat' dir='ltr'>excelsum</span> <span class='ocrx_word' id='word_1_28' title='bbox 864 746 1474 818; x_wconf 76' lang='lat' dir='ltr'>pergeret,daemones</span> <span class='ocrx_word' id='word_1_29' title='bbox 1500 745 1752 818; x_wconf 87' lang='lat' dir='ltr'>ingressi</span> <span class='ocrx_word' id='word_1_30' title='bbox 1786 744 1848 798; x_wconf 89' lang='lat' dir='ltr'>in</span> <span class='ocrx_word' id='word_1_31' title='bbox 1879 743 2029 798; x_wconf 88' lang='lat' dir='ltr'>duos</span> 
     </span>
    </p>
   </div>
   <div class='ocr_carea' id='block_1_8' title="bbox 378 835 2036 906">
    <p class='ocr_par' dir='ltr' id='par_1_8' title="bbox 378 835 2036 906">
     <span class='ocr_line' id='line_1_8' title="bbox 378 835 2036 906; baseline -0.001 -17"><span class='ocrx_word' id='word_1_32' title='bbox 378 835 532 890; x_wconf 84' lang='lat' dir='ltr'>viros</span> <span class='ocrx_word' id='word_1_33' title='bbox 561 837 869 895; x_wconf 82' lang='lat' dir='ltr'>Joannem.</span> <span class='ocrx_word' id='word_1_34' title='bbox 904 838 1151 899; x_wconf 85' lang='lat' dir='ltr'>scilicet,</span> <span class='ocrx_word' id='word_1_35' title='bbox 1187 845 1246 892; x_wconf 92' lang='lat' dir='ltr'>et</span> <span class='ocrx_word' id='word_1_36' title='bbox 1270 838 1657 906; x_wconf 75' lang='lat' dir='ltr'>Hilarionem,</span> <span class='ocrx_word' id='word_1_37' title='bbox 1690 839 2036 896; x_wconf 83' lang='lat' dir='ltr'>efl&#39;ecere,ut</span> 
     </span>
    </p>
   </div>
   <div class='ocr_carea' id='block_1_9' title="bbox 380 927 2031 1000">
    <p class='ocr_par' dir='ltr' id='par_1_9' title="bbox 380 927 2031 1000">
     <span class='ocr_line' id='line_1_9' title="bbox 380 927 2031 1000; baseline 0.002 -22"><span class='ocrx_word' id='word_1_38' title='bbox 380 927 857 987; x_wconf 87' lang='lat' dir='ltr'>occurrerentei.</span> <span class='ocrx_word' id='word_1_39' title='bbox 891 932 949 981; x_wconf 92' lang='lat' dir='ltr'>et</span> <span class='ocrx_word' id='word_1_40' title='bbox 979 927 1418 1000; x_wconf 86' lang='lat' dir='ltr'>interrogarent</span> <span class='ocrx_word' id='word_1_41' title='bbox 1448 944 1606 997; x_wconf 90' lang='lat' dir='ltr'>eum,</span> <span class='ocrx_word' id='word_1_42' title='bbox 1639 945 1757 1000; x_wconf 91' lang='lat' dir='ltr'>quo</span> <span class='ocrx_word' id='word_1_43' title='bbox 1820 930 2031 984; x_wconf 87' lang='lat' dir='ltr'>abiret.</span> 
     </span>
    </p>
   </div>
   <div class='ocr_carea' id='block_1_10' title="bbox 378 1013 2031 1089">
    <p class='ocr_par' dir='ltr' id='par_1_10' title="bbox 378 1013 2031 1089">
     <span class='ocr_line' id='line_1_10' title="bbox 378 1013 2031 1089; baseline 0.005 -23"><span class='ocrx_word' id='word_1_44' title='bbox 378 1013 457 1066; x_wconf 91' lang='lat' dir='ltr'>Eo</span> <span class='ocrx_word' id='word_1_45' title='bbox 487 1031 622 1069; x_wconf 90' lang='lat' dir='ltr'>vero</span> <span class='ocrx_word' id='word_1_46' title='bbox 656 1015 850 1070; x_wconf 89' lang='lat' dir='ltr'>locum</span> <span class='ocrx_word' id='word_1_47' title='bbox 873 1015 1241 1089; x_wconf 78' lang='lat' dir='ltr'>designante.</span> <span class='ocrx_word' id='word_1_48' title='bbox 1268 1017 1455 1085; x_wconf 87' lang='lat' dir='ltr'>aiunt,</span> <span class='ocrx_word' id='word_1_49' title='bbox 1478 1018 1649 1073; x_wconf 90' lang='lat' dir='ltr'>illum</span> <span class='ocrx_word' id='word_1_50' title='bbox 1678 1018 1822 1074; x_wconf 85' lang='lat' dir='ltr'>feris</span> <span class='ocrx_word' id='word_1_51' title='bbox 1841 1019 2031 1075; x_wconf 88' lang='lat' dir='ltr'>latro-</span> 
     </span>
    </p>
   </div>
   <div class='ocr_carea' id='block_1_11' title="bbox 379 1103 2032 1181">
    <p class='ocr_par' dir='ltr' id='par_1_11' title="bbox 379 1103 2032 1181">
     <span class='ocr_line' id='line_1_11' title="bbox 379 1103 2032 1181; baseline 0.005 -24"><span class='ocrx_word' id='word_1_52' title='bbox 379 1103 676 1177; x_wconf 89' lang='lat' dir='ltr'>nibusque</span> <span class='ocrx_word' id='word_1_53' title='bbox 707 1106 953 1177; x_wconf 88' lang='lat' dir='ltr'>plenum</span> <span class='ocrx_word' id='word_1_54' title='bbox 982 1124 1133 1163; x_wconf 90' lang='lat' dir='ltr'>esse.</span> <span class='ocrx_word' id='word_1_55' title='bbox 1174 1114 1243 1162; x_wconf 83' lang='lat' dir='ltr'>At</span> <span class='ocrx_word' id='word_1_56' title='bbox 1271 1108 1373 1162; x_wconf 90' lang='lat' dir='ltr'>ille</span> <span class='ocrx_word' id='word_1_57' title='bbox 1408 1125 1422 1163; x_wconf 81' lang='lat' dir='ltr'><em>z</em></span> <span class='ocrx_word' id='word_1_58' title='bbox 1459 1111 1576 1181; x_wconf 89' lang='lat' dir='ltr'>Ego</span> <span class='ocrx_word' id='word_1_59' title='bbox 1628 1126 1781 1171; x_wconf 85' lang='lat' dir='ltr'>vero,</span> <span class='ocrx_word' id='word_1_60' title='bbox 1814 1109 2032 1180; x_wconf 97' lang='lat' dir='ltr'>inquit,</span> 
     </span>
    </p>
   </div>
   <div class='ocr_carea' id='block_1_12' title="bbox 381 1192 2034 1270">
    <p class='ocr_par' dir='ltr' id='par_1_12' title="bbox 381 1192 2034 1270">
     <span class='ocr_line' id='line_1_12' title="bbox 381 1192 2034 1270; baseline 0.005 -24"><span class='ocrx_word' id='word_1_61' title='bbox 381 1192 560 1266; x_wconf 84' lang='lat' dir='ltr'>digna</span> <span class='ocrx_word' id='word_1_62' title='bbox 591 1196 800 1251; x_wconf 89' lang='lat' dir='ltr'>mortis</span> <span class='ocrx_word' id='word_1_63' title='bbox 830 1196 1090 1252; x_wconf 83' lang='lat' dir='ltr'>facinora</span> <span class='ocrx_word' id='word_1_64' title='bbox 1116 1198 1468 1269; x_wconf 81' lang='lat' dir='ltr'>perpetravi,</span> <span class='ocrx_word' id='word_1_65' title='bbox 1495 1200 1822 1270; x_wconf 87' lang='lat' dir='ltr'>mortisque</span> <span class='ocrx_word' id='word_1_66' title='bbox 1841 1200 2034 1255; x_wconf 87' lang='lat' dir='ltr'>vitan-</span> 
     </span>
    </p>
   </div>
   <div class='ocr_carea' id='block_1_13' title="bbox 382 1282 2034 1360">
    <p class='ocr_par' dir='ltr' id='par_1_13' title="bbox 382 1282 2034 1360">
     <span class='ocr_line' id='line_1_13' title="bbox 382 1282 2034 1360; baseline 0.005 -24"><span class='ocrx_word' id='word_1_67' title='bbox 382 1282 471 1339; x_wconf 71' lang='lat' dir='ltr'>dm</span> <span class='ocrx_word' id='word_1_68' title='bbox 497 1302 677 1342; x_wconf 87' lang='lat' dir='ltr'>causa</span> <span class='ocrx_word' id='word_1_69' title='bbox 704 1286 821 1342; x_wconf 90' lang='lat' dir='ltr'>huc</span> <span class='ocrx_word' id='word_1_70' title='bbox 846 1287 1016 1343; x_wconf 90' lang='lat' dir='ltr'>venio</span> <span class='ocrx_word' id='word_1_71' title='bbox 1062 1288 1166 1342; x_wconf 85' lang='lat' dir='ltr'>Cui</span> <span class='ocrx_word' id='word_1_72' title='bbox 1189 1289 1663 1360; x_wconf 84' lang='lat' dir='ltr'>responderunt:</span> <span class='ocrx_word' id='word_1_73' title='bbox 1702 1294 1848 1345; x_wconf 91' lang='lat' dir='ltr'>Cum</span> <span class='ocrx_word' id='word_1_74' title='bbox 1874 1307 2034 1345; x_wconf 90' lang='lat' dir='ltr'>mor-</span> 
     </span>
    </p>
   </div>
   <div class='ocr_carea' id='block_1_14' title="bbox 380 1375 2036 1448">
    <p class='ocr_par' dir='ltr' id='par_1_14' title="bbox 380 1375 2036 1448">
     <span class='ocr_line' id='line_1_14' title="bbox 380 1375 2036 1448; baseline 0.005 -21"><span class='ocrx_word' id='word_1_75' title='bbox 380 1380 501 1430; x_wconf 86' lang='lat' dir='ltr'>tem</span> <span class='ocrx_word' id='word_1_76' title='bbox 532 1375 605 1431; x_wconf 88' lang='lat' dir='ltr'>ab</span> <span class='ocrx_word' id='word_1_77' title='bbox 636 1376 988 1432; x_wconf 89' lang='lat' dir='ltr'>hominibus</span> <span class='ocrx_word' id='word_1_78' title='bbox 1020 1378 1125 1432; x_wconf 93' lang='lat' dir='ltr'>tibi</span> <span class='ocrx_word' id='word_1_79' title='bbox 1160 1378 1551 1445; x_wconf 76' lang='lat' dir='ltr'>inﬂigendam</span> <span class='ocrx_word' id='word_1_80' title='bbox 1575 1379 1807 1448; x_wconf 79' lang='lat' dir='ltr'>timeas,</span> <span class='ocrx_word' id='word_1_81' title='bbox 1840 1397 1875 1436; x_wconf 91' lang='lat' dir='ltr'>a</span> <span class='ocrx_word' id='word_1_82' title='bbox 1895 1381 2036 1436; x_wconf 84' lang='lat' dir='ltr'>feris</span> 
     </span>
    </p>
   </div>
   <div class='ocr_carea' id='block_1_15' title="bbox 382 1463 2035 1526">
    <p class='ocr_par' dir='ltr' id='par_1_15' title="bbox 382 1463 2035 1526">
     <span class='ocr_line' id='line_1_15' title="bbox 382 1463 2035 1526; baseline 0.005 -8"><span class='ocrx_word' id='word_1_83' title='bbox 382 1463 550 1519; x_wconf 82' lang='lat' dir='ltr'>illam</span> <span class='ocrx_word' id='word_1_84' title='bbox 582 1482 702 1520; x_wconf 91' lang='lat' dir='ltr'>non</span> <span class='ocrx_word' id='word_1_85' title='bbox 734 1466 956 1521; x_wconf 84' lang='lat' dir='ltr'>times?</span> <span class='ocrx_word' id='word_1_86' title='bbox 985 1469 1147 1523; x_wconf 88' lang='lat' dir='ltr'>Tunc</span> <span class='ocrx_word' id='word_1_87' title='bbox 1168 1468 1507 1524; x_wconf 69' lang='lat' dir='ltr'>daemonum</span> <span class='ocrx_word' id='word_1_88' title='bbox 1557 1468 1828 1525; x_wconf 81' lang='lat' dir='ltr'>fraudem</span> <span class='ocrx_word' id='word_1_89' title='bbox 1868 1471 2035 1526; x_wconf 85' lang='lat' dir='ltr'>dete-</span> 
     </span>
    </p>
   </div>
   <div class='ocr_carea' id='block_1_16' title="bbox 381 1555 2037 1629">
    <p class='ocr_par' dir='ltr' id='par_1_16' title="bbox 381 1555 2037 1629">
     <span class='ocr_line' id='line_1_16' title="bbox 381 1555 2037 1629; baseline 0.004 -20"><span class='ocrx_word' id='word_1_90' title='bbox 381 1570 548 1626; x_wconf 85' lang='lat' dir='ltr'>gens.</span> <span class='ocrx_word' id='word_1_91' title='bbox 571 1555 825 1623; x_wconf 80' lang='lat' dir='ltr'>formato</span> <span class='ocrx_word' id='word_1_92' title='bbox 857 1556 1052 1611; x_wconf 90' lang='lat' dir='ltr'>crucis</span> <span class='ocrx_word' id='word_1_93' title='bbox 1083 1557 1276 1629; x_wconf 80' lang='lat' dir='ltr'>signo,</span> <span class='ocrx_word' id='word_1_94' title='bbox 1308 1575 1409 1614; x_wconf 92' lang='lat' dir='ltr'>eos</span> <span class='ocrx_word' id='word_1_95' title='bbox 1441 1575 1513 1614; x_wconf 81' lang='lat' dir='ltr'>ex</span> <span class='ocrx_word' id='word_1_96' title='bbox 1543 1558 1663 1614; x_wconf 88' lang='lat' dir='ltr'>illis</span> <span class='ocrx_word' id='word_1_97' title='bbox 1693 1560 2037 1616; x_wconf 88' lang='lat' dir='ltr'>hominibus</span> 
     </span>
    </p>
   </div>
   <div class='ocr_carea' id='block_1_17' title="bbox 387 1642 2037 1719">
    <p class='ocr_par' dir='ltr' id='par_1_17' title="bbox 387 1642 2037 1719">
     <span class='ocr_line' id='line_1_17' title="bbox 387 1642 2037 1719; baseline 0.006 -22"><span class='ocrx_word' id='word_1_98' title='bbox 387 1642 582 1714; x_wconf 83' lang='lat' dir='ltr'>ejecit.</span> <span class='ocrx_word' id='word_1_99' title='bbox 624 1646 749 1715; x_wconf 89' lang='lat' dir='ltr'>lpse</span> <span class='ocrx_word' id='word_1_100' title='bbox 778 1661 916 1700; x_wconf 84' lang='lat' dir='ltr'>vero</span> <span class='ocrx_word' id='word_1_101' title='bbox 947 1645 1009 1700; x_wconf 91' lang='lat' dir='ltr'>in</span> <span class='ocrx_word' id='word_1_102' title='bbox 1033 1662 1191 1713; x_wconf 91' lang='lat' dir='ltr'>eum,</span> <span class='ocrx_word' id='word_1_103' title='bbox 1226 1664 1405 1718; x_wconf 87' lang='lat' dir='ltr'>quem</span> <span class='ocrx_word' id='word_1_104' title='bbox 1454 1655 1778 1719; x_wconf 87' lang='lat' dir='ltr'>optaverat,</span> <span class='ocrx_word' id='word_1_105' title='bbox 1839 1651 2037 1713; x_wconf 87' lang='lat' dir='ltr'>locum</span> 
     </span>
    </p>
   </div>
   <div class='ocr_carea' id='block_1_18' title="bbox 383 1732 2039 1809">
    <p class='ocr_par' dir='ltr' id='par_1_18' title="bbox 383 1732 2039 1809">
     <span class='ocr_line' id='line_1_18' title="bbox 383 1732 2039 1809; baseline 0.006 -24"><span class='ocrx_word' id='word_1_106' title='bbox 383 1732 703 1803; x_wconf 85' lang='lat' dir='ltr'>profectus,</span> <span class='ocrx_word' id='word_1_107' title='bbox 737 1735 1063 1790; x_wconf 88' lang='lat' dir='ltr'>oratorium</span> <span class='ocrx_word' id='word_1_108' title='bbox 1089 1737 1397 1800; x_wconf 83' lang='lat' dir='ltr'>exstruxit,</span> <span class='ocrx_word' id='word_1_109' title='bbox 1451 1738 1653 1809; x_wconf 81' lang='lat' dir='ltr'>ibique</span> <span class='ocrx_word' id='word_1_110' title='bbox 1708 1740 2039 1795; x_wconf 89' lang='lat' dir='ltr'>solitariam</span> 
     </span>
    </p>
   </div>
   <div class='ocr_carea' id='block_1_19' title="bbox 381 1820 2038 1897">
    <p class='ocr_par' dir='ltr' id='par_1_19' title="bbox 381 1820 2038 1897">
     <span class='ocr_line' id='line_1_19' title="bbox 381 1820 2038 1897; baseline 0.008 -23"><span class='ocrx_word' id='word_1_111' title='bbox 381 1820 560 1876; x_wconf 87' lang='lat' dir='ltr'>vitam</span> <span class='ocrx_word' id='word_1_112' title='bbox 594 1822 1006 1894; x_wconf 82' lang='lat' dir='ltr'>egit.assiduas</span> <span class='ocrx_word' id='word_1_113' title='bbox 1037 1824 1109 1879; x_wconf 90' lang='lat' dir='ltr'>ad</span> <span class='ocrx_word' id='word_1_114' title='bbox 1133 1826 1316 1881; x_wconf 91' lang='lat' dir='ltr'>Deum</span> <span class='ocrx_word' id='word_1_115' title='bbox 1340 1843 1546 1897; x_wconf 88' lang='lat' dir='ltr'>preces</span> <span class='ocrx_word' id='word_1_116' title='bbox 1568 1828 1913 1896; x_wconf 77' lang='lat' dir='ltr'>l&#39;undens,et</span> <span class='ocrx_word' id='word_1_117' title='bbox 1932 1830 2038 1886; x_wconf 90' lang='lat' dir='ltr'>ad-</span> 
     </span>
    </p>
   </div>
   <div class='ocr_carea' id='block_1_20' title="bbox 382 1909 2026 1976">
    <p class='ocr_par' dir='ltr' id='par_1_20' title="bbox 382 1909 2026 1976">
     <span class='ocr_line' id='line_1_20' title="bbox 382 1909 2026 1976; baseline 0.008 -13"><span class='ocrx_word' id='word_1_118' title='bbox 382 1909 674 1965; x_wconf 86' lang='lat' dir='ltr'>mirabilis</span> <span class='ocrx_word' id='word_1_119' title='bbox 724 1911 786 1966; x_wconf 90' lang='lat' dir='ltr'>in</span> <span class='ocrx_word' id='word_1_120' title='bbox 843 1913 1127 1969; x_wconf 87' lang='lat' dir='ltr'>virtutum</span> <span class='ocrx_word' id='word_1_121' title='bbox 1181 1916 1704 1972; x_wconf 82' lang='lat' dir='ltr'>exercitationibus</span> <span class='ocrx_word' id='word_1_122' title='bbox 1760 1921 2026 1976; x_wconf 80' lang='lat' dir='ltr'>eﬂ‘ectus.</span> 
     </span>
    </p>
   </div>
   <div class='ocr_carea' id='block_1_21' title="bbox 2138 642 3788 730">
    <p class='ocr_par' dir='ltr' id='par_1_21' title="bbox 2138 642 3788 730">
     <span class='ocr_line' id='line_1_21' title="bbox 2138 642 3788 730; baseline -0.007 -18"><span class='ocrx_word' id='word_1_123' title='bbox 2138 657 2448 730; x_wconf 79' lang='grc' dir='ltr'>κατήρχετο</span> <span class='ocrx_word' id='word_1_124' title='bbox 2507 652 2594 708; x_wconf 79' lang='grc' dir='ltr'>ἐπὶ</span> <span class='ocrx_word' id='word_1_125' title='bbox 2645 653 2714 708; x_wconf 78' lang='grc' dir='ltr'>τά</span> <span class='ocrx_word' id='word_1_126' title='bbox 2791 652 2928 726; x_wconf 88' lang='grc' dir='ltr'>πρὸς</span> <span class='ocrx_word' id='word_1_127' title='bbox 2980 649 3251 705; x_wconf 82' lang='grc' dir='ltr'>θάλασσαν</span> <span class='ocrx_word' id='word_1_128' title='bbox 3321 649 3482 723; x_wconf 84' lang='grc' dir='ltr'>μέρη,</span> <span class='ocrx_word' id='word_1_129' title='bbox 3527 648 3613 703; x_wconf 85' lang='grc' dir='ltr'>Ἐν</span> <span class='ocrx_word' id='word_1_130' title='bbox 3669 642 3788 720; x_wconf 79' lang='grc' dir='ltr'>ὄρει</span> 
     </span>
    </p>
   </div>
   <div class='ocr_carea' id='block_1_22' title="bbox 2141 731 3793 819">
    <p class='ocr_par' dir='ltr' id='par_1_22' title="bbox 2141 731 3793 819">
     <span class='ocr_line' id='line_1_22' title="bbox 2141 731 3793 819; baseline -0.008 -18"><span class='ocrx_word' id='word_1_131' title='bbox 2141 744 2199 801; x_wconf 81' lang='grc' dir='ltr'>δὲ</span> <span class='ocrx_word' id='word_1_132' title='bbox 2233 746 2432 819; x_wconf 77' lang='grc' dir='ltr'>ὑψηλῷ</span> <span class='ocrx_word' id='word_1_133' title='bbox 2477 742 2793 809; x_wconf 80' lang='grc' dir='ltr'>ἀπελθόντι,</span> <span class='ocrx_word' id='word_1_134' title='bbox 2853 738 3109 813; x_wconf 78' lang='grc' dir='ltr'>δαίμονες</span> <span class='ocrx_word' id='word_1_135' title='bbox 3167 738 3505 797; x_wconf 66' lang='grc' dir='ltr'>εἴσελθὸντες</span> <span class='ocrx_word' id='word_1_136' title='bbox 3564 734 3639 798; x_wconf 76' lang='grc' dir='ltr'>εἰς</span> <span class='ocrx_word' id='word_1_137' title='bbox 3691 731 3793 789; x_wconf 64' lang='grc' dir='ltr'>δύο</span> 
     </span>
    </p>
   </div>
   <div class='ocr_carea' id='block_1_23' title="bbox 2139 823 3789 909">
    <p class='ocr_par' dir='ltr' id='par_1_23' title="bbox 2139 823 3789 909">
     <span class='ocr_line' id='line_1_23' title="bbox 2139 823 3789 909; baseline -0.008 -18"><span class='ocrx_word' id='word_1_138' title='bbox 2139 835 2460 909; x_wconf 76' lang='grc' dir='ltr'>ἀνθρώπους</span> <span class='ocrx_word' id='word_1_139' title='bbox 2519 833 2776 903; x_wconf 79' lang='grc' dir='ltr'>Ἰωάννην</span> <span class='ocrx_word' id='word_1_140' title='bbox 2844 830 2937 887; x_wconf 84' lang='grc' dir='ltr'>καὶ</span> <span class='ocrx_word' id='word_1_141' title='bbox 2990 829 3298 905; x_wconf 82' lang='grc' dir='ltr'>Ἰλαρίωνα,</span> <span class='ocrx_word' id='word_1_142' title='bbox 3385 823 3789 903; x_wconf 68' lang='grc' dir='ltr'>παρεσκεύασαν</span> 
     </span>
    </p>
   </div>
   <div class='ocr_carea' id='block_1_24' title="bbox 2142 913 3792 998">
    <p class='ocr_par' dir='ltr' id='par_1_24' title="bbox 2142 913 3792 998">
     <span class='ocr_line' id='line_1_24' title="bbox 2142 913 3792 998; baseline -0.008 -17"><span class='ocrx_word' id='word_1_143' title='bbox 2142 928 2465 995; x_wconf 79' lang='grc' dir='ltr'>ἀπαντῆσαι,</span> <span class='ocrx_word' id='word_1_144' title='bbox 2549 922 2640 979; x_wconf 82' lang='grc' dir='ltr'>καὶ</span> <span class='ocrx_word' id='word_1_145' title='bbox 2697 922 2970 998; x_wconf 80' lang='grc' dir='ltr'>ἐρωτῆσαι</span> <span class='ocrx_word' id='word_1_146' title='bbox 3058 919 3241 990; x_wconf 84' lang='grc' dir='ltr'>αὐτὸν,</span> <span class='ocrx_word' id='word_1_147' title='bbox 3316 914 3421 973; x_wconf 74' lang='grc' dir='ltr'>ποῦ</span> <span class='ocrx_word' id='word_1_148' title='bbox 3478 913 3792 989; x_wconf 66' lang='grc' dir='ltr'>πορεύεταιθ</span> 
     </span>
    </p>
   </div>
   <div class='ocr_carea' id='block_1_25' title="bbox 2140 1003 3796 1088">
    <p class='ocr_par' dir='ltr' id='par_1_25' title="bbox 2140 1003 3796 1088">
     <span class='ocr_line' id='line_1_25' title="bbox 2140 1003 3796 1088; baseline -0.009 -17"><span class='ocrx_word' id='word_1_149' title='bbox 2140 1016 2229 1072; x_wconf 87' lang='grc' dir='ltr'>καὶ</span> <span class='ocrx_word' id='word_1_150' title='bbox 2268 1015 2549 1088; x_wconf 79' lang='grc' dir='ltr'>μαθόντες,</span> <span class='ocrx_word' id='word_1_151' title='bbox 2583 1015 2760 1082; x_wconf 85' lang='grc' dir='ltr'>εἷπον,</span> <span class='ocrx_word' id='word_1_152' title='bbox 2813 1013 3006 1084; x_wconf 82' lang='grc' dir='ltr'>Γέμειν</span> <span class='ocrx_word' id='word_1_153' title='bbox 3064 1010 3154 1065; x_wconf 87' lang='grc' dir='ltr'>τὸν</span> <span class='ocrx_word' id='word_1_154' title='bbox 3207 1009 3376 1064; x_wconf 87' lang='grc' dir='ltr'>τόπον</span> <span class='ocrx_word' id='word_1_155' title='bbox 3434 1004 3641 1079; x_wconf 83' lang='grc' dir='ltr'>θηρίων</span> <span class='ocrx_word' id='word_1_156' title='bbox 3697 1003 3796 1058; x_wconf 81' lang='grc' dir='ltr'>καὶ</span> 
     </span>
    </p>
   </div>
   <div class='ocr_carea' id='block_1_26' title="bbox 2144 1091 3795 1181">
    <p class='ocr_par' dir='ltr' id='par_1_26' title="bbox 2144 1091 3795 1181">
     <span class='ocr_line' id='line_1_26' title="bbox 2144 1091 3795 1181; baseline -0.009 -18"><span class='ocrx_word' id='word_1_157' title='bbox 2144 1106 2378 1181; x_wconf 72' lang='grc' dir='ltr'>λῃστῶν.</span> <span class='ocrx_word' id='word_1_158' title='bbox 2440 1106 2502 1162; x_wconf 90' lang='grc' dir='ltr'>Ὁ</span> <span class='ocrx_word' id='word_1_159' title='bbox 2557 1101 2616 1159; x_wconf 72' lang='grc' dir='ltr'>δὲ</span> <span class='ocrx_word' id='word_1_160' title='bbox 2671 1103 2836 1159; x_wconf 75' lang='grc' dir='ltr'>εἶπεν·</span> <span class='ocrx_word' id='word_1_161' title='bbox 2902 1100 3046 1175; x_wconf 81' lang='grc' dir='ltr'>Ἐγὼ</span> <span class='ocrx_word' id='word_1_162' title='bbox 3104 1098 3335 1165; x_wconf 83' lang='grc' dir='ltr'>θανάτου</span> <span class='ocrx_word' id='word_1_163' title='bbox 3391 1098 3510 1168; x_wconf 66' lang='grc' dir='ltr'>ἄξια</span> <span class='ocrx_word' id='word_1_164' title='bbox 3567 1091 3795 1170; x_wconf 78' lang='grc' dir='ltr'>ἔπραξα,</span> 
     </span>
    </p>
   </div>
   <div class='ocr_carea' id='block_1_27' title="bbox 2142 1185 3797 1271">
    <p class='ocr_par' dir='ltr' id='par_1_27' title="bbox 2142 1185 3797 1271">
     <span class='ocr_line' id='line_1_27' title="bbox 2142 1185 3797 1271; baseline -0.01 -18"><span class='ocrx_word' id='word_1_165' title='bbox 2142 1197 2234 1253; x_wconf 87' lang='grc' dir='ltr'>καὶ</span> <span class='ocrx_word' id='word_1_166' title='bbox 2264 1195 2474 1271; x_wconf 66' lang='grc' dir='ltr'>φεύγων</span> <span class='ocrx_word' id='word_1_167' title='bbox 2508 1194 2601 1249; x_wconf 88' lang='grc' dir='ltr'>τὸν</span> <span class='ocrx_word' id='word_1_168' title='bbox 2653 1194 2878 1257; x_wconf 84' lang='grc' dir='ltr'>θάνατον</span> <span class='ocrx_word' id='word_1_169' title='bbox 2932 1189 3272 1266; x_wconf 82' lang='grc' dir='ltr'>ἀπέρχομαι.</span> <span class='ocrx_word' id='word_1_170' title='bbox 3304 1186 3407 1244; x_wconf 85' lang='grc' dir='ltr'>Καὶ</span> <span class='ocrx_word' id='word_1_171' title='bbox 3454 1185 3797 1271; x_wconf 16' lang='grc' dir='ltr'>,ἀποκριθέν-</span> 
     </span>
    </p>
   </div>
   <div class='ocr_carea' id='block_1_28' title="bbox 2141 1270 3796 1353">
    <p class='ocr_par' dir='ltr' id='par_1_28' title="bbox 2141 1270 3796 1353">
     <span class='ocr_line' id='line_1_28' title="bbox 2141 1270 3796 1353; baseline -0.01 -10"><span class='ocrx_word' id='word_1_172' title='bbox 2141 1308 2229 1348; x_wconf 86' lang='grc' dir='ltr'>τες</span> <span class='ocrx_word' id='word_1_173' title='bbox 2262 1270 2434 1341; x_wconf 73' lang='grc' dir='ltr'>εἶπον·</span> <span class='ocrx_word' id='word_1_174' title='bbox 2467 1287 2591 1341; x_wconf 85' lang='grc' dir='ltr'>Τῶν</span> <span class='ocrx_word' id='word_1_175' title='bbox 2623 1280 2925 1353; x_wconf 85' lang='grc' dir='ltr'>ἀνθρώπων</span> <span class='ocrx_word' id='word_1_176' title='bbox 2978 1278 3073 1335; x_wconf 86' lang='grc' dir='ltr'>τὸν</span> <span class='ocrx_word' id='word_1_177' title='bbox 3106 1280 3330 1343; x_wconf 84' lang='grc' dir='ltr'>θάνατον</span> <span class='ocrx_word' id='word_1_178' title='bbox 3364 1270 3529 1353; x_wconf 71' lang='grc' dir='ltr'>φοϐῇ,</span> <span class='ocrx_word' id='word_1_179' title='bbox 3559 1274 3648 1328; x_wconf 88' lang='grc' dir='ltr'>καὶ</span> <span class='ocrx_word' id='word_1_180' title='bbox 3681 1277 3796 1327; x_wconf 87' lang='grc' dir='ltr'>τῶν</span> 
     </span>
    </p>
   </div>
   <div class='ocr_carea' id='block_1_29' title="bbox 2145 1360 3801 1451">
    <p class='ocr_par' dir='ltr' id='par_1_29' title="bbox 2145 1360 3801 1451">
     <span class='ocr_line' id='line_1_29' title="bbox 2145 1360 3801 1451; baseline -0.01 -20"><span class='ocrx_word' id='word_1_181' title='bbox 2145 1375 2352 1451; x_wconf 84' lang='grc' dir='ltr'>θηρίων</span> <span class='ocrx_word' id='word_1_182' title='bbox 2376 1373 2437 1428; x_wconf 80' lang='grc' dir='ltr'>οὐ</span> <span class='ocrx_word' id='word_1_183' title='bbox 2466 1367 2612 1450; x_wconf 75' lang='grc' dir='ltr'>φοϐῇ</span> <span class='ocrx_word' id='word_1_184' title='bbox 2645 1391 2661 1442; x_wconf 83' lang='lat'><strong>;</strong></span> <span class='ocrx_word' id='word_1_185' title='bbox 2698 1370 2837 1428; x_wconf 82' lang='grc' dir='ltr'>Τότε</span> <span class='ocrx_word' id='word_1_186' title='bbox 2863 1368 3026 1446; x_wconf 77' lang='grc' dir='ltr'>γνοὺς</span> <span class='ocrx_word' id='word_1_187' title='bbox 3073 1368 3173 1439; x_wconf 76' lang='grc' dir='ltr'>τήν</span> <span class='ocrx_word' id='word_1_188' title='bbox 3201 1371 3309 1422; x_wconf 84' lang='grc' dir='ltr'>τῶν</span> <span class='ocrx_word' id='word_1_189' title='bbox 3362 1363 3641 1438; x_wconf 83' lang='grc' dir='ltr'>δαιμόνων</span> <span class='ocrx_word' id='word_1_190' title='bbox 3674 1360 3801 1417; x_wconf 74' lang='grc' dir='ltr'>ἐπί-</span> 
     </span>
    </p>
   </div>
   <div class='ocr_carea' id='block_1_30' title="bbox 2145 1451 3798 1537">
    <p class='ocr_par' dir='ltr' id='par_1_30' title="bbox 2145 1451 3798 1537">
     <span class='ocr_line' id='line_1_30' title="bbox 2145 1451 3798 1537; baseline -0.01 -16"><span class='ocrx_word' id='word_1_191' title='bbox 2145 1477 2311 1531; x_wconf 88' lang='grc' dir='ltr'>θεσιν,</span> <span class='ocrx_word' id='word_1_192' title='bbox 2346 1470 2649 1537; x_wconf 70' lang='grc' dir='ltr'>σφραγίσας</span> <span class='ocrx_word' id='word_1_193' title='bbox 2687 1461 2885 1517; x_wconf 77' lang='grc' dir='ltr'>αὐτοὺς</span> <span class='ocrx_word' id='word_1_194' title='bbox 2940 1456 3154 1529; x_wconf 78' lang='grc' dir='ltr'>ἐδίωξεν</span> <span class='ocrx_word' id='word_1_195' title='bbox 3217 1455 3278 1511; x_wconf 79' lang='grc' dir='ltr'>ἐκ</span> <span class='ocrx_word' id='word_1_196' title='bbox 3330 1459 3436 1510; x_wconf 84' lang='grc' dir='ltr'>τῶν</span> <span class='ocrx_word' id='word_1_197' title='bbox 3474 1451 3798 1527; x_wconf 68' lang='grc' dir='ltr'>ἀνθρώπων.</span> 
     </span>
    </p>
   </div>
   <div class='ocr_carea' id='block_1_31' title="bbox 2141 1538 3799 1622">
    <p class='ocr_par' dir='ltr' id='par_1_31' title="bbox 2141 1538 3799 1622">
     <span class='ocr_line' id='line_1_31' title="bbox 2141 1538 3799 1622; baseline -0.011 -9"><span class='ocrx_word' id='word_1_198' title='bbox 2141 1554 2315 1618; x_wconf 74' lang='grc' dir='ltr'>Αὐτὸς</span> <span class='ocrx_word' id='word_1_199' title='bbox 2348 1552 2405 1609; x_wconf 69' lang='grc' dir='ltr'>δὲ</span> <span class='ocrx_word' id='word_1_200' title='bbox 2434 1551 2688 1617; x_wconf 77' lang='grc' dir='ltr'>ἀπελθὼν</span> <span class='ocrx_word' id='word_1_201' title='bbox 2719 1550 2770 1605; x_wconf 80' lang='grc' dir='ltr'>ἐν</span> <span class='ocrx_word' id='word_1_202' title='bbox 2800 1554 2881 1622; x_wconf 80' lang='grc' dir='ltr'>τῷ</span> <span class='ocrx_word' id='word_1_203' title='bbox 2930 1548 3105 1621; x_wconf 84' lang='grc' dir='ltr'>τόπῳ,</span> <span class='ocrx_word' id='word_1_204' title='bbox 3164 1544 3301 1602; x_wconf 80' lang='grc' dir='ltr'>ὅπου</span> <span class='ocrx_word' id='word_1_205' title='bbox 3332 1538 3650 1614; x_wconf 69' lang='grc' dir='ltr'>ἠϐουλήθη,</span> <span class='ocrx_word' id='word_1_206' title='bbox 3704 1540 3799 1596; x_wconf 83' lang='grc' dir='ltr'>καὶ</span> 
     </span>
    </p>
   </div>
   <div class='ocr_carea' id='block_1_32' title="bbox 2142 1635 3804 1717">
    <p class='ocr_par' dir='ltr' id='par_1_32' title="bbox 2142 1635 3804 1717">
     <span class='ocr_line' id='line_1_32' title="bbox 2142 1635 3804 1717; baseline -0.011 -14"><span class='ocrx_word' id='word_1_207' title='bbox 2142 1647 2330 1708; x_wconf 79' lang='grc' dir='ltr'>κτίσας</span> <span class='ocrx_word' id='word_1_208' title='bbox 2361 1644 2647 1717; x_wconf 70' lang='grc' dir='ltr'>εὐκτήριον</span> <span class='ocrx_word' id='word_1_209' title='bbox 2691 1639 2964 1711; x_wconf 75' lang='grc' dir='ltr'>ἡσύχαζεν</span> <span class='ocrx_word' id='word_1_210' title='bbox 3024 1637 3157 1705; x_wconf 78' lang='grc' dir='ltr'>ἐκεῖ,</span> <span class='ocrx_word' id='word_1_211' title='bbox 3209 1635 3658 1710; x_wconf 73' lang='grc' dir='ltr'>προσευχόμενος</span> <span class='ocrx_word' id='word_1_212' title='bbox 3720 1635 3804 1703; x_wconf 82' lang='grc' dir='ltr'>τῷ</span> 
     </span>
    </p>
   </div>
   <div class='ocr_carea' id='block_1_33' title="bbox 2147 1720 3805 1809">
    <p class='ocr_par' dir='ltr' id='par_1_33' title="bbox 2147 1720 3805 1809">
     <span class='ocr_line' id='line_1_33' title="bbox 2147 1720 3805 1809; baseline -0.011 -16"><span class='ocrx_word' id='word_1_213' title='bbox 2147 1741 2286 1809; x_wconf 77' lang='grc' dir='ltr'>Θεῷ,</span> <span class='ocrx_word' id='word_1_214' title='bbox 2318 1735 2406 1789; x_wconf 85' lang='grc' dir='ltr'>καὶ</span> <span class='ocrx_word' id='word_1_215' title='bbox 2434 1733 2741 1806; x_wconf 87' lang='grc' dir='ltr'>θαυμαστὸς</span> <span class='ocrx_word' id='word_1_216' title='bbox 2770 1730 3065 1806; x_wconf 84' lang='grc' dir='ltr'>γενόμενος</span> <span class='ocrx_word' id='word_1_217' title='bbox 3127 1726 3203 1791; x_wconf 67' lang='grc' dir='ltr'>εἷς</span> <span class='ocrx_word' id='word_1_218' title='bbox 3231 1724 3449 1797; x_wconf 72' lang='grc' dir='ltr'>ἀρετήν·</span> <span class='ocrx_word' id='word_1_219' title='bbox 3482 1724 3574 1778; x_wconf 85' lang='grc' dir='ltr'>καὶ</span> <span class='ocrx_word' id='word_1_220' title='bbox 3609 1720 3805 1776; x_wconf 74' lang='grc' dir='ltr'>πολλὰ</span> 
     </span>
    </p>
   </div>
   <div class='ocr_carea' id='block_1_34' title="bbox 2143 1810 3800 1899">
    <p class='ocr_par' dir='ltr' id='par_1_34' title="bbox 2143 1810 3800 1899">
     <span class='ocr_line' id='line_1_34' title="bbox 2143 1810 3800 1899; baseline -0.011 -18"><span class='ocrx_word' id='word_1_221' title='bbox 2143 1825 2392 1899; x_wconf 85' lang='grc' dir='ltr'>θαύματα</span> <span class='ocrx_word' id='word_1_222' title='bbox 2436 1824 2696 1893; x_wconf 69' lang='grc' dir='ltr'>ποιήσας,</span> <span class='ocrx_word' id='word_1_223' title='bbox 2750 1818 3087 1887; x_wconf 75' lang='grc' dir='ltr'>ἐτελεύτησε.</span> <span class='ocrx_word' id='word_1_224' title='bbox 3120 1816 3198 1872; x_wconf 86' lang='grc' dir='ltr'>Τὸ</span> <span class='ocrx_word' id='word_1_225' title='bbox 3243 1812 3300 1870; x_wconf 73' lang='grc' dir='ltr'>δὲ</span> <span class='ocrx_word' id='word_1_226' title='bbox 3341 1812 3593 1887; x_wconf 75' lang='grc' dir='ltr'>λείψανον</span> <span class='ocrx_word' id='word_1_227' title='bbox 3625 1810 3800 1866; x_wconf 77' lang='grc' dir='ltr'>αὐτοῦ</span> 
     </span>
    </p>
   </div>
   <div class='ocr_carea' id='block_1_35' title="bbox 2143 1906 3152 1987">
    <p class='ocr_par' dir='ltr' id='par_1_35' title="bbox 2143 1906 3152 1987">
     <span class='ocr_line' id='line_1_35' title="bbox 2143 1906 3152 1987; baseline -0.009 -17"><span class='ocrx_word' id='word_1_228' title='bbox 2143 1912 2501 1987; x_wconf 69' lang='grc' dir='ltr'>ἀνακομισθὲν</span> <span class='ocrx_word' id='word_1_229' title='bbox 2537 1909 2588 1966; x_wconf 77' lang='grc' dir='ltr'>έν</span> <span class='ocrx_word' id='word_1_230' title='bbox 2616 1909 2865 1983; x_wconf 70' lang='grc' dir='ltr'>Ἀμασῖᾳ</span> <span class='ocrx_word' id='word_1_231' title='bbox 2891 1911 2962 1981; x_wconf 76' lang='grc' dir='ltr'>τῇ</span> <span class='ocrx_word' id='word_1_232' title='bbox 2992 1906 3152 1962; x_wconf 88' lang='grc' dir='ltr'>πόλει</span> 
     </span>
    </p>
   </div>
   <div class='ocr_carea' id='block_1_36' title="bbox 373 1993 3801 2088">
    <p class='ocr_par' dir='ltr' id='par_1_36' title="bbox 373 1993 3801 2088">
     <span class='ocr_line' id='line_1_36' title="bbox 373 1993 3801 2088; baseline -0.004 -31"><span class='ocrx_word' id='word_1_233' title='bbox 373 2000 638 2071; x_wconf 84' lang='lat' dir='ltr'>Cumque</span> <span class='ocrx_word' id='word_1_234' title='bbox 651 2001 836 2057; x_wconf 90' lang='lat' dir='ltr'>multa</span> <span class='ocrx_word' id='word_1_235' title='bbox 851 2003 1139 2060; x_wconf 89' lang='lat' dir='ltr'>miracula</span> <span class='ocrx_word' id='word_1_236' title='bbox 1151 2007 1771 2076; x_wconf 84' lang='lat' dir='ltr'>perpetrasset,vivere</span> <span class='ocrx_word' id='word_1_237' title='bbox 1783 2010 2178 2088; x_wconf 88' lang='lat' dir='ltr'>desiit,Ipsius</span> <span class='ocrx_word' id='word_1_238' title='bbox 2190 2017 2384 2069; x_wconf 84' lang='lat' dir='ltr'>autem</span> <span class='ocrx_word' id='word_1_239' title='bbox 2401 2003 2671 2076; x_wconf 65' lang='lat' dir='ltr'>reliquias</span> <span class='ocrx_word' id='word_1_240' title='bbox 2691 2001 2754 2057; x_wconf 89' lang='lat' dir='ltr'>in</span> <span class='ocrx_word' id='word_1_241' title='bbox 2768 2000 2977 2056; x_wconf 89' lang='lat' dir='ltr'>urbem</span> <span class='ocrx_word' id='word_1_242' title='bbox 2994 2001 3306 2054; x_wconf 82' lang='lat' dir='ltr'>Amaseam</span> <span class='ocrx_word' id='word_1_243' title='bbox 3322 1993 3622 2051; x_wconf 62' lang='lat' dir='ltr'>translata)</span> <span class='ocrx_word' id='word_1_244' title='bbox 3638 1995 3801 2047; x_wconf 88' lang='lat' dir='ltr'>sunt.</span> 
     </span>
    </p>
   </div>
   <div class='ocr_carea' id='block_1_37' title="bbox 448 2144 1944 2225">
    <p class='ocr_par' dir='ltr' id='par_1_37' title="bbox 448 2144 1944 2225">
     <span class='ocr_line' id='line_1_37' title="bbox 448 2144 1944 2225; baseline 0.01 -25"><span class='ocrx_word' id='word_1_245' title='bbox 448 2144 549 2201; x_wconf 73' lang='lat'><strong>92</strong></span> <span class='ocrx_word' id='word_1_246' title='bbox 569 2146 641 2201; x_wconf 87' lang='lat' dir='ltr'>Et</span> <span class='ocrx_word' id='word_1_247' title='bbox 670 2152 946 2203; x_wconf 80' lang='lat' dir='ltr'>certamen</span> <span class='ocrx_word' id='word_1_248' title='bbox 972 2150 1155 2205; x_wconf 79' lang='lat' dir='ltr'>sancti</span> <span class='ocrx_word' id='word_1_249' title='bbox 1191 2149 1432 2208; x_wconf 82' lang='lat' dir='ltr'>Simonis</span> <span class='ocrx_word' id='word_1_250' title='bbox 1463 2152 1663 2211; x_wconf 62' lang='lat' dir='ltr'>Zelotz</span> <span class='ocrx_word' id='word_1_251' title='bbox 1684 2157 1944 2225; x_wconf 76' lang='lat' dir='ltr'>apostoli.</span> 
     </span>
    </p>
   </div>
   <div class='ocr_carea' id='block_1_38' title="bbox 398 2324 2023 2400">
    <p class='ocr_par' dir='ltr' id='par_1_38' title="bbox 398 2324 2023 2400">
     <span class='ocr_line' id='line_1_38' title="bbox 398 2324 2023 2400; baseline 0.011 -25"><span class='ocrx_word' id='word_1_252' title='bbox 398 2370 399 2375; x_wconf 46' lang='grc' dir='ltr'>η</span> <span class='ocrx_word' id='word_1_253' title='bbox 450 2324 651 2380; x_wconf 88' lang='lat' dir='ltr'>Simon</span> <span class='ocrx_word' id='word_1_254' title='bbox 693 2342 941 2395; x_wconf 79' lang='lat' dir='ltr'>magnus</span> <span class='ocrx_word' id='word_1_255' title='bbox 972 2328 1187 2383; x_wconf 84' lang='lat' dir='ltr'>Christi</span> <span class='ocrx_word' id='word_1_256' title='bbox 1222 2330 1548 2400; x_wconf 79' lang='lat' dir='ltr'>apostolus,</span> <span class='ocrx_word' id='word_1_257' title='bbox 1592 2333 1822 2391; x_wconf 86' lang='lat' dir='ltr'>Zelotes</span> <span class='ocrx_word' id='word_1_258' title='bbox 1870 2352 2023 2393; x_wconf 86' lang='lat' dir='ltr'>nun-</span> 
     </span>
    </p>
   </div>
   <div class='ocr_carea' id='block_1_39' title="bbox 376 2416 2027 2497">
    <p class='ocr_par' dir='ltr' id='par_1_39' title="bbox 376 2416 2027 2497">
     <span class='ocr_line' id='line_1_39' title="bbox 376 2416 2027 2497; baseline 0.009 -29"><span class='ocrx_word' id='word_1_259' title='bbox 376 2420 650 2484; x_wconf 86' lang='lat' dir='ltr'>cupatus,</span> <span class='ocrx_word' id='word_1_260' title='bbox 670 2431 805 2471; x_wconf 90' lang='lat' dir='ltr'>cum</span> <span class='ocrx_word' id='word_1_261' title='bbox 840 2416 902 2471; x_wconf 92' lang='lat' dir='ltr'>in</span> <span class='ocrx_word' id='word_1_262' title='bbox 931 2418 1232 2474; x_wconf 70' lang='lat' dir='ltr'>cmuaculo</span> <span class='ocrx_word' id='word_1_263' title='bbox 1255 2436 1375 2476; x_wconf 88' lang='lat' dir='ltr'>una</span> <span class='ocrx_word' id='word_1_264' title='bbox 1405 2437 1540 2476; x_wconf 90' lang='lat' dir='ltr'>cum</span> <span class='ocrx_word' id='word_1_265' title='bbox 1559 2424 1782 2480; x_wconf 82' lang='lat' dir='ltr'>sanctis</span> <span class='ocrx_word' id='word_1_266' title='bbox 1795 2432 2027 2497; x_wconf 86' lang='lat' dir='ltr'>aposto-</span> 
     </span>
    </p>
   </div>
   <div class='ocr_carea' id='block_1_40' title="bbox 377 2499 2030 2586">
    <p class='ocr_par' dir='ltr' id='par_1_40' title="bbox 377 2499 2030 2586">
     <span class='ocr_line' id='line_1_40' title="bbox 377 2499 2030 2586; baseline 0.008 -30"><span class='ocrx_word' id='word_1_267' title='bbox 377 2499 453 2556; x_wconf 85' lang='lat' dir='ltr'>lis</span> <span class='ocrx_word' id='word_1_268' title='bbox 472 2510 647 2560; x_wconf 84' lang='lat' dir='ltr'>esset.</span> <span class='ocrx_word' id='word_1_269' title='bbox 669 2503 1083 2576; x_wconf 87' lang='lat' dir='ltr'>visibilemque</span> <span class='ocrx_word' id='word_1_270' title='bbox 1105 2507 1358 2577; x_wconf 89' lang='lat' dir='ltr'>Spiritus</span> <span class='ocrx_word' id='word_1_271' title='bbox 1389 2511 1798 2581; x_wconf 86' lang='lat' dir='ltr'>operationem</span> <span class='ocrx_word' id='word_1_272' title='bbox 1816 2514 1877 2569; x_wconf 93' lang='lat' dir='ltr'>in</span> <span class='ocrx_word' id='word_1_273' title='bbox 1900 2531 2030 2586; x_wconf 89' lang='lat' dir='ltr'>spe-</span> 
     </span>
    </p>
   </div>
   <div class='ocr_carea' id='block_1_41' title="bbox 379 2589 2031 2673">
    <p class='ocr_par' dir='ltr' id='par_1_41' title="bbox 379 2589 2031 2673">
     <span class='ocr_line' id='line_1_41' title="bbox 379 2589 2031 2673; baseline 0.01 -29"><span class='ocrx_word' id='word_1_274' title='bbox 379 2589 470 2645; x_wconf 86' lang='lat' dir='ltr'>cie</span> <span class='ocrx_word' id='word_1_275' title='bbox 526 2591 818 2647; x_wconf 70' lang='lat' dir='ltr'>columbaa</span> <span class='ocrx_word' id='word_1_276' title='bbox 877 2600 937 2648; x_wconf 89' lang='lat' dir='ltr'>et</span> <span class='ocrx_word' id='word_1_277' title='bbox 992 2594 1055 2648; x_wconf 92' lang='lat' dir='ltr'>in</span> <span class='ocrx_word' id='word_1_278' title='bbox 1112 2594 1331 2668; x_wconf 77' lang='lat' dir='ltr'>linguis</span> <span class='ocrx_word' id='word_1_279' title='bbox 1404 2599 1595 2671; x_wconf 88' lang='lat' dir='ltr'>igneis</span> <span class='ocrx_word' id='word_1_280' title='bbox 1647 2603 2031 2673; x_wconf 85' lang='lat' dir='ltr'>suscepisset,</span> 
     </span>
    </p>
   </div>
   <div class='ocr_carea' id='block_1_42' title="bbox 381 2680 2031 2762">
    <p class='ocr_par' dir='ltr' id='par_1_42' title="bbox 381 2680 2031 2762">
     <span class='ocr_line' id='line_1_42' title="bbox 381 2680 2031 2762; baseline 0.009 -29"><span class='ocrx_word' id='word_1_281' title='bbox 381 2683 540 2734; x_wconf 88' lang='lat' dir='ltr'>totus</span> <span class='ocrx_word' id='word_1_282' title='bbox 562 2680 771 2753; x_wconf 83' lang='lat' dir='ltr'>igneus</span> <span class='ocrx_word' id='word_1_283' title='bbox 803 2683 1071 2747; x_wconf 79' lang='lat' dir='ltr'>effectus,</span> <span class='ocrx_word' id='word_1_284' title='bbox 1106 2683 1423 2758; x_wconf 88' lang='lat' dir='ltr'>divinoque</span> <span class='ocrx_word' id='word_1_285' title='bbox 1454 2687 1577 2743; x_wconf 83' lang='lat' dir='ltr'>zelo</span> <span class='ocrx_word' id='word_1_286' title='bbox 1604 2690 2031 2762; x_wconf 86' lang='lat' dir='ltr'>repletus,om-</span> 
     </span>
    </p>
   </div>
   <div class='ocr_carea' id='block_1_43' title="bbox 379 2770 2031 2845">
    <p class='ocr_par' dir='ltr' id='par_1_43' title="bbox 379 2770 2031 2845">
     <span class='ocr_line' id='line_1_43' title="bbox 379 2770 2031 2845; baseline 0.01 -22"><span class='ocrx_word' id='word_1_287' title='bbox 379 2784 521 2824; x_wconf 90' lang='lat' dir='ltr'>nem</span> <span class='ocrx_word' id='word_1_288' title='bbox 552 2770 795 2840; x_wconf 88' lang='lat' dir='ltr'>quidem</span> <span class='ocrx_word' id='word_1_289' title='bbox 826 2773 1074 2829; x_wconf 91' lang='lat' dir='ltr'>deorum</span> <span class='ocrx_word' id='word_1_290' title='bbox 1106 2775 1367 2845; x_wconf 89' lang='lat' dir='ltr'>plurium</span> <span class='ocrx_word' id='word_1_291' title='bbox 1418 2794 1706 2841; x_wconf 80' lang='lat' dir='ltr'>errorem,</span> <span class='ocrx_word' id='word_1_292' title='bbox 1740 2782 1900 2837; x_wconf 92' lang='lat' dir='ltr'>velut</span> <span class='ocrx_word' id='word_1_293' title='bbox 1926 2782 2031 2839; x_wconf 71' lang='lat' dir='ltr'>foe-</span> 
     </span>
    </p>
   </div>
   <div class='ocr_carea' id='block_1_44' title="bbox 379 2863 2031 2944">
    <p class='ocr_par' dir='ltr' id='par_1_44' title="bbox 379 2863 2031 2944">
     <span class='ocr_line' id='line_1_44' title="bbox 379 2863 2031 2944; baseline 0.009 -28"><span class='ocrx_word' id='word_1_294' title='bbox 379 2863 741 2922; x_wconf 89' lang='lat' dir='ltr'>num.libere</span> <span class='ocrx_word' id='word_1_295' title='bbox 771 2866 1072 2934; x_wconf 87' lang='lat' dir='ltr'>incendit;</span> <span class='ocrx_word' id='word_1_296' title='bbox 1098 2876 1315 2925; x_wconf 88' lang='lat' dir='ltr'>terram</span> <span class='ocrx_word' id='word_1_297' title='bbox 1334 2887 1472 2926; x_wconf 89' lang='lat' dir='ltr'>vero</span> <span class='ocrx_word' id='word_1_298' title='bbox 1495 2889 1679 2944; x_wconf 88' lang='lat' dir='ltr'>prope</span> <span class='ocrx_word' id='word_1_299' title='bbox 1696 2876 2031 2931; x_wconf 80' lang='lat' dir='ltr'>universam</span> 
     </span>
    </p>
   </div>
   <div class='ocr_carea' id='block_1_45' title="bbox 377 2956 2031 3037">
    <p class='ocr_par' dir='ltr' id='par_1_45' title="bbox 377 2956 2031 3037">
     <span class='ocr_line' id='line_1_45' title="bbox 377 2956 2031 3037; baseline 0.01 -31"><span class='ocrx_word' id='word_1_300' title='bbox 377 2956 925 3023; x_wconf 86' lang='lat' dir='ltr'>percurrens.iilam</span> <span class='ocrx_word' id='word_1_301' title='bbox 954 2957 1241 3016; x_wconf 72' lang='lat' dir='ltr'>doctrinas</span> <span class='ocrx_word' id='word_1_302' title='bbox 1264 2962 2031 3037; x_wconf 83' lang='lat' dir='ltr'>sermonibuspietatisque</span> 
     </span>
    </p>
   </div>
   <div class='ocr_carea' id='block_1_46' title="bbox 376 3039 2033 3122">
    <p class='ocr_par' dir='ltr' id='par_1_46' title="bbox 376 3039 2033 3122">
     <span class='ocr_line' id='line_1_46' title="bbox 376 3039 2033 3122; baseline 0.01 -27"><span class='ocrx_word' id='word_1_303' title='bbox 376 3039 606 3098; x_wconf 88' lang='lat' dir='ltr'>lumine</span> <span class='ocrx_word' id='word_1_304' title='bbox 636 3044 953 3102; x_wconf 86' lang='lat' dir='ltr'>illustravit</span> <span class='ocrx_word' id='word_1_305' title='bbox 982 3048 1655 3122; x_wconf 86' lang='lat' dir='ltr'>illuminavitque.Unde</span> <span class='ocrx_word' id='word_1_306' title='bbox 1688 3060 1746 3109; x_wconf 89' lang='lat' dir='ltr'>et</span> <span class='ocrx_word' id='word_1_307' title='bbox 1776 3061 1934 3111; x_wconf 90' lang='lat' dir='ltr'>recte</span> <span class='ocrx_word' id='word_1_308' title='bbox 1965 3070 2033 3111; x_wconf 89' lang='lat' dir='ltr'>ac</span> 
     </span>
    </p>
   </div>
   <div class='ocr_carea' id='block_1_47' title="bbox 375 3134 2032 3217">
    <p class='ocr_par' dir='ltr' id='par_1_47' title="bbox 375 3134 2032 3217">
     <span class='ocr_line' id='line_1_47' title="bbox 375 3134 2032 3217; baseline 0.01 -32"><span class='ocrx_word' id='word_1_309' title='bbox 375 3146 510 3187; x_wconf 85' lang='lat' dir='ltr'>vere</span> <span class='ocrx_word' id='word_1_310' title='bbox 540 3134 754 3190; x_wconf 72' lang='lat' dir='ltr'>Zelotas</span> <span class='ocrx_word' id='word_1_311' title='bbox 798 3145 1261 3209; x_wconf 77' lang='lat' dir='ltr'>cognomentum</span> <span class='ocrx_word' id='word_1_312' title='bbox 1310 3142 1560 3213; x_wconf 87' lang='lat' dir='ltr'>accepit.</span> <span class='ocrx_word' id='word_1_313' title='bbox 1615 3150 1676 3198; x_wconf 89' lang='lat' dir='ltr'>et</span> <span class='ocrx_word' id='word_1_314' title='bbox 1730 3144 2032 3217; x_wconf 88' lang='lat' dir='ltr'>duplicem</span> 
     </span>
    </p>
   </div>
   <div class='ocr_carea' id='block_1_48' title="bbox 380 3221 2031 3300">
    <p class='ocr_par' dir='ltr' id='par_1_48' title="bbox 380 3221 2031 3300">
     <span class='ocr_line' id='line_1_48' title="bbox 380 3221 2031 3300; baseline 0.007 -24"><span class='ocrx_word' id='word_1_315' title='bbox 380 3221 774 3280; x_wconf 84' lang='lat' dir='ltr'>confessionis</span> <span class='ocrx_word' id='word_1_316' title='bbox 804 3242 1089 3282; x_wconf 86' lang='lat' dir='ltr'>coronam</span> <span class='ocrx_word' id='word_1_317' title='bbox 1122 3227 1376 3300; x_wconf 85' lang='lat' dir='ltr'>adeptus</span> <span class='ocrx_word' id='word_1_318' title='bbox 1409 3235 1517 3285; x_wconf 81' lang='lat' dir='ltr'>est.</span> <span class='ocrx_word' id='word_1_319' title='bbox 1559 3232 1705 3287; x_wconf 79' lang='lat' dir='ltr'>Nam</span> <span class='ocrx_word' id='word_1_320' title='bbox 1754 3233 2031 3288; x_wconf 79' lang='lat' dir='ltr'>Maurita-</span> 
     </span>
    </p>
   </div>
   <div class='ocr_carea' id='block_1_49' title="bbox 379 3311 2032 3393">
    <p class='ocr_par' dir='ltr' id='par_1_49' title="bbox 379 3311 2032 3393">
     <span class='ocr_line' id='line_1_49' title="bbox 379 3311 2032 3393; baseline 0.007 -28"><span class='ocrx_word' id='word_1_321' title='bbox 379 3311 563 3375; x_wconf 89' lang='lat' dir='ltr'>niam,</span> <span class='ocrx_word' id='word_1_322' title='bbox 594 3318 898 3384; x_wconf 87' lang='lat' dir='ltr'>totamque</span> <span class='ocrx_word' id='word_1_323' title='bbox 964 3316 1243 3373; x_wconf 81' lang='lat' dir='ltr'>Afrorum</span> <span class='ocrx_word' id='word_1_324' title='bbox 1294 3319 1622 3391; x_wconf 79' lang='lat' dir='ltr'>regionem.</span> <span class='ocrx_word' id='word_1_325' title='bbox 1682 3326 1742 3376; x_wconf 90' lang='lat' dir='ltr'>et</span> <span class='ocrx_word' id='word_1_326' title='bbox 1789 3321 2032 3393; x_wconf 87' lang='lat' dir='ltr'>Libyam</span> 
     </span>
    </p>
   </div>
   <div class='ocr_carea' id='block_1_50' title="bbox 380 3401 2033 3480">
    <p class='ocr_par' dir='ltr' id='par_1_50' title="bbox 380 3401 2033 3480">
     <span class='ocr_line' id='line_1_50' title="bbox 380 3401 2033 3480; baseline 0.007 -25"><span class='ocrx_word' id='word_1_327' title='bbox 380 3401 716 3460; x_wconf 82' lang='lat' dir='ltr'>universam</span> <span class='ocrx_word' id='word_1_328' title='bbox 748 3407 1099 3478; x_wconf 86' lang='lat' dir='ltr'>peragravit,</span> <span class='ocrx_word' id='word_1_329' title='bbox 1124 3415 1184 3463; x_wconf 92' lang='lat' dir='ltr'>et</span> <span class='ocrx_word' id='word_1_330' title='bbox 1210 3408 1414 3480; x_wconf 90' lang='lat' dir='ltr'>plures</span> <span class='ocrx_word' id='word_1_331' title='bbox 1444 3409 1780 3466; x_wconf 84' lang='lat' dir='ltr'>infidelium</span> <span class='ocrx_word' id='word_1_332' title='bbox 1812 3412 1886 3467; x_wconf 90' lang='lat' dir='ltr'>ad</span> <span class='ocrx_word' id='word_1_333' title='bbox 1918 3412 2033 3467; x_wconf 92' lang='lat' dir='ltr'>Do-</span> 
     </span>
    </p>
   </div>
   <div class='ocr_carea' id='block_1_51' title="bbox 2063 2109 2111 2174">
    <p class='ocr_par' dir='ltr' id='par_1_51' title="bbox 2063 2109 2111 2174">
     <span class='ocr_line' id='line_1_51' title="bbox 2063 2109 2111 2174; baseline 0 0"><span class='ocrx_word' id='word_1_334' title='bbox 2063 2109 2111 2174; x_wconf 91' lang='lat' dir='ltr'><strong>B</strong></span> 
     </span>
    </p>
   </div>
   <div class='ocr_carea' id='block_1_52' title="bbox 2210 2139 3721 2221">
    <p class='ocr_par' dir='ltr' id='par_1_52' title="bbox 2210 2139 3721 2221">
     <span class='ocr_line' id='line_1_52' title="bbox 2210 2139 3721 2221; baseline -0.015 -7"><span class='ocrx_word' id='word_1_335' title='bbox 2210 2157 2313 2217; x_wconf 78' lang='grc' dir='ltr'>Καὶ</span> <span class='ocrx_word' id='word_1_336' title='bbox 2346 2152 2578 2221; x_wconf 74' lang='grc' dir='ltr'>ἄθλησις</span> <span class='ocrx_word' id='word_1_337' title='bbox 2620 2152 2719 2206; x_wconf 79' lang='grc' dir='ltr'>τοῦ</span> <span class='ocrx_word' id='word_1_338' title='bbox 2776 2145 2935 2221; x_wconf 72' lang='grc' dir='ltr'>ἁγίου</span> <span class='ocrx_word' id='word_1_339' title='bbox 2974 2141 3286 2221; x_wconf 82' lang='grc' dir='ltr'>ἀποστόλου</span> <span class='ocrx_word' id='word_1_340' title='bbox 3319 2139 3571 2214; x_wconf 73' lang='grc' dir='ltr'>Σίμωνος</span> <span class='ocrx_word' id='word_1_341' title='bbox 3621 2139 3721 2193; x_wconf 77' lang='grc' dir='ltr'>τοῖ’)</span> 
     </span>
    </p>
   </div>
   <div class='ocr_carea' id='block_1_53' title="bbox 2827 2217 3359 2289">
    <p class='ocr_par' dir='ltr' id='par_1_53' title="bbox 2827 2217 3359 2289">
     <span class='ocr_line' id='line_1_53' title="bbox 2827 2217 3359 2289; baseline -0.004 -13"><span class='ocrx_word' id='word_1_342' title='bbox 2827 2217 3114 2289; x_wconf 79' lang='grc' dir='ltr'>Ζηλωτοῦ.</span> <span class='ocrx_word' id='word_1_343' title='bbox 3352 2254 3359 2259; x_wconf 90' lang='grc'><strong>-</strong></span> 
     </span>
    </p>
   </div>
   <div class='ocr_carea' id='block_1_54' title="bbox 2213 2335 3794 2427">
    <p class='ocr_par' dir='ltr' id='par_1_54' title="bbox 2213 2335 3794 2427">
     <span class='ocr_line' id='line_1_54' title="bbox 2213 2335 3794 2427; baseline -0.013 -16"><span class='ocrx_word' id='word_1_344' title='bbox 2213 2356 2429 2427; x_wconf 80' lang='grc' dir='ltr'>Σίμων,</span> <span class='ocrx_word' id='word_1_345' title='bbox 2479 2352 2508 2408; x_wconf 99' lang='lat'>6</span> <span class='ocrx_word' id='word_1_346' title='bbox 2544 2349 2708 2426; x_wconf 86' lang='grc' dir='ltr'>μέγας</span> <span class='ocrx_word' id='word_1_347' title='bbox 2739 2342 3049 2407; x_wconf 83' lang='grc' dir='ltr'>ἀπόστολος</span> <span class='ocrx_word' id='word_1_348' title='bbox 3104 2346 3203 2398; x_wconf 73' lang='grc' dir='ltr'>τοῦ</span> <span class='ocrx_word' id='word_1_349' title='bbox 3233 2341 3493 2415; x_wconf 78' lang='grc' dir='ltr'>Χριστοῦ,</span> <span class='ocrx_word' id='word_1_350' title='bbox 3527 2338 3557 2393; x_wconf 89' lang='lat'>6</span> <span class='ocrx_word' id='word_1_351' title='bbox 3593 2335 3794 2392; x_wconf 68' lang='grc' dir='ltr'>ἐπιλε-</span> 
     </span>
    </p>
   </div>
   <div class='ocr_carea' id='block_1_55' title="bbox 2141 2427 3799 2529">
    <p class='ocr_par' dir='ltr' id='par_1_55' title="bbox 2141 2427 3799 2529">
     <span class='ocr_line' id='line_1_55' title="bbox 2141 2427 3799 2529; baseline -0.013 -28"><span class='ocrx_word' id='word_1_352' title='bbox 2141 2444 2379 2523; x_wconf 85' lang='grc' dir='ltr'>γόμενος</span> <span class='ocrx_word' id='word_1_353' title='bbox 2454 2440 2745 2511; x_wconf 75' lang='grc' dir='ltr'>Ζηλωτὴς,</span> <span class='ocrx_word' id='word_1_354' title='bbox 2833 2435 2968 2509; x_wconf 84' lang='grc' dir='ltr'>μετᾶ</span> <span class='ocrx_word' id='word_1_355' title='bbox 3022 2439 3134 2490; x_wconf 88' lang='grc' dir='ltr'>τῶν</span> <span class='ocrx_word' id='word_1_356' title='bbox 3217 2431 3387 2529; x_wconf 75' lang='grc' dir='ltr'>ἁγίων</span> <span class='ocrx_word' id='word_1_357' title='bbox 3470 2427 3799 2529; x_wconf 64' lang='grc' dir='ltr'>ἀποστόλων</span> 
     </span>
    </p>
   </div>
   <div class='ocr_carea' id='block_1_56' title="bbox 2145 2517 3797 2609">
    <p class='ocr_par' dir='ltr' id='par_1_56' title="bbox 2145 2517 3797 2609">
     <span class='ocr_line' id='line_1_56' title="bbox 2145 2517 3797 2609; baseline -0.013 -18"><span class='ocrx_word' id='word_1_358' title='bbox 2145 2517 2410 2609; x_wconf 71' lang='grc' dir='ltr'>δπάρχων</span> <span class='ocrx_word' id='word_1_359' title='bbox 2467 2529 2522 2586; x_wconf 88' lang='grc' dir='ltr'>ἐν</span> <span class='ocrx_word' id='word_1_360' title='bbox 2575 2533 2656 2601; x_wconf 78' lang='grc' dir='ltr'>τῷ</span> <span class='ocrx_word' id='word_1_361' title='bbox 2709 2526 2963 2601; x_wconf 81' lang='grc' dir='ltr'>ὑπερῴῳ,</span> <span class='ocrx_word' id='word_1_362' title='bbox 3022 2523 3115 2578; x_wconf 81' lang='grc' dir='ltr'>καὶ</span> <span class='ocrx_word' id='word_1_363' title='bbox 3174 2522 3275 2590; x_wconf 75' lang='grc' dir='ltr'>τήν</span> <span class='ocrx_word' id='word_1_364' title='bbox 3355 2517 3643 2609; x_wconf 80' lang='grc' dir='ltr'>ὁρωμένην</span> <span class='ocrx_word' id='word_1_365' title='bbox 3696 2519 3797 2609; x_wconf 77' lang='grc' dir='ltr'>τοῦ</span> 
     </span>
    </p>
   </div>
   <div class='ocr_carea' id='block_1_57' title="bbox 2142 2605 3801 2696">
    <p class='ocr_par' dir='ltr' id='par_1_57' title="bbox 2142 2605 3801 2696">
     <span class='ocr_line' id='line_1_57' title="bbox 2142 2605 3801 2696; baseline -0.013 -15"><span class='ocrx_word' id='word_1_366' title='bbox 2142 2605 2460 2696; x_wconf 41' lang='lat' dir='ltr'>manu“</span> <span class='ocrx_word' id='word_1_367' title='bbox 2497 2619 2763 2695; x_wconf 77' lang='grc' dir='ltr'>ἐνέργειαν</span> <span class='ocrx_word' id='word_1_368' title='bbox 2818 2616 2870 2671; x_wconf 82' lang='grc' dir='ltr'>ἐν</span> <span class='ocrx_word' id='word_1_369' title='bbox 2930 2612 3061 2670; x_wconf 74' lang='grc' dir='ltr'>ε’ῗδει</span> <span class='ocrx_word' id='word_1_370' title='bbox 3114 2613 3433 2685; x_wconf 84' lang='grc' dir='ltr'>περιστερᾶς</span> <span class='ocrx_word' id='word_1_371' title='bbox 3490 2606 3581 2663; x_wconf 82' lang='grc' dir='ltr'>καὶ</span> <span class='ocrx_word' id='word_1_372' title='bbox 3633 2605 3801 2683; x_wconf 78' lang='grc' dir='ltr'>πυρὶ-</span> 
     </span>
    </p>
   </div>
   <div class='ocr_carea' id='block_1_58' title="bbox 2139 2698 3797 2789">
    <p class='ocr_par' dir='ltr' id='par_1_58' title="bbox 2139 2698 3797 2789">
     <span class='ocr_line' id='line_1_58' title="bbox 2139 2698 3797 2789; baseline -0.013 -17"><span class='ocrx_word' id='word_1_373' title='bbox 2139 2735 2261 2777; x_wconf 90' lang='grc' dir='ltr'>ναις</span> <span class='ocrx_word' id='word_1_374' title='bbox 2286 2712 2569 2789; x_wconf 78' lang='grc' dir='ltr'>γλώσσαις</span> <span class='ocrx_word' id='word_1_375' title='bbox 2630 2705 3050 2779; x_wconf 79' lang='grc' dir='ltr'>ὑποδεξάμενος,</span> <span class='ocrx_word' id='word_1_376' title='bbox 3104 2702 3237 2765; x_wconf 77' lang='grc' dir='ltr'>ὅλος</span> <span class='ocrx_word' id='word_1_377' title='bbox 3290 2698 3797 2789; x_wconf 21' lang='grc' dir='ltr'>πυρίπνουςλγέγο-</span> 
     </span>
    </p>
   </div>
   <div class='ocr_carea' id='block_1_59' title="bbox 2144 2785 3799 2867">
    <p class='ocr_par' dir='ltr' id='par_1_59' title="bbox 2144 2785 3799 2867">
     <span class='ocr_line' id='line_1_59' title="bbox 2144 2785 3799 2867; baseline -0.012 -7"><span class='ocrx_word' id='word_1_378' title='bbox 2144 2825 2252 2861; x_wconf 82' lang='grc' dir='ltr'>νεν-</span> <span class='ocrx_word' id='word_1_379' title='bbox 2301 2785 2392 2858; x_wconf 79' lang='grc' dir='ltr'>καὶ</span> <span class='ocrx_word' id='word_1_380' title='bbox 2456 2802 2606 2855; x_wconf 78' lang='grc' dir='ltr'>θείου</span> <span class='ocrx_word' id='word_1_381' title='bbox 2652 2796 2824 2867; x_wconf 70' lang='grc' dir='ltr'>ζήλου</span> <span class='ocrx_word' id='word_1_382' title='bbox 2882 2791 3176 2864; x_wconf 78' lang='grc' dir='ltr'>πλησθεὶς,</span> <span class='ocrx_word' id='word_1_383' title='bbox 3224 2791 3327 2859; x_wconf 72' lang='grc' dir='ltr'>τὴν</span> <span class='ocrx_word' id='word_1_384' title='bbox 3388 2789 3483 2862; x_wconf 72' lang='grc' dir='ltr'>μὲν</span> <span class='ocrx_word' id='word_1_385' title='bbox 3528 2785 3799 2843; x_wconf 73' lang='grc' dir='ltr'>πολύθεον</span> 
     </span>
    </p>
   </div>
   <div class='ocr_carea' id='block_1_60' title="bbox 2140 2875 3794 2961">
    <p class='ocr_par' dir='ltr' id='par_1_60' title="bbox 2140 2875 3794 2961">
     <span class='ocr_line' id='line_1_60' title="bbox 2140 2875 3794 2961; baseline -0.013 -12"><span class='ocrx_word' id='word_1_386' title='bbox 2140 2893 2356 2961; x_wconf 77' lang='grc' dir='ltr'>πλάνην</span> <span class='ocrx_word' id='word_1_387' title='bbox 2389 2896 2561 2945; x_wconf 82' lang='grc' dir='ltr'>πᾶσαν</span> <span class='ocrx_word' id='word_1_388' title='bbox 2623 2887 2699 2948; x_wconf 88' lang='grc' dir='ltr'>ὡς</span> <span class='ocrx_word' id='word_1_389' title='bbox 2759 2885 2962 2960; x_wconf 80' lang='grc' dir='ltr'>χόρτον</span> <span class='ocrx_word' id='word_1_390' title='bbox 3021 2877 3311 2959; x_wconf 75' lang='grc' dir='ltr'>κατέφλεξε</span> <span class='ocrx_word' id='word_1_391' title='bbox 3367 2881 3436 2952; x_wconf 80' lang='grc' dir='ltr'>τῇ</span> <span class='ocrx_word' id='word_1_392' title='bbox 3492 2875 3794 2954; x_wconf 67' lang='grc' dir='ltr'>παῤῥησίᾳ·</span> 
     </span>
    </p>
   </div>
   <div class='ocr_carea' id='block_1_61' title="bbox 2138 2962 3797 3055">
    <p class='ocr_par' dir='ltr' id='par_1_61' title="bbox 2138 2962 3797 3055">
     <span class='ocr_line' id='line_1_61' title="bbox 2138 2962 3797 3055; baseline -0.014 -17"><span class='ocrx_word' id='word_1_393' title='bbox 2138 2983 2238 3051; x_wconf 74' lang='grc' dir='ltr'>τὴν</span> <span class='ocrx_word' id='word_1_394' title='bbox 2274 2978 2332 3036; x_wconf 75' lang='grc' dir='ltr'>δὲ</span> <span class='ocrx_word' id='word_1_395' title='bbox 2358 2986 2462 3055; x_wconf 68' lang='grc' dir='ltr'>γῆν</span> <span class='ocrx_word' id='word_1_396' title='bbox 2487 2977 2625 3046; x_wconf 82' lang='grc' dir='ltr'>ὅλην</span> <span class='ocrx_word' id='word_1_397' title='bbox 2673 2970 2871 3049; x_wconf 80' lang='grc' dir='ltr'>σχεδὸν</span> <span class='ocrx_word' id='word_1_398' title='bbox 2925 2967 3265 3045; x_wconf 83' lang='grc' dir='ltr'>διαδραμὼν,</span> <span class='ocrx_word' id='word_1_399' title='bbox 3300 2969 3382 3037; x_wconf 81' lang='grc' dir='ltr'>τῷ</span> <span class='ocrx_word' id='word_1_400' title='bbox 3408 2962 3797 3055; x_wconf 32' lang='grc' dir='ltr'>,διδασκαλιχῷ</span> 
     </span>
    </p>
   </div>
   <div class='ocr_carea' id='block_1_62' title="bbox 2146 3050 3791 3147">
    <p class='ocr_par' dir='ltr' id='par_1_62' title="bbox 2146 3050 3791 3147">
     <span class='ocr_line' id='line_1_62' title="bbox 2146 3050 3791 3147; baseline -0.013 -20"><span class='ocrx_word' id='word_1_401' title='bbox 2146 3071 2298 3147; x_wconf 76' lang='grc' dir='ltr'>Λόγῳ</span> <span class='ocrx_word' id='word_1_402' title='bbox 2355 3050 2520 3124; x_wconf 79' lang='grc' dir='ltr'>αὐτοῦ</span> <span class='ocrx_word' id='word_1_403' title='bbox 2576 3064 2667 3120; x_wconf 74' lang='grc' dir='ltr'>καὶ</span> <span class='ocrx_word' id='word_1_404' title='bbox 2721 3066 2802 3134; x_wconf 79' lang='grc' dir='ltr'>τῷ</span> <span class='ocrx_word' id='word_1_405' title='bbox 2861 3062 3048 3139; x_wconf 76' lang='grc' dir='ltr'>φέγγει</span> <span class='ocrx_word' id='word_1_406' title='bbox 3099 3065 3201 3128; x_wconf 78' lang='grc' dir='ltr'>τῆς</span> <span class='ocrx_word' id='word_1_407' title='bbox 3274 3050 3550 3147; x_wconf 65' lang='grc' dir='ltr'>εὐσεϐείας</span> <span class='ocrx_word' id='word_1_408' title='bbox 3615 3051 3791 3147; x_wconf 46' lang='grc' dir='ltr'>ἑλάμῗ</span> 
     </span>
    </p>
   </div>
   <div class='ocr_carea' id='block_1_63' title="bbox 2139 3142 3788 3237">
    <p class='ocr_par' dir='ltr' id='par_1_63' title="bbox 2139 3142 3788 3237">
     <span class='ocr_line' id='line_1_63' title="bbox 2139 3142 3788 3237; baseline -0.013 -20"><span class='ocrx_word' id='word_1_409' title='bbox 2139 3142 2308 3237; x_wconf 74' lang='grc' dir='ltr'>πρυνὲ</span> <span class='ocrx_word' id='word_1_410' title='bbox 2362 3179 2423 3213; x_wconf 84' lang='grc' dir='ltr'>τε</span> <span class='ocrx_word' id='word_1_411' title='bbox 2476 3155 2569 3211; x_wconf 80' lang='grc' dir='ltr'>καὶ</span> <span class='ocrx_word' id='word_1_412' title='bbox 2625 3151 3077 3228; x_wconf 64' lang='grc' dir='ltr'>κατεφρώντισεν.</span> <span class='ocrx_word' id='word_1_413' title='bbox 3133 3148 3295 3205; x_wconf 80' lang='grc' dir='ltr'>Ὅθεν</span> <span class='ocrx_word' id='word_1_414' title='bbox 3355 3145 3539 3205; x_wconf 82' lang='grc' dir='ltr'>καλῶς</span> <span class='ocrx_word' id='word_1_415' title='bbox 3595 3163 3653 3197; x_wconf 86' lang='grc' dir='ltr'>τε</span> <span class='ocrx_word' id='word_1_416' title='bbox 3692 3142 3788 3223; x_wconf 72' lang='grc' dir='ltr'>καὶ</span> 
     </span>
    </p>
   </div>
   <div class='ocr_carea' id='block_1_64' title="bbox 2140 3228 3773 3317">
    <p class='ocr_par' dir='ltr' id='par_1_64' title="bbox 2140 3228 3773 3317">
     <span class='ocr_line' id='line_1_64' title="bbox 2140 3228 3773 3317; baseline -0.015 -11"><span class='ocrx_word' id='word_1_417' title='bbox 2140 3228 2513 3317; x_wconf 72' lang='grc' dir='ltr'>καταλλῆλως</span> <span class='ocrx_word' id='word_1_418' title='bbox 2574 3244 2675 3312; x_wconf 81' lang='grc' dir='ltr'>τὴν</span> <span class='ocrx_word' id='word_1_419' title='bbox 2726 3241 2828 3296; x_wconf 71' lang='grc' dir='ltr'>τοῦ</span> <span class='ocrx_word' id='word_1_420' title='bbox 2886 3237 3151 3309; x_wconf 80' lang='grc' dir='ltr'>Ζηλωτοῦ</span> <span class='ocrx_word' id='word_1_421' title='bbox 3208 3233 3493 3317; x_wconf 71' lang='grc' dir='ltr'>ἐπίγλησιν</span> <span class='ocrx_word' id='word_1_422' title='bbox 3539 3228 3773 3300; x_wconf 76' lang='grc' dir='ltr'>ἐδέξατο,</span> 
     </span>
    </p>
   </div>
   <div class='ocr_carea' id='block_1_65' title="bbox 2139 3316 3782 3423">
    <p class='ocr_par' dir='ltr' id='par_1_65' title="bbox 2139 3316 3782 3423">
     <span class='ocr_line' id='line_1_65' title="bbox 2139 3316 3782 3423; baseline -0.016 -27"><span class='ocrx_word' id='word_1_423' title='bbox 2139 3339 2230 3396; x_wconf 78' lang='grc' dir='ltr'>καὶ</span> <span class='ocrx_word' id='word_1_424' title='bbox 2263 3337 2494 3394; x_wconf 77' lang='grc' dir='ltr'>διπλοῦν</span> <span class='ocrx_word' id='word_1_425' title='bbox 2515 3335 2579 3390; x_wconf 87' lang='grc' dir='ltr'>τὸ</span> <span class='ocrx_word' id='word_1_426' title='bbox 2606 3333 2800 3410; x_wconf 70' lang='grc' dir='ltr'>στέφος</span> <span class='ocrx_word' id='word_1_427' title='bbox 2855 3337 2956 3400; x_wconf 82' lang='grc' dir='ltr'>τῆς</span> <span class='ocrx_word' id='word_1_428' title='bbox 3014 3325 3316 3402; x_wconf 77' lang='grc' dir='ltr'>ὁμολογίας</span> <span class='ocrx_word' id='word_1_429' title='bbox 3332 3316 3524 3423; x_wconf 45' lang='grc' dir='ltr'>ἔλαϐε.</span> <span class='ocrx_word' id='word_1_430' title='bbox 3564 3322 3782 3423; x_wconf 47' lang='grc' dir='ltr'>ὺξαυρι-</span> 
     </span>
    </p>
   </div>
   <div class='ocr_carea' id='block_1_66' title="bbox 2140 3409 3786 3502">
    <p class='ocr_par' dir='ltr' id='par_1_66' title="bbox 2140 3409 3786 3502">
     <span class='ocr_line' id='line_1_66' title="bbox 2140 3409 3786 3502; baseline -0.015 -17"><span class='ocrx_word' id='word_1_431' title='bbox 2140 3430 2326 3486; x_wconf 76' lang='grc' dir='ltr'>τανίαν</span> <span class='ocrx_word' id='word_1_432' title='bbox 2357 3429 2484 3502; x_wconf 81' lang='grc' dir='ltr'>γάρ,</span> <span class='ocrx_word' id='word_1_433' title='bbox 2520 3424 2611 3480; x_wconf 87' lang='grc' dir='ltr'>καὶ</span> <span class='ocrx_word' id='word_1_434' title='bbox 2675 3409 2775 3490; x_wconf 73' lang='grc' dir='ltr'>τὴν</span> <span class='ocrx_word' id='word_1_435' title='bbox 2826 3424 2937 3476; x_wconf 88' lang='grc' dir='ltr'>τῶν</span> <span class='ocrx_word' id='word_1_436' title='bbox 2986 3419 3211 3493; x_wconf 80' lang='grc' dir='ltr'>Ἀφρων</span> <span class='ocrx_word' id='word_1_437' title='bbox 3269 3415 3476 3490; x_wconf 84' lang='grc' dir='ltr'>χώραν,</span> <span class='ocrx_word' id='word_1_438' title='bbox 3532 3409 3640 3502; x_wconf 42' lang='grc' dir='ltr'>καὶ-</span> <span class='ocrx_word' id='word_1_439' title='bbox 3680 3411 3786 3477; x_wconf 73' lang='grc' dir='ltr'>τὴν</span> 
     </span>
    </p>
   </div>
   <div class='ocr_carea' id='block_1_67' title="bbox 379 3483 2033 3588">
    <p class='ocr_par' dir='ltr' id='par_1_67' title="bbox 379 3491 2032 3573">
     <span class='ocr_line' id='line_1_67' title="bbox 379 3491 2032 3573; baseline 0.007 -28"><span class='ocrx_word' id='word_1_440' title='bbox 379 3491 609 3547; x_wconf 89' lang='lat' dir='ltr'>minum</span> <span class='ocrx_word' id='word_1_441' title='bbox 642 3495 964 3549; x_wconf 82' lang='lat' dir='ltr'>convertit:</span> <span class='ocrx_word' id='word_1_442' title='bbox 999 3513 1068 3553; x_wconf 83' lang='lat' dir='ltr'>ac</span> <span class='ocrx_word' id='word_1_443' title='bbox 1096 3496 1338 3555; x_wconf 89' lang='lat' dir='ltr'>demum</span> <span class='ocrx_word' id='word_1_444' title='bbox 1386 3499 1449 3555; x_wconf 91' lang='lat' dir='ltr'>in</span> <span class='ocrx_word' id='word_1_445' title='bbox 1507 3499 1871 3556; x_wconf 89' lang='lat' dir='ltr'>Britanniam</span> <span class='ocrx_word' id='word_1_446' title='bbox 1902 3518 2032 3573; x_wconf 87' lang='lat' dir='ltr'>pro-</span> 
     </span>
    </p>
   </div>
   <div class='ocr_carea' id='block_1_68' title="bbox 2146 3483 3787 3588">
    <p class='ocr_par' dir='ltr' id='par_1_68' title="bbox 2146 3483 3787 3588">
     <span class='ocr_line' id='line_1_68' title="bbox 2146 3483 3787 3588; baseline -0.014 -13"><span class='ocrx_word' id='word_1_447' title='bbox 2146 3483 2592 3588; x_wconf 47' lang='grc' dir='ltr'>Λιὸὗηνιᾶπασαν</span> <span class='ocrx_word' id='word_1_448' title='bbox 2627 3510 2882 3576; x_wconf 82' lang='grc' dir='ltr'>διελθὼν,</span> <span class='ocrx_word' id='word_1_449' title='bbox 2931 3507 3021 3564; x_wconf 78' lang='grc' dir='ltr'>καὶ</span> <span class='ocrx_word' id='word_1_450' title='bbox 3070 3504 3321 3568; x_wconf 71' lang='grc' dir='ltr'>πολλοὺς</span> <span class='ocrx_word' id='word_1_451' title='bbox 3376 3507 3485 3558; x_wconf 90' lang='grc' dir='ltr'>τῶν</span> <span class='ocrx_word' id='word_1_452' title='bbox 3543 3497 3787 3588; x_wconf 72' lang='grc' dir='ltr'>ἀπίστων</span> 
     </span>
    </p>
   </div>
   <div class='ocr_carea' id='block_1_69' title="bbox 378 3580 2027 3663">
    <p class='ocr_par' dir='ltr' id='par_1_69' title="bbox 378 3580 2027 3663">
     <span class='ocr_line' id='line_1_69' title="bbox 378 3580 2027 3663; baseline 0.008 -29"><span class='ocrx_word' id='word_1_453' title='bbox 378 3580 569 3636; x_wconf 84' lang='lat' dir='ltr'>fectus</span> <span class='ocrx_word' id='word_1_454' title='bbox 622 3584 785 3639; x_wconf 87' lang='lat' dir='ltr'>cruci</span> <span class='ocrx_word' id='word_1_455' title='bbox 816 3585 1033 3643; x_wconf 83' lang='lat' dir='ltr'>afﬁxus</span> <span class='ocrx_word' id='word_1_456' title='bbox 1061 3587 1210 3644; x_wconf 88' lang='lat' dir='ltr'>fuit:</span> <span class='ocrx_word' id='word_1_457' title='bbox 1243 3595 1421 3661; x_wconf 83' lang='lat' dir='ltr'>atque</span> <span class='ocrx_word' id='word_1_458' title='bbox 1469 3589 1553 3645; x_wconf 88' lang='lat' dir='ltr'>ita</span> <span class='ocrx_word' id='word_1_459' title='bbox 1602 3590 1876 3663; x_wconf 90' lang='lat' dir='ltr'>spiritum</span> <span class='ocrx_word' id='word_1_460' title='bbox 1913 3592 2027 3647; x_wconf 91' lang='lat' dir='ltr'>Deo</span> 
     </span>
    </p>
   </div>
   <div class='ocr_carea' id='block_1_70' title="bbox 381 3670 642 3727">
    <p class='ocr_par' dir='ltr' id='par_1_70' title="bbox 381 3670 642 3727">
     <span class='ocr_line' id='line_1_70' title="bbox 381 3670 642 3727; baseline 0.011 -4"><span class='ocrx_word' id='word_1_461' title='bbox 381 3670 642 3727; x_wconf 85' lang='lat' dir='ltr'>tradidit.</span> 
     </span>
    </p>
   </div>
   <div class='ocr_carea' id='block_1_71' title="bbox 456 3897 1961 3986">
    <p class='ocr_par' dir='ltr' id='par_1_71' title="bbox 456 3897 1961 3986">
     <span class='ocr_line' id='line_1_71' title="bbox 456 3897 1961 3986; baseline 0.006 -34"><span class='ocrx_word' id='word_1_462' title='bbox 456 3897 526 3952; x_wconf 87' lang='lat' dir='ltr'>Et</span> <span class='ocrx_word' id='word_1_463' title='bbox 554 3903 830 3954; x_wconf 80' lang='lat' dir='ltr'>certamen</span> <span class='ocrx_word' id='word_1_464' title='bbox 858 3904 1038 3957; x_wconf 82' lang='lat' dir='ltr'>sancti</span> <span class='ocrx_word' id='word_1_465' title='bbox 1059 3901 1276 3986; x_wconf 64' lang='lat' dir='ltr'>Alpluei</span> <span class='ocrx_word' id='word_1_466' title='bbox 1293 3908 1575 3977; x_wconf 77' lang='lat' dir='ltr'>martyris,</span> <span class='ocrx_word' id='word_1_467' title='bbox 1607 3911 1659 3962; x_wconf 83' lang='lat' dir='ltr'>et</span> <span class='ocrx_word' id='word_1_468' title='bbox 1687 3907 1961 3965; x_wconf 82' lang='lat' dir='ltr'>sociorum</span> 
     </span>
    </p>
   </div>
   <div class='ocr_carea' id='block_1_72' title="bbox 1133 3991 1268 4047">
    <p class='ocr_par' dir='ltr' id='par_1_72' title="bbox 1133 3991 1268 4047">
     <span class='ocr_line' id='line_1_72' title="bbox 1133 3991 1268 4047; baseline 0.022 -18"><span class='ocrx_word' id='word_1_469' title='bbox 1133 3991 1268 4047; x_wconf 67' lang='lat' dir='ltr'>ejus.</span> 
     </span>
    </p>
   </div>
   <div class='ocr_carea' id='block_1_73' title="bbox 458 4129 2035 4211">
    <p class='ocr_par' dir='ltr' id='par_1_73' title="bbox 458 4129 2035 4211">
     <span class='ocr_line' id='line_1_73' title="bbox 458 4129 2035 4211; baseline 0.005 -26"><span class='ocrx_word' id='word_1_470' title='bbox 458 4129 761 4202; x_wconf 70' lang='lat' dir='ltr'>Alpbmus,</span> <span class='ocrx_word' id='word_1_471' title='bbox 793 4134 1311 4208; x_wconf 88' lang='lat' dir='ltr'>Philadelphus,et</span> <span class='ocrx_word' id='word_1_472' title='bbox 1338 4138 1607 4211; x_wconf 88' lang='lat' dir='ltr'>Cyrinus,</span> <span class='ocrx_word' id='word_1_473' title='bbox 1636 4138 1852 4195; x_wconf 87' lang='lat' dir='ltr'>Christi</span> <span class='ocrx_word' id='word_1_474' title='bbox 1878 4154 2035 4194; x_wconf 89' lang='lat' dir='ltr'>mar-</span> 
     </span>
    </p>
   </div>
   <div class='ocr_carea' id='block_1_74' title="bbox 388 4224 2037 4301">
    <p class='ocr_par' dir='ltr' id='par_1_74' title="bbox 388 4224 2037 4301">
     <span class='ocr_line' id='line_1_74' title="bbox 388 4224 2037 4301; baseline 0.005 -27"><span class='ocrx_word' id='word_1_475' title='bbox 388 4225 570 4291; x_wconf 83' lang='lat' dir='ltr'>tyres,</span> <span class='ocrx_word' id='word_1_476' title='bbox 602 4228 774 4278; x_wconf 88' lang='lat' dir='ltr'>erant</span> <span class='ocrx_word' id='word_1_477' title='bbox 795 4224 1035 4281; x_wconf 89' lang='lat' dir='ltr'>oriundi</span> <span class='ocrx_word' id='word_1_478' title='bbox 1067 4243 1134 4282; x_wconf 84' lang='lat' dir='ltr'>ex</span> <span class='ocrx_word' id='word_1_479' title='bbox 1167 4228 1407 4301; x_wconf 82' lang='lat' dir='ltr'>regione</span> <span class='ocrx_word' id='word_1_480' title='bbox 1437 4229 1645 4290; x_wconf 74' lang='lat' dir='ltr'>Italiaa,</span> <span class='ocrx_word' id='word_1_481' title='bbox 1682 4228 1915 4284; x_wconf 91' lang='lat' dir='ltr'>nobiles</span> <span class='ocrx_word' id='word_1_482' title='bbox 1969 4244 2037 4283; x_wconf 89' lang='lat' dir='ltr'>ac</span> 
     </span>
    </p>
   </div>
   <div class='ocr_carea' id='block_1_75' title="bbox 387 4308 2036 4389">
    <p class='ocr_par' dir='ltr' id='par_1_75' title="bbox 387 4308 2036 4389">
     <span class='ocr_line' id='line_1_75' title="bbox 387 4308 2036 4389; baseline 0.004 -24"><span class='ocrx_word' id='word_1_483' title='bbox 387 4308 617 4371; x_wconf 84' lang='lat' dir='ltr'>divites.</span> <span class='ocrx_word' id='word_1_484' title='bbox 649 4313 757 4369; x_wconf 80' lang='lat' dir='ltr'>filii</span> <span class='ocrx_word' id='word_1_485' title='bbox 784 4315 975 4370; x_wconf 82' lang='lat' dir='ltr'>Vitalii</span> <span class='ocrx_word' id='word_1_486' title='bbox 1009 4317 1277 4386; x_wconf 80' lang='lat' dir='ltr'>ejusdem</span> <span class='ocrx_word' id='word_1_487' title='bbox 1309 4317 1569 4389; x_wconf 75' lang='lat' dir='ltr'>regionis</span> <span class='ocrx_word' id='word_1_488' title='bbox 1594 4317 2036 4388; x_wconf 55' lang='lat' dir='ltr'>praefectiﬁum</span> 
     </span>
    </p>
   </div>
   <div class='ocr_carea' id='block_1_76' title="bbox 385 4402 2037 4477">
    <p class='ocr_par' dir='ltr' id='par_1_76' title="bbox 385 4402 2037 4477">
     <span class='ocr_line' id='line_1_76' title="bbox 385 4402 2037 4477; baseline 0.004 -24"><span class='ocrx_word' id='word_1_489' title='bbox 385 4415 520 4455; x_wconf 83' lang='lat' dir='ltr'>vero</span> <span class='ocrx_word' id='word_1_490' title='bbox 538 4418 572 4456; x_wconf 90' lang='lat' dir='ltr'>a</span> <span class='ocrx_word' id='word_1_491' title='bbox 594 4402 853 4472; x_wconf 91' lang='lat' dir='ltr'>quodam</span> <span class='ocrx_word' id='word_1_492' title='bbox 885 4405 1167 4461; x_wconf 89' lang='lat' dir='ltr'>Onesimo</span> <span class='ocrx_word' id='word_1_493' title='bbox 1199 4405 1534 4461; x_wconf 88' lang='lat' dir='ltr'>Christiano</span> <span class='ocrx_word' id='word_1_494' title='bbox 1569 4406 1852 4477; x_wconf 88' lang='lat' dir='ltr'>pietatem</span> <span class='ocrx_word' id='word_1_495' title='bbox 1876 4406 2037 4462; x_wconf 87' lang='lat' dir='ltr'>didi-</span> 
     </span>
    </p>
   </div>
   <div class='ocr_carea' id='block_1_77' title="bbox 388 4489 2036 4567">
    <p class='ocr_par' dir='ltr' id='par_1_77' title="bbox 388 4489 2036 4567">
     <span class='ocr_line' id='line_1_77' title="bbox 388 4489 2036 4567; baseline 0.005 -24"><span class='ocrx_word' id='word_1_496' title='bbox 388 4489 698 4557; x_wconf 85' lang='lat' dir='ltr'>cissent,et</span> <span class='ocrx_word' id='word_1_497' title='bbox 715 4492 992 4563; x_wconf 84' lang='lat' dir='ltr'>baptizati</span> <span class='ocrx_word' id='word_1_498' title='bbox 1010 4494 1592 4559; x_wconf 85' lang='lat' dir='ltr'>fuissent,Christum</span> <span class='ocrx_word' id='word_1_499' title='bbox 1614 4495 2036 4567; x_wconf 74' lang='lat' dir='ltr'>praedicabant.</span> 
     </span>
    </p>
   </div>
   <div class='ocr_carea' id='block_1_78' title="bbox 388 4577 2041 4657">
    <p class='ocr_par' dir='ltr' id='par_1_78' title="bbox 388 4577 2041 4657">
     <span class='ocr_line' id='line_1_78' title="bbox 388 4577 2041 4657; baseline 0.005 -26"><span class='ocrx_word' id='word_1_500' title='bbox 388 4577 470 4632; x_wconf 90' lang='lat' dir='ltr'>Eo</span> <span class='ocrx_word' id='word_1_501' title='bbox 501 4584 702 4635; x_wconf 89' lang='lat' dir='ltr'>autem</span> <span class='ocrx_word' id='word_1_502' title='bbox 757 4587 1044 4653; x_wconf 83' lang='lat' dir='ltr'>tempore.</span> <span class='ocrx_word' id='word_1_503' title='bbox 1103 4584 1383 4656; x_wconf 69' lang='lat' dir='ltr'>praefecto</span> <span class='ocrx_word' id='word_1_504' title='bbox 1440 4600 1577 4640; x_wconf 91' lang='lat' dir='ltr'>cum</span> <span class='ocrx_word' id='word_1_505' title='bbox 1639 4584 2041 4657; x_wconf 87' lang='lat' dir='ltr'>imperatoriis</span> 
     </span>
    </p>
   </div>
   <div class='ocr_carea' id='block_1_79' title="bbox 388 4665 2039 4748">
    <p class='ocr_par' dir='ltr' id='par_1_79' title="bbox 388 4665 2039 4748">
     <span class='ocr_line' id='line_1_79' title="bbox 388 4665 2039 4748; baseline 0.007 -29"><span class='ocrx_word' id='word_1_506' title='bbox 388 4665 606 4721; x_wconf 85' lang='lat' dir='ltr'>litteris</span> <span class='ocrx_word' id='word_1_507' title='bbox 632 4668 705 4723; x_wconf 91' lang='lat' dir='ltr'>ab</span> <span class='ocrx_word' id='word_1_508' title='bbox 726 4669 874 4725; x_wconf 91' lang='lat' dir='ltr'>urbe</span> <span class='ocrx_word' id='word_1_509' title='bbox 911 4673 1095 4727; x_wconf 82' lang='lat' dir='ltr'>Roma</span> <span class='ocrx_word' id='word_1_510' title='bbox 1142 4673 1205 4728; x_wconf 93' lang='lat' dir='ltr'>in</span> <span class='ocrx_word' id='word_1_511' title='bbox 1263 4672 1438 4729; x_wconf 88' lang='lat' dir='ltr'>istam</span> <span class='ocrx_word' id='word_1_512' title='bbox 1487 4674 1673 4730; x_wconf 72' lang='lat' dir='ltr'>Italiae</span> <span class='ocrx_word' id='word_1_513' title='bbox 1733 4675 2039 4748; x_wconf 88' lang='lat' dir='ltr'>regionem</span> 
     </span>
    </p>
   </div>
   <div class='ocr_carea' id='block_1_80' title="bbox 388 4756 2035 4822">
    <p class='ocr_par' dir='ltr' id='par_1_80' title="bbox 388 4756 2035 4822">
     <span class='ocr_line' id='line_1_80' title="bbox 388 4756 2035 4822; baseline 0.007 -12"><span class='ocrx_word' id='word_1_514' title='bbox 388 4756 728 4822; x_wconf 86' lang='lat' dir='ltr'>amandato,</span> <span class='ocrx_word' id='word_1_515' title='bbox 762 4766 827 4813; x_wconf 91' lang='lat' dir='ltr'>ut</span> <span class='ocrx_word' id='word_1_516' title='bbox 847 4760 1214 4817; x_wconf 89' lang='lat' dir='ltr'>Christianos</span> <span class='ocrx_word' id='word_1_517' title='bbox 1245 4779 1452 4820; x_wconf 87' lang='lat' dir='ltr'>omnes</span> <span class='ocrx_word' id='word_1_518' title='bbox 1483 4764 1840 4821; x_wconf 89' lang='lat' dir='ltr'>occidendos</span> <span class='ocrx_word' id='word_1_519' title='bbox 1861 4781 2035 4821; x_wconf 86' lang='lat' dir='ltr'>cura-</span> 
     </span>
    </p>
   </div>
   <div class='ocr_carea' id='block_1_81' title="bbox 2137 3587 3792 3682">
    <p class='ocr_par' dir='ltr' id='par_1_81' title="bbox 2137 3587 3792 3682">
     <span class='ocr_line' id='line_1_81' title="bbox 2137 3587 3792 3682; baseline -0.014 -17"><span class='ocrx_word' id='word_1_520' title='bbox 2137 3587 2465 3682; x_wconf 81' lang='grc' dir='ltr'>ἐπιστρέψας</span> <span class='ocrx_word' id='word_1_521' title='bbox 2516 3604 2605 3660; x_wconf 78' lang='grc' dir='ltr'>ἐπὶ</span> <span class='ocrx_word' id='word_1_522' title='bbox 2652 3602 2745 3658; x_wconf 88' lang='grc' dir='ltr'>τὸν</span> <span class='ocrx_word' id='word_1_523' title='bbox 2806 3599 3033 3675; x_wconf 79' lang='grc' dir='ltr'>Κύριον,</span> <span class='ocrx_word' id='word_1_524' title='bbox 3092 3596 3312 3670; x_wconf 77' lang='grc' dir='ltr'>ὕστερον</span> <span class='ocrx_word' id='word_1_525' title='bbox 3379 3591 3431 3648; x_wconf 72' lang='grc' dir='ltr'>ἐν</span> <span class='ocrx_word' id='word_1_526' title='bbox 3492 3587 3792 3665; x_wconf 76' lang='grc' dir='ltr'>Βρεττανίᾳ</span> 
     </span>
    </p>
   </div>
   <div class='ocr_carea' id='block_1_82' title="bbox 2137 3682 3796 3774">
    <p class='ocr_par' dir='ltr' id='par_1_82' title="bbox 2137 3682 3796 3774">
     <span class='ocr_line' id='line_1_82' title="bbox 2137 3682 3796 3774; baseline -0.012 -20"><span class='ocrx_word' id='word_1_527' title='bbox 2137 3699 2455 3774; x_wconf 81' lang='grc' dir='ltr'>γενόμενος,</span> <span class='ocrx_word' id='word_1_528' title='bbox 2509 3694 2601 3751; x_wconf 79' lang='grc' dir='ltr'>καὶ</span> <span class='ocrx_word' id='word_1_529' title='bbox 2682 3696 2762 3764; x_wconf 84' lang='grc' dir='ltr'>τῷ</span> <span class='ocrx_word' id='word_1_530' title='bbox 2844 3692 3062 3766; x_wconf 85' lang='grc' dir='ltr'>σταυρῷ</span> <span class='ocrx_word' id='word_1_531' title='bbox 3127 3682 3487 3759; x_wconf 85' lang='grc' dir='ltr'>προσπαγεὶς,</span> <span class='ocrx_word' id='word_1_532' title='bbox 3565 3684 3683 3753; x_wconf 81' lang='grc' dir='ltr'>Θεῷ</span> <span class='ocrx_word' id='word_1_533' title='bbox 3730 3687 3796 3735; x_wconf 85' lang='grc' dir='ltr'>τὸ</span> 
     </span>
    </p>
   </div>
   <div class='ocr_carea' id='block_1_83' title="bbox 2138 3783 2977 3862">
    <p class='ocr_par' dir='ltr' id='par_1_83' title="bbox 2138 3783 2977 3862">
     <span class='ocr_line' id='line_1_83' title="bbox 2138 3783 2977 3862; baseline -0.012 -18"><span class='ocrx_word' id='word_1_534' title='bbox 2138 3793 2354 3862; x_wconf 81' lang='grc' dir='ltr'>πνεῦμα</span> <span class='ocrx_word' id='word_1_535' title='bbox 2372 3786 2436 3840; x_wconf 82' lang='grc' dir='ltr'>τὸ</span> <span class='ocrx_word' id='word_1_536' title='bbox 2466 3785 2660 3841; x_wconf 63' lang='grc' dir='ltr'>ἑαυτοῦ</span> <span class='ocrx_word' id='word_1_537' title='bbox 2689 3783 2977 3857; x_wconf 75' lang='grc' dir='ltr'>παρέθετο.</span> 
     </span>
    </p>
   </div>
   <div class='ocr_carea' id='block_1_84' title="bbox 2139 3916 3796 4002">
    <p class='ocr_par' dir='ltr' id='par_1_84' title="bbox 2139 3916 3796 4002">
     <span class='ocr_line' id='line_1_84' title="bbox 2139 3916 3796 4002; baseline -0.01 -14"><span class='ocrx_word' id='word_1_538' title='bbox 2139 3932 2243 3988; x_wconf 84' lang='grc' dir='ltr'>Καὶ</span> <span class='ocrx_word' id='word_1_539' title='bbox 2300 3928 2534 4002; x_wconf 75' lang='grc' dir='ltr'>ἄθλησις</span> <span class='ocrx_word' id='word_1_540' title='bbox 2579 3930 2677 3984; x_wconf 75' lang='grc' dir='ltr'>τοῦ</span> <span class='ocrx_word' id='word_1_541' title='bbox 2735 3924 2915 4002; x_wconf 43' lang='grc' dir='ltr'>ἁγίου.</span> <span class='ocrx_word' id='word_1_542' title='bbox 2959 3923 3235 4002; x_wconf 55' lang='grc' dir='ltr'>μάρτυρος</span> <span class='ocrx_word' id='word_1_543' title='bbox 3267 3918 3530 3999; x_wconf 69' lang='grc' dir='ltr'>’Λλφείου</span> <span class='ocrx_word' id='word_1_544' title='bbox 3572 3916 3796 3986; x_wconf 77' lang='grc' dir='ltr'>καὶτῆς</span> 
     </span>
    </p>
   </div>
   <div class='ocr_carea' id='block_1_85' title="bbox 2730 3993 3205 4058">
    <p class='ocr_par' dir='ltr' id='par_1_85' title="bbox 2730 3993 3205 4058">
     <span class='ocr_line' id='line_1_85' title="bbox 2730 3993 3205 4058; baseline -0.008 -5"><span class='ocrx_word' id='word_1_545' title='bbox 2730 3993 2980 4058; x_wconf 70' lang='grc' dir='ltr'>συνοδίας</span> <span class='ocrx_word' id='word_1_546' title='bbox 3013 3993 3205 4053; x_wconf 73' lang='grc' dir='ltr'>αὐτοῦ.</span> 
     </span>
    </p>
   </div>
   <div class='ocr_carea' id='block_1_86' title="bbox 2212 4126 3800 4215">
    <p class='ocr_par' dir='ltr' id='par_1_86' title="bbox 2212 4126 3800 4215">
     <span class='ocr_line' id='line_1_86' title="bbox 2212 4126 3800 4215; baseline -0.008 -21"><span class='ocrx_word' id='word_1_547' title='bbox 2212 4136 2496 4215; x_wconf 78' lang='grc' dir='ltr'>Ἀλφειὸς,</span> <span class='ocrx_word' id='word_1_548' title='bbox 2529 4131 2905 4211; x_wconf 76' lang='grc' dir='ltr'>Φιλάδελφος,</span> <span class='ocrx_word' id='word_1_549' title='bbox 2963 4130 3053 4187; x_wconf 87' lang='grc' dir='ltr'>καὶ</span> <span class='ocrx_word' id='word_1_550' title='bbox 3114 4129 3374 4206; x_wconf 69' lang='grc' dir='ltr'>Κυρίνος,</span> <span class='ocrx_word' id='word_1_551' title='bbox 3408 4128 3461 4184; x_wconf 75' lang='grc' dir='ltr'>οἱ</span> <span class='ocrx_word' id='word_1_552' title='bbox 3511 4131 3610 4183; x_wconf 82' lang='grc' dir='ltr'>τοῦ</span> <span class='ocrx_word' id='word_1_553' title='bbox 3668 4126 3800 4201; x_wconf 83' lang='grc' dir='ltr'>Χρι-</span> 
     </span>
    </p>
   </div>
   <div class='ocr_carea' id='block_1_87' title="bbox 2143 4216 3791 4301">
    <p class='ocr_par' dir='ltr' id='par_1_87' title="bbox 2143 4216 3791 4301">
     <span class='ocr_line' id='line_1_87' title="bbox 2143 4216 3791 4301; baseline -0.008 -17"><span class='ocrx_word' id='word_1_554' title='bbox 2143 4232 2272 4284; x_wconf 79' lang='grc' dir='ltr'>στοῦ</span> <span class='ocrx_word' id='word_1_555' title='bbox 2328 4226 2619 4301; x_wconf 83' lang='grc' dir='ltr'>μάρτυρες,</span> <span class='ocrx_word' id='word_1_556' title='bbox 2683 4225 2940 4298; x_wconf 79' lang='grc' dir='ltr'>ὑπῆρχον</span> <span class='ocrx_word' id='word_1_557' title='bbox 3000 4220 3062 4277; x_wconf 81' lang='grc' dir='ltr'>ἐκ</span> <span class='ocrx_word' id='word_1_558' title='bbox 3113 4228 3214 4289; x_wconf 76' lang='grc' dir='ltr'>τῆς</span> <span class='ocrx_word' id='word_1_559' title='bbox 3276 4220 3468 4294; x_wconf 86' lang='grc' dir='ltr'>χώρας</span> <span class='ocrx_word' id='word_1_560' title='bbox 3531 4216 3791 4285; x_wconf 75' lang='grc' dir='ltr'>Ἰταλίας,</span> 
     </span>
    </p>
   </div>
   <div class='ocr_carea' id='block_1_88' title="bbox 2143 4308 3798 4392">
    <p class='ocr_par' dir='ltr' id='par_1_88' title="bbox 2143 4308 3798 4392">
     <span class='ocr_line' id='line_1_88' title="bbox 2143 4308 3798 4392; baseline -0.009 -18"><span class='ocrx_word' id='word_1_561' title='bbox 2143 4320 2379 4392; x_wconf 81' lang='grc' dir='ltr'>εὐγενεῖς</span> <span class='ocrx_word' id='word_1_562' title='bbox 2405 4315 2497 4371; x_wconf 82' lang='grc' dir='ltr'>καὶ</span> <span class='ocrx_word' id='word_1_563' title='bbox 2528 4312 2810 4379; x_wconf 72' lang='grc' dir='ltr'>πλούσιοι,</span> <span class='ocrx_word' id='word_1_564' title='bbox 2869 4312 2977 4367; x_wconf 85' lang='grc' dir='ltr'>υἱοὶ</span> <span class='ocrx_word' id='word_1_565' title='bbox 3039 4310 3305 4367; x_wconf 81' lang='grc' dir='ltr'>Βιταλίου</span> <span class='ocrx_word' id='word_1_566' title='bbox 3362 4309 3638 4383; x_wconf 74' lang='grc' dir='ltr'>ἄρχοντος</span> <span class='ocrx_word' id='word_1_567' title='bbox 3691 4308 3798 4371; x_wconf 82' lang='grc' dir='ltr'>τῆς</span> 
     </span>
    </p>
   </div>
   <div class='ocr_carea' id='block_1_89' title="bbox 2145 4395 3794 4484">
    <p class='ocr_par' dir='ltr' id='par_1_89' title="bbox 2145 4395 3794 4484">
     <span class='ocr_line' id='line_1_89' title="bbox 2145 4395 3794 4484; baseline -0.006 -21"><span class='ocrx_word' id='word_1_568' title='bbox 2145 4409 2354 4484; x_wconf 89' lang='grc' dir='ltr'>χώρας.</span> <span class='ocrx_word' id='word_1_569' title='bbox 2389 4405 2669 4468; x_wconf 85' lang='grc' dir='ltr'>Μαθόντες</span> <span class='ocrx_word' id='word_1_570' title='bbox 2723 4400 2784 4458; x_wconf 69' lang='grc' dir='ltr'>δὲ</span> <span class='ocrx_word' id='word_1_571' title='bbox 2817 4403 2919 4472; x_wconf 79' lang='grc' dir='ltr'>τήν</span> <span class='ocrx_word' id='word_1_572' title='bbox 2980 4395 3253 4456; x_wconf 77' lang='grc' dir='ltr'>εὐσέϐειαν</span> <span class='ocrx_word' id='word_1_573' title='bbox 3311 4398 3459 4474; x_wconf 79' lang='grc' dir='ltr'>παρά</span> <span class='ocrx_word' id='word_1_574' title='bbox 3486 4396 3794 4471; x_wconf 81' lang='grc' dir='ltr'>Ὀνησίμου</span> 
     </span>
    </p>
   </div>
   <div class='ocr_carea' id='block_1_90' title="bbox 2142 4487 3804 4571">
    <p class='ocr_par' dir='ltr' id='par_1_90' title="bbox 2142 4487 3804 4571">
     <span class='ocr_line' id='line_1_90' title="bbox 2142 4487 3804 4571; baseline -0.007 -17"><span class='ocrx_word' id='word_1_575' title='bbox 2142 4498 2290 4558; x_wconf 84' lang='grc' dir='ltr'>τινὸς</span> <span class='ocrx_word' id='word_1_576' title='bbox 2350 4496 2702 4571; x_wconf 76' lang='grc' dir='ltr'>Χριπιανοῦ,</span> <span class='ocrx_word' id='word_1_577' title='bbox 2758 4490 2850 4547; x_wconf 83' lang='grc' dir='ltr'>καὶ</span> <span class='ocrx_word' id='word_1_578' title='bbox 2911 4489 3290 4566; x_wconf 71' lang='grc' dir='ltr'>βαπτισθέντες</span> <span class='ocrx_word' id='word_1_579' title='bbox 3361 4487 3655 4564; x_wconf 70' lang='grc' dir='ltr'>ἐκήρυττον</span> <span class='ocrx_word' id='word_1_580' title='bbox 3708 4487 3804 4543; x_wconf 87' lang='grc' dir='ltr'>τὸν</span> 
     </span>
    </p>
   </div>
   <div class='ocr_carea' id='block_1_91' title="bbox 2144 4575 3803 4661">
    <p class='ocr_par' dir='ltr' id='par_1_91' title="bbox 2144 4575 3803 4661">
     <span class='ocr_line' id='line_1_91' title="bbox 2144 4575 3803 4661; baseline -0.007 -17"><span class='ocrx_word' id='word_1_581' title='bbox 2144 4586 2403 4661; x_wconf 88' lang='grc' dir='ltr'>Χριστόν.</span> <span class='ocrx_word' id='word_1_582' title='bbox 2437 4584 2567 4641; x_wconf 87' lang='grc' dir='ltr'>Κατ’</span> <span class='ocrx_word' id='word_1_583' title='bbox 2624 4581 2828 4638; x_wconf 83' lang='grc' dir='ltr'>ἐκεῖνον</span> <span class='ocrx_word' id='word_1_584' title='bbox 2890 4577 2949 4636; x_wconf 78' lang='grc' dir='ltr'>δὶ</span> <span class='ocrx_word' id='word_1_585' title='bbox 3002 4580 3096 4635; x_wconf 90' lang='grc' dir='ltr'>τὸν</span> <span class='ocrx_word' id='word_1_586' title='bbox 3151 4578 3338 4653; x_wconf 81' lang='grc' dir='ltr'>καιρὸν</span> <span class='ocrx_word' id='word_1_587' title='bbox 3394 4575 3803 4639; x_wconf 68' lang='grc' dir='ltr'>ἀποσταλέντος</span> 
     </span>
    </p>
   </div>
   <div class='ocr_carea' id='block_1_92' title="bbox 2145 4665 3801 4752">
    <p class='ocr_par' dir='ltr' id='par_1_92' title="bbox 2145 4665 3801 4752">
     <span class='ocr_line' id='line_1_92' title="bbox 2145 4665 3801 4752; baseline -0.006 -21"><span class='ocrx_word' id='word_1_588' title='bbox 2145 4678 2417 4752; x_wconf 79' lang='grc' dir='ltr'>ἄρχοντος</span> <span class='ocrx_word' id='word_1_589' title='bbox 2474 4673 2581 4729; x_wconf 79' lang='grc' dir='ltr'>ἀπὸ</span> <span class='ocrx_word' id='word_1_590' title='bbox 2651 4673 2877 4741; x_wconf 84' lang='grc' dir='ltr'>Ῥώμης</span> <span class='ocrx_word' id='word_1_591' title='bbox 2962 4671 3100 4744; x_wconf 87' lang='grc' dir='ltr'>μετά</span> <span class='ocrx_word' id='word_1_592' title='bbox 3180 4665 3518 4744; x_wconf 83' lang='grc' dir='ltr'>γραμμάτων</span> <span class='ocrx_word' id='word_1_593' title='bbox 3581 4666 3801 4741; x_wconf 90' lang='grc' dir='ltr'>βασιλι-</span> 
     </span>
    </p>
   </div>
   <div class='ocr_carea' id='block_1_93' title="bbox 2145 4754 3804 4838">
    <p class='ocr_par' dir='ltr' id='par_1_93' title="bbox 2145 4754 3804 4838">
     <span class='ocr_line' id='line_1_93' title="bbox 2145 4754 3804 4838; baseline -0.006 -18"><span class='ocrx_word' id='word_1_594' title='bbox 2145 4770 2254 4820; x_wconf 85' lang='grc' dir='ltr'>κῶν</span> <span class='ocrx_word' id='word_1_595' title='bbox 2289 4764 2341 4819; x_wconf 77' lang='grc' dir='ltr'>ἐν</span> <span class='ocrx_word' id='word_1_596' title='bbox 2391 4767 2462 4836; x_wconf 78' lang='grc' dir='ltr'>τῇ</span> <span class='ocrx_word' id='word_1_597' title='bbox 2513 4764 2676 4838; x_wconf 80' lang='grc' dir='ltr'>χώρᾳ</span> <span class='ocrx_word' id='word_1_598' title='bbox 2734 4758 2988 4829; x_wconf 80' lang='grc' dir='ltr'>Ἰταλίας,</span> <span class='ocrx_word' id='word_1_599' title='bbox 3048 4758 3137 4815; x_wconf 74' lang='grc' dir='ltr'>ἐπὶ</span> <span class='ocrx_word' id='word_1_600' title='bbox 3192 4759 3250 4814; x_wconf 85' lang='grc' dir='ltr'>τὸ</span> <span class='ocrx_word' id='word_1_601' title='bbox 3305 4759 3621 4835; x_wconf 81' lang='grc' dir='ltr'>φονεύεσθαι</span> <span class='ocrx_word' id='word_1_602' title='bbox 3670 4754 3804 4819; x_wconf 75' lang='grc' dir='ltr'>τοὺς</span> 
     </span>
    </p>
   </div>
   <div class='ocr_carea' id='block_1_94' title="bbox 387 4845 2033 4928">
    <p class='ocr_par' dir='ltr' id='par_1_94' title="bbox 387 4845 2033 4925">
     <span class='ocr_line' id='line_1_94' title="bbox 387 4845 2033 4925; baseline 0.008 -28"><span class='ocrx_word' id='word_1_603' title='bbox 387 4850 518 4910; x_wconf 85' lang='lat' dir='ltr'>ret;</span> <span class='ocrx_word' id='word_1_604' title='bbox 549 4845 624 4899; x_wconf 89' lang='lat' dir='ltr'>ad</span> <span class='ocrx_word' id='word_1_605' title='bbox 648 4847 777 4917; x_wconf 84' lang='lat' dir='ltr'>ejus</span> <span class='ocrx_word' id='word_1_606' title='bbox 808 4850 1073 4907; x_wconf 85' lang='lat' dir='ltr'>notitiam</span> <span class='ocrx_word' id='word_1_607' title='bbox 1098 4851 1195 4907; x_wconf 89' lang='lat' dir='ltr'>isti</span> <span class='ocrx_word' id='word_1_608' title='bbox 1226 4852 1493 4920; x_wconf 89' lang='lat' dir='ltr'>delati,et</span> <span class='ocrx_word' id='word_1_609' title='bbox 1520 4855 2033 4925; x_wconf 83' lang='lat' dir='ltr'>comprehensi.ac</span> 
     </span>
    </p>
   </div>
   <div class='ocr_carea' id='block_1_95' title="bbox 2146 4845 3799 4928">
    <p class='ocr_par' dir='ltr' id='par_1_95' title="bbox 2146 4848 3799 4928">
     <span class='ocr_line' id='line_1_95' title="bbox 2146 4848 3799 4928; baseline -0.007 -17"><span class='ocrx_word' id='word_1_610' title='bbox 2146 4852 2527 4928; x_wconf 75' lang='grc' dir='ltr'>Χριστιανοὺς,</span> <span class='ocrx_word' id='word_1_611' title='bbox 2572 4849 2998 4926; x_wconf 83' lang='grc' dir='ltr'>διαγνωσθέντες</span> <span class='ocrx_word' id='word_1_612' title='bbox 3055 4848 3207 4904; x_wconf 83' lang='grc' dir='ltr'>οὗτοι</span> <span class='ocrx_word' id='word_1_613' title='bbox 3263 4848 3354 4903; x_wconf 89' lang='grc' dir='ltr'>καὶ</span> <span class='ocrx_word' id='word_1_614' title='bbox 3410 4848 3799 4921; x_wconf 80' lang='grc' dir='ltr'>κρατηθέντες,</span> 
     </span>
    </p>
   </div>
   <div class='ocr_carea' id='block_1_96' title="bbox 388 4934 2037 5012">
    <p class='ocr_par' dir='ltr' id='par_1_96' title="bbox 388 4934 2037 5012">
     <span class='ocr_line' id='line_1_96' title="bbox 388 4934 2037 5012; baseline 0.008 -24"><span class='ocrx_word' id='word_1_615' title='bbox 388 4934 641 4991; x_wconf 83' lang='lat' dir='ltr'>vinculis</span> <span class='ocrx_word' id='word_1_616' title='bbox 663 4939 987 5007; x_wconf 88' lang='lat' dir='ltr'>constricti,</span> <span class='ocrx_word' id='word_1_617' title='bbox 1021 4943 1268 4998; x_wconf 79' lang='lat' dir='ltr'>Romam</span> <span class='ocrx_word' id='word_1_618' title='bbox 1317 4944 1483 5001; x_wconf 84' lang='lat' dir='ltr'>missi</span> <span class='ocrx_word' id='word_1_619' title='bbox 1517 4951 1678 5012; x_wconf 86' lang='lat' dir='ltr'>sunt,</span> <span class='ocrx_word' id='word_1_620' title='bbox 1733 4958 1852 5001; x_wconf 88' lang='lat' dir='ltr'>una</span> <span class='ocrx_word' id='word_1_621' title='bbox 1901 4963 2037 5002; x_wconf 90' lang='lat' dir='ltr'>cum</span> 
     </span>
    </p>
   </div>
   <div class='ocr_carea' id='block_1_97' title="bbox 390 5024 2036 5105">
    <p class='ocr_par' dir='ltr' id='par_1_97' title="bbox 390 5024 2036 5105">
     <span class='ocr_line' id='line_1_97' title="bbox 390 5024 2036 5105; baseline 0.007 -24"><span class='ocrx_word' id='word_1_622' title='bbox 390 5024 689 5087; x_wconf 81' lang='lat' dir='ltr'>Onesimo.</span> <span class='ocrx_word' id='word_1_623' title='bbox 715 5034 772 5082; x_wconf 86' lang='lat' dir='ltr'>et</span> <span class='ocrx_word' id='word_1_624' title='bbox 800 5031 1063 5095; x_wconf 88' lang='lat' dir='ltr'>Erasmo,</span> <span class='ocrx_word' id='word_1_625' title='bbox 1107 5033 1359 5105; x_wconf 86' lang='lat' dir='ltr'>aliisque</span> <span class='ocrx_word' id='word_1_626' title='bbox 1390 5034 1531 5088; x_wconf 87' lang='lat' dir='ltr'>viris</span> <span class='ocrx_word' id='word_1_627' title='bbox 1562 5033 2036 5104; x_wconf 87' lang='lat' dir='ltr'>quatuordecim,</span> 
     </span>
    </p>
   </div>
   <div class='ocr_carea' id='block_1_98' title="bbox 388 5113 2038 5195">
    <p class='ocr_par' dir='ltr' id='par_1_98' title="bbox 388 5113 2038 5195">
     <span class='ocr_line' id='line_1_98' title="bbox 388 5113 2038 5195; baseline 0.007 -26"><span class='ocrx_word' id='word_1_628' title='bbox 388 5113 462 5169; x_wconf 89' lang='lat' dir='ltr'>ad</span> <span class='ocrx_word' id='word_1_629' title='bbox 499 5115 836 5174; x_wconf 76' lang='lat' dir='ltr'>Licinium:</span> <span class='ocrx_word' id='word_1_630' title='bbox 884 5137 918 5176; x_wconf 86' lang='lat' dir='ltr'>a</span> <span class='ocrx_word' id='word_1_631' title='bbox 976 5137 1092 5191; x_wconf 91' lang='lat' dir='ltr'>quo</span> <span class='ocrx_word' id='word_1_632' title='bbox 1153 5124 1351 5179; x_wconf 82' lang='lat' dir='ltr'>traditi</span> <span class='ocrx_word' id='word_1_633' title='bbox 1414 5122 1680 5179; x_wconf 85' lang='lat' dir='ltr'>Diomedi</span> <span class='ocrx_word' id='word_1_634' title='bbox 1736 5125 2038 5195; x_wconf 66' lang='lat' dir='ltr'>praelecto,</span> 
     </span>
    </p>
   </div>
   <div class='ocr_carea' id='block_1_99' title="bbox 388 5205 2039 5281">
    <p class='ocr_par' dir='ltr' id='par_1_99' title="bbox 388 5205 2039 5281">
     <span class='ocr_line' id='line_1_99' title="bbox 388 5205 2039 5281; baseline 0.008 -23"><span class='ocrx_word' id='word_1_635' title='bbox 388 5205 668 5262; x_wconf 91' lang='lat' dir='ltr'>Puteolos</span> <span class='ocrx_word' id='word_1_636' title='bbox 697 5208 1172 5266; x_wconf 88' lang='lat' dir='ltr'>abducuntur.Et</span> <span class='ocrx_word' id='word_1_637' title='bbox 1191 5212 1508 5267; x_wconf 87' lang='lat' dir='ltr'>Unesimus</span> <span class='ocrx_word' id='word_1_638' title='bbox 1522 5212 1765 5281; x_wconf 86' lang='lat' dir='ltr'>quidem</span> <span class='ocrx_word' id='word_1_639' title='bbox 1782 5215 2039 5271; x_wconf 81' lang='lat' dir='ltr'>maximo</span> 
     </span>
    </p>
   </div>
   <div class='ocr_carea' id='block_1_100' title="bbox 390 5293 2036 5371">
    <p class='ocr_par' dir='ltr' id='par_1_100' title="bbox 390 5293 2036 5371">
     <span class='ocr_line' id='line_1_100' title="bbox 390 5293 2036 5371; baseline 0.007 -23"><span class='ocrx_word' id='word_1_640' title='bbox 390 5293 467 5349; x_wconf 86' lang='lat' dir='ltr'>ad</span> <span class='ocrx_word' id='word_1_641' title='bbox 495 5302 703 5365; x_wconf 89' lang='lat' dir='ltr'>pectus</span> <span class='ocrx_word' id='word_1_642' title='bbox 745 5299 1209 5370; x_wconf 85' lang='lat' dir='ltr'>superimposita</span> <span class='ocrx_word' id='word_1_643' title='bbox 1238 5300 1458 5371; x_wconf 89' lang='lat' dir='ltr'>lapide,</span> <span class='ocrx_word' id='word_1_644' title='bbox 1493 5301 1770 5371; x_wconf 89' lang='lat' dir='ltr'>spiritum</span> <span class='ocrx_word' id='word_1_645' title='bbox 1820 5304 2036 5359; x_wconf 85' lang='lat' dir='ltr'>emisit.</span> 
     </span>
    </p>
   </div>
   <div class='ocr_carea' id='block_1_101' title="bbox 389 5383 2040 5464">
    <p class='ocr_par' dir='ltr' id='par_1_101' title="bbox 389 5383 2040 5464">
     <span class='ocr_line' id='line_1_101' title="bbox 389 5383 2040 5464; baseline 0.007 -28"><span class='ocrx_word' id='word_1_646' title='bbox 389 5383 669 5439; x_wconf 86' lang='lat' dir='ltr'>Erasmus</span> <span class='ocrx_word' id='word_1_647' title='bbox 700 5403 838 5441; x_wconf 87' lang='lat' dir='ltr'>vero</span> <span class='ocrx_word' id='word_1_648' title='bbox 868 5404 1003 5443; x_wconf 92' lang='lat' dir='ltr'>cum</span> <span class='ocrx_word' id='word_1_649' title='bbox 1036 5388 1283 5457; x_wconf 88' lang='lat' dir='ltr'>reliquis</span> <span class='ocrx_word' id='word_1_650' title='bbox 1341 5389 1792 5459; x_wconf 88' lang='lat' dir='ltr'>quatuordecim</span> <span class='ocrx_word' id='word_1_651' title='bbox 1849 5393 2040 5464; x_wconf 89' lang='lat' dir='ltr'>capite</span> 
     </span>
    </p>
   </div>
   <div class='ocr_carea' id='block_1_102' title="bbox 390 5472 2039 5554">
    <p class='ocr_par' dir='ltr' id='par_1_102' title="bbox 390 5472 2039 5554">
     <span class='ocr_line' id='line_1_102' title="bbox 390 5472 2039 5554; baseline 0.006 -27"><span class='ocrx_word' id='word_1_652' title='bbox 390 5472 599 5544; x_wconf 84' lang='lat' dir='ltr'>plexus</span> <span class='ocrx_word' id='word_1_653' title='bbox 647 5474 778 5529; x_wconf 83' lang='lat' dir='ltr'>fuit.</span> <span class='ocrx_word' id='word_1_654' title='bbox 826 5479 901 5530; x_wconf 86' lang='lat' dir='ltr'>At</span> <span class='ocrx_word' id='word_1_655' title='bbox 943 5475 1210 5547; x_wconf 67' lang='lat' dir='ltr'>praedicti</span> <span class='ocrx_word' id='word_1_656' title='bbox 1269 5484 1386 5533; x_wconf 88' lang='lat' dir='ltr'>tres</span> <span class='ocrx_word' id='word_1_657' title='bbox 1437 5479 1499 5533; x_wconf 90' lang='lat' dir='ltr'>in</span> <span class='ocrx_word' id='word_1_658' title='bbox 1556 5480 1817 5536; x_wconf 88' lang='lat' dir='ltr'>Siciliam</span> <span class='ocrx_word' id='word_1_659' title='bbox 1848 5483 2039 5554; x_wconf 79' lang='lat' dir='ltr'>missi,</span> 
     </span>
    </p>
   </div>
   <div class='ocr_carea' id='block_1_103' title="bbox 385 5560 1111 5621">
    <p class='ocr_par' dir='ltr' id='par_1_103' title="bbox 385 5560 1111 5621">
     <span class='ocr_line' id='line_1_103' title="bbox 385 5560 1111 5621; baseline 0.007 -7"><span class='ocrx_word' id='word_1_660' title='bbox 385 5560 605 5619; x_wconf 92' lang='lat' dir='ltr'>ibidem</span> <span class='ocrx_word' id='word_1_661' title='bbox 632 5564 929 5621; x_wconf 82' lang='lat' dir='ltr'>interfecti</span> <span class='ocrx_word' id='word_1_662' title='bbox 954 5569 1111 5621; x_wconf 90' lang='lat' dir='ltr'>sunt.</span> 
     </span>
    </p>
   </div>
   <div class='ocr_carea' id='block_1_104' title="bbox 2150 4937 3804 5019">
    <p class='ocr_par' dir='ltr' id='par_1_104' title="bbox 2150 4937 3804 5019">
     <span class='ocr_line' id='line_1_104' title="bbox 2150 4937 3804 5019; baseline -0.006 -19"><span class='ocrx_word' id='word_1_663' title='bbox 2150 4943 2365 5015; x_wconf 79' lang='grc' dir='ltr'>δέσμιοι</span> <span class='ocrx_word' id='word_1_664' title='bbox 2392 4941 2862 5019; x_wconf 79' lang='grc' dir='ltr'>παρεπέμφθησαν</span> <span class='ocrx_word' id='word_1_665' title='bbox 2897 4940 2975 5002; x_wconf 77' lang='grc' dir='ltr'>εἷς</span> <span class='ocrx_word' id='word_1_666' title='bbox 3005 4940 3231 5012; x_wconf 81' lang='grc' dir='ltr'>Ῥώμην</span> <span class='ocrx_word' id='word_1_667' title='bbox 3258 4940 3370 5009; x_wconf 79' lang='grc' dir='ltr'>ἅμα</span> <span class='ocrx_word' id='word_1_668' title='bbox 3400 4937 3804 5009; x_wconf 82' lang='grc' dir='ltr'>Ὀνησίμῳ,καὶ</span> 
     </span>
    </p>
   </div>
   <div class='ocr_carea' id='block_1_105' title="bbox 2151 5026 3806 5108">
    <p class='ocr_par' dir='ltr' id='par_1_105' title="bbox 2151 5026 3806 5108">
     <span class='ocr_line' id='line_1_105' title="bbox 2151 5026 3806 5108; baseline -0.006 -18"><span class='ocrx_word' id='word_1_669' title='bbox 2151 5035 2431 5108; x_wconf 80' lang='grc' dir='ltr'>Ἐράσμῳ,</span> <span class='ocrx_word' id='word_1_670' title='bbox 2463 5032 2555 5087; x_wconf 86' lang='grc' dir='ltr'>καὶ</span> <span class='ocrx_word' id='word_1_671' title='bbox 2586 5032 2793 5106; x_wconf 68' lang='grc' dir='ltr'>ἑτέροις</span> <span class='ocrx_word' id='word_1_672' title='bbox 2823 5028 3048 5105; x_wconf 79' lang='grc' dir='ltr'>ἀνδράσι</span> <span class='ocrx_word' id='word_1_673' title='bbox 3082 5027 3210 5084; x_wconf 82' lang='grc' dir='ltr'>δέκα</span> <span class='ocrx_word' id='word_1_674' title='bbox 3239 5027 3328 5083; x_wconf 84' lang='grc' dir='ltr'>καί</span> <span class='ocrx_word' id='word_1_675' title='bbox 3357 5031 3611 5099; x_wconf 81' lang='grc' dir='ltr'>τέσσαρσι</span> <span class='ocrx_word' id='word_1_676' title='bbox 3660 5026 3806 5099; x_wconf 86' lang='grc' dir='ltr'>πρὸς</span> 
     </span>
    </p>
   </div>
   <div class='ocr_carea' id='block_1_106' title="bbox 2148 5116 3806 5193">
    <p class='ocr_par' dir='ltr' id='par_1_106' title="bbox 2148 5116 3806 5193">
     <span class='ocr_line' id='line_1_106' title="bbox 2148 5116 3806 5193; baseline -0.004 -14"><span class='ocrx_word' id='word_1_677' title='bbox 2148 5125 2447 5180; x_wconf 79' lang='grc' dir='ltr'>Λικίννιον.</span> <span class='ocrx_word' id='word_1_678' title='bbox 2482 5123 2582 5180; x_wconf 80' lang='grc' dir='ltr'>Καὶ</span> <span class='ocrx_word' id='word_1_679' title='bbox 2621 5123 2709 5178; x_wconf 79' lang='grc' dir='ltr'>ὑπ’</span> <span class='ocrx_word' id='word_1_680' title='bbox 2743 5120 2946 5177; x_wconf 70' lang='grc' dir='ltr'>ἐκείνου</span> <span class='ocrx_word' id='word_1_681' title='bbox 2986 5117 3379 5193; x_wconf 83' lang='grc' dir='ltr'>παραδοθέντες</span> <span class='ocrx_word' id='word_1_682' title='bbox 3410 5116 3675 5191; x_wconf 72' lang='grc' dir='ltr'>Διομήδει</span> <span class='ocrx_word' id='word_1_683' title='bbox 3722 5121 3806 5190; x_wconf 78' lang='grc' dir='ltr'>τῷ</span> 
     </span>
    </p>
   </div>
   <div class='ocr_carea' id='block_1_107' title="bbox 2148 5209 3806 5287">
    <p class='ocr_par' dir='ltr' id='par_1_107' title="bbox 2148 5209 3806 5287">
     <span class='ocr_line' id='line_1_107' title="bbox 2148 5209 3806 5287; baseline -0.005 -18"><span class='ocrx_word' id='word_1_684' title='bbox 2148 5212 2400 5287; x_wconf 81' lang='grc' dir='ltr'>ἡγεμόνι,</span> <span class='ocrx_word' id='word_1_685' title='bbox 2435 5213 2486 5269; x_wconf 77' lang='grc' dir='ltr'>ἐν</span> <span class='ocrx_word' id='word_1_686' title='bbox 2522 5210 2816 5274; x_wconf 87' lang='grc' dir='ltr'>ΙΙοτιόλοις</span> <span class='ocrx_word' id='word_1_687' title='bbox 2846 5212 3198 5281; x_wconf 69' lang='grc' dir='ltr'>ἀπήχθησαν.</span> <span class='ocrx_word' id='word_1_688' title='bbox 3259 5209 3363 5266; x_wconf 84' lang='grc' dir='ltr'>Καὶ</span> <span class='ocrx_word' id='word_1_689' title='bbox 3421 5211 3450 5264; x_wconf 87' lang='lat'>6</span> <span class='ocrx_word' id='word_1_690' title='bbox 3512 5209 3607 5280; x_wconf 73' lang='grc' dir='ltr'>μὲν</span> <span class='ocrx_word' id='word_1_691' title='bbox 3638 5209 3806 5278; x_wconf 76' lang='grc' dir='ltr'>Ὀνή-</span> 
     </span>
    </p>
   </div>
   <div class='ocr_carea' id='block_1_108' title="bbox 2149 5296 3806 5376">
    <p class='ocr_par' dir='ltr' id='par_1_108' title="bbox 2149 5296 3806 5376">
     <span class='ocr_line' id='line_1_108' title="bbox 2149 5296 3806 5376; baseline -0.004 -19"><span class='ocrx_word' id='word_1_692' title='bbox 2149 5324 2315 5376; x_wconf 88' lang='grc' dir='ltr'>σιμος</span> <span class='ocrx_word' id='word_1_693' title='bbox 2387 5303 2546 5366; x_wconf 86' lang='grc' dir='ltr'>λίθον</span> <span class='ocrx_word' id='word_1_694' title='bbox 2608 5303 2771 5376; x_wconf 83' lang='grc' dir='ltr'>μέγαν</span> <span class='ocrx_word' id='word_1_695' title='bbox 2820 5300 2961 5356; x_wconf 72' lang='grc' dir='ltr'>κατὰ</span> <span class='ocrx_word' id='word_1_696' title='bbox 3013 5303 3112 5354; x_wconf 78' lang='grc' dir='ltr'>τοῦ</span> <span class='ocrx_word' id='word_1_697' title='bbox 3188 5300 3422 5368; x_wconf 72' lang='grc' dir='ltr'>στήθους</span> <span class='ocrx_word' id='word_1_698' title='bbox 3476 5296 3806 5369; x_wconf 80' lang='grc' dir='ltr'>δεξάμενος,</span> 
     </span>
    </p>
   </div>
   <div class='ocr_carea' id='block_1_109' title="bbox 2148 5386 3805 5465">
    <p class='ocr_par' dir='ltr' id='par_1_109' title="bbox 2148 5386 3805 5465">
     <span class='ocr_line' id='line_1_109' title="bbox 2148 5386 3805 5465; baseline -0.003 -18"><span class='ocrx_word' id='word_1_699' title='bbox 2148 5392 2326 5465; x_wconf 78' lang='grc' dir='ltr'>ἀφῆκε</span> <span class='ocrx_word' id='word_1_700' title='bbox 2355 5393 2419 5447; x_wconf 81' lang='grc' dir='ltr'>τὸ</span> <span class='ocrx_word' id='word_1_701' title='bbox 2448 5396 2681 5464; x_wconf 82' lang='grc' dir='ltr'>πνεῦμα’</span> <span class='ocrx_word' id='word_1_702' title='bbox 2743 5393 2771 5446; x_wconf 91' lang='lat'>6</span> <span class='ocrx_word' id='word_1_703' title='bbox 2827 5388 2885 5445; x_wconf 76' lang='grc' dir='ltr'>δὲ</span> <span class='ocrx_word' id='word_1_704' title='bbox 2942 5391 3223 5465; x_wconf 85' lang='grc' dir='ltr'>Ἔρασμος</span> <span class='ocrx_word' id='word_1_705' title='bbox 3282 5389 3419 5461; x_wconf 80' lang='grc' dir='ltr'>μετά</span> <span class='ocrx_word' id='word_1_706' title='bbox 3447 5392 3554 5442; x_wconf 88' lang='grc' dir='ltr'>τῶν</span> <span class='ocrx_word' id='word_1_707' title='bbox 3588 5386 3805 5442; x_wconf 80' lang='grc' dir='ltr'>λοιπῶν</span> 
     </span>
    </p>
   </div>
   <div class='ocr_carea' id='block_1_110' title="bbox 2154 5476 3811 5556">
    <p class='ocr_par' dir='ltr' id='par_1_110' title="bbox 2154 5476 3811 5556">
     <span class='ocr_line' id='line_1_110' title="bbox 2154 5476 3811 5556; baseline -0.003 -20"><span class='ocrx_word' id='word_1_708' title='bbox 2154 5479 2553 5554; x_wconf 73' lang='grc' dir='ltr'>δεκατεσσάρων</span> <span class='ocrx_word' id='word_1_709' title='bbox 2587 5477 3015 5556; x_wconf 68' lang='grc' dir='ltr'>ἀπεκεφαλὶσθη·</span> <span class='ocrx_word' id='word_1_710' title='bbox 3059 5478 3111 5533; x_wconf 75' lang='grc' dir='ltr'>οἱ</span> <span class='ocrx_word' id='word_1_711' title='bbox 3153 5477 3211 5533; x_wconf 73' lang='grc' dir='ltr'>δὲ</span> <span class='ocrx_word' id='word_1_712' title='bbox 3258 5483 3407 5553; x_wconf 84' lang='grc' dir='ltr'>τρεῖς</span> <span class='ocrx_word' id='word_1_713' title='bbox 3466 5476 3519 5533; x_wconf 75' lang='grc' dir='ltr'>ἰν</span> <span class='ocrx_word' id='word_1_714' title='bbox 3579 5477 3811 5550; x_wconf 73' lang='grc' dir='ltr'>Σικελὲᾳ</span> 
     </span>
    </p>
   </div>
   <div class='ocr_carea' id='block_1_111' title="bbox 2150 5572 2894 5648">
    <p class='ocr_par' dir='ltr' id='par_1_111' title="bbox 2150 5572 2894 5648">
     <span class='ocr_line' id='line_1_111' title="bbox 2150 5572 2894 5648; baseline 0 -21"><span class='ocrx_word' id='word_1_715' title='bbox 2150 5572 2505 5648; x_wconf 71' lang='grc' dir='ltr'>πεμφθέντες,</span> <span class='ocrx_word' id='word_1_716' title='bbox 2538 5572 2894 5647; x_wconf 78' lang='grc' dir='ltr'>ἀνῃρέθησαν.</span> 
     </span>
    </p>
   </div>
  </div>
