4108 6462
423 462 538 521 451

1726 448 2156 511 MENOLOGII
2203 445 2403 508 PARS
2446 448 2553 510 III.

3743 460 3870 520 452

431 596 774 652 dilaniatus.
809 594 953 648 Cum
1002 589 1260 662 denique
1320 588 1382 644 in
1437 585 1656 644 Christi
1711 583 2070 642 confessione

2199 579 2439 652 Χριστὸν
2493 580 2791 658 ὁμολογίᾳ,
2847 584 3136 658 προστάξει
3213 587 3314 640 τοῦ
3399 587 3668 664 ἄρχοντος
3724 590 3865 667 ἀνῃ-

430 690 713 740 constans
741 681 1108 754 persisteret,
1157 676 1432 750 praesidis
1476 676 1652 748 jussu
1691 674 2086 746 interemptus

429 773 561 828 fuit.
981 857 1224 914 EODEM
1265 854 1518 911 mensa.

996 947 1100 1002 Die
1140 944 1513 1001 duodecima.

425 1043 690 1099 Memoria
738 1039 920 1097 sancti
973 1037 1156 1094 Patris
1206 1037 1383 1092 nostri
1437 1032 1765 1106 Epiphanii,
1842 1031 2089 1104 episcopi

1170 1107 1362 1180 Cypri.

497 1233 746 1288 Sanctus
776 1233 952 1286 Pater
979 1234 1186 1285 noster
1204 1224 1570 1300 Epiphanius
1592 1227 1720 1280 erat
1739 1238 1812 1278 ex
1840 1220 2084 1294 regione

421 1323 766 1387 Phoenicim,
823 1320 1042 1377 Iudaeis
1098 1317 1446 1391 parentibus
1495 1321 1691 1370 natus.
1723 1311 1841 1368 Sed
1871 1311 1993 1366 illis
2022 1311 2084 1366 in

424 1414 589 1488 Legis
612 1412 774 1468 cultu
798 1409 1308 1484 permanantibus,
1328 1407 1456 1479 ipse
1473 1405 1547 1461 ad
1563 1403 1862 1460 Christum
1880 1417 2081 1458 accur-

419 1519 581 1567 rens,
642 1501 971 1574 baptizatus
1031 1505 1139 1563 est,
1200 1502 1260 1554 et
1311 1495 1708 1552 monasticum
1746 1491 2084 1548 institutum

425 1591 705 1664 suscepit.
737 1589 959 1645 Deinde
979 1588 1152 1662 Cypri
1174 1587 1505 1660 Episc0pus
1526 1582 1869 1640 ordinatur:
1902 1587 2082 1654 atque

421 1681 506 1737 ita
535 1683 652 1737 Deo
684 1679 943 1745 servivit,
981 1684 1048 1734 ut
1077 1683 1136 1733 et
1179 1674 1470 1732 miracula
1511 1680 1747 1746 patrare
1771 1671 2078 1728 meruerit.

423 1771 567 1826 Cum
599 1774 798 1826 autem
832 1784 937 1840 pro
970 1767 1086 1823 fide
1136 1765 1467 1822 orthodoxa
1495 1763 1846 1825 decertaret,
1879 1759 2081 1832 plures

423 1875 721 1916 mrumnas
753 1857 826 1913 ab
858 1856 1236 1913 heterodoxis
1293 1853 1614 1910 sustinuit:
1673 1856 1735 1908 et
1770 1850 2080 1907 veritatem

2198 669 2353 746 ρὲθη.

2745 856 2930 914 MHNI
2968 856 3061 913 ΤΩ
3099 859 3300 916 ΛΥΤΩ.

3006 951 3054 1001 ΒΩ

3063 991 3074 1002 ι

2975 947 3074 1004 IB‘.

2267 1033 2478 1106 Μνήμη
2534 1037 2631 1089 τοῦ
2678 1031 2749 1117 ἐν.
2772 1034 2952 1117 ἁγίοις
3001 1035 3214 1117 Πατρὸς
3241 1037 3403 1110 ἡμῶν
3433 1040 3784 1117 Ἐπιφανίου,

2730 1105 3032 1164 ἆπισκόπου
3070 1105 3296 1183 Κύπρου
3301 1153 3314 1167 .

2267 1221 2605 1301 Ἐπιφάνιος.
2661 1223 2690 1278 6
2747 1221 2800 1278 ἐν
2856 1223 3031 1298 ἁγίοις
3089 1226 3276 1301 Πατὴρ
3330 1228 3610 1300 ἡμῶν,ἧν
3662 1230 3758 1302 μὶν
3796 1229 3859 1286 ἐκ

2190 1318 2292 1382 τῆς
2345 1314 2534 1389 χώρας
2591 1313 2878 1384 Φοινίκης,
2939 1315 3054 1378 υίὸς
3115 1313 3412 1375 Ἰουδαίων.
3451 1316 3608 1375 ’Λλλ’
3632 1318 3858 1376 ἐκείνων

2191 1395 2658 1472 ἐναπομεινάντων
2715 1403 2786 1475 τῇ
2838 1404 2936 1456 τοῦ
2993 1402 3168 1475 νόμου
3226 1401 3474 1478 λατρεία,
3527 1403 3688 1468 αὐτὸς
3719 1407 3862 1482 πρὸς

2188 1491 2281 1547 τὸν
2314 1493 2548 1565 Χριστὸν
2594 1489 2849 1568 ἔδραμεν,
2902 1495 2990 1549 καὶ
3056 1495 3394 1571 βαπτισθεὶς,
3447 1498 3637 1574 γέγονε
3682 1519 3856 1572 μονα-

2193 1579 2317 1656 χός.
2376 1581 2510 1640 Εἶτα
2573 1580 2972 1658 ἐχειροτονήθη
3059 1585 3150 1640 καὶ
3224 1584 3522 1650 ἐπίσκοπος
3600 1587 3852 1661 Κύπρουο

2188 1671 2278 1726 καί
2339 1671 2514 1735 οὕτως
2571 1672 2894 1749 ἐθεράπευσε
2947 1675 3039 1730 τὸν
3106 1675 3262 1743 Θεὸν,
3321 1675 3397 1738 ὥς
3450 1677 3540 1731 καὶ
3601 1677 3857 1750 θαύματα

2190 1766 2368 1816 ποιεῖν
2431 1762 2749 1836 ἀξιωθῆναι.
2807 1763 3246 1838 Ἀγωνιζόμενος
3301 1761 3360 1819 δὶ
3419 1765 3550 1842 ὑπὲρ
3606 1772 3710 1835 τῆς
3757 1765 3856 1841 όρ-

2191 1847 2417 1922 θοδόξου
2470 1851 2707 1914 πίστεως
2764 1851 3014 1914 πολλοὺς
3069 1853 3408 1928 πειρασμοὺς
3465 1855 3570 1910 ὑπὸ
3612 1859 3720 1909 τῶν
3753 1876 3858 1910 κα-

421 1948 663 2020 quidem
725 1946 1102 2003 sermonibus
1181 1944 1693 2006 corroboraturus,
1768 1939 2070 1996 hereticos

2196 1937 2435 2012 κοδόξων
2471 1942 2698 2012 ὑπέστηο
2759 1944 2848 1998 καὶ
2904 1946 3004 2012 τήν
3060 1941 3320 2015 ἀλήθειαν
3377 1945 3474 2016 μὶν
3519 1943 3570 2000 ἐν
3603 1950 3722 2008 τοῖς
3754 1942 3858 2001 λό-

417 2055 553 2094 vero
586 2055 657 2094 ex
687 2037 939 2094 ecclesia
969 2036 1307 2096 abacturus.
1341 2030 1924 2103 Constantinopolim
1967 2030 2078 2084 mi-

415 2132 622 2204 gravit.
659 2129 914 2186 Adactus
947 2133 1146 2184 autem
1177 2127 1250 2182 ab
1281 2126 1547 2182 Eudoxia
1584 2123 1792 2181 exsilio
1822 2123 2079 2194 Chryso-

419 2221 596 2277 stomi
628 2236 692 2275 se
722 2218 1117 2278 subscribere.
1150 2216 1366 2272 adduci
1395 2214 1685 2286 nequivit,
1730 2218 1798 2268 ut
1825 2212 1886 2268 id
1916 2211 2078 2267 face-

415 2317 526 2368 ret.
559 2314 703 2366 Cum
729 2325 869 2364 vero
899 2307 1002 2363 illa
1023 2307 1513 2370 comminaretur,
1537 2304 1653 2360 nisi
1675 2304 1803 2375 ipse
1832 2303 2076 2371 faceret,

418 2417 481 2458 se
510 2399 808 2456 idolorum
841 2396 1064 2469 templa
1082 2402 1444 2468 aperturam,
1466 2392 1813 2466 persuaderi
1845 2408 1908 2448 se
1938 2408 2070 2464 pas-

412 2506 536 2557 sus,
561 2487 933 2559 subscripsit.
957 2485 1124 2552 Quod
1147 2485 1246 2541 ubi
1278 2484 1736 2556 Chrysostomus
1757 2481 2071 2546 intellexit,

415 2578 545 2637 hac
574 2577 647 2634 ad
679 2577 777 2634 οε
841 2575 1035 2647 ipsum
1095 2574 1368 2646 scripsit:
1425 2571 1741 2645 Epiphani,
1789 2572 2072 2644 quoniam

416 2668 626 2726 exsilio
663 2683 792 2723 meo
816 2664 1195 2725 consensisti.
1217 2666 1280 2720 in
1303 2663 1519 2720 throno
1544 2669 1643 2718 tuo
1665 2679 1786 2718 non
1813 2661 2070 2719 sedebis.

412 2760 525 2817 llle
543 2775 681 2813 vero
709 2755 1080 2826 rescrispsit:
1104 2753 1343 2810 Athleta
1364 2755 1641 2816 Joannes,
1669 2751 1999 2812 verberare,
2017 2757 2076 2807 et

413 2849 864 2905 vince.Demum
911 2845 974 2901 in
1020 2844 1278 2918 Cyprum
1319 2843 1624 2916 navigans,
1657 2842 1836 2898 vitam
1868 2842 1932 2898 in
1963 2857 2068 2898 na-

410 2937 563 3012 vigio
596 2935 806 2993 finivit.

404 3057 475 3112 Et
494 3053 759 3112 memoria
783 3051 968 3110 sancti
997 3053 1179 3108 Patris
1226 3051 1404 3122 nostri
1441 3051 1702 3108 Germani
1726 3049 2070 3122 patriarchae

934 3121 1552 3195 Constantinopolitani.

473 3245 723 3301 Sanctus
781 3246 957 3300 Pater
1038 3247 1244 3299 noster
1317 3242 1666 3308 Germanus,
1735 3240 2069 3312 imperante

2193 2051 2314 2106 γοις
2367 2031 2656 2107 κρατύνας,
2713 2031 2845 2095 τοὺς
2912 2030 2969 2089 δὲ
3043 2032 3346 2109 αίρετικοὺς
3399 2041 3500 2103 τῆς
3558 2027 3862 2104 ἐκκλησίας

2188 2121 2488 2190 ἀπελάσας,
2565 2119 2888 2195 ἐπεδήμησε
2969 2121 3059 2178 καί
3123 2126 3193 2198 τῇ
3257 2123 3862 2185 Κωνσταντινουπόλει.

2189 2209 2287 2268 Καὶ
2343 2212 2802 2287 καταναγκασθεὶς
2874 2213 2978 2268 ὑπὸ
3056 2233 3156 2284 της
3215 2210 3474 2284 Εύδοξίας
3533 2215 3856 2289 ὑπογράψαι

2187 2299 2264 2364 εἷς
2321 2302 2420 2369 τήν
2481 2299 2691 2375 ἐξορίαν
2770 2307 2869 2357 τοῦ
2948 2303 3365 2376 Χρυσοστόμου,
3443 2303 3543 2358 ούκ
3600 2303 3852 2374 ἐπείσθη,

2183 2388 2556 2461 Ἀπειλούσης
2588 2387 2646 2446 δὲ
2689 2390 2880 2464 αὐτῆς,
2941 2391 3014 2455 ὡς
3074 2392 3122 2446 εἱ
3182 2393 3258 2461 μή
3317 2397 3479 2448 τοῦτο
3509 2395 3752 2463 ποιήσει,
3785 2394 3855 2449 τὰ

2185 2476 2390 2534 ε’ίδωλα
2447 2479 2695 2552 ἀνοίξειν,
2755 2481 2991 2544 πεισθεὶς
3052 2481 3347 2558 ὑπέγραψε.
3413 2483 3516 2539 Καὶ
3578 2483 3766 2555 μαθὼν
3827 2484 3855 2539 ὁ

2185 2567 2581 2644 Χρυσόστομος
2635 2573 2822 2635 τοῦτο,
2881 2563 3082 2647 ἔγραψε
3138 2571 3274 2642 πρὸς
3320 2569 3504 2626 αὐτόν·
3536 2573 3850 2649 Ἐπιφανιε,

2183 2657 2297 2713 ἐπεὶ
2330 2657 2626 2733 συνῄνεσας
2675 2657 2751 2721 είς
2806 2659 2904 2727 τήν
2966 2658 3174 2734 ἐξορίαν
3229 2681 3358 2732 μου,
3415 2660 3481 2716 ού
3517 2661 3594 2733 μή
3624 2661 3851 2737 καθίσῃς

2183 2747 2272 2804 ἐπὶ
2327 2752 2426 2804 τοῦ
2481 2749 2678 2823 θρόνου
2737 2769 2855 2804 σου.
2929 2749 2990 2807 Ὀ
3049 2746 3108 2804 δὲ
3189 2746 3538 2825 ἀντέγραψεν,
3598 2750 3852 2822 Ἀθλητά

2178 2840 2435 2910 Ἰωᾶννη,
2489 2837 2677 2910 παίου,
2734 2839 2825 2894 καὶ
2885 2838 3027 2900 νίκα.
3087 2840 3219 2898 Εἶτα
3271 2837 3457 2897 πλέων
3518 2840 3594 2904 είς
3627 2842 3852 2918 Κύπρον

2182 2926 2532 3000 ἱτελεύτησεν
2558 2928 2611 2984 ἓν
2637 2933 2717 3002 τῷ
2746 2927 2948 3003 πλοίῳ.

2253 3045 2356 3104 Καὶ
2387 3046 2580 3119 μνήμη
2612 3049 2710 3121 τοῦ
2737 3044 2792 3100 iv
2825 3044 3004 3121 ἁγίοις
3051 3045 3261 3118 Πατρὸς
3297 3048 3461 3121 ἡμῶν
3492 3052 3774 3121 Γερμανοῦ

2486 3119 2835 3192 πατριάρχου
2868 3118 3522 3182 Κωνσταντινουπόλεως.

2250 3235 2526 3313 Γερμανὸς
2577 3236 2607 3291 ὁ
2663 3234 2716 3291 ἑν
2777 3237 2956 3312 ἁγίοις
3010 3238 3197 3312 Πατὴρ
3246 3240 3430 3311 ἡμῶν,
3463 3236 3707 3310 ὑπῆρχεν
3738 3235 3834 3290 ἐπὶ

401 3335 698 3398 Heraclio,
727 3335 842 3391 fuit
898 3334 1057 3390 illius
1111 3331 1428 3388 Iustiniani
1484 3329 1746 3397 Patricii,
1778 3347 1956 3402 quem
1988 3329 2062 3387 ob

2185 3333 2273 3398 τῆς
2333 3324 2612 3402 βασιλείας
2665 3323 3016 3401 Ἡρακλείου,
3094 3327 3212 3385 υἱὸς
3272 3329 3652 3385 Ἰουστινιανοῦ
3711 3326 3827 3383 Πα-

405 3425 692 3482 invidiam
725 3423 978 3480 Heraclii
1011 3423 1170 3478 ﬁlius
1210 3421 1446 3488 occidit,
1481 3421 1797 3492 ipsumque
1829 3420 2068 3477 Germa-

405 3531 550 3570 num
581 3515 924 3571 eunuchum
974 3513 1105 3569 ﬂeri
1154 3512 1403 3576 curavit,
1436 3528 1504 3568 ac
1537 3513 1755 3583 Magna;
1787 3510 2068 3566 Ecclesia

403 3605 562 3661 clero
594 3603 879 3676 prmfecit.
917 3603 1025 3658 Ille
1069 3619 1204 3658 vero
1259 3603 1520 3674 primum
1554 3600 1795 3672 quidem
1829 3616 1890 3655 se
1923 3599 2068 3654 divi-

406 3709 620 3750 narum
651 3693 1094 3764 Scripturarum
1133 3689 1507 3747 meditationi
1556 3688 1803 3756 addixit,
1836 3693 1896 3743 et
1924 3687 2069 3744 reli-

398 3782 578 3855 giosas
613 3780 1054 3848 exercitationi,
1113 3795 1182 3835 ac
1238 3779 1470 3835 caeteris
1519 3777 1836 3833 virtutibus
1861 3777 2062 3849 acqui-

396 3869 606 3925 rendis
674 3885 805 3924 sese
863 3875 1053 3924 totum
1110 3867 1424 3940 impendit.
1485 3869 1698 3923 Postea
1754 3867 2068 3939 episcopus

401 3959 697 4031 Cyzicena-
726 3958 996 4015 ecclesiae
1026 3957 1336 4014 ordinatus
1368 3962 1474 4013 est.
1514 3955 1733 4013 Deinde
1765 3973 1836 4012 ex
1865 3957 2066 4028 Cyzico

402 4047 752 4110 translatus.
785 4048 860 4103 ad
892 4047 1234 4104 cathedram
1259 4045 1805 4118 Constantinopolis
1833 4054 2068 4103 evectus

399 4137 534 4203 fuit,
566 4137 902 4209 patriarcha
931 4137 1144 4193 factus.
1191 4135 1275 4192 lbi
1321 4151 1430 4192 sua
1480 4134 1752 4191 doctrina
1777 4137 2063 4208 populum

401 4225 783 4289 illuminavit,
815 4232 994 4298 atque
1026 4225 1240 4281 altiora
1261 4223 1596 4281 divinarum
1627 4223 2065 4297 Scripturarum

397 4332 619 4373 arcana
648 4317 942 4388 exposuit,
1003 4321 1061 4371 et
1117 4332 1304 4387 usque
1363 4315 1437 4371 ad
1489 4315 1808 4386 imperium
1854 4315 2065 4370 Leonis

395 4405 642 4462 Isaurici
705 4405 1046 4478 perstituit:
1112 4421 1291 4476 quem
1352 4421 1487 4460 cum
1543 4420 1741 4459 sacras
1772 4404 2064 4473 imagines

395 4501 771 4553 aversantem
827 4495 1090 4559 vidisset,
1154 4509 1414 4565 eumque
1463 4509 1655 4565 neque
1709 4493 2063 4562 rationibus,

398 4601 594 4656 neque
621 4583 1142 4639 adhortationibus
1162 4583 1236 4638 ab
1261 4582 1476 4638 haresi
1497 4598 1746 4639 avocare
1773 4583 2066 4654 potuisset

2171 3415 2412 3493 τρικίου·
2474 3415 2533 3473 εν
2595 3413 2684 3472 διὰ
2736 3416 2934 3492 φθόνον
2995 3417 3023 3472 ὁ
3082 3423 3180 3474 τοῦ
3237 3413 3558 3493 Ἡρακλείου
3583 3416 3704 3480 υἱὸς
3736 3436 3840 3493 φο-

2173 3508 2384 3574 νεύσας,
2413 3509 2606 3562 τοῦτον
2660 3504 2970 3581 εὖνούχισε,
3023 3506 3113 3563 καὶ
3164 3511 3245 3581 τῷ
3293 3506 3487 3580 κλήρῳ
3527 3513 3628 3575 τῆς
3656 3505 3844 3581 Μεγά-

2176 3595 2284 3670 λης
2343 3596 2672 3669 Ἐκκλησίας
2731 3599 3000 3672 ἀνὲταξεν.
3059 3599 3122 3658 Ὁ
3181 3597 3239 3655 δὲ
3291 3604 3510 3673 πρῶτον
3572 3599 3669 3672 μὲν
3720 3597 3842 3654 ἐπι-

2176 3684 2304 3748 δοὺς
2350 3687 2536 3743 δαυτὸν
2595 3690 2666 3762 τῇ
2728 3687 2929 3762 μελέτῃ
2978 3693 3087 3744 τῶν
3147 3688 3307 3743 θείων
3355 3692 3608 3762 Γραφῶν,
3648 3687 3740 3743 καὶ
3769 3690 3841 3761 τῇ

2176 3777 2400 3848 ἀσκήσει
2476 3777 2566 3832 καὶ
2643 3775 2816 3851 λοιπῇ
2894 3776 3086 3852 ἀρετῇ,
3145 3777 3365 3852 ὕστερον
3437 3778 3836 3854 ἐχειροτονήθη

2175 3866 2472 3929 ἒπίσκοπος
2532 3873 2632 3936 τῆς
2690 3865 2741 3921 ἐν
2799 3867 3014 3941 Κυζίκῳ
3073 3867 3391 3936 ἐκκλησίας.
3451 3869 3589 3926 Ἀπὸ
3641 3865 3700 3922 δὲ
3740 3873 3843 3937 τῆς

2176 3959 2412 4031 Κυζίκου
2452 3959 2757 4033 μετατεθεὶς
2814 3959 2902 4017 ἐπὶ
2951 3963 3053 4031 τήν
3107 3959 3370 4036 καθέδραν
3413 3968 3514 4031 τῆς
3549 3967 3843 4018 Κωνσταν-

2171 4045 2545 4111 τινουπὸ).εως
2619 4048 2862 4126 ἀνήχθη,
2940 4052 3288 4127 πατριάρχης
3354 4050 3670 4126 γενόμενος.
3726 4049 3837 4108 Καὶ

2170 4142 2240 4214 τῇ
2271 4136 2594 4210 διδασκαλίᾳ
2621 4140 2787 4194 αὐτοῦ
2841 4139 2933 4195 τὸν
2986 4138 3120 4196 λαὸν
3176 4139 3440 4216 φωτίσας,
3493 4139 3584 4195 καὶ
3637 4139 3706 4194 τὰ
3736 4140 3840 4215 βα-

2175 4229 2374 4305 θύτερα
2426 4233 2533 4284 τῶν
2605 4228 2762 4284 θείων
2851 4234 3075 4308 Γραφῶν
3157 4229 3495 4304 ἰρμηνεύων,
3582 4227 3842 4303 διήρκεσε

2177 4321 2343 4398 μέχρι
2385 4326 2487 4388 τῆς
2521 4321 2801 4398 βασιλείας
2859 4321 3090 4385 Λέοντος
3153 4326 3251 4376 τοῦ
3311 4321 3578 4396 Ἰσαύρου,
3611 4321 3669 4377 δν
3706 4318 3839 4376 ῗδὼν

2170 4411 2266 4474 τὰς
2319 4410 2462 4474 θείας
2524 4406 2736 4474 εἰκόνας
2791 4411 3294 4489 ἀποστρεφόμενον,
3344 4411 3434 4465 καὶ
3469 4413 3613 4483 μήτε
3643 4409 3843 4485 λόγοις

2175 4503 2315 4574 μήτε
2371 4500 2717 4576 παραινέσεσι
2778 4499 3024 4571 δυνηθεὶς
3086 4507 3268 4556 πεῖσαι
3325 4501 3485 4556 αὐτὸν
3531 4493 3840 4568 ἀποστῆναι

2168 4597 2272 4659 τῆς
2303 4590 2588 4664 αἱρέσεως,
2621 4591 2732 4656 θεὶς
2758 4592 2822 4646 τὸ
2875 4589 3200 4666 ὡμοφόριον
3234 4589 3400 4646 αὑτοῦ
3430 4589 3516 4645 ἐπὶ
3544 4596 3647 4658 τῆς
3681 4589 3841 4665 ἁγίας

397 4673 812 4745 homophorio,
848 4675 960 4729 hoc
1005 4679 1116 4734 est,
1177 4672 1381 4744 pallio,
1438 4689 1622 4744 super
1653 4689 1822 4729 sacra
1851 4689 2060 4728 mensa

2185 4687 2472 4759 τραπέζηςν
2527 4689 2775 4743 ἀπελθὼν
2830 4687 2882 4743 ἐν
2942 4693 3022 4760 τῷ
3099 4688 3234 4762 οἷ’κῳ
3290 4688 3476 4756 αὐτοῦ,
3537 4691 3836 4764 ἡσύχαζεν·

397 4763 690 4834 deposito.
723 4763 796 4818 ad
855 4762 1157 4835 propriam
1218 4761 1462 4818 domum
1505 4762 1671 4825 abiit,
1708 4768 1766 4818 et
1795 4763 2058 4835 quietam

398 4853 576 4908 vitam
604 4854 759 4926 egit:
793 4851 891 4907 ubi
923 4867 1127 4922 preces
1160 4851 1276 4906 Deo
1307 4851 1545 4908 assidue
1570 4853 1848 4922 offerens,
1873 4869 2058 4908 nona-

403 4947 683 5020 genarius
712 4945 789 5003 ad
819 4946 1006 5000 Deum
1037 4944 1326 5017 migravit.

965 5063 1206 5121 EODEM
1247 5061 1497 5118 MENSE.

928 5153 1032 5208 Die
1063 5152 1296 5208 decima
1337 5151 1530 5207 tertia.

654 5245 945 5300 Certamen
974 5248 1179 5300 sancta:
1218 5241 1495 5312 Glyceriaz
1522 5243 1806 5314 martyris.

473 5358 743 5434 Glyceria
771 5357 989 5413 Christi
1023 5361 1250 5426 martyr
1296 5353 1430 5418 fuit,
1464 5354 1833 5427 temporibus
1865 5361 2058 5413 Anto-

397 5449 528 5507 nini
559 5447 937 5520 imperatoris
959 5451 1019 5502 et
1042 5444 1244 5501 Sabini
1267 5444 1558 5517 praesidis,
1594 5445 1658 5501 in
1684 5446 2060 5519 Trajanopoli

396 5541 659 5597 Thracias
683 5539 847 5594 urbe.
863 5542 1007 5593 Cum
1029 5541 1229 5591 autem
1253 5533 1509 5607 quadam
1527 5534 1622 5592 die
1646 5552 1866 5608 praeses
1885 5536 2062 5594 idolis

397 5629 783 5697 sacriﬁcaret,
814 5629 945 5700 ipsa
975 5624 1313 5682 venerando
1342 5626 1535 5682 crucis
1579 5625 1746 5700 signo
1777 5626 1840 5684 in
1866 5627 2061 5685 fronte

399 5720 652 5787 munita,
683 5718 760 5775 ad
817 5734 955 5777 eum
1013 5717 1289 5782 accessit,
1321 5715 1720 5775 Christianam
1747 5733 1877 5776 sese
1909 5734 2062 5788 esse,

405 5822 474 5862 ac
502 5807 789 5866 famulam
819 5808 1036 5864 Christi
1068 5807 1354 5880 professa.
1407 5809 1563 5862 Tunc
1598 5807 1876 5864 hortante
1907 5825 2056 5881 pres-

2172 4773 2225 4830 ἓν
2256 4777 2302 4850 ᾧ
2329 4781 2409 4849 τῷ
2461 4782 2580 4850 Θεῷ
2636 4778 3108 4855 προσευχόμενος,
3163 4779 3302 4855 πρὸς
3346 4781 3476 4834 Θεὸν
3509 4774 3842 4859 ἐξεδήμησε,

2171 4867 2386 4943 χρόνων
2421 4866 2798 4938 ἐννενήκοντα.

2724 5076 2901 5132 ΙΠῘΝΙ
2939 5077 3026 5133 ΤΩ
3072 5077 3274 5135 ΑΥΤΩ.

2975 5165 3037 5219 Π.

2349 5250 2619 5316 Ἀθλησις
2671 5258 2772 5324 τῆς
2811 5253 2968 5330 ἁγίας
3009 5256 3286 5331 μάρτυρος
3340 5254 3657 5332 Γλυκερίας.

2244 5361 2534 5438 Γλυκερία,
2610 5364 2646 5432 ἡ
2719 5366 2816 5419 τοῦ
2901 5364 3137 5437 Χριστοῦ
3197 5362 3429 5441 μάρτυς,
3481 5365 3548 5435 ἦν
3610 5365 3662 5420 ἐν
3720 5370 3842 5428 τοῖς

2174 5452 2403 5528 χρόνοις
2433 5451 2750 5510 ’Λντωνίνου
2803 5457 2899 5507 τοῦ
2961 5453 3231 5527 βασιλέως
3288 5455 3380 5509 καὶ
3441 5449 3680 5510 Σαϐίνου
3710 5457 3842 5530 ἡγε-

2174 5541 2362 5615 μόνος,
2398 5540 2452 5597 ἐν
2503 5541 2941 5616 Τραϊανουπόλει
2998 5544 3098 5612 τῆς
3155 5543 3392 5619 Θρᾴκης.
3449 5545 3687 5606 Θύοντος
3744 5544 3842 5602 οὗν

2169 5635 2268 5686 τοῦ
2297 5631 2572 5706 ἡγεμόνος
2623 5635 2744 5694 τοῖς
2801 5628 3079 5698 εἰδώλοις,
3137 5631 3274 5704 αὕτη
3322 5633 3410 5689 ἐπὶ
3441 5637 3541 5691 τοῦ
3573 5654 3841 5708 μετωπου

2171 5719 2341 5786 αὐτῆς
2400 5719 2748 5797 ἐπιγράψασα
2790 5720 2881 5776 τὸν
2955 5723 3141 5798 τίμιον
3201 5725 3456 5801 σταυρὸν,
3512 5723 3652 5795 ⁴ἦλθε
3704 5726 3848 5801 πρὸς

2169 5810 2260 5864 τὸν
2330 5808 2600 5885 ἡγεμόνα,
2657 5811 2985 5886 Χριπιανῆν
3045 5812 3241 5882 ἒαυτῆν
3304 5813 3393 5868 καὶ
3469 5811 3676 5884 δούλην
3739 5818 3840 5870 τοῦ
