4108 6420
252 449 385 514 853·

1823 443 2086 507 MAIUS.

3573 453 3693 511 454

256 576 498 658 Χριστοῦ
530 574 707 651 ὄνομά
751 593 909 632 σασα.
970 574 1075 635 Καὶ
1123 577 1222 630 τοῦ
1274 572 1554 649 ἡγεμόνος
1597 575 1923 644 παραινοῦν-

2058 574 2190 644 side,
2214 578 2282 633 ut
2300 575 2430 649 ipsa
2450 575 2830 643 sacriﬁcaret,
2855 577 3153 636 idolorum
3173 579 3380 639 fanum
3402 580 3696 655 ingressa,

258 692 351 733 τος
389 670 535 743 αὐτῇ
567 669 749 733 θῦσαι,
804 664 1124 722 εἰσελθοῦσα
1157 663 1208 718 ἐν
1238 668 1319 736 τῷ
1362 667 1477 735 ναῷ
1527 666 1637 717 τῶν
1684 658 1933 718 εἰδώλων

271 761 363 818 καὶ
396 758 667 833 εὐξαμένῃ
696 761 777 829 τῷ
811 760 1059 832 Χριστῷ,
1108 748 1377 811 κατὲϐαλε
1422 754 1486 809 τὸ
1538 756 1637 807 τοῦ
1684 752 1807 815 Διὸς
1859 750 1939 808 εἵ-

270 850 454 908 δωλον
509 848 603 904 καὶ
662 848 967 919 συνέτριψε.
1027 846 1127 900 Δια
1196 848 1361 900 τοῦτο
1433 846 1797 917 κρεμασθεῖσα
1880 841 1942 898 ἐκ

266 943 506 1015 τριχῶν,
567 936 753 1009 ἱξεσθη
815 932 1087 1008 σιδήροις.
1167 935 1302 990 Εἶτα
1384 930 1808 987 άποκλεισθεῖσα
1863 929 1938 992 εἰς

274 1028 558 1107 φυλακὴν,
617 1023 868 1100 ὲτρίφετο
929 1023 1017 1077 ὑπ’
1075 1020 1325 1097 ἆνγέλου.
1388 1022 1522 1078 Εἶτα
1576 1020 1636 1075 ἐκ
1691 1019 1940 1107 φυλακῆς

274 1105 632 1185 ἷκὸλτ,θεῖσα,
689 1108 960 1183 ἱνεὸληθη
1022 1111 1099 1174 είς
1156 1110 1386 1183 κάμινον
1445 1110 1637 1185 πυρύς·
1696 1109 1788 1164 καὶ
1843 1105 1940 1163 τοῦ

278 1208 454 1281 πυρὸς
491 1205 597 1261 ὑπὸ
631 1203 777 1268 θείας
836 1200 1033 1279 δρόσου
1086 1196 1423 1269 σὸεσθέντος,
1484 1199 1707 1271 ἐξῆλθεν
1763 1192 1938 1253 ἀϐλα-

270 1291 396 1367 ϐής.
433 1297 572 1353 Εἶτα
600 1290 824 1366 ἰξεδάρη
882 1293 982 1363 τήν
1040 1290 1306 1369 κεφαλήν·
1367 1290 1457 1346 καὶ
1512 1288 1941 1352 ἀποκλεισθεῖσα

263 1386 345 1449 είς
402 1383 657 1462 φυλακὴν
714 1381 807 1437 καὶ
887 1378 1145 1457 ὑγιάνασα
1234 1380 1338 1435 ὑπὸ
1419 1377 1686 1454 ἀγγέλου,
1774 1395 1943 1452 παρε-

267 1475 503 1532 σκεύασε
559 1474 652 1529 τὸν
714 1470 1105 1550 δεσμοφύλακα
1186 1475 1471 1527 πιστεῦσαι
1540 1474 1619 1543 τῷ
1697 1472 1939 1545 Χριστῷ⁶

270 1568 422 1629 ὅστις
464 1562 773 1639 παραυτίκα
828 1559 1266 1641 ἆπεκειραλίσθη.
1323 1561 1388 1618 Ἠ
1450 1556 1508 1615 δὶ
1564 1558 1693 1634 ἁγία
1748 1560 1939 1633 θηριο-

284 1655 581 1731 μαχήσασα
611 1651 933 1722 ἑθελειώθη.
966 1652 1067 1709 Καὶ
1101 1649 1355 1721 κατετέθη
1388 1649 1453 1705 τὸ
1483 1646 1740 1723 λείψανον
1772 1645 1941 1716 αὐτῆς

281 1743 333 1801 ἓν
363 1741 661 1819 Ἡρακλείᾳ
688 1748 790 1812 τῆς
822 1747 1060 1817 Θρᾳκης.

420 1872 517 1928 Καὶ
548 1866 783 1940 ἄθλησις
808 1872 905 1924 τοῦ
935 1868 1090 1945 ἁγίου
1124 1869 1399 1944 μάρτυρος
1428 1862 1817 1942 Ἀλεξάνδρου.

360 1984 733 2062 Ἀλέξανδρος,
762 1986 791 2041 ὁ
840 1989 938 2041 τοῦ
996 1988 1245 2060 Χριστοῦ
1295 1985 1524 2061 μάρτυς,
1573 1982 1640 2052 ἦν
1688 1982 1783 2055 μὶν
1843 1979 1932 2037 ἰπὶ
1966 1968 2012 2034 Β

278 2086 379 2148 τῆς
432 2076 714 2139 Βασιλείας
773 2076 1116 2147 Μαξιμιανοῦ
1174 2073 1598 2148 στρατευόμενος
1646 2072 1749 2128 ὑπὸ
1796 2078 1937 2127 Νου-

274 2170 525 2243 μεριανῷ
552 2166 783 2237 κόμητι.
834 2166 1065 2226 Θύοντος
1114 2162 1173 2219 δὲ
1222 2168 1338 2227 τοῖς
1388 2160 1647 2224 εἰδώλοις
1702 2165 1800 2216 τοῦ
1851 2160 1941 2215 κό-

276 2279 459 2331 μητος
497 2256 632 2331 μετὰ
660 2260 756 2311 τοῦ
789 2255 880 2310 ὑπ’
924 2253 1084 2310 αὐτὸν
1129 2262 1432 2330 τάγματος,
1487 2252 1654 2326 μόνος
1689 2250 1717 2305 ὁ
1752 2249 1941 2323 Ἀλέξ-

276 2346 479 2421 ανδρος
513 2346 578 2401 ού
628 2345 797 2419 μόνον
850 2343 951 2400 ούκ
1003 2342 1225 2413 ἐπείσθη
1281 2347 1459 2411 θῦσαι,
1509 2340 1655 2397 ἀλλὰ
1701 2340 1789 2396 καὶ
1847 2341 1938 2395 τὸν

268 2436 519 2509 κόμητα,
550 2434 643 2489 καὶ
688 2434 816 2495 τοὺς
864 2432 957 2488 σὺν
1008 2432 1158 2505 αύτῷ
1208 2430 1668 2504 πεπλανημένους
1718 2428 1944 2485 ἐκάλεσε

270 2526 366 2582 καὶ
403 2524 687 2597 δαιμόνων
719 2522 1038 2599 λατρευτάς.
1082 2522 1383 2597 Κρατηθεὶς
1428 2521 1547 2592 οὗν,
1595 2517 1747 2597 ἤχθη
1804 2518 1941 2595 πρὸς

273 2614 651 2690 Μαειμιανὸν,
698 2614 789 2668 καὶ
848 2612 1167 2687 ἐρωτηθεὶς,
1225 2611 1317 2666 καὶ
1373 2611 1463 2665 τὸν
1515 2610 1743 2687 Χριστὸν
1803 2609 1942 2682 ὁμο-

279 2708 555 2783 λογήσας,
616 2702 817 2777 ἆτύᾳθη
876 2699 1151 2778 σφοδρῶς.
1209 2699 1344 2758 Εἶτα
1423 2698 1787 2775 παρεπέμφθη
1845 2700 1942 2755 Τι-

276 2790 520 2871 ϐεριανῷ
580 2792 833 2867 ἐπάρχῳ,
890 2795 1249 2865 τιμωρεῖσθαι
1306 2789 1443 2843 κατὰ
1496 2790 1594 2857 τήν
1653 2784 1778 2841 ὁδὸν
1838 2786 1943 2841 ἀπὸ

277 2888 509 2958 Ῥώμης
585 2884 752 2959 μεχρι
838 2881 1159 2951 Βυζαντίου.
1247 2878 1345 2935 Καὶ
1423 2883 1639 2953 πρῶτον
1702 2876 1799 2950 μὶν
1851 2876 1943 2939 τὰς

276 2974 525 3048 πλευράς
611 2976 694 3044 τῷ
778 2970 910 3043 πυρὶ
991 2967 1364 3047 ωτεφλὲχθη·
1453 2965 1639 3023 ἔπειτα
1722 2960 1944 3043 ῥάϐδοις

280 3063 594 3129 ἀκανθίνοις
628 3059 855 3135 ἐτύφθη,
906 3066 1006 3130 τῆς
1063 3060 1273 3133 μητρὸς
1318 3057 1485 3113 αὐτοῦ
1535 3056 1945 3126 ἀκολουθούσης

272 3154 365 3211 καὶ
396 3149 931 3229 προθυμοποιούσης
959 3148 1146 3207 αὐτόν.
1207 3146 1431 3223 ’Δχθεὶς
1486 3144 1544 3202 δι
1594 3145 1673 3210 εἷ¹ς
1723 3148 1945 3221 Βέροιαν

273 3243 529 3315 δέσμιος,
562 3240 654 3296 καὶ
717 3236 805 3295 διὰ
864 3244 1179 3315 προσευχῆς
1232 3234 1379 3313 ὕδωρ
1440 3235 1741 3312 ἐξαγαγὼν,
1799 3233 1948 3291 πολ-

276 3334 414 3398 λούς
469 3338 585 3389 τῶν
641 3328 1066 3406 εἷδωλολατρῶν
1115 3326 1294 3385 ἔπεισε
1344 3332 1624 3383 πιστεῦσαι
1672 3332 1752 3399 τῷ
1808 3333 1943 3402 Χρι-

277 3431 412 3497 στῷ.
445 3425 539 3479 καὶ
568 3421 865 3498 γενόμενος
892 3419 945 3475 ἐν
987 3417 1305 3495 Δριζιπαρῳ
1349 3415 1511 3473 πόλει
1556 3421 1655 3483 τῆς
1708 3415 1945 3494 Θρᾴκης,

277 3518 380 3584 τὴν
415 3513 508 3570 διὰ
536 3514 721 3590 ξίγους
751 3509 969 3586 ἐδέξατο
999 3512 1283 3581 τελευτήν.

402 3674 510 3732 Καὶ
541 3677 723 3747 μνήμη
756 3676 853 3730 τοῦ
884 3672 1041 3750 ἁγίου
1074 3669 1301 3748 Σεργίου
1332 3674 1430 3727 τοῦ
1461 3669 1838 3746 ὂμολογητοῦ.

372 3785 620 3858 Σέργιος,
652 3784 802 3840 ὀτοῦ
848 3783 1086 3859 Χριστοῦ
1145 3778 1532 3857 ὁμολογητής,
1583 3780 1803 3856 ὑπῆρχε
1852 3780 1945 3853 μὶν

296 3874 529 3947 εὐγενῶν
587 3874 675 3928 καὶ
730 3871 1011 3929 πλουσίων
1089 3874 1291 3946 γονέων
1374 3870 1492 3932 υίὸς
1550 3869 1604 3925 ἐν
1661 3875 1949 3926 Κωνσταν-

288 3962 612 4019 τινουπόλει
647 3961 949 4038 γεννηθείς·
1009 3964 1327 4033 προσκυνῶν
1390 3957 1448 4015 δὲ
1501 3959 1597 4021 τὰς
1654 3960 1800 4023 θείας
1860 3959 1951 4015 καὶ

282 4054 486 4116 σεπτὰς
536 4053 775 4122 εἰκόνας,
834 4051 1107 4123 ἐκρατήθη
1159 4050 1307 4126 παρὰ
1359 4054 1469 4105 τῶν
1528 4049 1949 4125 Εἲκονομάχων.

285 4145 390 4201 Καὶ
422 4143 703 4218 παραστάς
741 4147 823 4215 τῷ
878 4140 1182 4216 παρανόμῳ
1246 4138 1463 4215 βασιλεῖ
1517 4140 1732 4209 Λὲοντι,
1790 4156 1955 4209 κατη-

286 4232 586 4309 ναγκάζετο
644 4232 778 4287 ποτὶ
838 4231 934 4305 μὶν
1000 4227 1342 4299 κολακείαις,
1401 4228 1534 4283 ποτὲ
1584 4225 1641 4283 δὲ
1699 4230 1951 4292 ἀπειλαῖς

284 4325 550 4391 ἀθετῆσαι
580 4322 681 4391 τήν
736 4319 1107 4397 προσκύνησιν
1158 4322 1265 4374 τῶν
1326 4316 1491 4394 ἁγίων
1550 4317 1794 4374 εἰκόνων.
1858 4319 1951 4387 Μὴ

287 4414 537 4475 πεισθεὶς
571 4408 649 4481 δὶ,
681 4409 827 4466 ἀλλὰ
867 4408 1227 4485 λογισάμενον
1259 4408 1349 4462 τὸν
1392 4408 1653 4482 τύραννον
1702 4407 1777 4469 ὡς
1829 4406 1955 4484 βδε-

288 4503 510 4577 λυγμα,
540 4502 630 4557 καὶ
661 4500 787 4564 τοὺς
818 4500 1018 4575 λόγους
1050 4498 1236 4569 αὐτοῦ,
1268 4497 1357 4553 καὶ
1386 4500 1482 4559 τὰς
1507 4496 1734 4559 ἀπειλάς
1762 4498 1836 4560 ὡς
1859 4497 1957 4569 λῆ-

292 4614 390 4668 ρον
454 4592 828 4665 ἡγησάμενος,
885 4588 1167 4666 παρῥησίᾳ
1223 4584 1397 4663 ἔλεγε,
1458 4584 1567 4642 δεῖν
1632 4594 1956 4662 προσκυνεῖν

2042 671 2103 721 et
2130 666 2407 739 precibus
2446 667 2521 722 ad
2564 668 2863 724 Christum
2904 668 3073 737 fusis,
3121 671 3510 727 simulacrum
3540 672 3697 728 Jovis

2042 754 2279 826 dejecit,
2300 761 2359 812 et
2386 757 2679 811 contrivit.
2704 758 3101 823 Quamobrem
3124 760 3358 832 capillis
3380 778 3697 833 suspensa,

2041 844 2372 917 ferreisque
2405 847 2642 919 ungulis
2672 848 2977 914 dilaniata,
3009 850 3112 905 96
3139 850 3199 906 in
3230 867 3530 908 carcerem
3561 870 3703 910 con-

2035 935 2267 1007 jicitur,
2322 936 2423 991 ubi
2482 937 2554 991 ab
2603 938 2812 1011 angelo
2871 940 3149 1010 pascitur.
3208 942 3351 996 Tum
3385 958 3416 997 e
3458 959 3697 999 carcere

2044 1023 2278 1093 educta,
2312 1025 2374 1081 in
2406 1025 2717 1082 ardentem
2748 1027 3049 1084 fornacem
3080 1029 3425 1100 projicitur,
3460 1031 3565 1086 sed
3596 1049 3701 1087 ex-

2046 1114 2261 1170 stincto
2316 1131 2423 1187 per
2479 1133 2676 1171 rorem
2727 1117 2993 1173 divinum
3040 1118 3197 1190 igne.
3256 1120 3446 1175 illaesa
3489 1121 3707 1177 evadit.

2045 1207 2253 1260 Postea
2282 1204 2549 1261 detracta
2598 1206 2812 1278 capitis
2860 1206 3036 1278 pelle,
3090 1206 3284 1263 denuo
3317 1209 3376 1263 in
3408 1225 3710 1266 carcerem

2046 1293 2423 1350 detruditur:
2452 1295 2553 1352 ubi
2584 1295 2658 1351 ab
2680 1296 2896 1369 angelo
2918 1302 3147 1359 sanata.
3171 1298 3477 1354 custodem
3511 1316 3713 1356 carce-

2044 1383 2129 1439 ris
2182 1382 2257 1439 ad
2314 1384 2532 1440 Christi
2592 1385 2773 1441 ﬁdem
2833 1387 3145 1449 convertit,
3179 1387 3280 1458 qui
3328 1387 3489 1443 illico
3519 1390 3711 1461 capite

2046 1472 2456 1529 obtruncatur.
2490 1478 2561 1529 At
2592 1481 2798 1531 sancta
2825 1475 2968 1532 feris
2999 1475 3252 1547 objecta,
3287 1476 3463 1532 vitam
3499 1478 3706 1533 finivit:

2046 1568 2104 1619 et
2133 1563 2405 1635 reliquia
2438 1564 2570 1636 ejus
2615 1564 2679 1621 in
2729 1565 3017 1621 Heraclea
3054 1566 3316 1623 Thracia:
3348 1566 3496 1623 urbe
3529 1567 3713 1641 depo-

2047 1652 2175 1708 sita
2208 1657 2369 1709 sunt.

2260 1851 2329 1904 Et
2355 1856 2633 1905 certamen
2662 1852 2841 1907 sancti
2869 1850 3185 1907 Alexandri
3216 1855 3498 1924 martyris.

2123 1957 2458 2014 Alexander
2474 1958 2690 2014 Christi
2711 1964 2937 2032 martyr
2951 1959 3064 2015 fuit
3083 1966 3349 2032 tempore
3374 1960 3713 2017 Maximiani

2048 2048 2449 2120 imperatoris.
2476 2048 2798 2104 militarem
2829 2055 3016 2105 artem
3045 2065 3326 2105 exercens
3348 2050 3458 2105 sub
3490 2052 3709 2105 Nume-

2048 2138 2217 2193 riano
2249 2138 2486 2194 comite.
2519 2138 2665 2193 Cum
2688 2145 2888 2195 autem
2913 2156 3113 2195 comes
3134 2155 3255 2195 uua
3276 2155 3412 2195 cum
3444 2139 3715 2211 subjecta

2050 2226 2163 2281 sibi
2220 2227 2462 2282 cohorte
2529 2228 2912 2295 sacriﬁcaret,
2968 2229 3136 2284 solus
3205 2229 3531 2285 Alexander
3589 2244 3710 2284 non

2052 2322 2283 2372 tantum
2313 2316 2489 2371 idolis
2546 2318 2884 2375 sacrificare
2942 2319 3257 2383 recusavit,
3303 2335 3506 2374 verum
3535 2319 3713 2374 etiam

2051 2408 2333 2463 comitem
2392 2424 2528 2463 cum
2584 2408 2707 2464 suis
2775 2408 2952 2464 sociis
3008 2409 3317 2465 seductum
3373 2408 3714 2481 appellavit,

2054 2501 2113 2551 et
2165 2496 2505 2553 dmmonum
2583 2498 2893 2553 cultorem.
2977 2499 3457 2570 Comprehensus
3515 2499 3717 2572 igitur,

2053 2585 2127 2642 ad
2182 2586 2613 2643 Maximianum
2694 2586 3055 2643 adducitur:
3136 2604 3204 2643 ac
3292 2589 3719 2661 interrogatus.

2054 2675 2477 2748 Christumque
2500 2676 2824 2749 professus.
2850 2676 3174 2733 crudeliter
3200 2677 3467 2733 caeditur.
3493 2677 3719 2734 Deinde

2054 2764 2366 2821 Tiberiano
2395 2765 2635 2838 praesidi
2670 2766 2943 2830 traditur,
2976 2773 3041 2822 ut
3073 2769 3389 2823 tormentis
3420 2768 3722 2824 cruciare-

2056 2858 2153 2909 tur
2181 2854 2243 2909 in
2273 2853 2489 2909 itinere
2521 2871 2591 2910 ex
2637 2856 2784 2910 urbe
2833 2857 3097 2911 Romana
3131 2857 3472 2929 Byzantium
3504 2873 3714 2928 usque.

2056 2947 2138 3000 Ac
2167 2944 2429 3016 primum
2461 2943 2703 3016 quidem
2753 2945 2888 3017 igne
2946 2945 3008 3000 in
3059 2945 3347 3001 lateribus
3381 2946 3716 3002 ustulatur:

2058 3033 2282 3106 spineis
2295 3032 2512 3088 deinde
2530 3034 2707 3106 virgis
2724 3033 3203 3099 caadidur,matre
3220 3035 3413 3106 ipsum
3432 3040 3719 3106 sequente

2057 3138 2124 3177 ac
2172 3128 2444 3195 prompto
2493 3122 2791 3195 hilarique
2841 3122 3041 3179 animo
3093 3139 3229 3179 eum
3279 3140 3409 3179 esse
3440 3124 3716 3196 jubente.

2055 3212 2359 3269 Adductus
2416 3219 2616 3269 autem
2677 3214 2941 3269 Bermam
2998 3214 3253 3278 vinctus,
3312 3230 3381 3269 ac
3440 3214 3719 3286 precibus

1977 3337 2020 3404 Β
2058 3318 2275 3375 aquam
2307 3302 2664 3375 producens,
2698 3303 2917 3358 multos
2950 3319 3021 3357 ex
3060 3302 3394 3359 idololatris
3426 3302 3724 3375 persuasit

2059 3392 2238 3449 fidem
2288 3392 2505 3447 Christi
2553 3392 2853 3464 amplecti.
2908 3394 3155 3449 Demum
3187 3410 3322 3448 cum
3358 3393 3719 3465 Driziparam

2055 3482 2316 3539 Thracia
2348 3483 2558 3538 urbem
2609 3482 2890 3551 venisset,
2922 3482 3117 3555 gladio
3163 3499 3504 3555 percussus,
3539 3482 3719 3539 tinem

2059 3572 2308 3645 accepit.

2233 3670 2332 3725 91
2369 3671 2437 3726 Et
2460 3670 2728 3726 memon’a
2766 3672 2941 3726 sancti
2985 3671 3167 3741 Sergii
3196 3672 3535 3740 confessoris.

2129 3784 2385 3858 Sergius,
2419 3785 2635 3841 Christi
2659 3784 2986 3851 confessor,
3011 3786 3526 3858 Constantinopoli
3550 3784 3723 3841 nobi-

2057 3874 2215 3930 libus
2245 3892 2313 3931 ac
2344 3875 2624 3931 divitibus
2656 3876 3007 3947 parentibus
3041 3884 3216 3933 natus
3248 3877 3377 3933 fuit.
3412 3880 3557 3933 Cum
3586 3893 3725 3933 vero

2057 3964 2287 4020 divinas
2317 3980 2385 4021 ac
2414 3965 2778 4021 venerandas
2809 3966 3101 4039 imagines
3133 3966 3376 4034 coleret,
3410 3968 3482 4022 ab
3514 3969 3722 4023 lcono-

2060 4054 2291 4110 machis
2304 4055 2875 4127 comprehensus,ad
2892 4056 2969 4109 im
2979 4056 3142 4127 pium
3157 4057 3576 4128 imperatorem
3593 4056 3731 4113 Leo-

2060 4159 2197 4199 nem
2224 4143 2559 4209 adducitur,
2582 4160 2616 4198 a
2638 4161 2757 4215 quo
2781 4145 2956 4199 modo
2980 4145 3311 4207 blanditiis,
3342 4145 3520 4200 modo
3542 4146 3724 4201 minis

2060 4248 2097 4287 a
2126 4248 2427 4287 sacrarum
2468 4233 2790 4304 imaginum
2818 4233 2981 4287 cultu
3021 4232 3299 4288 recedere
3332 4233 3736 4305 compelleba-

2061 4328 2174 4377 tur.
2214 4328 2278 4377 At
2299 4338 2434 4378 cum
2462 4338 2581 4378 non
2613 4322 3026 4378 assentiretur.
3048 4322 3151 4377 sed
3175 4324 3370 4395 potius
3404 4330 3721 4395 tyrannum

2059 4417 2346 4483 tanquam
2404 4429 2529 4467 rem
2579 4411 3043 4467 abominandam
3098 4420 3421 4483 reputaret,
3474 4415 3725 4486 ejusque

2062 4516 2370 4556 sermones
2403 4507 2461 4556 et
2493 4516 2686 4555 minus
2710 4517 2814 4571 pro
2844 4500 3030 4555 nihilo
3064 4500 3310 4568 ducens,
3336 4518 3570 4557 summa
3596 4504 3722 4559 ani—

2062 4588 2143 4644 mi
2180 4588 2398 4644 liducia
2429 4589 2853 4660 pronuntiavit,
2887 4590 3254 4644 venerandus
3286 4591 3579 4663 imagines
3610 4592 3728 4647 coli

288 4684 392 4746 τὰς
447 4682 638 4754 τιμίας
695 4680 931 4746 εἰκόνας,
988 4680 1079 4734 καὶ
1134 4682 1301 4751 τιμᾷν
1360 4676 1524 4738 αὐτὰς
1586 4676 1758 4732 πάντα
1817 4681 1945 4752 Χρι-

461 4773 473 4784 ι
752 4776 774 4784 α
889 4770 902 4784 α
1017 4775 1040 4784 -ρ
1220 4774 1241 4784 .-
1309 4764 1333 4783 λ
1400 4762 1428 4784 ρ
1570 4766 1583 4784 Ι
1726 4767 1739 4784 ν
1793 4768 1805 4783 ι
1896 4768 1908 4783 ο

2064 4683 2360 4750 oportere,
2394 4684 2452 4732 et
2483 4678 2555 4733 ab
2590 4678 2869 4733 omnibus
2901 4679 3256 4734 Christianis
3289 4681 3501 4736 merito
3534 4686 3727 4736 hono-

293 4773 515 4829 στιανὸν
550 4776 842 4847 σχετικῶς,
874 4770 946 4832 ὡς
974 4775 1074 4838 τῆς
1106 4774 1274 4841 τιμῆς
1305 4762 1693 4837 διαϐαινούσης
1722 4767 1809 4823 ἐπὶ
1856 4768 1947 4823 τὸν

286 4860 676 4937 πρωτότυπον.
738 4859 878 4918 Τότε
935 4855 1111 4922 δεθεὶς
1171 4857 1406 4931 σχοινίῳ
1461 4856 1552 4911 τὸν
1641 4856 1947 4932 τράχηλον,

283 4952 509 5025 ἐσύρετο
536 4950 616 5007 ἰπ⁹
647 4950 850 5026 ἀγορᾶς
880 4949 957 5010 ὡς
986 4945 1317 5023 κακοῦργος.
1353 4948 1485 5003 Εἶτα
1538 4945 1758 5021 φυλακῇ
1810 4968 1950 5023 παρ·-

286 5040 476 5113 εδόθη·
520 5042 605 5096 καὶ
658 5038 975 5112 δημευθεὶς,
1034 5037 1126 5092 καὶ
1183 5036 1491 5110 γυμνωθεὶς
1544 5040 1642 5091 τοῦ
1699 5036 1948 5093 πλούτου

286 5132 480 5201 αὐτοῦ,
517 5130 650 5203 μετᾶ
677 5136 778 5199 τῆς
826 5127 1080 5203 γυναικὸς
1137 5125 1306 5183 αὐτοῦ
1376 5124 1641 5198 Εἰρήνης,
1700 5127 1791 5181 καὶ
1840 5132 1947 5181 τῶν

278 5222 511 5292 τέκνων,
566 5218 854 5292 ἐξωρίσθη.
906 5220 1072 5280 Ἔνθα
1127 5212 1341 5277 πολλάς
1398 5214 1612 5288 θλίψεις
1671 5216 1761 5270 καὶ
1820 5237 1943 5272 ποι-

278 5312 473 5373 κίλους
530 5306 867 5383 πειρασμοὺς
922 5303 1247 5379 ύπομείνας,
1301 5303 1438 5379 πρὸς
1511 5303 1708 5381 Κύριον
1769 5303 1948 5377 ἐξεδή-

287 5425 367 5475 μη
378 5422 466 5456 civ
476 5443 491 5459 .

370 5517 471 5574 Καὶ
505 5518 613 5590 μνη
624 5537 702 5591 μη
732 5518 834 5571 τοῦ
865 5514 1021 5569 ὀσίου
1055 5511 1266 5589 Πατρὸς
1296 5512 1457 5584 ἡμῶν
1490 5513 1861 5569 Παυσικᾶκου.

359 5634 699 5695 Ηαυσίκακος
733 5633 762 5688 ὁ
796 5632 851 5688 ἐν
883 5632 1055 5707 ἁγίοις
1116 5627 1303 5704 Πατὴρ
1349 5628 1511 5701 ὴμῶν
1571 5626 1795 5705 ὐμῆρχε
1847 5630 1942 5704 μὶν

283 5724 344 5783 bc
398 5732 498 5797 τῆς
555 5724 780 5785 πόλεως
837 5720 1159 5793 Ἀπαμείας,
1240 5716 1299 5772 ἐκ
1376 5712 1579 5793 γονέων
1662 5721 1944 5793 γεννηθεὶς

277 5811 550 5871 εὐλαϐῶν,
616 5812 828 5886 ’πατρὸς
888 5807 943 5864 δὲ
1003 5806 1076 5862 ὢν
1135 5808 1233 5877 τὴν
1292 5807 1520 5881 τέχνην,
1603 5811 1940 5885 περιήρχετο

2063 4768 2458 4840 rari,perinde
2480 4786 2548 4824 ac
2570 4770 2620 4825 si
2644 4771 2835 4824 honor
2856 4770 2958 4825 ille
2984 4776 3296 4843 prototypo
3320 4772 3725 4829 exhiberetur.

2061 4858 2207 4913 Tum
2238 4862 2374 4914 lune
2407 4860 2536 4931 ejus
2584 4859 2737 4914 collo
2787 4859 3049 4932 alligato,
3098 4866 3382 4931 tanquam
3414 4862 3725 4917 maleﬁcus

2061 4964 2128 5003 ac
2160 4948 2447 5004 scelestus
2480 4966 2586 5021 per
2606 4948 2833 5022 plateas
2865 4956 3199 5021 pertractus
3227 4951 3374 5005 fuit:
3410 4951 3626 5007 deinde
3660 4952 3723 5007 in

2059 5054 2360 5094 carcerem
2391 5038 2691 5100 detrusus.
2750 5055 2818 5094 ac
2874 5038 3109 5111 publice
3142 5056 3279 5095 reus
3308 5040 3716 5109 denuntiatus,

2060 5126 2398 5200 divitiisque
2429 5131 2551 5184 suis
2579 5129 2842 5196 orbatus,
2867 5146 2987 5185 una
3009 5146 3142 5185 cum
3175 5147 3356 5185 uxore
3390 5148 3496 5185 sua
3525 5133 3715 5198 lrene,

2059 5233 2127 5273 ac
2155 5218 2381 5281 liberis,
2410 5218 2471 5274 in
2504 5218 2780 5275 exsilium
2811 5220 3030 5275 missus
3061 5226 3187 5274 est:
3222 5219 3321 5274 ubi
3362 5236 3496 5274 cum
3528 5220 3713 5292 pluri-

2057 5324 2185 5363 mas
2221 5308 2635 5366 tribulationes
2665 5309 3045 5382 diversasque
3068 5325 3365 5366 aerumnas
3396 5308 3713 5365 sustinuis-

2058 5404 2168 5469 set,
2202 5399 2470 5473 migravit
2498 5398 2572 5456 ad
2605 5400 2945 5457 Dominum.

2197 5517 2267 5572 Et
2296 5518 2560 5572 memoria
2599 5520 2783 5573 sancti
2825 5518 3009 5575 Patris
3057 5516 3234 5572 nostri
3259 5515 3567 5573 Panticaci.

2128 5633 2377 5690 Sanctus
2400 5635 2574 5691 Pater
2592 5641 2799 5691 noster
2820 5633 3177 5690 Pausicacus
3197 5647 3269 5690 ex
3290 5632 3439 5689 urbe
3460 5637 3717 5708 Apamea

2055 5723 2368 5790 oriundus,
2399 5725 2515 5798 piis
2546 5723 2895 5798 parentibus
2924 5729 3124 5790 natus,
3155 5738 3293 5780 cum
3342 5723 3717 5796 professione

2055 5814 2322 5871 medicus
2357 5820 2531 5882 esset,
2567 5813 2743 5869 urbes
2775 5828 2842 5869 ac
2874 5814 3147 5886 regiones
3173 5814 3719 5887 peragravit,agro-
