  <div class='ocr_page' id='page_1' title='image "/cluster/home/n/w/nwhite01/storage/ocr_20150623/117/coo.31924054870211/237.png"; bbox 0 0 4108 6466; ppageno 0'>
   <div class='ocr_carea' id='block_1_1' title="bbox 423 432 540 493">
    <p class='ocr_par' dir='ltr' id='par_1_1' title="bbox 423 432 540 493">
     <span class='ocr_line' id='line_1_1' title="bbox 423 432 540 493; baseline -0.017 0"><span class='ocrx_word' id='word_1_1' title='bbox 423 432 540 493; x_wconf 77' lang='grc'>455</span> 
     </span>
    </p>
   </div>
   <div class='ocr_carea' id='block_1_2' title="bbox 1709 427 2546 491">
    <p class='ocr_par' dir='ltr' id='par_1_2' title="bbox 1709 427 2546 491">
     <span class='ocr_line' id='line_1_2' title="bbox 1709 427 2546 491; baseline -0.004 -1"><span class='ocrx_word' id='word_1_2' title='bbox 1709 428 2146 490; x_wconf 79' lang='lat' dir='ltr'>MENULOGII</span> <span class='ocrx_word' id='word_1_3' title='bbox 2185 427 2396 490; x_wconf 85' lang='lat' dir='ltr'>PARS</span> <span class='ocrx_word' id='word_1_4' title='bbox 2444 427 2546 491; x_wconf 83' lang='lat' dir='ltr'>lll.</span> 
     </span>
    </p>
   </div>
   <div class='ocr_carea' id='block_1_3' title="bbox 3717 436 3848 522">
    <p class='ocr_par' dir='ltr' id='par_1_3' title="bbox 3717 436 3848 522">
     <span class='ocr_line' id='line_1_3' title="bbox 3717 436 3848 522; baseline 0 -27"><span class='ocrx_word' id='word_1_5' title='bbox 3717 436 3848 522; x_wconf 62' lang='lat' dir='ltr'>iss</span> 
     </span>
    </p>
   </div>
   <div class='ocr_carea' id='block_1_4' title="bbox 415 559 2037 641">
    <p class='ocr_par' dir='ltr' id='par_1_4' title="bbox 415 563 2037 638">
     <span class='ocr_line' id='line_1_4' title="bbox 415 563 2037 638; baseline -0.001 -17"><span class='ocrx_word' id='word_1_6' title='bbox 415 570 506 622; x_wconf 90' lang='lat' dir='ltr'>tos</span> <span class='ocrx_word' id='word_1_7' title='bbox 537 582 745 623; x_wconf 90' lang='lat' dir='ltr'>omnes</span> <span class='ocrx_word' id='word_1_8' title='bbox 777 567 1000 638; x_wconf 83' lang='lat' dir='ltr'><strong>absque</strong></span> <span class='ocrx_word' id='word_1_9' title='bbox 1048 563 1172 620; x_wconf 91' lang='lat' dir='ltr'>ulla</span> <span class='ocrx_word' id='word_1_10' title='bbox 1228 564 1503 622; x_wconf 85' lang='lat' dir='ltr'>mercede</span> <span class='ocrx_word' id='word_1_11' title='bbox 1530 563 1814 622; x_wconf 88' lang='lat' dir='ltr'>curando.</span> <span class='ocrx_word' id='word_1_12' title='bbox 1848 563 2037 620; x_wconf 89' lang='lat' dir='ltr'>Deind</span> 
     </span>
    </p>
   </div>
   <div class='ocr_carea' id='block_1_5' title="bbox 2151 559 3844 641">
    <p class='ocr_par' dir='ltr' id='par_1_5' title="bbox 2151 559 3844 641">
     <span class='ocr_line' id='line_1_5' title="bbox 2151 559 3844 641; baseline 0.006 -25"><span class='ocrx_word' id='word_1_13' title='bbox 2151 559 2280 631; x_wconf 46' lang='lat' dir='ltr'>ad:</span> <span class='ocrx_word' id='word_1_14' title='bbox 2308 561 2498 626; x_wconf 90' lang='grc' dir='ltr'>πόλεις</span> <span class='ocrx_word' id='word_1_15' title='bbox 2541 563 2630 619; x_wconf 88' lang='grc' dir='ltr'>καὶ</span> <span class='ocrx_word' id='word_1_16' title='bbox 2678 567 2773 627; x_wconf 75' lang='grc' dir='ltr'>τὰς</span> <span class='ocrx_word' id='word_1_17' title='bbox 2833 565 3042 641; x_wconf 86' lang='grc' dir='ltr'>χώρας,</span> <span class='ocrx_word' id='word_1_18' title='bbox 3103 565 3414 637; x_wconf 77' lang='grc' dir='ltr'>θεραπεύων</span> <span class='ocrx_word' id='word_1_19' title='bbox 3463 568 3664 633; x_wconf 78' lang='grc' dir='ltr'>πάντας</span> <span class='ocrx_word' id='word_1_20' title='bbox 3712 572 3844 634; x_wconf 79' lang='grc' dir='ltr'>τοὺς</span> 
     </span>
    </p>
   </div>
   <div class='ocr_carea' id='block_1_6' title="bbox 417 653 2075 726">
    <p class='ocr_par' dir='ltr' id='par_1_6' title="bbox 417 653 2075 726">
     <span class='ocr_line' id='line_1_6' title="bbox 417 653 2075 726; baseline -0.002 -16"><span class='ocrx_word' id='word_1_21' title='bbox 417 655 710 711; x_wconf 85' lang='lat' dir='ltr'>mundum</span> <span class='ocrx_word' id='word_1_22' title='bbox 742 655 878 710; x_wconf 92' lang='lat' dir='ltr'>odio</span> <span class='ocrx_word' id='word_1_23' title='bbox 906 654 1153 716; x_wconf 82' lang='lat' dir='ltr'>habens.</span> <span class='ocrx_word' id='word_1_24' title='bbox 1195 653 1532 726; x_wconf 82' lang='lat' dir='ltr'>Christique</span> <span class='ocrx_word' id='word_1_25' title='bbox 1563 671 1765 710; x_wconf 89' lang='lat' dir='ltr'>amore</span> <span class='ocrx_word' id='word_1_26' title='bbox 1795 653 2075 726; x_wconf 86' lang='lat' dir='ltr'>ﬂagrans,</span> 
     </span>
    </p>
   </div>
   <div class='ocr_carea' id='block_1_7' title="bbox 414 745 2078 817">
    <p class='ocr_par' dir='ltr' id='par_1_7' title="bbox 414 745 2078 817">
     <span class='ocr_line' id='line_1_7' title="bbox 414 745 2078 817; baseline -0.001 -17"><span class='ocrx_word' id='word_1_27' title='bbox 414 748 480 801; x_wconf 91' lang='lat' dir='ltr'>In</span> <span class='ocrx_word' id='word_1_28' title='bbox 513 747 814 817; x_wconf 85' lang='lat' dir='ltr'>quoddam</span> <span class='ocrx_word' id='word_1_29' title='bbox 841 746 1267 802; x_wconf 80' lang='lat' dir='ltr'>monasterium</span> <span class='ocrx_word' id='word_1_30' title='bbox 1301 762 1364 802; x_wconf 90' lang='lat' dir='ltr'>se</span> <span class='ocrx_word' id='word_1_31' title='bbox 1395 747 1640 817; x_wconf 81' lang='lat' dir='ltr'>recepit,</span> <span class='ocrx_word' id='word_1_32' title='bbox 1667 752 1726 800; x_wconf 90' lang='lat' dir='ltr'>et</span> <span class='ocrx_word' id='word_1_33' title='bbox 1746 745 2078 801; x_wconf 82' lang='lat' dir='ltr'>monachus</span> 
     </span>
    </p>
   </div>
   <div class='ocr_carea' id='block_1_8' title="bbox 412 833 2073 906">
    <p class='ocr_par' dir='ltr' id='par_1_8' title="bbox 412 833 2073 906">
     <span class='ocr_line' id='line_1_8' title="bbox 412 833 2073 906; baseline -0.002 -17"><span class='ocrx_word' id='word_1_34' title='bbox 412 835 607 892; x_wconf 64' lang='lat' dir='ltr'>factus.</span> <span class='ocrx_word' id='word_1_35' title='bbox 635 843 764 901; x_wconf 86' lang='lat' dir='ltr'>est;</span> <span class='ocrx_word' id='word_1_36' title='bbox 797 841 974 906; x_wconf 90' lang='lat' dir='ltr'>atque</span> <span class='ocrx_word' id='word_1_37' title='bbox 1005 834 1152 890; x_wconf 89' lang='lat' dir='ltr'>adeo</span> <span class='ocrx_word' id='word_1_38' title='bbox 1175 835 1235 889; x_wconf 91' lang='lat' dir='ltr'>in</span> <span class='ocrx_word' id='word_1_39' title='bbox 1268 835 1479 890; x_wconf 88' lang='lat' dir='ltr'>virtute</span> <span class='ocrx_word' id='word_1_40' title='bbox 1512 833 2073 905; x_wconf 81' lang='lat' dir='ltr'>profecit,jejuniis,</span> 
     </span>
    </p>
   </div>
   <div class='ocr_carea' id='block_1_9' title="bbox 410 922 2072 997">
    <p class='ocr_par' dir='ltr' id='par_1_9' title="bbox 410 922 2072 997">
     <span class='ocr_line' id='line_1_9' title="bbox 410 922 2072 997; baseline -0.001 -20"><span class='ocrx_word' id='word_1_41' title='bbox 410 925 646 997; x_wconf 84' lang='lat' dir='ltr'>vigiliis.</span> <span class='ocrx_word' id='word_1_42' title='bbox 679 931 739 980; x_wconf 86' lang='lat' dir='ltr'>et</span> <span class='ocrx_word' id='word_1_43' title='bbox 787 925 1046 981; x_wconf 80' lang='lat' dir='ltr'>assiduis</span> <span class='ocrx_word' id='word_1_44' title='bbox 1100 925 1378 996; x_wconf 82' lang='lat' dir='ltr'>precibus</span> <span class='ocrx_word' id='word_1_45' title='bbox 1425 941 1662 988; x_wconf 86' lang='lat' dir='ltr'>vacans,</span> <span class='ocrx_word' id='word_1_46' title='bbox 1695 929 1760 980; x_wconf 90' lang='lat' dir='ltr'>ut</span> <span class='ocrx_word' id='word_1_47' title='bbox 1797 922 2072 978; x_wconf 76' lang='lat' dir='ltr'>maximis</span> 
     </span>
    </p>
   </div>
   <div class='ocr_carea' id='block_1_10' title="bbox 406 1014 2071 1087">
    <p class='ocr_par' dir='ltr' id='par_1_10' title="bbox 406 1014 2071 1087">
     <span class='ocr_line' id='line_1_10' title="bbox 406 1014 2071 1087; baseline 0.001 -21"><span class='ocrx_word' id='word_1_48' title='bbox 406 1015 611 1087; x_wconf 81' lang='lat' dir='ltr'>gratiis</span> <span class='ocrx_word' id='word_1_49' title='bbox 641 1014 854 1087; x_wconf 80' lang='lat' dir='ltr'>dignus</span> <span class='ocrx_word' id='word_1_50' title='bbox 876 1015 1072 1070; x_wconf 84' lang='lat' dir='ltr'>fuerit.</span> <span class='ocrx_word' id='word_1_51' title='bbox 1099 1014 1276 1070; x_wconf 90' lang='lat' dir='ltr'>Cibus</span> <span class='ocrx_word' id='word_1_52' title='bbox 1299 1015 1386 1070; x_wconf 86' lang='lat' dir='ltr'>illi</span> <span class='ocrx_word' id='word_1_53' title='bbox 1408 1015 1522 1070; x_wconf 82' lang='lat' dir='ltr'>fuit</span> <span class='ocrx_word' id='word_1_54' title='bbox 1552 1014 1712 1070; x_wconf 90' lang='lat' dir='ltr'>solus</span> <span class='ocrx_word' id='word_1_55' title='bbox 1750 1014 1920 1084; x_wconf 88' lang='lat' dir='ltr'>isque</span> <span class='ocrx_word' id='word_1_56' title='bbox 1947 1028 2071 1068; x_wconf 89' lang='lat' dir='ltr'>mo-</span> 
     </span>
    </p>
   </div>
   <div class='ocr_carea' id='block_1_11' title="bbox 407 1103 2066 1175">
    <p class='ocr_par' dir='ltr' id='par_1_11' title="bbox 407 1103 2066 1175">
     <span class='ocr_line' id='line_1_11' title="bbox 407 1103 2066 1175; baseline -0.002 -17"><span class='ocrx_word' id='word_1_57' title='bbox 407 1103 575 1158; x_wconf 89' lang='lat' dir='ltr'>dicus</span> <span class='ocrx_word' id='word_1_58' title='bbox 605 1104 797 1175; x_wconf 89' lang='lat' dir='ltr'>panis,</span> <span class='ocrx_word' id='word_1_59' title='bbox 831 1109 890 1159; x_wconf 90' lang='lat' dir='ltr'>et</span> <span class='ocrx_word' id='word_1_60' title='bbox 919 1120 1076 1174; x_wconf 86' lang='lat' dir='ltr'>aqua</span> <span class='ocrx_word' id='word_1_61' title='bbox 1125 1104 1421 1160; x_wconf 83' lang='lat' dir='ltr'>similiter.</span> <span class='ocrx_word' id='word_1_62' title='bbox 1482 1103 1566 1159; x_wconf 91' lang='lat' dir='ltr'>Ob</span> <span class='ocrx_word' id='word_1_63' title='bbox 1626 1103 1815 1174; x_wconf 87' lang='lat' dir='ltr'>ipsius</span> <span class='ocrx_word' id='word_1_64' title='bbox 1865 1107 2066 1158; x_wconf 89' lang='lat' dir='ltr'>autem</span> 
     </span>
    </p>
   </div>
   <div class='ocr_carea' id='block_1_12' title="bbox 410 1191 2069 1266">
    <p class='ocr_par' dir='ltr' id='par_1_12' title="bbox 410 1191 2069 1266">
     <span class='ocr_line' id='line_1_12' title="bbox 410 1191 2069 1266; baseline 0 -20"><span class='ocrx_word' id='word_1_65' title='bbox 410 1191 689 1249; x_wconf 79' lang='lat' dir='ltr'>virtutem</span> <span class='ocrx_word' id='word_1_66' title='bbox 708 1210 744 1249; x_wconf 87' lang='lat' dir='ltr'>a</span> <span class='ocrx_word' id='word_1_67' title='bbox 761 1195 1002 1266; x_wconf 80' lang='lat' dir='ltr'>Cyriaco</span> <span class='ocrx_word' id='word_1_68' title='bbox 1026 1193 1364 1264; x_wconf 84' lang='lat' dir='ltr'>patriarcha</span> <span class='ocrx_word' id='word_1_69' title='bbox 1381 1192 2069 1265; x_wconf 75' lang='lat' dir='ltr'>Constantinopolitano,</span> 
     </span>
    </p>
   </div>
   <div class='ocr_carea' id='block_1_13' title="bbox 406 1281 2068 1355">
    <p class='ocr_par' dir='ltr' id='par_1_13' title="bbox 406 1281 2068 1355">
     <span class='ocr_line' id='line_1_13' title="bbox 406 1281 2068 1355; baseline -0.002 -18"><span class='ocrx_word' id='word_1_70' title='bbox 406 1283 675 1353; x_wconf 87' lang='lat' dir='ltr'>quamvis</span> <span class='ocrx_word' id='word_1_71' title='bbox 729 1283 968 1349; x_wconf 90' lang='lat' dir='ltr'>invitus,</span> <span class='ocrx_word' id='word_1_72' title='bbox 1013 1283 1386 1354; x_wconf 86' lang='lat' dir='ltr'>Synadorum</span> <span class='ocrx_word' id='word_1_73' title='bbox 1437 1285 1754 1355; x_wconf 89' lang='lat' dir='ltr'>episcopus</span> <span class='ocrx_word' id='word_1_74' title='bbox 1798 1281 2068 1338; x_wconf 87' lang='lat' dir='ltr'>initiatus</span> 
     </span>
    </p>
   </div>
   <div class='ocr_carea' id='block_1_14' title="bbox 405 1370 2066 1444">
    <p class='ocr_par' dir='ltr' id='par_1_14' title="bbox 405 1370 2066 1444">
     <span class='ocr_line' id='line_1_14' title="bbox 405 1370 2066 1444; baseline -0.002 -18"><span class='ocrx_word' id='word_1_75' title='bbox 405 1377 514 1436; x_wconf 87' lang='lat' dir='ltr'>est,</span> <span class='ocrx_word' id='word_1_76' title='bbox 548 1371 882 1443; x_wconf 84' lang='lat' dir='ltr'>imperante</span> <span class='ocrx_word' id='word_1_77' title='bbox 904 1373 1207 1434; x_wconf 83' lang='lat' dir='ltr'>Mauricio.</span> <span class='ocrx_word' id='word_1_78' title='bbox 1227 1390 1405 1444; x_wconf 84' lang='lat' dir='ltr'>quem</span> <span class='ocrx_word' id='word_1_79' title='bbox 1429 1379 1487 1427; x_wconf 88' lang='lat' dir='ltr'>et</span> <span class='ocrx_word' id='word_1_80' title='bbox 1515 1373 1641 1443; x_wconf 80' lang='lat' dir='ltr'>ipse</span> <span class='ocrx_word' id='word_1_81' title='bbox 1664 1388 1699 1426; x_wconf 90' lang='lat' dir='ltr'>a</span> <span class='ocrx_word' id='word_1_82' title='bbox 1722 1370 2066 1442; x_wconf 80' lang='lat' dir='ltr'>gravissimo</span> 
     </span>
    </p>
   </div>
   <div class='ocr_carea' id='block_1_15' title="bbox 404 1461 2066 1534">
    <p class='ocr_par' dir='ltr' id='par_1_15' title="bbox 404 1461 2066 1534">
     <span class='ocr_line' id='line_1_15' title="bbox 404 1461 2066 1534; baseline 0 -20"><span class='ocrx_word' id='word_1_83' title='bbox 404 1461 608 1516; x_wconf 89' lang='lat' dir='ltr'>morbo</span> <span class='ocrx_word' id='word_1_84' title='bbox 655 1467 978 1518; x_wconf 88' lang='lat' dir='ltr'>curaverat.</span> <span class='ocrx_word' id='word_1_85' title='bbox 1041 1464 1255 1519; x_wconf 86' lang='lat' dir='ltr'>Postea</span> <span class='ocrx_word' id='word_1_86' title='bbox 1311 1462 1603 1518; x_wconf 90' lang='lat' dir='ltr'>creditum</span> <span class='ocrx_word' id='word_1_87' title='bbox 1661 1461 1774 1516; x_wconf 91' lang='lat' dir='ltr'>sibi</span> <span class='ocrx_word' id='word_1_88' title='bbox 1827 1475 2066 1534; x_wconf 84' lang='lat' dir='ltr'>gregem</span> 
     </span>
    </p>
   </div>
   <div class='ocr_carea' id='block_1_16' title="bbox 399 1549 2061 1625">
    <p class='ocr_par' dir='ltr' id='par_1_16' title="bbox 399 1549 2061 1625">
     <span class='ocr_line' id='line_1_16' title="bbox 399 1549 2061 1625; baseline -0.001 -21"><span class='ocrx_word' id='word_1_89' title='bbox 399 1557 562 1606; x_wconf 92' lang='lat' dir='ltr'>recte</span> <span class='ocrx_word' id='word_1_90' title='bbox 587 1551 950 1624; x_wconf 83' lang='lat' dir='ltr'>gubernans,</span> <span class='ocrx_word' id='word_1_91' title='bbox 999 1552 1139 1608; x_wconf 82' lang='lat' dir='ltr'>vixit</span> <span class='ocrx_word' id='word_1_92' title='bbox 1189 1568 1376 1624; x_wconf 89' lang='lat' dir='ltr'>usque</span> <span class='ocrx_word' id='word_1_93' title='bbox 1425 1552 1500 1608; x_wconf 89' lang='lat' dir='ltr'>ad</span> <span class='ocrx_word' id='word_1_94' title='bbox 1547 1552 1860 1625; x_wconf 89' lang='lat' dir='ltr'>imperium</span> <span class='ocrx_word' id='word_1_95' title='bbox 1892 1549 2061 1620; x_wconf 87' lang='lat' dir='ltr'>impii</span> 
     </span>
    </p>
   </div>
   <div class='ocr_carea' id='block_1_17' title="bbox 402 1640 2060 1716">
    <p class='ocr_par' dir='ltr' id='par_1_17' title="bbox 402 1640 2060 1716">
     <span class='ocr_line' id='line_1_17' title="bbox 402 1640 2060 1716; baseline 0 -21"><span class='ocrx_word' id='word_1_96' title='bbox 402 1640 613 1696; x_wconf 86' lang='lat' dir='ltr'>Leonis</span> <span class='ocrx_word' id='word_1_97' title='bbox 646 1642 1060 1696; x_wconf 89' lang='lat' dir='ltr'>lconomachi:</span> <span class='ocrx_word' id='word_1_98' title='bbox 1117 1649 1293 1716; x_wconf 91' lang='lat' dir='ltr'>atque</span> <span class='ocrx_word' id='word_1_99' title='bbox 1347 1643 1409 1699; x_wconf 89' lang='lat' dir='ltr'>in</span> <span class='ocrx_word' id='word_1_100' title='bbox 1458 1650 1723 1700; x_wconf 85' lang='lat' dir='ltr'>extrema</span> <span class='ocrx_word' id='word_1_101' title='bbox 1754 1646 2060 1698; x_wconf 87' lang='lat' dir='ltr'>senectute</span> 
     </span>
    </p>
   </div>
   <div class='ocr_carea' id='block_1_18' title="bbox 395 1730 1149 1802">
    <p class='ocr_par' dir='ltr' id='par_1_18' title="bbox 395 1730 1149 1802">
     <span class='ocr_line' id='line_1_18' title="bbox 395 1730 1149 1802; baseline 0.004 -17"><span class='ocrx_word' id='word_1_102' title='bbox 395 1730 668 1802; x_wconf 81' lang='lat' dir='ltr'>migravit</span> <span class='ocrx_word' id='word_1_103' title='bbox 697 1730 770 1787; x_wconf 90' lang='lat' dir='ltr'>ad</span> <span class='ocrx_word' id='word_1_104' title='bbox 809 1732 1149 1788; x_wconf 90' lang='lat' dir='ltr'>Dominum.</span> 
     </span>
    </p>
   </div>
   <div class='ocr_carea' id='block_1_19' title="bbox 952 1937 1493 1999">
    <p class='ocr_par' dir='ltr' id='par_1_19' title="bbox 952 1937 1493 1999">
     <span class='ocr_line' id='line_1_19' title="bbox 952 1937 1493 1999; baseline 0.006 -5"><span class='ocrx_word' id='word_1_105' title='bbox 952 1937 1139 1996; x_wconf 89' lang='lat' dir='ltr'>EODE</span> <span class='ocrx_word' id='word_1_106' title='bbox 1153 1940 1195 1993; x_wconf 81' lang='lat' dir='ltr'>\I</span> <span class='ocrx_word' id='word_1_107' title='bbox 1237 1941 1385 1997; x_wconf 72' lang='grc' dir='ltr'>ΜΕΝ</span> <span class='ocrx_word' id='word_1_108' title='bbox 1392 1941 1493 1999; x_wconf 88' lang='lat' dir='ltr'>SE.</span> 
     </span>
    </p>
   </div>
   <div class='ocr_carea' id='block_1_20' title="bbox 887 2027 1542 2102">
    <p class='ocr_par' dir='ltr' id='par_1_20' title="bbox 887 2027 1542 2102">
     <span class='ocr_line' id='line_1_20' title="bbox 887 2027 1542 2102; baseline 0.008 -19"><span class='ocrx_word' id='word_1_109' title='bbox 887 2027 990 2084; x_wconf 90' lang='lat' dir='ltr'>Die</span> <span class='ocrx_word' id='word_1_110' title='bbox 1039 2028 1272 2088; x_wconf 90' lang='lat' dir='ltr'>decima</span> <span class='ocrx_word' id='word_1_111' title='bbox 1313 2039 1542 2102; x_wconf 88' lang='lat' dir='ltr'>quarta.</span> 
     </span>
    </p>
   </div>
   <div class='ocr_carea' id='block_1_21' title="bbox 621 2115 1796 2199">
    <p class='ocr_par' dir='ltr' id='par_1_21' title="bbox 621 2115 1796 2199">
     <span class='ocr_line' id='line_1_21' title="bbox 621 2115 1796 2199; baseline 0.009 -25"><span class='ocrx_word' id='word_1_112' title='bbox 621 2115 723 2174; x_wconf 79' lang='lat'>98</span> <span class='ocrx_word' id='word_1_113' title='bbox 759 2117 1044 2176; x_wconf 84' lang='lat' dir='ltr'>Certamen</span> <span class='ocrx_word' id='word_1_114' title='bbox 1069 2123 1249 2177; x_wconf 78' lang='lat' dir='ltr'>sancti</span> <span class='ocrx_word' id='word_1_115' title='bbox 1286 2123 1490 2180; x_wconf 80' lang='lat' dir='ltr'>Isidori</span> <span class='ocrx_word' id='word_1_116' title='bbox 1512 2126 1796 2199; x_wconf 79' lang='lat' dir='ltr'>martyris.</span> 
     </span>
    </p>
   </div>
   <div class='ocr_carea' id='block_1_22' title="bbox 446 2271 2041 2346">
    <p class='ocr_par' dir='ltr' id='par_1_22' title="bbox 446 2271 2041 2346">
     <span class='ocr_line' id='line_1_22' title="bbox 446 2271 2041 2346; baseline 0.001 -16"><span class='ocrx_word' id='word_1_117' title='bbox 446 2271 709 2330; x_wconf 88' lang='lat' dir='ltr'>Isidorus</span> <span class='ocrx_word' id='word_1_118' title='bbox 740 2274 956 2330; x_wconf 88' lang='lat' dir='ltr'>Christi</span> <span class='ocrx_word' id='word_1_119' title='bbox 988 2279 1232 2346; x_wconf 87' lang='lat' dir='ltr'>martyr,</span> <span class='ocrx_word' id='word_1_120' title='bbox 1257 2275 1431 2331; x_wconf 89' lang='lat' dir='ltr'>Decio</span> <span class='ocrx_word' id='word_1_121' title='bbox 1463 2271 1936 2346; x_wconf 80' lang='lat' dir='ltr'>imperante,fuit</span> <span class='ocrx_word' id='word_1_122' title='bbox 1969 2291 2041 2331; x_wconf 79' lang='lat' dir='ltr'>ex</span> 
     </span>
    </p>
   </div>
   <div class='ocr_carea' id='block_1_23' title="bbox 377 2365 2041 2438">
    <p class='ocr_par' dir='ltr' id='par_1_23' title="bbox 377 2365 2041 2438">
     <span class='ocr_line' id='line_1_23' title="bbox 377 2365 2041 2438; baseline 0 -17"><span class='ocrx_word' id='word_1_123' title='bbox 377 2366 523 2422; x_wconf 92' lang='lat' dir='ltr'>urbe</span> <span class='ocrx_word' id='word_1_124' title='bbox 549 2365 1093 2422; x_wconf 65' lang='lat' dir='ltr'>AlexandriaeCum</span> <span class='ocrx_word' id='word_1_125' title='bbox 1119 2382 1252 2420; x_wconf 89' lang='lat' dir='ltr'>vero</span> <span class='ocrx_word' id='word_1_126' title='bbox 1277 2365 1536 2438; x_wconf 89' lang='lat' dir='ltr'>optionis</span> <span class='ocrx_word' id='word_1_127' title='bbox 1569 2381 1811 2420; x_wconf 90' lang='lat' dir='ltr'>munere</span> <span class='ocrx_word' id='word_1_128' title='bbox 1844 2365 1904 2419; x_wconf 92' lang='lat' dir='ltr'>in</span> <span class='ocrx_word' id='word_1_129' title='bbox 1932 2365 2041 2421; x_wconf 92' lang='lat' dir='ltr'>mi-</span> 
     </span>
    </p>
   </div>
   <div class='ocr_carea' id='block_1_24' title="bbox 377 2451 2040 2526">
    <p class='ocr_par' dir='ltr' id='par_1_24' title="bbox 377 2451 2040 2526">
     <span class='ocr_line' id='line_1_24' title="bbox 377 2451 2040 2526; baseline -0.001 -13"><span class='ocrx_word' id='word_1_130' title='bbox 377 2456 509 2513; x_wconf 91' lang='lat' dir='ltr'>litia</span> <span class='ocrx_word' id='word_1_131' title='bbox 540 2455 902 2524; x_wconf 67' lang='lat' dir='ltr'>fungeretur,</span> <span class='ocrx_word' id='word_1_132' title='bbox 938 2455 1000 2512; x_wconf 93' lang='lat' dir='ltr'>in</span> <span class='ocrx_word' id='word_1_133' title='bbox 1042 2455 1302 2511; x_wconf 84' lang='lat' dir='ltr'>insulam</span> <span class='ocrx_word' id='word_1_134' title='bbox 1333 2454 1543 2510; x_wconf 92' lang='lat' dir='ltr'>Chium</span> <span class='ocrx_word' id='word_1_135' title='bbox 1574 2451 1874 2526; x_wconf 80' lang='lat' dir='ltr'>prefectus</span> <span class='ocrx_word' id='word_1_136' title='bbox 1904 2472 2040 2512; x_wconf 89' lang='lat' dir='ltr'>cum</span> 
     </span>
    </p>
   </div>
   <div class='ocr_carea' id='block_1_25' title="bbox 382 2545 2039 2618">
    <p class='ocr_par' dir='ltr' id='par_1_25' title="bbox 382 2545 2039 2618">
     <span class='ocr_line' id='line_1_25' title="bbox 382 2545 2039 2618; baseline -0.001 -17"><span class='ocrx_word' id='word_1_137' title='bbox 382 2545 572 2602; x_wconf 87' lang='lat' dir='ltr'>classe</span> <span class='ocrx_word' id='word_1_138' title='bbox 619 2546 881 2612; x_wconf 89' lang='lat' dir='ltr'>navium,</span> <span class='ocrx_word' id='word_1_139' title='bbox 929 2546 1147 2618; x_wconf 90' lang='lat' dir='ltr'>quibus</span> <span class='ocrx_word' id='word_1_140' title='bbox 1197 2547 1508 2602; x_wconf 85' lang='lat' dir='ltr'>Numerius</span> <span class='ocrx_word' id='word_1_141' title='bbox 1557 2551 1829 2617; x_wconf 71' lang='lat' dir='ltr'>prmerat,</span> <span class='ocrx_word' id='word_1_142' title='bbox 1882 2545 2039 2617; x_wconf 90' lang='lat' dir='ltr'>apud</span> 
     </span>
    </p>
   </div>
   <div class='ocr_carea' id='block_1_26' title="bbox 381 2625 2032 2706">
    <p class='ocr_par' dir='ltr' id='par_1_26' title="bbox 381 2625 2032 2706">
     <span class='ocr_line' id='line_1_26' title="bbox 381 2625 2032 2706; baseline 0.001 -16"><span class='ocrx_word' id='word_1_143' title='bbox 381 2635 543 2692; x_wconf 87' lang='lat' dir='ltr'>hunc</span> <span class='ocrx_word' id='word_1_144' title='bbox 568 2653 602 2691; x_wconf 90' lang='lat' dir='ltr'>a</span> <span class='ocrx_word' id='word_1_145' title='bbox 626 2636 780 2690; x_wconf 82' lang='lat' dir='ltr'>Julio</span> <span class='ocrx_word' id='word_1_146' title='bbox 806 2625 1153 2691; x_wconf 86' lang='lat' dir='ltr'>centurione</span> <span class='ocrx_word' id='word_1_147' title='bbox 1180 2635 1410 2690; x_wconf 90' lang='lat' dir='ltr'>delatus</span> <span class='ocrx_word' id='word_1_148' title='bbox 1438 2641 1545 2697; x_wconf 83' lang='lat' dir='ltr'>est,</span> <span class='ocrx_word' id='word_1_149' title='bbox 1572 2634 1726 2706; x_wconf 92' lang='lat' dir='ltr'>quod</span> <span class='ocrx_word' id='word_1_150' title='bbox 1753 2635 2032 2692; x_wconf 89' lang='lat' dir='ltr'>Christia-</span> 
     </span>
    </p>
   </div>
   <div class='ocr_carea' id='block_1_27' title="bbox 380 2717 2036 2798">
    <p class='ocr_par' dir='ltr' id='par_1_27' title="bbox 380 2717 2036 2798">
     <span class='ocr_line' id='line_1_27' title="bbox 380 2717 2036 2798; baseline 0.001 -17"><span class='ocrx_word' id='word_1_151' title='bbox 380 2742 494 2782; x_wconf 89' lang='lat' dir='ltr'>nus</span> <span class='ocrx_word' id='word_1_152' title='bbox 527 2729 702 2781; x_wconf 90' lang='lat' dir='ltr'>esset.</span> <span class='ocrx_word' id='word_1_153' title='bbox 737 2727 1212 2797; x_wconf 82' lang='lat' dir='ltr'>Comprehensus</span> <span class='ocrx_word' id='word_1_154' title='bbox 1235 2717 1430 2798; x_wconf 78' lang='lat' dir='ltr'>igitur,</span> <span class='ocrx_word' id='word_1_155' title='bbox 1461 2731 1520 2780; x_wconf 90' lang='lat' dir='ltr'>et</span> <span class='ocrx_word' id='word_1_156' title='bbox 1549 2741 1747 2780; x_wconf 89' lang='lat' dir='ltr'>coram</span> <span class='ocrx_word' id='word_1_157' title='bbox 1781 2724 1907 2796; x_wconf 92' lang='lat' dir='ltr'>ipso</span> <span class='ocrx_word' id='word_1_158' title='bbox 1929 2726 2036 2782; x_wconf 88' lang='lat' dir='ltr'>ad-</span> 
     </span>
    </p>
   </div>
   <div class='ocr_carea' id='block_1_28' title="bbox 379 2814 2033 2888">
    <p class='ocr_par' dir='ltr' id='par_1_28' title="bbox 379 2814 2033 2888">
     <span class='ocr_line' id='line_1_28' title="bbox 379 2814 2033 2888; baseline 0 -18"><span class='ocrx_word' id='word_1_159' title='bbox 379 2814 611 2874; x_wconf 90' lang='lat' dir='ltr'>ductus.</span> <span class='ocrx_word' id='word_1_160' title='bbox 646 2822 823 2887; x_wconf 89' lang='lat' dir='ltr'>atque</span> <span class='ocrx_word' id='word_1_161' title='bbox 857 2816 1270 2888; x_wconf 77' lang='lat' dir='ltr'>interrogatus.</span> <span class='ocrx_word' id='word_1_162' title='bbox 1296 2832 1371 2870; x_wconf 89' lang='lat' dir='ltr'>an</span> <span class='ocrx_word' id='word_1_163' title='bbox 1398 2814 1694 2870; x_wconf 86' lang='lat' dir='ltr'>Christum</span> <span class='ocrx_word' id='word_1_164' title='bbox 1725 2815 2033 2886; x_wconf 81' lang='lat' dir='ltr'>profitere-</span> 
     </span>
    </p>
   </div>
   <div class='ocr_carea' id='block_1_29' title="bbox 376 2904 2030 2977">
    <p class='ocr_par' dir='ltr' id='par_1_29' title="bbox 376 2904 2030 2977">
     <span class='ocr_line' id='line_1_29' title="bbox 376 2904 2030 2977; baseline 0 -17"><span class='ocrx_word' id='word_1_165' title='bbox 376 2910 508 2960; x_wconf 90' lang='lat' dir='ltr'>tur:</span> <span class='ocrx_word' id='word_1_166' title='bbox 544 2905 854 2972; x_wconf 80' lang='lat' dir='ltr'>Protiteor,</span> <span class='ocrx_word' id='word_1_167' title='bbox 889 2906 1104 2977; x_wconf 88' lang='lat' dir='ltr'>inquit,</span> <span class='ocrx_word' id='word_1_168' title='bbox 1154 2905 1453 2959; x_wconf 87' lang='lat' dir='ltr'>Christum</span> <span class='ocrx_word' id='word_1_169' title='bbox 1489 2920 1617 2959; x_wconf 91' lang='lat' dir='ltr'>esse</span> <span class='ocrx_word' id='word_1_170' title='bbox 1650 2904 1801 2972; x_wconf 74' lang='lat' dir='ltr'>cmli,</span> <span class='ocrx_word' id='word_1_171' title='bbox 1836 2910 2030 2975; x_wconf 70' lang='lat' dir='ltr'>terrm,</span> 
     </span>
    </p>
   </div>
   <div class='ocr_carea' id='block_1_30' title="bbox 375 2993 2032 3066">
    <p class='ocr_par' dir='ltr' id='par_1_30' title="bbox 375 2993 2032 3066">
     <span class='ocr_line' id='line_1_30' title="bbox 375 2993 2032 3066; baseline -0.001 -17"><span class='ocrx_word' id='word_1_172' title='bbox 375 2995 675 3066; x_wconf 86' lang='lat' dir='ltr'>marisque</span> <span class='ocrx_word' id='word_1_173' title='bbox 709 2993 1010 3053; x_wconf 84' lang='lat' dir='ltr'>factorem.</span> <span class='ocrx_word' id='word_1_174' title='bbox 1039 2999 1096 3049; x_wconf 91' lang='lat' dir='ltr'>et</span> <span class='ocrx_word' id='word_1_175' title='bbox 1125 2994 1300 3050; x_wconf 90' lang='lat' dir='ltr'>credo</span> <span class='ocrx_word' id='word_1_176' title='bbox 1333 2993 1394 3048; x_wconf 91' lang='lat' dir='ltr'>in</span> <span class='ocrx_word' id='word_1_177' title='bbox 1428 2993 1623 3065; x_wconf 90' lang='lat' dir='ltr'>ipsum</span> <span class='ocrx_word' id='word_1_178' title='bbox 1657 2999 1938 3066; x_wconf 90' lang='lat' dir='ltr'>tanquam</span> <span class='ocrx_word' id='word_1_179' title='bbox 1971 2994 2032 3048; x_wconf 92' lang='lat' dir='ltr'>in</span> 
     </span>
    </p>
   </div>
   <div class='ocr_carea' id='block_1_31' title="bbox 372 3083 2032 3156">
    <p class='ocr_par' dir='ltr' id='par_1_31' title="bbox 372 3083 2032 3156">
     <span class='ocr_line' id='line_1_31' title="bbox 372 3083 2032 3156; baseline 0.001 -19"><span class='ocrx_word' id='word_1_180' title='bbox 372 3100 577 3140; x_wconf 86' lang='lat' dir='ltr'>verum</span> <span class='ocrx_word' id='word_1_181' title='bbox 608 3085 789 3140; x_wconf 91' lang='lat' dir='ltr'>Deum</span> <span class='ocrx_word' id='word_1_182' title='bbox 813 3100 879 3139; x_wconf 90' lang='lat' dir='ltr'>ac</span> <span class='ocrx_word' id='word_1_183' title='bbox 904 3084 1001 3139; x_wconf 90' lang='lat' dir='ltr'>Dei</span> <span class='ocrx_word' id='word_1_184' title='bbox 1031 3084 1267 3152; x_wconf 88' lang='lat' dir='ltr'>Filium,</span> <span class='ocrx_word' id='word_1_185' title='bbox 1287 3101 1392 3156; x_wconf 84' lang='lat' dir='ltr'>pro</span> <span class='ocrx_word' id='word_1_186' title='bbox 1414 3083 1726 3138; x_wconf 89' lang='lat' dir='ltr'>hominum</span> <span class='ocrx_word' id='word_1_187' title='bbox 1751 3083 1940 3138; x_wconf 90' lang='lat' dir='ltr'>salute</span> <span class='ocrx_word' id='word_1_188' title='bbox 1963 3101 2032 3139; x_wconf 84' lang='lat' dir='ltr'>ex</span> 
     </span>
    </p>
   </div>
   <div class='ocr_carea' id='block_1_32' title="bbox 373 3173 2032 3245">
    <p class='ocr_par' dir='ltr' id='par_1_32' title="bbox 373 3173 2032 3245">
     <span class='ocr_line' id='line_1_32' title="bbox 373 3173 2032 3245; baseline 0 -17"><span class='ocrx_word' id='word_1_189' title='bbox 373 3181 582 3230; x_wconf 89' lang='lat' dir='ltr'>sancta</span> <span class='ocrx_word' id='word_1_190' title='bbox 613 3173 846 3245; x_wconf 81' lang='lat' dir='ltr'>Virgine</span> <span class='ocrx_word' id='word_1_191' title='bbox 884 3174 1064 3229; x_wconf 89' lang='lat' dir='ltr'>Maria</span> <span class='ocrx_word' id='word_1_192' title='bbox 1092 3180 1320 3237; x_wconf 85' lang='lat' dir='ltr'>natum,</span> <span class='ocrx_word' id='word_1_193' title='bbox 1354 3173 1779 3244; x_wconf 88' lang='lat' dir='ltr'>hominemque</span> <span class='ocrx_word' id='word_1_194' title='bbox 1810 3173 2032 3228; x_wconf 83' lang='lat' dir='ltr'>factum</span> 
     </span>
    </p>
   </div>
   <div class='ocr_carea' id='block_1_33' title="bbox 373 3261 2031 3334">
    <p class='ocr_par' dir='ltr' id='par_1_33' title="bbox 373 3261 2031 3334">
     <span class='ocr_line' id='line_1_33' title="bbox 373 3261 2031 3334; baseline -0.002 -15"><span class='ocrx_word' id='word_1_195' title='bbox 373 3263 601 3319; x_wconf 74' lang='lat' dir='ltr'>semine</span> <span class='ocrx_word' id='word_1_196' title='bbox 659 3270 719 3318; x_wconf 91' lang='lat' dir='ltr'>et</span> <span class='ocrx_word' id='word_1_197' title='bbox 777 3263 905 3318; x_wconf 88' lang='lat' dir='ltr'>sine</span> <span class='ocrx_word' id='word_1_198' title='bbox 980 3263 1376 3334; x_wconf 90' lang='lat' dir='ltr'>corruptione.</span> <span class='ocrx_word' id='word_1_199' title='bbox 1459 3262 1684 3327; x_wconf 89' lang='lat' dir='ltr'>Quibus</span> <span class='ocrx_word' id='word_1_200' title='bbox 1742 3261 2031 3317; x_wconf 86' lang='lat' dir='ltr'>doctrinis</span> 
     </span>
    </p>
   </div>
   <div class='ocr_carea' id='block_1_34' title="bbox 368 3351 2028 3425">
    <p class='ocr_par' dir='ltr' id='par_1_34' title="bbox 368 3351 2028 3425">
     <span class='ocr_line' id='line_1_34' title="bbox 368 3351 2028 3425; baseline -0.002 -16"><span class='ocrx_word' id='word_1_201' title='bbox 368 3369 435 3409; x_wconf 88' lang='lat' dir='ltr'>ac</span> <span class='ocrx_word' id='word_1_202' title='bbox 467 3353 846 3410; x_wconf 90' lang='lat' dir='ltr'>sermonibus</span> <span class='ocrx_word' id='word_1_203' title='bbox 877 3352 1049 3408; x_wconf 91' lang='lat' dir='ltr'>illum</span> <span class='ocrx_word' id='word_1_204' title='bbox 1089 3351 1589 3425; x_wconf 81' lang='lat' dir='ltr'>obstupefaciens,</span> <span class='ocrx_word' id='word_1_205' title='bbox 1623 3351 1876 3408; x_wconf 88' lang='lat' dir='ltr'>diversis</span> <span class='ocrx_word' id='word_1_206' title='bbox 1909 3353 2028 3424; x_wconf 88' lang='lat' dir='ltr'>pri-</span> 
     </span>
    </p>
   </div>
   <div class='ocr_carea' id='block_1_35' title="bbox 364 3442 2032 3498">
    <p class='ocr_par' dir='ltr' id='par_1_35' title="bbox 364 3442 2032 3498">
     <span class='ocr_line' id='line_1_35' title="bbox 364 3442 2032 3498; baseline 0.001 -1"><span class='ocrx_word' id='word_1_207' title='bbox 364 3458 530 3498; x_wconf 91' lang='lat' dir='ltr'>mum</span> <span class='ocrx_word' id='word_1_208' title='bbox 565 3443 876 3498; x_wconf 85' lang='lat' dir='ltr'>tormentis</span> <span class='ocrx_word' id='word_1_209' title='bbox 897 3443 1267 3498; x_wconf 86' lang='lat' dir='ltr'>excruciatus</span> <span class='ocrx_word' id='word_1_210' title='bbox 1299 3442 1427 3497; x_wconf 88' lang='lat' dir='ltr'>fuit.</span> <span class='ocrx_word' id='word_1_211' title='bbox 1463 3443 1608 3497; x_wconf 90' lang='lat' dir='ltr'>Cum</span> <span class='ocrx_word' id='word_1_212' title='bbox 1641 3458 1776 3497; x_wconf 88' lang='lat' dir='ltr'>vero</span> <span class='ocrx_word' id='word_1_213' title='bbox 1813 3443 2032 3498; x_wconf 90' lang='lat' dir='ltr'>immu-</span> 
     </span>
    </p>
   </div>
   <div class='ocr_carea' id='block_1_36' title="bbox 364 3531 2032 3606">
    <p class='ocr_par' dir='ltr' id='par_1_36' title="bbox 364 3531 2032 3606">
     <span class='ocr_line' id='line_1_36' title="bbox 364 3531 2032 3606; baseline 0.002 -20"><span class='ocrx_word' id='word_1_214' title='bbox 364 3531 606 3586; x_wconf 88' lang='lat' dir='ltr'>tabilem</span> <span class='ocrx_word' id='word_1_215' title='bbox 626 3533 894 3588; x_wconf 91' lang='lat' dir='ltr'>animum</span> <span class='ocrx_word' id='word_1_216' title='bbox 916 3549 1055 3606; x_wconf 87' lang='lat' dir='ltr'>erga</span> <span class='ocrx_word' id='word_1_217' title='bbox 1074 3533 1370 3587; x_wconf 88' lang='lat' dir='ltr'>Christum</span> <span class='ocrx_word' id='word_1_218' title='bbox 1391 3538 1708 3605; x_wconf 87' lang='lat' dir='ltr'>gereret,et</span> <span class='ocrx_word' id='word_1_219' title='bbox 1738 3532 2032 3604; x_wconf 84' lang='lat' dir='ltr'>supplicia</span> 
     </span>
    </p>
   </div>
   <div class='ocr_carea' id='block_1_37' title="bbox 361 3621 2026 3694">
    <p class='ocr_par' dir='ltr' id='par_1_37' title="bbox 361 3621 2026 3694">
     <span class='ocr_line' id='line_1_37' title="bbox 361 3621 2026 3694; baseline 0.001 -19"><span class='ocrx_word' id='word_1_220' title='bbox 361 3637 646 3693; x_wconf 79' lang='lat' dir='ltr'>generose</span> <span class='ocrx_word' id='word_1_221' title='bbox 681 3621 988 3692; x_wconf 78' lang='lat' dir='ltr'>perferret,</span> <span class='ocrx_word' id='word_1_222' title='bbox 1009 3621 1202 3694; x_wconf 89' lang='lat' dir='ltr'>capite</span> <span class='ocrx_word' id='word_1_223' title='bbox 1226 3621 1468 3677; x_wconf 89' lang='lat' dir='ltr'>demum</span> <span class='ocrx_word' id='word_1_224' title='bbox 1497 3621 1727 3694; x_wconf 84' lang='lat' dir='ltr'>plexus,</span> <span class='ocrx_word' id='word_1_225' title='bbox 1753 3622 2026 3694; x_wconf 77' lang='lat' dir='ltr'>martyrii</span> 
     </span>
    </p>
   </div>
   <div class='ocr_carea' id='block_1_38' title="bbox 363 3709 934 3784">
    <p class='ocr_par' dir='ltr' id='par_1_38' title="bbox 363 3709 934 3784">
     <span class='ocr_line' id='line_1_38' title="bbox 363 3709 934 3784; baseline -0.009 -16"><span class='ocrx_word' id='word_1_226' title='bbox 363 3725 646 3776; x_wconf 72' lang='lat' dir='ltr'>coronam</span> <span class='ocrx_word' id='word_1_227' title='bbox 680 3709 934 3784; x_wconf 88' lang='lat' dir='ltr'>accepit.</span> 
     </span>
    </p>
   </div>
   <div class='ocr_carea' id='block_1_39' title="bbox 606 4055 1772 4126">
    <p class='ocr_par' dir='ltr' id='par_1_39' title="bbox 606 4055 1772 4126">
     <span class='ocr_line' id='line_1_39' title="bbox 606 4055 1772 4126; baseline -0.006 -9"><span class='ocrx_word' id='word_1_228' title='bbox 606 4062 682 4118; x_wconf 81' lang='lat' dir='ltr'>Et</span> <span class='ocrx_word' id='word_1_229' title='bbox 710 4064 984 4117; x_wconf 80' lang='lat' dir='ltr'>certamen</span> <span class='ocrx_word' id='word_1_230' title='bbox 1011 4057 1193 4114; x_wconf 81' lang='lat' dir='ltr'>sancti</span> <span class='ocrx_word' id='word_1_231' title='bbox 1217 4056 1452 4112; x_wconf 71' lang='lat' dir='ltr'>Maximi</span> <span class='ocrx_word' id='word_1_232' title='bbox 1489 4055 1772 4126; x_wconf 79' lang='lat' dir='ltr'>martyris.</span> 
     </span>
    </p>
   </div>
   <div class='ocr_carea' id='block_1_40' title="bbox 433 4171 2021 4247">
    <p class='ocr_par' dir='ltr' id='par_1_40' title="bbox 433 4171 2021 4247">
     <span class='ocr_line' id='line_1_40' title="bbox 433 4171 2021 4247; baseline -0.003 -13"><span class='ocrx_word' id='word_1_233' title='bbox 433 4179 721 4236; x_wconf 81' lang='lat' dir='ltr'>Maximus</span> <span class='ocrx_word' id='word_1_234' title='bbox 752 4176 969 4233; x_wconf 88' lang='lat' dir='ltr'>Christi</span> <span class='ocrx_word' id='word_1_235' title='bbox 1003 4179 1247 4247; x_wconf 85' lang='lat' dir='ltr'>martyr,</span> <span class='ocrx_word' id='word_1_236' title='bbox 1281 4173 1478 4229; x_wconf 89' lang='lat' dir='ltr'>divino</span> <span class='ocrx_word' id='word_1_237' title='bbox 1525 4173 1646 4228; x_wconf 89' lang='lat' dir='ltr'>zelo</span> <span class='ocrx_word' id='word_1_238' title='bbox 1677 4171 2021 4230; x_wconf 84' lang='lat' dir='ltr'>inﬂamma—</span> 
     </span>
    </p>
   </div>
   <div class='ocr_carea' id='block_1_41' title="bbox 358 4263 2026 4339">
    <p class='ocr_par' dir='ltr' id='par_1_41' title="bbox 358 4263 2026 4339">
     <span class='ocr_line' id='line_1_41' title="bbox 358 4263 2026 4339; baseline -0.004 -14"><span class='ocrx_word' id='word_1_239' title='bbox 358 4275 477 4339; x_wconf 85' lang='lat' dir='ltr'>tus,</span> <span class='ocrx_word' id='word_1_240' title='bbox 509 4287 645 4326; x_wconf 91' lang='lat' dir='ltr'>cum</span> <span class='ocrx_word' id='word_1_241' title='bbox 677 4268 896 4323; x_wconf 85' lang='lat' dir='ltr'>videret</span> <span class='ocrx_word' id='word_1_242' title='bbox 943 4265 1287 4322; x_wconf 89' lang='lat' dir='ltr'>idololatras</span> <span class='ocrx_word' id='word_1_243' title='bbox 1337 4281 1456 4319; x_wconf 90' lang='lat' dir='ltr'>non</span> <span class='ocrx_word' id='word_1_244' title='bbox 1491 4263 1664 4318; x_wconf 91' lang='lat' dir='ltr'>modo</span> <span class='ocrx_word' id='word_1_245' title='bbox 1696 4263 1872 4318; x_wconf 88' lang='lat' dir='ltr'>idolis</span> <span class='ocrx_word' id='word_1_246' title='bbox 1904 4263 2026 4318; x_wconf 91' lang='lat' dir='ltr'>sei-</span> 
     </span>
    </p>
   </div>
   <div class='ocr_carea' id='block_1_42' title="bbox 359 4351 2026 4435">
    <p class='ocr_par' dir='ltr' id='par_1_42' title="bbox 359 4351 2026 4435">
     <span class='ocr_line' id='line_1_42' title="bbox 359 4351 2026 4435; baseline -0.004 -22"><span class='ocrx_word' id='word_1_247' title='bbox 359 4377 499 4435; x_wconf 91' lang='lat' dir='ltr'>psos</span> <span class='ocrx_word' id='word_1_248' title='bbox 530 4359 897 4424; x_wconf 88' lang='lat' dir='ltr'>addicentes,</span> <span class='ocrx_word' id='word_1_249' title='bbox 933 4355 1034 4411; x_wconf 92' lang='lat' dir='ltr'>sed</span> <span class='ocrx_word' id='word_1_250' title='bbox 1063 4355 1240 4410; x_wconf 90' lang='lat' dir='ltr'>etiam</span> <span class='ocrx_word' id='word_1_251' title='bbox 1273 4353 1422 4408; x_wconf 90' lang='lat' dir='ltr'>alios</span> <span class='ocrx_word' id='word_1_252' title='bbox 1459 4353 1519 4409; x_wconf 92' lang='lat' dir='ltr'>in</span> <span class='ocrx_word' id='word_1_253' title='bbox 1553 4368 1814 4407; x_wconf 89' lang='lat' dir='ltr'>errorem</span> <span class='ocrx_word' id='word_1_254' title='bbox 1849 4351 2026 4407; x_wconf 88' lang='lat' dir='ltr'>indu-</span> 
     </span>
    </p>
   </div>
   <div class='ocr_carea' id='block_1_43' title="bbox 359 4442 2024 4520">
    <p class='ocr_par' dir='ltr' id='par_1_43' title="bbox 359 4442 2024 4520">
     <span class='ocr_line' id='line_1_43' title="bbox 359 4442 2024 4520; baseline -0.005 -14"><span class='ocrx_word' id='word_1_255' title='bbox 359 4457 583 4515; x_wconf 90' lang='lat' dir='ltr'>centes,</span> <span class='ocrx_word' id='word_1_256' title='bbox 617 4448 1168 4520; x_wconf 85' lang='lat' dir='ltr'>compellentesque</span> <span class='ocrx_word' id='word_1_257' title='bbox 1220 4444 1326 4498; x_wconf 91' lang='lat' dir='ltr'>illa</span> <span class='ocrx_word' id='word_1_258' title='bbox 1369 4443 1639 4510; x_wconf 83' lang='lat' dir='ltr'>adorare,</span> <span class='ocrx_word' id='word_1_259' title='bbox 1673 4458 1740 4497; x_wconf 91' lang='lat' dir='ltr'>ac</span> <span class='ocrx_word' id='word_1_260' title='bbox 1773 4459 1878 4514; x_wconf 92' lang='lat' dir='ltr'>pro</span> <span class='ocrx_word' id='word_1_261' title='bbox 1911 4442 2024 4498; x_wconf 88' lang='lat' dir='ltr'>diis</span> 
     </span>
    </p>
   </div>
   <div class='ocr_carea' id='block_1_44' title="bbox 355 4532 2022 4611">
    <p class='ocr_par' dir='ltr' id='par_1_44' title="bbox 355 4532 2022 4611">
     <span class='ocr_line' id='line_1_44' title="bbox 355 4532 2022 4611; baseline -0.005 -16"><span class='ocrx_word' id='word_1_262' title='bbox 355 4539 577 4597; x_wconf 89' lang='lat' dir='ltr'>habere</span> <span class='ocrx_word' id='word_1_263' title='bbox 603 4557 616 4606; x_wconf 88' lang='lat'>;</span> <span class='ocrx_word' id='word_1_264' title='bbox 651 4540 1050 4611; x_wconf 74' lang='lat' dir='ltr'>ingemiscens</span> <span class='ocrx_word' id='word_1_265' title='bbox 1073 4543 1132 4590; x_wconf 92' lang='lat' dir='ltr'>et</span> <span class='ocrx_word' id='word_1_266' title='bbox 1155 4534 1560 4600; x_wconf 87' lang='lat' dir='ltr'>contristatus,</span> <span class='ocrx_word' id='word_1_267' title='bbox 1590 4534 1774 4588; x_wconf 90' lang='lat' dir='ltr'>Deum</span> <span class='ocrx_word' id='word_1_268' title='bbox 1797 4532 2022 4600; x_wconf 89' lang='lat' dir='ltr'>orabat,</span> 
     </span>
    </p>
   </div>
   <div class='ocr_carea' id='block_1_45' title="bbox 356 4621 2020 4698">
    <p class='ocr_par' dir='ltr' id='par_1_45' title="bbox 356 4621 2020 4698">
     <span class='ocr_line' id='line_1_45' title="bbox 356 4621 2020 4698; baseline -0.004 -16"><span class='ocrx_word' id='word_1_269' title='bbox 356 4635 422 4682; x_wconf 89' lang='lat' dir='ltr'>ut</span> <span class='ocrx_word' id='word_1_270' title='bbox 445 4627 920 4698; x_wconf 87' lang='lat' dir='ltr'>persecutionem</span> <span class='ocrx_word' id='word_1_271' title='bbox 946 4628 1379 4696; x_wconf 88' lang='lat' dir='ltr'>compeseeret:</span> <span class='ocrx_word' id='word_1_272' title='bbox 1398 4622 1697 4692; x_wconf 91' lang='lat' dir='ltr'>simulque</span> <span class='ocrx_word' id='word_1_273' title='bbox 1721 4621 2020 4677; x_wconf 90' lang='lat' dir='ltr'>Christum</span> 
     </span>
    </p>
   </div>
   <div class='ocr_carea' id='block_1_46' title="bbox 2180 654 3844 733">
    <p class='ocr_par' dir='ltr' id='par_1_46' title="bbox 2180 654 3844 733">
     <span class='ocr_line' id='line_1_46' title="bbox 2180 654 3844 733; baseline 0.007 -28"><span class='ocrx_word' id='word_1_274' title='bbox 2180 657 2470 714; x_wconf 73' lang='grc' dir='ltr'>νοσοῦντας</span> <span class='ocrx_word' id='word_1_275' title='bbox 2549 654 2890 729; x_wconf 68' lang='grc' dir='ltr'>ἀναργόρως.</span> <span class='ocrx_word' id='word_1_276' title='bbox 2972 655 3104 712; x_wconf 80' lang='grc' dir='ltr'>Εἶτα</span> <span class='ocrx_word' id='word_1_277' title='bbox 3167 659 3401 728; x_wconf 80' lang='grc' dir='ltr'>μισήσας</span> <span class='ocrx_word' id='word_1_278' title='bbox 3459 661 3552 714; x_wconf 87' lang='grc' dir='ltr'>τὸν</span> <span class='ocrx_word' id='word_1_279' title='bbox 3609 659 3844 733; x_wconf 78' lang='grc' dir='ltr'>κόσμον,</span> 
     </span>
    </p>
   </div>
   <div class='ocr_carea' id='block_1_47' title="bbox 2178 743 3842 824">
    <p class='ocr_par' dir='ltr' id='par_1_47' title="bbox 2178 743 3842 824">
     <span class='ocr_line' id='line_1_47' title="bbox 2178 743 3842 824; baseline 0.006 -29"><span class='ocrx_word' id='word_1_280' title='bbox 2178 743 2266 796; x_wconf 83' lang='grc' dir='ltr'>καὶ</span> <span class='ocrx_word' id='word_1_281' title='bbox 2311 743 2403 796; x_wconf 88' lang='grc' dir='ltr'>τὸν</span> <span class='ocrx_word' id='word_1_282' title='bbox 2464 745 2690 817; x_wconf 86' lang='grc' dir='ltr'>Χριστὸν</span> <span class='ocrx_word' id='word_1_283' title='bbox 2748 745 3054 820; x_wconf 83' lang='grc' dir='ltr'>ἀγαπήσας,</span> <span class='ocrx_word' id='word_1_284' title='bbox 3112 747 3362 802; x_wconf 75' lang='grc' dir='ltr'>ἀπελθὼν</span> <span class='ocrx_word' id='word_1_285' title='bbox 3399 747 3448 801; x_wconf 82' lang='grc' dir='ltr'>ἐν</span> <span class='ocrx_word' id='word_1_286' title='bbox 3485 752 3842 824; x_wconf 77' lang='grc' dir='ltr'>μοναστηρίῳ</span> 
     </span>
    </p>
   </div>
   <div class='ocr_carea' id='block_1_48' title="bbox 2175 833 3845 914">
    <p class='ocr_par' dir='ltr' id='par_1_48' title="bbox 2175 833 3845 914">
     <span class='ocr_line' id='line_1_48' title="bbox 2175 833 3845 914; baseline 0.005 -27"><span class='ocrx_word' id='word_1_287' title='bbox 2175 853 2300 898; x_wconf 87' lang='grc' dir='ltr'>τινι,</span> <span class='ocrx_word' id='word_1_288' title='bbox 2335 833 2542 908; x_wconf 76' lang='grc' dir='ltr'>ἐγενετο</span> <span class='ocrx_word' id='word_1_289' title='bbox 2599 836 2865 911; x_wconf 86' lang='grc' dir='ltr'>μοναχός·</span> <span class='ocrx_word' id='word_1_290' title='bbox 2928 836 3019 890; x_wconf 86' lang='grc' dir='ltr'>καὶ</span> <span class='ocrx_word' id='word_1_291' title='bbox 3075 841 3334 892; x_wconf 71' lang='grc' dir='ltr'>τοσοῦτον</span> <span class='ocrx_word' id='word_1_292' title='bbox 3392 839 3701 914; x_wconf 76' lang='grc' dir='ltr'>ἠγωνισατο</span> <span class='ocrx_word' id='word_1_293' title='bbox 3763 840 3845 905; x_wconf 79' lang='grc' dir='ltr'>εἷς</span> 
     </span>
    </p>
   </div>
   <div class='ocr_carea' id='block_1_49' title="bbox 2175 922 3838 1005">
    <p class='ocr_par' dir='ltr' id='par_1_49' title="bbox 2175 922 3838 1005">
     <span class='ocr_line' id='line_1_49' title="bbox 2175 922 3838 1005; baseline 0.005 -29"><span class='ocrx_word' id='word_1_294' title='bbox 2175 922 2396 992; x_wconf 71' lang='grc' dir='ltr'>ἀρετὴν,</span> <span class='ocrx_word' id='word_1_295' title='bbox 2455 925 2753 996; x_wconf 73' lang='grc' dir='ltr'>νηστεόων,</span> <span class='ocrx_word' id='word_1_296' title='bbox 2815 924 3130 1001; x_wconf 79' lang='grc' dir='ltr'>ἀγρυπνῶν,</span> <span class='ocrx_word' id='word_1_297' title='bbox 3189 927 3280 981; x_wconf 84' lang='grc' dir='ltr'>καὶ</span> <span class='ocrx_word' id='word_1_298' title='bbox 3365 931 3838 1005; x_wconf 75' lang='grc' dir='ltr'>προσευχόμενος,</span> 
     </span>
    </p>
   </div>
   <div class='ocr_carea' id='block_1_50' title="bbox 2176 1011 3838 1096">
    <p class='ocr_par' dir='ltr' id='par_1_50' title="bbox 2176 1011 3838 1096">
     <span class='ocr_line' id='line_1_50' title="bbox 2176 1011 3838 1096; baseline 0.005 -29"><span class='ocrx_word' id='word_1_299' title='bbox 2176 1011 2249 1074; x_wconf 86' lang='grc' dir='ltr'>ὡς</span> <span class='ocrx_word' id='word_1_300' title='bbox 2280 1014 2367 1067; x_wconf 86' lang='grc' dir='ltr'>καὶ</span> <span class='ocrx_word' id='word_1_301' title='bbox 2415 1013 2774 1088; x_wconf 69' lang='grc' dir='ltr'>χαρισμάτων</span> <span class='ocrx_word' id='word_1_302' title='bbox 2837 1014 3090 1090; x_wconf 77' lang='grc' dir='ltr'>μεγάλων</span> <span class='ocrx_word' id='word_1_303' title='bbox 3153 1017 3477 1090; x_wconf 77' lang='grc' dir='ltr'>ἀξιωθῆναι.</span> <span class='ocrx_word' id='word_1_304' title='bbox 3538 1022 3724 1096; x_wconf 73' lang='grc' dir='ltr'>Τροφὴ</span> <span class='ocrx_word' id='word_1_305' title='bbox 3777 1018 3838 1075; x_wconf 73' lang='grc' dir='ltr'>δὲ</span> 
     </span>
    </p>
   </div>
   <div class='ocr_carea' id='block_1_51' title="bbox 2173 1099 3838 1182">
    <p class='ocr_par' dir='ltr' id='par_1_51' title="bbox 2173 1099 3838 1182">
     <span class='ocr_line' id='line_1_51' title="bbox 2173 1099 3838 1182; baseline 0.007 -29"><span class='ocrx_word' id='word_1_306' title='bbox 2173 1103 2237 1169; x_wconf 71' lang='grc' dir='ltr'>ἦν</span> <span class='ocrx_word' id='word_1_307' title='bbox 2270 1101 2423 1174; x_wconf 77' lang='grc' dir='ltr'>αὖτῷ</span> <span class='ocrx_word' id='word_1_308' title='bbox 2455 1099 2614 1176; x_wconf 71' lang='grc' dir='ltr'>ἄρτος</span> <span class='ocrx_word' id='word_1_309' title='bbox 2647 1103 2815 1176; x_wconf 86' lang='grc' dir='ltr'>μόνος</span> <span class='ocrx_word' id='word_1_310' title='bbox 2863 1104 3081 1180; x_wconf 86' lang='grc' dir='ltr'>ὀλίγος,</span> <span class='ocrx_word' id='word_1_311' title='bbox 3121 1106 3212 1160; x_wconf 86' lang='grc' dir='ltr'>καὶ</span> <span class='ocrx_word' id='word_1_312' title='bbox 3264 1105 3410 1178; x_wconf 81' lang='grc' dir='ltr'>ὕδωρ</span> <span class='ocrx_word' id='word_1_313' title='bbox 3457 1109 3689 1182; x_wconf 84' lang='grc' dir='ltr'>ὁμοίως·</span> <span class='ocrx_word' id='word_1_314' title='bbox 3743 1107 3838 1165; x_wconf 71' lang='grc' dir='ltr'>διὰ</span> 
     </span>
    </p>
   </div>
   <div class='ocr_carea' id='block_1_52' title="bbox 2173 1186 3832 1274">
    <p class='ocr_par' dir='ltr' id='par_1_52' title="bbox 2173 1186 3832 1274">
     <span class='ocr_line' id='line_1_52' title="bbox 2173 1186 3832 1274; baseline 0.006 -30"><span class='ocrx_word' id='word_1_315' title='bbox 2173 1186 2230 1244; x_wconf 78' lang='grc' dir='ltr'>δὲ</span> <span class='ocrx_word' id='word_1_316' title='bbox 2281 1191 2380 1259; x_wconf 78' lang='grc' dir='ltr'>τὴν</span> <span class='ocrx_word' id='word_1_317' title='bbox 2437 1191 2635 1265; x_wconf 75' lang='grc' dir='ltr'>ἀρετήν</span> <span class='ocrx_word' id='word_1_318' title='bbox 2702 1193 2870 1249; x_wconf 80' lang='grc' dir='ltr'>αὐτοῦ</span> <span class='ocrx_word' id='word_1_319' title='bbox 2931 1195 3032 1250; x_wconf 83' lang='grc' dir='ltr'>ὑπᾶ</span> <span class='ocrx_word' id='word_1_320' title='bbox 3118 1201 3396 1267; x_wconf 85' lang='grc' dir='ltr'>Κυριακοῦ</span> <span class='ocrx_word' id='word_1_321' title='bbox 3483 1198 3832 1274; x_wconf 75' lang='grc' dir='ltr'>πατριάρχου</span> 
     </span>
    </p>
   </div>
   <div class='ocr_carea' id='block_1_53' title="bbox 2172 1281 3831 1362">
    <p class='ocr_par' dir='ltr' id='par_1_53' title="bbox 2172 1281 3831 1362">
     <span class='ocr_line' id='line_1_53' title="bbox 2172 1281 3831 1362; baseline 0.007 -30"><span class='ocrx_word' id='word_1_322' title='bbox 2172 1281 2822 1352; x_wconf 85' lang='grc' dir='ltr'>Κωνσταντινουπόλεως,</span> <span class='ocrx_word' id='word_1_323' title='bbox 2878 1284 2965 1338; x_wconf 83' lang='grc' dir='ltr'>καὶ</span> <span class='ocrx_word' id='word_1_324' title='bbox 3032 1285 3109 1357; x_wconf 82' lang='grc' dir='ltr'><strong>μή</strong></span> <span class='ocrx_word' id='word_1_325' title='bbox 3173 1284 3533 1360; x_wconf 84' lang='grc' dir='ltr'>βουλόμενος,</span> <span class='ocrx_word' id='word_1_326' title='bbox 3613 1287 3831 1362; x_wconf 73' lang='grc' dir='ltr'>ἐγειρο-</span> 
     </span>
    </p>
   </div>
   <div class='ocr_carea' id='block_1_54' title="bbox 2168 1369 3831 1452">
    <p class='ocr_par' dir='ltr' id='par_1_54' title="bbox 2168 1369 3831 1452">
     <span class='ocr_line' id='line_1_54' title="bbox 2168 1369 3831 1452; baseline 0.006 -30"><span class='ocrx_word' id='word_1_327' title='bbox 2168 1371 2376 1440; x_wconf 84' lang='grc' dir='ltr'>τονήθη</span> <span class='ocrx_word' id='word_1_328' title='bbox 2466 1369 2723 1427; x_wconf 84' lang='grc' dir='ltr'>Συνάδων</span> <span class='ocrx_word' id='word_1_329' title='bbox 2805 1372 3104 1436; x_wconf 82' lang='grc' dir='ltr'>ἐπίσκοπος</span> <span class='ocrx_word' id='word_1_330' title='bbox 3190 1374 3276 1428; x_wconf 83' lang='grc' dir='ltr'>ἐπὶ</span> <span class='ocrx_word' id='word_1_331' title='bbox 3363 1382 3464 1444; x_wconf 76' lang='grc' dir='ltr'>τῆς</span> <span class='ocrx_word' id='word_1_332' title='bbox 3549 1377 3831 1452; x_wconf 91' lang='grc' dir='ltr'>βασιλείας</span> 
     </span>
    </p>
   </div>
   <div class='ocr_carea' id='block_1_55' title="bbox 2170 1459 3833 1538">
    <p class='ocr_par' dir='ltr' id='par_1_55' title="bbox 2170 1459 3833 1538">
     <span class='ocr_line' id='line_1_55' title="bbox 2170 1459 3833 1538; baseline 0.006 -26"><span class='ocrx_word' id='word_1_333' title='bbox 2170 1459 2494 1528; x_wconf 76' lang='grc' dir='ltr'>Μαυρικίου,</span> <span class='ocrx_word' id='word_1_334' title='bbox 2553 1461 2613 1516; x_wconf 78' lang='grc' dir='ltr'>ὅν</span> <span class='ocrx_word' id='word_1_335' title='bbox 2681 1461 2773 1516; x_wconf 85' lang='grc' dir='ltr'>καὶ</span> <span class='ocrx_word' id='word_1_336' title='bbox 2840 1462 3185 1538; x_wconf 73' lang='grc' dir='ltr'>ἐθεράπευσεν</span> <span class='ocrx_word' id='word_1_337' title='bbox 3264 1463 3370 1519; x_wconf 81' lang='grc' dir='ltr'>ἀπὸ</span> <span class='ocrx_word' id='word_1_338' title='bbox 3452 1463 3833 1538; x_wconf 73' lang='grc' dir='ltr'>σφοδροτάτου</span> 
     </span>
    </p>
   </div>
   <div class='ocr_carea' id='block_1_56' title="bbox 2168 1551 3832 1626">
    <p class='ocr_par' dir='ltr' id='par_1_56' title="bbox 2168 1551 3832 1626">
     <span class='ocr_line' id='line_1_56' title="bbox 2168 1551 3832 1626; baseline 0.006 -26"><span class='ocrx_word' id='word_1_339' title='bbox 2168 1551 2668 1622; x_wconf 70' lang='grc' dir='ltr'>νοσήματος-,Εἶτα</span> <span class='ocrx_word' id='word_1_340' title='bbox 2704 1552 2892 1614; x_wconf 80' lang='grc' dir='ltr'>καλῶς</span> <span class='ocrx_word' id='word_1_341' title='bbox 2948 1554 3009 1609; x_wconf 83' lang='grc' dir='ltr'>τὸ</span> <span class='ocrx_word' id='word_1_342' title='bbox 3072 1553 3326 1625; x_wconf 78' lang='grc' dir='ltr'>ποίμνιον</span> <span class='ocrx_word' id='word_1_343' title='bbox 3387 1555 3554 1609; x_wconf 76' lang='grc' dir='ltr'>αὐτοῦ</span> <span class='ocrx_word' id='word_1_344' title='bbox 3608 1555 3832 1626; x_wconf 70' lang='grc' dir='ltr'>ἱθῦνων,</span> 
     </span>
    </p>
   </div>
   <div class='ocr_carea' id='block_1_57' title="bbox 2165 1634 3833 1716">
    <p class='ocr_par' dir='ltr' id='par_1_57' title="bbox 2165 1634 3833 1716">
     <span class='ocr_line' id='line_1_57' title="bbox 2165 1634 3833 1716; baseline 0.005 -24"><span class='ocrx_word' id='word_1_345' title='bbox 2165 1634 2324 1707; x_wconf 79' lang='grc' dir='ltr'>ἔζησε</span> <span class='ocrx_word' id='word_1_346' title='bbox 2357 1639 2524 1715; x_wconf 66' lang='grc' dir='ltr'>μέχρι</span> <span class='ocrx_word' id='word_1_347' title='bbox 2580 1648 2681 1710; x_wconf 77' lang='grc' dir='ltr'>τῆς</span> <span class='ocrx_word' id='word_1_348' title='bbox 2736 1641 3019 1716; x_wconf 78' lang='grc' dir='ltr'>βασιλείας</span> <span class='ocrx_word' id='word_1_349' title='bbox 3078 1647 3176 1697; x_wconf 78' lang='grc' dir='ltr'>τοῦ</span> <span class='ocrx_word' id='word_1_350' title='bbox 3245 1638 3540 1708; x_wconf 77' lang='grc' dir='ltr'>δυσσεϐοῦς</span> <span class='ocrx_word' id='word_1_351' title='bbox 3597 1646 3833 1708; x_wconf 70' lang='grc' dir='ltr'>Λέοντος</span> 
     </span>
    </p>
   </div>
   <div class='ocr_carea' id='block_1_58' title="bbox 2161 1728 3829 1812">
    <p class='ocr_par' dir='ltr' id='par_1_58' title="bbox 2161 1728 3829 1812">
     <span class='ocr_line' id='line_1_58' title="bbox 2161 1728 3829 1812; baseline 0.007 -32"><span class='ocrx_word' id='word_1_352' title='bbox 2161 1731 2258 1781; x_wconf 78' lang='grc' dir='ltr'>τοῦ</span> <span class='ocrx_word' id='word_1_353' title='bbox 2291 1728 2696 1807; x_wconf 78' lang='grc' dir='ltr'>Εἱκονομαχου·</span> <span class='ocrx_word' id='word_1_354' title='bbox 2731 1732 2820 1786; x_wconf 82' lang='grc' dir='ltr'>καὶ</span> <span class='ocrx_word' id='word_1_355' title='bbox 2854 1732 2906 1787; x_wconf 77' lang='grc' dir='ltr'>ἐν</span> <span class='ocrx_word' id='word_1_356' title='bbox 2941 1732 3099 1808; x_wconf 88' lang='grc' dir='ltr'>βαθεῖ</span> <span class='ocrx_word' id='word_1_357' title='bbox 3121 1735 3266 1808; x_wconf 81' lang='grc' dir='ltr'>γήρᾳ</span> <span class='ocrx_word' id='word_1_358' title='bbox 3309 1733 3631 1808; x_wconf 87' lang='grc' dir='ltr'>γενόμενος,</span> <span class='ocrx_word' id='word_1_359' title='bbox 3686 1737 3829 1812; x_wconf 82' lang='grc' dir='ltr'>πρὸς</span> 
     </span>
    </p>
   </div>
   <div class='ocr_carea' id='block_1_59' title="bbox 2163 1818 2746 1900">
    <p class='ocr_par' dir='ltr' id='par_1_59' title="bbox 2163 1818 2746 1900">
     <span class='ocr_line' id='line_1_59' title="bbox 2163 1818 2746 1900; baseline 0.012 -28"><span class='ocrx_word' id='word_1_360' title='bbox 2163 1818 2360 1900; x_wconf 72' lang='grc' dir='ltr'>Κύριον</span> <span class='ocrx_word' id='word_1_361' title='bbox 2393 1819 2544 1894; x_wconf 79' lang='grc' dir='ltr'>ἐξεδή</span> <span class='ocrx_word' id='word_1_362' title='bbox 2553 1843 2746 1895; x_wconf 81' lang='grc' dir='ltr'>μησεν.</span> 
     </span>
    </p>
   </div>
   <div class='ocr_carea' id='block_1_60' title="bbox 2084 1935 3251 2020">
    <p class='ocr_par' dir='ltr' id='par_1_60' title="bbox 2084 1935 3251 2020">
     <span class='ocr_line' id='line_1_60' title="bbox 2084 1935 3251 2020; baseline 0.011 -14"><span class='ocrx_word' id='word_1_363' title='bbox 2084 1935 2132 2006; x_wconf 89' lang='grc' dir='ltr'><strong>Β</strong></span> <span class='ocrx_word' id='word_1_364' title='bbox 2710 1954 2890 2011; x_wconf 83' lang='lat' dir='ltr'>MHNI</span> <span class='ocrx_word' id='word_1_365' title='bbox 2930 1960 3013 2011; x_wconf 78' lang='lat' dir='ltr'>Tu</span> <span class='ocrx_word' id='word_1_366' title='bbox 3055 1961 3251 2020; x_wconf 80' lang='lat' dir='ltr'>Arm.</span> 
     </span>
    </p>
   </div>
   <div class='ocr_carea' id='block_1_61' title="bbox 2947 2049 3024 2110">
    <p class='ocr_par' dir='ltr' id='par_1_61' title="bbox 2947 2049 3024 2110">
     <span class='ocr_line' id='line_1_61' title="bbox 2947 2049 3024 2110; baseline -0.052 0"><span class='ocrx_word' id='word_1_367' title='bbox 2947 2049 3024 2110; x_wconf 79' lang='lat' dir='ltr'>IA‘</span> 
     </span>
    </p>
   </div>
   <div class='ocr_carea' id='block_1_62' title="bbox 2368 2149 3592 2231">
    <p class='ocr_par' dir='ltr' id='par_1_62' title="bbox 2368 2149 3592 2231">
     <span class='ocr_line' id='line_1_62' title="bbox 2368 2149 3592 2231; baseline 0.001 -22"><span class='ocrx_word' id='word_1_368' title='bbox 2368 2149 2637 2220; x_wconf 75' lang='grc' dir='ltr'>Ἀθλησις</span> <span class='ocrx_word' id='word_1_369' title='bbox 2660 2155 2756 2207; x_wconf 76' lang='grc' dir='ltr'>τοῦ</span> <span class='ocrx_word' id='word_1_370' title='bbox 2787 2149 2942 2230; x_wconf 77' lang='grc' dir='ltr'>ἁγίου</span> <span class='ocrx_word' id='word_1_371' title='bbox 2977 2151 3251 2231; x_wconf 80' lang='grc' dir='ltr'>μάρτυρος</span> <span class='ocrx_word' id='word_1_372' title='bbox 3284 2150 3592 2231; x_wconf 87' lang='grc' dir='ltr'>Ἰσιδώρου.</span> 
     </span>
    </p>
   </div>
   <div class='ocr_carea' id='block_1_63' title="bbox 2226 2276 3812 2356">
    <p class='ocr_par' dir='ltr' id='par_1_63' title="bbox 2226 2276 3812 2356">
     <span class='ocr_line' id='line_1_63' title="bbox 2226 2276 3812 2356; baseline 0.001 -22"><span class='ocrx_word' id='word_1_373' title='bbox 2226 2276 2528 2352; x_wconf 79' lang='grc' dir='ltr'>Ἰσίδωρος,</span> <span class='ocrx_word' id='word_1_374' title='bbox 2557 2280 2585 2334; x_wconf 86' lang='grc' dir='ltr'><strong>ὁ</strong></span> <span class='ocrx_word' id='word_1_375' title='bbox 2614 2283 2715 2333; x_wconf 80' lang='grc' dir='ltr'>τοῦ</span> <span class='ocrx_word' id='word_1_376' title='bbox 2742 2282 2978 2356; x_wconf 70' lang='grc' dir='ltr'>Χριστοῦ</span> <span class='ocrx_word' id='word_1_377' title='bbox 3012 2280 3240 2356; x_wconf 76' lang='grc' dir='ltr'>μάρτυς,</span> <span class='ocrx_word' id='word_1_378' title='bbox 3301 2281 3520 2355; x_wconf 74' lang='grc' dir='ltr'>ὑπῆρχε</span> <span class='ocrx_word' id='word_1_379' title='bbox 3573 2283 3668 2354; x_wconf 75' lang='grc' dir='ltr'>μὲν</span> <span class='ocrx_word' id='word_1_380' title='bbox 3721 2277 3812 2336; x_wconf 77' lang='grc' dir='ltr'>ἐπί</span> 
     </span>
    </p>
   </div>
   <div class='ocr_carea' id='block_1_64' title="bbox 2153 2366 3817 2444">
    <p class='ocr_par' dir='ltr' id='par_1_64' title="bbox 2153 2366 3817 2444">
     <span class='ocr_line' id='line_1_64' title="bbox 2153 2366 3817 2444; baseline 0.001 -21"><span class='ocrx_word' id='word_1_381' title='bbox 2153 2369 2251 2438; x_wconf 73' lang='grc' dir='ltr'>τῆς</span> <span class='ocrx_word' id='word_1_382' title='bbox 2307 2366 2586 2444; x_wconf 77' lang='grc' dir='ltr'>βασιλείας</span> <span class='ocrx_word' id='word_1_383' title='bbox 2646 2370 2859 2430; x_wconf 72' lang='grc' dir='ltr'>Δεκίου,</span> <span class='ocrx_word' id='word_1_384' title='bbox 2920 2369 3026 2425; x_wconf 79' lang='grc' dir='ltr'>ἀπο</span> <span class='ocrx_word' id='word_1_385' title='bbox 3084 2367 3499 2444; x_wconf 77' lang='grc' dir='ltr'>Ἀλεξανδρείας</span> <span class='ocrx_word' id='word_1_386' title='bbox 3553 2378 3654 2440; x_wconf 86' lang='grc' dir='ltr'>τῆς</span> <span class='ocrx_word' id='word_1_387' title='bbox 3709 2371 3817 2426; x_wconf 85' lang='grc' dir='ltr'>πό-</span> 
     </span>
    </p>
   </div>
   <div class='ocr_carea' id='block_1_65' title="bbox 2156 2457 3814 2532">
    <p class='ocr_par' dir='ltr' id='par_1_65' title="bbox 2156 2457 3814 2532">
     <span class='ocr_line' id='line_1_65' title="bbox 2156 2457 3814 2532; baseline 0.001 -19"><span class='ocrx_word' id='word_1_388' title='bbox 2156 2457 2318 2521; x_wconf 82' lang='grc' dir='ltr'>λεως’</span> <span class='ocrx_word' id='word_1_389' title='bbox 2380 2459 2806 2532; x_wconf 77' lang='grc' dir='ltr'>στρατευόμενος</span> <span class='ocrx_word' id='word_1_390' title='bbox 2865 2457 2944 2530; x_wconf 71' lang='grc' dir='ltr'>δὲ,</span> <span class='ocrx_word' id='word_1_391' title='bbox 3000 2461 3099 2528; x_wconf 80' lang='grc' dir='ltr'>τήν</span> <span class='ocrx_word' id='word_1_392' title='bbox 3155 2465 3252 2516; x_wconf 83' lang='grc' dir='ltr'>τοῦ</span> <span class='ocrx_word' id='word_1_393' title='bbox 3311 2460 3585 2524; x_wconf 87' lang='grc' dir='ltr'>ὁπτίωνος</span> <span class='ocrx_word' id='word_1_394' title='bbox 3662 2461 3814 2531; x_wconf 76' lang='grc' dir='ltr'>τάξιν</span> 
     </span>
    </p>
   </div>
   <div class='ocr_carea' id='block_1_66' title="bbox 2156 2546 3822 2624">
    <p class='ocr_par' dir='ltr' id='par_1_66' title="bbox 2156 2546 3822 2624">
     <span class='ocr_line' id='line_1_66' title="bbox 2156 2546 3822 2624; baseline 0.001 -21"><span class='ocrx_word' id='word_1_395' title='bbox 2156 2549 2418 2605; x_wconf 71' lang='grc' dir='ltr'>ἐπετὲλει.</span> <span class='ocrx_word' id='word_1_396' title='bbox 2473 2549 2758 2614; x_wconf 74' lang='grc' dir='ltr'>Ἀπελθὼν</span> <span class='ocrx_word' id='word_1_397' title='bbox 2820 2546 2876 2604; x_wconf 76' lang='grc' dir='ltr'>δὲ</span> <span class='ocrx_word' id='word_1_398' title='bbox 2933 2551 3010 2612; x_wconf 75' lang='grc' dir='ltr'>εἷς</span> <span class='ocrx_word' id='word_1_399' title='bbox 3070 2552 3204 2607; x_wconf 89' lang='grc' dir='ltr'>Χῖον</span> <span class='ocrx_word' id='word_1_400' title='bbox 3263 2552 3362 2618; x_wconf 70' lang='grc' dir='ltr'>τήν</span> <span class='ocrx_word' id='word_1_401' title='bbox 3423 2558 3610 2619; x_wconf 77' lang='grc' dir='ltr'>νῆσον,</span> <span class='ocrx_word' id='word_1_402' title='bbox 3675 2551 3822 2624; x_wconf 72' lang='grc' dir='ltr'>μετὰ</span> 
     </span>
    </p>
   </div>
   <div class='ocr_carea' id='block_1_67' title="bbox 2154 2638 3809 2715">
    <p class='ocr_par' dir='ltr' id='par_1_67' title="bbox 2154 2638 3809 2715">
     <span class='ocr_line' id='line_1_67' title="bbox 2154 2638 3809 2715; baseline 0.001 -21"><span class='ocrx_word' id='word_1_403' title='bbox 2154 2643 2261 2694; x_wconf 83' lang='grc' dir='ltr'>τῶν</span> <span class='ocrx_word' id='word_1_404' title='bbox 2348 2644 2754 2714; x_wconf 82' lang='grc' dir='ltr'>στρατιωτικῶν</span> <span class='ocrx_word' id='word_1_405' title='bbox 2838 2639 3076 2710; x_wconf 77' lang='grc' dir='ltr'>πλοίων,</span> <span class='ocrx_word' id='word_1_406' title='bbox 3137 2638 3211 2695; x_wconf 87' lang='grc' dir='ltr'>ὦν</span> <span class='ocrx_word' id='word_1_407' title='bbox 3270 2643 3416 2715; x_wconf 71' lang='grc' dir='ltr'>ἦρχε</span> <span class='ocrx_word' id='word_1_408' title='bbox 3475 2641 3809 2715; x_wconf 70' lang='grc' dir='ltr'>Νουμέριος,</span> 
     </span>
    </p>
   </div>
   <div class='ocr_carea' id='block_1_68' title="bbox 2155 2722 3814 2805">
    <p class='ocr_par' dir='ltr' id='par_1_68' title="bbox 2155 2722 3814 2805">
     <span class='ocr_line' id='line_1_68' title="bbox 2155 2722 3814 2805; baseline 0.002 -23"><span class='ocrx_word' id='word_1_409' title='bbox 2155 2722 2424 2797; x_wconf 75' lang='grc' dir='ltr'>διεϐλήθη</span> <span class='ocrx_word' id='word_1_410' title='bbox 2459 2729 2561 2783; x_wconf 82' lang='grc' dir='ltr'>ὑπὸ</span> <span class='ocrx_word' id='word_1_411' title='bbox 2614 2728 2853 2784; x_wconf 85' lang='grc' dir='ltr'>Ἰουλίου</span> <span class='ocrx_word' id='word_1_412' title='bbox 2906 2729 3298 2805; x_wconf 83' lang='grc' dir='ltr'>κεντουρίωνος</span> <span class='ocrx_word' id='word_1_413' title='bbox 3355 2730 3430 2793; x_wconf 85' lang='grc' dir='ltr'>ὡς</span> <span class='ocrx_word' id='word_1_414' title='bbox 3484 2733 3814 2802; x_wconf 84' lang='grc' dir='ltr'>Χριστιανὸς</span> 
     </span>
    </p>
   </div>
   <div class='ocr_carea' id='block_1_69' title="bbox 2151 2819 3811 2893">
    <p class='ocr_par' dir='ltr' id='par_1_69' title="bbox 2151 2819 3811 2893">
     <span class='ocr_line' id='line_1_69' title="bbox 2151 2819 3811 2893; baseline 0.003 -23"><span class='ocrx_word' id='word_1_415' title='bbox 2151 2821 2229 2889; x_wconf 82' lang='grc' dir='ltr'>τῷ</span> <span class='ocrx_word' id='word_1_416' title='bbox 2287 2819 2601 2893; x_wconf 76' lang='grc' dir='ltr'>Νουμερίῳ.</span> <span class='ocrx_word' id='word_1_417' title='bbox 2665 2819 2765 2875; x_wconf 79' lang='grc' dir='ltr'>Καὶ</span> <span class='ocrx_word' id='word_1_418' title='bbox 2824 2821 3116 2893; x_wconf 77' lang='grc' dir='ltr'>κρατηθεὶς</span> <span class='ocrx_word' id='word_1_419' title='bbox 3173 2819 3265 2873; x_wconf 84' lang='grc' dir='ltr'>καὶ</span> <span class='ocrx_word' id='word_1_420' title='bbox 3325 2819 3600 2890; x_wconf 73' lang='grc' dir='ltr'>παραστὰς</span> <span class='ocrx_word' id='word_1_421' title='bbox 3660 2822 3811 2892; x_wconf 82' lang='grc' dir='ltr'>αὐτῷ</span> 
     </span>
    </p>
   </div>
   <div class='ocr_carea' id='block_1_70' title="bbox 2153 2907 3807 2984">
    <p class='ocr_par' dir='ltr' id='par_1_70' title="bbox 2153 2907 3807 2984">
     <span class='ocr_line' id='line_1_70' title="bbox 2153 2907 3807 2984; baseline 0.002 -24"><span class='ocrx_word' id='word_1_422' title='bbox 2153 2907 2443 2978; x_wconf 76' lang='grc' dir='ltr'>ἠρωτήθη,</span> <span class='ocrx_word' id='word_1_423' title='bbox 2492 2907 2538 2962; x_wconf 88' lang='grc' dir='ltr'>εί</span> <span class='ocrx_word' id='word_1_424' title='bbox 2597 2908 2870 2983; x_wconf 87' lang='grc' dir='ltr'>ὁμολογεῖ</span> <span class='ocrx_word' id='word_1_425' title='bbox 2924 2909 3016 2964; x_wconf 86' lang='grc' dir='ltr'>τὸν</span> <span class='ocrx_word' id='word_1_426' title='bbox 3068 2909 3321 2984; x_wconf 81' lang='grc' dir='ltr'>Χριστόν.</span> <span class='ocrx_word' id='word_1_427' title='bbox 3381 2909 3439 2963; x_wconf 80' lang='grc' dir='ltr'>Ὀ</span> <span class='ocrx_word' id='word_1_428' title='bbox 3497 2907 3555 2964; x_wconf 80' lang='grc' dir='ltr'>δὲ</span> <span class='ocrx_word' id='word_1_429' title='bbox 3611 2911 3807 2979; x_wconf 86' lang='grc' dir='ltr'>εἰπὼν,</span> 
     </span>
    </p>
   </div>
   <div class='ocr_carea' id='block_1_71' title="bbox 2151 2995 3808 3075">
    <p class='ocr_par' dir='ltr' id='par_1_71' title="bbox 2151 2995 3808 3075">
     <span class='ocr_line' id='line_1_71' title="bbox 2151 2995 3808 3075; baseline 0.003 -25"><span class='ocrx_word' id='word_1_430' title='bbox 2151 2995 2232 3050; x_wconf 78' lang='grc' dir='ltr'>ὅτι</span> <span class='ocrx_word' id='word_1_431' title='bbox 2266 2995 2362 3050; x_wconf 80' lang='grc' dir='ltr'>Καὶ</span> <span class='ocrx_word' id='word_1_432' title='bbox 2399 2998 2634 3071; x_wconf 83' lang='grc' dir='ltr'>Χριστὸν</span> <span class='ocrx_word' id='word_1_433' title='bbox 2667 2996 2953 3072; x_wconf 77' lang='grc' dir='ltr'>ὁμολογῶ,</span> <span class='ocrx_word' id='word_1_434' title='bbox 3014 2999 3089 3062; x_wconf 84' lang='grc' dir='ltr'>ὡς</span> <span class='ocrx_word' id='word_1_435' title='bbox 3130 3001 3440 3068; x_wconf 84' lang='grc' dir='ltr'>ποιήσαντα</span> <span class='ocrx_word' id='word_1_436' title='bbox 3486 2999 3577 3054; x_wconf 90' lang='grc' dir='ltr'>τὸν</span> <span class='ocrx_word' id='word_1_437' title='bbox 3633 2998 3808 3075; x_wconf 76' lang='grc' dir='ltr'>οὖρα-</span> 
     </span>
    </p>
   </div>
   <div class='ocr_carea' id='block_1_72' title="bbox 2148 3089 3811 3164">
    <p class='ocr_par' dir='ltr' id='par_1_72' title="bbox 2148 3089 3811 3164">
     <span class='ocr_line' id='line_1_72' title="bbox 2148 3089 3811 3164; baseline 0.002 -23"><span class='ocrx_word' id='word_1_438' title='bbox 2148 3089 2235 3143; x_wconf 86' lang='grc' dir='ltr'>νὸν</span> <span class='ocrx_word' id='word_1_439' title='bbox 2269 3089 2357 3143; x_wconf 83' lang='grc' dir='ltr'>καὶ</span> <span class='ocrx_word' id='word_1_440' title='bbox 2390 3091 2486 3156; x_wconf 78' lang='grc' dir='ltr'>τήν</span> <span class='ocrx_word' id='word_1_441' title='bbox 2519 3097 2621 3164; x_wconf 77' lang='grc' dir='ltr'>γῆν</span> <span class='ocrx_word' id='word_1_442' title='bbox 2673 3090 2761 3145; x_wconf 77' lang='grc' dir='ltr'>καὶ</span> <span class='ocrx_word' id='word_1_443' title='bbox 2806 3092 2905 3160; x_wconf 77' lang='grc' dir='ltr'>τήν</span> <span class='ocrx_word' id='word_1_444' title='bbox 2953 3091 3250 3161; x_wconf 83' lang='grc' dir='ltr'>θάλασσαν,</span> <span class='ocrx_word' id='word_1_445' title='bbox 3298 3092 3389 3146; x_wconf 74' lang='grc' dir='ltr'>καὶ</span> <span class='ocrx_word' id='word_1_446' title='bbox 3439 3091 3674 3147; x_wconf 66' lang='grc' dir='ltr'>πιστεύω</span> <span class='ocrx_word' id='word_1_447' title='bbox 3724 3092 3811 3156; x_wconf 65' lang='grc' dir='ltr'>εἲς</span> 
     </span>
    </p>
   </div>
   <div class='ocr_carea' id='block_1_73' title="bbox 2149 3177 3798 3248">
    <p class='ocr_par' dir='ltr' id='par_1_73' title="bbox 2149 3177 3798 3248">
     <span class='ocr_line' id='line_1_73' title="bbox 2149 3177 3798 3248; baseline 0.002 -18"><span class='ocrx_word' id='word_1_448' title='bbox 2149 3177 2336 3246; x_wconf 74' lang='grc' dir='ltr'>αὐτὸν,</span> <span class='ocrx_word' id='word_1_449' title='bbox 2368 3179 2444 3240; x_wconf 86' lang='grc' dir='ltr'>ὡς</span> <span class='ocrx_word' id='word_1_450' title='bbox 2475 3178 2697 3248; x_wconf 83' lang='grc' dir='ltr'>ἀληθῶς</span> <span class='ocrx_word' id='word_1_451' title='bbox 2729 3181 2857 3234; x_wconf 82' lang='grc' dir='ltr'>Θεὸν</span> <span class='ocrx_word' id='word_1_452' title='bbox 2887 3178 3015 3234; x_wconf 80' lang='grc' dir='ltr'>ὄντα</span> <span class='ocrx_word' id='word_1_453' title='bbox 3047 3181 3134 3234; x_wconf 67' lang='grc' dir='ltr'>καί</span> <span class='ocrx_word' id='word_1_454' title='bbox 3185 3180 3311 3235; x_wconf 74' lang='grc' dir='ltr'>Υῖόν</span> <span class='ocrx_word' id='word_1_455' title='bbox 3359 3185 3457 3235; x_wconf 76' lang='grc' dir='ltr'>τοῦ</span> <span class='ocrx_word' id='word_1_456' title='bbox 3503 3185 3656 3248; x_wconf 80' lang='grc' dir='ltr'>Θεοῦ,</span> <span class='ocrx_word' id='word_1_457' title='bbox 3706 3181 3798 3234; x_wconf 72' lang='grc' dir='ltr'>καὶ</span> 
     </span>
    </p>
   </div>
   <div class='ocr_carea' id='block_1_74' title="bbox 2149 3263 3792 3344">
    <p class='ocr_par' dir='ltr' id='par_1_74' title="bbox 2149 3263 3792 3344">
     <span class='ocr_line' id='line_1_74' title="bbox 2149 3263 3792 3344; baseline 0.001 -23"><span class='ocrx_word' id='word_1_458' title='bbox 2149 3263 2236 3321; x_wconf 80' lang='grc' dir='ltr'>διὰ</span> <span class='ocrx_word' id='word_1_459' title='bbox 2260 3269 2360 3337; x_wconf 80' lang='grc' dir='ltr'>τήν</span> <span class='ocrx_word' id='word_1_460' title='bbox 2393 3267 2665 3343; x_wconf 74' lang='grc' dir='ltr'>σωτηρίαν</span> <span class='ocrx_word' id='word_1_461' title='bbox 2714 3274 2820 3324; x_wconf 86' lang='grc' dir='ltr'>τῶν</span> <span class='ocrx_word' id='word_1_462' title='bbox 2875 3271 3175 3344; x_wconf 86' lang='grc' dir='ltr'>ἀνθρώπων</span> <span class='ocrx_word' id='word_1_463' title='bbox 3225 3271 3542 3344; x_wconf 77' lang='grc' dir='ltr'>γεννηθέντα</span> <span class='ocrx_word' id='word_1_464' title='bbox 3585 3269 3644 3322; x_wconf 82' lang='grc' dir='ltr'>ἐκ</span> <span class='ocrx_word' id='word_1_465' title='bbox 3688 3275 3792 3336; x_wconf 82' lang='grc' dir='ltr'>τῆς</span> 
     </span>
    </p>
   </div>
   <div class='ocr_carea' id='block_1_75' title="bbox 2145 3355 3792 3434">
    <p class='ocr_par' dir='ltr' id='par_1_75' title="bbox 2145 3355 3792 3434">
     <span class='ocr_line' id='line_1_75' title="bbox 2145 3355 3792 3434; baseline 0.001 -23"><span class='ocrx_word' id='word_1_466' title='bbox 2145 3358 2302 3432; x_wconf 84' lang='grc' dir='ltr'>ἁγίας</span> <span class='ocrx_word' id='word_1_467' title='bbox 2335 3355 2607 3429; x_wconf 76' lang='grc' dir='ltr'>Παρθένου</span> <span class='ocrx_word' id='word_1_468' title='bbox 2655 3359 2906 3434; x_wconf 77' lang='grc' dir='ltr'>Μαριάμ,</span> <span class='ocrx_word' id='word_1_469' title='bbox 2953 3359 3041 3412; x_wconf 82' lang='grc' dir='ltr'>καὶ</span> <span class='ocrx_word' id='word_1_470' title='bbox 3094 3358 3565 3432; x_wconf 78' lang='grc' dir='ltr'>ἐνανθρωπήσαντα</span> <span class='ocrx_word' id='word_1_471' title='bbox 3616 3357 3792 3412; x_wconf 78' lang='grc' dir='ltr'>ἀσπό-</span> 
     </span>
    </p>
   </div>
   <div class='ocr_carea' id='block_1_76' title="bbox 2147 3447 3800 3528">
    <p class='ocr_par' dir='ltr' id='par_1_76' title="bbox 2147 3447 3800 3528">
     <span class='ocr_line' id='line_1_76' title="bbox 2147 3447 3800 3528; baseline -0.001 -24"><span class='ocrx_word' id='word_1_472' title='bbox 2147 3471 2257 3526; x_wconf 90' lang='grc' dir='ltr'>ρως</span> <span class='ocrx_word' id='word_1_473' title='bbox 2281 3450 2372 3504; x_wconf 84' lang='grc' dir='ltr'>καὶ</span> <span class='ocrx_word' id='word_1_474' title='bbox 2423 3451 2700 3528; x_wconf 71' lang='grc' dir='ltr'>ἀφθόρως,</span> <span class='ocrx_word' id='word_1_475' title='bbox 2757 3451 2846 3505; x_wconf 84' lang='grc' dir='ltr'>καὶ</span> <span class='ocrx_word' id='word_1_476' title='bbox 2904 3457 3023 3511; x_wconf 84' lang='grc' dir='ltr'>τοῖς</span> <span class='ocrx_word' id='word_1_477' title='bbox 3082 3452 3355 3513; x_wconf 74' lang='grc' dir='ltr'>τοιούτοις</span> <span class='ocrx_word' id='word_1_478' title='bbox 3415 3447 3647 3524; x_wconf 81' lang='grc' dir='ltr'>δόγμασι</span> <span class='ocrx_word' id='word_1_479' title='bbox 3702 3447 3800 3504; x_wconf 75' lang='grc' dir='ltr'>καὶ</span> 
     </span>
    </p>
   </div>
   <div class='ocr_carea' id='block_1_77' title="bbox 2146 3538 3807 3618">
    <p class='ocr_par' dir='ltr' id='par_1_77' title="bbox 2146 3538 3807 3618">
     <span class='ocr_line' id='line_1_77' title="bbox 2146 3538 3807 3618; baseline -0.001 -22"><span class='ocrx_word' id='word_1_480' title='bbox 2146 3541 2332 3616; x_wconf 84' lang='grc' dir='ltr'>λόγοις</span> <span class='ocrx_word' id='word_1_481' title='bbox 2360 3540 2712 3614; x_wconf 71' lang='grc' dir='ltr'>καταπλήξας</span> <span class='ocrx_word' id='word_1_482' title='bbox 2745 3540 2929 3607; x_wconf 77' lang='grc' dir='ltr'>αὐτὸν,</span> <span class='ocrx_word' id='word_1_483' title='bbox 2963 3538 3250 3618; x_wconf 73' lang='grc' dir='ltr'>διαφόροις</span> <span class='ocrx_word' id='word_1_484' title='bbox 3306 3541 3556 3616; x_wconf 75' lang='grc' dir='ltr'>βασάνοις</span> <span class='ocrx_word' id='word_1_485' title='bbox 3601 3540 3807 3613; x_wconf 66' lang='grc' dir='ltr'>πρότεα</span> 
     </span>
    </p>
   </div>
   <div class='ocr_carea' id='block_1_78' title="bbox 2139 3625 3798 3706">
    <p class='ocr_par' dir='ltr' id='par_1_78' title="bbox 2139 3625 3798 3706">
     <span class='ocr_line' id='line_1_78' title="bbox 2139 3625 3798 3706; baseline -0.002 -19"><span class='ocrx_word' id='word_1_486' title='bbox 2139 3653 2232 3704; x_wconf 89' lang='grc' dir='ltr'>ρον</span> <span class='ocrx_word' id='word_1_487' title='bbox 2264 3625 2709 3701; x_wconf 75' lang='grc' dir='ltr'>καθυποϐληθεῖς</span> <span class='ocrx_word' id='word_1_488' title='bbox 2743 3631 3090 3706; x_wconf 79' lang='grc' dir='ltr'>ἐτιμωρεῖτο.</span> <span class='ocrx_word' id='word_1_489' title='bbox 3126 3632 3316 3705; x_wconf 77' lang='grc' dir='ltr'>Ἐχων</span> <span class='ocrx_word' id='word_1_490' title='bbox 3350 3628 3408 3686; x_wconf 76' lang='grc' dir='ltr'>’δὲ</span> <span class='ocrx_word' id='word_1_491' title='bbox 3440 3633 3499 3685; x_wconf 85' lang='grc' dir='ltr'>τὸ</span> <span class='ocrx_word' id='word_1_492' title='bbox 3540 3630 3798 3703; x_wconf 75' lang='grc' dir='ltr'>ἀμετάθε-</span> 
     </span>
    </p>
   </div>
   <div class='ocr_carea' id='block_1_79' title="bbox 2135 3719 3797 3797">
    <p class='ocr_par' dir='ltr' id='par_1_79' title="bbox 2135 3719 3797 3797">
     <span class='ocr_line' id='line_1_79' title="bbox 2135 3719 3797 3797; baseline -0.003 -21"><span class='ocrx_word' id='word_1_493' title='bbox 2135 3742 2229 3776; x_wconf 89' lang='grc' dir='ltr'>τον</span> <span class='ocrx_word' id='word_1_494' title='bbox 2261 3721 2398 3796; x_wconf 84' lang='grc' dir='ltr'>πρὸς</span> <span class='ocrx_word' id='word_1_495' title='bbox 2433 3722 2687 3797; x_wconf 82' lang='grc' dir='ltr'>Χριστὸν,</span> <span class='ocrx_word' id='word_1_496' title='bbox 2732 3721 2820 3775; x_wconf 85' lang='grc' dir='ltr'>καὶ</span> <span class='ocrx_word' id='word_1_497' title='bbox 2873 3723 2968 3782; x_wconf 75' lang='grc' dir='ltr'>τὰς</span> <span class='ocrx_word' id='word_1_498' title='bbox 3029 3719 3293 3797; x_wconf 74' lang='grc' dir='ltr'>βασάνους</span> <span class='ocrx_word' id='word_1_499' title='bbox 3337 3719 3628 3792; x_wconf 72' lang='grc' dir='ltr'>ὑπομένων</span> <span class='ocrx_word' id='word_1_500' title='bbox 3677 3740 3797 3792; x_wconf 84' lang='grc' dir='ltr'>γεν-</span> 
     </span>
    </p>
   </div>
   <div class='ocr_carea' id='block_1_80' title="bbox 2134 3808 3796 3889">
    <p class='ocr_par' dir='ltr' id='par_1_80' title="bbox 2134 3808 3796 3889">
     <span class='ocr_line' id='line_1_80' title="bbox 2134 3808 3796 3889; baseline -0.002 -24"><span class='ocrx_word' id='word_1_501' title='bbox 2134 3810 2320 3877; x_wconf 87' lang='grc' dir='ltr'>ναίως,</span> <span class='ocrx_word' id='word_1_502' title='bbox 2362 3809 2589 3886; x_wconf 73' lang='grc' dir='ltr'>ὕστερον</span> <span class='ocrx_word' id='word_1_503' title='bbox 2627 3811 2729 3878; x_wconf 80' lang='grc' dir='ltr'>τήν</span> <span class='ocrx_word' id='word_1_504' title='bbox 2786 3809 3030 3888; x_wconf 76' lang='grc' dir='ltr'>κεφαλὴν</span> <span class='ocrx_word' id='word_1_505' title='bbox 3091 3810 3226 3889; x_wconf 74' lang='grc' dir='ltr'>ξίφει</span> <span class='ocrx_word' id='word_1_506' title='bbox 3284 3808 3652 3883; x_wconf 80' lang='grc' dir='ltr'>ἀποτμηθεὶς,</span> <span class='ocrx_word' id='word_1_507' title='bbox 3703 3808 3796 3863; x_wconf 86' lang='grc' dir='ltr'>τὸν</span> 
     </span>
    </p>
   </div>
   <div class='ocr_carea' id='block_1_81' title="bbox 2132 3899 3129 3978">
    <p class='ocr_par' dir='ltr' id='par_1_81' title="bbox 2132 3899 3129 3978">
     <span class='ocr_line' id='line_1_81' title="bbox 2132 3899 3129 3978; baseline -0.001 -22"><span class='ocrx_word' id='word_1_508' title='bbox 2132 3904 2229 3956; x_wconf 76' lang='grc' dir='ltr'>τοῦ</span> <span class='ocrx_word' id='word_1_509' title='bbox 2262 3900 2563 3977; x_wconf 88' lang='grc' dir='ltr'>μαρτυρίου</span> <span class='ocrx_word' id='word_1_510' title='bbox 2594 3899 2851 3978; x_wconf 72' lang='grc' dir='ltr'>στέφανον</span> <span class='ocrx_word' id='word_1_511' title='bbox 2885 3899 3129 3976; x_wconf 78' lang='grc' dir='ltr'>εἳληφεν.</span> 
     </span>
    </p>
   </div>
   <div class='ocr_carea' id='block_1_82' title="bbox 2311 4043 3610 4123">
    <p class='ocr_par' dir='ltr' id='par_1_82' title="bbox 2311 4043 3610 4123">
     <span class='ocr_line' id='line_1_82' title="bbox 2311 4043 3610 4123; baseline -0.002 -19"><span class='ocrx_word' id='word_1_512' title='bbox 2311 4045 2418 4104; x_wconf 83' lang='grc' dir='ltr'>Καὶ</span> <span class='ocrx_word' id='word_1_513' title='bbox 2448 4043 2680 4118; x_wconf 77' lang='grc' dir='ltr'>ἄθλησις</span> <span class='ocrx_word' id='word_1_514' title='bbox 2707 4049 2804 4101; x_wconf 76' lang='grc' dir='ltr'>τοῦ</span> <span class='ocrx_word' id='word_1_515' title='bbox 2837 4046 2990 4123; x_wconf 80' lang='grc' dir='ltr'>ἁγίου</span> <span class='ocrx_word' id='word_1_516' title='bbox 3019 4047 3292 4119; x_wconf 86' lang='grc' dir='ltr'>μάρτυρος</span> <span class='ocrx_word' id='word_1_517' title='bbox 3325 4043 3610 4118; x_wconf 82' lang='grc' dir='ltr'>Μαξίμου.</span> 
     </span>
    </p>
   </div>
   <div class='ocr_carea' id='block_1_83' title="bbox 2204 4169 3797 4247">
    <p class='ocr_par' dir='ltr' id='par_1_83' title="bbox 2204 4169 3797 4247">
     <span class='ocr_line' id='line_1_83' title="bbox 2204 4169 3797 4247; baseline -0.005 -16"><span class='ocrx_word' id='word_1_518' title='bbox 2204 4171 2480 4246; x_wconf 79' lang='grc' dir='ltr'>Μάξιμος,</span> <span class='ocrx_word' id='word_1_519' title='bbox 2516 4174 2663 4228; x_wconf 78' lang='grc' dir='ltr'>ὁτοῦ</span> <span class='ocrx_word' id='word_1_520' title='bbox 2724 4176 2958 4247; x_wconf 74' lang='grc' dir='ltr'>Χριστοῦ</span> <span class='ocrx_word' id='word_1_521' title='bbox 3015 4172 3240 4245; x_wconf 87' lang='grc' dir='ltr'>μάρτυς,</span> <span class='ocrx_word' id='word_1_522' title='bbox 3297 4169 3466 4240; x_wconf 81' lang='grc' dir='ltr'>ζῆλον</span> <span class='ocrx_word' id='word_1_523' title='bbox 3511 4171 3689 4233; x_wconf 81' lang='grc' dir='ltr'>θεϊκὸν</span> <span class='ocrx_word' id='word_1_524' title='bbox 3737 4169 3797 4224; x_wconf 75' lang='grc' dir='ltr'>ὲν</span> 
     </span>
    </p>
   </div>
   <div class='ocr_carea' id='block_1_84' title="bbox 2134 4257 3797 4339">
    <p class='ocr_par' dir='ltr' id='par_1_84' title="bbox 2134 4257 3797 4339">
     <span class='ocr_line' id='line_1_84' title="bbox 2134 4257 3797 4339; baseline -0.003 -21"><span class='ocrx_word' id='word_1_525' title='bbox 2134 4263 2310 4334; x_wconf 69' lang='grc' dir='ltr'>ἑαυτῷ</span> <span class='ocrx_word' id='word_1_526' title='bbox 2339 4265 2671 4339; x_wconf 72' lang='grc' dir='ltr'>περιφέρων,</span> <span class='ocrx_word' id='word_1_527' title='bbox 2717 4262 2804 4316; x_wconf 78' lang='grc' dir='ltr'>καὶ</span> <span class='ocrx_word' id='word_1_528' title='bbox 2869 4261 3012 4335; x_wconf 85' lang='grc' dir='ltr'>ὀρῶν</span> <span class='ocrx_word' id='word_1_529' title='bbox 3067 4259 3195 4321; x_wconf 74' lang='grc' dir='ltr'>τοὺς</span> <span class='ocrx_word' id='word_1_530' title='bbox 3259 4257 3672 4333; x_wconf 76' lang='grc' dir='ltr'>εἰδωλολάτρας</span> <span class='ocrx_word' id='word_1_531' title='bbox 3732 4259 3797 4314; x_wconf 75' lang='grc' dir='ltr'>οὗ</span> 
     </span>
    </p>
   </div>
   <div class='ocr_carea' id='block_1_85' title="bbox 2139 4346 3799 4424">
    <p class='ocr_par' dir='ltr' id='par_1_85' title="bbox 2139 4346 3799 4424">
     <span class='ocr_line' id='line_1_85' title="bbox 2139 4346 3799 4424; baseline -0.004 -18"><span class='ocrx_word' id='word_1_532' title='bbox 2139 4353 2305 4424; x_wconf 91' lang='grc' dir='ltr'>μόνον</span> <span class='ocrx_word' id='word_1_533' title='bbox 2339 4350 2564 4412; x_wconf 75' lang='grc' dir='ltr'>ἑαυτοὺς</span> <span class='ocrx_word' id='word_1_534' title='bbox 2625 4349 2968 4413; x_wconf 70' lang='grc' dir='ltr'>ἀνατιθέντας</span> <span class='ocrx_word' id='word_1_535' title='bbox 3022 4355 3138 4410; x_wconf 84' lang='grc' dir='ltr'>τοῖς</span> <span class='ocrx_word' id='word_1_536' title='bbox 3197 4347 3473 4416; x_wconf 78' lang='grc' dir='ltr'>εἰδώλοις,</span> <span class='ocrx_word' id='word_1_537' title='bbox 3530 4346 3677 4402; x_wconf 77' lang='grc' dir='ltr'>ἀλλᾶ</span> <span class='ocrx_word' id='word_1_538' title='bbox 3706 4346 3799 4401; x_wconf 79' lang='grc' dir='ltr'>καὶ</span> 
     </span>
    </p>
   </div>
   <div class='ocr_carea' id='block_1_86' title="bbox 2135 4439 3797 4514">
    <p class='ocr_par' dir='ltr' id='par_1_86' title="bbox 2135 4439 3797 4514">
     <span class='ocr_line' id='line_1_86' title="bbox 2135 4439 3797 4514; baseline -0.004 -18"><span class='ocrx_word' id='word_1_539' title='bbox 2135 4443 2351 4514; x_wconf 71' lang='grc' dir='ltr'>ἑτέρους</span> <span class='ocrx_word' id='word_1_540' title='bbox 2384 4439 2812 4503; x_wconf 83' lang='grc' dir='ltr'>ἀποπλανῶντας</span> <span class='ocrx_word' id='word_1_541' title='bbox 2859 4440 2948 4495; x_wconf 80' lang='grc' dir='ltr'>καὶ</span> <span class='ocrx_word' id='word_1_542' title='bbox 3006 4441 3510 4514; x_wconf 83' lang='grc' dir='ltr'>καταναγκάζοντας</span> <span class='ocrx_word' id='word_1_543' title='bbox 3559 4456 3797 4512; x_wconf 87' lang='grc' dir='ltr'>προσκυ-</span> 
     </span>
    </p>
   </div>
   <div class='ocr_carea' id='block_1_87' title="bbox 2135 4524 3797 4604">
    <p class='ocr_par' dir='ltr' id='par_1_87' title="bbox 2135 4524 3797 4604">
     <span class='ocr_line' id='line_1_87' title="bbox 2135 4524 3797 4604; baseline -0.004 -20"><span class='ocrx_word' id='word_1_544' title='bbox 2135 4535 2242 4584; x_wconf 85' lang='grc' dir='ltr'>νεῖν</span> <span class='ocrx_word' id='word_1_545' title='bbox 2275 4529 2481 4599; x_wconf 79' lang='grc' dir='ltr'>αὑτοῖς,</span> <span class='ocrx_word' id='word_1_546' title='bbox 2514 4531 2604 4584; x_wconf 85' lang='grc' dir='ltr'>καὶ</span> <span class='ocrx_word' id='word_1_547' title='bbox 2655 4529 2730 4590; x_wconf 86' lang='grc' dir='ltr'>ὡς</span> <span class='ocrx_word' id='word_1_548' title='bbox 2781 4535 2920 4594; x_wconf 76' lang='grc' dir='ltr'>θεοῖς</span> <span class='ocrx_word' id='word_1_549' title='bbox 2972 4527 3288 4604; x_wconf 69' lang='grc' dir='ltr'>προσέχειν,</span> <span class='ocrx_word' id='word_1_550' title='bbox 3336 4524 3512 4582; x_wconf 79' lang='grc' dir='ltr'>ἔστενε</span> <span class='ocrx_word' id='word_1_551' title='bbox 3560 4527 3656 4598; x_wconf 73' lang='grc' dir='ltr'>μὲν</span> <span class='ocrx_word' id='word_1_552' title='bbox 3704 4525 3797 4579; x_wconf 88' lang='grc' dir='ltr'>καὶ</span> 
     </span>
    </p>
   </div>
   <div class='ocr_carea' id='block_1_88' title="bbox 2136 4615 3795 4693">
    <p class='ocr_par' dir='ltr' id='par_1_88' title="bbox 2136 4615 3795 4693">
     <span class='ocr_line' id='line_1_88' title="bbox 2136 4615 3795 4693; baseline -0.003 -21"><span class='ocrx_word' id='word_1_553' title='bbox 2136 4617 2390 4674; x_wconf 74' lang='grc' dir='ltr'>ἐλυπεῖτο</span> <span class='ocrx_word' id='word_1_554' title='bbox 2424 4621 2542 4682; x_wconf 87' lang='grc' dir='ltr'>καθ’</span> <span class='ocrx_word' id='word_1_555' title='bbox 2575 4619 2784 4683; x_wconf 72' lang='grc' dir='ltr'>ἑαυτὸν,</span> <span class='ocrx_word' id='word_1_556' title='bbox 2820 4616 3030 4693; x_wconf 72' lang='grc' dir='ltr'>ηὔχετο</span> <span class='ocrx_word' id='word_1_557' title='bbox 3084 4615 3140 4673; x_wconf 82' lang='grc' dir='ltr'>δὲ</span> <span class='ocrx_word' id='word_1_558' title='bbox 3184 4615 3264 4689; x_wconf 88' lang='grc' dir='ltr'>τῷ</span> <span class='ocrx_word' id='word_1_559' title='bbox 3314 4621 3430 4687; x_wconf 80' lang='grc' dir='ltr'>Θεῷ</span> <span class='ocrx_word' id='word_1_560' title='bbox 3479 4622 3652 4683; x_wconf 76' lang='grc' dir='ltr'>σῆσας</span> <span class='ocrx_word' id='word_1_561' title='bbox 3700 4616 3795 4669; x_wconf 88' lang='grc' dir='ltr'>τὸν</span> 
     </span>
    </p>
   </div>
   <div class='ocr_carea' id='block_1_89' title="bbox 358 4703 2037 4785">
    <p class='ocr_par' dir='ltr' id='par_1_89' title="bbox 358 4711 2019 4785">
     <span class='ocr_line' id='line_1_89' title="bbox 358 4711 2019 4785; baseline -0.005 -11"><span class='ocrx_word' id='word_1_562' title='bbox 358 4716 536 4774; x_wconf 88' lang='lat' dir='ltr'>modo</span> <span class='ocrx_word' id='word_1_563' title='bbox 569 4716 821 4779; x_wconf 87' lang='lat' dir='ltr'>occulte,</span> <span class='ocrx_word' id='word_1_564' title='bbox 855 4714 1030 4770; x_wconf 91' lang='lat' dir='ltr'>modo</span> <span class='ocrx_word' id='word_1_565' title='bbox 1082 4713 1288 4784; x_wconf 50' lang='lat' dir='ltr'>palam.</span> <span class='ocrx_word' id='word_1_566' title='bbox 1328 4729 1395 4768; x_wconf 91' lang='lat' dir='ltr'>ac</span> <span class='ocrx_word' id='word_1_567' title='bbox 1448 4712 1630 4767; x_wconf 90' lang='lat' dir='ltr'>libere</span> <span class='ocrx_word' id='word_1_568' title='bbox 1665 4711 2019 4785; x_wconf 66' lang='lat' dir='ltr'>praedicans,</span> 
     </span>
    </p>
   </div>
   <div class='ocr_carea' id='block_1_90' title="bbox 2151 4703 3798 4785">
    <p class='ocr_par' dir='ltr' id='par_1_90' title="bbox 2151 4703 3798 4785">
     <span class='ocr_line' id='line_1_90' title="bbox 2151 4703 3798 4785; baseline -0.003 -23"><span class='ocrx_word' id='word_1_569' title='bbox 2151 4709 2395 4784; x_wconf 73' lang='grc' dir='ltr'>ἴιωγμόν.</span> <span class='ocrx_word' id='word_1_570' title='bbox 2431 4709 2623 4782; x_wconf 87' lang='grc' dir='ltr'>Ὅμως</span> <span class='ocrx_word' id='word_1_571' title='bbox 2656 4706 2713 4764; x_wconf 71' lang='grc' dir='ltr'>δὲ</span> <span class='ocrx_word' id='word_1_572' title='bbox 2743 4709 2876 4763; x_wconf 83' lang='grc' dir='ltr'>ποτέ</span> <span class='ocrx_word' id='word_1_573' title='bbox 2911 4709 3007 4780; x_wconf 71' lang='grc' dir='ltr'>μὲν</span> <span class='ocrx_word' id='word_1_574' title='bbox 3039 4709 3238 4785; x_wconf 70' lang='grc' dir='ltr'>κρύφα,</span> <span class='ocrx_word' id='word_1_575' title='bbox 3272 4706 3405 4761; x_wconf 67' lang='grc' dir='ltr'>ποτε</span> <span class='ocrx_word' id='word_1_576' title='bbox 3437 4703 3496 4760; x_wconf 68' lang='grc' dir='ltr'>δὲ</span> <span class='ocrx_word' id='word_1_577' title='bbox 3517 4703 3798 4780; x_wconf 68' lang='grc' dir='ltr'>παρρησίᾳ</span> 
     </span>
    </p>
   </div>
   <div class='ocr_carea' id='block_1_91' title="bbox 357 4801 2017 4875">
    <p class='ocr_par' dir='ltr' id='par_1_91' title="bbox 357 4801 2017 4875">
     <span class='ocr_line' id='line_1_91' title="bbox 357 4801 2017 4875; baseline -0.003 -15"><span class='ocrx_word' id='word_1_578' title='bbox 357 4804 579 4860; x_wconf 84' lang='lat' dir='ltr'>multos</span> <span class='ocrx_word' id='word_1_579' title='bbox 612 4821 681 4859; x_wconf 87' lang='lat' dir='ltr'>ex</span> <span class='ocrx_word' id='word_1_580' title='bbox 713 4804 786 4858; x_wconf 91' lang='lat' dir='ltr'>iis</span> <span class='ocrx_word' id='word_1_581' title='bbox 823 4804 924 4875; x_wconf 90' lang='lat' dir='ltr'>qui</span> <span class='ocrx_word' id='word_1_582' title='bbox 957 4803 1032 4859; x_wconf 89' lang='lat' dir='ltr'>ad</span> <span class='ocrx_word' id='word_1_583' title='bbox 1072 4802 1268 4874; x_wconf 92' lang='lat' dir='ltr'>ipsum</span> <span class='ocrx_word' id='word_1_584' title='bbox 1300 4801 1680 4867; x_wconf 76' lang='lat' dir='ltr'>accedebant,</span> <span class='ocrx_word' id='word_1_585' title='bbox 1715 4801 1788 4856; x_wconf 88' lang='lat' dir='ltr'>ad</span> <span class='ocrx_word' id='word_1_586' title='bbox 1823 4802 2017 4856; x_wconf 86' lang='lat' dir='ltr'>Domi-</span> 
     </span>
    </p>
   </div>
   <div class='ocr_carea' id='block_1_92' title="bbox 359 4891 2016 4965">
    <p class='ocr_par' dir='ltr' id='par_1_92' title="bbox 359 4891 2016 4965">
     <span class='ocr_line' id='line_1_92' title="bbox 359 4891 2016 4965; baseline -0.001 -17"><span class='ocrx_word' id='word_1_587' title='bbox 359 4911 504 4948; x_wconf 92' lang='lat' dir='ltr'>num</span> <span class='ocrx_word' id='word_1_588' title='bbox 538 4901 912 4955; x_wconf 81' lang='lat' dir='ltr'>convertens,</span> <span class='ocrx_word' id='word_1_589' title='bbox 970 4892 1317 4965; x_wconf 87' lang='lat' dir='ltr'>baptizabat.</span> <span class='ocrx_word' id='word_1_590' title='bbox 1378 4892 1646 4957; x_wconf 88' lang='lat' dir='ltr'>Quadam</span> <span class='ocrx_word' id='word_1_591' title='bbox 1692 4897 1890 4946; x_wconf 89' lang='lat' dir='ltr'>autem</span> <span class='ocrx_word' id='word_1_592' title='bbox 1923 4891 2016 4946; x_wconf 93' lang='lat' dir='ltr'>die</span> 
     </span>
    </p>
   </div>
   <div class='ocr_carea' id='block_1_93' title="bbox 359 4981 2018 5052">
    <p class='ocr_par' dir='ltr' id='par_1_93' title="bbox 359 4981 2018 5052">
     <span class='ocr_line' id='line_1_93' title="bbox 359 4981 2018 5052; baseline -0.001 -14"><span class='ocrx_word' id='word_1_593' title='bbox 359 5001 492 5039; x_wconf 87' lang='lat' dir='ltr'>cum</span> <span class='ocrx_word' id='word_1_594' title='bbox 552 4985 802 5039; x_wconf 75' lang='lat' dir='ltr'>victimae</span> <span class='ocrx_word' id='word_1_595' title='bbox 862 4983 1336 5051; x_wconf 88' lang='lat' dir='ltr'>immolarentur,</span> <span class='ocrx_word' id='word_1_596' title='bbox 1371 4982 1688 5052; x_wconf 90' lang='lat' dir='ltr'>cunctique</span> <span class='ocrx_word' id='word_1_597' title='bbox 1721 4981 1904 5035; x_wconf 63' lang='lat' dir='ltr'>Graeci</span> <span class='ocrx_word' id='word_1_598' title='bbox 1944 4981 2018 5036; x_wconf 91' lang='lat' dir='ltr'>ad</span> 
     </span>
    </p>
   </div>
   <div class='ocr_carea' id='block_1_94' title="bbox 354 5072 2016 5134">
    <p class='ocr_par' dir='ltr' id='par_1_94' title="bbox 354 5072 2016 5134">
     <span class='ocr_line' id='line_1_94' title="bbox 354 5072 2016 5134; baseline -0.001 -5"><span class='ocrx_word' id='word_1_599' title='bbox 354 5073 761 5130; x_wconf 87' lang='lat' dir='ltr'>abominanda</span> <span class='ocrx_word' id='word_1_600' title='bbox 819 5073 1111 5130; x_wconf 86' lang='lat' dir='ltr'>sacrificia</span> <span class='ocrx_word' id='word_1_601' title='bbox 1168 5072 1432 5128; x_wconf 89' lang='lat' dir='ltr'>studiose</span> <span class='ocrx_word' id='word_1_602' title='bbox 1471 5076 1872 5134; x_wconf 88' lang='lat' dir='ltr'>accurrerent,</span> <span class='ocrx_word' id='word_1_603' title='bbox 1907 5087 2016 5127; x_wconf 89' lang='lat' dir='ltr'>nec</span> 
     </span>
    </p>
   </div>
   <div class='ocr_carea' id='block_1_95' title="bbox 350 5159 2013 5229">
    <p class='ocr_par' dir='ltr' id='par_1_95' title="bbox 350 5159 2013 5229">
     <span class='ocr_line' id='line_1_95' title="bbox 350 5159 2013 5229; baseline -0.002 -10"><span class='ocrx_word' id='word_1_604' title='bbox 350 5164 639 5219; x_wconf 88' lang='lat' dir='ltr'>animalia</span> <span class='ocrx_word' id='word_1_605' title='bbox 669 5169 920 5229; x_wconf 88' lang='lat' dir='ltr'>tantum,</span> <span class='ocrx_word' id='word_1_606' title='bbox 956 5163 1059 5218; x_wconf 90' lang='lat' dir='ltr'>sed</span> <span class='ocrx_word' id='word_1_607' title='bbox 1086 5163 1263 5218; x_wconf 89' lang='lat' dir='ltr'>etiam</span> <span class='ocrx_word' id='word_1_608' title='bbox 1293 5161 1569 5217; x_wconf 85' lang='lat' dir='ltr'>homines</span> <span class='ocrx_word' id='word_1_609' title='bbox 1600 5159 2013 5215; x_wconf 83' lang='lat' dir='ltr'>immolarent:</span> 
     </span>
    </p>
   </div>
   <div class='ocr_carea' id='block_1_96' title="bbox 350 5249 2014 5328">
    <p class='ocr_par' dir='ltr' id='par_1_96' title="bbox 350 5249 2014 5328">
     <span class='ocr_line' id='line_1_96' title="bbox 350 5249 2014 5328; baseline -0.002 -21"><span class='ocrx_word' id='word_1_610' title='bbox 350 5271 479 5308; x_wconf 91' lang='lat' dir='ltr'>rem</span> <span class='ocrx_word' id='word_1_611' title='bbox 503 5254 806 5328; x_wconf 89' lang='lat' dir='ltr'>indignam</span> <span class='ocrx_word' id='word_1_612' title='bbox 833 5255 984 5327; x_wconf 67' lang='lat' dir='ltr'>tegre</span> <span class='ocrx_word' id='word_1_613' title='bbox 1006 5254 1204 5310; x_wconf 90' lang='lat' dir='ltr'>ferens</span> <span class='ocrx_word' id='word_1_614' title='bbox 1233 5269 1299 5307; x_wconf 90' lang='lat' dir='ltr'>ac</span> <span class='ocrx_word' id='word_1_615' title='bbox 1323 5253 1384 5306; x_wconf 90' lang='lat' dir='ltr'>in</span> <span class='ocrx_word' id='word_1_616' title='bbox 1407 5249 1670 5306; x_wconf 88' lang='lat' dir='ltr'>medium</span> <span class='ocrx_word' id='word_1_617' title='bbox 1694 5249 2014 5320; x_wconf 85' lang='lat' dir='ltr'>prosiliens</span> 
     </span>
    </p>
   </div>
   <div class='ocr_carea' id='block_1_97' title="bbox 348 5339 2014 5416">
    <p class='ocr_par' dir='ltr' id='par_1_97' title="bbox 348 5339 2014 5416">
     <span class='ocr_line' id='line_1_97' title="bbox 348 5339 2014 5416; baseline -0.004 -17"><span class='ocrx_word' id='word_1_618' title='bbox 348 5351 550 5416; x_wconf 81' lang='lat' dir='ltr'>aperte</span> <span class='ocrx_word' id='word_1_619' title='bbox 583 5345 719 5399; x_wconf 92' lang='lat' dir='ltr'>illos</span> <span class='ocrx_word' id='word_1_620' title='bbox 751 5344 1097 5415; x_wconf 84' lang='lat' dir='ltr'>increpavit,</span> <span class='ocrx_word' id='word_1_621' title='bbox 1121 5342 1283 5397; x_wconf 86' lang='lat' dir='ltr'>idola</span> <span class='ocrx_word' id='word_1_622' title='bbox 1304 5340 1614 5412; x_wconf 89' lang='lat' dir='ltr'>appellans</span> <span class='ocrx_word' id='word_1_623' title='bbox 1637 5339 1865 5410; x_wconf 91' lang='lat' dir='ltr'>lapides</span> <span class='ocrx_word' id='word_1_624' title='bbox 1884 5340 2014 5394; x_wconf 86' lang='lat' dir='ltr'>ani-</span> 
     </span>
    </p>
   </div>
   <div class='ocr_carea' id='block_1_98' title="bbox 347 5431 2013 5507">
    <p class='ocr_par' dir='ltr' id='par_1_98' title="bbox 347 5431 2013 5507">
     <span class='ocr_line' id='line_1_98' title="bbox 347 5431 2013 5507; baseline -0.002 -16"><span class='ocrx_word' id='word_1_625' title='bbox 347 5453 440 5491; x_wconf 85' lang='lat' dir='ltr'>ma</span> <span class='ocrx_word' id='word_1_626' title='bbox 478 5442 751 5491; x_wconf 90' lang='lat' dir='ltr'>carentes</span> <span class='ocrx_word' id='word_1_627' title='bbox 783 5443 842 5491; x_wconf 90' lang='lat' dir='ltr'>et</span> <span class='ocrx_word' id='word_1_628' title='bbox 869 5437 1051 5507; x_wconf 84' lang='lat' dir='ltr'>ligna.</span> <span class='ocrx_word' id='word_1_629' title='bbox 1086 5449 1339 5506; x_wconf 75' lang='lat' dir='ltr'>quaeque</span> <span class='ocrx_word' id='word_1_630' title='bbox 1371 5432 1483 5487; x_wconf 91' lang='lat' dir='ltr'>sibi</span> <span class='ocrx_word' id='word_1_631' title='bbox 1516 5433 1626 5503; x_wconf 91' lang='lat' dir='ltr'>ipsi</span> <span class='ocrx_word' id='word_1_632' title='bbox 1660 5447 1833 5502; x_wconf 90' lang='lat' dir='ltr'>opem</span> <span class='ocrx_word' id='word_1_633' title='bbox 1860 5431 2013 5488; x_wconf 83' lang='lat' dir='ltr'>ferre</span> 
     </span>
    </p>
   </div>
   <div class='ocr_carea' id='block_1_99' title="bbox 348 5521 2012 5597">
    <p class='ocr_par' dir='ltr' id='par_1_99' title="bbox 348 5521 2012 5597">
     <span class='ocr_line' id='line_1_99' title="bbox 348 5521 2012 5597; baseline -0.001 -18"><span class='ocrx_word' id='word_1_634' title='bbox 348 5525 450 5579; x_wconf 79' lang='lat'><strong>99</strong></span> <span class='ocrx_word' id='word_1_635' title='bbox 479 5527 818 5597; x_wconf 89' lang='lat' dir='ltr'>nequirent.</span> <span class='ocrx_word' id='word_1_636' title='bbox 851 5529 995 5580; x_wconf 91' lang='lat' dir='ltr'>Tum</span> <span class='ocrx_word' id='word_1_637' title='bbox 1043 5539 1177 5578; x_wconf 90' lang='lat' dir='ltr'>vero</span> <span class='ocrx_word' id='word_1_638' title='bbox 1235 5522 1310 5578; x_wconf 90' lang='lat' dir='ltr'>ab</span> <span class='ocrx_word' id='word_1_639' title='bbox 1358 5521 1708 5576; x_wconf 80' lang='lat' dir='ltr'>inﬁdelibus</span> <span class='ocrx_word' id='word_1_640' title='bbox 1736 5537 2012 5593; x_wconf 86' lang='lat' dir='ltr'>compre-</span> 
     </span>
    </p>
   </div>
   <div class='ocr_carea' id='block_1_100' title="bbox 350 5610 2015 5690">
    <p class='ocr_par' dir='ltr' id='par_1_100' title="bbox 350 5610 2015 5690">
     <span class='ocr_line' id='line_1_100' title="bbox 350 5610 2015 5690; baseline 0 -22"><span class='ocrx_word' id='word_1_641' title='bbox 350 5613 594 5680; x_wconf 87' lang='lat' dir='ltr'>hensus,</span> <span class='ocrx_word' id='word_1_642' title='bbox 623 5615 801 5672; x_wconf 90' lang='lat' dir='ltr'>variis</span> <span class='ocrx_word' id='word_1_643' title='bbox 851 5615 1114 5690; x_wconf 90' lang='lat' dir='ltr'>primum</span> <span class='ocrx_word' id='word_1_644' title='bbox 1172 5611 1486 5669; x_wconf 88' lang='lat' dir='ltr'>tormentis</span> <span class='ocrx_word' id='word_1_645' title='bbox 1516 5610 1906 5676; x_wconf 82' lang='lat' dir='ltr'>excruciatur,</span> <span class='ocrx_word' id='word_1_646' title='bbox 1947 5628 2015 5668; x_wconf 91' lang='lat' dir='ltr'>ac</span> 
     </span>
    </p>
   </div>
   <div class='ocr_carea' id='block_1_101' title="bbox 350 5693 2016 5777">
    <p class='ocr_par' dir='ltr' id='par_1_101' title="bbox 350 5693 2016 5777">
     <span class='ocr_line' id='line_1_101' title="bbox 350 5693 2016 5777; baseline 0.002 -21"><span class='ocrx_word' id='word_1_647' title='bbox 350 5699 594 5763; x_wconf 85' lang='lat' dir='ltr'>demum</span> <span class='ocrx_word' id='word_1_648' title='bbox 615 5693 918 5777; x_wconf 86' lang='lat' dir='ltr'>lapidibus</span> <span class='ocrx_word' id='word_1_649' title='bbox 936 5704 1234 5776; x_wconf 75' lang='lat' dir='ltr'>obruitur.</span> <span class='ocrx_word' id='word_1_650' title='bbox 1255 5709 1452 5776; x_wconf 77' lang='lat' dir='ltr'>Atque</span> <span class='ocrx_word' id='word_1_651' title='bbox 1482 5701 1566 5758; x_wconf 90' lang='lat' dir='ltr'>ita</span> <span class='ocrx_word' id='word_1_652' title='bbox 1593 5700 1669 5759; x_wconf 87' lang='lat' dir='ltr'>ad</span> <span class='ocrx_word' id='word_1_653' title='bbox 1694 5701 2016 5760; x_wconf 85' lang='lat' dir='ltr'>Dominum</span> 
     </span>
    </p>
   </div>
   <div class='ocr_carea' id='block_1_102' title="bbox 357 5789 681 5866">
    <p class='ocr_par' dir='ltr' id='par_1_102' title="bbox 357 5789 681 5866">
     <span class='ocr_line' id='line_1_102' title="bbox 357 5789 681 5866; baseline 0.022 -23"><span class='ocrx_word' id='word_1_654' title='bbox 357 5789 647 5866; x_wconf 56' lang='lat' dir='ltr'>migrant,</span> <span class='ocrx_word' id='word_1_655' title='bbox 679 5792 681 5794; x_wconf 72' lang='grc'><em>’</em></span> 
     </span>
    </p>
   </div>
   <div class='ocr_carea' id='block_1_103' title="bbox 2130 4796 3797 4872">
    <p class='ocr_par' dir='ltr' id='par_1_103' title="bbox 2130 4796 3797 4872">
     <span class='ocr_line' id='line_1_103' title="bbox 2130 4796 3797 4872; baseline -0.002 -21"><span class='ocrx_word' id='word_1_656' title='bbox 2130 4797 2392 4872; x_wconf 73' lang='grc' dir='ltr'>ἐκήρυττε</span> <span class='ocrx_word' id='word_1_657' title='bbox 2421 4799 2512 4853; x_wconf 84' lang='grc' dir='ltr'>τὸν</span> <span class='ocrx_word' id='word_1_658' title='bbox 2546 4800 2809 4868; x_wconf 80' lang='grc' dir='ltr'>Χριστόν·</span> <span class='ocrx_word' id='word_1_659' title='bbox 2847 4799 2937 4854; x_wconf 87' lang='grc' dir='ltr'>καὶ</span> <span class='ocrx_word' id='word_1_660' title='bbox 2967 4797 3216 4860; x_wconf 77' lang='grc' dir='ltr'>πολλοὺς</span> <span class='ocrx_word' id='word_1_661' title='bbox 3247 4802 3357 4852; x_wconf 83' lang='grc' dir='ltr'>τῶν</span> <span class='ocrx_word' id='word_1_662' title='bbox 3405 4796 3797 4871; x_wconf 71' lang='grc' dir='ltr'>προσερχομέ-</span> 
     </span>
    </p>
   </div>
   <div class='ocr_carea' id='block_1_104' title="bbox 2125 4882 3797 4964">
    <p class='ocr_par' dir='ltr' id='par_1_104' title="bbox 2125 4882 3797 4964">
     <span class='ocr_line' id='line_1_104' title="bbox 2125 4882 3797 4964; baseline -0.001 -24"><span class='ocrx_word' id='word_1_663' title='bbox 2125 4909 2232 4940; x_wconf 90' lang='grc' dir='ltr'>νων</span> <span class='ocrx_word' id='word_1_664' title='bbox 2266 4887 2412 4959; x_wconf 79' lang='grc' dir='ltr'>αὐτῷ</span> <span class='ocrx_word' id='word_1_665' title='bbox 2440 4887 2530 4942; x_wconf 77' lang='grc' dir='ltr'>ἐπὶ</span> <span class='ocrx_word' id='word_1_666' title='bbox 2560 4889 2655 4943; x_wconf 87' lang='grc' dir='ltr'>τὸτ</span> <span class='ocrx_word' id='word_1_667' title='bbox 2688 4889 2888 4964; x_wconf 63' lang='grc' dir='ltr'>Κύριον</span> <span class='ocrx_word' id='word_1_668' title='bbox 2921 4887 3284 4964; x_wconf 57' lang='grc' dir='ltr'>ἐπιπρὲρων,</span> <span class='ocrx_word' id='word_1_669' title='bbox 3318 4882 3591 4953; x_wconf 71' lang='grc' dir='ltr'>ἰϐάπτιζε.</span> <span class='ocrx_word' id='word_1_670' title='bbox 3651 4886 3797 4939; x_wconf 69' lang='grc' dir='ltr'>[Ιοτὶ</span> 
     </span>
    </p>
   </div>
   <div class='ocr_carea' id='block_1_105' title="bbox 2129 4973 3794 5050">
    <p class='ocr_par' dir='ltr' id='par_1_105' title="bbox 2129 4973 3794 5050">
     <span class='ocr_line' id='line_1_105' title="bbox 2129 4973 3794 5050; baseline -0.003 -19"><span class='ocrx_word' id='word_1_671' title='bbox 2129 4973 2186 5031; x_wconf 68' lang='grc' dir='ltr'>δὲ</span> <span class='ocrx_word' id='word_1_672' title='bbox 2217 4977 2402 5039; x_wconf 87' lang='grc' dir='ltr'>θυσίας</span> <span class='ocrx_word' id='word_1_673' title='bbox 2461 4976 2908 5050; x_wconf 69' lang='grc' dir='ltr'>ἐπιτελουμένης,</span> <span class='ocrx_word' id='word_1_674' title='bbox 2940 4979 3030 5033; x_wconf 86' lang='grc' dir='ltr'>καὶ</span> <span class='ocrx_word' id='word_1_675' title='bbox 3079 4978 3293 5032; x_wconf 85' lang='grc' dir='ltr'>πάντων</span> <span class='ocrx_word' id='word_1_676' title='bbox 3339 4979 3446 5030; x_wconf 77' lang='grc' dir='ltr'>τῶν</span> <span class='ocrx_word' id='word_1_677' title='bbox 3497 4973 3794 5042; x_wconf 83' lang='grc' dir='ltr'>Ἑλλήνων</span> 
     </span>
    </p>
   </div>
   <div class='ocr_carea' id='block_1_106' title="bbox 2132 5061 3793 5143">
    <p class='ocr_par' dir='ltr' id='par_1_106' title="bbox 2132 5061 3793 5143">
     <span class='ocr_line' id='line_1_106' title="bbox 2132 5061 3793 5143; baseline -0.004 -22"><span class='ocrx_word' id='word_1_678' title='bbox 2132 5067 2264 5140; x_wconf 84' lang='grc' dir='ltr'>μετᾶ</span> <span class='ocrx_word' id='word_1_679' title='bbox 2293 5065 2534 5137; x_wconf 79' lang='grc' dir='ltr'>σπουδῆς</span> <span class='ocrx_word' id='word_1_680' title='bbox 2569 5067 2975 5143; x_wconf 82' lang='grc' dir='ltr'>συντρεχόντων</span> <span class='ocrx_word' id='word_1_681' title='bbox 3009 5067 3095 5121; x_wconf 80' lang='grc' dir='ltr'>ἐπὶ</span> <span class='ocrx_word' id='word_1_682' title='bbox 3155 5067 3252 5128; x_wconf 74' lang='grc' dir='ltr'>τὰς</span> <span class='ocrx_word' id='word_1_683' title='bbox 3297 5065 3536 5139; x_wconf 73' lang='grc' dir='ltr'>μυσαρὰς</span> <span class='ocrx_word' id='word_1_684' title='bbox 3585 5061 3793 5132; x_wconf 78' lang='grc' dir='ltr'>θυσίας,</span> 
     </span>
    </p>
   </div>
   <div class='ocr_carea' id='block_1_107' title="bbox 2125 5153 3790 5227">
    <p class='ocr_par' dir='ltr' id='par_1_107' title="bbox 2125 5153 3790 5227">
     <span class='ocr_line' id='line_1_107' title="bbox 2125 5153 3790 5227; baseline -0.004 -16"><span class='ocrx_word' id='word_1_685' title='bbox 2125 5156 2215 5211; x_wconf 84' lang='grc' dir='ltr'>καὶ</span> <span class='ocrx_word' id='word_1_686' title='bbox 2248 5156 2486 5221; x_wconf 87' lang='grc' dir='ltr'>θυόντων</span> <span class='ocrx_word' id='word_1_687' title='bbox 2520 5157 2582 5211; x_wconf 84' lang='grc' dir='ltr'>οὐ</span> <span class='ocrx_word' id='word_1_688' title='bbox 2616 5157 2782 5226; x_wconf 87' lang='grc' dir='ltr'>μόνον</span> <span class='ocrx_word' id='word_1_689' title='bbox 2813 5159 3012 5227; x_wconf 83' lang='grc' dir='ltr'>κτήνη,</span> <span class='ocrx_word' id='word_1_690' title='bbox 3047 5153 3194 5211; x_wconf 78' lang='grc' dir='ltr'>ἀλλά</span> <span class='ocrx_word' id='word_1_691' title='bbox 3223 5155 3675 5223; x_wconf 78' lang='grc' dir='ltr'>καὶάνθρώπους,</span> <span class='ocrx_word' id='word_1_692' title='bbox 3709 5153 3790 5221; x_wconf 79' lang='grc' dir='ltr'>μή</span> 
     </span>
    </p>
   </div>
   <div class='ocr_carea' id='block_1_108' title="bbox 2128 5238 3790 5323">
    <p class='ocr_par' dir='ltr' id='par_1_108' title="bbox 2128 5238 3790 5323">
     <span class='ocr_line' id='line_1_108' title="bbox 2128 5238 3790 5323; baseline -0.005 -22"><span class='ocrx_word' id='word_1_693' title='bbox 2128 5245 2356 5323; x_wconf 80' lang='grc' dir='ltr'>ἐνεγκὼν</span> <span class='ocrx_word' id='word_1_694' title='bbox 2385 5249 2487 5316; x_wconf 67' lang='grc' dir='ltr'>τὴν</span> <span class='ocrx_word' id='word_1_695' title='bbox 2519 5247 2771 5315; x_wconf 85' lang='grc' dir='ltr'>ἀτοπίαν,</span> <span class='ocrx_word' id='word_1_696' title='bbox 2814 5247 2890 5309; x_wconf 64' lang='grc' dir='ltr'>εἷς</span> <span class='ocrx_word' id='word_1_697' title='bbox 2943 5247 3103 5320; x_wconf 64' lang='grc' dir='ltr'>μέσον</span> <span class='ocrx_word' id='word_1_698' title='bbox 3137 5244 3373 5311; x_wconf 73' lang='grc' dir='ltr'>σταθεὶς,</span> <span class='ocrx_word' id='word_1_699' title='bbox 3426 5240 3652 5317; x_wconf 75' lang='grc' dir='ltr'>ἤλεγξεν</span> <span class='ocrx_word' id='word_1_700' title='bbox 3687 5238 3790 5294; x_wconf 78' lang='grc' dir='ltr'>αὖ-</span> 
     </span>
    </p>
   </div>
   <div class='ocr_carea' id='block_1_109' title="bbox 2124 5328 3792 5414">
    <p class='ocr_par' dir='ltr' id='par_1_109' title="bbox 2124 5328 3792 5414">
     <span class='ocr_line' id='line_1_109' title="bbox 2124 5328 3792 5414; baseline -0.005 -24"><span class='ocrx_word' id='word_1_701' title='bbox 2124 5337 2250 5398; x_wconf 75' lang='grc' dir='ltr'>τοὺς</span> <span class='ocrx_word' id='word_1_702' title='bbox 2280 5342 2546 5414; x_wconf 77' lang='grc' dir='ltr'>φανερῶς’</span> <span class='ocrx_word' id='word_1_703' title='bbox 2605 5336 2694 5391; x_wconf 85' lang='grc' dir='ltr'>καὶ</span> <span class='ocrx_word' id='word_1_704' title='bbox 2750 5339 2818 5392; x_wconf 77' lang='grc' dir='ltr'>τὰ</span> <span class='ocrx_word' id='word_1_705' title='bbox 2875 5335 3081 5391; x_wconf 62' lang='grc' dir='ltr'>εἴδωλα</span> <span class='ocrx_word' id='word_1_706' title='bbox 3134 5336 3384 5410; x_wconf 75' lang='grc' dir='ltr'>ἀψύχους</span> <span class='ocrx_word' id='word_1_707' title='bbox 3443 5331 3634 5395; x_wconf 84' lang='grc' dir='ltr'>λίθους</span> <span class='ocrx_word' id='word_1_708' title='bbox 3693 5328 3792 5384; x_wconf 78' lang='grc' dir='ltr'>καὶ</span> 
     </span>
    </p>
   </div>
   <div class='ocr_carea' id='block_1_110' title="bbox 2125 5421 3784 5501">
    <p class='ocr_par' dir='ltr' id='par_1_110' title="bbox 2125 5421 3784 5501">
     <span class='ocr_line' id='line_1_110' title="bbox 2125 5421 3784 5501; baseline -0.004 -19"><span class='ocrx_word' id='word_1_709' title='bbox 2125 5427 2258 5498; x_wconf 64' lang='grc' dir='ltr'>ξύλα</span> <span class='ocrx_word' id='word_1_710' title='bbox 2290 5428 2608 5496; x_wconf 84' lang='grc' dir='ltr'>ἀπεκάλεσε,</span> <span class='ocrx_word' id='word_1_711' title='bbox 2641 5429 2728 5484; x_wconf 77' lang='grc' dir='ltr'>καὶ</span> <span class='ocrx_word' id='word_1_712' title='bbox 2759 5426 2898 5500; x_wconf 73' lang='grc' dir='ltr'>μηδὲ</span> <span class='ocrx_word' id='word_1_713' title='bbox 2930 5427 3116 5488; x_wconf 81' lang='grc' dir='ltr'>αὐτοῖς</span> <span class='ocrx_word' id='word_1_714' title='bbox 3170 5427 3440 5501; x_wconf 72' lang='grc' dir='ltr'>βοηθῆσαι</span> <span class='ocrx_word' id='word_1_715' title='bbox 3485 5421 3784 5493; x_wconf 83' lang='grc' dir='ltr'>δυνάμενα.</span> 
     </span>
    </p>
   </div>
   <div class='ocr_carea' id='block_1_111' title="bbox 2125 5513 3786 5593">
    <p class='ocr_par' dir='ltr' id='par_1_111' title="bbox 2125 5513 3786 5593">
     <span class='ocr_line' id='line_1_111' title="bbox 2125 5513 3786 5593; baseline -0.004 -19"><span class='ocrx_word' id='word_1_716' title='bbox 2125 5519 2260 5575; x_wconf 87' lang='grc' dir='ltr'>Τότε</span> <span class='ocrx_word' id='word_1_717' title='bbox 2317 5518 2609 5592; x_wconf 82' lang='grc' dir='ltr'>κρατηθεὶς</span> <span class='ocrx_word' id='word_1_718' title='bbox 2697 5518 2801 5572; x_wconf 82' lang='grc' dir='ltr'>ὑπὸ</span> <span class='ocrx_word' id='word_1_719' title='bbox 2856 5522 2965 5572; x_wconf 81' lang='grc' dir='ltr'>τῶν</span> <span class='ocrx_word' id='word_1_720' title='bbox 3025 5517 3290 5584; x_wconf 83' lang='grc' dir='ltr'>ἀπίστων,</span> <span class='ocrx_word' id='word_1_721' title='bbox 3349 5517 3441 5571; x_wconf 81' lang='grc' dir='ltr'>καὶ</span> <span class='ocrx_word' id='word_1_722' title='bbox 3501 5513 3786 5593; x_wconf 75' lang='grc' dir='ltr'>διαφόρως</span> 
     </span>
    </p>
   </div>
   <div class='ocr_carea' id='block_1_112' title="bbox 2127 5601 3789 5684">
    <p class='ocr_par' dir='ltr' id='par_1_112' title="bbox 2127 5601 3789 5684">
     <span class='ocr_line' id='line_1_112' title="bbox 2127 5601 3789 5684; baseline -0.002 -22"><span class='ocrx_word' id='word_1_723' title='bbox 2127 5606 2390 5683; x_wconf 88' lang='grc' dir='ltr'>πρότερον</span> <span class='ocrx_word' id='word_1_724' title='bbox 2429 5607 2794 5684; x_wconf 79' lang='grc' dir='ltr'>βασανισθεὶς,</span> <span class='ocrx_word' id='word_1_725' title='bbox 2826 5606 3047 5684; x_wconf 79' lang='grc' dir='ltr'>ὕστερον</span> <span class='ocrx_word' id='word_1_726' title='bbox 3078 5601 3473 5678; x_wconf 67' lang='grc' dir='ltr'>ἐλιθοὸολήθτγ</span> <span class='ocrx_word' id='word_1_727' title='bbox 3505 5605 3595 5661; x_wconf 85' lang='grc' dir='ltr'>καὶ</span> <span class='ocrx_word' id='word_1_728' title='bbox 3638 5601 3789 5659; x_wconf 74' lang='grc' dir='ltr'>οὕτω</span> 
     </span>
    </p>
   </div>
   <div class='ocr_carea' id='block_1_113' title="bbox 2124 5690 3276 5780">
    <p class='ocr_par' dir='ltr' id='par_1_113' title="bbox 2124 5690 3276 5780">
     <span class='ocr_line' id='line_1_113' title="bbox 2124 5690 3276 5780; baseline 0.003 -28"><span class='ocrx_word' id='word_1_729' title='bbox 2124 5698 2258 5780; x_wconf 83' lang='grc' dir='ltr'>πρὸς</span> <span class='ocrx_word' id='word_1_730' title='bbox 2289 5696 2493 5773; x_wconf 75' lang='grc' dir='ltr'>Κόριον</span> <span class='ocrx_word' id='word_1_731' title='bbox 2529 5694 2883 5775; x_wconf 82' lang='grc' dir='ltr'>ἐξεδήμησεν.</span> <span class='ocrx_word' id='word_1_732' title='bbox 3267 5690 3276 5695; x_wconf 48' lang='grc'><em>”</em></span> 
     </span>
    </p>
   </div>
  </div>
