4108 6422
307 383 428 441 457

873 515 1052 572 MHNI
1093 515 1186 592 Τῼ
1226 513 1424 590 arra.

1107 622 1190 678 lE'

299 714 509 786 Μνήμη
579 716 680 766 τοῦ
741 711 904 767 όσίου
945 711 1211 786 ,ΠατρὸςΔ
1264 712 1429 782 ἡμῶν
1514 704 1800 781 Θεοδώρου
1878 708 1976 760 τοῦ

943 782 1340 858 Ἠγιασμένου.

381 897 669 976 Θεόδωρος
727 899 756 955 ὁ
803 897 854 954 ἐν
919 896 1094 972 ἁγίοις
1153 897 1339 968 Πατὴρ
1400 897 1584 967 ἡμῶν,
1646 893 1674 947 ὁ
1734 891 1823 946 διὰ
1872 891 1972 959 τήν

307 992 578 1067 ἀγιότητα
639 990 730 1043 καὶ
796 987 1144 1062 καθαρότητα
1201 985 1521 1055 ἐπικληθεὶς
1591 981 1972 1058 Ἡγιασμένος,

307 1081 372 1136 ἐκ
433 1077 667 1156 βρέφους
735 1077 823 1132 τὸν
884 1077 1010 1131 Θεὸν
1069 1075 1378 1149 ἀγαπήσας,
1437 1073 1527 1127 καὶ
1602 1075 1672 1145 τῇ
1749 1071 1972 1139 ἀσκήσει

308 1167 622 1242 προελθὼν,
654 1166 747 1221 καὶ
787 1166 880 1220 τὸν
924 1169 1021 1219 τοῦ
1071 1167 1204 1218 Θεοῦ
1251 1161 1420 1235 νόμον
1471 1159 1751 1234 ἐπιμελῶς
1800 1156 1970 1232 μελε·-

304 1259 503 1327 τήσας,
552 1255 686 1316 ὅλος
745 1253 982 1330 καθαρὸς
1042 1251 1278 1326 ἐγένετο,
1335 1252 1423 1305 καὶ
1487 1254 1676 1311 σκεῦος
1733 1247 1974 1322 ἐκλογῆς

299 1349 394 1402 καὶ
430 1343 742 1420 εὔχρηστον
786 1340 875 1398 διὰ
921 1343 1021 1411 τήν
1081 1345 1187 1395 τῶν
1247 1338 1486 1395 ἐντολῶν
1543 1338 1821 1413 ἐργασίαν,
1878 1339 1970 1392 καὶ

298 1439 442 1492 Θεοῦ
501 1434 629 1496 ναὸς
685 1433 776 1489 καὶ
833 1432 1259 1504 κατοικητήριον
1319 1429 1498 1505 ἅγιον.
1560 1429 1666 1484 Καὶ
1724 1422 1966 1502 ὑπερϐὰς

296 1524 481 1579 πάντα
537 1524 606 1578 τά
663 1521 983 1597 φαινόμενα,
1041 1519 1133 1573 καὶ
1194 1518 1362 1592 ὁρατά
1417 1517 1508 1572 καὶ
1590 1515 1820 1595 φθαρτὰ,
1879 1515 1966 1570 καὶ

301 1615 398 1668 τὸν
447 1615 574 1666 νοῦν
601 1610 902 1686 ἐπαιρήσας
950 1613 1065 1672 τοῖς
1119 1613 1362 1676 νοητοῖς,
1417 1607 1509 1662 καὶ
1568 1608 1820 1679 ἀοράτοις
1877 1606 1964 1660 καὶ

308 1703 625 1779 ἀῳθάρτοις,
713 1701 1022 1772 ὁμόσκηνος
1108 1702 1188 1769 τῷ
1265 1698 1437 1773 [lupi
1529 1696 1816 1771 ΙΙαγωμίῳ
1872 1695 1968 1751 καὶ

314 1793 646 1864 ὁμότροπος,
695 1791 787 1844 καὶ
841 1795 958 1850 τοῖς
1002 1788 1118 1842 κατ’
1166 1785 1368 1842 ἐκεῖνον
1421 1785 1599 1861 ἁγίοις
1644 1783 1964 1859 ἀνεδείχθη·

1911 369 2196 435 MAIUS.

2009 505 2062 571 Α
2593 506 2694 562 99
2726 506 2968 564 EODEM
3009 503 3240 560 MENSE

3621 373 3740 431 458

2603 615 2706 669 Die
2738 614 2970 670 decima
3001 613 3213 685 quinta

2083 705 2349 759 Memoria
2409 706 2587 760 sancti
2637 705 2822 758 Patris
2880 705 3058 784 nostri
3127 699 3400 758 Theodori
3481 701 3741 772 Sanctiﬁ-

2846 781 2979 830 cati.

2159 884 2409 938 Sanctus
2439 885 2614 938 Pater
2643 887 2846 938 noster
2865 881 3226 946 Theodorus,
3250 887 3494 954 propter
3516 881 3739 937 sancti-

2082 977 2264 1026 tatem
2287 988 2356 1027 ac
2389 972 2707 1044 puritatem
2740 971 3100 1027 Sanctiﬁcati
3133 987 3350 1026 nomen
3374 971 3643 1043 adeptus,
3668 969 3742 1026 ab

2083 1059 2335 1116 infantia
2365 1061 2550 1116 Deum
2585 1061 2801 1116 amavit
2829 1077 2841 1115 :
2879 1067 2936 1116 et
2962 1060 3304 1131 religiosam
3359 1060 3741 1116 exercitatio-

2079 1165 2219 1204 nem
2242 1151 2634 1222 prieveniens,
2668 1150 2861 1221 legem
2894 1149 2994 1204 Dei
3029 1149 3279 1204 sollicite
3321 1149 3743 1205 meditabatur.

2081 1239 2246 1295 Unde
2271 1245 2329 1295 et
2351 1246 2508 1295 totus
2532 1256 2718 1312 purus
2739 1239 2868 1306 fuit,
2906 1244 2964 1293 et
2992 1255 3091 1293 vas
3124 1238 3378 1293 electum
3401 1245 3577 1310 atque
3610 1239 3736 1293 uti-

2078 1328 2134 1383 le
2167 1334 2408 1401 propter
2437 1329 2852 1385 mandatorum
2886 1328 3341 1395 observantiam,
3372 1333 3430 1382 et
3461 1328 3561 1383 Dei
3592 1333 3742 1382 tem-

2079 1418 2243 1490 plum
2266 1425 2658 1491 sanctumque
2691 1418 3120 1474 habitaculum.
3145 1417 3371 1474 Cuncta
3392 1419 3571 1490 igitur
3603 1419 3735 1474 visi-

2077 1506 2223 1562 bilia
2249 1514 2308 1563 et
2336 1507 2771 1580 corruptibilia,
2805 1523 3056 1578 quaeque
3086 1505 3194 1561 sub
3253 1506 3458 1562 oculos
3490 1505 3734 1575 cadunt,

2078 1613 2520 1670 supergressus,
2544 1603 2928 1667 mentemque
2949 1596 3023 1652 ad
3046 1595 3454 1669 intelligibilia
3475 1613 3606 1668 qua:
3625 1614 3738 1654 nec

2075 1685 2261 1741 videri
2293 1704 2402 1742 nec
2433 1686 2734 1758 corrumpi
2766 1691 3036 1757 possunt,
3066 1685 3324 1749 elevans,
3377 1691 3580 1742 sancto
3627 1688 3736 1742 Pa-

2076 1775 2312 1831 chomio
2345 1775 2593 1847 ejusque
2625 1775 2846 1830 sanctis
2877 1773 3054 1829 sociis
3099 1774 3547 1830 contubernalis
3596 1774 3730 1843 fuit,

315 1862 578 1943 δθενηκαὶ
634 1886 735 1948 τῆς
799 1877 1062 1954 μεγίστης
1116 1874 1454 1952 ποσηγορίας
1529 1879 1627 1930 τοῦ
1683 1873 1958 1945 κληθῆναι

2078 1870 2135 1920 et
2162 1864 2429 1919 moribus
2461 1864 2678 1919 similis
2709 1863 3002 1934 apparuit.
3038 1862 3202 1917 Unde
3235 1868 3294 1916 et
3323 1880 3598 1936 magnam
3619 1865 3732 1920 He-

312 1969 670 2041 Ἡγιασμένος
703 1968 850 2039 ἄξιος
881 1969 1088 2045 φανεὶς,
1137 1964 1365 2020 πολλῶν
1413 1963 1704 2037 θαυμάτων
1755 1960 1960 2018 ἐπλού-

304 2077 468 2126 τησεν
501 2055 797 2129 ἐνέργειαν.
831 2055 935 2110 Καὶ
986 2051 1095 2108 ’διὰ
1146 2057 1309 2107 τοῦτο
1367 2051 1674 2123 θαυμαστὸς
1729 2051 1819 2105 καὶ
1868 2070 1962 2104 πε-

302 2141 576 2220 ριϐόητος
607 2148 724 2208 τοῖς
753 2147 883 2197 πᾶσι
915 2143 1228 2217 γενόμενος,
1250 2140 1342 2196 καὶ
1369 2137 1618 2204 πολλοὺς
1649 2139 1960 2218 ὠφελήσας,

299 2236 365 2290 ού
405 2236 573 2308 μόνον
617 2232 706 2289 διὰ
732 2237 830 2289 τοῦ
861 2233 1055 2309 λόγου,
1086 2229 1235 2287 ἀλλά
1263 2230 1353 2285 καὶ
1385 2234 1484 2285 τοῦ
1515 2229 1637 2306 βίου
1686 2229 1872 2300 αὑτοῦ,
1905 2227 1959 2284 ἐν

297 2326 603 2401 βαθυτάτῳ
633 2325 778 2400 γήρᾳ
805 2321 944 2396 πρὸς
980 2321 1110 2377 Θεὸν
1144 2316 1492 2394 ἐξεδήμησεν.

301 2488 408 2542 Καὶ
475 2507 672 2562 μνημη
725 2488 822 2539 τοῦ
880 2479 1416 2609 άγίουιἋχιλλίου,
1491 2479 1792 2536 ἐπισκόπου
1850 2487 1962 2535 Λα-

1025 2575 1054 2609 ο
1085 2575 1240 2609 conc.

1025 2575 1240 2631 ρισσης.

373 2645 676 2722 Ἀχίλλιος
716 2646 744 2700 ὁ
785 2645 1229 2720 Θαυματουργὸς,
1290 2643 1510 2717 ὑπῆρχε
1567 2642 1663 2716 μὶν
1713 2642 1800 2697 ἐπὶ
1859 2649 1959 2712 τῆς

300 2735 594 2814 βασιλείας
656 2732 1069 2792 Κωνσταντίνου
1123 2736 1221 2787 τοῦ
1287 2729 1561 2806 Μεγάλου·
1620 2733 1958 2803 Χριστιανῶν

297 2823 359 2880 δὲ
390 2828 601 2898 γονέων
637 2823 900 2897 ὑπάρχων
959 2821 1096 2890 υἱὸς,
1137 2819 1188 2893 ἐξ
1237 2818 1457 2875 ἐκείνων
1513 2816 1803 2889 ἐπαιδεύθη
1858 2819 1958 2887 τήν

297 2909 606 2982 εὐσέϐειαν,
643 2912 830 2984 μαθὼν
859 2910 950 2966 καὶ
979 2915 1088 2965 τῶν
1147 2904 1249 2982 ἔξω
1298 2912 1479 2985 σοφῶν
1525 2907 1592 2963 τὰ
1642 2908 1958 2981 μαθήματα.

299 3005 432 3061 Εἶτα
486 3001 579 3057 καὶ
639 3002 740 3069 τὴν
791 2999 936 3055 θείαν
995 2999 1214 3075 Γραφὴν
1273 2996 1554 3070 ἐπιμελῶς
1635 2994 1958 3070 μελετήσας,

299 3094 393 3149 καὶ
451 3091 612 3167 λόγῳ
668 3089 758 3146 καί
815 3090 979 3164 ἀρετῇ
1033 3087 1219 3143 ἑαυτὸν
1279 3086 1584 3162 ῥυθμήσας,
1671 3085 1959 3162 ἀρχιερεὺς

299 3181 704 3258 ἐχειροτονήθη
766 3179 1068 3252 Λαρίσσης.
1130 3175 1228 3230 Καὶ
1295 3174 1482 3231 πολλὰ
1555 3177 1961 3248 κατορθώματα

289 3245 385 3326 καὶ
428 3245 694 3340 ’θαύματα
746 3263 1147 3338 ἐκδειξάμενος,
1200 3265 1527 3340 παρεγένετο
1582 3264 1670 3318 καὶ
1723 3264 1798 3325 εἰς
1855 3245 2028 3332 τήνῧ

289 3361 434 3415 κατᾶ
493 3359 720 3413 Νίκαιαν
782 3353 1030 3426 σύνοδον,
1093 3355 1230 3427 μετά
1284 3357 1392 3408 τῶν
1445 3353 1600 3408 θείων
1680 3353 1956 3422 ΙΙατέρων,

294 3451 439 3504 κατά
469 3446 690 3521 Ἀρείου
721 3449 819 3500 τοῦ
858 3445 1155 3519 αἱρετικοῦ,
1219 3443 1350 3517 ὑπὲρ
1407 3447 1513 3498 τῶν
1567 3445 1669 3507 τῆς
1729 3441 1957 3516 όρθοδο-

311 3539 427 3607 ξίας
455 3536 737 3611 δογμάτων
769 3533 954 3596 καλῶς
1009 3533 1436 3610 ἀγωνισάμενος,
1483 3532 1573 3587 καὶ
1629 3532 1756 3595 τοὺς
1806 3535 1957 3608 αἰρε-

313 3626 505 3684 τικους
538 3626 918 3700 καταισχύνας,
971 3621 1283 3696 ἐθαυμάσθη
1345 3623 1448 3677 ὑπὸ
1505 3623 1741 3680 πάντων.
1799 3623 1961 3676 Ὑπο-

322 3714 558 3788 στρέψας
590 3710 643 3767 δέ
676 3714 776 3769 ἀπὸ
835 3712 1060 3773 Νικαίας
1119 3711 1195 3774 εἷς
1239 3711 1328 3766 τὸν
1395 3709 1533 3766 ἴδιον
1597 3705 1812 3780 θιεὸνον,
1870 3711 1960 3766 καὶ

319 3801 512 3858 πολλά
539 3803 772 3876 θαύματα
802 3802 1193 3878 ἐργασάμενος,
1223 3802 1311 3855 καὶ
1344 3799 1510 3864 ναοὺς
1547 3797 1838 3876 διαφόρους
1868 3799 1960 3855 καὶ

313 3890 592 3967 μεγάλους
622 3893 897 3967 ἀνεγείρας
948 3895 1024 3953 εἰς
1081 3893 1220 3945 Θεοῦ
1273 3886 1427 3960 δόξαν
1485 3888 1576 3944 καὶ
1631 3893 1740 3962 τῷν
1790 3891 1959 3964 ἁγίων

301 3983 495 4052 αὐτοῦ,
528 3985 662 4059 πρὸς
697 3983 853 4038 αὐτὸν
889 3979 1195 4053 ἐξεδήμησε
1224 3979 1460 4056 χαίρων.

296 4101 401 4157 Καὶ
434 4099 668 4171 ἄθλησις
695 4104 792 4156 τοῦ
819 4099 973 4175 ἁγίου
1007 4100 1282 4188 μάρτυρος
1331 4095 1662 4173 Ἡρακλείου
1711 4097 1800 4153 καὶ
1851 4104 1959 4153 τῶν

978 4171 1074 4226 σὺν
1089 4171 1277 4243 αὐτῷ.

373 4272 440 4328 Οἱ
472 4274 572 4325 τοῦ
611 4273 850 4344 Χριστοῦ
911 4270 1202 4345 μάρτυρες,
1260 4266 1608 4343 Ἡράκλειος,
1664 4267 1964 4340 Παυλῖνος,

295 4362 390 4417 καὶ
445 4359 769 4434 Βενέδιμος,
828 4360 882 4416 ἐν
943 4361 1199 4430 ’Δθήναις
1251 4362 1320 4432 τῇ
1379 4353 1540 4414 πόλει
1601 4359 1962 4434 ὑπάρχοντες,

292 4452 392 4506 καὶ
456 4448 778 4523 Χριστιανοὶ
832 4445 1002 4519 ὅντες,
1090 4447 1384 4524 ἐκήρυττον
1439 4449 1502 4503 τὸ
1566 4451 1664 4502 τοῦ
1723 4447 1964 4524 Χριστοῦ

295 4538 482 4615 ὄνομα
514 4539 813 4616 παρρησίᾳ,
843 4541 1046 4602 πάντας
1076 4540 1208 4601 τοὺς
1259 4536 1668 4612 είδωλολάτρας
1719 4537 1961 4614 προτρέ-

296 4651 503 4692 ποντες
532 4628 848 4706 ἐπιστρέψαι
908 4629 1015 4684 ἀπὸ
1071 4633 1180 4684 τῶν
1240 4628 1486 4702 ματαίων
1547 4625 1814 4697 εἰδώλων,
1872 4640 1964 4694 καὶ

305 4721 682 4796 βαπτισθῆναι
739 4717 815 4780 είς
866 4719 930 4774 τὸ
989 4714 1164 4791 ὄνομα
1219 4721 1317 4772 τοῦ
1394 4717 1629 4793 Πατρὸς,
1701 4718 1792 4772 καὶ
1867 4721 1964 4772 τοῦ

297 4812 456 4878 Υἱοῦ,
509 4810 603 4864 καὶ
657 4813 754 4864 τοῦ
808 4807 963 4883 ἁγίου
1021 4807 1359 4880 Πνεύματος.
1424 4807 1524 4861 Διά
1595 4811 1758 4861 τοῦτο
1829 4827 1961 4880 κρα-

298 4899 562 4968 τηθέντες
638 4899 784 4972 παρά
858 4901 965 4951 τῶν
1055 4894 1497 4970 είδωλολατρῶν,
1584 4893 1962 4969 παρεδόθησαν

299 4993 384 5059 τῷ
443 4992 554 5042 τῶν
614 4987 859 5057 Ἀθηνῶν
916 4982 1166 5061 ἄρχοντι·
1224 4984 1315 5040 καὶ
1402 4983 1760 5058 ἐρωτηθέντες
1840 5005 1964 5040 συν-

304 5080 479 5147 ήθως,
543 5074 917 5150 ὡμολόγησαν
975 5077 1067 5130 τὸν
1136 5076 1398 5149 Χριστὸν,
1481 5071 1788 5148 διδάξαντες
1867 5075 1963 5148 μὶν

300 5167 466 5222 αὐτὸν
497 5167 627 5222 Θεὸν
674 5164 935 5234 ἀληθινὸν
970 5162 1115 5232 ὄντα,
1156 5164 1245 5220 καὶ
1292 5165 1641 5237 Δημιουργὸν
1697 5171 1800 5233 τῆς
1844 5163 1964 5219 κτί-

298 5279 459 5319 σεως’
494 5256 562 5310 τά
613 5253 670 5310 δέ
727 5252 933 5310 εἷ’δωλα
987 5252 1160 5327 ψευδῆ
1217 5252 1619 5327 ἀναπλάσματα
1675 5254 1735 5309 ἐκ
1793 5254 1962 5318 λίθων

296 5349 391 5402 καὶ
426 5344 609 5418 ξύλων
643 5344 1107 5417 κατεσκευασμένα
1153 5343 1242 5399 καὶ
1288 5347 1495 5419 τέχνης
1543 5338 1696 5418 ἔργα.
1750 5350 1966 5419 Παρορ-

296 5437 555 5512 γίσαντες
587 5434 679 5490 οὖν
713 5434 806 5490 τὸν
860 5432 1125 5509 ἄρχοντα,
1175 5435 1226 5488 ἐν
1277 5438 1356 5505 τῷ
1401 5433 1502 5501 τήν
1559 5433 1820 5504 ἀλήθειαν
1873 5431 1964 5489 λέ-

291 5549 430 5603 γειν,
497 5525 807 5603 ἐτύφθησαν
870 5524 1136 5600 ἰσχυρῶς
1194 5523 1285 5579 καὶ
1366 5520 1455 5578 διὰ
1529 5525 1706 5594 πάσης
1785 5521 1966 5594 ἄλλης

294 5616 574 5693 τιμωρίας
630 5614 906 5690 πρότερον
965 5611 1297 5679 διελθόντες,
1357 5612 1577 5688 ὕστερον
1663 5613 1797 5686 μετὰ
1854 5617 1960 5668 τῶν

2074 1955 2389 2028 giasmeni,
2423 1955 2534 2009 hoc
2568 1959 2677 2019 est,
2706 1953 3089 2017 Sanctificati,
3115 1952 3576 2024 appellationem
3596 1971 3733 2025 pro-

2074 2045 2314 2109 meruit,
2349 2049 2408 2098 et
2439 2043 2764 2099 multorum
2796 2042 3225 2097 miraculorum
3256 2047 3521 2113 patrator
3551 2043 3728 2098 exsti-

2075 2133 2162 2188 tit.
2199 2132 2596 2199 Quamobrem
2624 2131 2995 2187 admirabilis
3027 2137 3085 2186 et
3115 2131 3311 2186 clarus
3341 2131 3497 2202 apud
3521 2148 3731 2188 omnes

2075 2225 2340 2286 allectus,
2374 2240 2509 2278 cum
2543 2240 2663 2277 non
2688 2237 2961 2277 sermone
2994 2227 3247 2288 tantum,
3273 2221 3376 2276 sed
3400 2222 3575 2277 etiam
3599 2222 3729 2278 vitm

2073 2312 2340 2368 moribus
2371 2312 2646 2384 plurimis
2676 2311 3016 2384 profuisset,
3047 2311 3109 2367 in
3140 2311 3609 2383 profundissima
3637 2327 3729 2367 se-

2071 2406 2310 2457 nectute
2337 2402 2411 2458 ad
2442 2401 2627 2457 Deum
2661 2401 2951 2474 migravit.

2200 2493 2264 2545 Et
2292 2491 2558 2546 memoria
2585 2493 2764 2546 sancti
2801 2489 3052 2550 Achillii.
3081 2487 3324 2559 episcopi
3350 2491 3600 2547 Larissae.

2144 2669 2435 2725 Achillius
2456 2670 2928 2742 Thaumaturgus
2959 2669 3162 2724 floruit
3190 2670 3551 2742 imperatore
3573 2671 3728 2728 Con-

2075 2759 2337 2816 stantino
2368 2761 2595 2832 Magno.
2629 2762 2772 2814 Cum
2800 2764 2998 2814 autem
3025 2759 3496 2815 Christianorum
3518 2775 3727 2831 paren-

2072 2855 2197 2905 tum
2222 2848 2380 2903 ﬁlius
2404 2855 2578 2914 esset,
2605 2848 2677 2902 ab
2710 2849 2804 2902 his
2831 2849 3112 2918 pietatem
3137 2849 3403 2915 edoctus,
3429 2853 3488 2906 et
3503 2855 3730 2904 extero-

2072 2955 2203 2993 rum
2235 2937 2572 3008 sapientum
2605 2936 2925 3008 disciplina
2949 2936 3277 3004 institutus,
3311 2937 3527 2992 deinde
3549 2938 3729 2994 etiam

2071 3028 2134 3083 in
2167 3027 2381 3082 divina)
2413 3026 2731 3096 Scripturaa
2763 3025 3150 3080 meditatione
3181 3025 3500 3098 diligenter
3518 3027 3728 3082 excul-

2070 3123 2186 3184 tus,
2219 3132 2453 3171 necnon
2484 3131 2759 3170 sermone
2791 3120 2850 3170 et
2879 3114 3092 3169 virtute
3124 3115 3387 3185 seipsum
3411 3131 3727 3184 exornans,

2071 3207 2317 3262 Larissae
2341 3204 2604 3277 pontifex
2622 3203 3128 3259 initiatur.Postea
3145 3202 3218 3258 ob
3234 3203 3422 3259 multa
3445 3204 3730 3275 prmolare

2067 3302 2250 3369 gesta,
2286 3294 2563 3364 editaque
2594 3293 2884 3348 miracula
2909 3293 3141 3347 illustre
3193 3309 3406 3348 nomen
3455 3292 3726 3364 adeptus,

2065 3402 2186 3440 una
2211 3401 2346 3439 cum
2381 3382 2597 3438 divinis
2628 3381 2902 3438 Patribus
2943 3381 3197 3437 concilio
3249 3383 3484 3436 Nicaano
3539 3381 3729 3438 adfuit

2065 3475 2345 3530 adversus
2375 3473 2580 3526 Arium
2613 3472 2979 3527 hmreticum.
3014 3473 3157 3526 Cum
3188 3489 3324 3527 vero
3357 3478 3600 3543 propter
3629 3489 3728 3526 0r-

2066 3563 2385 3618 tbodoxam
2400 3561 2774 3616 doctrinam]
2789 3562 2891 3615 00
2905 3567 3145 3615 strenue
3161 3559 3728 3630 decertasset,atque

2067 3653 2380 3707 haereticos
2403 3649 2794 3712 confudisset,
2813 3650 3082 3704 omnium
3097 3649 3552 3704 admirationem
3569 3649 3726 3704 exci-

2068 3744 2524 3799 tavit.Reversus
2549 3747 2746 3796 autem
2773 3758 2841 3796 ex
2856 3741 2999 3795 urbe
3015 3741 3206 3796 Nicara
3223 3741 3298 3796 ad
3317 3757 3483 3796 suam
3501 3740 3725 3807 sedem,

2068 3851 2202 3889 cum
2262 3833 2452 3887 multa
2511 3837 2806 3902 patrasset
2860 3830 3170 3895 miracula,
3255 3830 3607 3900 diversaque
3668 3833 3728 3884 et

2067 3939 2284 3994 magna
2314 3920 2538 3992 templa
2567 3920 2640 3975 ad
2672 3920 2772 3974 Dei
2809 3925 3271 3991 sanctorumque
3305 3921 3434 3991 ejus
3476 3918 3726 3992 gloriam

2071 4011 2408 4076 excitasset,
2439 4009 2706 4081 gaudens
2736 4009 2808 4064 ad
2843 4009 3160 4064 Dominum
3191 4009 3482 4081 migravit.

2068 4109 2132 4163 Et
2190 4113 2467 4163 certamen
2517 4109 2695 4161 sancti
2750 4107 3013 4176 martyiis

2817 4193 2964 4232 rum.

2141 4279 2426 4347 Martyres
2456 4274 2672 4329 Christi
2705 4274 3031 4341 Heraclius,
3059 4273 3345 4329 Paulinus
3395 4278 3454 4329 et
3483 4272 3728 4328 Benedi-

2069 4383 2223 4433 mus,
2258 4382 2326 4420 ex
2357 4363 2505 4420 urbe
2537 4363 2903 4418 Athenarum
2934 4362 3197 4424 oriundi.
3238 4378 3375 4418 cum
3405 4361 3726 4418 Christiani

2071 4459 2290 4521 essent,
2317 4469 2531 4524 magna
2553 4468 2687 4507 cum
2710 4450 2927 4506 fiducia
2943 4451 3159 4506 Christi
3183 4467 3404 4506 nomen
3435 4450 3725 4523 praedica-

2071 4545 2234 4608 bant,
2265 4557 2590 4612 omnesque
2611 4539 2959 4596 idololatras
2979 4540 3390 4607 hortabantur,
3419 4545 3486 4595 ut
3509 4557 3542 4596 a
3563 4539 3731 4595 vanis

3098 4105 3346 4161 Heraclii
3429 4109 3480 4160 et
3551 4107 3726 4161 socio-

2074 4633 2250 4688 idolis
2281 4630 2652 4694 recederent,
2685 4635 2744 4685 et
2773 4629 3212 4700 baptizarentur
3240 4630 3301 4684 in
3349 4630 3591 4685 nomine
3623 4631 3730 4684 Pa-

2074 4723 2202 4784 tris,
2238 4726 2296 4775 et
2326 4719 2479 4784 Filii,
2512 4725 2571 4774 et
2588 4719 2840 4790 Spiritus
2867 4718 3478 4784 sancti.Quamobrem
3504 4719 3576 4774 ab
3603 4718 3730 4772 ido-

2075 4810 2304 4866 lolatris
2318 4825 2444 4864 com
2453 4809 3122 4880 prehensi,Athenarum
3137 4809 3376 4880 praesidi
3395 4809 3730 4864 traduntur.

2080 4903 2347 4971 Cumque
2380 4898 2452 4953 de
2469 4915 2633 4954 more
2657 4899 3002 4971 interrogati
3029 4905 3250 4959 essent.
3274 4900 3572 4955 Christum
3594 4915 3730 4970 pro~

2077 4991 2337 5057 ﬁtentes,
2365 4988 2659 5044 docebant
2682 4989 2875 5059 ipsum
2893 4990 3076 5044 Deum
3091 5005 3294 5044 verum
3310 5005 3536 5056 esse,ac
3559 4992 3735 5043 Crea-

2076 5085 2264 5135 torem
2295 5077 2554 5134 universi
2582 5095 2596 5144 ;
2631 5077 2791 5132 idola
2821 5094 2956 5132 vero
2986 5078 3137 5133 falsa
3169 5079 3470 5151 figmenta,
3501 5094 3568 5132 ex
3590 5075 3735 5146 lapi-

2076 5169 2250 5225 dibus
2282 5173 2341 5223 et
2365 5167 2544 5240 lignis
2575 5167 2866 5233 confecta,
2887 5184 2954 5223 ac
2977 5168 3122 5223 artis
3143 5185 3344 5238 opera.
3371 5168 3530 5221 Hanc
3556 5164 3736 5235 igitur

2072 5259 2382 5313 veritatem
2416 5255 2738 5327 loquendo,
2773 5256 2834 5310 in
2868 5257 3015 5312 iram
3040 5257 3375 5312 excitarunt
3402 5252 3733 5325 praesidem,

2076 5349 2250 5419 cujus
2275 5347 2450 5418 jussu
2478 5345 2804 5400 crudeliter
2844 5346 2977 5400 caesi
3033 5351 3190 5413 sunt,
3247 5361 3314 5399 ac
3366 5341 3570 5412 quovis
3619 5339 3735 5396 alio

2076 5442 2372 5492 tormento
2405 5435 2665 5506 primum
2689 5436 3006 5490 excruciati
3035 5452 3047 5501 ;
3070 5440 3276 5505 postea
3304 5448 3439 5486 vero
3462 5446 3580 5484 una
3601 5445 3739 5484 cum

2078 5525 2390 5597 discipulis
2412 5525 2537 5580 suis
2569 5524 2630 5579 in
2663 5525 2966 5596 ingentem
2997 5523 3152 5596 ignis
3182 5522 3483 5576 fornacem
3507 5518 3736 5589 injecti,

2077 5616 2259 5671 finem
2289 5613 2522 5670 vivendi
2553 5613 2841 5670 fecerunt.

299 5713 568 5782 μαθητῶν
603 5707 787 5762 αὐτῶν
823 5703 900 5766 εἷς
932 5704 1163 5778 κάμινον
1201 5702 1445 5780 μεγάλην
1471 5698 1846 5776 ἐμϐληθέντας
1875 5703 2067 5780 πυρὸς,
2099 5699 2517 5773 ἐτελειώθησαν.

585 5827 856 5890 Parnm.
902 5827 1026 5886 GR.
1067 5823 1310 5886 CXVII.

3374 5817 3452 5877 15
