4108 6438
361 453 484 514 459

1695 437 2122 501 MENOLOGll
2171 439 2375 499 PARS
2422 440 2527 501 lll.

3662 437 3788 498 460

363 589 429 642 Ει
478 591 748 641 certamen
803 583 979 637 sancti
1055 581 1208 635 Petri
1279 577 1540 648 martyris
1614 580 1666 630 et
1743 573 2015 630 sociorum

2149 568 2236 624 {ai
2285 568 2517 641 ἄθλησις
2570 573 2668 626 τοῦ
2727 569 2906 648 ἁγίου-
2942 572 3221 648 μάρτυρας
3280 569 3488 647 Πέτρου
3544 568 3634 625 καὶ
3681 577 3788 640 τῆς

1118 652 1255 722 ejus.

440 795 647 846 Petrus
677 789 894 844 Christi
927 793 1153 859 martyr
1199 802 1269 841 ex
1321 786 1644 856 Lampsaco
1692 780 1842 836 urbe
1888 778 2019 835 fuit.

362 883 840 953 Comprehensus
862 886 1061 935 autem
1084 878 1157 934 ab
1190 877 1486 932 idolorum
1512 871 2024 943 cultoribus.praa-

364 972 475 1026 sidi
513 971 699 1041 Abydi
735 970 1007 1024 traditur.
1040 970 1312 1038 Cumque
1342 965 1520 1021 idolis
1552 961 1887 1019 sacriﬁcare
1918 958 2022 1013 de-

364 1066 662 1127 trectaret,
687 1059 942 1114 contrito
968 1058 1141 1131 lignis
1164 1071 1431 1127 corpore,
1458 1052 1733 1125 spiritum
1758 1047 2019 1104 tradidit.

364 1150 584 1205 Paulus
616 1154 815 1205 autem
849 1154 907 1204 et
936 1148 1225 1213 Andreas,
1259 1146 1362 1217 qui
1405 1143 1513 1199 sub
1569 1141 1778 1197 eodem
1830 1135 2021 1211 Abydi

363 1238 617 1311 praeside
649 1239 872 1293 milites
905 1243 1094 1307 erant,
1127 1252 1248 1292 una
1279 1251 1414 1291 cum
1468 1232 1572 1287 illo
1617 1230 1878 1286 Athenas
1922 1242 2024 1281 ve-

364 1328 620 1383 nientes.
646 1328 995 1399 Dionysium
1021 1332 1080 1382 et
1099 1325 1461 1382 Christinam
1483 1319 1948 1392 comprehensos
1967 1319 2026 1371 et

366 1419 430 1472 in
457 1432 756 1472 carcerem
791 1416 1085 1481 detrusos,
1130 1414 1289 1486 jussi
1321 1416 1464 1468 sunt
1493 1408 1814 1466 custodire.
1848 1405 1960 1461 Sed
1991 1419 2028 1460 a

367 1511 574 1561 sancta
603 1506 903 1561 Christina
943 1505 1157 1572 edocti,
1212 1503 1405 1576 patrio
1457 1499 1756 1555 idolorum
1802 1510 2026 1565 errore,

367 1613 546 1669 quem
585 1613 619 1653 a
652 1596 979 1668 majoribus
1009 1598 1383 1666 acceperant,
1417 1589 1726 1655 derelicto,
1758 1585 1832 1642 ad
1853 1583 2023 1641 Chri-

366 1692 523 1742 stum
547 1702 851 1742 accessere
866 1729 876 1741 .
891 1683 1256 1757 Deprehensi
1284 1683 1506 1753 itaque,
1521 1677 1682 1750 quod
1703 1673 2025 1732 Christiani

370 1781 594 1842 essent,
648 1776 780 1848 ipsi,
843 1776 990 1831 101
1059 1775 1330 1846 inquam,
1390 1775 1449 1826 et
1505 1766 1845 1839 Dionysius,
1903 1761 2027 1835 pri-

372 1882 536 1921 mum
568 1866 808 1935 quidem
851 1864 1133 1936 plurimis
1186 1860 1517 1934 suppliciis,
1568 1856 1730 1929 quod
1774 1853 2027 1925 impuris
2062 1916 2093 1936 Δ

2724 640 2973 706 συνοδίας
3000 640 3187 701 αὐτοῦ.

2203 775 2432 852 Πέτρος,
2467 777 2495 831 ὁ
2525 781 2623 832 τοῦ
2677 776 2916 853 Χριστοῦ
2975 775 3203 852 μάρτυς,
3254 774 3321 845 ἦν
3373 772 3433 830 ἐκ
3480 774 3792 847 Λαμψάκου

2131 867 2230 927 τῆς
2259 866 2479 929 πόλεως
2537 866 2827 943 κρατηθεὶς
2878 863 2935 922 δὲ
2990 867 3138 942 παρά
3182 869 3290 921 τῶν
3341 862 3790 939 εἷδωλολατρῶν,

2133 952 2410 1031 παρεδόθη
2441 957 2522 1029 τῷ
2553 965 2654 1026 τῆς
2684 952 2919 1014 Ἀϐύδου
2971 954 3221 1033 ἄρχοντιο
3276 955 3363 1011 καὶ
3423 955 3501 1029 μή
3550 955 3792 1017 πεισθεὶς

2134 1047 2291 1108 θῦσαι
2346 1050 2463 1107 τοῖς
2518 1043 2797 1116 εἰδώλοις,
2858 1043 3044 1115 ξύλοις
3129 1039 3431 1117 συντριϐεὶς
3486 1041 3550 1098 τὸ
3604 1047 3790 1115 σῶμα,

2132 1131 2417 1208 παρέδωκε
2471 1136 2535 1189 τὸ
2593 1138 2830 1207 πνεῦμα.
2890 1132 3106 1196 Παῦλος
3192 1131 3251 1188 δὶ
3335 1131 3424 1188 καὶ
3505 1130 3792 1207 Ἀνδρέας,

2134 1225 2552 1300 στρατευόμενοι
2586 1224 2688 1278 ὑπὸ
2745 1227 2824 1295 τῷ
2882 1222 3030 1296 αὐτῷ
3084 1229 3184 1292 τῆς
3242 1216 3480 1278 Ἀϐύδου
3538 1220 3793 1297 ἄρχοντι,

2135 1311 2230 1367 σὺν
2263 1312 2448 1387 ἐκείνῳ
2475 1314 2572 1375 τάς
2621 1313 2854 1383 Ἀθήνας
2898 1305 3227 1380 κατέλαϐον,
3285 1310 3376 1365 καὶ
3422 1312 3791 1385 κρατηθέντας

2135 1401 2419 1457 Διονύσιον
2474 1400 2564 1457 καὶ
2622 1401 2933 1478 Χριστίναν,
3016 1399 3106 1455 καὶ
3193 1402 3413 1478 φυλακῇ
3497 1420 3791 1473 παραπεμ-

2135 1490 2362 1569 φθέντας
2410 1490 2863 1567 προσετάχθησαν
2926 1488 3239 1567 φυλάττειν.
3291 1489 3360 1546 Ol
3408 1484 3466 1543 δὲ
3526 1488 3630 1544 ὑπὸ
3685 1495 3794 1557 τῆς
3850 1532 3859 1538 .

2136 1579 2290 1654 ἁγίας
2345 1579 2639 1656 Χριστίνης
2728 1576 3098 1654 διδαχθέντες,
3155 1577 3369 1652 ἀφῆκαν
3426 1577 3527 1645 τὴν
3585 1597 3795 1651 πατρο-

2135 1666 2446 1743 παράδοτον
2479 1667 2693 1739 πλάνην
2746 1672 2855 1722 τῶν
2903 1664 3172 1736 εἰδώλων,
3220 1665 3311 1721 καὶ
3365 1665 3681 1740 προσῆλθον
3715 1670 3799 1738 τῷ

2135 1760 2372 1833 Χριστιῖν
2425 1759 2512 1814 καὶ
2576 1756 2929 1833 γνωσθέντες,
2989 1756 3072 1812 ὅτι
3140 1755 3462 1832 Χριστιανοὶ
3519 1752 3797 1831 ἐγένοντο,

2140 1848 2293 1904 αὐτοὶ
2328 1849 2422 1922 μὲν
2454 1848 2543 1903 καὶ
2576 1847 2881 1918 Διονύσιος,
2926 1847 3193 1921 πρότερον
3242 1844 3481 1907 πολλαῖς
3536 1844 3797 1919 βασάνοις

374 1955 688 2011 daemoniis
720 1955 1056 2010 sacriﬁcare
1087 1933 1341 2019 nollent,
1375 1947 1813 2020 subjiciuntur:
1839 1960 1906 1998 ac
1926 1941 2031 1997 de-

2149 1933 2563 2009 Βποϐληθέντες,
2626 1934 2716 1992 διὰ
2768 1936 2833 1992 τὸ
2895 1937 2970 2008 μὴ
3031 1937 3186 1990 θῦσαι
3270 1940 3386 1998 τοῖς
3462 1934 3798 2009 ἀκαθάρτοις

377 2061 543 2100 mum
575 2044 875 2114 lapidibus
908 2043 1262 2098 obruuntur.
1289 2041 1504 2095 Sancta
1550 2052 1687 2092 vero
1736 2031 2037 2088 Christina

379 2149 700 2191 accurrens
730 2133 805 2189 ad
835 2133 972 2189 illos
1003 2150 1071 2188 ac
1100 2132 1364 2204 plorans,
1398 2128 1591 2199 capite
1621 2125 1798 2196 plexa
1818 2127 1928 2178 est.

381 2329 447 2385 Et
478 2336 749 2386 certamen
778 2336 1092 2386 sanctorum
1137 2332 1444 2395 martyrum
1494 2321 1788 2389 Simeom's,
1840 2316 2042 2373 Isaacii

981 2407 1033 2457 et
1063 2399 1431 2455 Bachthisoz.

452 2545 982 2613 Simeon,Isaacius
997 2550 1057 2599 et
1075 2535 1700 2602 Bachthisoes,Christi
1723 2537 2038 2605 martyres,

382 2637 627 2693 fuerunt
655 2652 723 2691 ex
746 2634 1006 2691 Persidis
1028 2632 1268 2705 regione
1292 2623 1843 2700 temporibusimpii
1866 2622 2041 2693 Sapo-

382 2727 638 2782 ris.Cum
668 2742 802 2780 vero
837 2722 1157 2778 Christiani
1199 2723 1420 2783 essent,
1455 2712 1871 2787 camprehensi
1903 2712 2044 2765 sunt

383 2833 417 2872 a
446 2815 786 2887 pyrolatris,
821 2813 933 2868 hoc
967 2819 1075 2874 est,
1109 2810 1181 2866 ab
1210 2809 1362 2882 ignis
1385 2802 1834 2863 adoratoribus:
1869 2805 1928 2856 et
1949 2798 2042 2853 Sa-

382 2906 513 2978 pori
545 2904 768 2971 traditi,
796 2903 951 2974 jussi
985 2906 1127 2957 sunt
1156 2899 1459 2954 Christum
1489 2895 1806 2966 abnegare,
1840 2895 1899 2945 et
1928 2887 2040 2944 soli

382 2994 623 3067 ignique
649 2993 1006 3049 sacriﬁcare.
1030 2992 1101 3045 At
1131 2989 1219 3044 illi
1246 2985 1706 3058 responderunt.
1733 2980 1999 3037 dicentes
2024 2992 2039 3032 :

387 3083 688 3140 Christum
716 3097 1097 3154 nequaquam
1154 3079 1540 3149 abnegamus,
1589 3075 1793 3145 utpote
1835 3083 2039 3124 verum

383 3175 572 3229 Deum
603 3191 670 3228 ac
702 3189 903 3228 rerum
934 3170 1205 3225 omnium
1237 3165 1618 3223 Conditorem
1647 3180 1661 3230 ;
1697 3160 1883 3216 solem
1904 3173 2039 3212 vero

387 3269 563 3334 atque
596 3264 816 3335 ignem,
851 3261 950 3332 qui
984 3259 1056 3315 ab
1090 3259 1216 3330 ipso
1236 3256 1374 3311 facti
1398 3259 1557 3321 sunt,
1586 3251 1763 3324 plane
1786 3246 2040 3319 despici-
2073 3299 2116 3367 Ο

387 3371 539 3409 mus.
574 3352 973 3418 Quamobrem
1008 3348 1245 3422 tyranni
1278 3348 1428 3401 iram
1462 3343 1817 3408 excitarunt,
1869 3340 2042 3409 cujus

379 3444 557 3515 jussu
588 3442 866 3498 manibus
896 3439 1268 3512 pedibusque
1295 3452 1365 3491 ex
1394 3440 1652 3505 quatuor
1670 3429 1940 3504 partibus
1969 3425 2042 3481 li-

386 3533 524 3603 gati,
562 3532 882 3587 crudeliter
912 3529 1049 3585 cassi
1082 3532 1238 3583 sunt.
1276 3523 1499 3580 Deinde
1521 3521 1583 3576 in
1615 3534 1915 3576 carcerem
1939 3515 2041 3571 de-

389 3621 556 3684 trusi,
590 3620 824 3674 nullum
855 3634 962 3689 per
992 3616 1118 3672 dies
1152 3619 1382 3686 septem
1413 3609 1615 3667 cibum
1662 3607 2046 3679 acceperunt.

388 3710 657 3764 Posthaec
689 3726 719 3764 e
751 3722 989 3764 carcere
1020 3704 1239 3771 educti,
1272 3718 1409 3757 cum
1441 3696 1805 3769 multiplices
1823 3693 2047 3750 crucia-

391 3805 484 3853 tus
514 3798 925 3869 pertulissent,
958 3795 1199 3849 demum
1250 3789 1431 3846 alacri
1491 3786 1695 3843 animo
1750 3783 1934 3840 sacris
1977 3797 2046 3837 ac

385 3886 741 3943 venerandis
773 3883 1066 3955 capitibus
1100 3877 1464 3945 obtruncati,
1513 3873 1867 3945 martyrium
1899 3887 2047 3926 con-

390 3979 788 4031 summarunt.

942 4089 1188 4145 EODEM
1228 4085 1373 4141 MEN
1380 4083 1481 4139 SE.

923 4214 1027 4270 Die
1059 4212 1296 4269 decima
1325 4210 1494 4264 sexta

2146 2027 2419 2101 δαίμοσιν,
2507 2026 2726 2102 ίίστερον
2812 2020 3312 2095 ἐλιθοϐολήθησαν.
3406 2029 3464 2078 Ἡ
3540 2021 3597 2079 δὲ
3671 2023 3800 2097 ἁγία

2146 2118 2411 2193 Χριστίνα
2442 2116 2773 2172 ἐπιπεσοῦσα
2802 2115 2982 2177 αὐτνῖς
3011 2114 3099 2170 καὶ
3129 2113 3430 2183 κλαύσασα,
3460 2115 3561 2183 τήν
3609 2113 3802 2186 τιμίαν

2144 2209 2235 2263 καὶ
2266 2208 2413 2283 ἱερὰν
2444 2204 2691 2284 κεφαλὴν
2725 2205 3038 2279 ἀπετμήθη.

2148 2342 2244 2398 Καὶ
2278 2342 2505 2412 ἄθλησις
2534 2344 2642 2396 τῶν
2674 2339 2845 2431 ἁγίων
2860 2337 3172 2486 Βμαίὀτύρςων
3223 2337 3475 2412 Κυμεὼν,
3526 2337 3803 2394 Ἰσαακίου

2735 2433 2826 2467 και
2906 2432 2935 2465 α
3025 2431 3074 2464 ισ
3112 2430 3195 2466 ου.

2735 2433 2826 2467 και
2860 2430 3195 2467 ῠαγθισοου.

2222 2546 2475 2622 Συμεὼν,
2526 2547 2815 2613 Ἰσαάκιος,
2861 2543 2952 2599 καὶ
3006 2543 3342 2618 Βαχθισόης,
3402 2542 3454 2596 οἱ
3514 2546 3612 2597 τοῦ
3672 2543 3802 2617 Χρι-

2149 2643 2276 2694 στοῦ
2311 2640 2602 2713 μάρτυρες,
2629 2637 2883 2710 ὑπῆρχον
2917 2633 2978 2690 ἐκ
3016 2640 3117 2703 τῆς
3160 2633 3350 2708 χώρας
3400 2630 3664 2705 Περσίδος
3712 2631 3802 2689 ἐπὶ

2151 2724 2440 2803 Σαϐωρίου
2520 2730 2623 2782 τοῦ
2707 2723 3054 2799 παρανόμου.
3139 2722 3451 2798 Χριστιανοὶ
3511 2719 3570 2776 δὶ
3628 2717 3806 2795 ὅντες,

2147 2817 2520 2893 ἐκρατήθησαν
2583 2814 2688 2871 ὑπὸ
2743 2818 2853 2869 τῶν
2907 2810 3291 2887 πυρολατρῶν,
3348 2811 3438 2865 καὶ
3494 2809 3808 2887 παρεδόθη-

2146 2912 2355 2980 σαντῷ
2388 2902 2683 2981 Σαϐωρίῳ,
2740 2903 2831 2959 καὶ
2888 2901 3257 2978 ἠναγκάζοντο
3318 2900 3652 2976 ἀρνήσασθαι
3708 2902 3803 2975 μὲν

2145 3001 2237 3056 τὸν
2272 2998 2531 3074 Χριστὸν,
2566 2998 2725 3051 θῦσαι
2758 2992 2817 3049 δὲ
2841 2997 2921 3065 τῷ
2949 2992 3098 3065 ἡλίῳ
3144 2992 3235 3047 καὶ
3290 2995 3368 3063 τῷ
3415 2991 3569 3065 πυρί.
3626 2993 3693 3048 Οἱ
3749 2989 3809 3047 δὶι

2146 3086 2553 3165 ἀποκριθέντες,
2605 3084 2696 3141 καὶ
2754 3083 2998 3145 εἷπόντες
3055 3081 3161 3153 ὅτι,
3219 3081 3329 3139 Τὸν
3418 3081 3649 3156 Χριστὸν
3707 3081 3809 3153 μὲν

2149 3179 2250 3234 οὐκ
2278 3176 2613 3253 ἀρνούμεθα,
2638 3173 2768 3229 Θεὸν
2802 3171 3061 3243 ἀληθινὸν
3108 3169 3257 3240 ὅντα,
3310 3168 3401 3225 καὶ
3451 3171 3804 3241 Δημιουργὸν

2154 3268 2371 3321 πάντων
2411 3267 2521 3318 τῶν
2549 3260 2885 3334 κτισμάτων⁸
2942 3258 3035 3314 τὸν
3098 3255 3157 3313 δὲ
3212 3254 3374 3326 ἣλιον
3432 3254 3517 3310 καὶ
3568 3254 3630 3308 τὸ
3689 3257 3799 3326 πῦρ

2155 3349 2626 3424 ἀποστρεφόμεθα,
2709 3346 2979 3419 κτίσματα
3060 3344 3229 3400 αὐτοῦ
3295 3341 3650 3417 τυγχάνοντα,
3720 3338 3800 3401 εἲς

2150 3442 2320 3517 ἀργὴν
2354 3439 2608 3509 ἐκίνησαν
2633 3436 2726 3492 τὸν
2777 3435 3063 3511 τύραννον.
3121 3433 3221 3488 Διά
3260 3434 3418 3488 τοῦτο
3461 3427 3698 3493 δεθέντες
3746 3427 3812 3484 ἐκ

2147 3516 2423 3604 τεσσάρων
2484 3530 2678 3601 χεῖρας
2732 3523 2821 3579 καὶ
2881 3520 3078 3590 πόδας,
3147 3519 3451 3597 ἐτύφθησαν
3529 3516 3807 3604 ἰσχυρῶν

2152 3619 2265 3674 εἶτα
2316 3602 2694 3685 ἐνεϐλήθησαν
2755 3611 2831 3674 εἷς
2892 3607 3169 3689 φυλακὴν,
3237 3608 3327 3664 ἐπὶ
3385 3606 3520 3662 ἐπτά
3572 3602 3811 3681 ἡμέραις

2155 3709 2233 3780 μὴ
2269 3698 2670 3780 μεταλαϐόντες
2708 3702 2940 3779 τροφῆς.
2990 3701 3141 3756 Μετὰ
3195 3700 3366 3753 ταῦτα
3406 3702 3510 3765 τῆς
3556 3692 3814 3771 φῦλακῆς

2150 3790 2504 3865 ἐκϐληθέντες
2558 3790 2651 3847 καὶ
2704 3787 3000 3865 διαφόρους
3060 3788 3331 3864 βασάνους
3391 3783 3810 3857 ὑπομείναντες,

2149 3885 2312 3947 τέλος
2340 3883 2437 3945 τὰς
2463 3880 2650 3955 τιμίας
2681 3879 2772 3935 καὶ
2802 3878 2950 3953 ἱερὰς
2981 3876 3159 3933 αὐτῶν
3200 3874 3445 3956 κεφαλὰς
3499 3873 3811 3951 προθύμως

2152 3973 2584 4049 ἀποτμηθέντες,
2616 3967 3035 4039 ἐτελειώθησαν.

2708 4094 2895 4152 Mam
2931 4097 3016 4173 Τᾳ
3054 4093 3255 4173 arm.

2947 4200 3018 4269 ιζ’

393 4346 675 4403 Certamen
731 4348 1049 4401 sanctorum
1111 4343 1430 4410 martyrum
1484 4330 1658 4402 Abas?
1703 4334 1757 4384 et
1802 4326 2034 4385 Abdiest

2150 4295 3296 4410 "Annatc-Eiivgi-{Eu'iznuaptfpf»:_’A6§&
3341 4297 3431 4391 xui
3456 4291 3812 4386 _’A68tn606,

821 4415 1204 4486 episcoporum
1233 4404 1285 4465 et
1313 4404 1611 4464 sociorum.

464 4546 715 4601 Sanctus
746 4541 1038 4598 Abdiesus
1069 4538 1387 4610 episcopus
1415 4533 1479 4588 in
1526 4528 1793 4599 Perside,
1850 4544 1886 4584 a
1913 4543 2049 4600 pro-

391 4635 523 4706 prio
550 4638 789 4704 nepote,
825 4630 927 4701 qui
973 4628 1262 4684 diaconus
1293 4627 1439 4690 erat,
1486 4618 1871 4677 denuntiatus
1921 4617 2045 4690 regi

390 4724 729 4786 Persarum,
764 4724 822 4773 et
850 4716 1344 4789 comprehensus,
1374 4726 1497 4768 una
1511 4725 1648 4766 cum
1668 4708 1771 4764 alii
1798 4706 2046 4778 triginta

390 4826 599 4865 novem
632 4807 1003 4870 Christianis,
1037 4804 1111 4860 ad
1128 4804 1325 4874 ipsum
1348 4799 1681 4857 adducitur.
1717 4799 2042 4867 Interroga-

391 4906 483 4951 tus
515 4909 731 4953 aulem.
769 4918 777 4939 ο
812 4896 1189 4964 hristumque
1222 4892 1547 4963 professus,
1575 4888 1648 4943 ad
1673 4890 1915 4940 fratrem
1945 4900 2033 4939 re~

388 4987 476 5059 gis
511 4988 784 5052 mittitur,
808 4993 873 5039 ut
902 4995 974 5039 ab
1009 4984 1110 5037 illo
1144 4980 1458 5037 tormentis
1489 4977 1903 5049 subjiceretur.
1930 4971 2042 5028 Sed

388 5093 521 5131 eum
556 5075 935 5132 sermonibus
976 5072 1196 5127 divinis
1226 5070 1612 5142 redarguens.
1648 5070 1889 5135 stupore
1907 5063 2043 5118 aﬂ‘e-

389 5167 487 5222 cit.
521 5166 807 5231 Quocirca
832 5164 1079 5219 funibus
1110 5160 1443 5222 devinctus.
1477 5156 1631 5212 102
1659 5159 1838 5225 atque
1887 5151 2045 5207 inter

387 5256 552 5328 ligna
579 5260 914 5311 coarctatus
939 5258 1048 5318 est,
1082 5266 1337 5321 ossaque
1357 5248 1486 5319 ejus
1508 5243 1784 5300 contrita.
1818 5240 2041 5296 Deinde

388 5349 812 5402 semimortuus
844 5347 906 5400 in
938 5358 1239 5399 carcerem
1272 5338 1609 5409 conjicitur.
1653 5333 1886 5389 nullum
1938 5347 2044 5404 per

384 5437 604 5491 multos
630 5437 754 5491 dies
774 5436 971 5489 cibum
998 5433 1335 5503 degustans.
1362 5426 1629 5482 Posthmc
1651 5422 2041 5493 comprehen-

385 5543 484 5580 sus
518 5527 696 5581 etiam
744 5524 939 5579 Abdas
989 5521 1304 5592 episcopus
1353 5532 1489 5572 cum
1542 5512 1743 5584 viginti
1796 5517 1855 5566 et
1910 5516 2041 5565 octo

388 5618 547 5681 viris,
578 5634 832 5687 quorum
865 5614 965 5670 alii
1003 5609 1333 5683 presbyteri
1368 5612 1558 5670 erant,
1595 5611 1653 5660 et
1696 5601 1953 5669 diaconi,
1987 5606 2046 5657 et

391 5712 607 5760 sancta)
638 5706 917 5778 virgines,
944 5709 1001 5757 et
1031 5700 1335 5762 mulieres,
1356 5699 1419 5753 in
1446 5694 1721 5752 eumdem
1742 5707 2044 5749 carcerem

393 5792 668 5849 detrusus
701 5801 826 5850 est:
860 5792 961 5849 ubi
994 5790 1067 5849 ab
1100 5789 1377 5863 episcopo
1408 5785 1673 5844 Abdiesu
1711 5781 2047 5841 edoceban-

2427 4382 2535 4433 τῶν
2572 4370 2909 4445 ἐπὶσκόπων,
2931 4370 3024 4427 καὶ
3053 4377 3163 4428 τῶν
3196 4370 3291 4428 σὺν
3322 4370 3533 4432 αὐτοῖς.

2221 4514 2285 4573 Ὁ
2314 4512 2470 4587 ἇίγιος
2503 4503 2857 4578 ’Δϐδιησσῦς,
2888 4502 3191 4567 ἐπίσκοπος
3225 4500 3298 4558 ὢν
3331 4501 3383 4559 ἐν
3414 4498 3659 4577 Περσίδι,
3709 4520 3815 4555 κα-

2150 4601 2486 4678 ταμηνυθεὶς
2510 4602 2593 4670 τῷ
2647 4594 2865 4673 βασιλεῖ
2906 4598 3126 4670 Περσῶν
3193 4593 3297 4648 ὑπὸ
3333 4595 3431 4647 τοῦ
3481 4588 3626 4645 ἰδίου
3683 4588 3811 4645 ἀνε-

2076 4670 2304 4768 Πψιοῦ,
2386 4687 2640 4745 διακόνου
2711 4679 2888 4756 ὄντος,
2958 4682 3049 4738 καὶ
3127 4679 3442 4756 κρατηθεὶς,
3522 4679 3660 4753 μιτά
3715 4676 3811 4732 καὶ

2153 4766 2350 4856 ἐτέρων
2382 4778 2675 4854 αριάκοντα
2703 4774 2792 4829 καὶ
2853 4770 3002 4827 ἐννέα
3048 4773 3408 4844 Χριστιανῶν,
3459 4767 3614 4843 ἢχθη
3666 4766 3811 4840 πρὸς

2150 4873 2334 4930 αὐτόν.
2388 4870 2484 4925 Καὶ
2544 4865 2867 4941 ἐρωτηθεὶς,
2954 4860 3295 4937 ὡμολόγησε
3366 4861 3459 4916 τὸν
3541 4857 3805 4933 Χριστόν.

2151 4958 2459 5028 Ἀπεστάλη
2492 4956 2584 5011 οὖν
2617 4954 2753 5028 πρὸς
2784 4953 2874 5007 τὸν
2910 4949 3146 5028 ἀδελφὸν
3174 4947 3276 5005 τοῦ
3311 4948 3607 5025 βασιλέως,
3649 4945 3807 5008 ὅπως

2154 5053 2243 5110 ὁπ’
2309 5046 2517 5105 ἐκείνου
2573 5044 2888 5117 τιμωρηθῇ.
2950 5038 3131 5098 Ἀλλά
3183 5038 3274 5095 καὶ
3334 5038 3538 5094 ἐκεῖνον
3612 5033 3814 5111 λόγοις

2150 5139 2436 5213 θεοσόφοις
2518 5133 2764 5208 ἐλέγξας,
2840 5128 3168 5200 κατέπληξε.
3255 5127 3355 5183 Διά
3406 5131 3569 5182 τοῦτο
3639 5121 3816 5213 δεθεὶς

2153 5209 2444 5307 σχοινίοις,
2473 5222 2564 5281 καὶ
2596 5221 2913 5300 συσφιγγεὶς
2962 5218 3037 5281 εἷς
3084 5216 3219 5292 ξύλα
3276 5217 3461 5289 μέσον,
3517 5209 3810 5290 συνετρίϐη

2110 5304 2395 5376 -τάνόστᾶο
2439 5315 2554 5369 εἶτα
2610 5310 2806 5388 ἐρῥίφη
2857 5308 2912 5364 ἐν
2971 5307 3191 5387 φυλακῇ
3261 5304 3391 5360 ὡσεὶ
3448 5304 3663 5379 νεκρὸς,
3731 5304 3809 5376 μὴ

2158 5411 2405 5486 μετέχων
2463 5409 2672 5479 τροφῆς
2734 5400 2822 5456 ἐπὶ
2879 5397 3119 5486 πολλαῖς
3174 5397 3434 5486 ἡμέραις.
3498 5394 3595 5451 Καὶ
3677 5393 3814 5468 μετά

2151 5482 2320 5556 ταῦτα
2383 5491 2673 5563 κρατηθεὶς
2751 5490 2843 5544 καὶ
2931 5482 3125 5549 Ἀϐδᾶς
3179 5486 3207 5539 ὁ
3266 5485 3585 5551 ἐπίσκοπος,
3677 5484 3815 5547 μετά

2152 5587 2359 5664 ἀνδρῶν
2408 5582 2578 5639 εἴκοσι
2637 5580 2726 5635 καὶ
2786 5578 2954 5648 ὀκτὼ,
3013 5569 3418 5652 πρεσϐυτέρων,
3475 5574 3567 5629 καὶ
3626 5571 3816 5628 διακό-

2150 5662 2278 5748 νων,
2306 5674 2397 5731 καὶ
2423 5670 2702 5745 παρθένων
2731 5667 2923 5743 ἁγίων,
2973 5664 3062 5721 καὶ
3121 5668 3415 5740 γυναικῶν,
3471 5662 3811 5734 ἀπεκλείσθη

2152 5767 2206 5825 ἐν
2247 5769 2317 5841 τῇ
2376 5760 2615 5841 φυλακῇ·
2676 5753 2803 5821 ἔνθα
2859 5753 3210 5811 ἐδιδάσκοντα
3271 5752 3375 5809 ὑπὸ
3430 5757 3528 5809 τοῦ
3580 5751 3810 5808 ἐπισκό·
