4108 6462
297 474 417 533 461

1880 478 2148 544 MAIUS.

3610 495 3729 554 462

294 626 406 661 που
435 599 769 694 Ἀϐδιησοῦ·
831 606 922 662 καὶ
991 609 1124 682 μενὰ
1181 607 1378 684 ὀλίγας
1438 609 1650 684 ἡμέρας
1707 615 1810 679 τῆς
1867 629 1968 684 φυ-

2085 618 2195 669 tur.
2233 615 2482 674 Demum
2514 623 2648 691 post
2677 621 2909 692 aliquos
2939 621 3092 694 :dies
3124 639 3154 678 e
3181 639 3418 680 carcere
3469 627 3739 682 extracti,

296 695 479 767 λακῆς
507 691 895 770 ἐκϐληθέντες,
929 698 1156 760 ἅπαντες
1184 697 1715 776 ἀπεκεφαλίσθησαν.

299 797 404 851 Καὶ
467 799 658 871 μνήμη
719 802 819 874 τού
898 799 1050 874 ὁσίου
1124 799 1344 874 ματρὸς
1423 801 1584 872 ἡμῶν
1668 796 1966 874 Γεωργίου,

789 869 1092 926 ἐπισκόπου
1121 869 1468 941 Μιτυλήνης.

376 969 672 1042 Γεώργιος,
705 968 734 1022 ὁ
777 966 830 1022 ἐν
893 968 1068 1044 ἁγίοις
1128 970 1315 1044 Πατὴρ
1373 971 1560 1041 ἡμῶν,
1612 967 1673 1024 ἐκ
1735 967 1967 1045 βρέφους

296 1058 397 1110 τὸν
428 1057 558 1112 Θεὸν
595 1058 881 1132 ἀγαπήσας
929 1058 1019 1112 καὶ
1066 1059 1157 1112 τὸν
1207 1057 1416 1130 κόσμον
1477 1059 1732 1130 μισήσας,
1794 1054 1969 1111 ἀπελ-

301 1147 413 1201 θὼν
479 1146 532 1201 ἐν
598 1148 954 1223 μοναστηρίῳ
1005 1147 1213 1224 ἐγένετο
1303 1146 1568 1222 μοναχὸς,
1627 1147 1718 1201 καὶ
1776 1166 1964 1200 ταπει-

304 1236 524 1297 νώσεως
555 1233 680 1309 ὕψει
712 1237 809 1297 τὰς
869 1234 1122 1308 ἐπάρσεις
1179 1239 1287 1290 τῶν
1346 1235 1623 1307 δαιμόνων
1677 1229 1966 1290 κατέϐαλε.

303 1323 601 1397 Ἐλεήμων
640 1321 698 1378 δὲ
749 1325 878 1398 ὑπὲρ
932 1327 1130 1400 μέτρον
1180 1323 1497 1398 γενόμενος,
1558 1321 1805 1397 δαψιλῶς
1855 1327 1970 1384 τοῖς

298 1418 541 1470 πεινῶσι
572 1415 690 1468 καθ’
721 1413 932 1488 ἡμέραν
967 1411 1150 1469 ἐδίδου
1202 1414 1293 1468 τὸν
1354 1411 1513 1482 ἄρτον
1570 1414 1760 1469 αὐτοῦ.
1818 1411 1970 1470 Ἐπεὶ

297 1502 364 1559 δὲ
396 1501 501 1558 ούκ
531 1499 720 1568 ἔλαθεν
752 1506 786 1572 ἡ
822 1502 989 1558 αὐτοῦ
1018 1504 1206 1577 ἀρετή,
1237 1501 1534 1566 ἐπίσκοπος
1571 1501 1965 1577 ἐχειροτονήθη

302 1589 664 1661 Μιτυλήνης,
694 1592 1038 1666 παρακλήσει
1074 1589 1268 1665 πολλῇ
1297 1595 1395 1646 τοῦ
1429 1588 1588 1646 λαοῦ.
1623 1584 1966 1666 Παραλαϐὼν

306 1679 368 1736 δὶ
394 1682 495 1749 τὴν
552 1680 866 1752 ἐκκλησίαν,
922 1679 1106 1743 καλῶς
1167 1676 1484 1753 διεκυϐέρνα
1539 1679 1729 1750 αὐτήν·
1789 1679 1967 1750 mis-qq

319 1772 422 1846 γὰρ
453 1770 769 1844 κακοδοξίας
808 1770 1114 1846 ἀντίμαχος
1165 1768 1240 1826 ὣν
1296 1770 1382 1826 καὶ
1427 1766 1742 1843 όρθοδοξίας
1803 1769 1968 1844 ὑπέρ-

321 1883 526 1938 μαχος,
583 1863 806 1940 ἐρρύετο
864 1861 1030 1933 αὐτὴν
1093 1861 1152 1919 ἐκ
1201 1867 1310 1918 τῶν
1371 1861 1649 1938 αἱρέσεων
1718 1863 1967 1938 προέγνω

2077 724 2285 764 omnes
2309 710 2504 780 capite
2529 710 2688 782 plexi
2713 718 2870 766 sunt.

2076 799 2142 853 Et
2169 802 2433 856 memoria
2462 803 2647 856 sancti
2676 803 2864 929 Patgisl
2890 806 3064 859 nostri
3088 805 3329 874 Georgii,
3356 805 3599 875 episcopi
3625 808 3734 861 Mi-

2809 892 2841 929 υ
2867 891 3004 929 enm.

2787 880 3004 944 tylenz.

2149 959 2398 1016 Sanctus
2441 963 2617 1018 Pater
2663 969 2868 1019 noster
2922 965 3202 1035 Georgius
3259 982 3394 1020 cum
3454 983 3490 1022 a
3545 983 3730 1037 puero

2078 1048 2262 1103 Deum
2287 1049 2612 1120 dilexisset,
2640 1052 3051 1123 mundumque
3084 1055 3325 1119 odisset,
3352 1055 3413 1109 in
3437 1061 3732 1111 monaste-

2077 1137 2233 1192 rium
2269 1139 2563 1209 quoddam
2598 1157 2658 1195 se
2692 1141 3010 1212 recipiens,
3044 1143 3376 1198 monachus
3407 1143 3597 1198 factus
3618 1149 3728 1211 est,

2080 1225 2540 1300 daemonumque
2557 1229 2903 1284 altitudines
2921 1231 3164 1286 demissi
3179 1232 3360 1286 animi
3377 1232 3732 1287 celsitudine

2079 1315 2312 1387 dejecit.
2348 1319 2641 1382 Quoniam
2682 1335 2816 1373 vero
2873 1337 3052 1390 supra
3098 1320 3339 1375 modum
3391 1321 3731 1376 misericors

2079 1411 2226 1470 erat,
2259 1423 2475 1478 panem
2511 1425 2684 1463 suum
2717 1408 2982 1480 quotidie
3015 1410 3376 1481 pauperibus
3408 1409 3566 1482 large
3599 1427 3734 1466 ero-

2076 1496 2267 1568 gabat.
2299 1499 2442 1552 Cum
2475 1497 2654 1570 igitur
2684 1500 2813 1569 ejus
2840 1499 3023 1553 virtus
3048 1498 3220 1572 longe
3248 1499 3500 1570 lmteque
3519 1500 3730 1554 diffun-

2077 1586 2338 1652 deretur,
2364 1587 2554 1642 enixis
2576 1587 2778 1660 populi
2803 1588 3078 1659 precibus
3106 1589 3421 1660 episcopus
3440 1589 3731 1660 Mitylene)

2077 1674 2700 1731 ordinatus.creditam
2724 1677 2836 1731 sibi
2862 1677 3174 1732 ecclesiam
3196 1677 3417 1749 optime
3441 1678 3731 1750 guberna-

2075 1762 2177 1830 vit,
2212 1779 2463 1835 eamque
2498 1765 2569 1819 ab
2593 1764 2920 1819 haeresibus
2943 1765 3191 1820 liberam
3218 1765 3733 1821 reddidithetero-

2077 1850 2367 1908 doxorum
2401 1869 2634 1908 errores
2665 1853 3048 1920 confutando,
3083 1860 3142 1909 et
3171 1853 3564 1909 orthodoxam
3624 1854 3731 1909 do—

315 1950 375 2009 δὲ
400 1953 485 2008 καί
514 1955 612 2022 τήν
651 1953 970 2026 μετάστασιν
1004 1953 1193 2009 αὐτοῦ·
1245 1951 1335 2007 καὶ
1391 1951 1566 2006 θανὼν
1615 1951 1706 2005 καὶ
1757 1950 1964 2028 ταφεὶς,

2083 1944 2327 2000 ctrinam
2351 1945 3119 2017 pr0pugnando.Postremo
3135 1961 3308 2000 suum
3329 1945 3562 2000 obirum
3578 1963 3732 2016 prae-

308 2045 411 2112 τὴν
442 2045 618 2114 θήκην
669 2041 835 2098 αὐτοῦ
891 2044 1282 2116 παρεσκεύασεν
1339 2039 1558 2117 βλύζειν
1606 2039 1832 2114 ἰάματα,
1875 2039 1966 2094 καὶ

307 2131 590 2186 παντοίων
649 2131 938 2203 θαυμάτων
1000 2131 1232 2206 χάριτας
1317 2129 1636 2202 ἐκπέμπειν,
1703 2139 1966 2204 θεραπευ-

309 2219 482 2283 ούσας
515 2220 691 2276 πάντα
718 2219 785 2276 τὰ
813 2221 956 2291 πάθη
991 2224 1099 2276 τῶν
1135 2221 1595 2295 μροσερχομένων
1633 2216 1779 2292 αύτῷ
1834 2215 1968 2292 μετᾶ

301 2309 569 2370 πίστεως.

862 2509 1040 2562 ΜΠΝΙ
1079 2507 1175 2562 TD
1214 2509 1409 2562 ΑΥΤΩ.

1097 2615 1173 2670 ΙΖ·

297 2707 512 2779 Μνήμη
543 2707 644 2759 τοῦ
685 2701 838 2780 ἁγίου
883 2700 1197 2757 ἀποστόλου
1257 2697 1628 2777 Ἀνδρονικοῦ,
1690 2699 1808 2762 ἐνὸς
1855 2703 1963 2754 τῶν

907 2793 964 2849 0'
993 2790 1082 2846 καὶ
1118 2789 1365 2853 Ἱουνίας.

369 2912 743 2984 Ἀνδρόνικος,
800 2913 829 2966 ὁ
885 2915 982 2966 τοῦ
1060 2911 1298 2985 Χριστοῦ
1382 2906 1707 2977 ἀπόστολος,
1791 2913 1964 2964 πᾶσαν

290 3006 400 3076 τήν
433 2999 767 3075 οἰκουμένην
827 2998 1131 3076 περιελθὼν
1191 2997 1267 3060 ὠς
1355 2996 1678 3073 ὑπόπτερος,
1734 2997 1823 3052 καὶ
1873 2997 1966 3050 τὸν

302 3094 540 3170 Χριστὸν
600 3091 862 3166 κηρύξας,
922 3095 1094 3144 πᾶσαν
1159 3089 1254 3162 μὲν
1335 3086 1550 3156 πλάνην
1630 3087 1691 3142 ἐκ
1752 3087 1966 3162 βάθρων

303 3185 599 3251 ἀνέσπασε,
633 3186 806 3235 πᾶσαν
868 3176 926 3234 δὲ
969 3172 1242 3233 εὐσέϐειαν
1301 3177 1390 3231 καὶ
1449 3175 1780 3252 θεογνωσίαν
1834 3197 1968 3231 κατ-

301 3273 588 3352 εφύτευσεο
669 3268 1040 3341 συνεπομένην
1129 3268 1280 3340 αὐτῷ
1338 3263 1505 3342 ἔχων,
1564 3267 1652 3321 καὶ
1713 3267 1965 3343 συνεργὸν

295 3367 400 3420 τοῦ
434 3361 586 3417 θείου
634 3359 1012 3433 κηρίγματος,
1062 3357 1161 3424 τὴν
1223 3356 1670 3431 ὑπερθαύμαστον
1719 3357 1965 3428 Ἰουνίαν,

301 3458 386 3524 τῷ
429 3453 630 3523 κόσμῳ
685 3449 777 3503 καὶ
829 3450 898 3520 τῇ
957 3445 1115 3520 σαρκὶ
1172 3446 1554 3521 νεκρωθεῖσαν,
1609 3446 1698 3500 καὶ
1747 3447 1967 3520 Χριστῷ

313 3543 468 3615 μόνῳ
529 3544 702 3608 ζῶσαν
758 3537 850 3592 καὶ
924 3534 1386 3608 πολιτευομένην.
1471 3535 1630 3598 Ὅθεν
1719 3532 1967 3597 πολλοὺς

313 3635 427 3685 τῶν
461 3630 695 3684 ἀπίστων
751 3628 890 3697 πρὸς
950 3625 1272 3701 θεογνωσίαν
1337 3625 1683 3692 ἑλκύσαντες,
1744 3631 1834 3680 καῖ
1889 3629 1968 3696 τῷ

321 3723 551 3791 Χριστῷ
579 3718 1029 3795 προσαγαγόντες,
1061 3715 1150 3771 καὶ
1183 3713 1335 3777 υἱοὺς
1396 3725 1576 3789 φωτὸς
1619 3715 1709 3768 καὶ
1757 3714 1969 3788 ἡμέρας

319 3807 414 3863 διὰ
445 3805 540 3861 τοῦ
595 3807 728 3870 θείου
791 3807 1170 3883 βαπτίσματος
1230 3803 1680 3872 ἀποτελέσαντες,
1743 3802 1967 3859 εἰδωλι-

313 3897 448 3959 κους
482 3898 575 3969 μὲν
617 3897 774 3958 ναοὺς
829 3895 1212 3973 κατέστρεφον,
1271 3893 1566 3962 ἐκκλησίας
1628 3891 1686 3948 δὲ
1733 3893 1968 3970 Χριστοῦ

309 3992 598 4063 πανταχοῦ
628 3983 1033 4060 ἀνῳκοδόμουν.
1069 3984 1288 4042 Τούτων
1338 3981 1395 4038 δὲ
1436 3989 1542 4038 τῶν
1589 3983 1756 4058 ἁγίων
1817 3987 1908 4038 καὶ
1940 3986 1967 4040 ό

308 4083 490 4154 μέγας
551 4077 887 4140 ἀπόστολος.
947 4074 1184 4143 Παῦλος,
1219 4075 1246 4128 ὁ
1278 4075 1501 4152 φωστὴρ
1556 4080 1654 4143 τῆς
1710 4071 1968 4146 οἰκουμέ-

304 4191 435 4240 νης,
492 4167 768 4241 μέμνηται
829 4167 878 4221 έν
933 4170 1052 4226 ταῖς
1109 4164 1274 4220 αύτοῦ
1337 4163 1708 4225 Ἐπιστολαῖς·
1765 4163 1970 4219 Ἀσπάο

311 4259 495 4327 σασθε,
548 4255 750 4334 λέγων,
802 4253 1171 4327 Ἀνδρόνικον,
1229 4253 1319 4310 καὶ
1380 4252 1626 4310 Ἰουνίαν.
1687 4252 1974 4326 Ηνεύματα

309 4347 408 4403 οὖν
451 4348 730 4420 ἀκάθαρτα
789 4343 848 4400 ἐκ
897 4345 1006 4399 τῶν
1065 4342 1368 4419 ἀνθρώπων
1427 4339 1824 4415 ἀποδιώξαντες
1882 4341 1972 4397 καὶ

303 4437 456 4507 πάθη
517 4435 708 4491 ἀνίατα
766 4432 1212 4509 θεραπεύσαντες,
1280 4431 1418 4507 πρὸς
1503 4429 1704 4506 Κύριον
1788 4429 1968 4502 ἐξεδή-

308 4549 389 4602 μη
399 4547 494 4580 σαν
505 4568 519 4582 .

303 4646 414 4704 Καὶ
475 4643 710 4714 ἄθλησις
763 4640 862 4697 τοῦ
917 4637 1409 4728 ἁγίουεμάρτυηρος
1485 4635 1826 4711 Σολόχωνος
1881 4637 1972 4694 καὶ

923 4709 1034 4768 τῶν
1065 4709 1160 4766 σὺν
1190 4709 1361 4783 άύτῷ.

381 4819 446 4875 Ὁ
477 4820 578 4872 τοῦ
609 4817 846 4889 Χριστου
883 4815 1092 4886 μάρτυς
1124 4809 1396 4886 Σολόχων
1437 4809 1686 4885 ὑπῆρχε)
1739 4809 1827 4864 ἐπὶ
1873 4817 1974 4880 τῆς

312 4905 602 4983 βασιλείας
643 4906 1006 4977 Μαξιμιανοῦ,
1069 4901 1364 4977 Αἰγύπτιος
1420 4901 1512 4954 τὸν
1574 4899 1751 4973 γένος,
1811 4919 1972 4973 στρα-

308 4997 522 5066 τιώτης
571 4995 672 5062 τήν
727 4993 902 5062 τάξιν,
953 4992 1279 5064 τεταγμένος
1337 4989 1440 5044 ὑπὸ
1497 4992 1577 5060 τῷ
1625 4995 1723 5056 τῆς
1787 4989 1975 5063 χώρας

312 5079 592 5158 τριϐούνῳ
627 5083 762 5155 μετὰ
791 5078 1121 5154 τρισχιλίων
1167 5078 1361 5152 ἐτέρων
1406 5080 1776 5152 στρατιωτῶν.
1829 5079 1977 5132 Κατά

313 5197 434 5231 τινα
461 5174 656 5248 χρείαν
699 5172 990 5248 προστάξει
1044 5168 1303 5246 βασιλικῇ
1361 5168 1496 5241 μετᾶ
1541 5171 1639 5222 τοῦ
1684 5162 1976 5240 τριϐούνου

305 5267 408 5334 τήν
445 5259 785 5332 Χαλκηδόνα
835 5253 1156 5315 κατέλαϐεν·
1215 5257 1573 5318 κελεύσαντος
1635 5255 1692 5312 δὲ
1736 5261 1834 5312 τοῦ
1885 5259 1972 5331 βα-

311 5353 513 5416 σιλέως
544 5357 663 5414 τοῖς
690 5351 1030 5425 ταξιάρχοις,
1080 5348 1212 5421 μετὰ
1251 5351 1363 5402 τῶν
1421 5346 1510 5400 ὑπ’
1568 5347 1748 5400 αὐτῶν
1811 5367 1972 5422 στρα-

303 5449 548 5515 τιωτῶν,
582 5447 740 5507 θῦσαι
770 5445 887 5501 τοῖς
919 5436 1195 5506 εἰδώλοις,
1225 5433 1452 5499 ἕκαστος
1503 5435 1636 5508 μετά
1681 5440 1778 5490 τοῦ
1831 5434 1977 5492 ἰδίου

299 5537 613 5610 τάγματος,
661 5528 907 5586 ἐπετέλει
968 5528 1062 5590 τὰς
1121 5525 1310 5588 θυσίας
1367 5526 1504 5580 κατᾶ
1557 5525 1621 5580 τὸ
1679 5522 1822 5589 ἔθος,
1883 5528 1978 5584 ’0-

308 5627 484 5701 μοίως
525 5623 682 5681 καἶό
712 5616 1008 5698 τριϐοὖνος
1039 5617 1130 5673 καὶ
1182 5618 1234 5672 οἱ
1284 5615 1376 5671 σὺν
1426 5616 1598 5687 αὐτῷ.
1650 5617 1873 5672 Πάντων
1923 5616 1982 5674 δὲ

308 5720 566 5788 θνόντων,
595 5719 749 5791 τρεῖς
813 5710 974 5786 μόνοι
1035 5708 1365 5778 ἀντέστησαν
1421 5709 1504 5779 τῷ
1557 5706 1832 5781 θελήματι
1882 5715 1981 5765 τοῦ

307 5807 600 5884 βασιλέως,
695 5797 1060 5878 Χριστιανοὺς
1175 5795 1400 5861 ἑαυτοὺς
1509 5792 1980 5874 ὁμολογήσαντες,

2002 4715 2049 4780 Ι)

2074 2050 2352 2101 noscens,
2378 2034 2652 2101 decessit,
2674 2034 3061 2106 sepultusque
3093 2033 3223 2101 fuit,
3254 2051 3386 2088 cum
3411 2034 3728 2102 effecisset,

2072 2129 2139 2179 ut
2169 2141 2238 2178 ex
2271 2124 2508 2196 proprio
2543 2123 2771 2178 tumulo
2804 2123 3142 2179 curationes
3173 2124 3552 2193 scaturirent,
3587 2140 3724 2178 om-

2073 2213 2361 2284 niumque
2397 2213 2824 2268 miraculorum
2872 2213 3073 2285 gratiae
3124 2213 3560 2280 emitterentur,
3597 2213 3730 2284 qui-

2072 2301 2184 2357 bus
2215 2305 2444 2357 cunctaa
2477 2301 2739 2369 illorum,
2773 2301 2873 2372 qui
2906 2301 2979 2356 ad
3011 2302 3208 2373 ipsum
3241 2318 3375 2356 cum
3411 2301 3527 2356 ﬁde
3560 2317 3728 2358 acce-

2073 2391 2243 2462 dunt,
2277 2392 2624 2447 affectiones
2656 2395 2965 2446 sanantur.

2635 2516 2879 2573 EODEM
2919 2516 3170 2573 MENSE.

2575 2628 2678 2682 Die
2710 2627 2940 2682 decima
2971 2627 3227 2698 septima

2073 2717 2228 2773 ποι
2258 2718 2525 2772 Memoria
2552 2719 2729 2771 sanrti
2768 2717 3004 2786 apostoli
3055 2715 3387 2784 Andronici,
3437 2717 3602 2772 unius
3655 2733 3724 2772 ea:

2551 2789 2938 2859 Septuaginta,
2969 2795 3022 2842 et
3051 2790 3252 2844 Iuniae.

2146 2913 2521 2970 Andronicus
2552 2915 2767 2968 Christi
2817 2914 3142 2986 apostolus,
3201 2931 3337 2969 cum
3384 2912 3766 2970 universum'

2077 3009 2367 3059 terrarum
2401 3003 2610 3058 orbem
2640 3008 3036 3073 percurreret,
3077 3003 3323 3073 perinde
3372 3018 3439 3057 ac
3480 3003 3529 3057 si
3579 3003 3726 3072 alas,

2077 3093 2293 3165 quibus
2312 3092 3031 3156 subveheretur,haberet,
3056 3092 3351 3146 Christum
3369 3091 3723 3163 praedicans,

2077 3201 2316 3240 omnem
2350 3199 2594 3256 prorsus
2625 3199 2889 3237 errorem
2921 3200 2954 3238 a
2975 3183 3383 3238 fundamentis
3405 3182 3728 3249 subvertit;

2081 3289 2320 3329 omnem
2377 3289 2512 3327 vero
2572 3273 2854 3344 pietatem
2914 3278 3090 3343 atque
3153 3273 3256 3328 Dei
3327 3273 3730 3343 cognitionem

1998 3332 2040 3398 θ
2081 3365 2389 3436 plantavit,
2418 3332 2756 3419 consortem
2786 3332 3246 3418 secum-habens
3277 3332 3453 3433 atque
3485 3363 3732 3433 adjutri-

2073 3470 2201 3509 cem
2243 3453 2457 3508 divinae
2507 3452 2952 3524 praedicationis
3001 3452 3424 3508 admirabilem
3474 3452 3732 3522 Juniam,

2072 3542 2296 3598 mundo
2322 3547 2380 3596 et
2404 3542 2572 3597 carni
2594 3547 2915 3605 mortuam,
2949 3558 3016 3596 ac
3049 3541 3158 3596 soli
3192 3541 3425 3596 Christo
3451 3541 3640 3596 vivam
3675 3546 3735 3595 et

2071 3631 2488 3687 famulantem.
2524 3631 2690 3686 Unde
2713 3631 2934 3686 multos
2959 3648 3026 3686 ex
3049 3631 3394 3686 infidelibus
3419 3630 3490 3685 ad
3516 3630 3616 3685 Dei
3638 3647 3728 3685 co-

2071 3722 2397 3794 gnitionem
2430 3720 2833 3792 petrahentes,
2868 3737 3088 3790 eosque
3116 3720 3189 3775 ad
3219 3720 3517 3775 Christum
3536 3719 3724 3774 addu-

2073 3817 2294 3870 centes.
2324 3809 2593 3880 lucisque
2616 3826 2682 3863 ac
2705 3809 2820 3864 diei
2847 3810 3002 3864 ﬁlios
3025 3827 3130 3882 per
3152 3809 3414 3864 divinum
3432 3809 3726 3880 baptisma

2072 3899 2207 3954 illos
2232 3898 2583 3962 efficientes,
2617 3897 2910 3952 idolorum
2931 3898 3172 3968 quidem
3197 3899 3333 3953 fana
3360 3902 3722 3963 everterunt,

2074 3988 2358 4045 ecclesias
2390 4004 2523 4042 vero
2555 3987 2787 4042 Christo
2821 3987 3041 4057 ubique
3067 3988 3458 4042 aediﬁcarunt.
3498 3988 3720 4041 Horum

2075 4084 2416 4134 sanctorum
2440 4077 2714 4132 meminit
2731 4077 2791 4131 in
2816 4077 2937 4130 suis
2955 4077 3234 4148 Epistolis
3248 4083 3306 4131 et
3325 4077 3621 4132 luminare
3636 4093 3725 4131 or-

2073 4167 2166 4221 bis
2194 4171 2488 4222 terrarum
2520 4182 2772 4236 magnus
2804 4165 3108 4237 apostolus
3139 4165 3358 4220 Paulus
3392 4180 3404 4218 :
3440 4165 3723 4230 Salutate,

2075 4253 2376 4326 inquiens,
2412 4253 2818 4308 Andronicum
2851 4258 2909 4307 et
2930 4253 3185 4308 Juniam.
3215 4255 3355 4308 Cum
3391 4251 3590 4321 itaque
3614 4251 3726 4307 im-

2076 4343 2333 4398 mundos
2394 4342 2637 4412 spiritus
2694 4357 2762 4396 ex
2827 4340 3172 4396 hominibus
3257 4340 3600 4412 ejecissent,
3675 4343 3734 4393 et

2079 4431 2443 4487 insanabiles
2467 4428 2706 4485 morbos
2729 4434 3058 4497 curassent,
3082 4429 3154 4484 ad
3173 4427 3491 4484 Dominum
3516 4427 3735 4499 migra-

2077 4527 2240 4576 runt.

2081 4646 2156 4699 Et
2208 4647 2481 4698 certamen
2529 4642 2710 4696 sancti
2763 4643 3028 4712 martyris
3085 4641 3403 4698 Solochonis
3459 4646 3512 4696 et
3562 4642 3735 4697 socio-

2829 4729 2981 4767 rum.

2159 4821 2376 4876 Christi
2412 4825 2634 4892 martyr
2664 4819 2960 4875 Solochon
2999 4820 3130 4888 fuit,
3181 4821 3517 4892 imperante
3565 4820 3738 4876 Maxi-

2087 4911 2309 4980 miano,
2340 4926 2556 4981 genere
2585 4910 2910 4982 Egyptius,
2945 4910 3316 4981 professione
3339 4911 3512 4965 miles
3533 4910 3742 4965 inscri-

2084 5004 2222 5070 ptus
2256 4997 2474 5064 ordini,
2523 4998 2615 5052 cui
2668 4997 2939 5052 lribunus
2987 4999 3247 5070 regionis
3297 5003 3550 5070 praeerat
3603 5015 3738 5054 cum

2086 5088 2220 5143 aliis
2249 5087 2436 5142 tribus
2469 5086 2736 5141 millibus
2769 5087 3049 5144 militum.
3102 5089 3248 5144 Cum
3278 5105 3412 5143 vero
3445 5088 3517 5142 ob
3550 5087 3740 5158 quod-

2085 5177 2223 5232 dam
2255 5177 2558 5249 negotium
2588 5193 2657 5230 ex
2710 5176 2990 5232 mandato
3040 5177 3420 5250 imperatoris
3467 5193 3603 5230 cum
3634 5175 3741 5228 tri-

2086 5266 2248 5322 buno
2279 5265 2716 5321 Chalcedonam
2745 5265 3024 5330 venisset,
3060 5267 3217 5322 idem
3252 5267 3576 5338 imperator
3599 5280 3745 5334 prm-

2089 5357 2248 5429 cepit
2273 5355 2525 5412 ducibus
2556 5355 2753 5426 idolis,
2788 5362 2846 5411 et
2875 5356 3091 5429 singuli
3119 5373 3251 5411 cum
3277 5356 3400 5410 suis
3450 5352 3742 5408 militibus

2091 5446 2500 5502 sacrificarent
2529 5445 2729 5510 idolis,
2765 5449 2824 5500 et
2863 5445 3078 5518 singuli
3113 5462 3245 5500 cum
3281 5445 3403 5499 suis
3434 5441 3747 5498 ordinibus

2091 5535 2164 5591 de
2195 5551 2361 5590 more
2392 5535 2664 5589 victimas
2697 5535 3018 5600 offerrent;
3053 5533 3332 5588 similiter
3361 5539 3420 5588 et
3449 5531 3746 5598 tribunus,

2092 5630 2151 5680 et
2171 5623 2273 5694 qui
2295 5641 2429 5679 cum
2453 5625 2582 5695 ipso
2612 5629 2800 5678 erant.
2821 5623 3111 5678 Omnibus
3143 5628 3342 5677 autem
3377 5620 3748 5676 immolantis

2091 5713 2225 5780 bus,
2277 5718 2398 5768 tres
2449 5713 2561 5768 soli
2606 5712 2893 5768 voluntati
2946 5711 3325 5783 imperatoris
3375 5711 3746 5780 restiterunt,

2092 5803 2460 5859 Christianos
2492 5816 2622 5858 sese
2677 5800 2952 5873 professi,
3007 5799 3322 5869 Solochon,
3373 5806 3432 5858 et
3478 5799 3580 5858 alii
3628 5798 3745 5855 duo
