4108 6432
426 447 546 506 463

1717 445 2153 508 MENOIDGII
2201 445 2408 506 PARS
2455 446 2556 507 lll.

3725 461 3850 521 464

421 579 817 647 Quamobrem
849 597 1039 651 usque
1069 580 1218 636 adeo
1251 582 1388 637 cassi
1419 586 1578 648 sunt,
1618 587 1687 638 ut
1732 581 1920 638 lumbi
1978 597 2061 635 eo-

2187 572 2460 666 ξολόχων
2491 577 2582 633 καὶ
2620 573 2795 653 ἕτεροι
2856 575 2972 639 δόο.
3034 581 3134 637 Καὶ
3190 583 3454 642 τοσοῦτον
3511 585 3845 666 ἐτύφθησαν,

422 687 554 726 rum
577 671 1131 738 intumescerent,et
1151 673 1348 744 capita
1370 689 1549 744 supra
1563 672 1806 728 modum
1829 670 2074 727 extolleu

421 766 648 817 rentur.
685 763 839 818 104
871 763 940 816 Et
969 762 1056 816 illi
1091 761 1332 834 quidem
1365 762 1482 818 dno
1541 763 1792 836 flagellis
1841 760 2075 818 contusi

421 849 841 920 decesserunt;
875 851 1168 907 Solochon
1202 869 1336 907 vero
1390 853 1832 924 aliquantulum
1881 851 2078 908 adhuc

417 939 578 996 vixit.
620 943 871 997 Demum
892 941 1170 998 tribunus
1195 941 1380 997 nimio
1395 942 1593 998 furore
1613 942 2073 1008 excandescens,

419 1035 729 1101 acceptum
758 1029 1054 1086 calamum
1101 1031 1162 1086 in
1195 1047 1400 1087 aurem
1452 1032 1582 1104 ejus
1631 1031 1848 1102 inﬁxit,
1897 1036 2074 1102 atque

419 1119 504 1175 ita
532 1119 729 1192 ipsum
763 1119 1081 1175 interfecit.

418 1238 484 1294 Et
531 1241 795 1296 memoria
837 1239 1129 1310 Stephani,
1171 1239 1524 1366 tpatriarchae
1561 1237 2076 1309 Constantinopoli-

1193 1328 1309 1366 am.

1193 1328 1309 1366 am.

493 1427 598 1484 Hic
624 1427 782 1482 ﬁlius
803 1426 1183 1483 fuitillustris
1205 1427 1850 1492 Basilii,Romanorum
1883 1427 2072 1498 impe-

418 1517 636 1572 ratoris
660 1534 674 1583 ;
702 1516 776 1570 ob
809 1517 996 1587 ipsius
1029 1523 1226 1571 autem
1259 1517 1548 1586 ingenuos
1579 1533 1800 1582 mores,
1831 1533 1900 1572 ac
1929 1516 2072 1571 reli—

418 1621 598 1676 quam
628 1605 1028 1676 prudentiam,
1053 1606 1356 1676 animique
1370 1605 1567 1661 model
1582 1607 1865 1668 ationem;
1881 1611 1939 1660 et
1954 1606 2070 1659 vir-

418 1695 560 1750 tutis
579 1695 1030 1756 sublimitatem,
1059 1712 1193 1750 cum
1215 1695 1409 1751 adhuc
1426 1696 1664 1767 juvenis
1678 1702 1854 1762 esset,
1880 1695 2072 1766 impe-

413 1783 651 1850 ratoris,
684 1790 742 1839 et
773 1799 956 1840 sacrae
985 1783 1218 1856 synodi,
1251 1784 1517 1855 clerique
1546 1785 1746 1849 totius,
1781 1801 1848 1840 ac
1867 1784 2069 1856 populi

417 1872 718 1944 suffragio,
753 1878 811 1928 et
840 1873 998 1944 quod
1031 1873 1228 1944 potius
1259 1873 1579 1929 dicendum
1613 1879 1723 1941 est,
1757 1875 1858 1928 Dei
1888 1873 2069 1929 bene-

2188 663 2262 727 ὠς
2294 665 2603 742 όγκωθῆναι
2635 667 2702 723 τὰ
2741 669 2852 743 ψὺα
2900 672 3106 743 αὐτῶν,
3156 675 3248 728 καί
3299 675 3560 752 ὑπερᾶραι
3605 663 3700 740 τὰς
3750 700 3842 736 κε-

2185 753 2384 833 φαλάς.
2446 757 2548 814 Καὶ
2608 759 2660 813 οἱ
2725 759 2819 832 μὶν
2879 757 2976 815 δύο
3033 761 3085 816 ἐν
3145 767 3222 836 τῷ
3280 769 3674 841 μαστιγοῦσθαι
3728 768 3842 824 ἐτε-

2185 843 2512 917 λειώθησαν
2549 848 2576 902 ὁ
2609 845 2666 902 δέ
2699 847 2969 926 Σολοχων
3003 849 3080 906 ἔτι
3121 851 3238 924 ἔζη.
3293 857 3386 910 Καὶ
3440 852 3624 912 λαϐὼν
3667 856 3846 913 κάλα-

2187 957 2290 1007 μον
2327 936 2355 989 ὁ
2383 931 2693 1010 τριϐοῦνος,
2725 939 2812 993 καί
2845 939 2921 1002 είς
2952 941 3014 996 τὸ
3044 941 3207 998 ὠτίον
3256 943 3422 1000 αὐτοῦ
3474 948 3618 1019 μετὰ,
3659 953 3843 1021 θυμοῦ

2180 1028 2516 1099 καταπήξας,
2547 1027 2878 1084 ἐθανάτωσεν
2905 1029 3086 1089 αὐτόν.

2181 1205 2281 1259 Καὶ
2342 1207 2538 1280 μνήμη
2599 1207 2894 1286 Στεφάνου,
2944 1213 3309 1288 ’πατριάρχου
3397 1216 3838 1272 Κωνσταντινου·

2884 1281 3126 1346 πόλεως.

2251 1393 2426 1455 Οὗτος
2480 1393 2597 1457 υίὸς
2652 1396 2748 1468 μὲν
2802 1395 2988 1473 γέγονε
3047 1397 3339 1456 Βασιλείου
3394 1406 3490 1457 τοῦ
3551 1401 3839 1478 ἀοιδίμου,

2183 1481 2451 1552 βασιλέως
2483 1483 2794 1558 Ῥωμαίων
2831 1484 2921 1542 διά
2952 1485 3010 1543 δὲ
3051 1489 3116 1544 τὸ
3165 1489 3375 1546 ἁπλοῦν
3427 1494 3587 1562 ἧθοις
3635 1494 3838 1564 αὑτοῦ,

2177 1570 2266 1626 καὶ
2320 1593 2420 1641 την
2479 1569 2682 1643 λοιπήν
2745 1575 2977 1649 σύνεσιν,
3056 1578 3145 1634 καὶ
3215 1583 3562 1653 κατάστασιν,
3621 1583 3712 1639 καὶ
3768 1585 3835 1640 τὸ

2176 1667 2277 1729 τῆς
2318 1661 2514 1733 ἀρετῆς
2573 1662 2810 1738 ὑψηλὸν,
2871 1663 2950 1722 ἔτι
3005 1670 3124 1732 νέος
3185 1665 3284 1742 ὥν,
3343 1673 3515 1746 ψήφῳ
3570 1677 3672 1728 τοῦ
3735 1675 3838 1748 βα-

2179 1749 2378 1812 σιλέως
2436 1752 2526 1806 καὶ
2578 1757 2681 1818 τῇς
2739 1755 2884 1830 ἱερᾶς
2971 1755 3222 1828 συνόδου,
3308 1761 3399 1815 καὶ
3479 1765 3679 1825 παντὸς
3734 1768 3836 1819 τοῦ

2181 1836 2396 1914 κλήρου
2425 1839 2514 1895 κκὶ
2564 1847 2661 1897 τοῦ
2711 1841 2867 1913 λαοῦ,
2921 1844 3087 1902 πλέον
3131 1845 3188 1903 δὲ
3244 1847 3415 1904 εἰπεῖν
3471 1851 3554 1906 δτι
3615 1849 3840 1925 εὐδοκίᾳ

418 1928 636 2032 placito
664 1928 1135 2032 atqueljudicio,
1197 1928 1507 2018 ordinatus
1563 1928 1674 2016 fuit
1713 1928 2061 2034 'patriarcha

2183 1928 2274 1982 καὶ
2329 1929 2504 2005 κρίσει
2563 1936 2718 2001 Θεοῦ,
2777 1932 3171 2010 ἐχειροτονήθη
3269 1941 3618 2016 πατριάρχης
3675 1948 3835 1998 Κων-

418 2051 1133 2122 Constantinopolitanus.
1169 2051 1503 2106 Collocalus
1534 2057 1733 2106 autem
1766 2051 1826 2105 in
1860 2068 2074 2122 magna

415 2144 474 2194 et
499 2155 665 2194 sacro
690 2140 926 2205 throno,
950 2147 1026 2207 et,
1053 2157 1196 2194 cura
1221 2140 1416 2212 magni
1441 2141 1631 2211 gregis
1663 2146 1959 2211 suscepta,
1993 2141 2068 2196 ad

412 2227 810 2283 Ecclesiarum
834 2228 936 2284 Dei
963 2227 1456 2300 gubernationem
1478 2229 1744 2283 animum
1759 2228 2066 2300 applicuit:

414 2331 530 2386 quo
557 2316 619 2369 in
643 2332 890 2370 munere
924 2321 1124 2370 custos
1146 2316 1636 2387 vigilantissimus
1671 2323 1728 2371 et
1756 2334 1928 2372 verus
1957 2320 2069 2373 Pa-

412 2408 537 2460 stor
553 2404 833 2474 fuit,suas
860 2422 996 2460 oves
1017 2405 1091 2461 ad
1113 2423 1334 2476 pascua
1354 2405 1694 2461 orthodoxa:
1718 2405 1856 2461 fidei
1879 2406 2068 2462 dedu-

411 2510 574 2562 cens,
608 2495 1022 2550 misericordia
1052 2511 1344 2566 pauperes
1374 2512 1764 2567 prosequens,
1786 2496 1990 2552 viduas
2009 2502 2068 2552 et

415 2583 717 2655 orphanos
750 2583 1100 2652 defendens,
1143 2583 1412 2656 aliosque
1462 2584 1700 2656 injuriis
1749 2602 2065 2657 oppressos

410 2673 482 2730 ab
516 2675 861 2746 iniquorum
889 2675 1167 2730 manibus
1194 2675 1452 2747 eripiens
1473 2691 1541 2731 ac
1559 2676 1676 2731 Deo
1701 2676 1760 2730 in
1783 2676 2065 2732 omnibus

419 2763 704 2820 serviens.
734 2765 877 2822 Cum
909 2781 1046 2837 ergo
1078 2765 1160 2820 ita
1190 2780 1252 2819 se
1268 2769 1517 2836 gereret,
1545 2781 1905 2836 carnemque
1929 2782 2066 2821 con-

409 2852 666 2909 tinentia
687 2860 1034 2920 maceraret,
1060 2855 1121 2910 in
1144 2855 1272 2927 ipso
1296 2855 1487 2910 aetatis
1509 2854 1654 2910 ﬂore
1676 2855 1750 2912 ad
1762 2856 2063 2913 Christum

411 2941 704 3015 migravit.

962 3042 1205 3098 EODEM
1246 3042 1497 3097 MENSE.

927 3131 1031 3187 Die
1063 3131 1295 3188 decima
1320 3136 1528 3187 octava

495 3224 780 3281 Certamen
809 3227 990 3280 sancti
1025 3224 1293 3280 Theodoti
1317 3227 1578 3295 martyris
1607 3231 1658 3280 et
1685 3227 1977 3281 sociorum.

478 3383 814 3441 Theodotus
836 3385 1053 3440 Christi
1076 3389 1302 3456 martyr
1321 3401 1457 3441 cum
1476 3389 1606 3441 octo
1639 3386 1858 3442 sanctis
1881 3385 2058 3460 virgi-

408 3473 586 3530 nibus
629 3476 868 3542 Tecusa,
925 3474 1278 3540 Alexandra,
1327 3474 1595 3542 Claudia,
1643 3475 1891 3542 Phaina,
1943 3478 2055 3532 Eu-

407 3564 671 3635 phrasia.
705 3565 989 3631 Matrona,
1016 3563 1172 3619 Julia
1210 3569 1270 3618 et
1295 3563 1617 3626 Theodota.
1651 3563 1762 3618 fuit
1794 3581 1864 3619 ex
1912 3566 2057 3622 urbe

410 3653 650 3709 Galatia)
681 3660 932 3724 Ancyra.
965 3652 1215 3708 lubente
1244 3658 1442 3707 autem
1475 3652 1640 3707 urbis
1679 3653 1954 3724 praeside,
1989 3672 2058 3709 ex

408 3743 482 3797 iis
514 3759 644 3812 quae
677 3741 1356 3807 idolisimmolabantur,
1384 3746 1621 3812 paratos
1645 3759 1749 3814 pro
1770 3743 2059 3799 Christia-

407 3831 503 3885 nis
535 3830 699 3886 cibos
728 3831 1007 3903 inspergi,
1042 3837 1107 3885 ut
1138 3831 1220 3884 ita
1241 3831 1697 3901 inquinarentur
1718 3833 1808 3902 qui
1834 3850 1933 3888 eos
1956 3833 2056 3888 de-

407 3925 763 3992 gustassent,
824 3919 950 3991 ipse
1009 3919 1427 3992 negotiationis
1511 3922 1706 3992 specie
1794 3923 2057 3977 triticum

408 4024 637 4069 emens.
671 4025 737 4064 ac
765 4025 950 4080 panes
986 4008 1228 4070 faciens.
1290 4026 1390 4064 eos
1439 4009 1654 4064 vinctis
1705 4011 2058 4066 Christianis

409 4096 821 4154 distribuebat.
857 4097 969 4153 Sed
1001 4105 1060 4152 et
1115 4115 1382 4153 carceres
1431 4099 1794 4172 ingrediens,
1850 4099 2058 4155 fideles

406 4186 801 4243 conﬁrmabat
828 4203 841 4242 :
871 4187 1028 4242 inter
1059 4203 1208 4258 quos
1239 4191 1409 4242 erant
1441 4192 1499 4242 et
1529 4193 1748 4243 sanctas
1779 4193 1910 4242 octo
1941 4189 2058 4243 vir-

404 4276 591 4349 gines,
628 4293 880 4348 quarum
913 4293 1054 4342 una,
1103 4277 1326 4331 Tecusa
1375 4277 1644 4342 nomine,
1696 4281 1819 4332 erat
1868 4277 2056 4348 ipsius

403 4367 605 4423 amita.
633 4369 730 4424 Hae
753 4373 952 4423 autem
974 4366 1273 4438 lapidibus
1299 4366 1450 4421 105
1475 4366 1828 4436 alligatas,in
1854 4367 2052 4438 proxi-

402 4472 569 4512 mum
627 4455 758 4512 urbi
815 4462 1091 4527 stagnum
1150 4455 1437 4510 demersas
1496 4460 1653 4510 sunt.
1715 4456 1859 4512 Cum
1917 4473 2054 4512 vero

401 4544 739 4599 Theodotus
769 4559 972 4598 earum
1005 4543 1291 4614 reliquias
1321 4541 1677 4615 collegisset,
1711 4560 1811 4598 eas
1838 4545 2053 4616 sepeli-

400 4636 501 4689 vit.
536 4635 951 4706 Deprehensus
978 4635 1227 4707 proinde
1259 4640 1586 4707 captusque
1629 4636 1890 4708 primum
1921 4637 2053 4708 qui-

401 4723 538 4778 dem
570 4725 880 4780 tormentis
907 4724 1244 4797 subjicitur,
1264 4730 1645 4796 postremum
1685 4743 1823 4782 vero
1857 4727 2049 4799 capite

399 4811 700 4882 plectitur.

961 4913 1203 4970 EODEM
1243 4913 1494 4970 MENSE.

933 5021 1036 5078 Die
1067 5021 1300 5078 decima
1338 5037 1500 5078 nona

398 5119 680 5177 Certamen
737 5123 1074 5178 sacrosancti
1128 5120 1391 5189 martyris
1475 5120 1725 5190 Patricii,
1806 5119 2052 5193 episcopi

909 5194 1114 5260 Prusz,
1149 5199 1201 5246 et
1231 5194 1524 5247 sociorum.

466 5307 717 5363 Sanctus
749 5308 924 5363 Pater
953 5311 1160 5362 noster
1189 5306 1479 5361 Patricius
1509 5305 1620 5361 fuit
1650 5308 1850 5362 Prusae
1882 5308 2046 5364 urbis

394 5396 727 5468 episcopus.
764 5399 907 5452 Cum
941 5403 1138 5451 autem
1171 5395 1387 5451 Christi
1421 5396 1597 5450 ﬁdem
1649 5413 1769 5456 eos.
1823 5400 1919 5468 qui
1971 5398 2046 5455 ad

391 5487 586 5557 ipsum
621 5486 1004 5551 accedebant,
1042 5485 1336 5553 edoceret,
1371 5491 1577 5556 captus
1626 5486 1696 5542 ab
1748 5487 2046 5544 idolorum

391 5577 821 5646 cultoribus,ad
851 5576 1136 5647 Bithyniae
1155 5575 1467 5648 praesidem
1482 5577 1831 5634 adducitur:
1867 5595 1899 5634 a
1927 5596 2044 5650 quo

391 5663 812 5740 interrogatus,
844 5666 1034 5723 libere
1081 5665 1381 5722 Christum
1426 5667 1728 5738 professus
1779 5673 1886 5723 est.
1942 5667 2043 5723 Di-

392 5760 562 5812 conte
613 5762 814 5816 autem
878 5757 1152 5830 praeside,
1229 5763 1514 5830 tanquam
1570 5757 1711 5814 deos
1764 5758 2043 5816 honorari

2183 2018 2706 2106 σταντινουπόλεως.
2789 2023 3231 2100 Ἐγκαθιδρυθεὶς
3302 2025 3360 2083 δὲ
3441 2034 3521 2102 τῷ
3609 2030 3838 2106 μεγάλῳ

2180 2105 2268 2160 καὶ
2301 2107 2452 2180 ἱερῷ,
2486 2109 2687 2184 θρόνῳ,
2734 2113 2822 2166 καὶ
2878 2115 2978 2182 τήν
3036 2114 3284 2190 μεγάλην
3343 2118 3587 2191 ποίμνην
3646 2105 3834 2195 ἐγχειο

2179 2196 2406 2268 ρισοείς,
2439 2197 2528 2252 καὶ
2557 2201 2658 2268 τήν
2691 2199 2829 2271 ὅλην
2862 2201 3121 2278 φροντίδα
3149 2209 3258 2260 τῶν
3288 2211 3386 2261 τοῦ
3419 2211 3553 2262 Θεοῦ
3593 2210 3836 2281 Ἐκκλη-

2179 2285 2310 2338 σιῶν
2391 2285 2801 2362 ἀναδεξάμενος,
2887 2289 3157 2367 ἄγρυπνος
3242 2293 3407 2373 ἐφάνη
3480 2299 3676 2375 φύλαξ,
3734 2302 3827 2355 καὶ

2175 2375 2388 2447 ποιμὴν
2440 2373 2724 2448 ἀληθινὸς,
2781 2381 2924 2454 ἄγων
2958 2382 3022 2436 τὰ
3055 2380 3164 2437 ἷ¹δια
3212 2382 3459 2458 πρόϐατα
3494 2373 3600 2441 ’ἐπὶ
3658 2390 3832 2462 νομὰς

2172 2469 2274 2532 τῆς
2332 2462 2627 2538 όρθοδόξου
2679 2467 2933 2539 πίστεως,
2991 2471 3080 2526 καὶ
3165 2478 3430 2549 πτωχοὺς
3490 2475 3678 2545 ἐλεῶν,
3737 2479 3828 2534 καί

2173 2554 2354 2627 χήρας
2384 2554 2474 2609 καὶ
2509 2555 2786 2632 ὀρφανοὺς
2818 2556 3071 2630 ἐκδικῶν,
3117 2563 3205 2616 καί
3258 2560 3658 2638 ἀδικουμένους
3701 2588 3827 2643 χει-

2173 2645 2282 2714 ρῶν
2331 2639 2532 2697 ἀδίκων
2575 2643 2865 2720 ῥυόμενος,
2923 2647 3012 2703 καί
3063 2650 3156 2705 τὸν
3213 2651 3344 2706 Θεὸν
3404 2639 3742 2728 θεραπεύων-
3772 2656 3826 2712 ἐν

2173 2731 2390 2789 ἅπασιν.
2451 2732 2611 2790 Οὕτω
2665 2732 2722 2792 δὲ
2777 2742 2950 2792 ποιῶν
3022 2740 3109 2794 καὶ
3195 2741 3294 2810 τήν
3384 2743 3556 2814 σάρκα
3639 2747 3826 2816 τήκων

2269 2819 2572 2898 ἐγκρατείᾳ,
2607 2825 2660 2880 ἐν
2693 2827 2844 2900 αὐτῷ
2892 2833 2970 2902 τῷ
3023 2828 3166 2885 ἄνθει
3223 2838 3322 2902 τῆς
3379 2831 3622 2906 ἡλικίας,
3683 2838 3822 2911 πρὸς

2169 2910 2402 2983 Χριστὸν
2433 2911 2786 2988 ἐξεδήμησεν.

2714 3007 2897 3066 MHNI
2937 3010 3028 3089 T9
3069 3015 3268 3089 Arra.

2949 3100 3037 3156 lH'

2169 3189 2436 3261 Ἀθλησις
2489 3197 2588 3249 τοῦ
2644 3195 2805 3270 ἁγίου
2878 3196 3165 3287 μάρτυρος
3223 3197 3489 3256 Θεοδότου
3547 3203 3635 3255 καί
3705 3206 3816 3256 τῶν

2843 3289 2938 3325 συν
2971 3291 3137 3343 αυτῳ.

2243 3357 2506 3426 Θεόδοτος
2554 3365 2582 3418 ὁ
2619 3368 2721 3419 τοῦ
2779 3370 3025 3442 Χριστοῦ
3080 3370 3285 3443 μάρτυς
3333 3369 3461 3442 μετὰ
3504 3373 3609 3424 τῶν
3661 3367 3809 3423 ὀκτὼ

2168 3448 2334 3534 άγίων
2404 3451 2710 3525 παρθένων,
2795 3459 3090 3529 Τεκούσης,
3176 3457 3554 3534 Ἀλεξάνδρας,
3639 3457 3822 3514 Κλαυ-

2169 3533 2334 3604 δείας,
2367 3546 2603 3611 Φαϊνῆς,
2653 3544 2992 3622 Εὐφρασίας,
3047 3548 3378 3621 Ματρώνης,
3436 3533 3686 3618 Ἰουλίας,
3733 3548 3828 3604 καὶ

2168 3625 2461 3699 Θεοδότης,
2523 3631 2772 3708 ὑπῆρχεν
2855 3635 2960 3690 ἀπὸ
3050 3637 3314 3711 ’Λγκύρας
3369 3641 3468 3707 τῆς
3529 3636 3823 3700 Γαλατίας.

2167 3718 2280 3772 Τοῦ
2313 3715 2369 3772 δέ
2401 3717 2672 3794 ἄρχοντος
2718 3730 2820 3788 τῆς
2875 3722 3094 3787 πόλεως
3150 3727 3552 3801 προστάξαντος
3599 3727 3660 3782 ἐκ
3707 3731 3818 3782 τῶν

2167 3806 2546 3875 εἷδωλοθότων
2578 3813 2646 3867 τὰ
2692 3816 3041 3888 Χριπιανοῖς
3093 3821 3612 3892 παρασκευαζόμενα
3667 3819 3818 3894 βρώ-

2171 3924 2312 3974 ματα
2398 3903 2826 3980 ἐπιῤῥαίνεσθαι,
2911 3905 3060 3968 ὅπως
3145 3907 3469 3980 μιαίνωνται
3529 3909 3582 3962 οἱ
3639 3907 3816 3963 αὐτῶν

2167 3995 2594 4070 άπογευόμενοι·
2663 3994 2822 4058 αὐτὸς
2883 3994 2935 4050 ἐν
3006 3997 3254 4072 σχήματι
3315 3996 3588 4072 ἐμπορίας
3672 4003 3820 4053 οἶτον

2165 4083 2448 4160 ἀγοράζων
2478 4085 2565 4140 καὶ
2617 4081 2812 4160 ἄρτους
2869 4090 3063 4152 ποιῶν,
3124 4083 3306 4141 ἐδίδου
3358 4092 3477 4148 τοῖς
3537 4085 3820 4160 δεομένοις

2163 4175 2533 4248 Χριστιανοῖς.
2582 4173 2759 4232 Ἀλλὰ
2814 4174 2903 4230 καὶ
2963 4174 3016 4230 ἐν
3069 4181 3188 4238 ταῖς
3249 4175 3519 4255 φυλακαῖς
3577 4176 3824 4252 εἰσερχό-

2168 4284 2350 4335 μενος,
2381 4262 2508 4327 τοὺς
2536 4262 2760 4326 πιστοὺς
2821 4262 3118 4338 ἐστήριξεν·
3179 4263 3236 4334 ἐζ
3285 4264 3357 4320 ὧν
3412 4268 3548 4335 ἦσαν
3615 4267 3703 4321 καὶ
3763 4267 3820 4320 αἱ

2165 4353 2310 4428 ἅγιαι
2345 4352 2489 4408 ὀκτὼ
2525 4352 2805 4428 παρθένοι·
2858 4351 2931 4407 ὧν
2987 4353 3082 4427 μία
3131 4357 3165 4424 ἡ
3219 4353 3497 4428 λεγομένη
3548 4358 3816 4425 Τεκοῦσα,

2168 4442 2414 4516 ὑπῆρχεν
2471 4441 2638 4497 αὑτοῦ
2695 4442 2831 4507 θεία.
2893 4441 3107 4506 Δί’τινες
3167 4441 3348 4507 λίθοις
3405 4443 3817 4519 προσδεθεῖσαι,

2162 4529 2593 4610 ἐναπεῤῥίφησαν
2670 4535 2740 4604 τῇ
2821 4533 3197 4608 παρακειμένῃ
3263 4537 3331 4606 τῇ
3389 4529 3550 4589 πόλει
3619 4531 3815 4607 λίμνῃ.

2161 4619 2252 4675 καὶ
2285 4614 2472 4676 λαϐὼν
2505 4621 2534 4675 ὁ
2563 4618 2833 4684 Θεόδοτος
2854 4620 2920 4675 τὰ
2967 4619 3194 4695 λείψανα
3236 4620 3435 4689 αὐτῶν,
3490 4615 3674 4696 ἔθαψε·
3725 4623 3817 4678 καὶ

2080 4673 2128 4738 D
2162 4673 2525 4784 διαγιωσθείξ
2565 4673 3435 4786 tanta;"nauatae;
3493 4673 3814 4787 ’ζέρἓέερζεῖέ

2158 4795 2379 4874 ὕστερον
2412 4797 2840 4874 ἇπεκεφαλίσθη.

2703 4907 2888 4966 MIlNI
2928 4909 3018 4966 ΤΩ
3057 4912 3254 4966 ΛΥΤΩ.

2940 5015 3024 5070 ΙΘ¹

2156 5113 2426 5208 Ἀθλησιῖς
2505 5116 2603 5208 τοῦ
2715 5111 2875 5208 ἐγίου
2983 5115 3382 5208 ἱερομάρτυρος
3461 5114 3821 5205 ἠἀτρικίου,

2389 5185 2688 5240 ἐπισκόπου
2720 5185 2996 5260 Προύσης,
3029 5185 3120 5242 καί
3149 5185 3258 5242 τῶν
3286 5185 3384 5242 σὺν
3416 5187 3585 5260 αὐτῷ.

2226 5303 2287 5359 Ὀ
2342 5301 2392 5356 ἐν
2453 5301 2626 5377 ἁγίοις
2681 5305 2868 5378 Πατὴρ
2927 5305 3092 5376 ἡμῶν
3165 5304 3463 5378 Πατρίκιος
3556 5305 3814 5381 ὑπῆρχεν

2157 5390 2450 5453 ἐπίσκοπος
2481 5394 2578 5459 τῆς
2610 5391 2827 5453 πόλεως
2863 5394 3130 5466 Προύσης·
3164 5397 3252 5448 καί
3287 5393 3378 5450 διὰ
3421 5395 3484 5450 τὸ
3533 5391 3813 5451 διδάσκειν

2152 5483 2251 5550 τὴν
2287 5480 2362 5545 εἷς
2391 5481 2621 5555 Χριστὸν
2669 5481 2851 5535 πίστιν
2907 5482 3036 5544 τοὺς
3092 5486 3578 5560 προσερχομένους
3629 5485 3810 5556 αὐτῷ,

2153 5571 2440 5645 κρατηθεὶς
2474 5569 2618 5645 παρὰ
2641 5574 2748 5625 τῶν
2791 5568 3240 5648 εἶδωλολατρῶν,
3293 5573 3534 5646 παρέστη
3578 5579 3659 5646 τῷ
3707 5578 3815 5643 τῆς

2155 5660 2402 5722 Βιθυνίας
2434 5657 2681 5735 ἅρχοντι”
2717 5661 2805 5715 καῖ
2861 5659 3156 5736 ἐρωτηθεὶς
3207 5662 3543 5739 ὡμολόγησε
3591 5663 3818 5741 παρῥη-

2154 5753 2246 5825 σίᾳ
2274 5749 2367 5806 τὸν
2402 5750 2656 5826 Χριστόν.
2691 5752 2805 5808 Τοῦ
2864 5747 2921 5806 δὲ
2976 5749 3248 5829 ἄρχοντος
3298 5753 3565 5829 εἰπόντος,
3625 5753 3702 5818 ὡς
3765 5755 3823 5809 οἱ
