4108 6420
310 395 432 456 465

1910 396 2182 463 MAIUS.

3622 404 3738 467 466

308 525 429 592 θεοὶ
487 522 774 603 ὀφείλουσι
832 530 1114 600 τιμᾶσθαι,
1181 525 1329 597 Ζεὺς,
1379 527 1468 583 καὶ
1522 526 1837 600 Ἀπόλλων,
1884 528 1965 586 καί

2090 542 2367 611 oportere
2419 539 2639 606 Jovem,
2700 538 3060 613 Apollinem,
3119 536 3438 609 Bacchum,
3479 554 3548 595 ac
3605 539 3745 596 reli-

307 613 617 684 Διονύσιος,
667 615 757 671 καὶ
818 616 871 670 οἱ
925 614 1137 687 λοιποὶ,
1198 617 1272 671 ὧν
1326 620 1396 690 τῇ
1454 617 1686 692 προνοίᾳ
1710 619 1780 674 τά
1804 619 1980 693 θερμὰ

304 703 481 762 ὕδατα
539 702 888 760 ἀναδίδονται
963 705 1046 761 ἐπ’
1131 706 1406 783 εὐεργεσίᾳ
1460 712 1568 763 τῶν
1653 708 1975 784 ἀνθρώπων·

305 795 608 864 ἆντέωησεν
643 795 671 849 6
703 796 878 870 ἅγιος,
915 796 997 851 ὅτι
1056 796 1140 853 Τὰ
1191 798 1368 870 θερμά
1410 795 1577 853 ὕδατα
1624 801 1692 872 τῇ
1748 795 1976 871 δυνάμει

301 889 410 941 τοῦ
444 887 684 960 Χριστοῦ
716 881 1084 951 ἀναδίόονται,
1131 886 1222 940 καὶ
1272 885 1402 962 οὐχὶ
1440 891 1549 942 τῶν
1582 885 1852 957 είδώλων,
1889 889 1977 959 ξύ-

302 975 423 1031 λων
458 970 630 1030 ὄντων
663 973 919 1049 ἀψύχων,
949 976 1038 1031 καὶ
1073 974 1249 1053 λίφων
1287 976 1652 1047 ἀναισθήτων.
1686 978 1784 1033 Διὰ
1810 982 1977 1033 ταῦτα

298 1063 616 1137 ἐμϐληθεὶς
646 1063 724 1126 εἰς
757 1064 893 1120 αὐτὰ
942 1064 1010 1120 τά
1055 1065 1231 1138 θερμὰ
1283 1065 1634 1141 κοχλάζοντα
1668 1067 1779 1143 βίᾳ,
1813 1066 1975 1138 ἐξῆλο

307 1165 402 1218 θεν
437 1154 614 1228 ὑγιὴς,
646 1157 754 1209 τῶν
784 1152 999 1226 δημίων
1041 1158 1281 1210 καέντων
1340 1155 1575 1211 πάντων·
1637 1157 1728 1212 καὶ
1784 1155 1976 1232 διαφό-

303 1263 422 1320 ρως
475 1243 746 1318 πρότερον
798 1242 1165 1318 βασανισθεὶς,
1224 1242 1444 1319 ὕστερον
1509 1247 1604 1315 τὴν
1661 1243 1752 1301 διὰ
1789 1247 1978 1325 ξίφους

298 1329 525 1403 ἐδέξατο
581 1331 868 1404 τελευτὴν,
955 1334 1088 1405 μετά
1143 1333 1425 1406 ’Δκακίου,
1491 1335 1584 1390 καὶ
1637 1333 1974 1413 Μενάνδρου,

291 1421 392 1478 καὶ
422 1421 756 1491 Πολυαίνου,
783 1425 890 1477 τῶν
927 1424 1184 1494 μαθητῶν
1215 1422 1401 1481 αὐτοῦ.

414 1566 517 1620 Καὶ
549 1562 784 1636 ἄθλησις
837 1569 935 1622 τοῦ
985 1567 1142 1643 ἁγίου
1196 1564 1470 1644 μάρτυρος
1509 1564 1864 1631 Κολλούθου.

383 1710 448 1765 Ὃ
475 1712 573 1763 τοῦ
631 1712 876 1784 Χριστοῦ
936 1711 1142 1784 μάρτυς
1196 1709 1522 1775 Κολλοῦθος
1578 1711 1827 1787 ὑπῆρχεν
1884 1711 1972 1767 ἐπὶ

321 1801 423 1866 τῆς
455 1795 729 1873 βασιλείας
789 1799 1151 1872 Μαξιμιανοῦ,
1206 1798 1266 1855 ἐκ
1322 1797 1598 1871 Θηϐαῒδος
1628 1799 1847 1864 πόλεως
1873 1808 1976 1871 τῆς

2085 645 2256 701 quos,
2290 646 2543 701 quorum
2567 630 2938 702 providentia
2967 629 3174 686 calidaa
3216 646 3386 701 aqua:
3432 629 3495 685 in
3543 628 3743 687 homi-

2083 737 2229 776 num
2287 721 2648 778 beneficium
2699 727 3040 794 erumpunt,
3084 721 3396 792 respondit
3451 728 3742 779 sanctus:

2083 811 2301 866 Calidas
2334 829 2503 883 aqua:
2533 813 2747 868 virtute
2796 813 3011 867 Christi
3052 816 3354 879 emanant,
3388 829 3510 868 non
3541 818 3742 868 autem

2083 900 2404 965 idolorum.
2450 919 2582 973 qum
2631 907 2770 957 sunt
2818 902 2981 974 ligna
3033 902 3381 969 inanimata,
3415 908 3475 956 et
3513 901 3743 973 lapides

2082 1007 2262 1047 sensu
2294 997 2585 1049 carentes.
2628 993 3024 1058 Quamobrem
3060 993 3121 1047 in
3169 993 3454 1048 Thermas
3496 992 3658 1064 ipsas
3687 993 3741 1048 vi

2082 1082 2486 1138 etfervefactas
2508 1083 2786 1155 injectus,
2813 1081 3131 1137 incolumis
3153 1081 3350 1145 evasit,
3380 1082 3742 1138 satellitibus

2080 1171 2360 1227 omnibus
2391 1171 2738 1227 combustis.
2775 1173 2902 1226 Mox
2950 1171 3126 1226 variis
3157 1172 3469 1226 tormentis
3521 1186 3738 1226 excru-

2078 1259 2290 1329 ciatus,
2323 1267 2689 1332 postremum
2720 1259 2915 1333 gladio
2945 1260 3226 1332 plectitur
3254 1275 3375 1315 una
3403 1275 3537 1315 cum
3567 1259 3743 1315 disci-

2078 1349 2236 1422 pulis
2268 1350 2393 1406 suis
2421 1351 2656 1418 Acacio,
2689 1349 3035 1421 Menandro,
3068 1356 3127 1405 et
3154 1350 3451 1422 Polymno.

2288 1583 2360 1639 Et
2386 1588 2662 1646 certamen
2699 1585 2882 1640 sancti
2934 1584 3204 1654 martyris
3254 1582 3519 1639 Colluthi.

2148 1727 2368 1800 Martyr
2386 1727 2600 1783 Christi
2631 1727 2941 1784 Colluthus
2989 1727 3123 1797 fuit,
3166 1729 3528 1802 imperatore
3560 1730 3743 1787 Maxi-

2075 1817 2298 1887 miano,
2329 1833 2398 1871 ex
2426 1816 2723 1872 Thebaide
2744 1817 2970 1891 Egypti
3003 1817 3261 1873 urbe.0b
3292 1817 3509 1873 Christi
3539 1824 3738 1875 autem

319 1887 618 1961 Αίγύπτου·
653 1884 745 1941 διὰ
777 1885 834 1941 δὲ
875 1889 974 1957 τήν
1030 1888 1106 1950 εἰς
1160 1889 1389 1964 Χριστὸν
1424 1887 1732 1966 ὁμολογίαν
1764 1911 1965 1966 κρατη-

2076 1905 2512 1961 confessionem
2531 1905 2603 1961 ab
2630 1906 2962 1962 idololatris
2983 1907 3472 1980 comprehensus,
3493 1907 3736 1980 praesidi

315 1977 428 2040 θεὶς
460 1976 560 2030 ὑπὸ
591 1981 699 2030 τῶν
746 1977 1191 2049 προσκυνούντων
1223 1978 1290 2033 τὰ
1318 1976 1544 2044 εἴδωλα,
1588 1977 1863 2056 παρεδόθη
1889 1985 1970 2054 τῷ

302 2067 405 2134 τῆς
470 2065 659 2140 χώρας
733 2065 992 2142 ἡγεμόνν
1052 2068 1141 2122 καὶ
1205 2069 1346 2141 μήτε
1406 2066 1720 2132 κολακείαις
1779 2066 1971 2126 δελεα-

301 2154 477 2224 σθεὶς,
511 2157 648 2228 μήτε
679 2155 931 2218 ἀπειλαῖς
978 2158 1256 2228 πτοηθείς,
1305 2157 1587 2234 ὡμολόγει
1616 2159 1707 2214 τὸν
1740 2160 1970 2236 Χριστὸν

297 2244 612 2320 παῤῥησίᾳ.
647 2245 746 2299 Διά
785 2245 948 2301 τοῦτο
1005 2248 1225 2322 πρῶτὸν
1288 2247 1383 2320 μὲν
1443 2247 1582 2322 λίθῳ
1614 2247 1844 2323 μεγάλῳ
1872 2251 1964 2307 τὸν

297 2334 597 2411 τράχηλον
628 2333 963 2412 προσδεθείς,
1023 2336 1330 2412 ἐκρεμάσθη
1389 2339 1525 2395 κατᾶ
1565 2338 1833 2419 κεφαλῆς.
1867 2342 1964 2399 Καὶ

294 2425 647 2498 τυπτόμενος
707 2427 810 2480 ὑπὸ
865 2430 972 2480 τῶν
1035 2426 1276 2500 δημίων,
1330 2427 1532 2504 ἔλεγεν·
1595 2429 1708 2488 Οὐκ
1756 2429 1875 2503 ἄξια
1901 2433 1969 2489 τὰ

295 2517 608 2587 παθήματα
659 2519 759 2569 τοῦ
812 2519 904 2570 νῦν
964 2521 1156 2590 καιροῦ
1213 2519 1348 2592 πρὸς
1393 2520 1496 2590 τὴν
1531 2517 1844 2593 μέλλουσαν
1871 2519 1965 2577 δό-

302 2609 399 2679 ξαν
460 2607 945 2662 ἀποκαλύπτεσθαι
1001 2608 1077 2669 εἰς
1133 2611 1305 2680 ἡμᾶς.
1365 2610 1594 2666 Ἔπειτα
1622 2614 1718 2666 τοῦ
1777 2611 1964 2684 ξύλου,

298 2699 354 2755 ἐν
391 2698 438 2771 ᾦ
471 2698 765 2774 ἐκρέματο,
819 2693 1258 2769 καταϐιϐασθεὶς,
1316 2701 1649 2774 ἠναγκάζετο
1707 2701 1962 2767 ἀπελθεῖν

296 2789 380 2851 εἷς
411 2789 507 2844 τὸν
534 2789 663 2843 ναὸν
690 2792 799 2843 τῶν
829 2786 1102 2858 εἰδώλων,
1132 2789 1222 2844 καὶ
1253 2792 1430 2848 θῦσαι.
1466 2791 1564 2848 Καὶ
1599 2792 1676 2864 μὴ
1705 2792 1960 2858 πεισθεὶς,

293 2878 399 2945 τήν
434 2873 526 2931 διά
578 2879 676 2931 τοῦ
732 2876 908 2950 πυρὸς
956 2872 1228 2955 ἀπόφασιν
1258 2875 1491 2952 ἐδεξατο’
1526 2880 1616 2934 καὶ
1657 2873 1963 2952 ἐμϐληθεὶς

293 2967 374 3029 εἰς
429 2967 667 3038 κάμινον
726 2965 970 3042 ἰσχυρῶς
1056 2965 1358 3039 ἐκκαεῖσαν,
1435 2968 1597 3031 τέλος
1681 2966 1810 3045 ἔσχε
1863 2974 1962 3026 τοῦ

290 3054 633 3132 προσκαίρου
668 3055 813 3130 βίου,

294 3176 402 3232 Καὶ
437 3171 675 3244 ἄθλησις
705 3177 801 3230 τοῦ
829 3173 990 3250 ἁγίου
1012 3247 1024 3264 1
1041 3175 1315 3264 μάρτυρος
1365 3174 1704 3252 Φιλεταίρου
1728 3177 1818 3233 καὶ
1848 3182 1957 3235 τῶν

977 3247 1072 3303 σὺν
1110 3247 1278 3320 αὐτῷ.

367 3364 704 3441 Φιλέταιρος
757 3367 786 3421 6
842 3371 940 3421 τοῦ
1001 3372 1241 3442 Χριστοῦ
1300 3367 1528 3443 μάρτυς,
1582 3369 1799 3444 ὑπῆρχε
1828 3369 1957 3446 γέν-

292 3476 452 3524 νηοια
481 3455 574 3510 καὶ
614 3454 838 3531 θρέμμα
886 3463 989 3526 τῆς
1047 3455 1408 3532 Νικομηδέων
1438 3457 1678 3529 πόλεως,
1711 3459 1827 3521 υἱὸς
1855 3463 1958 3516 Τα-

297 3548 498 3599 τιανσῦ
547 3549 645 3600 τοῦ
729 3545 838 3601 ἀπὸ
910 3544 1192 3622 ἐπάρχων,
1253 3549 1385 3623 ἀνὴρ
1472 3545 1790 3625 εῦμεγέθης,
1870 3549 1961 3604 καὶ

310 3633 544 3705 ὡραῖος,
575 3634 761 3697 λευκὸς
795 3635 922 3690 ὡσεὶ
952 3637 1118 3711 χιὼν,
1147 3636 1238 3692 καὶ
1267 3639 1368 3707 τήν
1385 3637 1556 3713 τρίχα
1584 3645 1684 3708 τῆς
1715 3638 1961 3716 κεφαλῆς

303 3721 402 3777 καὶ
456 3725 557 3786 τῆς
611 3722 880 3798 γενειάδος
939 3723 1083 3800 ἔχων
1140 3725 1556 3801 ἐπιλάμπουσαν
1613 3729 1688 3790 ὡς
1729 3728 1960 3806 χρυσύν.

308 3814 633 3888 Χριστιανὸς
681 3813 736 3871 δὲ
797 3814 896 3884 ὢν,
952 3816 1226 3894 ἐκρατήθη
1261 3818 1406 3894 παρά
1434 3822 1542 3873 τῶν
1580 3818 1842 3890 ἀπίστων,
1873 3820 1962 3874 καὶ

303 3906 548 3979 παρέστη
610 3905 986 3979 Διοκλητιανῷ
1055 3911 1136 3980 τῷ
1209 3909 1512 3984 παρανόμῳ
1575 3909 1812 3984 βασιλεῖ·
1872 3911 1962 3965 καί

293 3991 526 4067 ἐλέγξας
584 3993 744 4048 αὐτὸν
803 3993 886 4072 ἐφ’
943 3996 1026 4056 οἷς
1107 3991 1334 4070 ἔπραττε
1390 4001 1596 4069 κακῶν,
1654 3998 1741 4052 καὶ
1805 4000 1961 4070 μισό-

292 4083 528 4159 χριστόν
584 4082 838 4156 καλὲσας,
895 4083 1098 4162 ἐτύφθη
1186 4085 1448 4162 ἰσχυρῶςο
1507 4088 1597 4142 καὶ
1661 4082 1960 4160 ἐμϐληθεὶς

295 4175 375 4237 εἷς
405 4179 644 4248 κάμινον
699 4178 889 4252 πυρὸς,
946 4175 1168 4248 ἐξῆλθεν
1227 4174 1501 4251 ἀϐλαϐής·
1535 4178 1654 4244 ὅθεν
1687 4179 1964 4253 θαυμάσας

2076 1996 2338 2068 regionis
2361 1995 2613 2051 traditus
2644 2002 2766 2051 est:
2799 2013 2834 2052 a
2863 2013 2983 2069 quo
3013 2013 3208 2068 neque
3259 1996 3568 2052 blanditiis
3598 1997 3734 2052 ille-

2077 2091 2226 2151 ctus,
2283 2101 2480 2156 neque
2536 2085 2714 2140 minis
2763 2086 3134 2158 perterritus,
3186 2085 3488 2140 Christum
3544 2085 3733 2142 libere

2075 2175 2486 2248 profitebatur.
2512 2175 2738 2231 Idcirco
2759 2177 3019 2247 primum
3051 2175 3316 2248 quidem,
3339 2175 3563 2248 ingenti
3591 2192 3730 2231 saxo

2076 2263 2150 2320 ad
2182 2265 2312 2337 ejus
2342 2265 2563 2320 collum
2607 2265 2869 2339 alligato,
2919 2267 3150 2321 inverso
3183 2265 3374 2336 capite
3409 2282 3732 2338 suspensus

2074 2354 2203 2410 fuit.
2255 2355 2521 2427 Cumque
2571 2372 2606 2411 a
2653 2355 2964 2411 lictoribus
3003 2354 3425 2428 flagellaretur,
3461 2355 3732 2411 dicebat:

2075 2448 2197 2502 Non
2253 2453 2382 2501 sunt
2425 2447 2716 2517 condigna:
2788 2447 3072 2516 passiones
3136 2446 3298 2514 huius
3356 2449 3616 2516 temporis
3661 2448 3736 2502 ad

2071 2539 2325 2606 futuram
2380 2540 2619 2607 gloriam
2676 2537 2831 2592 106
2890 2552 3018 2606 qua?
3071 2537 3412 2592 revelabitur
3457 2538 3517 2590 in
3554 2537 3729 2592 nobis.

2074 2627 2286 2681 Postea
2316 2641 2347 2679 e
2377 2625 2559 2698 ligno,
2592 2626 2652 2681 in
2685 2643 2801 2697 quo
2834 2642 3160 2697 suspensus
3189 2627 3400 2694 fuerat,
3425 2624 3732 2697 depositus

2072 2715 2278 2772 fanum
2304 2718 2603 2772 idolorum
2626 2717 2855 2790 ingredi
2880 2723 2938 2772 et
2959 2717 3297 2774 sacrificare
3328 2717 3728 2789 compellitur.

2073 2805 2241 2871 Quod
2273 2822 2409 2861 eum
2441 2806 2636 2862 facere
2663 2813 2988 2872 recusaret,
3019 2811 3085 2862 ut
3133 2807 3392 2862 ﬂammis
3422 2806 3732 2863 addicere-

2072 2901 2170 2952 tur
2199 2896 2560 2951 sententiam
2590 2895 2838 2967 accepit.
2882 2895 2946 2950 In
2995 2894 3300 2950 fornacem
3331 2895 3531 2967 itaque
3561 2895 3730 2951 valde

2071 3001 2383 3042 accensam
2405 2984 2684 3057 injectus,
2711 2984 2961 3056 hujusce
2984 2983 3360 3056 temporarias
3381 2985 3512 3039 vita:
3547 2985 3728 3040 ﬁnem

2070 3075 2296 3132 habuit.

2068 3197 2141 3251 Et
2170 3199 2442 3250 certamen
2472 3196 2653 3250 sancti
2707 3192 2992 3249 Philetaeri
3020 3195 3280 3264 martyris
3335 3199 3387 3248 et
3432 3193 3726 3250 sociorum.

2137 3381 2490 3438 Philetaerus
2518 3381 2738 3437 Christi
2770 3387 2994 3455 martyr
3025 3382 3087 3437 in
3117 3381 3266 3438 urbe
3308 3381 3725 3439 Nicomedien-

2067 3475 2222 3532 sium
2252 3479 2428 3530 natus
2453 3479 2513 3530 et
2543 3473 2851 3543 educatus,
2885 3474 3046 3529 filius
3091 3473 3203 3530 fuit
3240 3475 3469 3532 Tatiani
3502 3491 3724 3548 expraa.

2064 3563 2223 3631 fecti,
2247 3564 2332 3619 vir
2352 3580 2613 3636 proceras
2645 3568 2909 3627 staturae,
2934 3563 3251 3632 formosus,
3273 3571 3332 3621 et
3352 3563 3523 3620 albus
3540 3565 3730 3621 instar

2066 3653 2241 3714 nivis,
2274 3652 2484 3724 capitis
2515 3667 2584 3707 ac
2613 3651 2814 3707 barbaa
2844 3652 2998 3724 pilos
3029 3652 3089 3707 in
3137 3652 3380 3709 modum
3416 3653 3543 3710 auri
3575 3655 3724 3709 ruti«

2065 3743 2260 3799 lantes
2292 3743 2538 3798 habens.
2572 3743 2718 3797 Cum
2775 3748 2974 3798 autem
3033 3743 3406 3800 Christianus
3438 3750 3615 3813 esset,
3650 3744 3722 3800 ab

2065 3831 2410 3889 infidelibus
2434 3833 2918 3904 comprehensus.
2944 3832 3308 3890 Diocletiano
3331 3833 3514 3906 impio
3541 3835 3727 3907 impe~

2067 3925 2250 3980 ratori
2285 3923 2535 3990 sistitur,
2571 3940 2745 3994 quem
2779 3923 2879 3979 ille
2929 3923 3002 3979 ob
3053 3924 3230 3993 mala,
3265 3943 3396 3996 quae
3429 3926 3721 3999 patrabat,

2065 4012 2534 4085 reprehendens,
2559 4011 2896 4084 Christique
2919 4013 3231 4070 inimicum
3262 4015 3729 4088 appellans,gra-

2065 4103 2215 4158 vitcr
2241 4119 2430 4158 caesus
2460 4102 2590 4157 fuit.
2622 4104 2751 4158 Mox
2795 4103 2854 4156 in
2901 4102 3202 4160 fornacem
3232 4105 3540 4160 ardentem
3571 4105 3726 4176 inje-

2069 4198 2218 4263 ctus,
2252 4192 2570 4247 incolumis
2601 4197 2658 4247 et
2688 4191 2911 4248 illaesus
2955 4193 3157 4249 evasit.
3191 4193 3352 4248 Unde
3384 4193 3728 4266 obstupefa-

296 4265 326 4320 6
388 4264 812 4335 Διοκλητιανὸς,
875 4265 1138 4323 ἀπέλυσεν
1196 4268 1378 4324 αὐτόν.
1440 4269 1591 4326 Μετά
1618 4267 1674 4325 δὲ
1703 4269 1960 4340 τελευτὴν

2076 4290 2198 4342 ctus
2222 4284 2625 4339 Diocletianus
2658 4299 2791 4340 eum
2822 4283 3066 4338 dimisit.
3098 4285 3238 4339 Post
3265 4283 3494 4340 obitum
3525 4264 3726 4342 autem

288 4361 390 4412 τοῦ
423 4355 844 4428 Διοκλητιανοῦ,
902 4361 1003 4430 τήν
1067 4359 1348 4436 βασιλείαν
1380 4357 1800 4436 παραλαϐόντος
1834 4364 1961 4420 Ma-

2076 4372 2444 4442 Diocletiani,
2480 4389 2616 4428 eum
2666 4372 3057 4428 Maximianus
3104 4373 3290 4444 ipsius
3321 4390 3506 4446 gener
3534 4375 3725 4446 impe-

287 4445 550 4517 ξιμιανοῦ
604 4447 704 4499 τοῦ
755 4439 1012 4519 γαμϐροῦ
1097 4445 1284 4518 αὐτοῦ,
1379 4446 1544 4504 πάλιν
1623 4446 1895 4523 ἐκρατήθη
1937 4449 1964 4503 6

2076 4464 2226 4520 rium
2285 4463 2600 4529 obtineret,
2666 4461 2862 4518 denuo
2937 4463 3406 4534 comprehensus
3463 4469 3726 4536 sanctus,

290 4534 473 4607 ἅγιος·
507 4533 600 4588 καὶ
656 4532 842 4589 πολλὰ
894 4536 1257 4609 τιμωρηθεὶς,
1292 4539 1410 4592 εἶτα
1447 4541 1965 4615 θαυματουργήσας,

2076 4551 2347 4625 plurimis
2395 4551 2703 4622 suppliciis
2760 4551 3146 4607 excruciatur.
3183 4552 3480 4616 Miraculis
3509 4553 3727 4609 deinde

291 4623 531 4693 ἐποίησε
559 4621 810 4686 πολλοὺς
857 4622 1140 4680 πιστεῦσαι
1193 4631 1273 4700 τῷ
1330 4629 1574 4702 Χριστῷ,
1616 4629 1704 4684 καὶ
1739 4627 1965 4684 τελειω-

2076 4621 2322 4715 patratis
2355 4621 2570 4709 ell‘ecit,
2603 4647 2669 4697 ut
2712 4641 2882 4697 multi
2927 4642 2990 4696 in
3038 4642 3338 4698 Christum
3370 4643 3727 4712 crederent;

293 4720 461 4783 θῆναι
491 4711 620 4774 τοὺς
652 4714 746 4787 μὲν
782 4712 874 4770 διά
903 4714 1109 4788 ξίφους,
1131 4713 1341 4780 τοὺςδέ
1373 4715 1462 4772 διὰ
1493 4717 1685 4792 πυρός.
1721 4719 1960 4791 Ὁμοίως

293 4802 389 4858 καὶ
423 4804 452 4858 6
488 4804 695 4876 μάρτυς
728 4805 976 4880 Κυριακή
1032 4804 1163 4879 πυρί
1221 4805 1540 4876 ἐτελειώθη,
1571 4807 1661 4863 καὶ
1695 4809 1722 4862 6
1753 4807 1961 4885 φυλάτ-

292 4913 406 4947 των
445 4891 640 4956 αύτοὺς
696 4895 882 4967 κόμης
939 4892 1172 4970 ἔσχατον
1230 4896 1366 4969 μετᾶ
1419 4901 1518 4952 τοῦ
1575 4896 1736 4973 ἁγίου
1768 4898 1959 4954 ἀπεκε-

296 4979 408 5059 φαλ
419 4981 539 5052 ίσθη
551 5026 563 5039 .

856 5194 1043 5254 ΜΗΝΙ
1079 5199 1164 5250 ΤΩ
1201 5197 1405 5254 ΑΥΤΩ.

1106 5284 1168 5342 Κ.

289 5373 567 5445 ¹’Δθλησις
594 5378 695 5430 τοῦ
726 5370 886 5448 ἁγίου
941 5374 1214 5500 μάρτιὲρος
1265 5371 1576 5431 Θαλελαιου
1605 5375 1695 5432 καὶ
1726 5380 1833 5432 τῶν
1867 5377 1960 5432 σὺν

1055 5467 1087 5500 α
1123 5466 1220 5500 τω.

1055 5466 1220 5518 αυτῳ.

361 5564 698 5631 Θαλελαῖος,
761 5563 791 5617 6
838 5565 937 5617 τοῦ
995 5563 1231 5635 Χριστοῦ
1290 5561 1494 5640 μάρτυς
1522 5563 1588 5634 ἦν
1622 5563 1708 5620 ἐπὶ
1742 5566 1961 5640 Νουμε-

293 5660 480 5730 ριανοῦ
511 5657 612 5710 τοῦ
649 5649 946 5727 βασιλέως,
1000 5651 1188 5726 ἰατρὸς
1243 5653 1343 5722 τήν
1402 5651 1624 5727 τέχνην.
1659 5655 1962 5728 Κρατηθεῖς

293 5743 349 5801 δὲ
404 5745 458 5802 ἐν
519 5736 850 5819 Ἀναζάρϐῳ
932 5739 1094 5797 πόλει
1174 5748 1273 5812 τῆς
1328 5741 1605 5818 Κιλικίας,
1662 5746 1958 5820 προσήχθη

2070 4733 2338 4803 adeoque
2369 4736 2621 4787 mortem
2650 4731 2904 4801 obirent,
2926 4731 3026 4787 alii
3051 4732 3290 4803 quidem
3324 4732 3519 4806 gladio
3545 4734 3726 4806 plexi,

2070 4821 2172 4877 alii
2230 4837 2366 4876 vero
2419 4820 2678 4876 ﬂammis
2738 4820 2981 4877 addicti.
3042 4821 3324 4878 Similiter
3379 4829 3439 4878 et
3487 4824 3731 4896 Cyriaca

2071 4915 2298 4982 martyr
2323 4927 2429 4982 per
2457 4910 2655 4982 ignem
2687 4915 3100 4967 consummata
3126 4917 3248 4966 est:
3273 4917 3334 4968 et
3363 4913 3462 4984 qui
3495 4931 3597 4971 eos
3629 4931 3732 4970 cu-

2072 4999 2368 5056 stodiebat
2393 5016 2590 5056 comes
2639 4999 2880 5055 tandem
2933 5016 3054 5056 una
3099 5016 3236 5058 cum
3283 5009 3489 5059 sancto
3537 5003 3731 5075 capite

2069 5089 2458 5146 obtruncatus
2487 5089 2617 5146 fuit.

2631 5207 2874 5262 EODEM
2912 5208 3057 5264 ΜΕΝ
3063 5208 3164 5265 SE.

2679 5296 2782 5352 Die
2817 5297 3119 5354 vicesima.

2146 5385 2431 5443 Certamen
2458 5389 2639 5443 sancti
2685 5387 2950 5444 Thalelan'
2994 5389 3254 5460 martyris
3285 5394 3339 5443 et
3367 5389 3656 5447 sociorum.

2073 5565 2403 5623 Thalelmus
2447 5567 2662 5624 Christi
2711 5573 2938 5640 martyr
2982 5567 3094 5624 fuit
3140 5567 3496 5623 Numeriano
3541 5566 3730 5641 impe-

2072 5661 2271 5713 ratore
2301 5656 2672 5728 professione
2702 5657 2988 5714 medicus.
3023 5656 3498 5729 Comprehensus
3529 5663 3728 5717 autem

2074 5747 2137 5803 in
2169 5747 2469 5804 Anazarbo
2491 5749 2709 5805 Ciliciae
2732 5749 2898 5816 urbe,
2924 5747 2997 5805 ad
3019 5746 3393 5805 Theodorum
3415 5749 3727 5822 prasidem
