4108 6434
356 398 473 458 467
1649 390 2054 453 MENOLOGI

2167 394 2335 456 ἈΗΒ
2377 395 2487 457 ΙΙΙ.

3652 400 3775 463 468

362 528 701 596 adducitur,
725 527 827 598 qui
850 525 1033 598 jussit
1064 525 1196 597 ejus
1226 524 1380 581 talos
1410 540 1443 579 a
1474 522 1836 580 satellitibus
1857 528 2016 582 tere-
2048 576 2055 593 Α

2167 522 2400 599 λεοδώρῳ
2426 530 2506 599 τῷ
2562 525 2814 604 ἄρχοντιο
2874 529 3022 592 ὅστις
3077 527 3327 585 ἐκέλευσε
3374 534 3492 594 τοῖς
3534 527 3783 604 δημίοις,

362 619 546 685 brari,
582 624 639 672 et
667 618 899 672 inverso
940 632 1072 671 eum
1121 615 1313 687 capite
1368 613 1672 685 suspendi.
1707 614 1852 668 Cum
1881 630 2017 670 vero

364 708 425 763 id
447 706 734 763 satellites
754 706 947 761 facere
966 710 1348 772 conarentur,
1366 703 1567 759 divina
1589 703 1799 758 virtute
1823 709 2020 758 mente

365 796 711 863 abalienati,
737 795 964 867 lignum
990 795 1117 849 loco
1143 793 1333 849 sancti
1362 800 1418 848 te
1438 792 1747 849 rebrantes
1780 807 2024 863 suspen-

365 885 785 951 derunt.Quasi
821 900 955 956 ergo
1004 883 1241 955 prmsidi
1294 883 1643 950 illusissent,
1678 881 1878 954 ﬂagris
1909 898 2024 936 caa-

365 975 607 1032 duntur.
644 976 723 1028 Ex
770 974 862 1029 his
918 973 1255 1029 Alexander
1302 978 1360 1028 et
1401 972 1690 1039 Asterius,
1717 972 1864 1026 101
1900 971 2022 1025 viso

366 1063 656 1120 miraculo
687 1061 1072 1118 crediderunt
1100 1062 1161 1117 in
1193 1060 1515 1128 Christum,
1548 1065 1607 1116 et
1644 1059 1836 1131 capite
1867 1058 2025 1130 plexi

368 1158 527 1211 sunt.
564 1153 779 1209 Volens
827 1156 1025 1208 autem
1082 1168 1305 1223 praeses
1370 1151 1492 1206 suis
1550 1150 1826 1206 manibus
1874 1148 2026 1204 talos

369 1247 608 1298 sanctos
641 1241 961 1308 terebrare,
995 1256 1025 1294 e
1056 1240 1205 1295 sella
1234 1255 1474 1311 surgere
1505 1238 1793 1310 nequivit,
1826 1243 2023 1311 poste-

370 1330 629 1387 rioribus
661 1330 790 1402 ejus
823 1329 985 1385 sellaa
1017 1328 1482 1396 adhaarentibus,
1507 1333 1565 1382 et
1595 1326 1869 1382 manibus
1897 1342 2030 1381 are-

371 1418 562 1475 factis.
596 1420 821 1473 Rursus
852 1418 1052 1488 itaque
1084 1417 1256 1473 multi
1306 1417 1368 1471 in
1416 1417 1733 1472 Dominum
1762 1414 2032 1471 credide-

372 1518 533 1567 runt.
581 1511 832 1565 Demum
879 1510 1067 1565 sancti
1118 1508 1397 1581 precibus
1440 1524 1664 1580 praases
1714 1507 2032 1562 sanitatem

375 1604 755 1666 consecutus,
807 1614 838 1654 e
885 1598 1033 1655 sella
1081 1598 1358 1666 surrexit,
1394 1613 1650 1669 eumque
1700 1597 1893 1668 capite
1925 1595 2034 1651 ob-

2128 622 2403 689 τρυπῆσαι
2456 616 2585 679 τοὺς
2639 616 3019 694 ἀστραγάλους
3103 619 3290 687 αὐτοῦ,
3367 622 3458 675 καὶ
3512 626 3784 695 κρεμᾶσαι

2133 706 2298 761 αὐτὸν
2322 705 2457 761 κατά
2482 705 2747 785 κεφαλῆς.
2809 708 2911 765 Καὶ
2966 712 3130 764 τοῦτο
3184 706 3472 780 διώξαντες
3506 711 3557 765 οἱ
3591 708 3790 783 δήμιοι

2133 800 2333 864 ποιεῖν,
2368 792 2457 850 διὰ
2488 802 2636 859 θεῖας
2677 794 2959 870 δυνάμεως
3008 799 3104 860 τὰς
3137 798 3335 873 φρένας
3365 796 3790 868 ἁλλοιωθέντες,

2135 882 2297 958 ξύλον
2320 888 2430 940 τῶν
2473 884 2882 958 παρακειμένων
2943 887 3060 941 ἀντὶ
3116 891 3213 941 τοῦ
3265 887 3423 963 ἁγίου
3478 890 3794 962 τρυπήσαν-

2133 995 2223 1038 τες
2278 972 2600 1050 ἐκρέμασαν,
2660 974 2749 1030 καὶ
2804 977 3150 1049 νομισθέντες
3217 975 3500 1050 ἐμπαίζειν
3559 982 3641 1050 τῷ
3693 974 3796 1054 ἄρ-

2137 1082 2320 1138 χοντι,
2376 1062 2706 1138 ἐτύφθησαν.
2762 1064 2849 1137 Ἐξ
2923 1065 2998 1118 ὧν
3047 1062 3406 1142 Ἀλέξανδρος
3459 1065 3550 1121 καὶ
3610 1067 3799 1123 Ἀστέ-

2142 1173 2281 1229 ριος,
2342 1148 2433 1208 διὰ
2486 1153 2549 1207 τὸ
2603 1156 2782 1225 θαῦμα
2835 1153 3215 1217 πιστεύσαντες
3271 1159 3352 1227 τῷ
3410 1159 3649 1230 Χριστῷ,
3693 1156 3800 1211 ἀπ-

2140 1239 2585 1320 ἐκεφαλῖσθησαν.
2635 1242 2732 1297 Καὶ
2781 1240 3076 1317 βουληθεὶς
3106 1244 3135 1298 6
3164 1241 3349 1319 ἅρχων
3384 1244 3608 1307 οἰκείαις
3639 1243 3803 1320 χερσὶ

2140 1338 2414 1409 τρυπῆσαι
2443 1330 2577 1393 τοὺς
2628 1330 3004 1407 ἀστραγάλους
3055 1339 3155 1389 τοῦ
3214 1334 3394 1409 ἁγίου,
3424 1334 3523 1391 οὐκ
3546 1332 3801 1405 ἠδυνήθη

2145 1421 2205 1476 ἐκ
2233 1425 2328 1476 τοῦ
2359 1420 2553 1494 θρόνου
2610 1421 2914 1497 ἐγερθῆναι,
2974 1420 3367 1494 κολληθέντων
3423 1428 3533 1479 τῶν
3580 1423 3804 1489 ὄπισθεν

2148 1511 2318 1567 αὐτοῦ
2345 1516 2424 1583 τῷ
2456 1510 2655 1586 θρόνῳ,
2687 1514 2778 1567 καὶ
2824 1516 2931 1567 τῶν
2975 1518 3177 1588 χειρῶν
3208 1514 3595 1589 ξηρανθεισῷν.
3630 1513 3806 1569 Πάλιν

2149 1600 2463 1657 ἐπίστευσαν
2498 1599 2704 1656 πολλοὶ
2736 1599 2824 1657 ἐπὶ
2855 1601 2950 1658 τὸν
2983 1602 3203 1679 Κύριον.
3235 1606 3371 1661 Εἶτα
3402 1601 3473 1658 δι’
3506 1601 3678 1679 εὐχῆς
3708 1606 3812 1658 τοῦ

379 1689 692 1746 truncavit.

2167 1692 2309 1767 ἷιγίου
2368 1692 2586 1769 ὑγιάνας
2641 1692 2670 1746 ὁ
2728 1689 2941 1768 ἄρχων,
2996 1692 3087 1748 καὶ
3144 1696 3242 1748 τοῦ
3300 1696 3497 1770 θρόνου
3555 1692 3813 1765 ἀναστὰς,

2153 1779 2545 1857 ἀπεκεφάλισεν
2578 1780 2761 1837 αὐτόν.

594 1923 663 1977 Ει
686 1926 959 1978 certamen
988 1923 1167 1978 sancti
1202 1920 1494 1976 Ascalonis
1537 1919 1823 1988 martyris.

2296 1925 2400 1984 Kal
2431 1923 2662 1997 ἄθλησις
2688 1929 2785 1982 τοῦ
2816 1927 2979 2003 ἁγίου
3006 1928 3281 2004 μάρτυρος
3304 1927 3664 1991 Ἀσκάλωνος

457 2068 562 2125 Hic
592 2066 704 2123 fuit
734 2082 804 2122 ex
827 2065 1069 2139 regione
1091 2063 1406 2121 Thebaidis
1427 2063 1655 2136 Egypti
1682 2078 1694 2117 :
1730 2060 1803 2117 ob
1827 2061 2041 2116 Christi

1849 2076 2041 2161 inrisu
2226 2084 2398 2145 Οὗτος
2444 2083 2690 2158 ὑπῆρχεν
2750 2081 2809 2138 ἐκ
2860 2089 2963 2153 τῆς
3015 2083 3208 2158 χώρας
3262 2076 3539 2152 Θηϐαΐδος
3582 2082 3681 2150 τῆς
3714 2082 3824 2140 Ai-

387 2162 585 2215 autem
613 2156 792 2211 ﬁdem
831 2156 1323 2226 comprehensus,
1356 2152 1649 2208 adductus
1673 2155 1764 2207 est
1808 2152 2046 2208 vinctus

2154 2175 2387 2252 γύπτου,
2432 2175 2522 2229 καὶ
2554 2173 2646 2229 διὰ
2698 2173 2761 2229 τὸ
2819 2172 3088 2229 πιστεύειν
3123 2172 3201 2237 εἷς
3230 2172 3462 2248 Χριστὸν
3504 2172 3821 2247 κρατηθεὶς,

391 2247 465 2303 ad
502 2246 782 2301 Arianum
815 2245 1138 2315 prasidem
1180 2261 1192 2297 :
1245 2259 1280 2298 a
1309 2259 1425 2313 quo
1458 2242 1879 2313 interrogatus,
1912 2257 2047 2296 cum

2167 2242 2312 2341 ὴγθη
2373 2242 2598 2338 θέσμιος
2672 2264 2807 2338 πρὸς
2883 2262 3168 2341 ’Λρῤιανὸν
3232 2242 3323 2318 τόν
3383 2242 3673 2339 ἡγεμόνα..
3714 2262 3819 2317 Καὶ

390 2334 689 2390 Christum
713 2333 900 2389 libere
924 2334 1324 2404 proﬁteretur,
1353 2332 1414 2386 in
1453 2330 1774 2401 equuleum
1799 2346 2053 2401 suspen-

394 2441 517 2492 sus,
550 2423 759 2478 ferreis
792 2422 1029 2495 ungulis
1052 2422 1115 2477 in
1146 2420 1433 2477 lateribus
1460 2420 1803 2475 dilanialur.
1829 2418 2052 2473 Deinde

394 2516 458 2570 in
489 2530 789 2570 carcerem
822 2518 1107 2584 tanquam
1133 2518 1400 2566 mortuus
1424 2510 1721 2578 detrusus,
1754 2526 1889 2565 cum
1912 2526 2057 2581 prae-

397 2604 589 2659 sidem
658 2602 882 2658 videret
930 2602 1161 2674 navigio
1211 2601 1456 2656 ﬂuvium
1513 2604 2053 2672 pertranseuntem,

398 2693 602 2760 oravit,
629 2709 706 2747 ne
733 2692 899 2763 prius
922 2692 982 2746 in
1009 2698 1229 2746 terram
1256 2689 1666 2757 descenderet,
1699 2704 1878 2760 quam
1909 2687 2057 2743 scri-

397 2788 498 2857 pto
531 2783 901 2838 divinitatem
931 2782 1146 2837 Christi
1178 2781 1577 2853 profiteretur.
1610 2782 1756 2835 Tum
1788 2795 1921 2835 vero
1952 2777 2057 2833 de-

399 2879 601 2929 tentus
632 2873 694 2926 in
726 2872 902 2927 ﬂuvio
943 2875 1033 2926 est
1080 2887 1321 2943 praeses,
1364 2886 1475 2925 nec
1532 2869 1770 2925 fluvium
1803 2866 2057 2924 transire

402 2962 618 3035 potuit.
651 2961 753 3015 Cui
788 2968 1063 3016 sanctus:
1117 2962 1241 3015 Non
1299 2959 1504 3014 licebit
1552 2959 1655 3014 tibi
1704 2958 1845 3013 hinc
1877 2956 2057 3023 exire,

400 3052 517 3107 nisi
579 3051 800 3123 scripto
876 3049 1219 3105 conﬁtearis
1294 3049 1593 3104 Christum
1654 3049 1839 3103 Deum
1905 3060 2057 3101 esse.

403 3140 680 3195 Chartam
705 3139 904 3210 itaque
927 3139 1228 3209 accipiens
1250 3154 1492 3209 prmses,
1514 3137 1754 3209 scripsit
1778 3151 2061 3208 magnum

404 3244 535 3285 esse
557 3228 1027 3284 Christianorum
1051 3229 1259 3292 Deum,
1284 3244 1394 3282 nec
1415 3227 1598 3282 alium
1623 3231 1839 3299 printer
1868 3226 2060 3297 ipsum

406 3319 710 3374 exsistere.
746 3320 869 3383 Quo
910 3319 1063 3373 facto
1107 3318 1305 3373 statim
1339 3317 1533 3386 exivit,
1568 3322 1626 3372 et
1657 3321 1929 3372 sanctum
1961 3332 2061 3370 co-

405 3424 535 3464 ram
560 3426 621 3464 se
644 3408 733 3481 agi
751 3408 952 3481 jussit,
978 3424 1045 3463 ac
1068 3407 1374 3481 suspendi,
1400 3412 1459 3462 et
1478 3405 1855 3479 lampadibus
1876 3405 2066 3478 igneis

408 3498 538 3569 ejus
587 3496 775 3551 latera
817 3496 1131 3553 comburi:
1189 3495 1431 3550 demum
1472 3511 1613 3550 saxo
1640 3494 1969 3567 alligatum,
2004 3492 2068 3546 in

406 3585 632 3642 ﬂumen
664 3585 895 3657 projici,
929 3586 1031 3641 ubi
1057 3585 1410 3658 martyrium
1441 3583 1895 3641 consummavit.

982 3817 1222 3872 EODEM
1244 3816 1497 3873 MENSE.

916 3956 1021 4013 Die
1054 3957 1334 4012 vicesima
1356 3957 1570 4029 prima.

415 4086 569 4144 108
602 4087 865 4143 Memoria
886 4085 1263 4156 piissimorum
1303 4101 1366 4140 ac
1406 4100 1734 4154 magnorum
1773 4085 2071 4154 imperato-

764 4175 887 4213 rum
947 4158 1304 4213 Constantini
1355 4163 1407 4212 et
1467 4158 1710 4214 Helenae.

485 4320 911 4377 Constantinus
939 4320 1202 4391 Magnus,
1239 4321 1296 4373 et
1321 4317 1549 4389 primus
1599 4317 2073 4373 Christianorum

414 4412 866 4483 imperatorum,
922 4408 1080 4463 filius
1132 4408 1248 4463 fuit
1300 4408 1628 4463 Constantii
1672 4410 2075 4464 Romanorum

415 4500 683 4565 Czesaris,
717 4506 775 4553 et
804 4498 1042 4553 Helenae
1069 4517 1084 4566 ;
1116 4498 1744 4569 Constantii,inquam,
1770 4499 1872 4569 qui
1903 4499 2077 4554 Chlo-

2161 2356 2477 2432 ἐρωτηθεὶς,
2531 2357 2621 2411 καὶ
2679 2354 2957 2432 παρρησίᾳ
3006 2355 3097 2410 τὸν
3159 2355 3390 2430 Χριστὸν
3441 2351 3830 2429 ὁμολογήσας,

2162 2445 2492 2522 ἐκρεμάσθη’
2526 2444 2616 2500 καὶ
2675 2442 2923 2517 σιδήροις
2981 2445 3155 2516 ὀξέσιν
3212 2443 3395 2515 ἐξέσθη
3428 2443 3522 2505 τὰς
3558 2441 3829 2514 πλευράς·

2162 2535 2252 2591 καὶ
2306 2536 2441 2608 μετὰ
2486 2539 2655 2590 ταῦτα
2711 2533 2906 2611 ἐρρίφη
2966 2532 3018 2589 ἐν
3080 2532 3298 2608 φυλακῇ
3331 2531 3460 2588 ὡσεὶ
3492 2533 3702 2603 νεκρὸς’
3735 2531 3833 2587 καὶ

2164 2626 2587 2701 παρερχόμενον
2630 2626 2722 2680 τὸν
2776 2625 3019 2700 ἄρχοντα
3053 2622 3188 2698 μετᾶ
3217 2621 3418 2679 πλοίου
3447 2621 3540 2677 τὸν
3573 2622 3829 2694 ποταμὸν

2168 2712 2323 2784 ἰδὼν,
2378 2714 2577 2785 ηὔξατο
2640 2715 2717 2783 μή
2775 2712 3009 2785 ἐξελθεῖν
3069 2711 3158 2768 ἐπὶ
3213 2713 3313 2781 τήν
3374 2712 3561 2785 ξηρὰν,
3594 2710 3723 2785 πρὶν
3758 2708 3824 2765 ἄν

2167 2803 2453 2881 ἐγγράφως
2528 2799 2857 2878 ὁμολογήσῃ
2938 2803 3040 2872 τήν
3099 2802 3331 2872 θεότητα
3405 2805 3503 2856 τοῦ
3562 2801 3825 2876 Χριστοῦ.

2168 2896 2328 2952 ’Όθεν
2359 2893 2683 2969 κρατηθέντι
2734 2890 2786 2946 ἔν
2836 2896 2916 2964 τῷ
2973 2895 3231 2964 ποταμῷ,
3279 2890 3371 2944 καὶ
3430 2890 3506 2963 μή
3542 2886 3829 2962 δυναμένῳ

2169 2982 2427 3057 ἐξελθεῖν,
2469 2983 2733 3055 ἐμήνυσεν
2786 2983 2813 3037 ὁ
2858 2983 3030 3058 ἅγιος,
3080 2981 3199 3040 Ούκ
3239 2974 3409 3053 ἔξεστί
3448 3000 3533 3035 σοι
3567 2977 3830 3049 ἐξελθεῖν,

2171 3074 2218 3130 εί
2254 3076 2328 3149 μὴ
2358 3074 2645 3153 ἐγγράφως
2695 3072 3050 3150 ὁμολογήσῃς
3092 3075 3182 3127 τὸν
3233 3071 3466 3147 Χριστὸν
3500 3071 3630 3127 Θεὸν
3662 3072 3825 3129 εἶναι.

2173 3167 2275 3223 Καὶ
2325 3161 2511 3221 λαϐὼν
2571 3167 2780 3241 χάρτην
2843 3165 2872 3220 ὁ
2922 3162 3175 3239 ἡγεμὼν,
3237 3160 3440 3238 ἔγραψε
3490 3162 3652 3235 μέγαν
3684 3162 3825 3215 εἶναι

2090 3274 2135 3342 C
2170 3256 2269 3315 τὸν.
2293 3260 2403 3312 τῶν
2463 3255 2801 3328 Χριστιανῶν
2860 3254 3011 3323 Θεὸν,
3070 3252 3161 3308 καὶ
3220 3250 3367 3323 πλὴν
3417 3251 3576 3305 αὐτοῦ
3608 3249 3684 3321 μή
3718 3249 3819 3302 ὑπ-

2174 3349 2364 3422 άρχειν
2395 3343 2603 3421 ἓτερον.
2660 3343 2767 3401 Καὶ
2828 3342 2983 3408 εὐθὺς
3037 3341 3292 3414 ἐξελθὼν,
3349 3342 3520 3415 ἤγαγε
3542 3339 3632 3393 τὸν
3667 3336 3818 3413 ἅγιον

2173 3434 2480 3512 ἔμπροσθεν
2558 3432 2749 3489 αὐτοῦ·
2822 3434 2912 3488 καὶ
2991 3433 3290 3508 κρεμάσας,
3350 3428 3597 3502 λαμπάσι
3653 3427 3830 3501 πυρὸς

2169 3528 2267 3590 τὰς
2295 3524 2535 3598 πλευρὰς
2595 3524 2763 3579 αὐτοῦ
2814 3521 3125 3599 κατέφλεξε·
3181 3521 3271 3576 καὶ
3329 3518 3469 3592 λίθῳ
3518 3513 3835 3592 προσδήσας

2173 3618 2357 3686 αὐτὸν,
2387 3609 2644 3671 ἐϐέόαλεν
2677 3613 2729 3670 ἐν
2763 3618 3023 3688 ποταμῷ,
3071 3612 3122 3670 ἐν
3178 3614 3225 3685 ᾧ
3277 3612 3340 3668 τὸ
3399 3608 3489 3666 διὰ
3531 3606 3836 3684 μαρτυρίου

2171 3707 2331 3772 τέλος
2363 3705 2595 3782 ἐδέξατο.

2730 3854 2911 3911 ΜΠΝΙ
2949 3854 3041 3910 ΤΩ
3078 3851 3281 3910 ΑΥΤΩ.

2952 3997 3063 4053 ΚΑ.

2250 4313 2657 4371 Κωνσταντῖνος
2707 4307 2734 4361 ὁ
2787 4306 2952 4384 μέγας
2999 4304 3089 4360 καὶ
3150 4306 3370 4379 πρῶτος
3404 4301 3456 4357 ἐν
3492 4304 3852 4377 Χριστιανοῖς

2183 4397 2459 4475 βασιλεὺς,
2516 4400 2734 4474 γέγονεν
2792 4396 2907 4465 υἱὸς
2965 4393 3339 4463 Κώνσταντος,
3398 4395 3495 4446 τοῦ
3543 4390 3850 4465 Ῥωμαίων

2183 4486 2476 4563 Καίσαρος,
2529 4486 2618 4540 καὶ
2677 4484 2924 4555 Ἑλένης·
2982 4484 3332 4544 Κώνπαντος
3409 4484 3507 4536 τοῦ
3565 4478 3862 4553 ἐπονομα-

413 4606 516 4644 rus
551 4589 1031 4659 cognominatus,
1052 4587 1215 4642 solus
1238 4586 1431 4642 fuerat
1453 4604 1521 4641 ex
1541 4587 1676 4642 aliis
1698 4587 2055 4660 imperatorii

2167 4560 2417 4650 ιζομένου
2449 4576 2544 4650 μὲν
2579 4574 2835 4651 Χλωροῦ,
2872 4573 3040 4648 μόνου
3090 4569 3148 4627 δὲ
3198 4577 3306 4627 τῶν
3340 4568 3527 4627 ἄλλων
3565 4560 3854 4647 βασιλέέυν

416 4680 549 4745 bus,
584 4679 685 4748 qui
720 4693 1044 4749 supernam
1076 4677 1513 4749 providentiam
1557 4678 1880 4746 invocaret,
1914 4684 1972 4734 et
1999 4678 2074 4734 ab

420 4766 597 4822 idolis
616 4782 745 4822 sese
766 4765 1113 4821 abstineret.
1135 4764 1360 4821 Idcirco
1379 4766 1746 4824 Christianos
1767 4768 2077 4823 tormentis

424 4853 723 4924 subjectos
745 4851 972 4921 videns,
993 4852 1542 4924 commiserabatur,
1566 4871 1861 4926 suumque
1884 4854 2076 4910 ﬁlium

423 4940 729 5008 edocebat,
763 4940 975 4996 divina:
1006 4941 1066 4995 in
1092 4941 1266 4997 bellis
1293 4943 1699 5014 providentiae,
1732 4960 1852 4997 non
1883 4943 2074 4998 idolo-

419 5047 551 5086 rum
585 5047 758 5102 opem
790 5030 1128 5102 implorare.
1165 5032 1309 5087 llinc
1340 5038 1475 5103 post
1512 5033 1697 5102 patris
1729 5033 1821 5086 sui
1849 5033 2077 5086 obitum

420 5137 740 5192 supernam
772 5121 1201 5191 providentiam
1262 5122 1565 5182 invocans,
1624 5121 1788 5175 vidit'
1825 5121 1887 5175 in
1930 5121 2076 5177 coalo

418 5208 816 5264 venerandam
844 5226 1102 5277 crucem,
1130 5224 1452 5280 vocemque
1481 5209 1703 5263 audivit
1734 5208 1845 5264 sibi
1872 5209 2080 5265 dicen-

421 5304 579 5354 tem:
614 5298 1023 5366 Constantine,
1052 5298 1116 5353 in
1148 5300 1260 5353 hoc
1290 5298 1495 5353 vince:
1531 5297 1884 5369 hostemque
1917 5298 2077 5370 deje-

421 5388 525 5443 cit.
570 5387 840 5442 Posthasc
862 5387 1112 5458 imperio
1137 5387 1382 5458 potitus,
1402 5385 1564 5441 idola
1583 5386 1826 5457 quidem
1848 5387 2077 5455 evertit;

422 5475 708 5531 ecclesias
739 5480 939 5530 autem
973 5475 1269 5541 excitavit,
1295 5479 1353 5528 et
1383 5474 1560 5529 urbes
1591 5473 1897 5541 condidit;
1921 5475 2084 5530 Chri-

422 5565 496 5618 sti
531 5580 663 5619 vero
696 5580 933 5619 crucem
965 5580 1073 5634 per
1104 5568 1354 5618 matrem
1401 5579 1569 5617 suam
1603 5564 1888 5620 Helenam
1920 5564 2081 5620 inve-

424 5654 531 5707 nit.
565 5655 831 5723 Cumque
866 5653 1051 5708 multa
1096 5658 1256 5708 recte
1305 5652 1606 5725 gessisset,
1638 5653 1713 5710 ad
1743 5654 2082 5711 Domimum

431 5742 721 5813 migravit.

2182 4668 2282 4737 τήν
2333 4663 2440 4722 ἅνω
2498 4665 2755 4741 πρόνοιαν
2814 4660 3275 4736 ἐπικαλουμένου,
3306 4662 3397 4718 καὶ
3436 4664 3551 4723 τοῖς
3584 4656 3860 4725 εἲδὼλοις

2193 4759 2267 4832 μή
2327 4758 2719 4833 προσέχοντος.
2779 4755 2879 4809 Διά
2930 4757 3093 4808 τοῦτο
3148 4753 3239 4808 καὶ
3298 4750 3424 4814 τοὺς
3480 4750 3862 4824 Χριστιανοὺς

2184 4845 2639 4922 τιμωρουμένους
2697 4844 2858 4918 ὁρῶν,
2891 4840 3068 4914 ἠλέει,
3100 4841 3189 4896 καὶ
3240 4841 3332 4896 τὸν
3382 4840 3496 4896 υἱὸν
3528 4838 3698 4894 αὐτοῦ
3730 4837 3861 4896 ἐδί-

2188 4935 2402 5005 δασκεν,
2433 4942 2534 5006 τῆς
2566 4935 2676 4991 ἅνω
2707 4934 2961 5008 προνοίας
3010 4932 3063 4989 ἐν
3122 4938 3242 4994 τοῖς
3275 4932 3545 5003 πολέμοις
3576 4929 3862 4994 αἰτεῖσθαι

2186 5027 2284 5092 τήν
2323 5027 2599 5102 βοήθειαν,
2645 5024 2735 5079 καὶ
2770 5026 2846 5097 μὴ
2905 5027 3015 5078 τῶν
3074 5019 3344 5077 εἰδώλων.
3378 5022 3461 5094 Ἐξ
3494 5019 3555 5074 οὗ
3585 5018 3673 5074 καὶ
3711 5020 3867 5092 μετᾶ

2186 5116 2444 5184 τελευτὴν
2476 5119 2577 5170 τοῦ
2607 5116 2811 5189 πατρὸς
2861 5113 3052 5182 αὐτοῦ,
3103 5110 3564 5184 ἐπικαλεσάμενος
3597 5110 3700 5178 τὴν
3737 5107 3868 5167 ἅνω

2188 5203 2472 5281 πρόνοιαν,
2506 5199 2615 5257 εἶδε
2662 5202 2753 5256 τὸν
2798 5200 2982 5274 τίμιον
3034 5198 3260 5273 σταυρὸν
3294 5199 3344 5253 ἐν
3377 5202 3456 5270 τῷ
3490 5196 3725 5271 οὐρανῷ·
3762 5198 3870 5254 καὶ

2190 5300 2376 5371 φωνῆς
2409 5291 2661 5362 ἀκούσας,
2722 5294 3113 5359 Κωνσταντῖνε,
3172 5288 3225 5344 ἐν
3273 5288 3453 5361 τούτῳ
3482 5287 3628 5359 νίκα,
3662 5284 3877 5364 ἔτρεψε

2187 5383 2280 5439 τὸν
2340 5381 2560 5458 ἐχθρὸν.
2615 5381 2718 5438 Καὶ
2780 5381 2917 5454 μετὰ
2962 5376 3131 5435 ταῦτα
3192 5376 3538 5455 βασιλεύσας,
3570 5375 3638 5431 τά
3681 5397 3745 5431 τε
3780 5378 3876 5433 εἱ-

2193 5471 2399 5528 δωλεῖα
2453 5472 2798 5547 κατέστρεψε,
2870 5468 2962 5524 καὶ
3046 5466 3340 5539 ἐκκλησίας
3421 5468 3697 5542 ἀνήγειρε,
3762 5469 3873 5524 καὶ

2190 5560 2380 5623 πόλεις
2412 5555 2607 5630 ἔκτισε,
2665 5558 2755 5614 καὶ
2811 5557 2905 5613 τὸν
2965 5557 3192 5633 σταυρὸν
3240 5561 3337 5611 τοῦ
3368 5554 3599 5631 Χριστοὺ
3632 5552 3723 5610 διὰ
3752 5565 3876 5629 τῆς

2195 5652 2404 5726 μητρὸς
2436 5650 2603 5706 αὐτοῦ
2656 5646 2885 5718 Ἑλένης
2943 5645 3266 5726 ἐφανέρωσε,
3306 5646 3396 5702 καὶ
3428 5643 3616 5701 πολλά
3644 5666 3870 5724 κατορ-

2193 5744 2423 5817 θώματα
2451 5745 2705 5816 ποιήσας,
2735 5740 2873 5815 πρὸς
2904 5739 3099 5817 Κύριον
3130 5738 3482 5815 ἐξεδήμησεν.
