4108 6426
321 354 449 417 469

880 490 1067 549 ΜΗΝῙ
1107 492 1200 549 ΤΩ
1236 493 1442 552 ΑΥἸὮ.

498 667 775 740 νΔθλησις
812 667 912 726 τοῦ
961 582 1426 750 ἀγίουῗῗάρτυρος
1454 670 1809 732 Βασιλίσκου.

401 784 761 858 Βασιλίσκος,
796 791 824 846 ὃ
852 796 952 848 τοῦ
982 793 1229 870 Χριστοῦ
1279 787 1507 866 μάρτυς,
1536 790 1603 861 ἦν
1637 789 1726 846 ἰπὶ
1751 792 1853 861 τῆς
1888 791 1991 867 βα-

321 875 535 940 σιλείας
563 881 935 954 Μαξιμιανοῦ,
966 881 1026 938 ix
1072 888 1175 952 τῆς
1234 880 1425 957 χώρας
1454 884 1563 936 τῶν
1596 880 1991 956 Ἀρμενιακῶν,

324 968 553 1043 ἀνεψιὸς
608 973 710 1024 τοῦ
763 971 922 1045 ἁγίου
980 969 1289 1049 Θεοδώρου.
1347 968 1873 1046 Προαγωνισάμενος
1934 967 1994 1027 δὶ

332 1059 476 1135 μετά
524 1061 635 1114 τῶν
693 1059 862 1134 ἁγίων
916 1059 1224 1137 Εὖτροπίου
1270 1059 1360 1116 καὶ
1413 1059 1744 1131 Κλεονίκου,
1795 1060 1993 1124 οἳτινες

323 1148 467 1217 ἦσαν
498 1151 825 1222 στρατιῶται
879 1153 977 1204 τοῦ
1034 1149 1188 1228 ἁγίου
1240 1147 1550 1226 Θεοδώρου,
1602 1148 1823 1206 ἐκείνων
1859 1151 1992 1225 ὑπὲρ

324 1238 568 1312 Χριστοῦ
624 1234 1051 1309 τελειωθέντων,
1123 1237 1456 1316 κατελείφθη
1516 1238 1569 1294 ἒν
1628 1243 1696 1314 τῇ
1750 1238 1991 1318 φυλακῇ.

322 1326 600 1400 Δεόμενος
631 1324 689 1381 δὲ
715 1332 819 1383 τοῦ
848 1333 984 1384 Θεοῦ
1012 1330 1105 1384 τὸν
1152 1336 1254 1398 τῆς
1284 1328 1573 1399 ἀθλήσεως
1606 1326 1812 1405 δρόμον
1838 1329 1994 1386 τελε·-

317 1438 439 1486 σαι,
501 1416 820 1490 προετράπη
881 1419 1010 1492 παρ’
1067 1418 1240 1474 αὐτοῦ
1297 1417 1647 1489 συντάξασθαι
1702 1424 1819 1481 τοῖς
1865 1440 1991 1494 συγ-

316 1509 562 1586 γενέσῐν,
593 1508 669 1570 ὡς
733 1505 956 1582 μελλων
1016 1516 1360 1585 μαρτυρῆσαι
1408 1508 1463 1565 ἐν
1515 1512 1812 1584 Κομάνοις.
1857 1517 1992 1566 Συν-

317 1607 628 1679 τσξάμενος
662 1602 755 1660 οῦν
786 1610 905 1669 τοῖς
952 1606 1205 1674 οίκείοις,
1236 1606 1510 1683 ἐκρατήθη
1547 1607 1690 1684 παρά
1721 1608 1994 1683 Ἀγρίππα

320 1700 425 1751 τοῦ
482 1692 776 1769 ἡγεμόνος,
834 1694 927 1750 καὶ
979 1692 1145 1772 ἤγετο
1214 1692 1439 1769 δέσμιος
1495 1697 1574 1759 είς
1628 1697 1697 1753 τά
1749 1697 1991 1770 Κόμανα.

333 1783 443 1839 Καὶ
486 1781 620 1837 κατά
666 1783 768 1852 τὴν
816 1780 941 1839 ὁδὸν
993 1786 1504 1861 θαυματουργήσας,
1538 1784 1788 1851 πολλοὺς
1815 1785 1996 1843 ἔπεισε

1886 360 2168 426 ΜΑΙΠΒ.

3637 381 3759 442 470

2664 503 2907 563 EODEM
2945 506 3201 567 MENSE.

2563 594 2670 651 Die
2706 596 2988 654 vicesima
3025 601 3307 660 secunda.

2392 684 2686 742 Certamen
2712 689 2891 743 sancti
2908 690 3166 748 Basilisci
3188 696 3473 765 martyris.

2173 800 2495 859 Basiliscus
2519 804 2737 860 Christi
2757 812 3003 879 martyr,
3026 808 3355 882 imperante
3380 814 3733 871 Maximiano
3748 859 3761 884 ,

2102 891 2217 948 fuit
2246 908 2314 948 ex
2342 893 2587 966 regione
2614 896 3124 968 Armeniacorum,
3154 900 3314 957 ﬁlius
3343 902 3543 958 fratris
3571 906 3762 960 sancti

2104 982 2304 1056 magni
2336 982 2617 1055 martyris
2672 984 2985 1044 Theodori.
3017 989 3163 1044 Cum
3221 997 3419 1047 autem
3451 1000 3629 1049 antea
3658 994 3762 1051 de-

2105 1075 2393 1129 certasset
2418 1088 2541 1127 una
2570 1089 2705 1128 cum
2748 1075 2970 1130 sanctis
3019 1076 3299 1151 Eutropio
3355 1086 3414 1136 et
3464 1082 3763 1155 Cleonico,

2105 1162 2207 1234 qui
2240 1161 2349 1217 sub
2380 1167 2585 1217 sancto
2605 1163 2913 1220 Theodoro
2944 1165 3300 1233 militabant,
3326 1170 3447 1225 illis
3470 1189 3574 1243 pro
3598 1173 3763 1227 Chri-

2105 1257 2194 1307 sto
2227 1250 2740 1320 occumbentibus,
2773 1253 2900 1325 ipse
2945 1256 3005 1310 in
3038 1273 3272 1312 carcere
3303 1258 3621 1316 derelictus
3653 1267 3760 1316 est.

2105 1342 2291 1397 Deum
2322 1356 2457 1396 vero
2487 1341 2752 1413 rogabat,
2780 1349 2847 1397 ut
2875 1346 3221 1400 certaminis
3252 1364 3488 1403 cursum
3527 1352 3767 1421 perﬁce-

2103 1436 2214 1487 ret.
2248 1431 2438 1495 Quare
2470 1431 2811 1487 stimulatus
2837 1433 2946 1488 fuit
2975 1435 3048 1489 ab
3072 1436 3220 1506 ipso,
3246 1444 3309 1491 ut
3340 1439 3620 1494 afﬁnibus
3645 1441 3766 1494 suis

2106 1536 2236 1577 sese
2267 1522 2677 1592 conjungeret.
2711 1527 2776 1576 ut
2808 1524 3160 1595 martyrium
3213 1528 3485 1582 Comanis
3519 1529 3764 1582 subiret.

2107 1610 2457 1666 Domesticis
2489 1609 2689 1682 itaque
2720 1612 2871 1667 109
2905 1613 3030 1667 suis
3050 1614 3391 1694 adjunctus,
3417 1617 3489 1672 ad
3514 1619 3771 1690 Agrippa

2104 1699 2360 1773 praeside
2381 1700 2929 1771 comprehenditur,
2954 1703 3261 1776 victusque
3288 1707 3548 1762 Comana
3578 1708 3766 1762 abdu-

2106 1789 2280 1846 citur.
2312 1789 2457 1845 Cum
2488 1805 2624 1845 vero
2655 1806 2761 1861 per
2790 1791 2943 1846 viam
2975 1792 3266 1849 miracula
3296 1794 3601 1865 edidisset,
3636 1798 3771 1869 plu-

336 1876 615 1929 ¹πιστεῦσαι
658 1876 742 1946 τῷ
800 1876 1038 1949 Χριστῷ.
1101 1873 1199 1930 Καὶ
1255 1858 1508 1939 ἀπελθὼν
1542 1874 1618 1938 εἰς
1648 1875 1716 1930 τὰ
1742 1876 1990 1957 Κόμανα,

2103 1880 2283 1935 rimos
2308 1877 2385 1935 ad
2414 1879 2631 1934 Christi
2656 1858 2846 1935 iidem
2878 1882 3324 1953 suscipiendam
3351 1858 3604 1940 induxit.
3636 1858 3759 1941 ⁸(Ιο-

331 1965 421 2019 ita!
481 1963 941 2037 προσευξάμενος,
998 1965 1298 2038 κατήνεγκε
1353 1968 1461 2040 πῦρ
1513 1964 1566 2037 ἕξ
1613 1964 1869 2041 οὐρανοῦ,
1900 1964 1993 2022 καὶ

322 2050 623 2107 κατέκαυσε
649 2050 746 2106 τὸν
802 2051 931 2106 ναὸν
979 2055 1077 2106 τοῦ
1131 2050 1492 2115 ’Λπόλλωνος
1525 2050 1616 2107 καὶ
1643 2051 1707 2108 τὸ
1737 2048 1988 2111 εἴδωλον.

316 2141 421 2196 Καὶ
455 2138 549 2196 διὰ
574 2144 739 2196 τοῦτο
792 2138 1273 2220 ἀποκεφαλισθεῖς,
1305 2138 1503 2219 ὲῤῥίφη
1535 2139 1588 2196 ἐν
1619 2145 1698 2215 τῷ
1728 2146 1988 2216 ποταμῷ.

312 2231 461 2289 Εἶτα
492 2225 764 2301 ἐκϐληθὶν
817 2228 985 2287 αὐτου
1041 2231 1104 2286 τὸ
1161 2229 1444 2306 λείψανον,
1496 2231 1763 2303 κατετέθη
1798 2230 1851 2287 iv
1881 2233 1988 2289 Κο-

316 2322 541 2399 μάγοις.

540 2411 639 2467 Καὶ
674 2414 868 2486 μνήμη
899 2415 997 2468 τοῦ
1026 2411 1184 2487 ἁγίου
1221 2408 1539 2467 ἀποστόλου
1571 2408 1769 2470 Ἰούδα.

399 2535 639 2605 Ἰοῦδας,
673 2538 702 2592 ὁ
729 2538 873 2601 θεῖος
918 2536 1256 2603 ἀπόστολος,
1286 2536 1420 2611 μετά
1448 2538 1548 2607 τήν
1582 2535 1857 2612 ἀνάληψιν
1890 2540 1988 2593 τοῦ

310 2628 524 2703 Κυρίου
567 2630 728 2699 ἡμῶν
781 2630 963 2698 Ἰησοῦ
1024 2631 1287 2702 Χριστοῦ,
1350 2624 1518 2696 ζῆλον
1578 2624 1752 2682 ἔνθεον
1788 2626 1989 2682 ἀναλα-

311 2715 459 2787 ϐὼν,
493 2718 833 2793 περιηεχετο
865 2721 1037 2770 πᾶσαν
1079 2716 1244 2771 πόλιν
1299 2715 1390 2771 καὶ
1449 2716 1670 2790 χώραν,
1705 2716 1988 2790 κηρύττων

315 2805 745 2884 μεγαλοφώνους
778 2807 867 2861 τὸν
900 2807 1157 2882 Χριστὸν,
1187 2806 1278 2860 καὶ
1302 2806 1403 2874 τὴν
1435 2805 1495 2860 ἐκ
1526 2810 1733 2881 νεκρῶν
1762 2804 1994 2861 ἀνάστα-

312 2920 400 2953 σιν
437 2896 633 2957 αὐτοῦ,
665 2894 1055 2972 καταγγέλλων
1100 2900 1220 2957 τοῖς
1277 2900 1461 2965 πᾶσιν,
1493 2896 1583 2949 καὶ
1618 2890 1988 2949 ἀποδεικνύων

311 2989 481 3044 αὐτὸν
541 2986 735 3061 κριτὴν
789 2986 1003 3055 ζώντων
1059 2984 1148 3040 καὶ
1208 2981 1433 3059 νεκρῶν·
1496 2985 1645 3045 ὅπως
1675 3004 1733 3038 τε
1777 2981 1866 3039 διὰ
1894 2984 1993 3052 τὴν

312 3076 591 3150 ἡμετεραν
625 3074 922 3151 σωτηρίαν,
956 3075 1137 3150 Λόγος
1185 3070 1259 3128 ὣν
1308 3074 1402 3129 καὶ
1431 3074 1557 3136 Υἱὸς
1588 3078 1683 3128 τοῦ
1716 3074 1849 3129 Θεοῦ
1882 3079 1989 3130 [Ια-

309 3169 466 3240 τρός,
526 3165 766 3229 κενώσας
821 3162 1038 3236 ὲαῦτὺν,
1096 3163 1369 3234 κατῆλθεν
1429 3163 1517 3218 ἐπὶ
1576 3170 1705 3239 γῆς,
1746 3163 1836 3219 καὶ
1871 3184 1996 3239 σαρ-

2096 1985 2279 2026 mana
2307 1974 2506 2025 autem
2563 1968 2884 2041 profectus,
2932 1969 3080 2026 fusis
3111 1971 3185 2026 ad
3216 1973 3399 2041 Deum
3454 1973 3760 2044 precibus,

2092 2061 2293 2133 ignem
2317 2058 2521 2131 elcmlo
2543 2057 2777 2124 detulit,
2806 2060 2907 2131 qui
2927 2060 3221 2132 Apollinis
3252 2061 3457 2117 fanum
3490 2062 3753 2118 idolum-

2094 2167 2212 2224 que
2232 2148 2519 2206 incendit.
2537 2148 2930 2215 Quamobrem
2954 2150 3146 2222 capite
3168 2150 3397 2223 plexus,
3422 2153 3484 2207 in
3507 2152 3751 2208 ﬂuvium

2094 2242 2395 2317 projectus
2447 2244 2558 2296 est.
2618 2239 2906 2311 Reliquias
2965 2240 3106 2296 inde
3146 2246 3446 2312 extractae,
3477 2243 3753 2298 Comanis

2095 2331 2381 2405 depositas
2408 2329 2598 2386 fuere.

2410 2421 2474 2474 Et
2504 2420 2768 2474 memoria
2795 2420 2977 2474 sancti
3004 2420 3240 2490 apostoli
3268 2420 3446 2478 Iudae.

2166 2535 2366 2605 Iudas,
2401 2534 2636 2591 divinus
2667 2534 2995 2607 apostolus,
3027 2539 3163 2606 post
3191 2536 3606 2592 ascensionem
3636 2539 3751 2593 Do—

2094 2627 2242 2683 mini
2274 2626 2463 2681 nostri
2492 2626 2631 2681 Jesu
2662 2625 2902 2693 Christi,
2936 2624 3058 2680 zelo
3094 2625 3292 2680 divino
3324 2627 3753 2696 inflammatus,

2095 2736 2303 2775 omnes
2348 2717 2613 2772 civitates
2644 2717 3037 2789 regionesque
3068 2719 3423 2789 peragravit,
3457 2719 3756 2773 Christum

2096 2824 2313 2879 magna
2342 2823 2479 2862 voce
2515 2806 2867 2878 prmdicans,
2902 2809 3152 2877 ejusque
3202 2823 3236 2862 a
3274 2808 3525 2863 mortuis
3553 2824 3754 2863 resur-

2094 2897 2446 2958 rectionem,
2506 2912 2762 2967 eumque
2819 2895 3112 2951 universis
3156 2899 3542 2962 annuntians,
3576 2903 3755 2969 atque

2097 2986 2418 3044 ostendens
2450 2987 2711 3040 vivorum
2749 2991 3239 3057 mortuorumque
3279 2988 3546 3059 judicem
3579 3005 3707 3043 esse
3737 3006 3751 3045 :

2098 3077 2395 3151 quomodo
2429 3076 2659 3132 scilicet
2686 3093 2792 3148 pro
2837 3080 3041 3133 nostra
3086 3077 3297 3143 salute,
3330 3094 3464 3133 cum
3498 3078 3755 3133 Verbum

2098 3173 2273 3237 esset,
2331 3167 2552 3238 Deique
2602 3166 2793 3221 Patris
2840 3166 3045 3233 Filius,
3087 3167 3412 3223 exinanivit
3442 3185 3504 3223 se
3534 3168 3754 3239 ipsum,

305 3238 517 3321 κωθεῖς
576 3254 638 3311 ἐκ
697 3253 1012 3328 Ηνεύματος
1070 3254 1254 3329 ἁγίου,
1313 3252 1405 3308 καὶ
1438 3252 1515 3313 ,ἐκ
1572 3238 1672 3323 τῆς
1704 3238 1990 3327 ἀείπαρθέ-

2103 3258 2156 3313 in
2180 3263 2398 3313 terram
2421 3254 3176 3323 descendit,etincarnatus
3194 3255 3264 3311 de
3288 3256 3510 3327 Spiritu
3528 3238 3755 3324 sancto,

304 3369 409 3402 νου
462 3345 704 3421 Μαρίας,
757 3343 1200 3418 ἐνηνθρώπησεν,
1232 3341 1370 3399 ὅλον
1412 3344 1503 3399 τὸν
1538 3340 1720 3417 Ἀδὰμ
1750 3342 1991 3421 φορὲσας

310 3437 466 3504 πλὴν
522 3433 814 3510 ἁμαρτίας
856 3433 949 3488 καὶ
1009 3432 1337 3508 πειρασθεὶς,
1396 3433 1486 3488 καὶ
1547 3427 1841 3508 ὑϐρισθεὶς,
1899 3446 1992 3501 καὶ

319 3522 663 3593 ὀνειδισθεὶς,
723 3524 813 3579 καὶ
872 3522 1155 3599 ῥαπισθεὶς
1214 3522 1319 3578 ὑπὸ
1377 3522 1588 3599 χειρὸς,
1620 3521 1687 3593 ἥν
1732 3520 1991 3592 ἔπλασεν,

325 3613 425 3668 καὶ
483 3611 873 3681 ἀποκλεισθεὶς,
931 3613 1022 3668 καὶ
1076 3610 1241 3674 τέλος
1309 3616 1527 3686 σταυρῷ
1582 3612 1990 3685 προσηλωθεὶς,

328 3704 429 3759 καὶ
454 3703 657 3778 ταφεὶς,
683 3702 768 3759 καὶ
819 3703 1074 3767 ἀναστάς,
1133 3702 1224 3759 καὶ
1283 3707 1400 3766 τοῖς
1459 3702 1788 3765 ἀποστόλοις
1818 3702 1989 3780 ἐμφα-

334 3791 566 3858 νισθεὶς,
613 3792 697 3848 καὶ
751 3791 1114 3870 ἀναληφθεὶς,
1170 3790 1262 3846 καὶ
1321 3791 1600 3857 καθεσθεὶς
1630 3792 1683 3848 ἂν
1722 3790 1868 3866 δεξιᾷ
1894 3796 1991 3848 τοῦ

332 3880 548 3955 Πατρός
602 3880 653 3935 ἐν
709 3887 827 3948 τοῖς
880 3882 1161 3957 οὐρανοῖς,
1218 3881 1309 3937 καὶ
1363 3880 1529 3937 πάλιν
1565 3882 1785 3955 μέλλων
1812 3881 1990 3948 ἐλθεῖν

321 3978 511 4048 κρῖναι
572 3976 778 4042 ζῶντας
835 3972 927 4028 καὶ
983 3970 1231 4046 νεκρούς.
1292 3970 1451 4029 Οὕτω
1506 3969 1565 4027 δὲ
1623 3969 1860 4044 διδάξας,
1900 3972 1989 4028 καὶ

314 4060 577 4125 πολλοὺς
623 4066 733 4117 τῶν
782 4062 1025 4118 ἀπίστων
1077 4062 1370 4138 βαπτίσας,
1401 4060 1454 4117 ἐν
1489 4061 1681 4140 είρηνῃ
1716 4063 1852 4138 πρὸς
1882 4062 1990 4121 Κύ-

316 4173 439 4228 ριον
473 4149 630 4224 ἒξεδη
641 4172 834 4225 μησεν.

882 4359 1067 4416 MHNI
1104 4363 1194 4437 τᾳ
1236 4359 1426 4436 me.

1120 4445 1207 4503 ΚΓ

312 4540 532 4612 Νν-ἐμη
581 4536 679 4593 τοῦ
711 4535 868 4592 ὁσίου
927 4535 1139 4612 ματρὸς
1192 4537 1355 4612 ἡμῶν
1416 4537 1645 4610 Συμεὼν
1700 4540 1798 4593 τοῦ
1830 4535 1882 4593 ἰν
1913 4541 1993 4610 τῷ

928 4604 1224 4682 θαυμαστῷ
1254 4604 1389 4684 ὄρει.

398 4726 717 4800 Συμεὼν,ό
750 4723 802 4780 ἰν
865 4723 1043 4800 ἁγίοις
1103 4725 1291 4798 Πατὴρ
1348 4726 1536 4799 ἡμῶν,
1593 4725 1839 4802 ὑπῆρχεν
1883 4725 1991 4781 ἀπὸ

320 4812 676 4888 Ἀντιοχείας
722 4818 822 4882 τῆς
870 4810 1093 4887 Συρίας,
1155 4809 1243 4866 ἐπὶ
1298 4818 1401 4883 τῆς
1455 4811 1735 4886 βασιλείας
1764 4816 1989 4869 Ἰουστι-

318 4907 511 4960 νιανοῦ
537 4906 637 4958 τοῦ
667 4904 927 4957 παλαιοῦ·
961 4898 1277 4979 συνελήφθη
1325 4898 1384 4957 δὲ
1435 4901 1486 4975 ἐξ
1543 4900 1867 4978 ἐπαγγελίας
1893 4906 1990 4959 τοῦ

320 4990 660 5067 Προδρόμου
711 4992 799 5047 καὶ
862 4994 1194 5055 Βαπτιστοῦ,
1243 4988 1312 5065 τῇ
1372 4990 1543 5067 μητρὶ
1605 4991 1774 5048 αὐτοῦ
1826 4996 1989 5049 τοῦτο

316 5082 830 5157 καταμηνῦσαντος.
894 5080 992 5137 Καὶ
1052 5079 1360 5155 γεννηθεὶς,
1444 5080 1496 5135 ἐν
1576 5085 1656 5154 τῷ
1731 5080 1988 5152 θηλάζειν

316 5175 584 5250 ἀπείχετο
613 5173 712 5229 τοῦ
742 5172 1033 5247 ἀριστεροῦ
1069 5175 1301 5243 μαστοῦ,
1347 5174 1445 5225 τοῦ
1496 5176 1631 5227 Θεοῦ
1662 5169 1989 5243 δηλοῦντος,

314 5266 403 5322 ὅτι
433 5267 535 5335 τήν
568 5260 749 5334 δεξιὰν
781 5257 908 5316 ὁδὸν
964 5263 1073 5315 τῶν
1132 5259 1369 5315 ἐντολῶν
1400 5259 1690 5336 ἀγαπήσει.
1725 5261 1991 5335 Αὐξηθεὶς

315 5353 398 5427 δὲ,
453 5355 549 5412 καί
611 5353 707 5409 τὸν
768 5349 979 5425 κόσμον
1037 5349 1215 5428 ἀφεὶς,
1275 5349 1340 5405 τὸ
1398 5346 1526 5423 ὅρος
1580 5349 1865 5409 κατέλαϐν
1898 5354 1989 5409 καὶ

311 5444 573 5511 ἀπελθών
609 5443 664 5499 ἐν
695 5445 766 5515 τῇ
805 5443 972 5513 μονῇ,
1005 5438 1059 5494 ἐν
1089 5437 1126 5514 ᾖ
1177 5438 1308 5513 ὑπὲρ
1340 5435 1623 5514 ἄνθρωπον
1654 5442 1988 5517 ἠγωνίσατο,

315 5537 506 5616 γέγονε
540 5530 818 5609 μοναχός.
855 5530 949 5584 Καὶ
983 5527 1157 5591 οὕτως
1190 5525 1489 5604 διέλαμψεν
1545 5531 1621 5596 εἰς
1661 5531 1881 5609 ἀρετὴν,
1915 5534 1991 5599 ὡς

314 5630 403 5686 καὶ
465 5622 729 5700 θαύματά
788 5616 1071 5695 παράδοξα
1126 5617 1385 5678 ἐκτελεῖν.
1430 5620 1560 5677 Εἶτα
1598 5619 1658 5678 ἐκ
1696 5626 1794 5677 τοῦ
1825 5618 1986 5699 ὅρους

313 5713 728 5788 κατιλθὼν,ἰπὶ
816 5709 1013 5766 στῦλον
1101 5706 1357 5782 ἀνῆλθεν,
1417 5709 1627 5774 σταθεὶς
1685 5711 1770 5769 ἐπ’
1824 5712 1987 5771 αὐτὸν

2020 4612 2068 4677 D

2099 3354 2159 3404 et
2190 3364 2260 3403 ex
2290 3362 2527 3417 semper
2554 3344 2780 3418 virgine
2833 3345 3034 3413 Maria,
3085 3346 3262 3401 homo
3301 3346 3491 3401 factus
3523 3351 3631 3411 est,
3665 3351 3757 3401 to-

2099 3444 2225 3495 tum
2271 3436 2473 3492 ferens
2516 3435 2725 3503 Adam,
2759 3440 2977 3507 praeter
3003 3440 3313 3508 peccatum
3348 3453 3361 3491 :
3392 3441 3450 3493 et
3495 3441 3758 3492 tentatus

2099 3527 2294 3595 fuit,et
2323 3525 2687 3582 contumelia
2708 3526 2978 3592 affectus,
3002 3531 3060 3580 et
3090 3526 3371 3581 conviciis
3394 3526 3753 3597 proscissus,

2099 3624 2159 3674 et
2186 3615 2455 3688 colaphis
2484 3632 2674 3670 cmsus
2693 3614 2766 3670 ab
2800 3631 2868 3669 ea
2892 3631 3285 3686 manu,quam
3310 3616 3436 3687 ipse
3470 3616 3757 3671 formave-

2097 3713 2209 3769 rat.
2245 3712 2304 3763 et
2332 3707 2581 3776 ejectus,
2626 3721 2695 3761 ac
2742 3704 2984 3760 demum
3028 3706 3092 3760 in
3141 3722 3380 3760 crucem
3416 3712 3603 3772 actus,
3636 3706 3756 3761 cla-

2096 3797 2301 3868 visque
2332 3795 2568 3857 afﬁxus,
2601 3799 2661 3849 et
2716 3793 2986 3866 sepultus
3045 3800 3154 3862 est,
3206 3800 3265 3849 et
3318 3795 3663 3859 resurrexit,
3697 3801 3759 3849 ot

2096 3885 2382 3958 apostolis
2412 3884 2708 3957 apparuit,
2735 3889 2793 3939 et
2822 3883 3111 3947 ascendit,
3145 3888 3205 3939 et
3237 3884 3404 3939 sedet
3432 3885 3503 3940 ad
3554 3884 3759 3941 dexte-

2097 3993 2225 4033 ram
2258 3974 2443 4031 Patris
2487 3974 2548 4029 in
2590 3974 2773 4041 caelis,
2798 3979 2858 4029 et
2885 3974 3101 4030 iterum
3128 3979 3409 4030 venturus
3441 3982 3531 4029 est
3561 3975 3629 4030 ad
3657 3975 3754 4044 ju-

2097 4065 2418 4124 dicandum
2457 4065 2615 4121 vivos
2647 4070 2705 4121 et
2738 4071 3020 4120 mortuos.
3070 4066 3203 4120 Haec
3251 4083 3385 4121 cum
3435 4066 3755 4133 docuisset,

2097 4156 2440 4227 multosque
2461 4154 2797 4210 infidelium
2820 4154 3263 4226 baptizasset,in
3292 4172 3431 4226 pace
3457 4154 3530 4209 ad
3561 4154 3757 4209 Domi-

2096 4263 2242 4303 num
2273 4247 2562 4319 migravit.

2668 4359 2906 4416 EODEM
2933 4360 3183 4415 MENSE.

2588 4449 2690 4505 Die
2729 4450 3017 4505 vicesima
3065 4450 3255 4503 tertia.

2098 4542 2262 4599 IIO
2317 4542 2582 4597 Memoria
2627 4542 2803 4595 sancti
2860 4541 3044 4594 Patris
3108 4542 3283 4594 nostri
3336 4541 3606 4594 Simeonis
3664 4541 3754 4593 in-

2688 4618 2873 4666 montc
2902 4611 3167 4668 mirabili.

2174 4730 2423 4786 Sanctus
2454 4731 2629 4785 Pater
2657 4735 2862 4785 noster
2890 4728 3130 4784 Simeon
3163 4745 3232 4783 ex
3255 4728 3399 4783 urbe
3431 4727 3611 4799 Syrias
3636 4733 3757 4783 An-

2100 4820 2323 4878 tiochia
2378 4818 2692 4885 oriundus,
2749 4819 3082 4891 imperante
3137 4819 3471 4875 Justiniano
3521 4819 3754 4874 seniore

2101 4910 2325 4979 ﬂoruit,
2357 4913 2682 4981 conceptus
2713 4926 2784 4966 ex
2804 4908 3220 4981 promissione,
3250 4925 3385 4965 cum
3420 4911 3759 4965 Przecursor

2100 5017 2169 5057 ac
2201 4999 2463 5073 Baptista
2491 5000 2551 5056 id
2578 5000 2752 5055 matri
2778 5000 2908 5073 ejus
2936 5000 3429 5072 praenuntiasset;
3456 5005 3631 5057 natus
3656 5016 3759 5055 au-

2100 5095 2244 5158 tem,
2275 5107 2411 5146 cum
2443 5090 2533 5145 lac
2565 5094 2822 5159 sugeret,
2873 5105 2908 5143 a
2955 5090 3198 5145 sinistro
3229 5090 3413 5145 ubere
3444 5089 3753 5153 abstinuit,

2101 5181 2219 5235 Deo
2251 5180 2701 5235 demonstrante
2730 5179 2855 5235 fore
2903 5183 2971 5234 ut
3019 5179 3287 5235 dextram
3326 5185 3759 5250 prmceptorum

2099 5270 2252 5325 viam
2282 5268 2576 5343 diligeret.
2599 5276 2739 5324 Cum
2770 5285 2905 5324 vero
2930 5270 3233 5336 crevisset,
3258 5268 3549 5323 mundum
3582 5266 3757 5321 relin-

2100 5375 2312 5431 quens,
2372 5359 2435 5414 in
2487 5364 2755 5414 montem
2814 5358 3079 5429 secessit,
3132 5362 3188 5413 et
3220 5357 3279 5411 in
3326 5354 3757 5411 monasterium

2099 5445 2399 5518 quoddam
2432 5448 2750 5519 profectus,
2793 5446 2894 5500 ubi
2946 5463 3067 5517 pra;
3116 5444 3346 5499 caeteris
3380 5445 3435 5497 in
3470 5441 3755 5497 exercita-

2099 5536 2258 5592 tione
2290 5536 2568 5611 religiosa
2600 5536 2900 5599 excelluit,
2932 5535 3260 5591 monachus
3302 5533 3488 5588 factus
3519 5538 3627 5586 est.
3662 5534 3753 5588 Sic

2097 5633 2294 5684 autem
2318 5628 2382 5685 in
2405 5630 2719 5685 virtutibus
2742 5628 2974 5694 claruit,
2992 5632 3133 5682 utet
3154 5625 3444 5696 stupenda
3467 5625 3756 5681 miracula

2093 5717 2431 5794 patraverit.
2486 5720 2707 5777 Deinde
2739 5735 2808 5775 ex
2838 5721 3040 5774 monte
3096 5716 3489 5785 descendens,
3537 5715 3599 5772 in
3653 5733 3755 5774 co-
