4108 6462
390 471 510 529 471

1724 461 2158 521 MENOLOGII
2204 458 2399 518 PARS
2449 458 2558 521 ΙΙΙ.

3701 456 3823 514 472

393 601 662 657 lumnam
693 600 983 667 ascendit,
1016 615 1196 672 supra
1227 615 1406 671 quam
1451 603 1649 653 rectus
1677 596 1841 652 stetit
1869 595 2044 651 annis

2171 593 2343 667 ἴρθιος
2399 587 2492 662 ἔτη
2555 589 2682 647 δέκα
2737 590 2901 651 ὀκτώ.
2963 590 3066 648 Καὶ
3124 590 3175 644 ἐν
3227 594 3305 662 τῷ
3365 590 3660 662 θαυμαστῷ
3699 583 3820 662 ὄρει

394 691 818 762 duodeviginti.
848 692 1061 744 Postea
1092 695 1354 744 montem
1384 689 1718 744 mirabilem
1755 685 2053 759 petenan

395 787 627 852 petram
660 778 947 845 ascendit,
981 778 1185 849 ibique
1209 779 1430 832 mansit
1461 778 1633 832 annis
1663 777 1890 831 decem.
1927 775 2057 828 Mox

398 870 459 923 in
493 884 671 939 parva
701 867 979 921 columna
1008 883 1197 922 annos
1243 867 1361 939 egit
1392 867 1657 938 quinque
1703 881 1882 936 supra
1912 879 2055 934 qua-

397 958 708 1029 draginta:
741 962 919 1026 atque
950 957 1032 1010 ita
1064 963 1253 1011 totum
1284 957 1413 1010 vitae
1445 957 1634 1026 ipsius
1662 954 1917 1026 spatium
1950 951 2061 1006 fuit

394 1065 690 1104 annorum
722 1048 1020 1120 octoginta
1041 1049 1329 1118 quinque,
1349 1065 1418 1102 ex
1441 1047 1657 1118 quibus
1684 1043 2061 1117 septuaginta

394 1157 607 1196 novem
657 1141 720 1195 in
768 1139 1025 1195 ascetico
1070 1139 1343 1194 instituto
1396 1138 1734 1208 transactis,
1768 1136 1842 1191 ad
1873 1137 2060 1190 Deum

394 1232 687 1305 migravit.

395 1352 466 1404 Et
493 1350 759 1404 memoria
805 1351 992 1404 sancti
1051 1350 1235 1403 Patris
1289 1349 1466 1403 nostri
1493 1353 1545 1402 et
1576 1348 1900 1415 confessoris
1942 1343 2059 1399 Mi-

753 1421 983 1488 chaelis,
1037 1424 1279 1490 episcopi
1332 1420 1702 1489 Synadorum.

470 1537 720 1591 Sanctus
733 1536 907 1590 Pater
928 1539 1130 1590 noster
1148 1539 1204 1590 et
1225 1533 1440 1589 Christi
1464 1534 1770 1589 confessor
1791 1530 2060 1600 Michael,

399 1627 514 1682 fuit
546 1625 876 1682 monachus
897 1626 1032 1696 pius
1063 1631 1122 1679 et
1152 1626 1336 1679 Deum
1361 1625 1600 1689 timens,
1622 1627 1800 1694 atque
1823 1622 1897 1676 ob
1931 1621 2063 1676 reli-

400 1716 634 1788 giosum
665 1715 854 1786 ipsius
887 1714 1017 1769 vitas
1051 1713 1389 1769 institutum
1439 1711 1810 1785 Synadorum
1843 1725 2061 1765 conse-

400 1812 598 1863 cratus
621 1810 710 1861 est
727 1806 1041 1877 episcopus
1057 1804 1422 1876 temporibus
1437 1803 1645 1858 Leonis
1657 1799 2057 1857 Iconomachi°

405 1895 700 1961 Quoniam
732 1912 868 1951 vero
900 1912 1006 1966 pro
1034 1894 1362 1949 orthodoxa
1387 1892 1505 1947 fide
1533 1889 1891 1949 decertando
1922 1905 2062 1944 con-

2158 683 2472 754 γενόμενος,
2532 682 2621 736 καὶ
2681 682 2756 744 εἷς
2816 680 3011 755 πέτραν
3071 675 3289 746 ἀναϐὰς,
3341 679 3692 754 ἐκαρτέρησεν
3727 677 3822 748 ἔτη

2161 766 2289 827 δέκα
2343 773 2478 828 Ετά
2537 771 2550 792 ’
2664 772 2677 788 ‘
2844 793 2854 802 ·
2919 772 2931 786 ⁵
3061 770 3161 825 οτλ
3297 769 3310 790 ’
3383 769 3415 824 λ
3469 770 3482 786 ‘
3592 766 3615 785 ‘
3715 764 3763 820 ’λ

2294 814 2308 828 .
2397 810 2437 825 ..
2509 793 2584 832 εις
2625 793 2715 826 τον
2778 792 2972 846 μικρον
3029 792 3123 824 σ.)
3169 791 3225 823 ον
3286 790 3377 823 ανε
3423 780 3552 834 οων,
3587 781 3729 822 οιετε
3772 788 3826 821 ε-

2162 882 2248 915 σεν
2283 858 2374 931 ἔτη
2407 859 2803 934 τεσσαράκοντα
2852 863 3030 930 πέντε,
3063 860 3138 923 ὡς
3196 860 3330 914 εἶναι
3360 858 3454 913 τὸν
3488 857 3689 933 χρόνον
3725 863 3830 925 τῆς

2165 952 2310 1018 ζωῆς
2367 949 2532 1004 αὐτοῦ
2589 944 2681 1020 ἔτη
2749 946 3092 1024 ὀγδοήκοντα
3150 948 3328 1002 πέντε’
3363 948 3436 1001 ὧν
3467 947 3534 1002 τὰ
3564 941 3827 1019 ἐϐδομή-

2162 1061 2325 1094 κοντα
2367 1037 2519 1094 ἐννέα
2566 1037 2621 1093 ἐν
2669 1041 2892 1111 ἀσκήσει
2949 1036 3282 1108 διατελέσας,
3314 1038 3452 1111 πρὸς
3485 1036 3614 1091 Θεὸν
3647 1033 3836 1107 ἐξεδή-

2171 1149 2338 1202 μησεν
2351 1173 2363 1186 .

2167 1345 2270 1399 Καὶ
2309 1345 2504 1416 μνήμη
2537 1347 2632 1397 τοῦ
2685 1343 2853 1416 ὁσίου
2893 1341 3104 1416 Ηατρὸς
3154 1339 3437 1416 ἡμῶνκαὶ
3472 1338 3840 1415 ὁμολογητοῦ

2527 1414 2787 1490 Μιχαὴλ,
2838 1409 3140 1469 ἐπισκόπου
3180 1409 3472 1472 γΣυνάδων,

2241 1536 2497 1613 Μιγαήλ,
2531 1539 2558 1592 ὁ
2590 1537 2642 1592 ἐν
2697 1537 2878 1611 ἁγίοις
2936 1539 3123 1611 Πατὴρ
3154 1540 3315 1609 ⁴ἡμῶν
3347 1537 3437 1592 καὶ
3469 1535 3841 1612 ὁμολογητής

2166 1633 2264 1683 τοῦ
2317 1626 2575 1702 Χριστοῦ,
2637 1628 2855 1703 ὑπῆρχε
2917 1627 3163 1702 μοναχὸς
3215 1622 3456 1694 εὐλαϐὴς
3503 1625 3592 1681 καὶ
3624 1621 3839 1702 φοϐού-

2174 1740 2335 1792 μενος
2364 1719 2458 1772 τὸν
2490 1719 2638 1773 Θεόν·
2671 1717 2762 1772 καὶ
2795 1715 2885 1772 διὰ
2912 1719 3011 1786 τήν
3043 1717 3290 1792 ἐνάρετον
3323 1715 3489 1771 αὐτοῦ
3520 1715 3834 1786 πολιτείαν,

2169 1809 2564 1885 ἐχειροτονήθη
2627 1805 2876 1862 Συνάδων
2937 1806 3256 1874 ἐπίσκοπος,
3296 1805 3385 1861 ἐπὶ
3413 1813 3514 1876 τῆς
3552 1807 3839 1881 βασιλείας

2167 1904 2264 1953 τοῦ
2297 1899 2683 1972 Εἰκονομάχου
2717 1897 2970 1959 Λέοντος.
3023 1895 3173 1954 Ἐπεὶ
3227 1893 3284 1950 δὲ
3340 1897 3474 1972 ὑπὲρ
3519 1902 3621 1966 τῆς
3667 1897 3836 1972 ὀρθο-

405 1991 570 2041 stans
600 1985 951 2056 permansit,
981 1984 1269 2055 populum
1320 1981 1554 2037 Domini
1587 1998 1675 2049 ea,
1709 1997 1839 2050 quae
1870 1979 1942 2034 ad
1977 1995 2057 2033 sa-

2173 1985 2331 2058 δόξου
2387 1986 2621 2049 πίστεως
2677 1985 3080 2062 ἀγωνιζόμενος
3139 1982 3392 2054 διετέλει,
3446 1960 3540 2038 τὸν
3571 1960 3840 2040 λαὸντοῦ

403 2075 591 2130 lutem
622 2079 912 2144 spectant,
972 2072 1259 2137 docendo,
1318 2071 1632 2126 hwreticos
1683 2067 2064 2124 sermonibus

405 2164 529 2219 suis
562 2163 718 2218 velut
737 2162 958 2232 jaculis
992 2161 1402 2232 percutiendo,
1438 2176 1657 2229 eosque
1689 2176 1724 2213 a
1753 2174 1859 2213 suo
1891 2173 2064 2229 grege

404 2251 779 2322 expellendo,
831 2251 1082 2321 impium
1131 2251 1555 2321 imperatorem
1587 2248 1662 2303 ad
1693 2247 2063 2302 iracundiam

401 2340 694 2395 excitavit.
726 2341 979 2394 Vocatus
1034 2339 1214 2410 igitur
1265 2339 1336 2392 ab
1396 2339 1546 2410 ipso,
1598 2336 1941 2406 compulsus
1975 2341 2065 2390 est

400 2430 840 2484 venerationem
899 2444 1203 2483 sacrarum
1262 2427 1589 2499 imaginum
1640 2426 1954 2497 abnegare.
1990 2431 2064 2480 At

398 2535 534 2573 cum
593 2518 653 2573 id
705 2518 898 2572 facere
957 2523 1300 2572 constanter
1358 2517 1679 2581 renuisset,
1726 2515 2062 2571 durissimis

402 2607 629 2662 exsiliis
661 2607 964 2677 subjectus
982 2606 1093 2660 fuit
1119 2623 1130 2659 :
1165 2606 1265 2659 ubi
1296 2609 1440 2660 Ill
1477 2605 1751 2676 plurimis
1775 2606 2060 2660 zerumnis

406 2697 479 2751 ob
523 2697 831 2751 veritatem
875 2702 1052 2766 atque
1103 2703 1324 2750 rectam
1375 2695 1709 2750 doctrinam
1773 2694 2059 2762 toleratis,

400 2803 534 2842 cum
566 2786 638 2840 ad
673 2785 853 2840 ﬁnem
910 2801 1100 2854 usque
1161 2784 1552 2838 immutabilis
1597 2790 2056 2855 perseverasset,

399 2877 578 2948 hujus
610 2876 740 2929 vita:
775 2875 953 2930 ﬁnem
982 2873 1244 2945 gaudens
1276 2873 1524 2945 accepit,
1551 2873 1774 2944 duplici
1809 2880 2054 2929 ornatus

400 2981 624 3020 corona
652 2963 1059 3035 pontiﬁcatus,
1094 2963 1342 3029 scilicet,
1377 2969 1435 3018 et
1464 2962 1875 3019 confessionis.

959 3169 1206 3226 EODEM
1245 3168 1496 3224 MENSE.

865 3279 968 3334 Die
1021 3275 1305 3333 vicesima
1356 3280 1587 3348 quarta.

399 3389 685 3444 Certamen
713 3389 896 3442 sancti
920 3387 1184 3455 martyris
1229 3384 1439 3438 Meletii
1486 3384 1638 3439 ducis
1680 3390 1736 3438 et
1783 3387 2055 3439 sociorum

675 3459 826 3514 mille
857 3457 1218 3513 ducentorum
1268 3462 1316 3510 et
1351 3457 1781 3526 quinquaginta.

471 3639 760 3707 Meletius,
809 3638 1029 3693 Christi
1087 3641 1332 3708 martyr,
1393 3635 1509 3690 dux
1551 3635 1663 3690 fuit
1693 3634 2059 3707 temporibus

397 3728 686 3783 Antonini
709 3727 1107 3798 imperatoris,
1124 3742 1194 3779 ex
1213 3726 1453 3796 regione
1476 3723 1777 3778 inferioris
1795 3724 2057 3780 Galatiae.

400 3817 546 3871 Cum
579 3821 779 3870 autem
837 3815 1209 3869 Christianus
1263 3818 1439 3876 esset,
1482 3814 1667 3867 Deum
1699 3812 1962 3883 rogabat,
1997 3817 2064 3867 ut

399 3904 699 3959 idolorum
732 3919 996 3958 errorem
1040 3902 1281 3973 penitus
1311 3901 1595 3956 aboleret.
1626 3903 2060 3972 Cognoscentes

401 4010 536 4048 vero
570 3993 876 4047 daemones
927 4008 1095 4046 suam
1156 3989 1622 4055 subversionem,
1658 3991 1719 4044 in
1751 4007 1928 4045 canes
1963 3992 2058 4045 in-

401 4082 610 4154 gressi.
635 4082 933 4152 propriam
958 4080 1354 4151 perditionem
1382 4078 1792 4150 deplorabant,
1814 4080 2060 4135 canibus

402 4172 936 4239 circumeuntibus,
970 4171 1363 4230 ululantibus.
1403 4171 1806 4241 populumque
1837 4179 2059 4225 terrore

401 4262 880 4334 complentibus:
937 4278 1085 4332 quos
1145 4266 1384 4314 sanctus
1443 4260 1710 4314 Meletius
1768 4277 1887 4316 una
1924 4277 2060 4316 cum

401 4352 685 4423 subjectis
717 4351 828 4406 sibi
863 4349 1155 4406 militibus
1187 4349 1382 4421 gladio
1417 4349 1689 4404 sustulit:
1727 4349 1862 4405 fana
1894 4351 2057 4405 insu-

399 4459 505 4514 per
535 4442 910 4496 ethnicorum
941 4440 1279 4505 destruens,
1332 4456 1463 4510 qua}
1515 4438 1574 4492 in
1604 4439 1676 4492 iis
1707 4446 1876 4494 erant
1902 4440 2062 4495 idola

399 4531 694 4587 contrivit.
730 4529 1126 4594 Quamobrem
1157 4545 1191 4582 a
1223 4528 1471 4582 Maximo
1503 4528 1755 4599 praeside
1789 4545 2059 4600 compre-

400 4619 644 4684 hensus,
707 4635 827 4673 una
884 4634 1019 4672 cum
1083 4617 1261 4672 sociis
1320 4617 1658 4682 comitibus,
1714 4618 2062 4691 adigebatur

2173 2071 2370 2146 Κυρίου
2422 2071 2491 2125 τὰ
2541 2069 2679 2144 πρὸς
2739 2069 3013 2143 σωτηρίαν
3069 2066 3362 2138 διδάσκων,
3393 2066 3650 2130 καὶτοὺς
3681 2070 3842 2145 αἱρε-

2169 2159 2353 2221 τικοὺς
2382 2164 2504 2221 τοῖς
2537 2155 2729 2233 λόγοις
2760 2159 2924 2214 αὐτοῦ
2975 2159 3052 2220 ὡς
3109 2155 3293 2234 βέλεσι
3331 2156 3580 2234 βάλλων,
3613 2159 3701 2213 καὶ
3737 2163 3840 2213 τοῦ

2169 2251 2429 2325 ποιμνίου
2465 2250 2814 2319 ἀποδιώκων,
2859 2251 2935 2313 εἰς
2989 2250 3154 2325 ὀργὴν
3189 2249 3429 2321 ἐκίνησεν
3462 2253 3554 2305 τὸν
3590 2253 3841 2328 παράνο-

2173 2362 2272 2414 μον
2308 2338 2554 2417 βασιλέα.
2587 2338 2962 2412 Προσκληθεὶς
2993 2341 3087 2394 οὗν
3133 2341 3220 2395 ὑπ’
3252 2341 3482 2412 ἐκείνου,
3515 2341 3837 2416 ἠναγκάσθη

2169 2432 2501 2507 ἀρνήσασθαι
2563 2433 2662 2501 τήν
2721 2430 3086 2507 προσκύνησιν
3143 2436 3252 2487 τῶν
3308 2434 3627 2488 πανσέπτων
3679 2433 3842 2488 εῗκός-

2167 2540 2296 2576 νων*
2359 2521 2448 2576 καί
2511 2523 2585 2594 μή
2646 2522 2884 2586 πεισθεὶς
2941 2525 3102 2576 τοῦτο
3160 2529 3412 2593 ποιῆσαι,
3473 2521 3702 2598 ἐξορίαις
3734 2545 3840 2578 πι-

2167 2610 2456 2684 κροτάταις
2515 2606 2932 2682 καθυπεϐλήθη’
2994 2609 3117 2666 ἔνθα
3173 2609 3422 2674 πολλοὺς
3494 2613 3843 2688 πειρασμοὺς

2173 2701 2303 2775 ὑπὲρ
2335 2708 2433 2771 τῆς
2485 2701 2744 2771 ἀληθείας
2804 2701 2890 2755 κνὶ
2948 2706 3052 2756 τῶν
3105 2701 3283 2777 ὀρθῶν
3343 2699 3634 2776 δογμάτων
3697 2704 3846 2758 ὑπο-

2172 2790 2382 2863 μείνας,
2439 2791 2527 2845 καὶ
2589 2789 2758 2865 μέχρι
2810 2789 3015 2853 ration;
3076 2790 3467 2865 ἀπερίτρεπτος
3529 2789 3841 2866 διαμείνας,

2168 2881 2378 2955 χαίρων
2436 2887 2538 2949 τῆς
2594 2881 2867 2952 παρούσης
2927 2887 3073 2951 ζωῆς
3132 2881 3193 2936 τὸ
3244 2881 3404 2944 τέλος
3463 2880 3700 2953 ἐδέξατο,
3753 2881 3840 2938 δι-

2165 2970 2332 3031 πλοῖς
2388 2973 2674 3048 στεφάνοις
2723 2973 3045 3044 κοσμηθεὶς,
3106 2969 3522 3046 ἀρχιερωσύνης
3567 2972 3659 3027 καὶ
3693 2973 3839 3047 ὁμο-

2167 3059 2373 3134 λογίας.

2721 3176 2898 3233 ΜΗΝΙ
2942 3182 3024 3232 ΤΩ
3056 3180 3261 3236 ΑΥΤΩ.

2953 3287 3050 3339 KA'

2165 3389 2432 3466 ’Ἃθλησις
2481 3395 2578 3466 τοῦ
2628 3391 2781 3466 ἀγίου
2809 3393 3108 3466 *μάρτυρος
3155 3392 3413 3466 Μελετίου
3449 3394 3544 3445 τοῦ
3566 3410 3822 3466 στρατη-

2238 3464 2406 3540 λάτου
2463 3463 2552 3517 καὶ
2603 3462 2714 3518 τῶν
2773 3462 2867 3518 σὺν
2916 3462 3069 3538 αὐτῷ
3125 3465 3329 3540 χιλίων
3372 3462 3654 3520 διακοσίων
3689 3485 3832 3520 πεν-

2233 3537 2491 3605 τήκοντα.

2236 3640 2527 3709 Μελέτιος,
2588 3643 2616 3696 ὁ
2673 3646 2770 3696 τοῦ
2823 3646 3060 3718 Χριστοῦ
3113 3645 3339 3717 μάρτυς,
3372 3646 3440 3714 ἦν
3476 3645 3570 3716 μὲν
3603 3643 3694 3700 ἐπὶ
3723 3653 3833 3715 τῆς

2169 3731 2450 3806 βασιλείας
2511 3731 2840 3789 Ἀντωνίνου
2901 3733 3304 3809 στρατηλάτης,
3365 3734 3427 3790 ἐκ
3481 3742 3580 3804 τῆς
3632 3737 3831 3812 χώρας

2162 3825 2270 3875 τῶν
2327 3824 2476 3875 κάτω
2533 3819 2813 3876 Γαλάτων.
2875 3823 3196 3894 Χριστιανὸς
3255 3821 3315 3879 δὲ
3371 3822 3467 3894 ὤν,
3523 3825 3832 3900 παρεκάλει

2163 3913 2255 3966 τὸν
2289 3913 2418 3966 Θεὸν
2447 3917 2784 3987 καταργῆσαι
2842 3912 3045 3976 τελέως
3097 3916 3194 3983 τὴν
3252 3919 3360 3969 τῶν
3405 3914 3652 3971 εἰδώλων
3683 3916 3836 3972 πλά-

2166 4021 2287 4069 νην.
2331 4002 2433 4057 Καὶ
2465 4003 2684 4074 γνόντες
2741 4003 2792 4056 οἱ
2853 3999 3106 4076 δαίμονες
3163 4005 3262 4071 τήν
3321 4007 3701 4084 καταστροφὴν
3733 4006 3835 4060 αὐ-

2165 4094 2297 4160 τῶν,
2359 4089 2692 4155 εἰσελθόντες
2749 4091 2826 4156 εἷς
2881 4091 3066 4163 κύνας,
3126 4093 3384 4168 ἐθρήνουν
3459 4097 3559 4162 τὴν
3622 4097 3833 4150 ἑαυτῶν

2167 4178 2468 4247 ἀπώλειαν,
2508 4185 2614 4234 τῶν
2673 4186 2849 4236 κυνῶν
2908 4183 3378 4258 περιερχομένων,
3427 4186 3517 4239 καὶ
3576 4183 3834 4260 ὠρυομέ-

2165 4290 2293 4338 νων,
2341 4269 2430 4323 καί
2477 4269 2569 4324 τὸν
2619 4269 2746 4325 λαὸν
2799 4266 3198 4344 ἐκφοϐούντων.
3233 4270 3343 4338 Οὕς
3385 4275 3412 4328 ὁ
3461 4275 3618 4350 ἅγιος
3647 4274 3838 4332 Μελέ-

2165 4379 2283 4418 τιος
2336 4359 2468 4431 μετά
2524 4364 2630 4413 τῶν
2689 4361 2777 4414 ὑπ’
2834 4359 2994 4414 αὐτὸν
3055 4367 3401 4436 στρατιωτῶν
3449 4363 3586 4440 ξίφει
3620 4363 3829 4419 ἀνεῖλε·

2166 4449 2257 4501 καὶ
2287 4447 2415 4508 τοὺς
2445 4448 2606 4510 ναοὺς
2637 4451 2745 4503 τῶν
2808 4449 3093 4520 Ἑλλήνων
3159 4451 3492 4524 καταλύσας,
3544 4454 3612 4506 τὰ
3643 4454 3692 4507 ἐν
3729 4453 3838 4508 αύ-

2164 4543 2282 4599 τοῖς
2342 4534 2546 4592 εἴδωλα
2604 4535 2934 4613 συνέτριψεν.
2995 4541 3298 4614 Κρατηθεὶς
3354 4541 3444 4596 οὖν
3504 4539 3594 4598 διὰ
3659 4547 3836 4599 ταῦτα

2166 4628 2311 4698 παρά
2373 4627 2626 4700 Μαξίμου
2682 4633 2779 4682 τοῦ
2835 4631 3135 4703 ἡγεμόνος,
3203 4631 3337 4704 μετά
3389 4635 3499 4686 τῶν
3553 4633 3646 4687 σὺν
3679 4635 3838 4709 αὐτῷ

400 4706 576 4761 idolis
626 4707 982 4761 sacrificare.
1037 4705 1147 4760 Sed
1183 4722 1318 4780 cum
1363 4705 1422 4760 id
1472 4723 1547 4761 ne
1579 4707 1783 4762 audire
1816 4708 2056 4778 quidem

2171 4720 2452 4792 κομητῶν,
2511 4719 2824 4793 ἠναγκάσθη
2882 4720 3036 4773 θῦσαι
3099 4725 3219 4781 τοῖς
3275 4718 3554 4792 εἰδώλοις,
3609 4725 3700 4779 καὶ
3747 4699 3833 4799 pr},

399 4795 811 4864 vellet,ferreis
830 4795 1019 4867 globis
1045 4795 1292 4850 cazditur
1314 4796 1439 4866 ipse
1462 4801 1519 4850 et
1539 4797 1807 4853 comites.
1830 4797 2054 4852 Deinde

402 4889 642 4941 sanctus
673 4883 915 4956 quidem
945 4883 1213 4938 Meletius
1271 4885 1331 4939 in
1391 4885 1530 4956 pino
1574 4903 1898 4958 suspensus
1931 4887 2052 4942 cla-

398 4973 602 5046 visque
635 4974 922 5038 conﬂxus,
959 4972 1142 5041 obiit;
1178 4974 1510 5045 Stephanus
1543 4993 1676 5031 vero
1713 4983 1770 5032 et
1798 4978 2053 5032 Joannes

399 5064 648 5121 comites
678 5063 866 5136 capite
901 5063 1057 5135 plexi
1093 5069 1250 5120 sunt.

393 5246 463 5301 Et
492 5249 773 5300 certamen
801 5243 981 5297 sancti
1010 5243 1274 5311 martyris
1315 5241 1641 5310 Sarapionis
1679 5247 1729 5296 et
1756 5245 2048 5302 sociorum.

465 5422 773 5494 Sarapion,
807 5420 1023 5474 Christi
1057 5424 1299 5490 martyr,
1331 5435 1544 5487 genere
1577 5421 1897 5492 Egyptius,
1933 5439 2050 5494 quo

394 5518 658 5583 tempore
719 5514 959 5564 sanctus
1009 5508 1274 5562 Meletius
1327 5514 1622 5564 certamen
1687 5510 1939 5576 subibat,
1982 5529 2050 5567 ex

394 5605 637 5674 Egypto
669 5599 1010 5661 adveniens,
1065 5597 1387 5666 vidensque
1438 5599 1634 5669 ipsum
1684 5616 1818 5654 cum
1874 5602 2050 5657 sociis

397 5689 680 5758 martyrio
737 5685 1032 5751 coronari,
1075 5685 1286 5739 Christi
1347 5684 1522 5740 ﬁdem
1583 5689 1861 5759 suscepit.
1896 5691 2050 5755 Quos

400 5779 556 5832 circa
585 5776 1074 5847 comprehensus,
1125 5776 1184 5830 in
1235 5791 1532 5833 carcerem
1561 5779 1913 5851 conjicitur:
1948 5780 2048 5835 ubi

2163 4809 2532 4884 ἀνασχόμενος
2591 4813 2751 4863 τοῦτο
2811 4809 3057 4879 ἀκοῦσαι,
3121 4809 3321 4889 ἐτυφθη
3387 4814 3523 4886 μετά
3581 4813 3833 4891 σιδηρῶν

2164 4901 2428 4976 σφαιρῶν·
2463 4897 2673 4970 ὁμοίως
2727 4897 2818 4952 καὶ
2871 4900 2923 4953 οἱ
2982 4899 3244 4973 κόμητες.
3304 4905 3442 4960 Εἶτα
3473 4904 3500 4958 ὁ
3535 4905 3631 4977 μὲν
3665 4906 3835 4980 ἅγιος

2165 4987 2431 5050 Μελὲτιος
2513 4988 2837 5062 κρεμασθεὶς
2921 4986 2974 5043 ἐν
3052 4988 3244 5064 πεύκη,
3304 4993 3390 5047 καὶ
3453 4992 3835 5070 καθηλωθεῖς,

2161 5075 2477 5144 ἐτελειώθη·
2537 5073 2807 5154 Στέφανος
2869 5075 2946 5148 δὲ,
3000 5079 3090 5133 καὶ
3149 5081 3409 5153 Ἰωάννης
3469 5085 3520 5138 οἱ
3577 5085 3834 5158 κόμητες

2161 5168 2689 5248 ἀπεκεφαλίσθησαν.

2163 5259 2260 5315 Καὶ
2294 5257 2524 5328 ἄθλησις
2553 5263 2650 5314 τοῦ
2682 5257 2835 5333 ἁγίου
2873 5261 3154 5338 μάρτυρος
3206 5263 3560 5338 Σαραπίωνος
3590 5265 3680 5320 καὶ
3712 5271 3832 5325 τῶν

2837 5329 2932 5386 σὺν
2959 5329 3139 5406 αὐτῇ.

2236 5421 2551 5497 Σαραπίων,
2597 5421 2624 5474 ὁ
2670 5424 2767 5474 τοῦ
2798 5421 3039 5494 Χριστοῦ
3075 5423 3302 5496 μάρτυς,
3338 5426 3557 5502 ὑπῆρχε
3591 5427 3685 5498 μὲν
3719 5429 3839 5484 Αἲ-

2159 5509 2409 5586 γύπτιος·
2453 5508 2590 5564 κατά
2650 5507 2706 5563 δὲ
2762 5509 2853 5562 τὸν
2912 5511 3099 5584 καιρὸν
3154 5514 3274 5566 καθ’
3331 5513 3387 5569 δν
3443 5516 3745 5592 ἠγωνίζετο
3797 5521 3838 5575 ὁ

2162 5603 2318 5676 ὁίγιος
2374 5599 2656 5664 Μελέτιος,
2739 5600 3171 5674 παραγενόμενος
3231 5601 3280 5677 ἐξ
3339 5603 3644 5679 Αἰγύπτου,
3727 5610 3838 5664 καὶ

2159 5690 2291 5746 ἰδὼν
2378 5689 2537 5744 αὐτὸν
2615 5688 2703 5742 καὶ
2788 5686 2914 5751 τοὺς
2998 5689 3090 5744 σὺν
3153 5691 3299 5764 αὐτῷ
3385 5701 3832 5769 μαρτυοοῦντας,

2160 5779 2436 5836 ἐπίστευσε
2497 5783 2575 5851 τῷ
2624 5779 2864 5852 Χριστῷ,
2914 5779 3004 5834 καὶ
3069 5784 3362 5854 κρατηθεὶς
3423 5783 3698 5862 παρεδόθη
3745 5793 3829 5866 τῇ
