4108 6426
336 421 462 479 4Ἷ3

1922 393 2189 457 MAIUS.

3651 393 3773 453 ιη

338 551 588 626 φυλακῇ.
652 548 820 604 Ἔννα
879 544 984 600 ὑπὸ
1044 541 1194 607 θείου
1276 537 1514 616 ἆγγὲλου
1599 530 1998 626 ἐχειροτονήθη

2116 544 2151 584 a
2180 526 2378 583 divino
2410 527 2617 600 angelo
2651 528 2960 583 ordinatus
2991 532 3082 583 est
3112 527 3770 599 episcopus,postquam

337 640 675 704 ἰπίσκοπος,
735 635 821 691 ἐπὶ
881 635 946 689 τὸ
1008 631 1274 710 βαπτίσαν
1328 628 1456 690 τοὺς
1504 626 1847 707 ἀφωτίστους
1892 622 2008 696 μὲν,

342 727 660 804 μὲλλοντας
716 723 774 780 δὲ
831 725 1172 798 μαρτυρῆσαι
1226 719 1358 790 ὑπὲρ
1418 720 1656 792 Χριστοῦ
1714 713 1853 769 κατᾶ
1907 714 2007 781 τήν

337 819 560 892 ἡμέραν
612 814 847 884 ἐκείνην.
904 813 1010 870 Καὶ
1065 811 1170 886 γὰρ
1227 809 1580 882 συναχθέντες
1632 805 1684 860 οἱ
1743 805 2011 879 συγγενεῖς

336 914 440 965 τοῦ
481 907 644 983 ἁγίου
695 901 988 972 Μελετίου,
1051 902 1141 956 καὶ
1197 903 1304 955 τῶν
1363 898 1648 969 κομήτων,
1725 893 1812 947 καὶ
1898 896 2006 946 τῶν

341 978 725 1072 στρατιωτῶν,
759 990 974 1066 ὁμοίως
998 989 1090 1045 καὶ
1150 990 1206 1043 αἱ
1255 991 1530 1065 γυναῖκες,
1561 983 1652 1039 καὶ
1698 983 1767 1038 τὰ
1794 978 2008 1048 παιδία,

350 1068 566 1162 μεγάλῃ
592 1087 664 1156 τῇ
711 1086 868 1160 φωνῇ
899 1077 1086 1156 ἔλεγον
1148 1079 1254 1150 ὅτι,
1317 1076 1410 1134 Καὶ
1466 1077 1630 1147 ἡμεῖς
1690 1068 2007 1162 Χριστιανοί

351 1159 537 1247 ἔσμεν.
571 1159 734 1236 Ὀθεν
791 1170 867 1232 εἰς
916 1168 1088 1244 όργήν
1148 1167 1462 1236 κινήσαντες
1514 1163 1608 1218 τὸν
1659 1159 1926 1236 ἡγεμόνα,
1979 1159 2008 1213 ὁ

350 1266 451 1339 μὲν
483 1263 787 1326 ἐπίσκοπος
831 1260 1146 1336 Σαραπίων,
1215 1256 1308 1311 σὺν
1362 1253 1685 1326 Καλλινικῳ
1735 1255 1816 1324 τῷ
1849 1250 2008 1325 μάγῳ

335 1353 711 1424 πιστεύσαντι,
774 1348 1203 1429 ἀπεκεφαλίσθηθ
1263 1348 1291 1402 ὁ
1351 1343 1409 1401 δὲ
1465 1340 1769 1417 Θεόδωρος,
1829 1345 1918 1396 καὶ
1979 1340 2006 1394 ὁ

338 1449 601 1507 Φαῦστος
632 1443 768 1516 μετὰ
796 1445 905 1496 τῶν
940 1437 1341 1495 πιστευσάντων
1401 1432 1638 1510 ἀνδρῶν,
1694 1432 1825 1508 πυρὶ
1884 1430 2005 1485 ἐτε-

340 1532 683 1603 λειώθησαν⁹
714 1531 779 1587 τὸ
811 1529 870 1586 δὶ
901 1530 1100 1586 λοιπὸν
1152 1525 1370 1596 πλῆθος
1427 1522 1610 1596 ξύλοις
1678 1520 2004 1588 κατακοπέν,

347 1620 603 1691 ἒτελεύτη
614 1640 699 1675 σιν
710 1661 723 1676 .

899 1767 1084 1822 nam
1111 1766 1196 1841 τᾳ
1235 1762 1443 1837 ΑΥΤῼ.

1149 1878 1278 1934 KE'.

532 1987 800 2060 ’Λθλησις
828 1991 928 2044 τοῦ
962 1987 1119 2064 ἁγίου
1154 1982 1428 2062 μάρτυρος
1457 1982 1820 2059 Θεράποντος.

415 2115 678 2190 Θεράπων
734 2115 764 2170 ὃ
803 2117 904 2169 τοῦ
962 2113 1200 2189 Χριστοῦ
1233 2159 1240 2166 .
1268 2110 1623 2185 ἱερομάρτυς,
1677 2106 1839 2170 πόθεν
1887 2105 1998 2180 ὥρ-

328 2226 518 2278 μητο,
550 2206 585 2272 ἢ
626 2203 788 2259 τίνων
814 2204 1022 2278 γονὲων
1077 2199 1310 2277 ἐγένετο,
1363 2197 1398 2268 ἤ
1448 2198 1586 2254 κατὰ
1636 2195 1831 2258 ποίους
1862 2193 1996 2270 χρό-

322 2315 484 2362 νους,
517 2293 694 2348 εἰπεῖν
728 2292 829 2348 οὐκ
859 2288 1088 2368 ἔχομεν,
1120 2295 1227 2346 τῶν
1261 2287 1676 2362 ὑπομνημάτων
1706 2285 1893 2357 αὑτοῦ,
1928 2284 2001 2345 ὡς

335 2382 514 2451 ἔοικε,
547 2380 973 2460 διαφθαρέντων.
1007 2383 1187 2438 Τοῦτο
1242 2376 1299 2434 δὶ
1361 2377 1550 2450 μόνον,
1611 2375 1695 2431 ὅτι
1755 2374 2002 2450 μοναχὸς

336 2473 575 2548 ἐγένετο,
601 2473 690 2526 καὶ
735 2470 1036 2532 ἐπίσκοπος
1097 2469 1344 2544 Κύπρου,
1373 2469 1462 2523 καὶ
1498 2466 1580 2522 ὅτι
1636 2466 1729 2522 τὸν
1769 2465 2000 2536 ἀθλητι-

336 2563 439 2618 κὸν
474 2563 661 2637 ἀγῶνα
720 2557 960 2631 διήνυσε,
1020 2559 1109 2615 καὶ
1165 2563 1244 2632 τῷ
1302 2561 1523 2632 Χριστῷ
1568 2557 1866 2631 προσήχθη
1931 2551 1999 2608 δι’

336 2652 606 2725 αἵματος,
638 2646 1062 2726 διὲγνωμεν,οὑ
1120 2649 1287 2723 μόνον
1348 2649 1400 2720 ἐξ
1459 2649 1701 2725 ἀγράφου
1758 2643 2000 2722 παραδό-

339 2762 486 2806 σεως
515 2741 664 2816 παρὰ
689 2745 798 2796 τῶν
827 2740 1284 2816 προγενεστέρων,
1334 2737 1482 2794 ἀλλὰ
1537 2738 1623 2792 καὶ
1660 2735 1720 2791 ἐκ
1761 2740 1870 2791 τῶν
1932 2732 2006 2789 εί-

335 2833 522 2888 κόνων
557 2831 723 2886 αὑτοῦ
754 2827 1297 2908 πληροφορηθέντες.
1355 2827 1461 2886 Καὶ
1489 2830 1657 2882 ταῦτα
1717 2827 1815 2899 μὶν
1859 2823 2000 2898 πρό-

331 2943 520 2997 τερον.
592 2927 834 2996 Ὕστερον
909 2918 968 2975 δὲ
1021 2924 1130 2974 τῶν
1210 2921 1539 2994 Σαρακηνῶν
1618 2911 1998 2992 βουληθέντων

344 3009 603 3075 ἰπελθεῖν
734 3009 956 3084 Κύπρῳ,
989 3007 1341 3084 ἐμφανισθεὶς
1369 3009 1398 3062 ὁ
1429 3007 1581 3080 ἅγιος
1635 3010 1718 3078 τῷ
1746 3024 2001 3080 προσμο-

344 3101 523 3177 ναρίῳ
581 3097 773 3165 αὑτοῦ,
827 3099 976 3153 εἶπεν
1027 3097 1195 3172 αὐτῷ·
1256 3098 1334 3155 Τὸ
1389 3097 1561 3160 τάχος
1598 3094 1852 3164 ἀναστὰς,
1909 3093 2000 3150 καὶ

338 3185 533 3247 λαϐών
573 3208 682 3261 μου
711 3189 781 3244 Τὸ
813 3185 1090 3261 λείψανον,
1145 3186 1490 3260 ἀποκόμισον
1548 3184 1623 3248 εἷς
1655 3187 2000 3243 Κωνσταντι-

339 3260 634 3336 νούπολιν.
665 3260 949 3334 Μέλλουσι
980 3278 1086 3352 γὰρ
1117 3278 1169 3333 οἱ
1209 3277 1402 3354 ἐχθροὶ
1457 3279 1556 3330 τοῦ
1613 3277 1847 3350 σταυροῦ
1901 3277 1999 3329 τοῦ
2030 3260 2074 3326 C

338 3371 682 3443 Χριστοῦτῇ
714 3369 866 3440 νήσῳ
911 3367 1082 3440 ταύτῃ
1139 3363 1414 3436 ἐπιϐῆναι,
1470 3365 1558 3420 καὶ
1617 3363 1748 3427 τοὺς
1795 3364 2004 3428 τόπους

339 3456 574 3518 τούτους
607 3455 913 3530 ἕρημῶσσι.
947 3455 1340 3528 Ἀνακομισθὲν
1374 3454 1465 3508 οὖν
1495 3454 1559 3508 τὸ
1613 3450 1870 3526 λείψανον
1903 3450 2001 3506 αὑ-

344 3547 471 3612 τοῦ,
500 3543 652 3614 ἐτέθη
686 3545 738 3599 ἐν
773 3539 1374 3613 Κωνσταντινουπόλει,
1411 3544 1574 3618 βρῦον
1606 3540 1832 3614 ῗάματα.

354 3831 462 3890 Kal
497 3835 684 3905 μνήμη
715 3839 825 3908 τοῦ
847 3832 999 3908 ὁσίου
1032 3833 1244 3908 ΙΙατρὸς
1305 3835 1468 3908 ἡγμῷν
1496 3832 1587 3888 καὶ
1646 3835 2002 3908 ὑμολογητοῦ

816 3905 1069 3962 Ἰωάννου
1096 3903 1194 3961 τοῦ
1226 3903 1537 3962 Ψυχαΐτου.

413 4030 696 4100 Ἰωάννης.
730 4032 757 4086 ὁ
792 4029 842 4086 ἐν
878 4030 1062 4106 ἁγίοις
1107 4031 1298 4102 Πατὴρ
1352 4033 1538 4104 ἡμῶν,
1601 4031 1863 4100 νηπιόθεν
1911 4031 2000 4087 τὸν

332 4119 587 4193 Χριστὸν
648 4120 957 4196 ἀγαπήσας,
1013 4121 1099 4175 καὶ
1173 4119 1366 4178 Ἠλίου
1431 4121 1521 4175 καὶ
1583 4121 1839 4178 Ἰωάννου
1903 4127 2002 4176 τοῦ

341 4209 679 4288 Προδρόμου
733 4213 862 4277 τοὺς
917 4212 1155 4286 τρόπους
1219 4215 1627 4287 μιμησάμενος,
1685 4214 1858 4291 ἀφῆκε
1909 4215 1999 4270 τὸν

339 4303 583 4374 κόσμον·
622 4303 711 4357 καὶ
743 4302 995 4366 ἀπελθὼν
1025 4303 1076 4356 ἐν
1104 4307 1173 4376 τῇ
1207 4302 1383 4378 λαύρᾳ
1437 4307 1534 4358 τοῦ
1569 4301 1877 4378 Ψυχαΐτου,
1911 4304 1998 4377 γέα

340 4412 477 4467 γονε
520 4392 786 4467 μοναχός·
846 4391 936 4446 καὶ
995 4391 1230 4467 τοσαύτῃ
1284 4390 1678 4466 σκληραγωγίᾳ
1735 4390 2001 4447 ἐπέδωκεν

341 4482 563 4550 ὶαυτὸν,
595 4481 669 4543 ὡς
708 4481 799 4536 καὶ
859 4482 1108 4558 χάρισμα
1162 4475 1349 4536 λαϐεῖν
1408 4481 1556 4556 παρὰ
1616 4486 1770 4551 Θεοῦ,
1805 4479 1997 4556 δαίμο-

340 4594 444 4636 νας
509 4567 851 4647 φυγαδεύειν,
898 4570 989 4625 καὶ
1048 4570 1358 4647 θεραπεύειν
1416 4573 1719 4646 νοσήματα.
1776 4573 2002 4648 ’Δγωνι-

2031 1899 2080 1966 Β

2117 616 2472 688 baptizasset
2501 619 2730 688 eos,qui
2760 618 3027 672 nondum
3060 615 3771 680 illuminatifuerant,sed

2117 706 2469 778 martyrium
2493 723 2601 776 pro
2631 707 2863 761 Christo
2897 723 2966 760 eo
2995 706 3091 760 die
3114 706 3369 760 subituri
3401 711 3588 760 erant.
3626 707 3771 760 Con-

2115 796 2338 868 gregati
2373 797 2534 850 enim
2566 795 2778 851 afﬁnes
2809 795 2996 850 sancti
3026 795 3263 855 Meletii,
3291 801 3347 849 et
3378 795 3688 861 comitum,
3713 800 3772 850 et

2117 886 2398 951 militum,
2433 886 2716 942 mulieres
2751 902 3011 958 quoque,
3044 891 3104 941 et
3141 887 3294 941 112
3327 886 3519 956 pueri,
3554 901 3771 958 magna

2114 993 2253 1031 voce
2314 977 2638 1032 dicebant:
2699 979 2814 1032 Nos
2871 993 3106 1048 quoque
3157 976 3478 1031 Christiani
3534 993 3764 1031 sumus.

2116 1065 2281 1121 Unde
2311 1065 2626 1136 praasidem
2654 1065 2726 1121 ad
2780 1065 2931 1120 iram
2965 1065 3318 1120 excitarunt.
3353 1067 3424 1119 Et
3478 1065 3767 1136 Sarapion

2116 1155 2358 1225 quidem
2393 1155 2706 1226 episcopus
2739 1171 2872 1209 cum
2905 1153 3213 1220 Callinico,
3251 1153 3351 1224 qui
3384 1169 3455 1208 ex
3500 1169 3671 1226 mago
3693 1153 3768 1209 ad

2116 1243 2296 1298 {idem
2329 1260 2646 1299 conversus
2674 1243 2888 1309 fuerat;
2938 1243 3132 1313 capite
3180 1241 3570 1297 obtruncatus
3629 1247 3765 1308 est;

2114 1332 2456 1388 Theodorus
2479 1350 2614 1389 vero
2647 1338 2706 1388 et
2736 1334 3004 1398 Faustus,
3039 1347 3175 1386 cum
3224 1331 3385 1394 viris,
3419 1331 3520 1402 qui
3581 1331 3768 1386 credi-

2114 1422 2346 1487 derant,
2379 1422 2637 1478 tlammis
2655 1421 3090 1488 addicti,flnem
3112 1425 3472 1490 acceperunt
3494 1437 3508 1486 ;
3536 1420 3769 1491 reliqua

2113 1511 2354 1566 demum
2385 1510 2706 1567 multitudo
2730 1510 2908 1583 lignis
2939 1508 3199 1577 concisa,
3233 1508 3530 1564 occubuit.

2671 1718 2913 1774 EODEM
2954 1717 3206 1773 MENSE.

2613 1825 2714 1880 Die
2747 1824 3028 1880 vicesima
3057 1823 3266 1896 quinta

2293 1933 2578 1989 Certamen
2624 1935 2802 1988 sancti
2877 1933 3143 2000 martyris
3192 1931 3578 2001 Therapontis.

2181 2058 2492 2128 Therapon
2550 2073 2718 2112 sacer
2773 2055 2988 2110 Christi
3050 2060 3275 2127 martyr
3330 2053 3488 2108 unde
3571 2058 3769 2108 ortum

2110 2148 2366 2212 duxerit,
2400 2151 2503 2201 aut
2531 2145 2748 2217 quibus
2780 2145 3128 2217 parentibus
3179 2150 3356 2199 natus
3388 2144 3483 2210 sit;
3519 2148 3623 2197 aut
3648 2159 3766 2214 quo

2110 2241 2380 2306 tempore
2410 2233 2640 2297 vixerit,
2675 2231 2871 2289 dicere
2896 2233 3195 2287 nescimus
3221 2251 3234 2298 ;
3257 2248 3391 2286 cum
3417 2232 3545 2303 ejus
3568 2226 3762 2286 moni-

2109 2330 2336 2392 menta,
2359 2329 2425 2378 ut
2447 2323 2655 2390 fertur,
2713 2323 3000 2394 temporis
3058 2321 3230 2393 lapsu
3290 2320 3599 2392 perierint.
3646 2322 3766 2376 Hoc

2109 2431 2245 2470 vero
2277 2414 2475 2470 solum
2524 2413 2820 2475 novimus,
2883 2411 3064 2483 quod,
3125 2410 3374 2481 scilicet,
3434 2410 3766 2466 monachus

2107 2503 2308 2571 fuerit,
2341 2509 2400 2559 et
2428 2502 2600 2574 Cypri
2634 2503 2971 2574 episcopus;
2998 2500 3278 2572 quodque
3300 2516 3551 2572 agonem
3578 2499 3767 2556 athle-

2110 2594 2290 2650 ticum
2324 2593 2697 2661 sustinuerit,
2732 2599 2790 2646 et
2813 2591 3046 2646 Christo
3079 2607 3184 2662 per
3215 2590 3567 2662 sanguinem
3589 2589 3770 2645 fuerit

2107 2684 2504 2755 conjunctus:
2539 2682 2672 2749 hoc,
2706 2682 2977 2751 inquam,
3011 2681 3301 2747 novimus,
3333 2696 3454 2734 non
3486 2679 3662 2734 modo
3697 2695 3768 2734 ex

2109 2771 2357 2842 antiqua
2386 2776 2445 2825 et
2465 2769 2690 2841 absque
2728 2775 2946 2841 scripto
2973 2786 3006 2824 a
3033 2769 3363 2840 majoribus
3396 2768 3621 2823 nostris
3669 2784 3766 2824 ac-

2109 2867 2282 2933 cepta
2313 2859 2672 2927 traditione;
2707 2859 2810 2915 sed
2863 2859 3042 2915 etiam
3101 2875 3171 2914 ex
3222 2859 3351 2931 ejus
3403 2857 3766 2932 imaginibus

2110 2950 2324 3008 edocti.
2362 2951 2558 3021 Atque
2588 2950 2716 3004 haac
2739 2949 3021 3021 primum.
3059 2950 3435 3005 Postremum
3460 2965 3595 3003 vero
3629 2965 3766 3003 cum

2111 3039 2388 3097 Saraceni
2421 3039 2492 3094 de
2525 3038 2918 3112 expugnanda
2946 3039 3135 3110 Cypro
3172 3038 3522 3110 cogitarent,
3580 3053 3763 3109 appa-

2110 3146 2250 3186 rens
2284 3132 2527 3184 sanctus
2554 3143 2660 3182 suo
2683 3127 2924 3194 aadituo,
2951 3127 3134 3198 jussit
3163 3126 3334 3181 illum
3368 3125 3568 3181 statim
3620 3142 3760 3181 con-

2113 3234 2375 3292 surgere,
2400 3233 2657 3288 suasque
2701 3215 2987 3287 reliquias
3038 3215 3328 3287 accipere,
3365 3231 3583 3286 easque
3613 3219 3762 3270 Con-

2115 3306 2566 3378 stantinopolim
2594 3304 2918 3360 transferre
2953 3321 2965 3358 :
2998 3305 3263 3360 futurum
3292 3305 3454 3360 enim
3514 3320 3664 3373 esse,
3698 3308 3762 3360 ut

2113 3396 2374 3454 inimicis
2405 3395 2600 3451 crucis
2630 3394 2844 3450 Christi
2896 3411 2966 3450 ea
3019 3395 3216 3449 insula
3272 3395 3610 3466 potirentur
3638 3411 3765 3450 om-

2111 3489 2332 3559 niaque
2365 3503 2434 3544 ea
2461 3487 2593 3542 loca
2615 3485 3377 3542 subverterent.’l‘ranslataa
3397 3486 3597 3557 itaque
3629 3486 3761 3558 ejus

2111 3575 2924 3649 reliquim,Constantinopoli
2957 3575 3242 3648 depositaa
3273 3581 3432 3643 sunt,
3465 3575 3566 3631 ubi
3598 3592 3767 3632 cura-

2113 3667 2310 3722 tiones
2340 3665 2639 3720 emittunt.

2117 3777 2181 3831 Et
2212 3772 2682 3844 memoriasancti
2713 3775 2894 3828 Patris
2951 3773 3130 3826 nostri
3184 3773 3413 3828 Joannis
3460 3772 3763 3843 Psychaitw

2768 3847 3109 3913 confessoris.

2188 3954 2435 4010 Sanctus
2468 3955 2644 4008 Pater
2672 3957 2875 4008 noster
2903 3953 3161 4008 Joannes
3200 3953 3272 4008 ab
3316 3953 3558 4008 ineunte
3591 3957 3762 4009 aetate

2114 4045 2412 4099 Christum
2472 4060 2672 4098 amore
2732 4043 3099 4113 complexus,
3137 4049 3196 4098 et
3251 4044 3392 4098 Elite
3423 4061 3490 4098 ac
3519 4045 3763 4099 Joannis

2115 4134 2507 4190 Prmcursoris
2545 4149 2740 4188 mores
2801 4133 3086 4200 imitatus,
3148 4133 3436 4188 mundum
3470 4133 3715 4204 reliquit
3749 4149 3761 4186 :

2114 4229 2291 4294 atque
2339 4224 2400 4276 in
2454 4222 2683 4276 lauram
2733 4222 3058 4292 Psychaitm
3114 4221 3342 4289 abiens,
3370 4223 3762 4277 monasticam

2112 4314 2291 4368 vitam
2323 4311 2621 4382 suscepit:
2657 4317 2923 4380 etusque
2955 4309 3103 4365 adeo
3157 4311 3346 4382 rigido
3398 4311 3529 4364 vitae
3589 4312 3764 4366 insti-

2111 4407 2238 4458 tuto
2271 4401 2531 4473 seipsum
2564 4399 2808 4462 addixit,
2852 4405 2917 4452 ut
2947 4397 3168 4453 donum
3213 4415 3246 4454 a
3304 4401 3421 4454 Deo
3467 4401 3764 4471 acceperit

2114 4492 2416 4548 daamones
2446 4489 2687 4556 fugandi
2719 4494 2776 4542 et
2805 4487 3046 4544 morbos
3079 4488 3350 4544 curandi.
3380 4489 3524 4543 Cum
3560 4494 3761 4544 autem

2109 4579 2636 4637 Iconomachorum
2665 4583 2930 4649 tempore
2956 4577 3382 4646 decertaret,et
3402 4577 3760 4634 orthodoxas

348 4625 678 4734 («ipsvbc'8e
701 4659 786 4715 ἐπὶ
818 4663 928 4716 τῶν
961 4625 1181 4738 χρόνων
1212 4665 1321 4716 τῶν
1375 4625 1784 4737 εἰκονομάχων,
1816 4625 1904 4716 καὶ
1936 4661 2001 4716 τὰ

2116 4625 2636 4637 ,νηηνηηηκμ-η.
2668 4625 2927 4649 ---..,---
2959 4625 3308 4646 _-----_---,
3328 4625 3381 4633 --
3405 4625 3759 4634 --πη-η..-

2116 4670 2414 4726 doctrinas
2446 4671 2870 4740 propugnaret,
2923 4666 3314 4724 denuntiatus
3363 4667 3477 4722 fuit
3509 4668 3661 4724 na
3683 4668 3760 4737 ei,

346 4746 618 4819 ὁρθόόοξα
667 4747 946 4824 κρατύνων
1005 4746 1272 4826 δόγματα,
1328 4747 1626 4825 διεγνώσθη
1681 4754 1759 4823 τῷ
1812 4770 2002 4825 τυραν-

343 4844 556 4909 νοῦντι,
611 4838 700 4893 καὶ
776 4836 1170 4914 προσκληθεὶς,
1246 4841 1581 4914 ἠναγκάζετο
1667 4841 1998 4916 ἀρνήσασθαι

340 4929 402 4987 δὶ
423 4931 497 5002 τῇ
524 4931 750 5004 αἱρέσει,
777 4929 867 4985 καὶ
903 4929 1212 5006 ὑπογράψαι
1246 4929 1324 4994 εἰς
1377 4930 1469 4985 τὸν
1500 4929 1671 5004 τόμον
1732 4934 1831 4998 τῆς
1879 4929 1994 4986 ἀδι-

341 5021 488 5083 κίας.
531 5023 619 5090 Μή
653 5018 896 5084 πεισθεὶς
937 5017 994 5074 δὲ
1055 5023 1212 5076 τοῦτο
1271 5027 1519 5091 ποιῆσαι,
1579 5019 1727 5076 ἀλλὰ
1783 5020 1996 5093 μᾶλλον

339 5110 565 5185 ἐλέγξας
637 5111 730 5166 τὸν
795 5108 1046 5185 βασιλέα,
1123 5111 1212 5165 καὶ
1271 5110 1542 5184 αἱρετικὸν
1632 5110 1996 5182 ἀποκαλέσας,

341 5203 636 5278 ἐξωρίσθη.
717 5202 889 5259 Ἔνθα
959 5199 1208 5267 πολλοὺς
1281 5202 1618 5278 πειρασμοὺς
1704 5203 2000 5277 ὑπομείνας

339 5293 492 5366 παρᾶ
519 5297 628 5348 τῶν
662 5289 997 5366 παρανόμων
1050 5291 1140 5347 καὶ
1194 5289 1394 5348 ἀδίκων
1441 5292 1846 5367 είκονομάχων,
1903 5295 1998 5349 τὸν

338 5384 464 5460 βίον
494 5379 830 5456 μετήλλαξε.

405 5566 506 5621 Καὶ
541 5561 782 5632 ἄθλησις
840 5564 938 5616 τοῦ
996 5559 1150 5638 ἁγίου
1209 5560 1608 5638 ἱερομάρτυρος
1652 5564 1924 5639 Θεράπον-

1125 5653 1239 5696 τος.

408 5725 706 5804 Θεράπων,
740 5723 770 5778 ὁ
797 5726 896 5778 τοῦ
938 5724 1180 5800 Χριστοῦ
1209 5722 1563 5800 ἱερομάρτυς,
1611 5725 1788 5801 ἱερεὺς
1819 5725 1999 5802 ὑπάρ-

2109 4758 2208 4830 qui
2245 4755 2626 4830 tyrannidem
2675 4754 3007 4823 exercebat,
3062 4760 3120 4810 et
3181 4755 3253 4810 ab
3314 4771 3382 4812 eo
3437 4757 3768 4812 accersitus

2110 4847 2457 4920 adigebatur
2515 4860 2816 4900 sacrarum
2869 4843 3114 4915 quidem
3174 4844 3502 4918 imaginum
3535 4846 3762 4902 cultum

2111 4937 2422 5010 abnegare,
2458 4934 2670 4989 haeresi
2703 4950 2835 4988 vero
2869 4934 3228 5002 consentire,
3254 4951 3322 4990 ac
3355 4941 3515 4990 tomo
3548 4936 3760 5009 impie-

2110 5027 2247 5082 tatis
2280 5024 2900 5081 subscribere.Verum
2925 5023 2972 5078 is
2995 5041 3204 5095 parere
3227 5025 3418 5097 jussis
3453 5042 3757 5094 recusans,

2111 5117 2255 5188 quin
2283 5115 2481 5188 potius
2533 5114 2953 5185 imperatorem
3002 5113 3386 5187 redarguens,
3442 5116 3757 5186 ipsumque

2109 5206 2458 5261 haareticum
2481 5203 2937 5275 compellans,in
2972 5203 3247 5259 exsilium
3281 5205 3579 5276 relegatus
3597 5203 3710 5258 fuit
3742 5221 3755 5258 :

2107 5295 2210 5351 ubi
2240 5311 2375 5350 cum
2407 5292 3005 5366 abimpiisetiniquis
3031 5293 3439 5348 lconomachis
3462 5292 3754 5363 plurimas

2110 5403 2410 5443 aerumnas
2441 5386 2845 5455 sustinuisset,
2877 5385 3053 5441 vitam
3087 5401 3220 5441 cum
3254 5389 3444 5440 morte
3484 5400 3752 5440 commu-

2112 5479 2270 5534 tavit.

2216 5569 2283 5624 Et
2314 5573 2591 5623 certamen
2623 5566 2960 5621 sacrosancti
2987 5564 3252 5633 martyris
3288 5562 3643 5633 Theraponti.

2182 5729 2513 5800 Therapon,
2537 5741 2704 5782 sacer
2725 5722 2936 5779 Christi
2973 5728 3354 5794 martyr,cum
3379 5727 3533 5778 esset
3557 5739 3753 5780 sacer-
