  <div class='ocr_page' id='page_1' title='image "/cluster/home/n/w/nwhite01/storage/ocr_20150623/117/coo.31924054870211/247.png"; bbox 0 0 4108 6434; ppageno 0'>
   <div class='ocr_carea' id='block_1_1' title="bbox 382 367 501 426">
    <p class='ocr_par' dir='ltr' id='par_1_1' title="bbox 382 367 501 426">
     <span class='ocr_line' id='line_1_1' title="bbox 382 367 501 426; baseline 0.017 -2"><span class='ocrx_word' id='word_1_1' title='bbox 382 367 501 426; x_wconf 71' lang='grc'>475</span> 
     </span>
    </p>
   </div>
   <div class='ocr_carea' id='block_1_2' title="bbox 1667 349 2508 418">
    <p class='ocr_par' dir='ltr' id='par_1_2' title="bbox 1667 349 2508 418">
     <span class='ocr_line' id='line_1_2' title="bbox 1667 349 2508 418; baseline -0.01 0"><span class='ocrx_word' id='word_1_2' title='bbox 1667 349 2110 418; x_wconf 79' lang='lat' dir='ltr'>MENOLOGII</span> <span class='ocrx_word' id='word_1_3' title='bbox 2151 349 2374 411; x_wconf 78' lang='lat' dir='ltr'>PARS.</span> <span class='ocrx_word' id='word_1_4' title='bbox 2407 349 2508 411; x_wconf 87' lang='lat' dir='ltr'>Ill.</span> 
     </span>
    </p>
   </div>
   <div class='ocr_carea' id='block_1_3' title="bbox 3683 353 3806 412">
    <p class='ocr_par' dir='ltr' id='par_1_3' title="bbox 3683 353 3806 412">
     <span class='ocr_line' id='line_1_3' title="bbox 3683 353 3806 412; baseline 0.016 -2"><span class='ocrx_word' id='word_1_5' title='bbox 3683 353 3806 412; x_wconf 72' lang='lat'>476</span> 
     </span>
    </p>
   </div>
   <div class='ocr_carea' id='block_1_4' title="bbox 387 479 2035 562">
    <p class='ocr_par' dir='ltr' id='par_1_4' title="bbox 387 485 2035 562">
     <span class='ocr_line' id='line_1_4' title="bbox 387 485 2035 562; baseline -0.007 -10"><span class='ocrx_word' id='word_1_6' title='bbox 387 495 496 552; x_wconf 87' lang='lat' dir='ltr'>dos</span> <span class='ocrx_word' id='word_1_7' title='bbox 525 496 588 553; x_wconf 91' lang='lat' dir='ltr'>in</span> <span class='ocrx_word' id='word_1_8' title='bbox 616 501 821 554; x_wconf 86' lang='lat' dir='ltr'>sancta</span> <span class='ocrx_word' id='word_1_9' title='bbox 851 496 1123 553; x_wconf 85' lang='lat' dir='ltr'>Sardium</span> <span class='ocrx_word' id='word_1_10' title='bbox 1155 491 1788 562; x_wconf 89' lang='lat' dir='ltr'>ecclesia,multosque</span> <span class='ocrx_word' id='word_1_11' title='bbox 1821 485 2035 544; x_wconf 80' lang='lat' dir='ltr'>infide-</span> 
     </span>
    </p>
   </div>
   <div class='ocr_carea' id='block_1_5' title="bbox 2148 479 3802 562">
    <p class='ocr_par' dir='ltr' id='par_1_5' title="bbox 2154 479 3802 558">
     <span class='ocr_line' id='line_1_5' title="bbox 2154 479 3802 558; baseline 0.001 -22"><span class='ocrx_word' id='word_1_12' title='bbox 2154 500 2273 558; x_wconf 89' lang='grc' dir='ltr'>χων</span> <span class='ocrx_word' id='word_1_13' title='bbox 2301 486 2404 551; x_wconf 83' lang='grc' dir='ltr'>τῆς</span> <span class='ocrx_word' id='word_1_14' title='bbox 2434 480 2486 537; x_wconf 85' lang='grc' dir='ltr'>έν</span> <span class='ocrx_word' id='word_1_15' title='bbox 2521 479 2716 554; x_wconf 84' lang='grc' dir='ltr'>Σάρδει</span> <span class='ocrx_word' id='word_1_16' title='bbox 2750 480 2905 557; x_wconf 81' lang='grc' dir='ltr'>ἁγίας</span> <span class='ocrx_word' id='word_1_17' title='bbox 2953 479 3270 552; x_wconf 78' lang='grc' dir='ltr'>ἐκκλησίας,</span> <span class='ocrx_word' id='word_1_18' title='bbox 3303 481 3392 537; x_wconf 89' lang='grc' dir='ltr'>καὶ</span> <span class='ocrx_word' id='word_1_19' title='bbox 3450 479 3538 537; x_wconf 81' lang='grc' dir='ltr'>διὰ</span> <span class='ocrx_word' id='word_1_20' title='bbox 3584 489 3684 549; x_wconf 77' lang='grc' dir='ltr'>τῆς</span> <span class='ocrx_word' id='word_1_21' title='bbox 3716 479 3802 538; x_wconf 81' lang='grc' dir='ltr'>δι-</span> 
     </span>
    </p>
   </div>
   <div class='ocr_carea' id='block_1_6' title="bbox 389 583 2037 643">
    <p class='ocr_par' dir='ltr' id='par_1_6' title="bbox 389 583 2037 643">
     <span class='ocr_line' id='line_1_6' title="bbox 389 583 2037 643; baseline -0.006 -1"><span class='ocrx_word' id='word_1_22' title='bbox 389 587 541 643; x_wconf 90' lang='lat' dir='ltr'>lium</span> <span class='ocrx_word' id='word_1_23' title='bbox 564 587 638 643; x_wconf 88' lang='lat' dir='ltr'>ob</span> <span class='ocrx_word' id='word_1_24' title='bbox 669 588 999 643; x_wconf 78' lang='lat' dir='ltr'>doctrinam</span> <span class='ocrx_word' id='word_1_25' title='bbox 1060 603 1228 642; x_wconf 89' lang='lat' dir='ltr'>suam</span> <span class='ocrx_word' id='word_1_26' title='bbox 1269 587 1343 642; x_wconf 90' lang='lat' dir='ltr'>ad</span> <span class='ocrx_word' id='word_1_27' title='bbox 1398 583 1715 640; x_wconf 89' lang='lat' dir='ltr'>Dominum</span> <span class='ocrx_word' id='word_1_28' title='bbox 1764 585 2037 635; x_wconf 91' lang='lat' dir='ltr'>nostrum</span> 
     </span>
    </p>
   </div>
   <div class='ocr_carea' id='block_1_7' title="bbox 388 674 2033 746">
    <p class='ocr_par' dir='ltr' id='par_1_7' title="bbox 388 674 2033 746">
     <span class='ocr_line' id='line_1_7' title="bbox 388 674 2033 746; baseline -0.008 -10"><span class='ocrx_word' id='word_1_29' title='bbox 388 680 588 736; x_wconf 83' lang='lat' dir='ltr'>Jesum</span> <span class='ocrx_word' id='word_1_30' title='bbox 616 679 916 734; x_wconf 84' lang='lat' dir='ltr'>Christum</span> <span class='ocrx_word' id='word_1_31' title='bbox 949 684 1324 733; x_wconf 87' lang='lat' dir='ltr'>converteret</span> <span class='ocrx_word' id='word_1_32' title='bbox 1353 693 1421 732; x_wconf 89' lang='lat' dir='ltr'>ac</span> <span class='ocrx_word' id='word_1_33' title='bbox 1479 674 1824 746; x_wconf 84' lang='lat' dir='ltr'>baptizaret,</span> <span class='ocrx_word' id='word_1_34' title='bbox 1876 685 2033 725; x_wconf 90' lang='lat' dir='ltr'>com-</span> 
     </span>
    </p>
   </div>
   <div class='ocr_carea' id='block_1_8' title="bbox 388 763 2038 841">
    <p class='ocr_par' dir='ltr' id='par_1_8' title="bbox 388 763 2038 841">
     <span class='ocr_line' id='line_1_8' title="bbox 388 763 2038 841; baseline -0.007 -17"><span class='ocrx_word' id='word_1_35' title='bbox 388 771 719 841; x_wconf 89' lang='lat' dir='ltr'>prehensus</span> <span class='ocrx_word' id='word_1_36' title='bbox 741 785 775 823; x_wconf 89' lang='lat' dir='ltr'>a</span> <span class='ocrx_word' id='word_1_37' title='bbox 801 769 1107 822; x_wconf 78' lang='lat' dir='ltr'>Valeriano</span> <span class='ocrx_word' id='word_1_38' title='bbox 1125 767 1634 840; x_wconf 71' lang='lat' dir='ltr'>prmside,vinctus</span> <span class='ocrx_word' id='word_1_39' title='bbox 1656 763 1716 817; x_wconf 89' lang='lat' dir='ltr'>in</span> <span class='ocrx_word' id='word_1_40' title='bbox 1740 775 2038 816; x_wconf 90' lang='lat' dir='ltr'>carcerem</span> 
     </span>
    </p>
   </div>
   <div class='ocr_carea' id='block_1_9' title="bbox 389 847 2040 929">
    <p class='ocr_par' dir='ltr' id='par_1_9' title="bbox 389 847 2040 929">
     <span class='ocr_line' id='line_1_9' title="bbox 389 847 2040 929; baseline -0.007 -15"><span class='ocrx_word' id='word_1_41' title='bbox 389 858 744 914; x_wconf 70' lang='lat' dir='ltr'>detruditur.</span> <span class='ocrx_word' id='word_1_42' title='bbox 778 858 920 912; x_wconf 91' lang='lat' dir='ltr'>Inde</span> <span class='ocrx_word' id='word_1_43' title='bbox 953 858 1225 924; x_wconf 89' lang='lat' dir='ltr'>eductus,</span> <span class='ocrx_word' id='word_1_44' title='bbox 1255 857 1468 929; x_wconf 88' lang='lat' dir='ltr'>ligatus</span> <span class='ocrx_word' id='word_1_45' title='bbox 1497 859 1759 926; x_wconf 89' lang='lat' dir='ltr'>Synaum</span> <span class='ocrx_word' id='word_1_46' title='bbox 1794 847 2040 906; x_wconf 89' lang='lat' dir='ltr'>abduci—</span> 
     </span>
    </p>
   </div>
   <div class='ocr_carea' id='block_1_10' title="bbox 390 939 2034 1021">
    <p class='ocr_par' dir='ltr' id='par_1_10' title="bbox 390 939 2034 1021">
     <span class='ocr_line' id='line_1_10' title="bbox 390 939 2034 1021; baseline -0.007 -19"><span class='ocrx_word' id='word_1_47' title='bbox 390 953 508 1016; x_wconf 87' lang='lat' dir='ltr'>tur,</span> <span class='ocrx_word' id='word_1_48' title='bbox 542 949 795 1021; x_wconf 84' lang='lat' dir='ltr'>etjuxta</span> <span class='ocrx_word' id='word_1_49' title='bbox 825 948 1069 1003; x_wconf 86' lang='lat' dir='ltr'>ﬂuvium</span> <span class='ocrx_word' id='word_1_50' title='bbox 1129 947 1204 1003; x_wconf 89' lang='lat' dir='ltr'>ad</span> <span class='ocrx_word' id='word_1_51' title='bbox 1255 951 1512 1018; x_wconf 86' lang='lat' dir='ltr'>quatuor</span> <span class='ocrx_word' id='word_1_52' title='bbox 1559 943 1728 1015; x_wconf 91' lang='lat' dir='ltr'>palos</span> <span class='ocrx_word' id='word_1_53' title='bbox 1786 939 2034 1010; x_wconf 87' lang='lat' dir='ltr'>supinus</span> 
     </span>
    </p>
   </div>
   <div class='ocr_carea' id='block_1_11' title="bbox 389 1034 2038 1110">
    <p class='ocr_par' dir='ltr' id='par_1_11' title="bbox 389 1034 2038 1110">
     <span class='ocr_line' id='line_1_11' title="bbox 389 1034 2038 1110; baseline -0.007 -16"><span class='ocrx_word' id='word_1_54' title='bbox 389 1055 568 1110; x_wconf 86' lang='lat' dir='ltr'>super</span> <span class='ocrx_word' id='word_1_55' title='bbox 596 1039 995 1110; x_wconf 87' lang='lat' dir='ltr'>pavimentum</span> <span class='ocrx_word' id='word_1_56' title='bbox 1039 1037 1398 1103; x_wconf 80' lang='lat' dir='ltr'>extenditur,</span> <span class='ocrx_word' id='word_1_57' title='bbox 1447 1034 1818 1107; x_wconf 82' lang='lat' dir='ltr'>graviterque</span> <span class='ocrx_word' id='word_1_58' title='bbox 1849 1045 2038 1100; x_wconf 91' lang='lat' dir='ltr'>usque</span> 
     </span>
    </p>
   </div>
   <div class='ocr_carea' id='block_1_12' title="bbox 391 1123 2035 1197">
    <p class='ocr_par' dir='ltr' id='par_1_12' title="bbox 391 1123 2035 1197">
     <span class='ocr_line' id='line_1_12' title="bbox 391 1123 2035 1197; baseline -0.007 -14"><span class='ocrx_word' id='word_1_59' title='bbox 391 1128 538 1183; x_wconf 88' lang='lat' dir='ltr'>adeo</span> <span class='ocrx_word' id='word_1_60' title='bbox 571 1127 913 1190; x_wconf 67' lang='lat' dir='ltr'>caaditur,ut</span> <span class='ocrx_word' id='word_1_61' title='bbox 943 1143 1153 1182; x_wconf 89' lang='lat' dir='ltr'>carnes</span> <span class='ocrx_word' id='word_1_62' title='bbox 1174 1126 1362 1197; x_wconf 87' lang='lat' dir='ltr'>ipsius</span> <span class='ocrx_word' id='word_1_63' title='bbox 1393 1125 1570 1196; x_wconf 80' lang='lat' dir='ltr'>virgis</span> <span class='ocrx_word' id='word_1_64' title='bbox 1592 1123 2035 1177; x_wconf 75' lang='lat' dir='ltr'>larerarentur:</span> 
     </span>
    </p>
   </div>
   <div class='ocr_carea' id='block_1_13' title="bbox 391 1209 2038 1288">
    <p class='ocr_par' dir='ltr' id='par_1_13' title="bbox 391 1209 2038 1288">
     <span class='ocr_line' id='line_1_13' title="bbox 391 1209 2038 1288; baseline -0.005 -17"><span class='ocrx_word' id='word_1_65' title='bbox 391 1217 556 1271; x_wconf 91' lang='lat' dir='ltr'>illius</span> <span class='ocrx_word' id='word_1_66' title='bbox 588 1223 788 1272; x_wconf 90' lang='lat' dir='ltr'>autem</span> <span class='ocrx_word' id='word_1_67' title='bbox 847 1217 1133 1288; x_wconf 80' lang='lat' dir='ltr'>sanguine</span> <span class='ocrx_word' id='word_1_68' title='bbox 1185 1216 1428 1287; x_wconf 75' lang='lat' dir='ltr'>irrigata</span> <span class='ocrx_word' id='word_1_69' title='bbox 1484 1213 1684 1274; x_wconf 83' lang='lat' dir='ltr'>tellus,</span> <span class='ocrx_word' id='word_1_70' title='bbox 1717 1209 2038 1266; x_wconf 81' lang='lat' dir='ltr'>maximam</span> 
     </span>
    </p>
   </div>
   <div class='ocr_carea' id='block_1_14' title="bbox 391 1302 2039 1378">
    <p class='ocr_par' dir='ltr' id='par_1_14' title="bbox 391 1302 2039 1378">
     <span class='ocr_line' id='line_1_14' title="bbox 391 1302 2039 1378; baseline -0.004 -18"><span class='ocrx_word' id='word_1_71' title='bbox 391 1323 649 1378; x_wconf 91' lang='lat' dir='ltr'>quercus</span> <span class='ocrx_word' id='word_1_72' title='bbox 681 1307 944 1378; x_wconf 81' lang='lat' dir='ltr'>plantam</span> <span class='ocrx_word' id='word_1_73' title='bbox 979 1306 1276 1377; x_wconf 84' lang='lat' dir='ltr'>produxit,</span> <span class='ocrx_word' id='word_1_74' title='bbox 1310 1321 1440 1375; x_wconf 64' lang='lat' dir='ltr'>quae</span> <span class='ocrx_word' id='word_1_75' title='bbox 1459 1319 1649 1374; x_wconf 87' lang='lat' dir='ltr'>usque</span> <span class='ocrx_word' id='word_1_76' title='bbox 1694 1302 1754 1355; x_wconf 90' lang='lat' dir='ltr'>in</span> <span class='ocrx_word' id='word_1_77' title='bbox 1775 1317 2039 1371; x_wconf 74' lang='lat' dir='ltr'>prmsen-</span> 
     </span>
    </p>
   </div>
   <div class='ocr_carea' id='block_1_15' title="bbox 387 1390 2039 1468">
    <p class='ocr_par' dir='ltr' id='par_1_15' title="bbox 387 1390 2039 1468">
     <span class='ocr_line' id='line_1_15' title="bbox 387 1390 2039 1468; baseline -0.004 -16"><span class='ocrx_word' id='word_1_78' title='bbox 387 1403 510 1452; x_wconf 91' lang='lat' dir='ltr'>tem</span> <span class='ocrx_word' id='word_1_79' title='bbox 543 1398 701 1452; x_wconf 90' lang='lat' dir='ltr'>diem</span> <span class='ocrx_word' id='word_1_80' title='bbox 732 1397 943 1452; x_wconf 82' lang='lat' dir='ltr'>visitur</span> <span class='ocrx_word' id='word_1_81' title='bbox 971 1397 1274 1468; x_wconf 86' lang='lat' dir='ltr'>perpetuis</span> <span class='ocrx_word' id='word_1_82' title='bbox 1302 1395 1462 1450; x_wconf 86' lang='lat' dir='ltr'>foliis</span> <span class='ocrx_word' id='word_1_83' title='bbox 1491 1394 1709 1455; x_wconf 85' lang='lat' dir='ltr'>virens,</span> <span class='ocrx_word' id='word_1_84' title='bbox 1766 1390 2039 1446; x_wconf 89' lang='lat' dir='ltr'>morbum</span> 
     </span>
    </p>
   </div>
   <div class='ocr_carea' id='block_1_16' title="bbox 392 1479 2039 1559">
    <p class='ocr_par' dir='ltr' id='par_1_16' title="bbox 392 1479 2039 1559">
     <span class='ocr_line' id='line_1_16' title="bbox 392 1479 2039 1559; baseline -0.004 -18"><span class='ocrx_word' id='word_1_85' title='bbox 392 1503 631 1541; x_wconf 90' lang='lat' dir='ltr'>omnem</span> <span class='ocrx_word' id='word_1_86' title='bbox 665 1487 1131 1559; x_wconf 86' lang='lat' dir='ltr'>languoremque</span> <span class='ocrx_word' id='word_1_87' title='bbox 1163 1502 1388 1546; x_wconf 88' lang='lat' dir='ltr'>eorum.</span> <span class='ocrx_word' id='word_1_88' title='bbox 1425 1485 1527 1555; x_wconf 91' lang='lat' dir='ltr'>qui</span> <span class='ocrx_word' id='word_1_89' title='bbox 1560 1483 1701 1537; x_wconf 91' lang='lat' dir='ltr'>illuc</span> <span class='ocrx_word' id='word_1_90' title='bbox 1727 1479 2039 1550; x_wconf 90' lang='lat' dir='ltr'>accedunt,</span> 
     </span>
    </p>
   </div>
   <div class='ocr_carea' id='block_1_17' title="bbox 392 1570 2039 1632">
    <p class='ocr_par' dir='ltr' id='par_1_17' title="bbox 392 1570 2039 1632">
     <span class='ocr_line' id='line_1_17' title="bbox 392 1570 2039 1632; baseline -0.005 -1"><span class='ocrx_word' id='word_1_91' title='bbox 392 1593 628 1632; x_wconf 92' lang='lat' dir='ltr'>curans.</span> <span class='ocrx_word' id='word_1_92' title='bbox 664 1577 931 1630; x_wconf 77' lang='lat' dir='ltr'>Posthaac</span> <span class='ocrx_word' id='word_1_93' title='bbox 960 1575 1020 1630; x_wconf 89' lang='lat' dir='ltr'>in</span> <span class='ocrx_word' id='word_1_94' title='bbox 1051 1575 1339 1630; x_wconf 89' lang='lat' dir='ltr'>ditionem</span> <span class='ocrx_word' id='word_1_95' title='bbox 1370 1573 1821 1629; x_wconf 88' lang='lat' dir='ltr'>Thracesiorum</span> <span class='ocrx_word' id='word_1_96' title='bbox 1855 1570 2039 1624; x_wconf 87' lang='lat' dir='ltr'>abdu-</span> 
     </span>
    </p>
   </div>
   <div class='ocr_carea' id='block_1_18' title="bbox 393 1661 2041 1738">
    <p class='ocr_par' dir='ltr' id='par_1_18' title="bbox 393 1661 2041 1738">
     <span class='ocr_line' id='line_1_18' title="bbox 393 1661 2041 1738; baseline -0.004 -18"><span class='ocrx_word' id='word_1_97' title='bbox 393 1671 545 1730; x_wconf 89' lang='lat' dir='ltr'>ctus,</span> <span class='ocrx_word' id='word_1_98' title='bbox 577 1682 759 1738; x_wconf 91' lang='lat' dir='ltr'>prope</span> <span class='ocrx_word' id='word_1_99' title='bbox 793 1665 1036 1720; x_wconf 86' lang='lat' dir='ltr'>ﬂuvium</span> <span class='ocrx_word' id='word_1_100' title='bbox 1063 1666 1344 1720; x_wconf 85' lang='lat' dir='ltr'>Hermum</span> <span class='ocrx_word' id='word_1_101' title='bbox 1379 1663 1440 1718; x_wconf 92' lang='lat' dir='ltr'>in</span> <span class='ocrx_word' id='word_1_102' title='bbox 1498 1662 1842 1734; x_wconf 90' lang='lat' dir='ltr'>episcopatu</span> <span class='ocrx_word' id='word_1_103' title='bbox 1875 1661 2041 1715; x_wconf 91' lang='lat' dir='ltr'>Sata-</span> 
     </span>
    </p>
   </div>
   <div class='ocr_carea' id='block_1_19' title="bbox 391 1751 2040 1826">
    <p class='ocr_par' dir='ltr' id='par_1_19' title="bbox 391 1751 2040 1826">
     <span class='ocr_line' id='line_1_19' title="bbox 391 1751 2040 1826; baseline -0.004 -16"><span class='ocrx_word' id='word_1_104' title='bbox 391 1755 608 1820; x_wconf 90' lang='lat' dir='ltr'>lorum,</span> <span class='ocrx_word' id='word_1_105' title='bbox 641 1754 916 1826; x_wconf 89' lang='lat' dir='ltr'>plurimis</span> <span class='ocrx_word' id='word_1_106' title='bbox 947 1754 1250 1826; x_wconf 84' lang='lat' dir='ltr'>subjectus</span> <span class='ocrx_word' id='word_1_107' title='bbox 1280 1752 1584 1820; x_wconf 68' lang='lat' dir='ltr'>aerumnis,</span> <span class='ocrx_word' id='word_1_108' title='bbox 1609 1751 1850 1806; x_wconf 88' lang='lat' dir='ltr'>tandem</span> <span class='ocrx_word' id='word_1_109' title='bbox 1883 1767 2040 1806; x_wconf 90' lang='lat' dir='ltr'>mar-</span> 
     </span>
    </p>
   </div>
   <div class='ocr_carea' id='block_1_20' title="bbox 391 1843 1116 1915">
    <p class='ocr_par' dir='ltr' id='par_1_20' title="bbox 391 1843 1116 1915">
     <span class='ocr_line' id='line_1_20' title="bbox 391 1843 1116 1915; baseline 0 -17"><span class='ocrx_word' id='word_1_110' title='bbox 391 1844 528 1915; x_wconf 81' lang='lat' dir='ltr'>tyrii</span> <span class='ocrx_word' id='word_1_111' title='bbox 559 1861 839 1900; x_wconf 90' lang='lat' dir='ltr'>coronam</span> <span class='ocrx_word' id='word_1_112' title='bbox 870 1843 1116 1915; x_wconf 88' lang='lat' dir='ltr'>accepit.</span> 
     </span>
    </p>
   </div>
   <div class='ocr_carea' id='block_1_21' title="bbox 565 2058 1845 2129">
    <p class='ocr_par' dir='ltr' id='par_1_21' title="bbox 565 2058 1845 2129">
     <span class='ocr_line' id='line_1_21' title="bbox 565 2058 1845 2129; baseline -0.002 -12"><span class='ocrx_word' id='word_1_113' title='bbox 565 2063 634 2117; x_wconf 87' lang='lat' dir='ltr'>Et</span> <span class='ocrx_word' id='word_1_114' title='bbox 661 2066 934 2117; x_wconf 82' lang='lat' dir='ltr'>certamen</span> <span class='ocrx_word' id='word_1_115' title='bbox 969 2062 1148 2116; x_wconf 77' lang='lat' dir='ltr'>sancti</span> <span class='ocrx_word' id='word_1_116' title='bbox 1204 2058 1470 2129; x_wconf 80' lang='lat' dir='ltr'>martyris</span> <span class='ocrx_word' id='word_1_117' title='bbox 1525 2059 1845 2116; x_wconf 76' lang='lat' dir='ltr'>Pancharii.</span> 
     </span>
    </p>
   </div>
   <div class='ocr_carea' id='block_1_22' title="bbox 458 2239 2038 2311">
    <p class='ocr_par' dir='ltr' id='par_1_22' title="bbox 458 2239 2038 2311">
     <span class='ocr_line' id='line_1_22' title="bbox 458 2239 2038 2311; baseline -0.001 -14"><span class='ocrx_word' id='word_1_118' title='bbox 458 2239 1067 2307; x_wconf 89' lang='lat' dir='ltr'>Pancharius,Christi</span> <span class='ocrx_word' id='word_1_119' title='bbox 1100 2244 1344 2311; x_wconf 83' lang='lat' dir='ltr'>martyr,</span> <span class='ocrx_word' id='word_1_120' title='bbox 1366 2239 1428 2294; x_wconf 93' lang='lat' dir='ltr'>in</span> <span class='ocrx_word' id='word_1_121' title='bbox 1460 2239 1708 2310; x_wconf 89' lang='lat' dir='ltr'>antiqua</span> <span class='ocrx_word' id='word_1_122' title='bbox 1737 2242 1922 2295; x_wconf 82' lang='lat' dir='ltr'>Roma</span> <span class='ocrx_word' id='word_1_123' title='bbox 1939 2257 2038 2296; x_wconf 84' lang='lat' dir='ltr'>na-</span> 
     </span>
    </p>
   </div>
   <div class='ocr_carea' id='block_1_23' title="bbox 389 2329 2037 2400">
    <p class='ocr_par' dir='ltr' id='par_1_23' title="bbox 389 2329 2037 2400">
     <span class='ocr_line' id='line_1_23' title="bbox 389 2329 2037 2400; baseline -0.002 -13"><span class='ocrx_word' id='word_1_124' title='bbox 389 2339 485 2388; x_wconf 88' lang='lat' dir='ltr'>tus</span> <span class='ocrx_word' id='word_1_125' title='bbox 517 2336 576 2386; x_wconf 90' lang='lat' dir='ltr'>et</span> <span class='ocrx_word' id='word_1_126' title='bbox 605 2329 1126 2392; x_wconf 66' lang='lat' dir='ltr'>educatusﬁdeles</span> <span class='ocrx_word' id='word_1_127' title='bbox 1159 2335 1436 2400; x_wconf 89' lang='lat' dir='ltr'>parentes</span> <span class='ocrx_word' id='word_1_128' title='bbox 1466 2329 1691 2386; x_wconf 89' lang='lat' dir='ltr'>habuit.</span> <span class='ocrx_word' id='word_1_129' title='bbox 1725 2331 1868 2385; x_wconf 92' lang='lat' dir='ltr'>Cum</span> <span class='ocrx_word' id='word_1_130' title='bbox 1901 2347 2037 2384; x_wconf 88' lang='lat' dir='ltr'>vero</span> 
     </span>
    </p>
   </div>
   <div class='ocr_carea' id='block_1_24' title="bbox 390 2418 2039 2493">
    <p class='ocr_par' dir='ltr' id='par_1_24' title="bbox 390 2418 2039 2493">
     <span class='ocr_line' id='line_1_24' title="bbox 390 2418 2039 2493; baseline -0.001 -16"><span class='ocrx_word' id='word_1_131' title='bbox 390 2420 750 2493; x_wconf 90' lang='lat' dir='ltr'>temporario</span> <span class='ocrx_word' id='word_1_132' title='bbox 798 2419 1024 2473; x_wconf 88' lang='lat' dir='ltr'>honore</span> <span class='ocrx_word' id='word_1_133' title='bbox 1055 2418 1127 2473; x_wconf 88' lang='lat' dir='ltr'>ab</span> <span class='ocrx_word' id='word_1_134' title='bbox 1185 2418 1520 2474; x_wconf 89' lang='lat' dir='ltr'>idololatris</span> <span class='ocrx_word' id='word_1_135' title='bbox 1577 2418 2039 2491; x_wconf 88' lang='lat' dir='ltr'>imperatoribus</span> 
     </span>
    </p>
   </div>
   <div class='ocr_carea' id='block_1_25' title="bbox 389 2508 2041 2580">
    <p class='ocr_par' dir='ltr' id='par_1_25' title="bbox 389 2508 2041 2580">
     <span class='ocr_line' id='line_1_25' title="bbox 389 2508 2041 2580; baseline -0.001 -12"><span class='ocrx_word' id='word_1_136' title='bbox 389 2512 750 2576; x_wconf 82' lang='lat' dir='ltr'>afﬁceretur,</span> <span class='ocrx_word' id='word_1_137' title='bbox 775 2525 1101 2580; x_wconf 91' lang='lat' dir='ltr'>eorumque</span> <span class='ocrx_word' id='word_1_138' title='bbox 1130 2508 1442 2564; x_wconf 83' lang='lat' dir='ltr'>familiaris</span> <span class='ocrx_word' id='word_1_139' title='bbox 1492 2513 1667 2575; x_wconf 89' lang='lat' dir='ltr'>esset,</span> <span class='ocrx_word' id='word_1_140' title='bbox 1702 2525 1735 2564; x_wconf 89' lang='lat' dir='ltr'>a</span> <span class='ocrx_word' id='word_1_141' title='bbox 1765 2515 1927 2566; x_wconf 91' lang='lat' dir='ltr'>recta</span> <span class='ocrx_word' id='word_1_142' title='bbox 1949 2511 2041 2566; x_wconf 85' lang='lat' dir='ltr'>via</span> 
     </span>
    </p>
   </div>
   <div class='ocr_carea' id='block_1_26' title="bbox 390 2597 2038 2673">
    <p class='ocr_par' dir='ltr' id='par_1_26' title="bbox 390 2597 2038 2673">
     <span class='ocr_line' id='line_1_26' title="bbox 390 2597 2038 2673; baseline -0.001 -18"><span class='ocrx_word' id='word_1_143' title='bbox 390 2617 499 2673; x_wconf 89' lang='lat' dir='ltr'>per</span> <span class='ocrx_word' id='word_1_144' title='bbox 519 2599 875 2654; x_wconf 89' lang='lat' dir='ltr'>diabolicam</span> <span class='ocrx_word' id='word_1_145' title='bbox 906 2597 1315 2670; x_wconf 88' lang='lat' dir='ltr'>operationem</span> <span class='ocrx_word' id='word_1_146' title='bbox 1360 2597 1705 2666; x_wconf 84' lang='lat' dir='ltr'>deﬂectens,</span> <span class='ocrx_word' id='word_1_147' title='bbox 1739 2599 2038 2654; x_wconf 89' lang='lat' dir='ltr'>Christum</span> 
     </span>
    </p>
   </div>
   <div class='ocr_carea' id='block_1_27' title="bbox 391 2687 2039 2763">
    <p class='ocr_par' dir='ltr' id='par_1_27' title="bbox 391 2687 2039 2763">
     <span class='ocr_line' id='line_1_27' title="bbox 391 2687 2039 2763; baseline -0.001 -16"><span class='ocrx_word' id='word_1_148' title='bbox 391 2691 714 2763; x_wconf 77' lang='lat' dir='ltr'>abnegavit.</span> <span class='ocrx_word' id='word_1_149' title='bbox 741 2693 802 2744; x_wconf 93' lang='lat' dir='ltr'>et</span> <span class='ocrx_word' id='word_1_150' title='bbox 829 2687 902 2743; x_wconf 90' lang='lat' dir='ltr'>ad</span> <span class='ocrx_word' id='word_1_151' title='bbox 933 2687 1093 2743; x_wconf 86' lang='lat' dir='ltr'>idola</span> <span class='ocrx_word' id='word_1_152' title='bbox 1117 2688 1401 2743; x_wconf 84' lang='lat' dir='ltr'>accessit:</span> <span class='ocrx_word' id='word_1_153' title='bbox 1428 2687 1586 2743; x_wconf 92' lang='lat' dir='ltr'>unde</span> <span class='ocrx_word' id='word_1_154' title='bbox 1607 2687 1763 2759; x_wconf 89' lang='lat' dir='ltr'>apud</span> <span class='ocrx_word' id='word_1_155' title='bbox 1782 2687 2039 2760; x_wconf 88' lang='lat' dir='ltr'>impera-</span> 
     </span>
    </p>
   </div>
   <div class='ocr_carea' id='block_1_28' title="bbox 391 2777 2036 2850">
    <p class='ocr_par' dir='ltr' id='par_1_28' title="bbox 391 2777 2036 2850">
     <span class='ocr_line' id='line_1_28' title="bbox 391 2777 2036 2850; baseline -0.001 -14"><span class='ocrx_word' id='word_1_156' title='bbox 391 2786 551 2836; x_wconf 85' lang='lat' dir='ltr'>tores</span> <span class='ocrx_word' id='word_1_157' title='bbox 582 2777 926 2833; x_wconf 91' lang='lat' dir='ltr'>idololatras</span> <span class='ocrx_word' id='word_1_158' title='bbox 957 2778 1324 2849; x_wconf 87' lang='lat' dir='ltr'>acceptus,in</span> <span class='ocrx_word' id='word_1_159' title='bbox 1358 2795 1570 2850; x_wconf 89' lang='lat' dir='ltr'>magno</span> <span class='ocrx_word' id='word_1_160' title='bbox 1603 2779 1828 2834; x_wconf 91' lang='lat' dir='ltr'>honore</span> <span class='ocrx_word' id='word_1_161' title='bbox 1859 2781 2036 2835; x_wconf 90' lang='lat' dir='ltr'>vitam</span> 
     </span>
    </p>
   </div>
   <div class='ocr_carea' id='block_1_29' title="bbox 393 2866 2036 2940">
    <p class='ocr_par' dir='ltr' id='par_1_29' title="bbox 393 2866 2036 2940">
     <span class='ocr_line' id='line_1_29' title="bbox 393 2866 2036 2940; baseline -0.001 -15"><span class='ocrx_word' id='word_1_162' title='bbox 393 2866 948 2940; x_wconf 88' lang='lat' dir='ltr'>transigebat.Quod</span> <span class='ocrx_word' id='word_1_163' title='bbox 979 2867 1080 2922; x_wconf 89' lang='lat' dir='ltr'>ubi</span> <span class='ocrx_word' id='word_1_164' title='bbox 1111 2873 1300 2922; x_wconf 87' lang='lat' dir='ltr'>mater</span> <span class='ocrx_word' id='word_1_165' title='bbox 1326 2867 1511 2938; x_wconf 89' lang='lat' dir='ltr'>ipsius</span> <span class='ocrx_word' id='word_1_166' title='bbox 1542 2867 1855 2934; x_wconf 84' lang='lat' dir='ltr'>intellexit,</span> <span class='ocrx_word' id='word_1_167' title='bbox 1881 2870 2036 2924; x_wconf 90' lang='lat' dir='ltr'>mul-</span> 
     </span>
    </p>
   </div>
   <div class='ocr_carea' id='block_1_30' title="bbox 392 2957 2034 3031">
    <p class='ocr_par' dir='ltr' id='par_1_30' title="bbox 392 2957 2034 3031">
     <span class='ocr_line' id='line_1_30' title="bbox 392 2957 2034 3031; baseline -0.001 -14"><span class='ocrx_word' id='word_1_168' title='bbox 392 2968 515 3017; x_wconf 90' lang='lat' dir='ltr'>tum</span> <span class='ocrx_word' id='word_1_169' title='bbox 544 2959 948 3029; x_wconf 79' lang='lat' dir='ltr'>illacrymans,</span> <span class='ocrx_word' id='word_1_170' title='bbox 981 2973 1086 3028; x_wconf 89' lang='lat' dir='ltr'>per</span> <span class='ocrx_word' id='word_1_171' title='bbox 1113 2957 1343 3012; x_wconf 87' lang='lat' dir='ltr'>litteras</span> <span class='ocrx_word' id='word_1_172' title='bbox 1374 2957 1428 3013; x_wconf 94' lang='lat' dir='ltr'>ei</span> <span class='ocrx_word' id='word_1_173' title='bbox 1461 2959 1832 3031; x_wconf 82' lang='lat' dir='ltr'>significavit.</span> <span class='ocrx_word' id='word_1_174' title='bbox 1869 2966 1933 3014; x_wconf 89' lang='lat' dir='ltr'>ut</span> <span class='ocrx_word' id='word_1_175' title='bbox 1962 2960 2034 3016; x_wconf 89' lang='lat' dir='ltr'>ab</span> 
     </span>
    </p>
   </div>
   <div class='ocr_carea' id='block_1_31' title="bbox 389 3047 2034 3114">
    <p class='ocr_par' dir='ltr' id='par_1_31' title="bbox 389 3047 2034 3114">
     <span class='ocr_line' id='line_1_31' title="bbox 389 3047 2034 3114; baseline -0.002 -7"><span class='ocrx_word' id='word_1_176' title='bbox 389 3051 686 3108; x_wconf 89' lang='lat' dir='ltr'>idolorum</span> <span class='ocrx_word' id='word_1_177' title='bbox 715 3049 876 3104; x_wconf 91' lang='lat' dir='ltr'>cultu</span> <span class='ocrx_word' id='word_1_178' title='bbox 899 3047 1207 3114; x_wconf 90' lang='lat' dir='ltr'>recedens,</span> <span class='ocrx_word' id='word_1_179' title='bbox 1241 3047 1315 3102; x_wconf 84' lang='lat' dir='ltr'>ad</span> <span class='ocrx_word' id='word_1_180' title='bbox 1372 3048 1669 3103; x_wconf 88' lang='lat' dir='ltr'>Christum</span> <span class='ocrx_word' id='word_1_181' title='bbox 1697 3049 1938 3112; x_wconf 90' lang='lat' dir='ltr'>rediret,</span> <span class='ocrx_word' id='word_1_182' title='bbox 1972 3049 2034 3104; x_wconf 90' lang='lat' dir='ltr'>in</span> 
     </span>
    </p>
   </div>
   <div class='ocr_carea' id='block_1_32' title="bbox 389 3138 2038 3212">
    <p class='ocr_par' dir='ltr' id='par_1_32' title="bbox 389 3138 2038 3212">
     <span class='ocr_line' id='line_1_32' title="bbox 389 3138 2038 3212; baseline -0.002 -14"><span class='ocrx_word' id='word_1_183' title='bbox 389 3140 738 3198; x_wconf 90' lang='lat' dir='ltr'>memoriam</span> <span class='ocrx_word' id='word_1_184' title='bbox 771 3138 883 3210; x_wconf 91' lang='lat' dir='ltr'>ipsi</span> <span class='ocrx_word' id='word_1_185' title='bbox 927 3155 1208 3193; x_wconf 88' lang='lat' dir='ltr'>revocans</span> <span class='ocrx_word' id='word_1_186' title='bbox 1258 3155 1462 3210; x_wconf 75' lang='lat' dir='ltr'>pmnas</span> <span class='ocrx_word' id='word_1_187' title='bbox 1501 3145 1559 3192; x_wconf 90' lang='lat' dir='ltr'>et</span> <span class='ocrx_word' id='word_1_188' title='bbox 1588 3139 1945 3212; x_wconf 86' lang='lat' dir='ltr'>gehennam,</span> <span class='ocrx_word' id='word_1_189' title='bbox 1979 3145 2038 3195; x_wconf 88' lang='lat' dir='ltr'>et</span> 
     </span>
    </p>
   </div>
   <div class='ocr_carea' id='block_1_33' title="bbox 387 3227 2108 3302">
    <p class='ocr_par' dir='ltr' id='par_1_33' title="bbox 387 3227 2108 3302">
     <span class='ocr_line' id='line_1_33' title="bbox 387 3227 2108 3302; baseline -0.002 -15"><span class='ocrx_word' id='word_1_190' title='bbox 387 3247 686 3287; x_wconf 89' lang='lat' dir='ltr'>carcerem</span> <span class='ocrx_word' id='word_1_191' title='bbox 719 3229 812 3284; x_wconf 89' lang='lat' dir='ltr'>iis.</span> <span class='ocrx_word' id='word_1_192' title='bbox 847 3228 948 3299; x_wconf 92' lang='lat' dir='ltr'>qui</span> <span class='ocrx_word' id='word_1_193' title='bbox 982 3229 1135 3282; x_wconf 76' lang='lat'>114</span> <span class='ocrx_word' id='word_1_194' title='bbox 1157 3227 1452 3282; x_wconf 84' lang='lat' dir='ltr'>Christum</span> <span class='ocrx_word' id='word_1_195' title='bbox 1476 3228 1889 3302; x_wconf 85' lang='lat' dir='ltr'>abnegassent.</span> <span class='ocrx_word' id='word_1_196' title='bbox 1925 3247 2028 3301; x_wconf 88' lang='lat' dir='ltr'>pa-</span> <span class='ocrx_word' id='word_1_197' title='bbox 2062 3229 2108 3298; x_wconf 71' lang='grc' dir='ltr'>(ζ</span> 
     </span>
    </p>
   </div>
   <div class='ocr_carea' id='block_1_34' title="bbox 385 3317 2030 3391">
    <p class='ocr_par' dir='ltr' id='par_1_34' title="bbox 385 3317 2030 3391">
     <span class='ocr_line' id='line_1_34' title="bbox 385 3317 2030 3391; baseline -0.001 -16"><span class='ocrx_word' id='word_1_198' title='bbox 385 3322 682 3376; x_wconf 83' lang='lat' dir='ltr'>ratum.At</span> <span class='ocrx_word' id='word_1_199' title='bbox 713 3318 1101 3389; x_wconf 89' lang='lat' dir='ltr'>ille,acceptis</span> <span class='ocrx_word' id='word_1_200' title='bbox 1124 3317 1358 3378; x_wconf 82' lang='lat' dir='ltr'>litteris.</span> <span class='ocrx_word' id='word_1_201' title='bbox 1384 3319 1585 3374; x_wconf 89' lang='lat' dir='ltr'>animo</span> <span class='ocrx_word' id='word_1_202' title='bbox 1618 3326 2030 3391; x_wconf 87' lang='lat' dir='ltr'>compunctus,</span> 
     </span>
    </p>
   </div>
   <div class='ocr_carea' id='block_1_35' title="bbox 385 3409 2038 3481">
    <p class='ocr_par' dir='ltr' id='par_1_35' title="bbox 385 3409 2038 3481">
     <span class='ocr_line' id='line_1_35' title="bbox 385 3409 2038 3481; baseline -0.001 -15"><span class='ocrx_word' id='word_1_203' title='bbox 385 3409 459 3466; x_wconf 88' lang='lat' dir='ltr'>ad</span> <span class='ocrx_word' id='word_1_204' title='bbox 481 3409 828 3481; x_wconf 85' lang='lat' dir='ltr'>religionem</span> <span class='ocrx_word' id='word_1_205' title='bbox 862 3425 1130 3464; x_wconf 86' lang='lat' dir='ltr'>reversus</span> <span class='ocrx_word' id='word_1_206' title='bbox 1158 3413 1248 3464; x_wconf 85' lang='lat' dir='ltr'>est</span> <span class='ocrx_word' id='word_1_207' title='bbox 1272 3425 1284 3462; x_wconf 88' lang='lat'>:</span> <span class='ocrx_word' id='word_1_208' title='bbox 1308 3425 1424 3478; x_wconf 91' lang='lat' dir='ltr'>quo</span> <span class='ocrx_word' id='word_1_209' title='bbox 1448 3409 2038 3481; x_wconf 90' lang='lat' dir='ltr'>intellecto,impera-</span> 
     </span>
    </p>
   </div>
   <div class='ocr_carea' id='block_1_36' title="bbox 387 3499 1461 3575">
    <p class='ocr_par' dir='ltr' id='par_1_36' title="bbox 387 3499 1461 3575">
     <span class='ocr_line' id='line_1_36' title="bbox 387 3499 1461 3575; baseline -0.003 -18"><span class='ocrx_word' id='word_1_210' title='bbox 387 3506 481 3557; x_wconf 90' lang='lat' dir='ltr'>tor</span> <span class='ocrx_word' id='word_1_211' title='bbox 506 3502 697 3575; x_wconf 88' lang='lat' dir='ltr'>capite</span> <span class='ocrx_word' id='word_1_212' title='bbox 727 3517 862 3558; x_wconf 89' lang='lat' dir='ltr'>eum</span> <span class='ocrx_word' id='word_1_213' title='bbox 893 3500 1234 3556; x_wconf 89' lang='lat' dir='ltr'>obtruncari</span> <span class='ocrx_word' id='word_1_214' title='bbox 1257 3499 1461 3572; x_wconf 87' lang='lat' dir='ltr'>jussit.</span> 
     </span>
    </p>
   </div>
   <div class='ocr_carea' id='block_1_37' title="bbox 953 3715 1464 3772">
    <p class='ocr_par' dir='ltr' id='par_1_37' title="bbox 953 3715 1464 3772">
     <span class='ocr_line' id='line_1_37' title="bbox 953 3715 1464 3772; baseline 0.002 -1"><span class='ocrx_word' id='word_1_215' title='bbox 953 3715 1195 3772; x_wconf 83' lang='lat' dir='ltr'><strong>EODEM</strong></span> <span class='ocrx_word' id='word_1_216' title='bbox 1212 3717 1464 3772; x_wconf 81' lang='lat' dir='ltr'>MENSE.</span> 
     </span>
    </p>
   </div>
   <div class='ocr_carea' id='block_1_38' title="bbox 887 3831 1540 3888">
    <p class='ocr_par' dir='ltr' id='par_1_38' title="bbox 887 3831 1540 3888">
     <span class='ocr_line' id='line_1_38' title="bbox 887 3831 1540 3888; baseline 0.003 -2"><span class='ocrx_word' id='word_1_217' title='bbox 887 3831 990 3888; x_wconf 91' lang='lat' dir='ltr'>Die</span> <span class='ocrx_word' id='word_1_218' title='bbox 1049 3832 1330 3888; x_wconf 82' lang='lat' dir='ltr'>vicesima</span> <span class='ocrx_word' id='word_1_219' title='bbox 1375 3836 1540 3888; x_wconf 87' lang='lat' dir='ltr'>sexta</span> 
     </span>
    </p>
   </div>
   <div class='ocr_carea' id='block_1_39' title="bbox 388 3938 2033 4012">
    <p class='ocr_par' dir='ltr' id='par_1_39' title="bbox 388 3938 2033 4012">
     <span class='ocr_line' id='line_1_39' title="bbox 388 3938 2033 4012; baseline 0.002 -17"><span class='ocrx_word' id='word_1_220' title='bbox 388 3941 654 3996; x_wconf 79' lang='lat' dir='ltr'>Memoria</span> <span class='ocrx_word' id='word_1_221' title='bbox 681 3942 862 3996; x_wconf 80' lang='lat' dir='ltr'>sancti</span> <span class='ocrx_word' id='word_1_222' title='bbox 889 3939 1128 4010; x_wconf 80' lang='lat' dir='ltr'>apostoli</span> <span class='ocrx_word' id='word_1_223' title='bbox 1158 3938 1346 4011; x_wconf 79' lang='lat' dir='ltr'>Carpi,</span> <span class='ocrx_word' id='word_1_224' title='bbox 1378 3942 1543 3996; x_wconf 84' lang='lat' dir='ltr'>unius</span> <span class='ocrx_word' id='word_1_225' title='bbox 1570 3957 1640 3997; x_wconf 74' lang='lat' dir='ltr'>ea:</span> <span class='ocrx_word' id='word_1_226' title='bbox 1657 3943 2033 4012; x_wconf 81' lang='lat' dir='ltr'>septuaginta.</span> 
     </span>
    </p>
   </div>
   <div class='ocr_carea' id='block_1_40' title="bbox 457 4155 2036 4230">
    <p class='ocr_par' dir='ltr' id='par_1_40' title="bbox 457 4155 2036 4230">
     <span class='ocr_line' id='line_1_40' title="bbox 457 4155 2036 4230; baseline 0.001 -16"><span class='ocrx_word' id='word_1_227' title='bbox 457 4157 590 4214; x_wconf 89' lang='lat' dir='ltr'>Fuit</span> <span class='ocrx_word' id='word_1_228' title='bbox 611 4157 708 4214; x_wconf 92' lang='lat' dir='ltr'>hic</span> <span class='ocrx_word' id='word_1_229' title='bbox 740 4157 897 4212; x_wconf 90' lang='lat' dir='ltr'>inter</span> <span class='ocrx_word' id='word_1_230' title='bbox 916 4156 1292 4230; x_wconf 86' lang='lat' dir='ltr'>septuaginta</span> <span class='ocrx_word' id='word_1_231' title='bbox 1309 4155 1634 4228; x_wconf 89' lang='lat' dir='ltr'>discipulos</span> <span class='ocrx_word' id='word_1_232' title='bbox 1658 4161 1716 4213; x_wconf 91' lang='lat' dir='ltr'>et</span> <span class='ocrx_word' id='word_1_233' title='bbox 1737 4157 2036 4228; x_wconf 89' lang='lat' dir='ltr'>apostolos</span> 
     </span>
    </p>
   </div>
   <div class='ocr_carea' id='block_1_41' title="bbox 386 4247 2037 4320">
    <p class='ocr_par' dir='ltr' id='par_1_41' title="bbox 386 4247 2037 4320">
     <span class='ocr_line' id='line_1_41' title="bbox 386 4247 2037 4320; baseline 0 -16"><span class='ocrx_word' id='word_1_234' title='bbox 386 4248 458 4304; x_wconf 90' lang='lat' dir='ltr'>ab</span> <span class='ocrx_word' id='word_1_235' title='bbox 489 4248 618 4320; x_wconf 92' lang='lat' dir='ltr'>ipso</span> <span class='ocrx_word' id='word_1_236' title='bbox 641 4248 870 4304; x_wconf 88' lang='lat' dir='ltr'>Christo</span> <span class='ocrx_word' id='word_1_237' title='bbox 902 4252 1332 4302; x_wconf 87' lang='lat' dir='ltr'>annumeratus</span> <span class='ocrx_word' id='word_1_238' title='bbox 1359 4263 1373 4303; x_wconf 89' lang='lat'>:</span> <span class='ocrx_word' id='word_1_239' title='bbox 1407 4247 1507 4319; x_wconf 91' lang='lat' dir='ltr'>qui</span> <span class='ocrx_word' id='word_1_240' title='bbox 1533 4265 1744 4320; x_wconf 84' lang='lat' dir='ltr'>magno</span> <span class='ocrx_word' id='word_1_241' title='bbox 1769 4249 1950 4304; x_wconf 88' lang='lat' dir='ltr'>Paulo</span> <span class='ocrx_word' id='word_1_242' title='bbox 1975 4251 2037 4304; x_wconf 91' lang='lat' dir='ltr'>in</span> 
     </span>
    </p>
   </div>
   <div class='ocr_carea' id='block_1_42' title="bbox 386 4337 2036 4410">
    <p class='ocr_par' dir='ltr' id='par_1_42' title="bbox 386 4337 2036 4410">
     <span class='ocr_line' id='line_1_42' title="bbox 386 4337 2036 4410; baseline 0 -17"><span class='ocrx_word' id='word_1_243' title='bbox 386 4338 809 4410; x_wconf 66' lang='lat' dir='ltr'>praedicatione</span> <span class='ocrx_word' id='word_1_244' title='bbox 839 4337 1209 4404; x_wconf 90' lang='lat' dir='ltr'>ministrans,</span> <span class='ocrx_word' id='word_1_245' title='bbox 1243 4337 1793 4409; x_wconf 88' lang='lat' dir='ltr'>divinasqueipsius</span> <span class='ocrx_word' id='word_1_246' title='bbox 1807 4339 2036 4409; x_wconf 87' lang='lat' dir='ltr'>Episto-</span> 
     </span>
    </p>
   </div>
   <div class='ocr_carea' id='block_1_43' title="bbox 386 4427 2038 4500">
    <p class='ocr_par' dir='ltr' id='par_1_43' title="bbox 386 4427 2038 4500">
     <span class='ocr_line' id='line_1_43' title="bbox 386 4427 2038 4500; baseline -0.001 -16"><span class='ocrx_word' id='word_1_247' title='bbox 386 4430 474 4485; x_wconf 89' lang='lat' dir='ltr'>las</span> <span class='ocrx_word' id='word_1_248' title='bbox 501 4429 573 4485; x_wconf 85' lang='lat' dir='ltr'>ad</span> <span class='ocrx_word' id='word_1_249' title='bbox 595 4427 976 4500; x_wconf 89' lang='lat' dir='ltr'>illos,quibus</span> <span class='ocrx_word' id='word_1_250' title='bbox 1008 4444 1107 4483; x_wconf 90' lang='lat' dir='ltr'>eas</span> <span class='ocrx_word' id='word_1_251' title='bbox 1130 4427 1948 4494; x_wconf 86' lang='lat' dir='ltr'>miitebat.deferens,multos</span> <span class='ocrx_word' id='word_1_252' title='bbox 1968 4445 2038 4482; x_wconf 84' lang='lat' dir='ltr'>ex</span> 
     </span>
    </p>
   </div>
   <div class='ocr_carea' id='block_1_44' title="bbox 389 4516 2036 4590">
    <p class='ocr_par' dir='ltr' id='par_1_44' title="bbox 389 4516 2036 4590">
     <span class='ocr_line' id='line_1_44' title="bbox 389 4516 2036 4590; baseline -0.001 -15"><span class='ocrx_word' id='word_1_253' title='bbox 389 4519 641 4576; x_wconf 84' lang='lat' dir='ltr'>ethnicis</span> <span class='ocrx_word' id='word_1_254' title='bbox 673 4519 746 4574; x_wconf 90' lang='lat' dir='ltr'>ad</span> <span class='ocrx_word' id='word_1_255' title='bbox 778 4518 992 4573; x_wconf 89' lang='lat' dir='ltr'>Christi</span> <span class='ocrx_word' id='word_1_256' title='bbox 1028 4517 1207 4574; x_wconf 83' lang='lat' dir='ltr'>fidem</span> <span class='ocrx_word' id='word_1_257' title='bbox 1224 4516 1471 4572; x_wconf 87' lang='lat' dir='ltr'>adduxit</span> <span class='ocrx_word' id='word_1_258' title='bbox 1492 4534 1504 4571; x_wconf 91' lang='lat'><strong>:</strong></span> <span class='ocrx_word' id='word_1_259' title='bbox 1529 4533 1596 4572; x_wconf 93' lang='lat' dir='ltr'>ac</span> <span class='ocrx_word' id='word_1_260' title='bbox 1621 4516 1848 4590; x_wconf 84' lang='lat' dir='ltr'>fulgore</span> <span class='ocrx_word' id='word_1_261' title='bbox 1865 4520 2036 4574; x_wconf 89' lang='lat' dir='ltr'>Para-</span> 
     </span>
    </p>
   </div>
   <div class='ocr_carea' id='block_1_45' title="bbox 2070 1860 2120 1924">
    <p class='ocr_par' dir='ltr' id='par_1_45' title="bbox 2070 1860 2120 1924">
     <span class='ocr_line' id='line_1_45' title="bbox 2070 1860 2120 1924; baseline 0 0"><span class='ocrx_word' id='word_1_262' title='bbox 2070 1860 2120 1924; x_wconf 90' lang='lat' dir='ltr'><strong>B</strong></span> 
     </span>
    </p>
   </div>
   <div class='ocr_carea' id='block_1_46' title="bbox 2151 569 3800 647">
    <p class='ocr_par' dir='ltr' id='par_1_46' title="bbox 2151 569 3800 647">
     <span class='ocr_line' id='line_1_46' title="bbox 2151 569 3800 647; baseline 0 -21"><span class='ocrx_word' id='word_1_263' title='bbox 2151 569 2449 635; x_wconf 83' lang='grc' dir='ltr'>δασκαλίας</span> <span class='ocrx_word' id='word_1_264' title='bbox 2478 574 2643 630; x_wconf 82' lang='grc' dir='ltr'>αὐτοῦ</span> <span class='ocrx_word' id='word_1_265' title='bbox 2703 571 2950 635; x_wconf 80' lang='grc' dir='ltr'>πολλοὺς</span> <span class='ocrx_word' id='word_1_266' title='bbox 3004 576 3113 627; x_wconf 82' lang='grc' dir='ltr'>τῶν</span> <span class='ocrx_word' id='word_1_267' title='bbox 3173 573 3412 627; x_wconf 87' lang='grc' dir='ltr'>ἀπίστων</span> <span class='ocrx_word' id='word_1_268' title='bbox 3463 572 3800 647; x_wconf 68' lang='grc' dir='ltr'>ἐπιστρέφων</span> 
     </span>
    </p>
   </div>
   <div class='ocr_carea' id='block_1_47' title="bbox 2151 659 3803 738">
    <p class='ocr_par' dir='ltr' id='par_1_47' title="bbox 2151 659 3803 738">
     <span class='ocr_line' id='line_1_47' title="bbox 2151 659 3803 738; baseline -0.001 -22"><span class='ocrx_word' id='word_1_269' title='bbox 2151 659 2239 716; x_wconf 81' lang='grc' dir='ltr'>έπὶ</span> <span class='ocrx_word' id='word_1_270' title='bbox 2269 664 2362 717; x_wconf 87' lang='grc' dir='ltr'>τὸν</span> <span class='ocrx_word' id='word_1_271' title='bbox 2392 660 2589 736; x_wconf 78' lang='grc' dir='ltr'>Κύριον</span> <span class='ocrx_word' id='word_1_272' title='bbox 2621 665 2782 734; x_wconf 81' lang='grc' dir='ltr'>ἡμῶν</span> <span class='ocrx_word' id='word_1_273' title='bbox 2807 667 3022 732; x_wconf 83' lang='grc' dir='ltr'>Ἰησοῦν</span> <span class='ocrx_word' id='word_1_274' title='bbox 3057 664 3310 738; x_wconf 73' lang='grc' dir='ltr'>Χριστὸν,</span> <span class='ocrx_word' id='word_1_275' title='bbox 3360 664 3446 717; x_wconf 83' lang='grc' dir='ltr'>καὶ</span> <span class='ocrx_word' id='word_1_276' title='bbox 3499 663 3803 738; x_wconf 74' lang='grc' dir='ltr'>βαπτίζων,</span> 
     </span>
    </p>
   </div>
   <div class='ocr_carea' id='block_1_48' title="bbox 2149 748 3804 827">
    <p class='ocr_par' dir='ltr' id='par_1_48' title="bbox 2149 748 3804 827">
     <span class='ocr_line' id='line_1_48' title="bbox 2149 748 3804 827; baseline 0.001 -23"><span class='ocrx_word' id='word_1_277' title='bbox 2149 749 2425 825; x_wconf 70' lang='grc' dir='ltr'>ἐκρατήθη</span> <span class='ocrx_word' id='word_1_278' title='bbox 2459 751 2607 824; x_wconf 85' lang='grc' dir='ltr'>παρά</span> <span class='ocrx_word' id='word_1_279' title='bbox 2634 755 2736 805; x_wconf 88' lang='grc' dir='ltr'>τοῦ</span> <span class='ocrx_word' id='word_1_280' title='bbox 2778 748 3051 827; x_wconf 70' lang='grc' dir='ltr'>ἄρχοντος</span> <span class='ocrx_word' id='word_1_281' title='bbox 3108 751 3502 822; x_wconf 85' lang='grc' dir='ltr'>Οὐαλεριανοῦ,</span> <span class='ocrx_word' id='word_1_282' title='bbox 3562 752 3649 805; x_wconf 83' lang='grc' dir='ltr'>καὶ</span> <span class='ocrx_word' id='word_1_283' title='bbox 3707 749 3804 805; x_wconf 82' lang='grc' dir='ltr'>δε-</span> 
     </span>
    </p>
   </div>
   <div class='ocr_carea' id='block_1_49' title="bbox 2151 836 3802 918">
    <p class='ocr_par' dir='ltr' id='par_1_49' title="bbox 2151 836 3802 918">
     <span class='ocr_line' id='line_1_49' title="bbox 2151 836 3802 918; baseline -0.001 -24"><span class='ocrx_word' id='word_1_284' title='bbox 2151 839 2261 904; x_wconf 88' lang='grc' dir='ltr'>θεὶς</span> <span class='ocrx_word' id='word_1_285' title='bbox 2295 837 2642 909; x_wconf 80' lang='grc' dir='ltr'>ἀπεκλείσθη.</span> <span class='ocrx_word' id='word_1_286' title='bbox 2680 841 2812 896; x_wconf 69' lang='grc' dir='ltr'>Εἶτα</span> <span class='ocrx_word' id='word_1_287' title='bbox 2860 847 2960 910; x_wconf 84' lang='grc' dir='ltr'>τῆς</span> <span class='ocrx_word' id='word_1_288' title='bbox 3006 839 3256 918; x_wconf 70' lang='grc' dir='ltr'>φυλακῆς</span> <span class='ocrx_word' id='word_1_289' title='bbox 3307 836 3615 910; x_wconf 73' lang='grc' dir='ltr'>ἐκϐληθεὶς,</span> <span class='ocrx_word' id='word_1_290' title='bbox 3647 838 3802 910; x_wconf 62' lang='grc' dir='ltr'>ἤχθη</span> 
     </span>
    </p>
   </div>
   <div class='ocr_carea' id='block_1_50' title="bbox 2149 927 3805 1004">
    <p class='ocr_par' dir='ltr' id='par_1_50' title="bbox 2149 927 3805 1004">
     <span class='ocr_line' id='line_1_50' title="bbox 2149 927 3805 1004; baseline -0.001 -19"><span class='ocrx_word' id='word_1_291' title='bbox 2149 927 2371 1003; x_wconf 87' lang='grc' dir='ltr'>δέσμιος</span> <span class='ocrx_word' id='word_1_292' title='bbox 2403 931 2478 991; x_wconf 87' lang='grc' dir='ltr'>είς</span> <span class='ocrx_word' id='word_1_293' title='bbox 2516 933 2742 999; x_wconf 89' lang='grc' dir='ltr'>Συναὸν,</span> <span class='ocrx_word' id='word_1_294' title='bbox 2775 931 2864 986; x_wconf 88' lang='grc' dir='ltr'>καὶ</span> <span class='ocrx_word' id='word_1_295' title='bbox 2899 930 3137 1002; x_wconf 82' lang='grc' dir='ltr'>πλησίον</span> <span class='ocrx_word' id='word_1_296' title='bbox 3177 936 3274 986; x_wconf 92' lang='grc' dir='ltr'>τοῦ</span> <span class='ocrx_word' id='word_1_297' title='bbox 3327 936 3578 1004; x_wconf 86' lang='grc' dir='ltr'>ποταμοῦ</span> <span class='ocrx_word' id='word_1_298' title='bbox 3609 931 3805 985; x_wconf 82' lang='grc' dir='ltr'>ἀπλω-</span> 
     </span>
    </p>
   </div>
   <div class='ocr_carea' id='block_1_51' title="bbox 2149 1017 3802 1096">
    <p class='ocr_par' dir='ltr' id='par_1_51' title="bbox 2149 1017 3802 1096">
     <span class='ocr_line' id='line_1_51' title="bbox 2149 1017 3802 1096; baseline -0.001 -22"><span class='ocrx_word' id='word_1_299' title='bbox 2149 1019 2284 1090; x_wconf 89' lang='grc' dir='ltr'>θεὶς,</span> <span class='ocrx_word' id='word_1_300' title='bbox 2313 1019 2402 1075; x_wconf 86' lang='grc' dir='ltr'>καὶ</span> <span class='ocrx_word' id='word_1_301' title='bbox 2438 1017 2610 1084; x_wconf 86' lang='grc' dir='ltr'>δεθεὶς</span> <span class='ocrx_word' id='word_1_302' title='bbox 2642 1019 2716 1082; x_wconf 82' lang='grc' dir='ltr'>είς</span> <span class='ocrx_word' id='word_1_303' title='bbox 2747 1017 3009 1096; x_wconf 82' lang='grc' dir='ltr'>τέσσαρας</span> <span class='ocrx_word' id='word_1_304' title='bbox 3057 1019 3265 1082; x_wconf 82' lang='grc' dir='ltr'>πάλους</span> <span class='ocrx_word' id='word_1_305' title='bbox 3298 1020 3517 1085; x_wconf 77' lang='grc' dir='ltr'>ὕπτιος,</span> <span class='ocrx_word' id='word_1_306' title='bbox 3579 1021 3666 1075; x_wconf 76' lang='grc' dir='ltr'>ἐπὶ</span> <span class='ocrx_word' id='word_1_307' title='bbox 3699 1021 3802 1088; x_wconf 66' lang='grc' dir='ltr'>τὴν</span> 
     </span>
    </p>
   </div>
   <div class='ocr_carea' id='block_1_52' title="bbox 2147 1107 3808 1186">
    <p class='ocr_par' dir='ltr' id='par_1_52' title="bbox 2147 1107 3808 1186">
     <span class='ocr_line' id='line_1_52' title="bbox 2147 1107 3808 1186; baseline -0.001 -22"><span class='ocrx_word' id='word_1_308' title='bbox 2147 1117 2247 1184; x_wconf 79' lang='grc' dir='ltr'>γῆν</span> <span class='ocrx_word' id='word_1_309' title='bbox 2305 1109 2505 1186; x_wconf 69' lang='grc' dir='ltr'>έτύφθη</span> <span class='ocrx_word' id='word_1_310' title='bbox 2569 1107 2841 1186; x_wconf 76' lang='grc' dir='ltr'>σφοδρῶς,</span> <span class='ocrx_word' id='word_1_311' title='bbox 2898 1109 3004 1172; x_wconf 82' lang='grc' dir='ltr'>ἓως</span> <span class='ocrx_word' id='word_1_312' title='bbox 3063 1110 3460 1182; x_wconf 78' lang='grc' dir='ltr'>κατεξάνθησαν</span> <span class='ocrx_word' id='word_1_313' title='bbox 3518 1110 3572 1164; x_wconf 78' lang='grc' dir='ltr'>αἱ</span> <span class='ocrx_word' id='word_1_314' title='bbox 3611 1111 3808 1183; x_wconf 75' lang='grc' dir='ltr'>σάρκες</span> 
     </span>
    </p>
   </div>
   <div class='ocr_carea' id='block_1_53' title="bbox 2149 1193 3806 1274">
    <p class='ocr_par' dir='ltr' id='par_1_53' title="bbox 2149 1193 3806 1274">
     <span class='ocr_line' id='line_1_53' title="bbox 2149 1193 3806 1274; baseline -0.001 -21"><span class='ocrx_word' id='word_1_315' title='bbox 2149 1198 2312 1253; x_wconf 80' lang='grc' dir='ltr'>αὐτοῦ</span> <span class='ocrx_word' id='word_1_316' title='bbox 2343 1205 2459 1260; x_wconf 84' lang='grc' dir='ltr'>τοῖς</span> <span class='ocrx_word' id='word_1_317' title='bbox 2494 1193 2735 1274; x_wconf 73' lang='grc' dir='ltr'>ῥάϐδοις,</span> <span class='ocrx_word' id='word_1_318' title='bbox 2772 1200 2866 1254; x_wconf 88' lang='grc' dir='ltr'>Ἐκ</span> <span class='ocrx_word' id='word_1_319' title='bbox 2899 1197 2955 1253; x_wconf 65' lang='grc' dir='ltr'>δὲ</span> <span class='ocrx_word' id='word_1_320' title='bbox 2983 1203 3081 1254; x_wconf 88' lang='grc' dir='ltr'>τοῦ</span> <span class='ocrx_word' id='word_1_321' title='bbox 3132 1199 3364 1271; x_wconf 80' lang='grc' dir='ltr'>αἳματος</span> <span class='ocrx_word' id='word_1_322' title='bbox 3399 1197 3566 1252; x_wconf 76' lang='grc' dir='ltr'>αὐτοῦ</span> <span class='ocrx_word' id='word_1_323' title='bbox 3598 1203 3806 1252; x_wconf 87' lang='grc' dir='ltr'>πιοῦσα</span> 
     </span>
    </p>
   </div>
   <div class='ocr_carea' id='block_1_54' title="bbox 2147 1285 3804 1366">
    <p class='ocr_par' dir='ltr' id='par_1_54' title="bbox 2147 1285 3804 1366">
     <span class='ocr_line' id='line_1_54' title="bbox 2147 1285 3804 1366; baseline 0 -25"><span class='ocrx_word' id='word_1_324' title='bbox 2147 1291 2182 1358; x_wconf 79' lang='grc' dir='ltr'>ἡ</span> <span class='ocrx_word' id='word_1_325' title='bbox 2217 1295 2311 1363; x_wconf 81' lang='grc' dir='ltr'>γῆ,</span> <span class='ocrx_word' id='word_1_326' title='bbox 2345 1288 2508 1366; x_wconf 70' lang='grc' dir='ltr'>φυτὸν</span> <span class='ocrx_word' id='word_1_327' title='bbox 2547 1289 2789 1364; x_wconf 76' lang='grc' dir='ltr'>βαλάνου</span> <span class='ocrx_word' id='word_1_328' title='bbox 2848 1285 3121 1343; x_wconf 73' lang='grc' dir='ltr'>ἀπέδωκεν</span> <span class='ocrx_word' id='word_1_329' title='bbox 3181 1289 3434 1362; x_wconf 86' lang='grc' dir='ltr'>μέγιστον</span> <span class='ocrx_word' id='word_1_330' title='bbox 3491 1286 3632 1342; x_wconf 85' lang='grc' dir='ltr'>λίαν”</span> <span class='ocrx_word' id='word_1_331' title='bbox 3665 1289 3804 1360; x_wconf 77' lang='grc' dir='ltr'>’ὀπερ</span> 
     </span>
    </p>
   </div>
   <div class='ocr_carea' id='block_1_55' title="bbox 2152 1378 3803 1455">
    <p class='ocr_par' dir='ltr' id='par_1_55' title="bbox 2152 1378 3803 1455">
     <span class='ocr_line' id='line_1_55' title="bbox 2152 1378 3803 1455; baseline 0.008 -34"><span class='ocrx_word' id='word_1_332' title='bbox 2152 1379 2320 1453; x_wconf 61' lang='grc' dir='ltr'>μέχρι</span> <span class='ocrx_word' id='word_1_333' title='bbox 2378 1385 2478 1447; x_wconf 76' lang='grc' dir='ltr'>τῆς</span> <span class='ocrx_word' id='word_1_334' title='bbox 2530 1381 2769 1454; x_wconf 62' lang='grc' dir='ltr'>σήμερον</span> <span class='ocrx_word' id='word_1_335' title='bbox 2845 1379 3086 1455; x_wconf 82' lang='grc' dir='ltr'>φαίνεται</span> <span class='ocrx_word' id='word_1_336' title='bbox 3146 1378 3441 1455; x_wconf 68' lang='grc' dir='ltr'>ἀείφυλλον</span> <span class='ocrx_word' id='word_1_337' title='bbox 3505 1379 3585 1446; x_wconf 83' lang='grc' dir='ltr'>δν,</span> <span class='ocrx_word' id='word_1_338' title='bbox 3629 1382 3803 1431; x_wconf 80' lang='grc' dir='ltr'>πᾶσαν</span> 
     </span>
    </p>
   </div>
   <div class='ocr_carea' id='block_1_56' title="bbox 2148 1467 3806 1542">
    <p class='ocr_par' dir='ltr' id='par_1_56' title="bbox 2148 1467 3806 1542">
     <span class='ocr_line' id='line_1_56' title="bbox 2148 1467 3806 1542; baseline 0 -21"><span class='ocrx_word' id='word_1_339' title='bbox 2148 1470 2302 1524; x_wconf 86' lang='grc' dir='ltr'>νόσον</span> <span class='ocrx_word' id='word_1_340' title='bbox 2335 1469 2422 1522; x_wconf 90' lang='grc' dir='ltr'>καὶ</span> <span class='ocrx_word' id='word_1_341' title='bbox 2458 1473 2629 1521; x_wconf 75' lang='grc' dir='ltr'>πᾶσαν</span> <span class='ocrx_word' id='word_1_342' title='bbox 2694 1467 2959 1541; x_wconf 82' lang='grc' dir='ltr'>μαλακίαν</span> <span class='ocrx_word' id='word_1_343' title='bbox 2994 1473 3100 1522; x_wconf 76' lang='grc' dir='ltr'>τῶν</span> <span class='ocrx_word' id='word_1_344' title='bbox 3133 1470 3592 1542; x_wconf 68' lang='grc' dir='ltr'>προσερχομένων</span> <span class='ocrx_word' id='word_1_345' title='bbox 3629 1467 3806 1539; x_wconf 74' lang='grc' dir='ltr'>ἰώμε-</span> 
     </span>
    </p>
   </div>
   <div class='ocr_carea' id='block_1_57' title="bbox 2148 1555 3808 1632">
    <p class='ocr_par' dir='ltr' id='par_1_57' title="bbox 2148 1555 3808 1632">
     <span class='ocr_line' id='line_1_57' title="bbox 2148 1555 3808 1632; baseline -0.001 -21"><span class='ocrx_word' id='word_1_346' title='bbox 2148 1579 2261 1613; x_wconf 91' lang='grc' dir='ltr'>νον.</span> <span class='ocrx_word' id='word_1_347' title='bbox 2297 1557 2398 1614; x_wconf 85' lang='grc' dir='ltr'>Καὶ</span> <span class='ocrx_word' id='word_1_348' title='bbox 2433 1557 2567 1630; x_wconf 82' lang='grc' dir='ltr'>μετά</span> <span class='ocrx_word' id='word_1_349' title='bbox 2594 1562 2760 1612; x_wconf 74' lang='grc' dir='ltr'>ταῦτα</span> <span class='ocrx_word' id='word_1_350' title='bbox 2791 1555 2942 1632; x_wconf 60' lang='grc' dir='ltr'>ἤχθη</span> <span class='ocrx_word' id='word_1_351' title='bbox 2997 1557 3078 1619; x_wconf 85' lang='grc' dir='ltr'>εἷς</span> <span class='ocrx_word' id='word_1_352' title='bbox 3134 1559 3194 1611; x_wconf 83' lang='grc' dir='ltr'>τὸ</span> <span class='ocrx_word' id='word_1_353' title='bbox 3252 1555 3388 1630; x_wconf 80' lang='grc' dir='ltr'>Θέμα</span> <span class='ocrx_word' id='word_1_354' title='bbox 3444 1562 3552 1611; x_wconf 80' lang='grc' dir='ltr'>τῶν</span> <span class='ocrx_word' id='word_1_355' title='bbox 3586 1564 3808 1630; x_wconf 80' lang='grc' dir='ltr'>Θρᾳκη-</span> 
     </span>
    </p>
   </div>
   <div class='ocr_carea' id='block_1_58' title="bbox 2149 1645 3806 1720">
    <p class='ocr_par' dir='ltr' id='par_1_58' title="bbox 2149 1645 3806 1720">
     <span class='ocr_line' id='line_1_58' title="bbox 2149 1645 3806 1720; baseline -0.001 -18"><span class='ocrx_word' id='word_1_356' title='bbox 2149 1647 2302 1719; x_wconf 89' lang='grc' dir='ltr'>σίων,</span> <span class='ocrx_word' id='word_1_357' title='bbox 2337 1646 2571 1717; x_wconf 76' lang='grc' dir='ltr'>πλησίον</span> <span class='ocrx_word' id='word_1_358' title='bbox 2617 1651 2714 1702; x_wconf 89' lang='grc' dir='ltr'>τοῦ</span> <span class='ocrx_word' id='word_1_359' title='bbox 2769 1651 3020 1720; x_wconf 76' lang='grc' dir='ltr'>πεταμοῦ</span> <span class='ocrx_word' id='word_1_360' title='bbox 3070 1648 3278 1720; x_wconf 76' lang='grc' dir='ltr'>Ἑρμοῦ</span> <span class='ocrx_word' id='word_1_361' title='bbox 3313 1648 3413 1701; x_wconf 79' lang='grc' dir='ltr'>ὑπὸ</span> <span class='ocrx_word' id='word_1_362' title='bbox 3443 1648 3541 1714; x_wconf 80' lang='grc' dir='ltr'>τήν</span> <span class='ocrx_word' id='word_1_363' title='bbox 3575 1645 3806 1701; x_wconf 84' lang='grc' dir='ltr'>ἐπισκο-</span> 
     </span>
    </p>
   </div>
   <div class='ocr_carea' id='block_1_59' title="bbox 2149 1732 3808 1808">
    <p class='ocr_par' dir='ltr' id='par_1_59' title="bbox 2149 1732 3808 1808">
     <span class='ocr_line' id='line_1_59' title="bbox 2149 1732 3808 1808; baseline -0.002 -16"><span class='ocrx_word' id='word_1_364' title='bbox 2149 1739 2258 1806; x_wconf 74' lang='grc' dir='ltr'>πὴν</span> <span class='ocrx_word' id='word_1_365' title='bbox 2326 1735 2606 1792; x_wconf 84' lang='grc' dir='ltr'>Σατάλων’</span> <span class='ocrx_word' id='word_1_366' title='bbox 2679 1737 2766 1792; x_wconf 86' lang='grc' dir='ltr'>καὶ</span> <span class='ocrx_word' id='word_1_367' title='bbox 2819 1735 3062 1798; x_wconf 87' lang='grc' dir='ltr'>πολλαῖς</span> <span class='ocrx_word' id='word_1_368' title='bbox 3127 1732 3461 1805; x_wconf 77' lang='grc' dir='ltr'>ὑποϐληθεὶς</span> <span class='ocrx_word' id='word_1_369' title='bbox 3505 1734 3808 1808; x_wconf 80' lang='grc' dir='ltr'>τιμωρίαις</span> 
     </span>
    </p>
   </div>
   <div class='ocr_carea' id='block_1_60' title="bbox 2149 1823 3805 1903">
    <p class='ocr_par' dir='ltr' id='par_1_60' title="bbox 2149 1823 3805 1903">
     <span class='ocr_line' id='line_1_60' title="bbox 2149 1823 3805 1903; baseline -0.004 -20"><span class='ocrx_word' id='word_1_370' title='bbox 2149 1827 2240 1883; x_wconf 89' lang='grc' dir='ltr'>καὶ</span> <span class='ocrx_word' id='word_1_371' title='bbox 2281 1827 2573 1894; x_wconf 84' lang='grc' dir='ltr'>κακώσεσι,</span> <span class='ocrx_word' id='word_1_372' title='bbox 2629 1825 2721 1881; x_wconf 88' lang='grc' dir='ltr'>τὸν</span> <span class='ocrx_word' id='word_1_373' title='bbox 2775 1829 2872 1880; x_wconf 88' lang='grc' dir='ltr'>τοῦ</span> <span class='ocrx_word' id='word_1_374' title='bbox 2934 1823 3237 1900; x_wconf 77' lang='grc' dir='ltr'>μαρτυρίου</span> <span class='ocrx_word' id='word_1_375' title='bbox 3295 1825 3554 1903; x_wconf 72' lang='grc' dir='ltr'>στέφανον</span> <span class='ocrx_word' id='word_1_376' title='bbox 3607 1823 3805 1898; x_wconf 81' lang='grc' dir='ltr'>ἐκομί-</span> 
     </span>
    </p>
   </div>
   <div class='ocr_carea' id='block_1_61' title="bbox 2151 1937 2301 1972">
    <p class='ocr_par' dir='ltr' id='par_1_61' title="bbox 2151 1937 2301 1972">
     <span class='ocr_line' id='line_1_61' title="bbox 2151 1937 2301 1972; baseline -0.007 -1"><span class='ocrx_word' id='word_1_377' title='bbox 2151 1937 2301 1972; x_wconf 89' lang='grc' dir='ltr'>σατο.</span> 
     </span>
    </p>
   </div>
   <div class='ocr_carea' id='block_1_62' title="bbox 2254 2093 3688 2173">
    <p class='ocr_par' dir='ltr' id='par_1_62' title="bbox 2254 2093 3688 2173">
     <span class='ocr_line' id='line_1_62' title="bbox 2254 2093 3688 2173; baseline -0.001 -20"><span class='ocrx_word' id='word_1_378' title='bbox 2254 2099 2353 2154; x_wconf 83' lang='grc' dir='ltr'>Καὶ</span> <span class='ocrx_word' id='word_1_379' title='bbox 2412 2095 2646 2169; x_wconf 74' lang='grc' dir='ltr'>ἄθλησις</span> <span class='ocrx_word' id='word_1_380' title='bbox 2702 2101 2804 2152; x_wconf 87' lang='grc' dir='ltr'>τοῦ</span> <span class='ocrx_word' id='word_1_381' title='bbox 2835 2095 2990 2173; x_wconf 89' lang='grc' dir='ltr'>ἀγίου</span> <span class='ocrx_word' id='word_1_382' title='bbox 3024 2095 3298 2171; x_wconf 80' lang='grc' dir='ltr'>μάρτυρος</span> <span class='ocrx_word' id='word_1_383' title='bbox 3349 2093 3688 2171; x_wconf 82' lang='grc' dir='ltr'>Παγχαρίου.</span> 
     </span>
    </p>
   </div>
   <div class='ocr_carea' id='block_1_63' title="bbox 2221 2265 3806 2345">
    <p class='ocr_par' dir='ltr' id='par_1_63' title="bbox 2221 2265 3806 2345">
     <span class='ocr_line' id='line_1_63' title="bbox 2221 2265 3806 2345; baseline -0.001 -20"><span class='ocrx_word' id='word_1_384' title='bbox 2221 2268 2557 2345; x_wconf 85' lang='grc' dir='ltr'>Παγχάριος,</span> <span class='ocrx_word' id='word_1_385' title='bbox 2616 2269 2644 2323; x_wconf 82' lang='grc' dir='ltr'>ὁ</span> <span class='ocrx_word' id='word_1_386' title='bbox 2700 2272 2799 2324; x_wconf 91' lang='grc' dir='ltr'>τοῦ</span> <span class='ocrx_word' id='word_1_387' title='bbox 2859 2270 3104 2342; x_wconf 76' lang='grc' dir='ltr'>Χριστοῦ</span> <span class='ocrx_word' id='word_1_388' title='bbox 3171 2269 3397 2344; x_wconf 76' lang='grc' dir='ltr'>μάρτυς,</span> <span class='ocrx_word' id='word_1_389' title='bbox 3442 2265 3646 2342; x_wconf 82' lang='grc' dir='ltr'>ἐγένετο</span> <span class='ocrx_word' id='word_1_390' title='bbox 3708 2268 3806 2340; x_wconf 77' lang='grc' dir='ltr'>μὶν</span> 
     </span>
    </p>
   </div>
   <div class='ocr_carea' id='block_1_64' title="bbox 2146 2356 3808 2434">
    <p class='ocr_par' dir='ltr' id='par_1_64' title="bbox 2146 2356 3808 2434">
     <span class='ocr_line' id='line_1_64' title="bbox 2146 2356 3808 2434; baseline -0.002 -21"><span class='ocrx_word' id='word_1_391' title='bbox 2146 2366 2248 2430; x_wconf 80' lang='grc' dir='ltr'>τῆς</span> <span class='ocrx_word' id='word_1_392' title='bbox 2278 2357 2519 2419; x_wconf 80' lang='grc' dir='ltr'>παλαιᾶς</span> <span class='ocrx_word' id='word_1_393' title='bbox 2557 2359 2781 2430; x_wconf 83' lang='grc' dir='ltr'>Ῥώμης</span> <span class='ocrx_word' id='word_1_394' title='bbox 2812 2357 2900 2412; x_wconf 90' lang='grc' dir='ltr'>καὶ</span> <span class='ocrx_word' id='word_1_395' title='bbox 2933 2359 3206 2434; x_wconf 87' lang='grc' dir='ltr'>γέννημα,</span> <span class='ocrx_word' id='word_1_396' title='bbox 3265 2357 3354 2411; x_wconf 89' lang='lat' dir='ltr'>xui</span> <span class='ocrx_word' id='word_1_397' title='bbox 3416 2356 3655 2432; x_wconf 87' lang='grc' dir='ltr'>θρέμμα,</span> <span class='ocrx_word' id='word_1_398' title='bbox 3714 2358 3808 2412; x_wconf 86' lang='grc' dir='ltr'>καὶ</span> 
     </span>
    </p>
   </div>
   <div class='ocr_carea' id='block_1_65' title="bbox 2147 2444 3806 2524">
    <p class='ocr_par' dir='ltr' id='par_1_65' title="bbox 2147 2444 3806 2524">
     <span class='ocr_line' id='line_1_65' title="bbox 2147 2444 3806 2524; baseline -0.002 -20"><span class='ocrx_word' id='word_1_399' title='bbox 2147 2453 2355 2504; x_wconf 81' lang='grc' dir='ltr'>πιστῶν</span> <span class='ocrx_word' id='word_1_400' title='bbox 2385 2449 2585 2524; x_wconf 85' lang='grc' dir='ltr'>γονέων</span> <span class='ocrx_word' id='word_1_401' title='bbox 2634 2447 2894 2524; x_wconf 86' lang='grc' dir='ltr'>βλαστός·</span> <span class='ocrx_word' id='word_1_402' title='bbox 2953 2455 3270 2521; x_wconf 82' lang='grc' dir='ltr'>τιμώμενος</span> <span class='ocrx_word' id='word_1_403' title='bbox 3333 2444 3390 2501; x_wconf 76' lang='grc' dir='ltr'>δὲ</span> <span class='ocrx_word' id='word_1_404' title='bbox 3448 2448 3585 2521; x_wconf 81' lang='grc' dir='ltr'>πρὸς</span> <span class='ocrx_word' id='word_1_405' title='bbox 3617 2449 3806 2522; x_wconf 86' lang='grc' dir='ltr'>καιρὸν</span> 
     </span>
    </p>
   </div>
   <div class='ocr_carea' id='block_1_66' title="bbox 2145 2537 3805 2615">
    <p class='ocr_par' dir='ltr' id='par_1_66' title="bbox 2145 2537 3805 2615">
     <span class='ocr_line' id='line_1_66' title="bbox 2145 2537 3805 2615; baseline -0.002 -20"><span class='ocrx_word' id='word_1_406' title='bbox 2145 2544 2316 2615; x_wconf 81' lang='grc' dir='ltr'>τιμὴν</span> <span class='ocrx_word' id='word_1_407' title='bbox 2348 2540 2494 2614; x_wconf 88' lang='grc' dir='ltr'>παρά</span> <span class='ocrx_word' id='word_1_408' title='bbox 2522 2544 2630 2595; x_wconf 82' lang='grc' dir='ltr'>τῶν</span> <span class='ocrx_word' id='word_1_409' title='bbox 2663 2537 3087 2614; x_wconf 81' lang='grc' dir='ltr'>είδωλολατρῶν</span> <span class='ocrx_word' id='word_1_410' title='bbox 3127 2537 3423 2614; x_wconf 88' lang='grc' dir='ltr'>βασιλέων,</span> <span class='ocrx_word' id='word_1_411' title='bbox 3471 2539 3562 2593; x_wconf 87' lang='grc' dir='ltr'>καὶ</span> <span class='ocrx_word' id='word_1_412' title='bbox 3600 2539 3805 2602; x_wconf 81' lang='grc' dir='ltr'>οἰκεῖος</span> 
     </span>
    </p>
   </div>
   <div class='ocr_carea' id='block_1_67' title="bbox 2149 2623 3804 2703">
    <p class='ocr_par' dir='ltr' id='par_1_67' title="bbox 2149 2623 3804 2703">
     <span class='ocr_line' id='line_1_67' title="bbox 2149 2623 3804 2703; baseline -0.002 -17"><span class='ocrx_word' id='word_1_413' title='bbox 2149 2630 2222 2686; x_wconf 80' lang='grc' dir='ltr'>ὢν</span> <span class='ocrx_word' id='word_1_414' title='bbox 2256 2631 2461 2697; x_wconf 81' lang='grc' dir='ltr'>αὐτοῖς,</span> <span class='ocrx_word' id='word_1_415' title='bbox 2491 2637 2592 2700; x_wconf 80' lang='grc' dir='ltr'>τῆς</span> <span class='ocrx_word' id='word_1_416' title='bbox 2624 2629 2831 2690; x_wconf 78' lang='grc' dir='ltr'>εὐθείας</span> <span class='ocrx_word' id='word_1_417' title='bbox 2855 2626 2986 2683; x_wconf 85' lang='grc' dir='ltr'>ὀδοῦ</span> <span class='ocrx_word' id='word_1_418' title='bbox 3046 2628 3328 2703; x_wconf 81' lang='grc' dir='ltr'>ἐκτραπεὶς</span> <span class='ocrx_word' id='word_1_419' title='bbox 3386 2629 3487 2683; x_wconf 84' lang='grc' dir='ltr'>ὑπὸ</span> <span class='ocrx_word' id='word_1_420' title='bbox 3549 2623 3804 2684; x_wconf 71' lang='grc' dir='ltr'>διαϐολι-</span> 
     </span>
    </p>
   </div>
   <div class='ocr_carea' id='block_1_68' title="bbox 2147 2717 3804 2797">
    <p class='ocr_par' dir='ltr' id='par_1_68' title="bbox 2147 2717 3804 2797">
     <span class='ocr_line' id='line_1_68' title="bbox 2147 2717 3804 2797; baseline -0.002 -19"><span class='ocrx_word' id='word_1_421' title='bbox 2147 2730 2248 2791; x_wconf 65' lang='lat' dir='ltr'>xi:</span> <span class='ocrx_word' id='word_1_422' title='bbox 2271 2721 2554 2797; x_wconf 83' lang='grc' dir='ltr'>ἐνεργείας,</span> <span class='ocrx_word' id='word_1_423' title='bbox 2601 2721 2883 2795; x_wconf 77' lang='grc' dir='ltr'>ἠρνήσατο</span> <span class='ocrx_word' id='word_1_424' title='bbox 2932 2721 3024 2774; x_wconf 89' lang='grc' dir='ltr'>τὸν</span> <span class='ocrx_word' id='word_1_425' title='bbox 3083 2721 3336 2791; x_wconf 83' lang='grc' dir='ltr'>Χριστὸν,</span> <span class='ocrx_word' id='word_1_426' title='bbox 3389 2717 3683 2794; x_wconf 76' lang='grc' dir='ltr'>προσετέθη</span> <span class='ocrx_word' id='word_1_427' title='bbox 3745 2718 3804 2775; x_wconf 82' lang='grc' dir='ltr'>δὲ</span> 
     </span>
    </p>
   </div>
   <div class='ocr_carea' id='block_1_69' title="bbox 2145 2807 3799 2885">
    <p class='ocr_par' dir='ltr' id='par_1_69' title="bbox 2145 2807 3799 2885">
     <span class='ocr_line' id='line_1_69' title="bbox 2145 2807 3799 2885; baseline -0.002 -16"><span class='ocrx_word' id='word_1_428' title='bbox 2145 2818 2264 2874; x_wconf 82' lang='grc' dir='ltr'>τοῖς</span> <span class='ocrx_word' id='word_1_429' title='bbox 2299 2811 2579 2873; x_wconf 80' lang='grc' dir='ltr'>εἰδώλοις.</span> <span class='ocrx_word' id='word_1_430' title='bbox 2620 2812 2776 2874; x_wconf 85' lang='grc' dir='ltr'>Ὅθεν</span> <span class='ocrx_word' id='word_1_431' title='bbox 2808 2807 3135 2885; x_wconf 73' lang='grc' dir='ltr'>ἀποδεχθεὶς</span> <span class='ocrx_word' id='word_1_432' title='bbox 3190 2811 3338 2884; x_wconf 83' lang='grc' dir='ltr'>παρὰ</span> <span class='ocrx_word' id='word_1_433' title='bbox 3393 2814 3499 2863; x_wconf 73' lang='grc' dir='ltr'>τῶν</span> <span class='ocrx_word' id='word_1_434' title='bbox 3561 2807 3799 2865; x_wconf 76' lang='grc' dir='ltr'>εἰδωλοο</span> 
     </span>
    </p>
   </div>
   <div class='ocr_carea' id='block_1_70' title="bbox 2152 2897 3801 2978">
    <p class='ocr_par' dir='ltr' id='par_1_70' title="bbox 2152 2897 3801 2978">
     <span class='ocr_line' id='line_1_70' title="bbox 2152 2897 3801 2978; baseline -0.002 -21"><span class='ocrx_word' id='word_1_435' title='bbox 2152 2906 2337 2976; x_wconf 82' lang='grc' dir='ltr'>μανῶν</span> <span class='ocrx_word' id='word_1_436' title='bbox 2375 2898 2671 2978; x_wconf 87' lang='grc' dir='ltr'>βασιλέων,</span> <span class='ocrx_word' id='word_1_437' title='bbox 2700 2898 2753 2956; x_wconf 79' lang='grc' dir='ltr'>έν</span> <span class='ocrx_word' id='word_1_438' title='bbox 2790 2899 3004 2975; x_wconf 74' lang='grc' dir='ltr'>μεγάλῃ</span> <span class='ocrx_word' id='word_1_439' title='bbox 3038 2897 3198 2974; x_wconf 65' lang='grc' dir='ltr'>διῆγε</span> <span class='ocrx_word' id='word_1_440' title='bbox 3222 2903 3380 2972; x_wconf 78' lang='grc' dir='ltr'>τιμῇ.</span> <span class='ocrx_word' id='word_1_441' title='bbox 3418 2899 3516 2954; x_wconf 78' lang='grc' dir='ltr'>Καὶ</span> <span class='ocrx_word' id='word_1_442' title='bbox 3552 2901 3801 2972; x_wconf 80' lang='grc' dir='ltr'>μαθοῦσα</span> 
     </span>
    </p>
   </div>
   <div class='ocr_carea' id='block_1_71' title="bbox 2143 2987 3803 3064">
    <p class='ocr_par' dir='ltr' id='par_1_71' title="bbox 2143 2987 3803 3064">
     <span class='ocr_line' id='line_1_71' title="bbox 2143 2987 3803 3064; baseline -0.002 -16"><span class='ocrx_word' id='word_1_443' title='bbox 2143 2995 2305 3048; x_wconf 87' lang='grc' dir='ltr'>τοῦτο</span> <span class='ocrx_word' id='word_1_444' title='bbox 2363 2993 2398 3060; x_wconf 76' lang='grc' dir='ltr'><strong>ἡ</strong></span> <span class='ocrx_word' id='word_1_445' title='bbox 2462 2991 2647 3063; x_wconf 83' lang='grc' dir='ltr'>μήτηρ</span> <span class='ocrx_word' id='word_1_446' title='bbox 2702 2989 2889 3058; x_wconf 86' lang='grc' dir='ltr'>αὐτοῦ,</span> <span class='ocrx_word' id='word_1_447' title='bbox 2947 2987 3260 3043; x_wconf 86' lang='grc' dir='ltr'>καὶπολλά</span> <span class='ocrx_word' id='word_1_448' title='bbox 3309 2990 3648 3064; x_wconf 85' lang='grc' dir='ltr'>θρηνήσασα,</span> <span class='ocrx_word' id='word_1_449' title='bbox 3709 2987 3803 3044; x_wconf 76' lang='grc' dir='ltr'>διὰ</span> 
     </span>
    </p>
   </div>
   <div class='ocr_carea' id='block_1_72' title="bbox 2145 3075 3800 3155">
    <p class='ocr_par' dir='ltr' id='par_1_72' title="bbox 2145 3075 3800 3155">
     <span class='ocr_line' id='line_1_72' title="bbox 2145 3075 3800 3155; baseline -0.001 -22"><span class='ocrx_word' id='word_1_450' title='bbox 2145 3081 2490 3155; x_wconf 79' lang='grc' dir='ltr'>γραμμάτων</span> <span class='ocrx_word' id='word_1_451' title='bbox 2522 3079 2789 3151; x_wconf 72' lang='grc' dir='ltr'>ἐμήνυσεν</span> <span class='ocrx_word' id='word_1_452' title='bbox 2838 3077 3009 3148; x_wconf 80' lang='grc' dir='ltr'>αὐτῷ,</span> <span class='ocrx_word' id='word_1_453' title='bbox 3057 3077 3358 3145; x_wconf 77' lang='grc' dir='ltr'>ἀποστῆναι</span> <span class='ocrx_word' id='word_1_454' title='bbox 3405 3085 3506 3146; x_wconf 80' lang='grc' dir='ltr'>τῆς</span> <span class='ocrx_word' id='word_1_455' title='bbox 3565 3075 3800 3132; x_wconf 76' lang='grc' dir='ltr'>εἰδωλο-</span> 
     </span>
    </p>
   </div>
   <div class='ocr_carea' id='block_1_73' title="bbox 2151 3167 3794 3246">
    <p class='ocr_par' dir='ltr' id='par_1_73' title="bbox 2151 3167 3794 3246">
     <span class='ocr_line' id='line_1_73' title="bbox 2151 3167 3794 3246; baseline -0.003 -19"><span class='ocrx_word' id='word_1_456' title='bbox 2151 3170 2430 3245; x_wconf 83' lang='grc' dir='ltr'>λατρείας,</span> <span class='ocrx_word' id='word_1_457' title='bbox 2468 3170 2556 3226; x_wconf 88' lang='grc' dir='ltr'>καὶ</span> <span class='ocrx_word' id='word_1_458' title='bbox 2589 3167 2912 3246; x_wconf 79' lang='grc' dir='ltr'>προσελθεῖν</span> <span class='ocrx_word' id='word_1_459' title='bbox 2941 3170 3092 3234; x_wconf 72' lang='grc' dir='ltr'>αὖθις</span> <span class='ocrx_word' id='word_1_460' title='bbox 3123 3175 3202 3242; x_wconf 79' lang='grc' dir='ltr'>τῷ</span> <span class='ocrx_word' id='word_1_461' title='bbox 3258 3173 3500 3244; x_wconf 84' lang='grc' dir='ltr'>Χριστῷ,</span> <span class='ocrx_word' id='word_1_462' title='bbox 3545 3171 3794 3242; x_wconf 84' lang='grc' dir='ltr'>ὑπομνή-</span> 
     </span>
    </p>
   </div>
   <div class='ocr_carea' id='block_1_74' title="bbox 2147 3257 3790 3334">
    <p class='ocr_par' dir='ltr' id='par_1_74' title="bbox 2147 3257 3790 3334">
     <span class='ocr_line' id='line_1_74' title="bbox 2147 3257 3790 3334; baseline -0.004 -16"><span class='ocrx_word' id='word_1_463' title='bbox 2147 3282 2283 3318; x_wconf 89' lang='grc' dir='ltr'>σασα</span> <span class='ocrx_word' id='word_1_464' title='bbox 2311 3262 2411 3328; x_wconf 80' lang='grc' dir='ltr'>τήν</span> <span class='ocrx_word' id='word_1_465' title='bbox 2459 3257 2686 3315; x_wconf 87' lang='grc' dir='ltr'>κόλασιν</span> <span class='ocrx_word' id='word_1_466' title='bbox 2749 3260 2840 3314; x_wconf 90' lang='lat' dir='ltr'>xui</span> <span class='ocrx_word' id='word_1_467' title='bbox 2900 3261 3000 3327; x_wconf 71' lang='grc' dir='ltr'>τὴν</span> <span class='ocrx_word' id='word_1_468' title='bbox 3061 3260 3302 3334; x_wconf 81' lang='grc' dir='ltr'>γέενναν,</span> <span class='ocrx_word' id='word_1_469' title='bbox 3359 3260 3446 3314; x_wconf 89' lang='lat' dir='ltr'>xui</span> <span class='ocrx_word' id='word_1_470' title='bbox 3500 3261 3666 3312; x_wconf 72' lang='grc' dir='ltr'>πάντα</span> <span class='ocrx_word' id='word_1_471' title='bbox 3722 3259 3790 3312; x_wconf 82' lang='grc' dir='ltr'>τὰ</span> 
     </span>
    </p>
   </div>
   <div class='ocr_carea' id='block_1_75' title="bbox 2141 3344 3790 3424">
    <p class='ocr_par' dir='ltr' id='par_1_75' title="bbox 2141 3344 3790 3424">
     <span class='ocr_line' id='line_1_75' title="bbox 2141 3344 3790 3424; baseline -0.003 -17"><span class='ocrx_word' id='word_1_472' title='bbox 2141 3353 2489 3424; x_wconf 76' lang='grc' dir='ltr'>κολαστήρια</span> <span class='ocrx_word' id='word_1_473' title='bbox 2521 3349 2588 3404; x_wconf 79' lang='grc' dir='ltr'>τὰ</span> <span class='ocrx_word' id='word_1_474' title='bbox 2609 3347 2952 3423; x_wconf 85' lang='grc' dir='ltr'>έκδεχόμενα</span> <span class='ocrx_word' id='word_1_475' title='bbox 3005 3347 3132 3410; x_wconf 85' lang='grc' dir='ltr'>τοὺς</span> <span class='ocrx_word' id='word_1_476' title='bbox 3173 3349 3264 3402; x_wconf 89' lang='grc' dir='ltr'>τὸν</span> <span class='ocrx_word' id='word_1_477' title='bbox 3297 3347 3520 3423; x_wconf 81' lang='grc' dir='ltr'>Χριστὸν</span> <span class='ocrx_word' id='word_1_478' title='bbox 3555 3344 3790 3422; x_wconf 82' lang='grc' dir='ltr'>ἀρνησα-</span> 
     </span>
    </p>
   </div>
   <div class='ocr_carea' id='block_1_76' title="bbox 2144 3436 3796 3514">
    <p class='ocr_par' dir='ltr' id='par_1_76' title="bbox 2144 3436 3796 3514">
     <span class='ocr_line' id='line_1_76' title="bbox 2144 3436 3796 3514; baseline -0.003 -19"><span class='ocrx_word' id='word_1_479' title='bbox 2144 3443 2364 3514; x_wconf 80' lang='grc' dir='ltr'>μένους.</span> <span class='ocrx_word' id='word_1_480' title='bbox 2399 3440 2700 3512; x_wconf 76' lang='grc' dir='ltr'>Διξᾶμενος</span> <span class='ocrx_word' id='word_1_481' title='bbox 2752 3436 2811 3492; x_wconf 71' lang='grc' dir='ltr'>δὲ</span> <span class='ocrx_word' id='word_1_482' title='bbox 2860 3440 2927 3492; x_wconf 77' lang='grc' dir='ltr'>τὰ</span> <span class='ocrx_word' id='word_1_483' title='bbox 2981 3437 3300 3512; x_wconf 83' lang='grc' dir='ltr'>γράμματα,</span> <span class='ocrx_word' id='word_1_484' title='bbox 3359 3437 3446 3492; x_wconf 85' lang='grc' dir='ltr'>καὶ</span> <span class='ocrx_word' id='word_1_485' title='bbox 3477 3437 3573 3503; x_wconf 76' lang='grc' dir='ltr'>τὴν</span> <span class='ocrx_word' id='word_1_486' title='bbox 3605 3438 3796 3512; x_wconf 68' lang='grc' dir='ltr'>ψυχὴν</span> 
     </span>
    </p>
   </div>
   <div class='ocr_carea' id='block_1_77' title="bbox 2141 3521 3798 3605">
    <p class='ocr_par' dir='ltr' id='par_1_77' title="bbox 2141 3521 3798 3605">
     <span class='ocr_line' id='line_1_77' title="bbox 2141 3521 3798 3605; baseline -0.003 -20"><span class='ocrx_word' id='word_1_487' title='bbox 2141 3529 2484 3605; x_wconf 84' lang='grc' dir='ltr'>κατανυγεὶς,</span> <span class='ocrx_word' id='word_1_488' title='bbox 2575 3525 2879 3596; x_wconf 80' lang='grc' dir='ltr'>ἐπανῆλθεν</span> <span class='ocrx_word' id='word_1_489' title='bbox 2934 3527 3072 3600; x_wconf 88' lang='grc' dir='ltr'>πρὸς</span> <span class='ocrx_word' id='word_1_490' title='bbox 3151 3528 3249 3594; x_wconf 76' lang='grc' dir='ltr'>τὴν</span> <span class='ocrx_word' id='word_1_491' title='bbox 3311 3521 3603 3584; x_wconf 75' lang='grc' dir='ltr'>εὐσέϐειαν,</span> <span class='ocrx_word' id='word_1_492' title='bbox 3691 3527 3798 3582; x_wconf 85' lang='grc' dir='ltr'>Καὶ</span> 
     </span>
    </p>
   </div>
   <div class='ocr_carea' id='block_1_78' title="bbox 2141 3615 3613 3694">
    <p class='ocr_par' dir='ltr' id='par_1_78' title="bbox 2141 3615 3613 3694">
     <span class='ocr_line' id='line_1_78' title="bbox 2141 3615 3613 3694; baseline -0.002 -19"><span class='ocrx_word' id='word_1_493' title='bbox 2141 3619 2375 3682; x_wconf 79' lang='grc' dir='ltr'>ἀκούσας</span> <span class='ocrx_word' id='word_1_494' title='bbox 2408 3623 2571 3675; x_wconf 86' lang='grc' dir='ltr'>τοῦτο</span> <span class='ocrx_word' id='word_1_495' title='bbox 2604 3619 2632 3673; x_wconf 86' lang='grc' dir='ltr'>ὁ</span> <span class='ocrx_word' id='word_1_496' title='bbox 2669 3615 2949 3694; x_wconf 80' lang='grc' dir='ltr'>βασιλεὺς,</span> <span class='ocrx_word' id='word_1_497' title='bbox 2983 3615 3376 3694; x_wconf 78' lang='grc' dir='ltr'>ἀπεκεφάλισεν</span> <span class='ocrx_word' id='word_1_498' title='bbox 3431 3616 3613 3673; x_wconf 85' lang='grc' dir='ltr'>αὐτόν.</span> 
     </span>
    </p>
   </div>
   <div class='ocr_carea' id='block_1_79' title="bbox 2694 3741 3238 3817">
    <p class='ocr_par' dir='ltr' id='par_1_79' title="bbox 2694 3741 3238 3817">
     <span class='ocr_line' id='line_1_79' title="bbox 2694 3741 3238 3817; baseline -0.004 -18"><span class='ocrx_word' id='word_1_499' title='bbox 2694 3741 2878 3799; x_wconf 86' lang='lat' dir='ltr'>MHNI</span> <span class='ocrx_word' id='word_1_500' title='bbox 2918 3743 3004 3817; x_wconf 69' lang='lat' dir='ltr'><strong>T9</strong></span> <span class='ocrx_word' id='word_1_501' title='bbox 3044 3743 3238 3816; x_wconf 80' lang='grc' dir='ltr'>ΔΥΤῼ.</span> 
     </span>
    </p>
   </div>
   <div class='ocr_carea' id='block_1_80' title="bbox 2913 3831 3005 3900">
    <p class='ocr_par' dir='ltr' id='par_1_80' title="bbox 2913 3831 3005 3900">
     <span class='ocr_line' id='line_1_80' title="bbox 2913 3831 3005 3900; baseline 0 0"><span class='ocrx_word' id='word_1_502' title='bbox 2913 3831 3005 3900; x_wconf 69' lang='lat' dir='ltr'>KC’</span> 
     </span>
    </p>
   </div>
   <div class='ocr_carea' id='block_1_81' title="bbox 2213 3919 3722 3998">
    <p class='ocr_par' dir='ltr' id='par_1_81' title="bbox 2213 3919 3722 3998">
     <span class='ocr_line' id='line_1_81' title="bbox 2213 3919 3722 3998; baseline -0.003 -20"><span class='ocrx_word' id='word_1_503' title='bbox 2213 3923 2426 3996; x_wconf 80' lang='grc' dir='ltr'>Μνήμη</span> <span class='ocrx_word' id='word_1_504' title='bbox 2457 3925 2554 3977; x_wconf 87' lang='grc' dir='ltr'>τοῦ</span> <span class='ocrx_word' id='word_1_505' title='bbox 2593 3920 2780 3998; x_wconf 39' lang='grc' dir='ltr'>ἁγίου-</span> <span class='ocrx_word' id='word_1_506' title='bbox 2801 3919 3120 3998; x_wconf 60' lang='grc' dir='ltr'>ἀποστόλου</span> <span class='ocrx_word' id='word_1_507' title='bbox 3181 3921 3436 3996; x_wconf 84' lang='grc' dir='ltr'>Κάρπου,</span> <span class='ocrx_word' id='word_1_508' title='bbox 3471 3919 3585 3982; x_wconf 75' lang='grc' dir='ltr'>ἑνὸς</span> <span class='ocrx_word' id='word_1_509' title='bbox 3614 3923 3722 3974; x_wconf 82' lang='grc' dir='ltr'>τῶν</span> 
     </span>
    </p>
   </div>
   <div class='ocr_carea' id='block_1_82' title="bbox 2767 3987 3168 4067">
    <p class='ocr_par' dir='ltr' id='par_1_82' title="bbox 2767 3987 3168 4067">
     <span class='ocr_line' id='line_1_82' title="bbox 2767 3987 3168 4067; baseline -0.002 -19"><span class='ocrx_word' id='word_1_510' title='bbox 2767 3987 3168 4067; x_wconf 61' lang='grc' dir='ltr'>ἑϐδομήκοντα.</span> 
     </span>
    </p>
   </div>
   <div class='ocr_carea' id='block_1_83' title="bbox 2215 4151 3805 4229">
    <p class='ocr_par' dir='ltr' id='par_1_83' title="bbox 2215 4151 3805 4229">
     <span class='ocr_line' id='line_1_83' title="bbox 2215 4151 3805 4229; baseline -0.001 -16"><span class='ocrx_word' id='word_1_511' title='bbox 2215 4159 2390 4220; x_wconf 84' lang='grc' dir='ltr'>Οὗτος</span> <span class='ocrx_word' id='word_1_512' title='bbox 2421 4161 2536 4218; x_wconf 88' lang='grc' dir='ltr'>τοῖς</span> <span class='ocrx_word' id='word_1_513' title='bbox 2579 4151 2962 4229; x_wconf 74' lang='grc' dir='ltr'>ἑϐδομήκοντα</span> <span class='ocrx_word' id='word_1_514' title='bbox 3014 4168 3284 4229; x_wconf 83' lang='grc' dir='ltr'>μαθηταις</span> <span class='ocrx_word' id='word_1_515' title='bbox 3339 4155 3430 4211; x_wconf 91' lang='grc' dir='ltr'>καὶ</span> <span class='ocrx_word' id='word_1_516' title='bbox 3462 4157 3805 4221; x_wconf 72' lang='grc' dir='ltr'>ἀποστόλοις</span> 
     </span>
    </p>
   </div>
   <div class='ocr_carea' id='block_1_84' title="bbox 2147 4246 3811 4323">
    <p class='ocr_par' dir='ltr' id='par_1_84' title="bbox 2147 4246 3811 4323">
     <span class='ocr_line' id='line_1_84' title="bbox 2147 4246 3811 4323; baseline -0.001 -20"><span class='ocrx_word' id='word_1_517' title='bbox 2147 4248 2432 4306; x_wconf 83' lang='grc' dir='ltr'>ὑπἀὐτοῦ</span> <span class='ocrx_word' id='word_1_518' title='bbox 2489 4251 2587 4302; x_wconf 89' lang='grc' dir='ltr'>τοῦ</span> <span class='ocrx_word' id='word_1_519' title='bbox 2648 4246 2854 4321; x_wconf 85' lang='grc' dir='ltr'>Κυρίου</span> <span class='ocrx_word' id='word_1_520' title='bbox 2914 4247 3362 4323; x_wconf 82' lang='grc' dir='ltr'>συναριθμηθεὶς,</span> <span class='ocrx_word' id='word_1_521' title='bbox 3419 4248 3508 4301; x_wconf 90' lang='grc' dir='ltr'>καὶ</span> <span class='ocrx_word' id='word_1_522' title='bbox 3567 4251 3644 4317; x_wconf 79' lang='grc' dir='ltr'>τῷ</span> <span class='ocrx_word' id='word_1_523' title='bbox 3702 4268 3811 4319; x_wconf 84' lang='grc' dir='ltr'>με-</span> 
     </span>
    </p>
   </div>
   <div class='ocr_carea' id='block_1_85' title="bbox 2142 4333 3804 4415">
    <p class='ocr_par' dir='ltr' id='par_1_85' title="bbox 2142 4333 3804 4415">
     <span class='ocr_line' id='line_1_85' title="bbox 2142 4333 3804 4415; baseline -0.001 -21"><span class='ocrx_word' id='word_1_524' title='bbox 2142 4339 2300 4415; x_wconf 80' lang='grc' dir='ltr'>γάλῳ</span> <span class='ocrx_word' id='word_1_525' title='bbox 2332 4337 2532 4410; x_wconf 68' lang='grc' dir='ltr'>Παΰλῳ</span> <span class='ocrx_word' id='word_1_526' title='bbox 2579 4333 2848 4392; x_wconf 82' lang='grc' dir='ltr'>διακονῶν</span> <span class='ocrx_word' id='word_1_527' title='bbox 2908 4336 2959 4391; x_wconf 80' lang='grc' dir='ltr'>ἐν</span> <span class='ocrx_word' id='word_1_528' title='bbox 3014 4341 3094 4408; x_wconf 78' lang='grc' dir='ltr'>τῷ</span> <span class='ocrx_word' id='word_1_529' title='bbox 3157 4335 3493 4412; x_wconf 74' lang='grc' dir='ltr'>κηρύγματι,</span> <span class='ocrx_word' id='word_1_530' title='bbox 3553 4337 3642 4391; x_wconf 90' lang='grc' dir='ltr'>καὶ</span> <span class='ocrx_word' id='word_1_531' title='bbox 3699 4338 3804 4401; x_wconf 74' lang='grc' dir='ltr'>τὰς</span> 
     </span>
    </p>
   </div>
   <div class='ocr_carea' id='block_1_86' title="bbox 2144 4423 3814 4499">
    <p class='ocr_par' dir='ltr' id='par_1_86' title="bbox 2144 4423 3814 4499">
     <span class='ocr_line' id='line_1_86' title="bbox 2144 4423 3814 4499; baseline -0.001 -16"><span class='ocrx_word' id='word_1_532' title='bbox 2144 4428 2285 4491; x_wconf 85' lang='grc' dir='ltr'>Θείας</span> <span class='ocrx_word' id='word_1_533' title='bbox 2319 4426 2482 4482; x_wconf 83' lang='grc' dir='ltr'>αὐτοῦ</span> <span class='ocrx_word' id='word_1_534' title='bbox 2513 4423 2808 4486; x_wconf 80' lang='grc' dir='ltr'>ἐπιστολὰς</span> <span class='ocrx_word' id='word_1_535' title='bbox 2839 4431 2956 4487; x_wconf 86' lang='grc' dir='ltr'>τοῖς</span> <span class='ocrx_word' id='word_1_536' title='bbox 3013 4426 3151 4499; x_wconf 86' lang='grc' dir='ltr'>πρὸς</span> <span class='ocrx_word' id='word_1_537' title='bbox 3211 4425 3303 4487; x_wconf 72' lang='grc' dir='ltr'>οῦς</span> <span class='ocrx_word' id='word_1_538' title='bbox 3361 4426 3634 4498; x_wconf 83' lang='grc' dir='ltr'>ἐπέμπετο</span> <span class='ocrx_word' id='word_1_539' title='bbox 3687 4424 3814 4482; x_wconf 83' lang='grc' dir='ltr'>δια-</span> 
     </span>
    </p>
   </div>
   <div class='ocr_carea' id='block_1_87' title="bbox 2141 4513 3807 4591">
    <p class='ocr_par' dir='ltr' id='par_1_87' title="bbox 2141 4513 3807 4591">
     <span class='ocr_line' id='line_1_87' title="bbox 2141 4513 3807 4591; baseline -0.007 -17"><span class='ocrx_word' id='word_1_540' title='bbox 2141 4519 2411 4591; x_wconf 83' lang='grc' dir='ltr'>κομίζων,</span> <span class='ocrx_word' id='word_1_541' title='bbox 2451 4515 2698 4578; x_wconf 74' lang='grc' dir='ltr'>πολλοὺς</span> <span class='ocrx_word' id='word_1_542' title='bbox 2727 4519 2836 4570; x_wconf 81' lang='grc' dir='ltr'>τῶν</span> <span class='ocrx_word' id='word_1_543' title='bbox 2867 4513 3154 4587; x_wconf 82' lang='grc' dir='ltr'>Ἑλλήνων</span> <span class='ocrx_word' id='word_1_544' title='bbox 3189 4516 3325 4591; x_wconf 85' lang='grc' dir='ltr'>πρὸς</span> <span class='ocrx_word' id='word_1_545' title='bbox 3374 4517 3472 4583; x_wconf 79' lang='grc' dir='ltr'>τὴν</span> <span class='ocrx_word' id='word_1_546' title='bbox 3532 4519 3628 4570; x_wconf 91' lang='grc' dir='ltr'>τοῦ</span> <span class='ocrx_word' id='word_1_547' title='bbox 3661 4519 3807 4591; x_wconf 85' lang='grc' dir='ltr'>Χρι-</span> 
     </span>
    </p>
   </div>
   <div class='ocr_carea' id='block_1_88' title="bbox 387 4587 2035 4683">
    <p class='ocr_par' dir='ltr' id='par_1_88' title="bbox 387 4587 2031 4680">
     <span class='ocr_line' id='line_1_88' title="bbox 387 4587 2031 4680; baseline -0.001 -15"><span class='ocrx_word' id='word_1_548' title='bbox 387 4609 512 4666; x_wconf 92' lang='lat' dir='ltr'>cliti</span> <span class='ocrx_word' id='word_1_549' title='bbox 535 4613 797 4665; x_wconf 86' lang='lat' dir='ltr'>mentem</span> <span class='ocrx_word' id='word_1_550' title='bbox 820 4607 1178 4662; x_wconf 76' lang='lat' dir='ltr'>illustratum</span> <span class='ocrx_word' id='word_1_551' title='bbox 1201 4587 1746 4680; x_wconf 82' lang='lat' dir='ltr'>habens,tanquam</span> <span class='ocrx_word' id='word_1_552' title='bbox 1770 4608 2031 4665; x_wconf 87' lang='lat' dir='ltr'>inacces-</span> 
     </span>
    </p>
   </div>
   <div class='ocr_carea' id='block_1_89' title="bbox 2148 4587 3808 4683">
    <p class='ocr_par' dir='ltr' id='par_1_89' title="bbox 2148 4587 3808 4683">
     <span class='ocr_line' id='line_1_89' title="bbox 2148 4587 3808 4683; baseline -0.002 -18"><span class='ocrx_word' id='word_1_553' title='bbox 2148 4587 2496 4665; x_wconf 15' lang='lat' dir='ltr'>stoiirnicnw</span> <span class='ocrx_word' id='word_1_554' title='bbox 2557 4605 3012 4683; x_wconf 79' lang='grc' dir='ltr'>ἐχειραγώγησεν.</span> <span class='ocrx_word' id='word_1_555' title='bbox 3071 4607 3172 4662; x_wconf 89' lang='grc' dir='ltr'>Καὶ</span> <span class='ocrx_word' id='word_1_556' title='bbox 3366 4605 3640 4680; x_wconf 62' lang='grc' dir='ltr'>ἐλλάμψει</span> <span class='ocrx_word' id='word_1_557' title='bbox 3698 4587 3808 4662; x_wconf 80' lang='grc' dir='ltr'>τοῦ</span> 
     </span>
    </p>
   </div>
   <div class='ocr_carea' id='block_1_90' title="bbox 389 4696 2030 4773">
    <p class='ocr_par' dir='ltr' id='par_1_90' title="bbox 389 4696 2030 4773">
     <span class='ocr_line' id='line_1_90' title="bbox 389 4696 2030 4773; baseline 0.001 -18"><span class='ocrx_word' id='word_1_558' title='bbox 389 4715 519 4755; x_wconf 90' lang='lat' dir='ltr'>sum</span> <span class='ocrx_word' id='word_1_559' title='bbox 552 4697 716 4753; x_wconf 88' lang='lat' dir='ltr'>sidus</span> <span class='ocrx_word' id='word_1_560' title='bbox 749 4696 820 4752; x_wconf 90' lang='lat' dir='ltr'>ab</span> <span class='ocrx_word' id='word_1_561' title='bbox 854 4697 1092 4752; x_wconf 91' lang='lat' dir='ltr'>Oriente</span> <span class='ocrx_word' id='word_1_562' title='bbox 1126 4697 1817 4773; x_wconf 83' lang='lat' dir='ltr'>exsurgens,ui:iversum</span> <span class='ocrx_word' id='word_1_563' title='bbox 1842 4705 2030 4756; x_wconf 91' lang='lat' dir='ltr'>terra-</span> 
     </span>
    </p>
   </div>
   <div class='ocr_carea' id='block_1_91' title="bbox 383 4785 2031 4857">
    <p class='ocr_par' dir='ltr' id='par_1_91' title="bbox 383 4785 2031 4857">
     <span class='ocr_line' id='line_1_91' title="bbox 383 4785 2031 4857; baseline 0.001 -13"><span class='ocrx_word' id='word_1_564' title='bbox 383 4805 518 4844; x_wconf 91' lang='lat' dir='ltr'>rum</span> <span class='ocrx_word' id='word_1_565' title='bbox 549 4786 754 4842; x_wconf 90' lang='lat' dir='ltr'>orbem</span> <span class='ocrx_word' id='word_1_566' title='bbox 795 4785 1008 4841; x_wconf 90' lang='lat' dir='ltr'>divinis</span> <span class='ocrx_word' id='word_1_567' title='bbox 1039 4785 1325 4842; x_wconf 87' lang='lat' dir='ltr'>doctrinis</span> <span class='ocrx_word' id='word_1_568' title='bbox 1356 4787 1878 4857; x_wconf 85' lang='lat' dir='ltr'>illuminavit,cum</span> <span class='ocrx_word' id='word_1_569' title='bbox 1909 4807 2031 4846; x_wconf 90' lang='lat' dir='ltr'>ma-</span> 
     </span>
    </p>
   </div>
   <div class='ocr_carea' id='block_1_92' title="bbox 381 4875 2030 4952">
    <p class='ocr_par' dir='ltr' id='par_1_92' title="bbox 381 4875 2030 4952">
     <span class='ocr_line' id='line_1_92' title="bbox 381 4875 2030 4952; baseline 0.002 -19"><span class='ocrx_word' id='word_1_570' title='bbox 381 4895 496 4952; x_wconf 90' lang='lat' dir='ltr'>gna</span> <span class='ocrx_word' id='word_1_571' title='bbox 527 4875 790 4949; x_wconf 88' lang='lat' dir='ltr'>quotidie</span> <span class='ocrx_word' id='word_1_572' title='bbox 847 4877 1138 4933; x_wconf 87' lang='lat' dir='ltr'>miracula</span> <span class='ocrx_word' id='word_1_573' title='bbox 1166 4883 1449 4950; x_wconf 89' lang='lat' dir='ltr'>patraret,</span> <span class='ocrx_word' id='word_1_574' title='bbox 1504 4883 1562 4934; x_wconf 91' lang='lat' dir='ltr'>et</span> <span class='ocrx_word' id='word_1_575' title='bbox 1618 4880 2030 4952; x_wconf 90' lang='lat' dir='ltr'>iniquissimos</span> 
     </span>
    </p>
   </div>
   <div class='ocr_carea' id='block_1_93' title="bbox 383 4967 2030 5042">
    <p class='ocr_par' dir='ltr' id='par_1_93' title="bbox 383 4967 2030 5042">
     <span class='ocr_line' id='line_1_93' title="bbox 383 4967 2030 5042; baseline 0.002 -18"><span class='ocrx_word' id='word_1_576' title='bbox 383 4968 626 5040; x_wconf 89' lang='lat' dir='ltr'>spiritus</span> <span class='ocrx_word' id='word_1_577' title='bbox 657 4967 919 5039; x_wconf 82' lang='lat' dir='ltr'>ejiceret,</span> <span class='ocrx_word' id='word_1_578' title='bbox 953 4972 1129 5039; x_wconf 86' lang='lat' dir='ltr'>atque</span> <span class='ocrx_word' id='word_1_579' title='bbox 1162 4969 1339 5024; x_wconf 90' lang='lat' dir='ltr'>urbes</span> <span class='ocrx_word' id='word_1_580' title='bbox 1369 4970 1740 5042; x_wconf 91' lang='lat' dir='ltr'>populosque</span> <span class='ocrx_word' id='word_1_581' title='bbox 1773 4970 1847 5025; x_wconf 90' lang='lat' dir='ltr'>ad</span> <span class='ocrx_word' id='word_1_582' title='bbox 1867 4973 2030 5026; x_wconf 77' lang='lat' dir='ltr'>(‘hri-</span> 
     </span>
    </p>
   </div>
   <div class='ocr_carea' id='block_1_94' title="bbox 385 5056 2030 5130">
    <p class='ocr_par' dir='ltr' id='par_1_94' title="bbox 385 5056 2030 5130">
     <span class='ocr_line' id='line_1_94' title="bbox 385 5056 2030 5130; baseline 0.002 -17"><span class='ocrx_word' id='word_1_583' title='bbox 385 5059 457 5114; x_wconf 90' lang='lat' dir='ltr'>sti</span> <span class='ocrx_word' id='word_1_584' title='bbox 492 5057 669 5112; x_wconf 80' lang='lat' dir='ltr'>ﬁdem</span> <span class='ocrx_word' id='word_1_585' title='bbox 703 5056 1275 5113; x_wconf 85' lang='lat' dir='ltr'>traduceret.Multas</span> <span class='ocrx_word' id='word_1_586' title='bbox 1308 5059 1557 5130; x_wconf 90' lang='lat' dir='ltr'>proinde</span> <span class='ocrx_word' id='word_1_587' title='bbox 1589 5059 1661 5115; x_wconf 89' lang='lat' dir='ltr'>ab</span> <span class='ocrx_word' id='word_1_588' title='bbox 1686 5059 2030 5116; x_wconf 82' lang='lat' dir='ltr'>infidelibus</span> 
     </span>
    </p>
   </div>
   <div class='ocr_carea' id='block_1_95' title="bbox 385 5147 2030 5206">
    <p class='ocr_par' dir='ltr' id='par_1_95' title="bbox 385 5147 2030 5206">
     <span class='ocr_line' id='line_1_95' title="bbox 385 5147 2030 5206; baseline 0.002 -2"><span class='ocrx_word' id='word_1_589' title='bbox 385 5163 682 5204; x_wconf 60' lang='lat' dir='ltr'>aerumnas</span> <span class='ocrx_word' id='word_1_590' title='bbox 714 5147 1238 5202; x_wconf 85' lang='lat' dir='ltr'>sustinuit.Verum</span> <span class='ocrx_word' id='word_1_591' title='bbox 1259 5149 1412 5202; x_wconf 84' lang='lat' dir='ltr'>virili</span> <span class='ocrx_word' id='word_1_592' title='bbox 1445 5149 2030 5206; x_wconf 89' lang='lat' dir='ltr'>animolaboriosum</span> 
     </span>
    </p>
   </div>
   <div class='ocr_carea' id='block_1_96' title="bbox 379 5237 2032 5311">
    <p class='ocr_par' dir='ltr' id='par_1_96' title="bbox 379 5237 2032 5311">
     <span class='ocr_line' id='line_1_96' title="bbox 379 5237 2032 5311; baseline 0.002 -18"><span class='ocrx_word' id='word_1_593' title='bbox 379 5239 584 5311; x_wconf 90' lang='lat' dir='ltr'>agonis</span> <span class='ocrx_word' id='word_1_594' title='bbox 611 5243 914 5293; x_wconf 88' lang='lat' dir='ltr'>certamen</span> <span class='ocrx_word' id='word_1_595' title='bbox 947 5237 1877 5309; x_wconf 88' lang='lat' dir='ltr'>suscipiens.principumiratum</span> <span class='ocrx_word' id='word_1_596' title='bbox 1901 5241 2032 5296; x_wconf 90' lang='lat' dir='ltr'>ani-</span> 
     </span>
    </p>
   </div>
   <div class='ocr_carea' id='block_1_97' title="bbox 375 5327 2031 5399">
    <p class='ocr_par' dir='ltr' id='par_1_97' title="bbox 375 5327 2031 5399">
     <span class='ocr_line' id='line_1_97' title="bbox 375 5327 2031 5399; baseline 0 -14"><span class='ocrx_word' id='word_1_597' title='bbox 375 5345 537 5385; x_wconf 90' lang='lat' dir='ltr'>mum</span> <span class='ocrx_word' id='word_1_598' title='bbox 595 5345 715 5382; x_wconf 90' lang='lat' dir='ltr'>non</span> <span class='ocrx_word' id='word_1_599' title='bbox 776 5327 1131 5382; x_wconf 86' lang='lat' dir='ltr'>formidavit.</span> <span class='ocrx_word' id='word_1_600' title='bbox 1165 5329 1534 5399; x_wconf 89' lang='lat' dir='ltr'>Quapropter</span> <span class='ocrx_word' id='word_1_601' title='bbox 1583 5345 1716 5383; x_wconf 92' lang='lat' dir='ltr'>cum</span> <span class='ocrx_word' id='word_1_602' title='bbox 1750 5330 1935 5384; x_wconf 88' lang='lat' dir='ltr'>Deum</span> <span class='ocrx_word' id='word_1_603' title='bbox 1969 5331 2031 5386; x_wconf 92' lang='lat' dir='ltr'>in</span> 
     </span>
    </p>
   </div>
   <div class='ocr_carea' id='block_1_98' title="bbox 378 5417 2027 5492">
    <p class='ocr_par' dir='ltr' id='par_1_98' title="bbox 378 5417 2027 5492">
     <span class='ocr_line' id='line_1_98' title="bbox 378 5417 2027 5492; baseline 0.002 -19"><span class='ocrx_word' id='word_1_604' title='bbox 378 5419 500 5473; x_wconf 90' lang='lat' dir='ltr'>suis</span> <span class='ocrx_word' id='word_1_605' title='bbox 532 5417 818 5473; x_wconf 89' lang='lat' dir='ltr'>membris</span> <span class='ocrx_word' id='word_1_606' title='bbox 850 5417 1486 5487; x_wconf 79' lang='lat' dir='ltr'>gloriﬁcasset,abipso</span> <span class='ocrx_word' id='word_1_607' title='bbox 1517 5424 1605 5473; x_wconf 89' lang='lat' dir='ltr'>est</span> <span class='ocrx_word' id='word_1_608' title='bbox 1629 5419 1886 5492; x_wconf 89' lang='lat' dir='ltr'>gloriose</span> <span class='ocrx_word' id='word_1_609' title='bbox 1905 5437 2027 5476; x_wconf 86' lang='lat' dir='ltr'>ma-</span> 
     </span>
    </p>
   </div>
   <div class='ocr_carea' id='block_1_99' title="bbox 378 5505 2030 5580">
    <p class='ocr_par' dir='ltr' id='par_1_99' title="bbox 378 5505 2030 5580">
     <span class='ocr_line' id='line_1_99' title="bbox 378 5505 2030 5580; baseline 0.002 -18"><span class='ocrx_word' id='word_1_610' title='bbox 378 5508 694 5580; x_wconf 82' lang='lat' dir='ltr'>gnificatus</span> <span class='ocrx_word' id='word_1_611' title='bbox 727 5524 739 5561; x_wconf 91' lang='lat'><strong>:</strong></span> <span class='ocrx_word' id='word_1_612' title='bbox 775 5511 952 5576; x_wconf 91' lang='lat' dir='ltr'>atque</span> <span class='ocrx_word' id='word_1_613' title='bbox 982 5506 1042 5560; x_wconf 91' lang='lat' dir='ltr'>in</span> <span class='ocrx_word' id='word_1_614' title='bbox 1075 5523 1218 5578; x_wconf 89' lang='lat' dir='ltr'>pace</span> <span class='ocrx_word' id='word_1_615' title='bbox 1251 5505 1565 5575; x_wconf 90' lang='lat' dir='ltr'>decedens,</span> <span class='ocrx_word' id='word_1_616' title='bbox 1587 5509 1648 5564; x_wconf 93' lang='lat' dir='ltr'>in</span> <span class='ocrx_word' id='word_1_617' title='bbox 1683 5509 1783 5564; x_wconf 92' lang='lat' dir='ltr'>Dei</span> <span class='ocrx_word' id='word_1_618' title='bbox 1817 5527 2030 5566; x_wconf 88' lang='lat' dir='ltr'>manus</span> 
     </span>
    </p>
   </div>
   <div class='ocr_carea' id='block_1_100' title="bbox 380 5596 957 5669">
    <p class='ocr_par' dir='ltr' id='par_1_100' title="bbox 380 5596 957 5669">
     <span class='ocr_line' id='line_1_100' title="bbox 380 5596 957 5669; baseline 0 -17"><span class='ocrx_word' id='word_1_619' title='bbox 380 5597 628 5653; x_wconf 84' lang='lat' dir='ltr'>tradidit</span> <span class='ocrx_word' id='word_1_620' title='bbox 659 5596 957 5669; x_wconf 84' lang='lat' dir='ltr'>spiritum.</span> 
     </span>
    </p>
   </div>
   <div class='ocr_carea' id='block_1_101' title="bbox 2142 4693 3810 4774">
    <p class='ocr_par' dir='ltr' id='par_1_101' title="bbox 2142 4693 3810 4774">
     <span class='ocr_line' id='line_1_101' title="bbox 2142 4693 3810 4774; baseline -0.003 -18"><span class='ocrx_word' id='word_1_621' title='bbox 2142 4699 2506 4774; x_wconf 83' lang='grc' dir='ltr'>Παρακλήτου</span> <span class='ocrx_word' id='word_1_622' title='bbox 2533 4695 2918 4772; x_wconf 81' lang='grc' dir='ltr'>καταυγασθεὶς</span> <span class='ocrx_word' id='word_1_623' title='bbox 2949 4697 3048 4765; x_wconf 76' lang='grc' dir='ltr'>τήν</span> <span class='ocrx_word' id='word_1_624' title='bbox 3110 4693 3371 4763; x_wconf 60' lang='grc' dir='ltr'>διάνοιαν,</span> <span class='ocrx_word' id='word_1_625' title='bbox 3434 4696 3615 4771; x_wconf 80' lang='grc' dir='ltr'>ὥσπερ</span> <span class='ocrx_word' id='word_1_626' title='bbox 3673 4694 3810 4752; x_wconf 77' lang='grc' dir='ltr'>ἄδυ-</span> 
     </span>
    </p>
   </div>
   <div class='ocr_carea' id='block_1_102' title="bbox 2139 4786 3811 4862">
    <p class='ocr_par' dir='ltr' id='par_1_102' title="bbox 2139 4786 3811 4862">
     <span class='ocr_line' id='line_1_102' title="bbox 2139 4786 3811 4862; baseline -0.003 -16"><span class='ocrx_word' id='word_1_627' title='bbox 2139 4811 2230 4853; x_wconf 89' lang='grc' dir='ltr'>τος</span> <span class='ocrx_word' id='word_1_628' title='bbox 2264 4790 2435 4862; x_wconf 73' lang='grc' dir='ltr'>ἀστὴρ</span> <span class='ocrx_word' id='word_1_629' title='bbox 2469 4789 2517 4861; x_wconf 76' lang='grc' dir='ltr'>ἐξ</span> <span class='ocrx_word' id='word_1_630' title='bbox 2549 4786 2859 4844; x_wconf 83' lang='grc' dir='ltr'>Ἀνατολῶν</span> <span class='ocrx_word' id='word_1_631' title='bbox 2897 4788 3167 4862; x_wconf 86' lang='grc' dir='ltr'>ὁρμήσας,</span> <span class='ocrx_word' id='word_1_632' title='bbox 3221 4793 3394 4841; x_wconf 78' lang='grc' dir='ltr'>πᾶσαν</span> <span class='ocrx_word' id='word_1_633' title='bbox 3447 4788 3548 4855; x_wconf 76' lang='grc' dir='ltr'>τήν</span> <span class='ocrx_word' id='word_1_634' title='bbox 3610 4786 3811 4842; x_wconf 76' lang='grc' dir='ltr'>οἴκου-</span> 
     </span>
    </p>
   </div>
   <div class='ocr_carea' id='block_1_103' title="bbox 2144 4872 3810 4954">
    <p class='ocr_par' dir='ltr' id='par_1_103' title="bbox 2144 4872 3810 4954">
     <span class='ocr_line' id='line_1_103' title="bbox 2144 4872 3810 4954; baseline -0.002 -20"><span class='ocrx_word' id='word_1_635' title='bbox 2144 4883 2312 4953; x_wconf 85' lang='grc' dir='ltr'>μένην</span> <span class='ocrx_word' id='word_1_636' title='bbox 2367 4882 2487 4940; x_wconf 85' lang='grc' dir='ltr'>ταῖς</span> <span class='ocrx_word' id='word_1_637' title='bbox 2547 4876 2714 4940; x_wconf 90' lang='grc' dir='ltr'>θείαις</span> <span class='ocrx_word' id='word_1_638' title='bbox 2769 4875 2936 4930; x_wconf 82' lang='grc' dir='ltr'>αὐτοῦ</span> <span class='ocrx_word' id='word_1_639' title='bbox 3002 4872 3381 4938; x_wconf 84' lang='grc' dir='ltr'>διδασκαλίαις</span> <span class='ocrx_word' id='word_1_640' title='bbox 3437 4879 3810 4954; x_wconf 80' lang='grc' dir='ltr'>κατεφώτισε,</span> 
     </span>
    </p>
   </div>
   <div class='ocr_carea' id='block_1_104' title="bbox 2142 4963 3806 5041">
    <p class='ocr_par' dir='ltr' id='par_1_104' title="bbox 2142 4963 3806 5041">
     <span class='ocr_line' id='line_1_104' title="bbox 2142 4963 3806 5041; baseline -0.001 -18"><span class='ocrx_word' id='word_1_641' title='bbox 2142 4969 2416 5041; x_wconf 71' lang='grc' dir='ltr'>θαυμάσια</span> <span class='ocrx_word' id='word_1_642' title='bbox 2452 4965 2662 5040; x_wconf 69' lang='grc' dir='ltr'>μεγαλα</span> <span class='ocrx_word' id='word_1_643' title='bbox 2717 4966 2830 5020; x_wconf 80' lang='grc' dir='ltr'>καθ’</span> <span class='ocrx_word' id='word_1_644' title='bbox 2888 4963 3115 5034; x_wconf 73' lang='grc' dir='ltr'>ἑκάστην</span> <span class='ocrx_word' id='word_1_645' title='bbox 3161 4963 3354 5031; x_wconf 79' lang='grc' dir='ltr'>τελῶν,</span> <span class='ocrx_word' id='word_1_646' title='bbox 3409 4967 3498 5019; x_wconf 88' lang='grc' dir='ltr'>καὶ</span> <span class='ocrx_word' id='word_1_647' title='bbox 3552 4964 3806 5021; x_wconf 77' lang='grc' dir='ltr'>ἀποδιώ-</span> 
     </span>
    </p>
   </div>
   <div class='ocr_carea' id='block_1_105' title="bbox 2139 5052 3812 5128">
    <p class='ocr_par' dir='ltr' id='par_1_105' title="bbox 2139 5052 3812 5128">
     <span class='ocr_line' id='line_1_105' title="bbox 2139 5052 3812 5128; baseline -0.002 -15"><span class='ocrx_word' id='word_1_648' title='bbox 2139 5080 2249 5114; x_wconf 90' lang='grc' dir='ltr'>κων</span> <span class='ocrx_word' id='word_1_649' title='bbox 2311 5056 2592 5126; x_wconf 65' lang='grc' dir='ltr'>πνεύματα</span> <span class='ocrx_word' id='word_1_650' title='bbox 2680 5055 3047 5128; x_wconf 61' lang='grc' dir='ltr'>πονηρότατον</span> <span class='ocrx_word' id='word_1_651' title='bbox 3104 5052 3297 5117; x_wconf 81' lang='grc' dir='ltr'>πόλεις</span> <span class='ocrx_word' id='word_1_652' title='bbox 3359 5053 3414 5109; x_wconf 77' lang='grc' dir='ltr'>δὲ</span> <span class='ocrx_word' id='word_1_653' title='bbox 3472 5056 3560 5109; x_wconf 80' lang='grc' dir='ltr'>καὶ</span> <span class='ocrx_word' id='word_1_654' title='bbox 3633 5056 3812 5118; x_wconf 77' lang='grc' dir='ltr'>λαοὺς</span> 
     </span>
    </p>
   </div>
   <div class='ocr_carea' id='block_1_106' title="bbox 2141 5142 3816 5222">
    <p class='ocr_par' dir='ltr' id='par_1_106' title="bbox 2141 5142 3816 5222">
     <span class='ocr_line' id='line_1_106' title="bbox 2141 5142 3816 5222; baseline -0.001 -20"><span class='ocrx_word' id='word_1_655' title='bbox 2141 5147 2275 5222; x_wconf 85' lang='grc' dir='ltr'>πρὸς</span> <span class='ocrx_word' id='word_1_656' title='bbox 2303 5147 2400 5213; x_wconf 78' lang='grc' dir='ltr'>τήν</span> <span class='ocrx_word' id='word_1_657' title='bbox 2437 5144 2512 5208; x_wconf 87' lang='grc' dir='ltr'>είς</span> <span class='ocrx_word' id='word_1_658' title='bbox 2552 5145 2784 5218; x_wconf 88' lang='grc' dir='ltr'>Χριστὸν</span> <span class='ocrx_word' id='word_1_659' title='bbox 2843 5147 3024 5199; x_wconf 88' lang='grc' dir='ltr'>πίστιν</span> <span class='ocrx_word' id='word_1_660' title='bbox 3087 5142 3553 5217; x_wconf 72' lang='grc' dir='ltr'>ἐπισπασαμένος,</span> <span class='ocrx_word' id='word_1_661' title='bbox 3587 5145 3816 5212; x_wconf 73' lang='grc' dir='ltr'>πολλὰς</span> 
     </span>
    </p>
   </div>
   <div class='ocr_carea' id='block_1_107' title="bbox 2145 5231 3812 5314">
    <p class='ocr_par' dir='ltr' id='par_1_107' title="bbox 2145 5231 3812 5314">
     <span class='ocr_line' id='line_1_107' title="bbox 2145 5231 3812 5314; baseline -0.008 -21"><span class='ocrx_word' id='word_1_662' title='bbox 2145 5238 2249 5293; x_wconf 83' lang='grc' dir='ltr'>ὑπὸ</span> <span class='ocrx_word' id='word_1_663' title='bbox 2329 5240 2436 5291; x_wconf 83' lang='grc' dir='ltr'>τῶν</span> <span class='ocrx_word' id='word_1_664' title='bbox 2494 5233 2733 5289; x_wconf 88' lang='grc' dir='ltr'>ἀπίστων</span> <span class='ocrx_word' id='word_1_665' title='bbox 2799 5231 2997 5306; x_wconf 84' lang='grc' dir='ltr'>ὑπέστη</span> <span class='ocrx_word' id='word_1_666' title='bbox 3057 5233 3291 5308; x_wconf 81' lang='grc' dir='ltr'>θλίψεις,</span> <span class='ocrx_word' id='word_1_667' title='bbox 3367 5233 3642 5310; x_wconf 74' lang='grc' dir='ltr'>Ἀνὸρεῖος</span> <span class='ocrx_word' id='word_1_668' title='bbox 3699 5239 3812 5314; x_wconf 68' lang='grc' dir='ltr'>γάρ</span> 
     </span>
    </p>
   </div>
   <div class='ocr_carea' id='block_1_108' title="bbox 2141 5325 3808 5404">
    <p class='ocr_par' dir='ltr' id='par_1_108' title="bbox 2141 5325 3808 5404">
     <span class='ocr_line' id='line_1_108' title="bbox 2141 5325 3808 5404; baseline 0.001 -23"><span class='ocrx_word' id='word_1_669' title='bbox 2141 5331 2343 5404; x_wconf 83' lang='grc' dir='ltr'>χωρῶν</span> <span class='ocrx_word' id='word_1_670' title='bbox 2377 5325 2512 5400; x_wconf 82' lang='grc' dir='ltr'>πρὸς</span> <span class='ocrx_word' id='word_1_671' title='bbox 2547 5327 2614 5379; x_wconf 76' lang='grc' dir='ltr'>τὰ</span> <span class='ocrx_word' id='word_1_672' title='bbox 2644 5325 2876 5380; x_wconf 63' lang='grc' dir='ltr'>ἐπίπονα</span> <span class='ocrx_word' id='word_1_673' title='bbox 2905 5329 3005 5390; x_wconf 78' lang='grc' dir='ltr'>τῆς</span> <span class='ocrx_word' id='word_1_674' title='bbox 3067 5326 3352 5396; x_wconf 80' lang='grc' dir='ltr'>ἀθλήσεως</span> <span class='ocrx_word' id='word_1_675' title='bbox 3415 5327 3808 5402; x_wconf 79' lang='grc' dir='ltr'>ἀγωνίσματα,</span> 
     </span>
    </p>
   </div>
   <div class='ocr_carea' id='block_1_109' title="bbox 2139 5413 3810 5490">
    <p class='ocr_par' dir='ltr' id='par_1_109' title="bbox 2139 5413 3810 5490">
     <span class='ocr_line' id='line_1_109' title="bbox 2139 5413 3810 5490; baseline 0 -18"><span class='ocrx_word' id='word_1_676' title='bbox 2139 5418 2230 5472; x_wconf 86' lang='grc' dir='ltr'>τὸν</span> <span class='ocrx_word' id='word_1_677' title='bbox 2261 5416 2430 5488; x_wconf 88' lang='grc' dir='ltr'>θυμὸν</span> <span class='ocrx_word' id='word_1_678' title='bbox 2459 5419 2566 5469; x_wconf 79' lang='grc' dir='ltr'>τῶν</span> <span class='ocrx_word' id='word_1_679' title='bbox 2620 5415 2904 5490; x_wconf 77' lang='grc' dir='ltr'>ἀρχόντων</span> <span class='ocrx_word' id='word_1_680' title='bbox 2935 5415 3041 5470; x_wconf 77' lang='grc' dir='ltr'>οὐκ</span> <span class='ocrx_word' id='word_1_681' title='bbox 3071 5413 3386 5472; x_wconf 84' lang='grc' dir='ltr'>έδειλίασεν·</span> <span class='ocrx_word' id='word_1_682' title='bbox 3432 5417 3551 5480; x_wconf 76' lang='grc' dir='ltr'>ὅθεν</span> <span class='ocrx_word' id='word_1_683' title='bbox 3587 5419 3660 5478; x_wconf 89' lang='grc' dir='ltr'>ὡς</span> <span class='ocrx_word' id='word_1_684' title='bbox 3695 5415 3810 5472; x_wconf 86' lang='grc' dir='ltr'>δο-</span> 
     </span>
    </p>
   </div>
   <div class='ocr_carea' id='block_1_110' title="bbox 2142 5504 3808 5578">
    <p class='ocr_par' dir='ltr' id='par_1_110' title="bbox 2142 5504 3808 5578">
     <span class='ocr_line' id='line_1_110' title="bbox 2142 5504 3808 5578; baseline 0.001 -17"><span class='ocrx_word' id='word_1_685' title='bbox 2142 5508 2301 5578; x_wconf 76' lang='grc' dir='ltr'>ξάσας</span> <span class='ocrx_word' id='word_1_686' title='bbox 2330 5507 2422 5560; x_wconf 87' lang='grc' dir='ltr'>τὸν</span> <span class='ocrx_word' id='word_1_687' title='bbox 2444 5507 2571 5561; x_wconf 82' lang='grc' dir='ltr'>Θεὸν</span> <span class='ocrx_word' id='word_1_688' title='bbox 2609 5504 2660 5560; x_wconf 84' lang='grc' dir='ltr'>έν</span> <span class='ocrx_word' id='word_1_689' title='bbox 2689 5512 2808 5567; x_wconf 78' lang='grc' dir='ltr'>τοῖς</span> <span class='ocrx_word' id='word_1_690' title='bbox 2844 5505 3064 5578; x_wconf 75' lang='grc' dir='ltr'>μέλεσιν</span> <span class='ocrx_word' id='word_1_691' title='bbox 3125 5508 3313 5572; x_wconf 80' lang='grc' dir='ltr'>αὐτοῦ,</span> <span class='ocrx_word' id='word_1_692' title='bbox 3377 5508 3462 5562; x_wconf 81' lang='grc' dir='ltr'>ὑπ’</span> <span class='ocrx_word' id='word_1_693' title='bbox 3521 5507 3686 5562; x_wconf 75' lang='grc' dir='ltr'>αὐτοῦ</span> <span class='ocrx_word' id='word_1_694' title='bbox 3720 5507 3808 5563; x_wconf 79' lang='grc' dir='ltr'>έν-</span> 
     </span>
    </p>
   </div>
   <div class='ocr_carea' id='block_1_111' title="bbox 2143 5593 3805 5674">
    <p class='ocr_par' dir='ltr' id='par_1_111' title="bbox 2143 5593 3805 5674">
     <span class='ocr_line' id='line_1_111' title="bbox 2143 5593 3805 5674; baseline 0.004 -23"><span class='ocrx_word' id='word_1_695' title='bbox 2143 5595 2312 5669; x_wconf 82' lang='grc' dir='ltr'>δὸξως</span> <span class='ocrx_word' id='word_1_696' title='bbox 2344 5593 2628 5666; x_wconf 74' lang='grc' dir='ltr'>ἐδοξάσθη.</span> <span class='ocrx_word' id='word_1_697' title='bbox 2665 5597 2765 5651; x_wconf 86' lang='grc' dir='ltr'>Καὶ</span> <span class='ocrx_word' id='word_1_698' title='bbox 2798 5596 3135 5669; x_wconf 77' lang='grc' dir='ltr'>τελειωθεὶς,</span> <span class='ocrx_word' id='word_1_699' title='bbox 3162 5597 3214 5654; x_wconf 82' lang='grc' dir='ltr'>έν</span> <span class='ocrx_word' id='word_1_700' title='bbox 3250 5599 3442 5674; x_wconf 72' lang='grc' dir='ltr'>εἶρήνῃ</span> <span class='ocrx_word' id='word_1_701' title='bbox 3483 5597 3546 5654; x_wconf 85' lang='grc' dir='ltr'>τὸ</span> <span class='ocrx_word' id='word_1_702' title='bbox 3579 5603 3805 5673; x_wconf 83' lang='grc' dir='ltr'>πνεῦμα</span> 
     </span>
    </p>
   </div>
   <div class='ocr_carea' id='block_1_112' title="bbox 2138 5686 2928 5764">
    <p class='ocr_par' dir='ltr' id='par_1_112' title="bbox 2138 5686 2928 5764">
     <span class='ocr_line' id='line_1_112' title="bbox 2138 5686 2928 5764; baseline 0.001 -21"><span class='ocrx_word' id='word_1_703' title='bbox 2138 5686 2402 5764; x_wconf 79' lang='grc' dir='ltr'>παρέθετο</span> <span class='ocrx_word' id='word_1_704' title='bbox 2435 5686 2514 5749; x_wconf 85' lang='grc' dir='ltr'>είς</span> <span class='ocrx_word' id='word_1_705' title='bbox 2545 5692 2738 5764; x_wconf 84' lang='grc' dir='ltr'>χεῖρας</span> <span class='ocrx_word' id='word_1_706' title='bbox 2771 5692 2928 5746; x_wconf 79' lang='grc' dir='ltr'>Θεοῦ.</span> 
     </span>
    </p>
   </div>
  </div>
