4108 6426
393 394 513 455 479

1720 383 2150 449 MENOLOGII
2195 383 2396 444 PARS
2439 383 2546 444 Ill.

3700 385 3825 446 480

395 534 601 593 ratur;
637 526 740 581 sed
788 542 925 581 eum
977 525 1243 578 Christus
1274 540 1568 595 apparens
1618 524 1863 580 curavit.
1899 523 2046 577 Tum

2170 517 2442 594 ἐπιφανεὶς
2501 515 2689 572 ἰάσατο
2744 515 2930 572 αὐτόν.
2991 516 3142 575 Μετὰ
3219 520 3387 572 ταῦτα
3442 517 3610 592 ὀργῆς
3666 517 3821 591 πλη-

397 617 632 689 tyranni
667 617 753 670 ira
783 615 1013 685 repleti.
1041 620 1314 668 sanctum
1352 614 1413 668 in
1445 615 1644 686 ignem
1679 613 2047 684 conjiciunt:

400 709 464 764 In
496 724 611 778 quo
644 706 867 759 illaesus
896 703 1242 774 persistens,
1269 703 1486 758 multos
1515 703 1589 758 ad
1621 703 1842 757 Christi
1873 701 2051 756 ﬁdem

397 794 702 869 pertraxit.
765 795 1070 847 Postremo
1123 791 1466 862 gravissime
1517 809 1727 855 casus,
1775 791 2052 864 spiritum

397 888 514 942 Deo
548 882 811 948 tradidit,
845 879 1183 935 immortale
1209 895 1456 952 regnum
1491 881 1759 952 adeptus.

398 1095 468 1149 Et
495 1097 769 1147 certamen
815 1094 1134 1214 sanctorum)
1175 1094 1478 1214 martyé‘um
1515 1089 1832 1155 Crescentis,
1888 1087 2056 1142 Pauli

999 1167 1051 1214 et
1138 1162 1334 1214 ioscori'
1379 1161 1444 1214 is.

999 1167 1051 1215 et
1095 1161 1444 1214 Dioscori'dis.

471 1281 752 1349 Martyres
785 1275 1002 1331 Christi
1035 1275 1341 1342 Crescens,
1375 1275 1594 1330 Paulus
1643 1280 1702 1331 et
1749 1274 2053 1330 Dioscori-

399 1369 504 1425 des
537 1368 597 1421 in
634 1365 778 1421 urbe
811 1366 997 1420 Roma
1028 1370 1487 1420 commorantes.
1547 1381 1614 1419 ac
1648 1381 1754 1419 sua
1785 1364 2056 1419 doctrina

399 1458 623 1514 multos
656 1473 726 1511 ex
757 1453 1102 1509 infidelibus
1133 1453 1208 1509 ad
1246 1454 1540 1509 Christum
1575 1453 1961 1521 adducentes,
2000 1460 2058 1508 et

401 1564 512 1620 per
543 1545 809 1618 singulos
840 1543 1414 1611 diesilluminantes,
1447 1543 1612 1598 urbis
1643 1544 1920 1616 praefecto
1952 1544 2057 1600 de-

405 1635 687 1705 nuntiati,
717 1635 966 1706 ejusque
989 1634 1166 1705 jussu
1196 1633 1635 1704 comprehensi,
1659 1633 1721 1688 in
1755 1650 2054 1689 carcerem

405 1724 632 1784 detrusi
667 1729 823 1790 sunt,
859 1722 1205 1778 mandatum
1234 1723 1616 1795 accipientes,
1649 1739 1725 1777 ne
1781 1740 1958 1794 quem
1995 1724 2055 1780 in

403 1814 622 1871 Christi
654 1813 898 1869 nomine
930 1811 1266 1868 edocerent.
1305 1814 1520 1866 Verum
1577 1828 1711 1867 cum
1762 1830 1959 1884 neque
1993 1814 2054 1869 in

2163 611 2373 671 σθέντες
2417 611 2467 663 οἱ
2524 609 2798 678 τύραννοι,
2851 613 2929 680 τῷ
2979 608 3110 681 πυρῖ
3167 607 3260 663 τὸν
3311 610 3464 684 ἅγιον
3524 608 3819 688 ἐναπορῤί-

2163 720 2407 755 πτουσιν.
2465 700 2527 756 Ὀ
2587 697 2645 754 δὶ
2703 695 2972 772 ἅφλεκτος
3029 695 3327 770 διαμείναι,
3389 700 3526 772 πρὸς
3587 701 3684 768 τήν
3745 701 3828 765 εἷς

2162 788 2396 862 Χριστὸν
2436 787 2614 842 πίστιν
2666 785 2916 849 πολλοὺς
2975 786 3337 846 ἐπεσπάσατο.
3394 792 3624 844 ’Έπειτα
3682 811 3822 868 σφο-

2164 877 2308 952 δρῶς
2339 879 2581 956 τυφθεῖς,
2614 880 2676 933 τὸ
2706 882 2924 952 πνεῦμα
2953 882 3032 952 τῷ
3063 883 3182 952 Θεῷ
3221 878 3487 956 παρέθετο
3522 877 3829 936 ἀπολαϐὼν

2169 969 2447 1046 βασιλείαν
2489 969 2778 1034 ἀθάνατοι.

2273 1077 2371 1132 Καὶ
2405 1077 2634 1148 ἄθλησις
2663 1082 2772 1154 τῶν
2821 1076 2990 1154 ἀγίῳν
3029 1077 3319 1154 μαρτύριυν
3362 1079 3711 1154 Κρίσκεντος,

2593 1149 2815 1204 Παύλου
2871 1148 2962 1204 καὶ
3011 1148 3387 1226 Διοσκορίδου.

2235 1256 2303 1314 Οἱ
2332 1259 2432 1309 τοῦ
2495 1255 2728 1331 Χριστοῦ
2790 1257 3060 1331 μάρτυρες
3112 1256 3377 1333 Κρίσκης,
3432 1256 3668 1325 Παῦλος,
3728 1259 3828 1314 καὶ

2165 1341 2530 1418 Διοσκορίδης
2559 1342 2610 1398 ἐν
2643 1343 2834 1418 Ῥώμῃ
2868 1347 2936 1417 τῇ
2983 1342 3144 1399 πόλει
3205 1339 3596 1418 διατρίϐοντες,
3626 1346 3717 1400 καὶ
3750 1351 3827 1420 τῇ

2167 1431 2489 1505 διδασκαλίᾳ
2522 1433 2696 1488 αὐτῶν
2722 1431 2972 1496 πολλοὺς
3029 1438 3137 1488 τῶν
3199 1434 3441 1489 ἀπίστων
3493 1440 3572 1508 τῷ
3602 1437 3831 1510 Χριστῷ

2165 1525 2603 1600 προσαγαγόντες
2642 1523 2730 1578 καὶ
2763 1525 3095 1601 φωτίζοντες
3153 1525 3274 1588 καθ’
3306 1525 3536 1597 ἑκάστην
3582 1528 3830 1598 ἡμέραν,

2167 1612 2570 1688 διεγνώσθησαν
2599 1616 2678 1684 τῷ
2733 1615 2832 1680 τῆς
2889 1614 3114 1685 Ῥώμης
3170 1611 3418 1688 ἐπάρχειν
3477 1614 3568 1669 καὶ
3620 1635 3828 1689 κρατη-

2165 1703 2340 1765 θέντες
2395 1701 2826 1772 ἀπεκλείσθησαν
2862 1702 2938 1765 εἷς
2994 1699 3270 1774 φυλακήν,
3327 1701 3698 1776 παραγγελίαν
3733 1702 3834 1758 λα-

2165 1788 2370 1862 ϐόντες,
2409 1789 2614 1864 μηδένα
2647 1788 2914 1845 διδάσκειν
2945 1789 3031 1845 ἐπὶ
3063 1794 3141 1861 τῷ
3170 1789 3398 1862 ὀνόματι
3430 1794 3524 1844 τοῦ
3557 1794 3825 1865 Χριστοῦ.

405 1920 640 1961 carcere
663 1902 892 1974 eos,qui
927 1902 1107 1956 simul
1147 1902 1325 1957 vincti
1353 1906 1542 1969 erant,
1565 1901 1813 1958 edocere
1845 1920 2050 1959 cessa-

2170 1891 2232 1946 Ως
2265 1882 2323 1939 δὲ
2353 1880 2480 1938 οὐδὲ
2511 1882 2561 1938 ἐν
2619 1886 2689 1955 τῇ
2749 1883 2968 1960 φυλακῇ
3038 1882 3340 1937 έπαυσαντο
3372 1886 3468 1936 τοῦ
3517 1880 3819 1940 διδάσκειν

403 1998 556 2062 rent,
576 2011 644 2049 ex
667 1992 883 2064 quibus
905 1991 1076 2046 multi
1093 1991 1499 2058 crediderunt,
1534 2009 1564 2047 e
1584 2009 1818 2048 carcere
1834 1992 2055 2062 educti,

398 2084 721 2140 crudeliter
733 2083 867 2137 cassi
882 2081 1466 2153 fuerunt,postquam
1489 2082 1780 2152 compulsi
1802 2081 2059 2138 fuissent

397 2174 590 2247 primo
659 2173 930 2227 omnium
982 2173 1129 2226 117
1184 2171 1485 2226 Christum
1547 2171 1864 2242 abnegare,
1931 2178 2054 2226 tum

398 2261 689 2333 templum
711 2261 864 2315 Jovis
895 2261 1148 2331 ingredi.
1181 2276 1249 2314 ac
1276 2259 1474 2326 idolis,
1504 2277 1634 2330 quae
1660 2259 1808 2313 inibi
1865 2265 2055 2327 erant,

397 2350 753 2406 sacriﬁcare.
778 2351 992 2403 Verum
1007 2365 1140 2402 cum
1166 2348 1224 2402 id
1252 2348 1444 2402 facere
1467 2348 1886 2408 detrectarent.
1911 2349 2056 2419 quin

399 2441 598 2513 potius
629 2455 841 2505 magna
863 2455 1000 2493 voce
1014 2439 1312 2493 Christum
1340 2438 1620 2493 omnibus
1642 2439 2054 2508 praedicarent,

399 2532 460 2586 in
493 2545 768 2601 magnam
801 2529 1065 2582 ardentis
1095 2527 1249 2598 ignis
1275 2528 1573 2582 fornacem
1598 2528 2054 2599 injecti,ibique,

401 2620 555 2676 sicut
575 2618 717 2673 olim
767 2623 885 2671 tres
934 2617 1124 2671 sancti
1179 2618 1368 2687 pueri,
1405 2619 1590 2672 Deum
1628 2617 2052 2690 glorificantes,

399 2707 753 2779 martyrium
777 2711 1294 2761 consummarunt.

958 2822 1198 2878 EODEM
1239 2822 1492 2891 MENSE,

907 2912 1010 2968 Die
1042 2910 1322 2967 vicesima
1377 2927 1538 2967 nona

405 3023 674 3078 Memoria
727 3027 1045 3078 sanctorum
1090 3020 1341 3084 Patrum,
1395 3019 1498 3090 qui
1575 3019 1778 3077 Niczae
1807 3023 2054 3092 primum

753 3093 1010 3148 adversus
1054 3093 1254 3146 Arium
1302 3097 1692 3147 convenerunt.

472 3211 613 3266 Post
645 3207 1093 3264 sanctissimum
1116 3209 1357 3264 Petrum
1381 3208 1782 3280 patriarcham
1807 3209 2052 3264 Alexan-

2161 1974 2290 2036 τοὺς
2323 1971 2700 2046 συνδεσμίους,
2735 1971 2785 2046 ἐξ
2818 1970 2892 2026 ὧν
2945 1970 3152 2027 πολλοὶ
3205 1970 3547 2039 ἐπίστευσαν,
3606 1967 3817 2044 ἐκϐλη-

2163 2061 2342 2126 θέντες
2398 2069 2497 2132 τῆς
2553 2061 2825 2138 φυλακῆς,
2877 2060 3176 2136 έτῦφθησαν
3229 2059 3502 2139 σφοδρῶς,
3549 2083 3822 2140 καταναγ-

2161 2154 2458 2224 καζόμενοι
2492 2152 2822 2225 ἀρνήσασθαι
2854 2155 2950 2223 μὲν
3009 2150 3093 2204 ἐπὶ
3156 2151 3373 2205 πάντων
3430 2151 3520 2205 τὸν
3552 2152 3818 2225 Χριστὸν,

2165 2242 2414 2298 ἀπελθεῖν
2445 2239 2502 2296 δὲ
2534 2241 2611 2303 εἷς
2666 2241 2760 2295 τὸν
2808 2241 2933 2295 ναὸν
2982 2244 3081 2295 τοῦ
3139 2240 3284 2307 Διὸς,
3337 2239 3428 2295 καὶ
3475 2241 3631 2295 θῦσαι
3698 2247 3820 2305 τοῖς

2165 2331 2216 2387 έν
2250 2332 2396 2403 αὐτῷ
2427 2329 2702 2391 εἰδώλοις.
2742 2329 2838 2386 Καὶ
2875 2331 2951 2403 μὴ
3011 2328 3340 2398 πεισθέντες,
3398 2328 3545 2384 ἀλλὰ
3607 2327 3827 2402 μᾶλλον

2167 2419 2378 2497 μεγάλῃ
2410 2425 2478 2494 τῇ
2509 2442 2661 2495 φωνῃ
2693 2421 2782 2474 τὸν
2814 2420 3050 2494 Χριστὸν
3109 2424 3227 2480 τοῖς
3276 2425 3406 2472 πᾶσι
3436 2418 3825 2492 κηρύττοντες,

2165 2511 2240 2569 εἰς
2272 2513 2502 2583 κάμινον
2537 2508 2785 2585 μεγάλην
2813 2509 2984 2584 πυρὸς
3016 2503 3412 2581 ἐμϐληθέντες,
3444 2510 3531 2563 καὶ
3562 2507 3615 2564 ἔν
3658 2511 3824 2586 αὐτῇ,

2162 2602 2400 2674 καθάπερ
2435 2601 2485 2655 οἱ
2519 2601 2665 2677 ἅγιοι
2706 2604 2855 2675 τρεῖς
2911 2597 3129 2669 παῖδες,
3191 2595 3646 2672 δοξολογοῦντες,
3707 2601 3821 2658 ἔτε-

2163 2690 2498 2762 λειώθησαν.

2727 2789 2914 2846 MHNI
2953 2793 3038 2842 ΤΩ
3076 2790 3255 2845 ΔΥΤΩ

2967 2914 3063 2968 ΚΘ“

2232 3022 2444 3095 Μνήμη
2477 3022 2583 3075 τῶν
2630 3018 2699 3096 ὶν-
2741 3017 2938 3096 Nimia
2972 3019 3060 3096 τὸ.
3101 3021 3319 3096 πρῶτον
3361 3017 3501 3074 κατὰ
3530 3019 3743 3096 Ἀρείου

2556 3089 2929 3155 συνελθόντων
2973 3089 3151 3167 ἁγίων
3170 3091 3423 3166 Πατέρων

2238 3199 2385 3257 Μετᾶ
2415 3201 2620 3275 ῙΙὲτρον
2673 3201 2767 3256 τὸν
2822 3201 3122 3276 ἁγιώτατον
3181 3199 3812 3276 πατριάρχηνἊλεΕαν-

399 3299 638 3355 drinum
671 3297 934 3353 Achillas
963 3297 1275 3353 ordinatus
1307 3254 1437 3366 fuit,
1473 3303 1531 3352 et
1563 3304 1697 3370 post
1726 3304 1884 3354 hunc
1915 3299 2051 3354 Ale-

2170 3254 2803 3365 δρείας,έγ.ειροτονήθη
2839 3254 2879 3344 δ’
2923 3287 3223 3365 Ἀχιλλᾶς,
3275 3254 3395 3344 καὶι
3425 3254 3567 3360 ’μέτά
3615 3254 3807 3342 τοέτον

395 3388 836 3460 xander.Hujus
857 3386 1220 3458 temporibus
1251 3387 1564 3459 presbyter
1580 3389 1821 3459 quidam
1853 3389 2053 3444 Eccle-

399 3481 526 3548 sim,
581 3478 824 3534 nomine
877 3477 1073 3546 Arius,
1107 3477 1202 3532 cui
1248 3476 1582 3533 divinarum
1617 3478 2054 3550 Scripturarum

397 3569 719 3626 commissa
749 3573 877 3623 erat
906 3566 1251 3633 declaratio,
1285 3584 1422 3623 cum
1454 3568 1855 3624 Alexandrum
1881 3568 2056 3640 juxta

399 3659 588 3715 sancti
618 3657 776 3712 Petri
834 3657 1328 3711 constitutionem
1385 3656 1498 3712 sibi
1555 3658 1618 3712 in
1649 3658 2055 3730 patriarchatu

399 3749 715 3821 prmlatum
745 3745 928 3800 fuisse
962 3750 1254 3810 cerneret,
1291 3745 1510 3800 invidia
1541 3752 1758 3812 motus,
1794 3763 1928 3802 cum
1960 3747 2057 3802 ad-

402 3854 611 3892 versus
641 3835 812 3889 illum
845 3833 1180 3888 calumnias
1211 3839 1441 3890 struere
1490 3836 1790 3906 nequiret.
1848 3842 2058 3891 contra

402 3925 796 3982 orthodoxam
827 3922 1007 3978 fidem
1031 3922 1296 3993 linguam
1328 3925 1593 3987 armavit,
1620 3925 1680 3979 in
1715 3927 1816 3980 Dei
1844 3925 2056 3981 Filium

401 4013 805 4086 blasphemias
835 4028 1133 4078 evomens,
1167 4029 1235 4066 ac
1263 4012 1469 4068 dicens
1503 4015 1674 4069 illum
1725 4023 2058 4071 creaturam

409 4119 562 4169 esse,
595 4118 705 4157 nec
737 4099 1312 4156 consubstantialem
1343 4102 1519 4156 Patri.
1555 4103 1954 4167 Quamobrem
1985 4105 2058 4159 ab

406 4192 657 4248 ecclesia
690 4192 1011 4263 ejectus,et
1042 4191 1439 4246 conciliabula
1466 4192 1712 4260 faciens,
1734 4195 2056 4250 Ecclesiam

405 4281 672 4338 scidit.Id
706 4281 804 4336 ubi
837 4281 1262 4335 Constantinus
1295 4299 1544 4354 magnus
1574 4283 1889 4347 intellexit,
1919 4301 2056 4340 con-

402 4379 606 4428 vocata
639 4372 847 4426 Nicaea;
879 4376 1084 4426 sancta
1116 4371 1825 4442 synodo,condemnatum
1853 4375 2059 4430 Arium

399 4463 460 4519 in
493 4462 765 4518 exsilium
800 4462 1120 4535 relegavit:
1155 4468 1391 4518 sanctos
1418 4480 1555 4518 vero
1608 4464 1920 4536 episcopos
1952 4465 2056 4521 be-

402 4553 578 4623 nigne
606 4550 974 4624 complexus,
1018 4551 1091 4607 ad
1122 4553 1365 4624 propria
1397 4553 1662 4626 singulos
1695 4553 1944 4609 dimisit.

475 4727 629 4784 118
656 4730 719 4784 Et
750 4736 1024 4786 certamen
1053 4736 1254 4856 sanctis
1303 4731 1614 4816 Theodosia:
1662 4733 1903 4806 virginis
1929 4742 1982 4791 et

1091 4819 1213 4856 mar
1240 4820 1374 4856 uris.

1091 4819 1374 4874 martyris.

479 4889 828 4957 Theodosia,
861 4891 1078 4947 Christi
1102 4898 1346 4964 martyr,
1399 4893 1509 4948 fuit
1561 4910 1631 4950 ex
1687 4895 1833 4951 urbe
1881 4898 2054 4970 Tyro.

407 4979 551 5034 Cum
583 4985 781 5033 autem
805 4980 1203 5052 duodeviginti
1229 4998 1526 5037 annorum
1559 4989 1737 5051 esset,
1771 4991 2055 5056 tanquam

407 5068 746 5124 Christiana
777 5069 993 5131 delata.
1033 5076 1093 5124 et
1121 5071 1192 5124 ab
1233 5071 1569 5127 idololatris
1600 5075 2055 5144 comprehensa,

403 5158 600 5213 vincta
657 5175 724 5213 ac
781 5158 1098 5230 prassidem
1153 5159 1457 5215 Urbanum
1485 5160 1840 5217 adducitur:
1875 5179 1908 5218 a
1940 5181 2056 5235 quo

405 5249 785 5319 interrogata,
819 5249 1119 5303 Christum
1153 5249 1421 5320 professa
1450 5255 1557 5304 est.
1592 5249 1859 5322 Cumque
1890 5269 2055 5310 com-

405 5335 732 5408 pelleretur
760 5337 932 5391 illum
964 5337 1345 5410 abnegare.et
1374 5338 1548 5393 idolis
1581 5340 2056 5408 sacrificare,nec

407 5426 466 5480 id
497 5426 690 5482 facere
707 5427 1054 5486 vellet.loris
1085 5429 1406 5484 saevissime
1437 5429 1758 5486 ccediturin
1773 5432 2057 5491 uberibus

409 5523 468 5572 et
495 5517 1077 5589 lateribus,ossaque
1100 5519 1231 5589 ejus
1260 5519 1721 5592 confringantur
1749 5540 1760 5577 :
1790 5530 1848 5579 et
1869 5542 2057 5598 usque

411 5605 558 5659 adeo
581 5606 927 5672 dilaniatur,
972 5613 1038 5661 ut
1089 5609 1313 5662 viscera
1345 5608 1530 5678 ipsius
1561 5620 1938 5683 apparerent.
1975 5618 2060 5672 Ita

413 5691 664 5763 ﬂagellis
697 5702 966 5764 contusa,
996 5697 1292 5754 cruciatus
1326 5699 1501 5755 tacita
1532 5701 1884 5773 perferebat.
1912 5707 2056 5763 Cum

2162 3377 2543 3455 ’Λλέξανδρος,
2604 3379 2728 3437 Ἐπὶ
2777 3379 2978 3434 τούτου
3038 3373 3404 3453 πρεσϐύτερός
3434 3399 3514 3440 τις
3551 3385 3648 3448 τῆς
3682 3379 3814 3434 Ἐκ-

2161 3469 2416 3542 κλητίας,
2451 3472 2673 3546 Ἀρειος
2703 3470 3028 3545 λεγόμενος,
3087 3471 3187 3538 τὴν
3220 3474 3329 3525 τῶν
3382 3470 3541 3524 θείων
3588 3473 3817 3547 Γραφῶν

2161 3562 2590 3635 πεπιστευμένος
2623 3561 2902 3636 ἐξήγησιν,
2955 3557 3085 3615 ἰδὼν
3146 3559 3238 3615 τὸν
3296 3555 3676 3633 Ἀλέξανδρον,
3737 3557 3820 3614 ὅτι

2162 3652 2460 3727 προεκρίθη
2547 3651 2626 3712 εἷς
2712 3651 3129 3727 πατριάρχειαν,
3189 3649 3369 3712 καθὼς
3454 3648 3731 3720 διετάξατο
3793 3650 3820 3704 ὁ

2165 3744 2319 3817 ἅγιος
2363 3742 2586 3817 Πέτρος,
2622 3740 2902 3819 ἐφθόνησε·
2965 3741 3056 3796 καὶ
3118 3743 3231 3796 κατ’
3281 3739 3489 3796 ἐκείνου
3548 3742 3622 3814 μή
3658 3737 3817 3794 δυνά-

2169 3851 2324 3905 μενος
2354 3838 2574 3900 κινῆσαι
2627 3831 2976 3906 κατηγορίαν,
3035 3831 3172 3886 κατᾶ
3221 3838 3322 3899 τῆς
3380 3829 3554 3907 ὀφθῇς
3588 3828 3821 3890 πίστεως

2163 3921 2261 3988 τήν
2295 3919 2546 3996 γλῶσσαν
2579 3919 2916 3982 γαθώπλισε,
2981 3919 3326 3997 βλασφημῶν
3382 3921 3476 3974 τὸν
3536 3919 3662 3973 Υἱὸν
3720 3923 3818 3974 τοῦ

2166 4014 2321 4080 Θεοῦ,
2353 4010 2443 4064 καὶ
2479 4010 2656 4084 λέγων
2689 4011 2852 4065 αὐτὸν
2883 4011 3081 4084 κτίσμα
3139 4012 3297 4078 εῖναι,
3349 4011 3438 4064 καὶ
3501 4008 3630 4084 οὐχί
3688 4009 3820 4081 ὁμο-

2167 4099 2348 4154 ούσιον
2379 4103 2460 4172 τῷ
2493 4099 2686 4176 Πατρί.
2719 4095 3024 4173 Ἐξεϐλτςθη
3058 4099 3171 4173 ξοῦν
3230 4097 3321 4154 διὰ
3372 4103 3540 4153 ταῦτα
3571 4105 3671 4168 τῆς
3730 4097 3819 4153 ἐκ·

2164 4190 2422 4262 κλησίας,
2446 4192 2534 4246 καὶ
2569 4197 2739 4246 ποιῶν
2777 4192 3263 4266 παρασυναγωγάς,
3322 4189 3508 4264 ἔσχιζε
3565 4192 3664 4259 τήν
3695 4192 3820 4246 Ἐκ-

2165 4282 2423 4351 κλησίαν.
2459 4283 2554 4336 Καὶ
2615 4283 2802 4354 μαθὼν
2859 4287 3028 4336 ταῦτα
3087 4283 3116 4336 ὁ
3175 4277 3344 4358 μέγας
3400 4287 3824 4350 Κωνσταντῖνος,

2165 4373 2255 4429 καὶ
2289 4372 2622 4446 συγκαλέσας
2652 4373 2750 4441 τὴν
2788 4372 2937 4446 ἁγίαν
2996 4370 3223 4426 σύνοδον
3286 4371 3362 4434 εἷς
3422 4371 3675 4440 Νίκαιαν,
3731 4371 3821 4425 καὶ

2166 4461 2527 4525 καταδικάσας
2564 4463 2743 4531 αὐτὸν,
2777 4461 3020 4538 ἐξώρισεσ
3056 4461 3181 4524 τοὺς
3240 4459 3296 4517 δὲ
3354 4461 3538 4536 ἁγίους
3598 4460 3819 4516 ἐπισκό-

2167 4576 2305 4619 πους
2361 4553 2932 4632 φιλοφρονησάμενος,
3020 4549 3284 4607 ἀπέλυσεν
3327 4549 3550 4608 ἕκαστον
3629 4551 3706 4614 είς
3756 4551 3824 4607 τά

2088 4618 2132 4683 D
2164 4641 2297 4715 ἴδια,

2238 4735 2342 4791 Καὶ
2373 4733 2605 4805 ἄθλησις
2657 4733 2757 4802 τήν
2811 4730 3272 4836 ἁγίαςῆἰιάρτυρος
3329 4729 3618 4794 Θεοδοσίας
3647 4738 3749 4801 τῆς

2841 4806 3128 4878 παρθένου.

2238 4893 2528 4962 Θεοδοσία,
2561 4897 2596 4963 ἡ
2627 4896 2726 4949 τοῦ
2758 4894 2996 4968 Χριστοῦ
3054 4891 3284 4966 μᾶρτυς,
3337 4893 3584 4967 ὑπῆρχεν
3617 4890 3676 4947 ἐκ
3723 4894 3824 4960 τῆς

2167 4983 2386 5046 πόλεως
2443 4984 2641 5056 Τύρου,
2698 4983 2982 5038 Δεκαοκτὼ
3049 4979 3107 5036 δὲ
3189 4980 3324 5037 ἐτῶν
3389 4981 3549 5048 οὖσα,
3599 4982 3688 5036 καὶ
3746 4981 3823 5043 ὡς

2169 5073 2466 5148 Χριστιανή
2529 5069 2942 5148 διαγνωσθεῖσα,
2995 5071 3086 5127 καὶ
3145 5076 3478 5145 κρατηθεῖσα
3530 5072 3676 5145 παρά
3713 5074 3822 5125 τῶν

2169 5161 2580 5234 είδωλολατῶν,
2615 5161 2766 5238 ἤχθη
2804 5160 3050 5236 δέσμιος,
3109 5162 3200 5217 καὶ
3259 5164 3502 5236 παρέστη
3553 5156 3824 5234 Οὐρϐανῷ

2167 5257 2248 5326 τῷ
2280 5254 2530 5330 ἄρχοντι,
2589 5252 2679 5308 καὶ
2738 5251 3094 5325 ἐρωτηθεῖσα,
3157 5250 3495 5326 ὡμολόγησε
3541 5250 3636 5306 τὸν
3691 5252 3832 5326 Χρι-

2170 5344 2317 5400 στόν.
2409 5344 2504 5400 Καὶ
2591 5342 2986 5418 ἀναγκασθεῖσα
3067 5341 3403 5416 ἀρνήσασθαι
3489 5342 3675 5410 αὐτὸν,
3735 5341 3832 5397 καὶ

2170 5435 2324 5488 θῦσαι
2355 5439 2474 5495 τοῖς
2507 5430 2784 5500 εἷ’δώλοις,
2816 5434 2902 5488 καὶ
2933 5434 3009 5506 μὴ
3045 5434 3345 5498 πεισθεῖσα,
3380 5430 3580 5508 έτύφθη
3616 5428 3828 5506 λώροις

2170 5522 2348 5594 ὠμοῖς
2373 5524 2508 5578 κατά
2537 5544 2595 5578 τε
2640 5527 2750 5576 τῶν
2783 5527 3026 5595 μαστῶν,
3087 5521 3176 5577 καὶ
3231 5527 3339 5576 τῶν
3396 5519 3670 5594 πλευρῶν,
3732 5521 3825 5575 καὶ

2171 5609 2459 5689 συνετρίϐη
2502 5615 2569 5669 τά
2624 5614 2774 5679 ὀστᾶ,
2835 5612 2922 5667 καὶ
2981 5611 3190 5684 ἐξέσθη,
3265 5608 3396 5673 ἓως⁴
3432 5611 3700 5687 ἐφάνησαν
3754 5611 3824 5666 τά

2169 5703 2461 5781 σπλάγχνα
2487 5704 2676 5774 αὐτῆς.
2717 5702 2817 5760 Καὶ
2869 5701 3013 5759 οὕτω
3075 5702 3470 5777 μαστιζομένη,
3531 5704 3663 5777 σιγῇ
3722 5700 3819 5763 τὰς
