4108 6426
282 404 406 464 481

1894 388 2166 450 MAIUS.

3597 388 3714 449 482

287 536 561 614 βασάνους
618 534 901 613 ὑπέφερεν.
950 532 1101 591 Ἐπεὶ
1160 529 1217 588 δὲ
1292 529 1620 604 ἐμπνέουσα,
1677 526 1945 601 ἠρωτήθη

2097 537 2198 577 ero
2220 519 2529 594 paululum
2554 521 2930 594 respirasset,
2961 520 3267 593 aprasside
3298 525 3719 596 interrogatur,

284 613 439 700 παρὰ
489 631 588 682 τοῦ
635 623 926 701 ἃρχοντος,
987 624 1035 680 εἴ
1088 628 1206 685 τοῖς
1262 624 1408 686 θεοῖς
1460 620 1594 685 θόεγ
1631 618 1718 673 καὶ
1754 613 1962 672 διανοί-

286 720 424 790 ξασα
480 714 542 770 τό
602 715 780 787 στόμα
837 712 1025 781 αὐτῆς,
1081 711 1174 766 καὶ
1225 716 1340 772 τοῖς
1415 706 1725 788 ὀφθαλμοῖς
1782 704 1960 766 ἀτενὲς

287 805 640 880 ἐμϐλέψασα,
705 801 932 877 μειδιῶν
1014 806 1091 874 τῷ
1160 801 1444 877 προσώπῳ
1529 799 1665 854 εἷπε·
1749 798 1957 864 ΠΑανᾷ,

288 898 568 972 ἄνθρωπε·
631 893 734 949 οὐκ
789 889 962 957 οἶδας,
1021 891 1107 947 ὅτι
1186 893 1288 956 τῆς
1348 888 1635 950 κοινωνίας
1693 890 1800 941 τῶν
1860 885 1958 938 τοῦ

286 988 533 1060 Χριστοῦ
594 981 884 1058 μαρτύρων
943 980 1230 1052 ἠξιώθην;
1285 980 1378 1034 καὶ
1433 979 1558 1034 τότε
1616 975 1888 1060 ὀργισθεὶς
1929 973 1958 1027 6

289 1058 509 1151 ἅρχων,
567 1070 786 1150 ἶῤῥιψεν
844 1069 1012 1141 αὐτὴν
1075 1069 1152 1132 εἰς
1207 1069 1310 1139 τήν
1370 1067 1664 1134 θάλασσαν·
1723 1058 1850 1128 ἔνθα
1895 1062 1958 1116 τὸ

293 1162 563 1238 μακάριον
597 1160 759 1225 τέλος
793 1157 1030 1233 ἐδέξατο.

440 1270 540 1326 Καὶ
571 1267 807 1340 ἄθλησις
850 1271 948 1340 τοῦ
996 1264 1157 1340 ἁγίου
1192 1265 1466 1340 μάρτυρος
1497 1258 1814 1329 Ὀλῦιανοῦ,

851 1339 1152 1396 ἐπισκόπου
1183 1339 1402 1398 ’Δνέων.

362 1443 683 1514 Ὀλϐιανξς,
718 1448 746 1502 6
774 1451 872 1502 τοῦ
921 1447 1152 1521 Χριστοῦ
1205 1446 1554 1520 ἱερομάρτος,
1589 1443 1838 1517 ὑπῆρχεν
1871 1439 1958 1494 ἐπὶ

285 1543 391 1606 τῆς
429 1536 716 1614 βασιλείας
747 1536 1114 1609 Μαξιμιανοῦ,
1146 1534 1442 1596 ἐπίσκοπος
1485 1536 1588 1598 τῆς
1632 1529 1960 1600 Ἐκκλησίας

297 1630 523 1688 'Avéwv.
587 1625 686 1681 Καὶ
772 1625 1064 1700 κρατηθεὶς
1143 1625 1291 1698 παρά
1365 1619 1600 1680 Ἰουλίου
1659 1618 1960 1694 ἡγεμόνος,

303 1715 579 1792 παρεδόθη
641 1713 876 1786 θυλακῇ,
933 1712 1306 1788 παραγγελίαν
1371 1710 1683 1784 δεξάμενος,
1741 1710 1815 1781 μή
1877 1704 1963 1762 δι-

312 1807 525 1864 δάσκειν
561 1805 649 1862 ἐπὶ
691 1810 774 1878 τῷ
823 1805 1052 1877 ὀνόματι
1108 1809 1204 1860 τοῦ
1263 1808 1524 1880 Χριστοῦ·
1558 1803 1621 1858 Ὀ
1653 1799 1710 1856 δὲ
1743 1796 1958 1872 μᾶλλον

2061 628 2139 668 an
2171 612 2286 668 diis
2317 613 2651 668 sacriﬁcare
2682 611 2876 666 vellet.
2904 614 2976 666 At
3006 611 3112 666 illa
3131 629 3196 666 os
3226 628 3398 667 suum
3423 612 3722 683 aperiens,

2064 703 2372 774 oculisque
2405 703 2632 757 intente
2665 701 2896 769 deﬁxis,
2928 718 2994 756 ac
3023 701 3371 756 subridendi
3406 703 3558 758 facie
3589 720 3724 758 res-

2063 791 2310 863 pondit:
2343 791 2612 857 Falleris,
2644 808 2676 845 o
2710 791 2886 845 homo
2912 807 2924 844 :
2950 807 3024 845 an
3048 791 3244 845 nescis
3274 807 3367 844 me
3390 797 3722 862 martyrum

2064 880 2280 936 Christi
2315 881 2740 936 communione
2771 880 3009 952 dignam
3066 883 3335 935 etl'ectam
3371 896 3499 935 esse
3521 883 3549 934 ?
3577 883 3723 937 Tum

2063 986 2200 1024 vero
2223 969 2566 1041 indignatus
2587 985 2830 1041 prazses,
2855 969 2916 1024 in
2948 985 3110 1025 mare
3132 969 3296 1024 illam
3326 970 3598 1041 projecit,
3621 969 3723 1024 ubi

2064 1059 2306 1114 beatum
2339 1060 2521 1114 tinem
2551 1059 2797 1130 accepit.

2073 1257 2140 1310 Et
2211 1261 2490 1310 certamen
2561 1261 2740 1310 sancti
2829 1255 3090 1323 martyris
3164 1254 3406 1321 Olbiani,
3484 1254 3728 1324 episcopi

2745 1345 3047 1398 Aneorum.

2139 1451 2446 1516 Olbianus,
2481 1451 2874 1506 sacerChristi
2896 1455 3139 1522 martyr,
3165 1452 3515 1506 Maximiano
3537 1451 3725 1522 impe-

2067 1547 2257 1606 rante,
2293 1540 2568 1594 Ecclesim
2605 1546 2901 1595 Aneorum
2932 1541 3247 1611 episcopus
3276 1539 3407 1595 fuit.
3441 1541 3724 1611 Compre-

2068 1630 2290 1684 hensus
2318 1634 2518 1683 autem
2549 1645 2583 1684 a
2610 1629 2762 1683 Iulio
2795 1629 3070 1700 praaside,
3103 1629 3165 1683 in
3199 1645 3497 1685 carcerem
3524 1629 3729 1684 detru-

2067 1717 2247 1778 ditur.
2280 1717 2480 1772 addito
2511 1718 2813 1780 mandato,
2845 1733 2920 1772 ne
2949 1718 3008 1771 in
3027 1717 3243 1772 Christi
3283 1719 3526 1773 nomine
3550 1719 3728 1773 doce-

2069 1812 2176 1862 ret.
2212 1807 2318 1860 Ille
2348 1823 2484 1861 vero
2509 1807 2696 1860 multo
2727 1808 2914 1874 magis
2941 1806 3126 1862 libere
3177 1808 3477 1864 Christum
3510 1809 3730 1879 praedi-

310 1897 584 1972 παρῥησίᾳ
637 1893 927 1968 κηρύττων
1000 1894 1093 1948 τὸν
1172 1895 1438 1967 Χριστὸν,
1491 1893 1558 1946 τὰ
1613 1889 1736 1963 περὶ
1795 1887 1962 1943 αὐτοῦ

2092 1914 2232 1963 :ans,
2259 1914 2390 1967 quae
2422 1896 2493 1951 ad
2526 1897 2698 1950 illum
2731 1903 3019 1966 spectant,
3053 1896 3330 1952 omnibus
3362 1903 3728 1963 constanter,

307 1985 632 2060 όιήγγελλε,
691 1983 780 2039 καὶ
837 1988 956 2046 τοῖς
1011 1988 1172 2037 πᾶσιν
1230 1981 1519 2057 ἐκήρυττεν
1577 1976 1821 2058 ἀφόϐως.
1867 1981 1965 2034 Διά

294 2080 473 2131 ταῦτα
533 2081 634 2142 τῆς
692 2071 944 2148 φυλακῆς
1001 2066 1312 2142 ἐκϐΛηθεὲς,
1345 2072 1434 2126 καὶ
1489 2070 1556 2126 τὰ
1584 2069 1779 2143 ἱμάτια
1808 2066 1966 2125 ἐκδυ-

295 2165 436 2232 Θείς,
472 2163 678 2241 ἐτόφθη
737 2158 1010 2236 σφοδρῶς,
1069 2161 1156 2215 καὶ
1221 2157 1502 2223 σουϐλίοις
1533 2157 1967 2236 πεπυρακτωμέ-

289 2274 409 2315 νοις
437 2253 542 2320 τήν
569 2249 810 2320 κοιλίαν,
867 2249 958 2305 καὶ
1009 2251 1105 2312 τὰς
1163 2248 1426 2324 πλευρὰς,
1457 2251 1546 2305 καὶ
1576 2249 1642 2305 τὰ
1673 2247 1968 2324 σπλάγχνα

289 2343 694 2412 κατεκεντήθη.
753 2341 856 2396 Καὶ
915 2339 1080 2395 πάλιν
1143 2337 1414 2417 ἀπεῤῥῖφη
1469 2343 1538 2413 τῇ
1588 2337 1805 2418 φυλακῇ
1838 2337 1966 2393 ὡσεὶ

289 2432 514 2508 νεκρός·
573 2432 666 2486 καὶ
705 2435 773 2504 τῇ
828 2434 925 2486 τοῦ
982 2433 1228 2505 Χριστοῦ
1285 2428 1568 2508 ἐπιφανείᾳ
1601 2430 1967 2505 θεραπευθεὶς,

299 2524 460 2586 αὖθις
521 2520 600 2582 εἷς
657 2519 909 2596 δευτέραν
963 2517 1204 2595 παρέστη
1269 2524 1351 2592 τῷ
1423 2520 1654 2596 ἡγεμόνι
1713 2520 1968 2591 ἐξέτασιν.

303 2611 415 2669 Καὶ
471 2615 570 2666 τοῦ
628 2609 905 2684 ἡγεμόνος
987 2604 1496 2683 μεταϐαλλομένου,
1554 2611 1642 2665 καὶ
1726 2629 1973 2685 παρακα-

303 2702 544 2762 λοῦντος
572 2700 734 2756 αὐτὸν
761 2702 916 2756 θῦσαι
947 2705 1065 2762 τοῖς
1099 2697 1377 2766 εἰδώλοις,
1421 2699 1584 2762 αὐτὸς
1616 2699 1784 2755 πάλιν
1817 2699 1973 2772 ὡμο-

305 2790 465 2867 λόγει
515 2790 610 2845 τὸν
669 2789 924 2861 Χριστόν.
983 2788 1122 2846 Τότε
1177 2787 1253 2850 εἷς
1311 2789 1542 2862 κάμινον
1580 2785 1794 2864 μεγάλη
1831 2787 1976 2862 βλη-

307 2881 450 2952 θεῖς,
483 2877 802 2949 ἐτελειώθη.

857 2987 1060 3045 MHNI’
1099 2989 1192 3044 ΤΩ
1231 2988 1435 3044 ΑΥΤΩ.

1120 3077 1179 3132 Λ,

416 3170 540 3240 Μνη
553 3189 632 3241 μη
658 3171 757 3222 τοῦ
788 3165 944 3222 όσίου
969 3165 1204 3241 -Παςτρὸς
1253 3168 1415 3238 ἡμῶν
1443 3164 1744 3236 Ἰσαακίου,
1775 3169 1873 3221 τοῦ

959 3235 1335 3315 ὁμολογητοῦ.

378 3347 679 3418 Ἰσαάκιος,
737 3346 766 3400 6
827 3343 880 3400 ἐν
939 3343 1119 3420 ἁγίοις
1175 3345 1360 3419 Πατὴρ
1411 3346 1597 3418 ἡμῶν,
1646 3345 1894 3420 ὑπῆρχεν
1926 3343 1978 3416 ἐξ

309 3436 649 3495 Ἀνατολῶν·
683 3434 858 3490 ἐλθὼν
919 3431 978 3489 δὲ
1036 3433 1089 3490 ἐν
1150 3433 1730 3492 Κωνσταντινουπόλει
1761 3433 1850 3489 ἐπὶ
1880 3442 1980 3503 τῆς

321 3525 604 3593 βασιλείας
638 3523 948 3586 Οὐάλεντος
1005 3526 1102 3577 τοῦ
1160 3522 1458 3595 αἱρετικοῦ,
1492 3521 1766 3597 ἡσύχαζεν
1800 3522 1850 3576 ἐν
1881 3545 1981 3595 μο-

331 3614 628 3685 ναστηρὶῳθ
686 3614 774 3668 καὶ
862 3613 1146 3682 κινήσαντι
1211 3616 1293 3683 τῷ
1374 3611 1592 3687 βασιλεῖ
1650 3616 1984 3686 πανστρατιᾷ

329 3702 476 3757 κατὰ
529 3707 630 3756 τῶν
687 3703 921 3772 Γότθων,
989 3702 1320 3770 συναντήσας
1379 3703 1547 3756 εἶπεν
1609 3705 1673 3755 Ὦ
1733 3701 1981 3776 βασιλεῦ,

334 3793 549 3863 ἄνοιξον
579 3797 686 3853 τοῖς
738 3789 1053 3867 όρθοδόξοις
1109 3790 1205 3852 τὰς
1265 3789 1578 3860 ἐκκλησίας,
1613 3789 1658 3845 εἷ
1703 3790 1891 3864 βούλει
1925 3791 1984 3846 ἐκ

327 3885 428 3936 τοῦ
486 3880 728 3953 πολέμου
791 3886 895 3949 ζῶν
951 3881 1306 3954 ὑποστρέψαι.
1362 3879 1464 3936 Καὶ
1523 3880 1850 3954 όργισθεὲςὸ
1887 3881 1985 3956 βα-

323 3971 515 4033 σιλεὺς
571 3972 864 4045 προσέταξε
917 3971 1210 4048 τυφθῆναι,
1267 3971 1357 4024 καὶ
1418 3968 1847 4038 ἀποκλεισθῆναι
1893 3970 1986 4024 τὸν

316 4060 478 4137 ἅγιον
508 4060 586 4124 εἷς
633 4059 906 4138 φυλακήν,
973 4059 1171 4134 μέχρις
1226 4059 1288 4112 οὗ
1348 4059 1684 4134 ὑποστρέψῃ.
1719 4059 1852 4114 Τότε
1881 4057 1983 4137 ἔφη

318 4153 350 4207 6
381 4150 560 4226 ἄγίος’
597 4150 663 4206 Ei
685 4149 747 4205 σὺ
794 4147 1174 4222 ὑποστρέψεις,
1219 4147 1280 4202 οὐ
1333 4147 1610 4218 Λελάληκέ
1641 4169 1735 4221 μοι
1771 4149 1799 4204 6
1832 4149 1984 4208 Θεός⁸

320 4241 536 4318 φεῦγων
587 4240 690 4314 γὰρ
750 4240 856 4295 ἀπὸ
905 4238 1205 4313 προσώπου
1280 4241 1386 4292 τῶν
1448 4235 1661 4312 ἐχθρῶν
1722 4259 1838 4307 σου,
1900 4235 1990 4293 διὰ

318 4330 497 4402 πυρὸς
557 4326 682 4402 δέξῃ
741 4328 837 4396 τήν
897 4327 1279 4401 καταστροφήν
1337 4330 1434 4381 τοῦ
1496 4325 1618 4400 βίου
1667 4348 1784 4383 σου.
1818 4329 1888 4385 ’Ὀ
1919 4325 1986 4396 δὴ

316 4418 411 4472 καὶ
441 4417 687 4491 γέγονεν.
718 4416 947 4492 Τραπεὶς
1004 4416 1135 4490 γὰρ,
1185 4414 1278 4470 καὶ
1337 4413 1392 4470 ἐν
1450 4416 1696 4491 ἀχυρῶνι
1744 4437 1990 4493 προσφυ-

317 4507 468 4580 γών,
499 4505 629 4575 ἐκάη
681 4503 733 4560 ἐν
794 4503 962 4578 αὐτῷ,
1018 4508 1129 4559 τῶν
1187 4502 1403 4568 Γότθων
1463 4503 1860 4578 ἐμπρησάντων
1893 4505 1991 4561 αὖ·

2069 2003 2136 2042 ac
2168 1987 2297 2040 sine
2332 1986 2542 2039 timore
2563 1984 2977 2039 annuntiabat.
3001 1985 3399 2050 Quamobrem
3427 2003 3457 2040 e
3489 2003 3728 2041 carcere

2071 2077 2337 2142 eductus,
2370 2093 2437 2132 ac
2461 2075 2720 2131 vestibus
2753 2075 3061 2147 spoliatus.
3082 2077 3335 2147 graviter
3355 2077 3637 2133 cwditur:
3673 2081 3734 2132 et

2072 2165 2302 2220 subulis
2332 2164 2726 2220 candentibus
2758 2165 2819 2219 in
2851 2171 3077 2230 ventre,
3123 2165 3410 2222 lateribus
3441 2183 3508 2222 ac
3542 2166 3728 2221 visce-

2069 2256 2236 2311 ribus
2268 2255 2583 2315 ustulatus,
2616 2254 2813 2310 denuo
2856 2254 2917 2309 in
2950 2271 3250 2310 carcerem
3303 2255 3732 2311 semimortuus

2074 2345 2408 2416 conjicitur.
2441 2343 2671 2399 Christo
2719 2349 2916 2398 autem
2956 2343 3069 2414 ipsi
3113 2350 3438 2416 apparente
3468 2349 3732 2413 curatus,

2076 2435 2295 2490 iterum
2336 2431 2574 2506 praasidi
2636 2433 2887 2500 sistitur,
2921 2438 2978 2488 et
3010 2433 3328 2503 quaastioni
3388 2433 3728 2505 subjicitur.

2077 2524 2345 2595 Cumque
2374 2539 2594 2595 praeses
2628 2528 2852 2578 mutato
2895 2522 3144 2578 consilio
3179 2540 3316 2578 eum
3346 2527 3632 2596 rogasset,
3663 2527 3734 2578 ut

2077 2613 2190 2670 diis
2222 2612 2578 2673 immolaret.
2614 2612 2741 2684 ipse
2771 2629 2905 2668 vero
2929 2629 3136 2668 rursus
3167 2612 3465 2668 Christum
3491 2612 3726 2668 confes-

2080 2721 2180 2759 sus
2206 2702 2436 2770 fuisset,
2468 2702 2530 2757 in
2548 2702 2850 2775 ingentem
2871 2701 3175 2758 fornacem
3198 2701 3477 2774 injectus,
3501 2700 3733 2758 vivendi

2083 2793 2264 2847 tinem
2294 2791 2453 2848 fecit.

2639 2986 2880 3042 EODEM
2929 2985 3181 3041 MENSE.

2696 3074 2800 3131 Die
2831 3073 3137 3130 tricesima

2087 3165 2238 3221 119
2273 3167 2537 3221 Memoria
2587 3167 2767 3221 sancti
2799 3164 2982 3220 Patris
3034 3166 3211 3219 nostri
3267 3164 3486 3233 lsaacii,
3529 3165 3755 3232 confes-

2839 3253 2999 3310 saris.

2163 3362 2413 3417 Sanctus
2443 3363 2618 3416 Pater
2639 3365 2846 3416 noster
2875 3360 3134 3416 Isaacius
3167 3377 3235 3416 ex
3259 3359 3526 3432 partibus
3549 3359 3755 3415 Orien-

2092 3451 2168 3504 tis
2199 3449 2512 3516 oriundus,
2559 3448 3143 3520 Constantinopolim
3201 3448 3381 3515 vanit,
3415 3448 3752 3518 imperante

2093 3538 2338 3593 Valente
2370 3537 2669 3602 haeretica,
2713 3537 2916 3608 ibique
2949 3537 3012 3592 in
3071 3537 3328 3607 quodam
3389 3535 3756 3591 monasterio

2092 3628 2270 3682 vitam
2305 3625 2689 3697 tranquillam
2743 3626 2877 3694 egit.
2929 3626 3194 3697 Cumque
3245 3625 3402 3680 idem
3432 3626 3760 3696 imperator

2092 3716 2437 3787 frequentes
2459 3715 2661 3785 copias
2682 3715 2962 3770 adversus
2985 3716 3229 3770 Gotthos
3259 3715 3524 3780 duceret,
3548 3731 3759 3769 occur-

2097 3822 2237 3860 rens
2253 3805 2302 3859 ei
2326 3805 2580 3859 Isaacius
2603 3803 2772 3858 dixit:
2798 3805 2841 3860 Ο
2863 3805 3208 3875 imperator,
3229 3804 3392 3875 aperi
3407 3803 3755 3859 orthodoxis

2096 3894 2404 3955 ecclesias,
2430 3893 2477 3948 si
2510 3894 2594 3947 vis
2621 3909 2691 3947 ex
2716 3893 2921 3965 praelia
2940 3893 3260 3948 incolumis
3290 3894 3526 3948 reverti.
3563 3894 3755 3947 Iratus

2095 3991 2294 4040 autem
2328 3984 2672 4055 imperator,
2716 3983 2900 4053 jussit
2949 3989 3218 4039 sanctum
3268 3983 3572 4055 vapulare,
3606 3987 3664 4038 et
3692 3983 3756 4036 in

2097 4089 2397 4130 carcerem
2430 4071 2670 4142 conjici,
2701 4072 2890 4127 donec
2939 4073 3065 4144 ipse
3097 4073 3338 4128 rediret.
3371 4076 3446 4127 At
3476 4076 3755 4128 sanctus:

2098 4162 2154 4217 Si
2186 4177 2456 4217 reversus
2487 4159 2694 4228 fueris,
2748 4160 2963 4232 inquit,
3005 4161 3066 4215 in
3102 4177 3197 4214 me
3251 4159 3485 4216 locutus
3517 4177 3638 4215 non
3670 4163 3763 4214 est

2100 4253 2256 4307 Deus
2310 4255 2724 4305 verumtamen
2781 4266 2816 4304 a
2870 4249 3022 4304 facie
3081 4249 3467 4304 inimicorum
3521 4253 3760 4304 tuorum

2099 4340 2354 4413 fugiens,
2387 4357 2494 4412 per
2514 4339 2714 4411 ignem
2739 4339 2869 4394 vita:
2894 4344 3006 4393 tua:
3035 4338 3259 4394 exitum
3289 4337 3556 4393 habebis.
3591 4336 3758 4402 Quod

2103 4435 2161 4484 et
2191 4429 2473 4501 contigit:
2506 4444 2645 4483 nam
2679 4427 2738 4482 in
2770 4427 2972 4500 fugam
3003 4442 3322 4482 conversus
3359 4441 3494 4481 cum
3525 4426 3588 4480 in
3618 4423 3760 4478 hor-

2103 4534 2270 4575 reum
2304 4534 2432 4573 sese
2464 4516 2812 4585 abdidisset,
2846 4517 2907 4571 in
2931 4533 2997 4572 eo
3031 4521 3447 4572 concrematus
3478 4519 3587 4582 est,
3621 4514 3762 4568 Got-

320 4596 445 4651 τόν.
479 4596 606 4652 Ἐπὶ
637 4595 728 4649 οὗν
772 4598 842 4668 τῇ
885 4593 1188 4670 προῤῥήσει
1235 4591 1431 4668 ταύτῃ,
1480 4593 1570 4648 καὶ
1619 4592 1818 4657 ἄλλοις
1848 4595 1976 4652 πολ·

2104 4607 2220 4663 this
2252 4607 2449 4678 ignem
2483 4605 2911 4678 injicientibus.
2947 4607 3065 4662 Hac
3096 4607 3296 4676 itaque
3349 4603 3763 4677 praidictione,

324 4685 454 4747 λοῖς
513 4684 905 4760 κατορθώμασι
965 4682 1322 4758 μέγαλυνθεὶς
1380 4684 1409 4738 6
1467 4681 1644 4759 ἅγιος,
1702 4684 1757 4741 ἐν
1797 4684 1991 4761 εἲρήνῃ

326 4775 635 4847 ἐκοιμήθη.

404 4865 512 4921 Καὶ
543 4861 776 4936 ἃθλησις
813 4868 924 4920 τῶν
972 4863 1144 4939 ἁγίων
1200 4862 1489 4940 μαρτύρων
1545 4859 1826 4937 Εὖσεϐίου,
1857 4867 1994 4922 Ῥω-

333 4958 534 5028 μανοῦ,
591 4954 850 5026 Μεντίου,
908 4951 1322 5028 Χαραλάμπους
1378 4953 1469 5010 καὶ
1523 4953 1841 5030 Χριστίνης.
1892 4957 1996 5014 Καὶ

327 5047 430 5098 τοῦ
455 5041 713 5114 πλήθους
741 5047 851 5100 τῶν
908 5043 1074 5118 ἁγίων
1124 5046 1232 5098 τῶν
1286 5043 1337 5098 ἐν
1395 5043 1740 5118 Νικομηδείᾳ
1782 5066 1996 5122 μαρτυ-

328 5133 640 5209 ρησάντων.

893 5243 1075 5299 MHNI
1112 5243 1204 5320 τᾳ
1244 5245 1442 5321 Αττο.

1117 5333 1225 5388 AA‘

544 5421 818 5494 Ἀθλησις
861 5425 960 5477 τοῦ
1006 5420 1161 5496 ἁγίου
1195 5420 1473 5496 μάρτυρος
1505 5421 1786 5496 Ἑρμείου.

398 5533 685 5610 Ἑρμείας,
747 5532 776 5586 ὁ
833 5534 931 5585 τοῦ
983 5533 1223 5604 Χριττοῦ
1284 5527 1512 5602 μάρτυς,
1565 5529 1632 5598 ἦν
1685 5531 1780 5602 μὲν
1814 5530 1872 5586 ἐκ
1905 5539 2007 5602 τῆς

327 5625 549 5688 πόλεως
608 5620 909 5694 Κομίνιον,
960 5619 1297 5691 στρατιώτης
1347 5616 1404 5672 δὲ
1457 5617 1544 5672 ἐπὶ
1589 5625 1688 5690 τῆς
1725 5621 2004 5696 βασιλείας

323 5715 688 5783 “nmmo”,
722 5712 826 5780 τὴν
886 5707 1107 5780 ἡλικίαν
1165 5705 1276 5778 ἤδη
1330 5702 1719 5784 προϐεϐηκὼς,
1757 5711 1846 5767 καὶ
1882 5709 2007 5770 λευο

2103 4696 2358 4768 aliisque
2381 4695 2585 4752 multis
2615 4695 2899 4767 praclare
2916 4697 3096 4770 gestis
3125 4695 3380 4752 illustris
3407 4695 3598 4751 factus
3629 4709 3765 4749 san-

2105 4792 2256 4856 ctus,
2291 4787 2353 4841 in
2384 4802 2528 4858 pace
2551 4784 2930 4842 obdormivit.

2177 4877 2249 4930 Et
2277 4881 2584 4931 certamen
2616 4881 2959 4931 sanctorum
2993 4880 3326 4947 martyrum
3357 4872 3616 4941 Eusebii,
3659 4874 3771 4928 Ro-

2108 4965 2291 5030 mani,
2352 4965 2592 5031 Mentii,
2653 4965 3084 5038 Charalampus
3157 4971 3218 5021 et
3269 4965 3654 5020 Christianas:
3717 4965 3776 5017 et

2107 5053 2435 5110 multorum
2467 5059 2833 5123 sanctorum,
2891 5055 2994 5127 qui
3025 5055 3379 5128 martyrium
3412 5049 3773 5110 Nicomedia

2107 5143 2268 5217 passi
2315 5149 2474 5200 sunt.

2671 5273 2913 5329 EODEM
2945 5273 3199 5329 MENSE.

2611 5363 2713 5417 Die
2744 5362 3049 5418 tricesima
3087 5361 3282 5431 prima

2367 5452 2650 5507 Certamen
2692 5455 2876 5506 sancti
2919 5453 3157 5506 Hermia
3204 5449 3489 5519 martyris.

2189 5540 2478 5608 Hermias,
2504 5541 2722 5595 Christi
2759 5545 3006 5610 martyr,
3038 5539 3152 5592 fuit
3186 5553 3256 5592 ex
3304 5535 3450 5590 urbe
3481 5531 3776 5600 Comanis,

2117 5630 2453 5700 imperante
2479 5631 2736 5686 Antonio
2754 5631 2933 5684 vitam
2961 5627 3285 5683 militarem
3315 5641 3516 5698 agens,
3529 5623 3779 5693 jamque

2120 5725 2292 5774 aetate
2345 5725 2683 5791 provectus,
2743 5731 3044 5789 canosque
3103 5714 3352 5788 capillos
3410 5711 3659 5772 habens.
3691 5711 3776 5768 0b
