4108 6432
424 392 546 451 483

1749 390 2182 456 MENOLOGII
2227 393 2433 458 PARS
2480 396 2589 457 III.

3737 404 3858 464 484

426 522 644 578 Christi
701 527 895 579 autem
952 523 1386 580 confessionem
1445 529 1675 597 captus,
1736 524 2044 582 Sebastian

2161 592 2168 599 _
2196 527 2300 595 κήν
2332 521 2478 602 ἔχων
2510 528 2611 596 τήν
2638 528 2828 604 τρίχα.
2863 528 2962 585 Διὰ
3019 527 3078 585 δὲ
3131 531 3231 600 τὴν
3264 529 3341 594 εἷς
3372 531 3613 606 Χριστὸν
3643 531 3860 606 ὁμολο-

433 613 567 668 duci
602 615 850 685 sistitur,
883 615 955 670 ab
997 632 1184 686 eoque
1241 617 1623 687 compellitur
1653 615 1828 671 idolis
1861 616 2048 672 sacrifl

2194 615 2312 690 γίαν
2343 619 2654 690 κρατηθεὶς,
2685 619 2773 673 καὶ
2810 613 3158 692 Σεϐαστιανῷ
3186 625 3266 692 τῷ
3307 619 3462 677 δουκὶ
3492 623 3850 696 προσαχθεὶς,

430 723 584 762 care.
620 706 730 760 Sed
761 723 894 760 cum
927 705 984 760 id
1006 704 1200 760 facere
1218 711 1538 771 recusaret,
1575 706 1636 760 in
1667 705 1924 760 maxillis
1947 705 2090 777 lapi-

429 795 601 850 dibus
633 795 1055 861 contunditur;
1089 795 1306 850 deinde
1337 795 1603 849 detracta
1663 796 1841 850 totius
1889 795 2085 850 vultus

424 883 601 955 pelle,
634 884 844 938 dentes
877 883 1070 938 eidem
1110 883 1466 938 evelluntur.
1503 885 1629 937 Mox
1660 883 1722 938 in
1772 882 2082 938 ardentem

421 972 718 1029 fernacem
750 972 1028 1044 injectus,
1049 973 1307 1043 indeque
1326 974 1454 1027 sine
1472 975 1509 1027 ‘I
1526 973 1626 1028 20
1645 989 1795 1028 noxa
1807 988 2080 1044 egressus

419 1063 664 1134 jubetur
693 1064 1000 1117 venenatis
1031 1063 1179 1117 cibis
1211 1063 1384 1117 vesci.
1420 1062 1531 1117 Sed
1553 1079 1687 1117 cum
1712 1063 1820 1116 hos
1842 1078 2078 1132 quoque

423 1151 573 1206 citra
605 1150 889 1206 damnum
946 1151 1320 1221 sumpsisset,
1354 1150 1428 1205 ad
1459 1151 1674 1204 Christi
1726 1150 1904 1205 fidem
1935 1166 2075 1204 con-

420 1241 596 1294 vertit
625 1256 781 1309 eum,
807 1239 907 1311 qui
940 1239 1075 1294 illos
1101 1246 1552 1310 praeparaverat,
1585 1256 1866 1311 magnum
1897 1244 1957 1294 et
1985 1255 2076 1294 ca-

419 1329 541 1399 pite
567 1329 807 1402 plexum
837 1329 912 1384 ad
968 1345 1250 1384 coronam
1306 1329 1572 1399 martyrii
1605 1328 1913 1400 praemisit.
1940 1329 2072 1398 Ipse

416 1423 616 1473 autem
649 1419 894 1473 succisis
925 1419 1104 1474 totius
1127 1418 1391 1490 corporis
1422 1419 1644 1484 nervis,
1676 1417 1738 1472 in
1759 1417 2070 1472 ardentem

412 1506 670 1562 lebetem
697 1508 1076 1562 immittitur:
1103 1523 1172 1561 ex
1190 1523 1308 1578 quo
1337 1523 1471 1562 cum
1493 1506 1814 1562 incolumis
1845 1506 2066 1561 evasis-

415 1601 525 1660 set,
558 1596 789 1651 ef‘fossis
821 1599 1030 1664 oculis,
1067 1596 1257 1668 capite
1286 1596 1520 1652 inverso
1553 1611 1899 1667 suspensus,
1933 1599 2066 1650 tan-

410 1685 547 1740 dem
579 1684 906 1741 decollatus
935 1685 1066 1740 fuit.

784 1791 1205 1885 MENSE
1270 1792 1663 1886 JUNIO.

1065 1935 1168 1990 Die
1209 1935 1404 1991 prima

1068 1953 1168 1990 me
1249 1953 1404 1991 rima

406 2027 558 2083 12]
595 2026 881 2084 Certamen
918 2029 1096 2083 sancti
1148 1953 1412 2100 mzrtyris
1467 2025 1679 2082 Justini
1710 2026 2056 2098 philosoPhi.

471 2217 736 2272 Justinus
770 2216 988 2271 Christi
1039 2217 1516 2289 sapientissimus
1556 2222 1800 2289 martyr,
1835 2222 1962 2272 erat
1989 2233 2060 2272 ex

400 2304 645 2375 Neapoli
677 2304 879 2376 Syriae,
923 2305 1011 2358 vir
1052 2305 1465 2376 philosophus,
1498 2321 1565 2361 ac
1597 2305 1916 2376 plurimam
1952 2305 2059 2360 ha-

397 2391 547 2447 bens
569 2392 786 2447 mentis
802 2395 1252 2464 perspicaciam.
1273 2395 1570 2448 Christum
1587 2399 1786 2448 autem
1806 2393 2058 2466 diligens

394 2498 650 2552 cumque
680 2483 815 2538 odio
836 2483 1126 2539 habentes
1159 2484 1528 2552 adversatus,
1560 2483 1758 2539 divino
1792 2483 2055 2555 quotidie

393 2571 516 2626 zelo
541 2572 1032 2627 succendebatur.
1049 2573 1420 2645 Quapropter
1441 2579 1500 2627 et
1519 2574 1767 2628 Romam
1791 2573 2053 2640 veniens,

399 2659 655 2715 Antonio
705 2661 1062 2733 imperante,
1118 2679 1253 2717 cum
1308 2663 1529 2717 librum
1571 2662 1910 2734 scripsisset
1939 2661 2052 2716 ad-

392 2766 598 2804 versus
622 2749 920 2805 idolorum
955 2767 1239 2816 errorem,
1274 2756 1333 2807 et
1372 2752 1431 2805 in
1465 2751 1715 2822 gratiam
1767 2751 2052 2806 Christia-

390 2855 602 2894 norum
633 2839 792 2906 fidei,
827 2839 995 2894 illum
1029 2840 1245 2895 obtulit
1275 2840 1654 2910 imperatori:
1689 2839 1790 2910 qui
1823 2838 2047 2911 sapien-

389 2928 534 2983 tiam
565 2933 742 2999 atque
775 2929 1086 2983 scientiam
1129 2931 1256 2999 ejus
1317 2929 1670 2993 admiratus,
1718 2945 1839 2983 non
1874 2927 2048 2982 modo

390 3017 560 3072 illum
593 3035 713 3073 non
742 3018 1063 3082 interfecit,
1099 3035 1300 3073 verum
1332 3019 1529 3090 potius
1589 3017 2045 3073 commendavit.

386 3107 677 3172 Quoniam
706 3125 840 3163 vero
873 3107 936 3162 in
979 3107 1102 3162 suis
1161 3106 1234 3162 ad
1295 3107 1576 3162 idolatras
1611 3105 2048 3161 dissertationi-

2091 1909 2139 1972 B

2195 701 2439 774 ἐϐιάζετο
2471 709 2626 762 θῦσαι
2655 713 2772 770 τοῖς
2830 707 3106 771 εἰδώλοις.
3169 710 3266 765 Καὶ
3321 713 3397 784 μὴ
3431 712 3691 778 πεισθεὶς,
3728 734 3856 768 συν-

2194 791 2381 868 ετρίϐη
2446 795 2625 859 λίθοις
2675 798 2772 859 τὰς
2829 798 3101 873 σιαγόνας,
3158 799 3249 854 καὶ
3300 802 3365 856 τὸ
3423 802 3519 856 τοῦ
3550 803 3856 872 προσώπου

2191 881 2364 958 δερμα
2421 884 2668 959 ἐξεδάρη,
2727 887 2816 943 καὶ
2864 887 2993 953 τοὺς
3053 886 3275 953 ὀδόντας
3332 890 3682 966 ἐξερῥιζώθη.
3746 894 3853 950 Καὶ

2187 973 2266 1034 εἷς
2295 975 2524 1048 κάμινον
2571 971 2895 1049 ἐμϐληθεὶς,
2944 977 3168 1049 ἐξῆλθεν
3214 973 3489 1050 ἀϐλαϐής·
3539 980 3630 1036 καὶ
3663 978 3855 1051 δηλη-

2182 1065 2379 1138 τήριον
2431 1067 2731 1138 ποτισθεῖς,
2788 1068 2878 1122 καὶ
2940 1065 3110 1141 μηδὲν
3168 1067 3470 1139 ἀδικηθεὶς,
3529 1069 3619 1124 τὸν
3677 1073 3848 1125 τοῦτο

2182 1153 2482 1226 κεράσαντα
2565 1155 2726 1232 μέγον
2813 1158 3176 1232 παρεσκεύασε
3256 1161 3537 1214 πιστεῦσαι
3599 1164 3851 1234 Χριστῷ,

2179 1242 2268 1296 κσὶ
2336 1244 2468 1318 ὑπὲρ
2548 1245 2713 1300 αὐτοῦ
2798 1245 3327 1323 ἀποκεφαλισθῆναι.
3386 1249 3524 1304 Εἶτα
3581 1247 3850 1303 ἐκσπᾶται

2179 1335 2353 1387 πάντα
2381 1335 2449 1388 τὰ
2477 1339 2637 1395 νεῦρα
2664 1338 2765 1389 τοῦ
2809 1337 3082 1408 σώματος,
3115 1336 3205 1391 καὶ
3261 1336 3336 1398 εἰς
3400 1332 3606 1407 λέϐητα
3653 1358 3847 1413 πυρω-

2178 1423 2334 1487 θέντα
2364 1420 2680 1495 ἐμϐληθεὶς,
2732 1424 2956 1498 ἐξῆλθεν
2997 1421 3270 1496 ἀϐλαϐής.
3304 1429 3440 1484 Εἶτα
3467 1427 3596 1488 τοὺς
3631 1425 3852 1505 ὀφθαλ-

2177 1512 2315 1586 μοὺς
2374 1513 2748 1586 ἐκκεντισθείς,
2805 1515 2898 1570 καὶ
2954 1515 3278 1591 κρεμασθεὶς
3346 1514 3484 1571 κατᾶ
3565 1516 3849 1594 κεφαλῆς,

2175 1601 2581 1680 ἂπεκεφαλίσθη
2592 1647 2604 1660 .

2559 1809 2885 1903 ΜΗΝΙ
2970 1807 3445 1904 ΙΟΥΝΙΩ.

2777 1945 2868 2002 Ἐν
2908 1946 2978 2018 τῇ
3022 1942 3214 2018 πρώτῃ

2309 2031 2580 2104 ’Άθλησις
2611 2037 2709 2088 τοῦ
2749 2031 2907 2108 ἁγίου
2956 2033 3227 2108 μάρτυρος
3261 2032 3554 2089 ’Ῑουστίνου
3581 2035 3682 2088 τοῦ

2830 2104 3157 2181 φιλοσόφου’.

2238 2195 2550 2264 ’Ῑουστῖνος,
2607 2195 2635 2249 ὁ
2693 2197 2790 2249 τοῦ
2848 2195 3085 2266 Χριστοῦ
3141 2193 3457 2271 σοφώτατος
3501 2192 3728 2268 μάρτυς,
3762 2197 3836 2263 ἦν

2165 2282 2270 2338 ἀπὸ
2329 2283 2656 2345 Νεαπόλεως
2714 2289 2814 2352 τῆς
2869 2281 3091 2356 Συρίας,
3154 2281 3458 2357 φιλόσοφος
3519 2283 3680 2357 ἀνὴρ,
3735 2283 3838 2338 καὶ

2164 2371 2374 2428 σύνεσιν
2407 2371 2552 2448 ἔχων
2581 2371 2824 2444 πολλήν.
2884 2373 3136 2446 Ἀγαπῶν
3189 2368 3248 2426 δὲ
3301 2372 3394 2426 τὸν
3445 2372 3700 2448 Χριστὸν,
3735 2372 3843 2428 καί

2158 2461 2287 2523 τοὺς
2318 2463 2478 2517 αὐτὸν
2518 2467 2818 2536 μισοῦντας
2871 2459 3372 2534 ἀποστρεφόμενος,
3404 2464 3472 2535 τῇ
3505 2461 3637 2534 θείῳ
3670 2462 3837 2536 ζήλῳ

2161 2547 2427 2606 διεκαίετο
2487 2553 2606 2616 καθ’
2659 2552 2891 2626 ἡμέραν.
2963 2549 3060 2605 Διά
3114 2555 3274 2606 τοῦτο
3326 2549 3416 2605 καὶ
3461 2549 3714 2614 ἀπελθὼν
3749 2551 3837 2615 εἰς

2159 2640 2379 2712 Ῥώμην
2436 2639 2520 2695 ἐπὶ
2581 2647 2680 2711 τῆς
2743 2639 3025 2715 βασιλείας
3081 2639 3428 2707 Ἀντωνίνου,
3463 2640 3551 2694 καὶ
3603 2640 3820 2715 γράψας

2156 2728 2327 2802 τόμον
2355 2728 2491 2784 κατᾶ
2532 2731 2631 2798 τῆς
2691 2727 2904 2799 πλάνης
2964 2728 3060 2800 μὲν
3116 2731 3222 2784 τῶν
3284 2725 3558 2798 εἷδώλων,
3593 2728 3727 2800 ὑπὲρ
3762 2727 3824 2783 δὲ

2155 2827 2254 2889 τῆς
2287 2820 2520 2884 πίστεως
2561 2825 2669 2876 τῶν
2720 2823 3088 2894 Χριστιανῶν,
3138 2817 3436 2876 ἐπιδέδωκε
3462 2823 3542 2891 τῷ
3577 2818 3817 2896 βασιλεῖ.

2156 2910 2262 2965 Καὶ
2295 2910 2572 2984 θαυμάσας
2629 2911 2658 2964 ὁ
2718 2907 2972 2984 βασιλεὺς
3027 2910 3124 2978 τήν
3188 2910 3378 2987 σοφίαν
3410 2908 3575 2964 αὐτοῦ
3599 2907 3689 2964 καί
3714 2911 3822 2979 τήν

2156 2997 2492 3073 ἐπιστήμην,
2526 2999 2587 3054 οὐ
2646 2998 2808 3072 μόνον
2865 2998 2967 3053 οὐκ
3022 2996 3301 3074 ἐφόνευσεν
3334 2997 3518 3069 αὐτὸν,
3550 2995 3699 3053 ἀλλὰ
3728 2999 3824 3054 καὶ

2154 3089 2436 3162 ἐπῄνεσεν.
2471 3088 2620 3145 Ἐπεὶ
2653 3087 2710 3143 δὲ
2767 3086 2856 3142 καὶ
2915 3087 2968 3142 ἐν
3027 3092 3147 3149 ταῖς
3181 3087 3320 3161 πρὸς
3349 3086 3476 3148 τοὺς
3509 3085 3822 3142 εἰδωλολά-

389 3195 520 3258 ὺιιε,
535 3195 834 3250 idolorum
849 3196 1072 3250 cultum
1105 3195 1378 3250 fallacem
1404 3194 1777 3262 ostendebat,
1803 3201 1861 3249 et
1877 3194 2046 3249 Chri-

2161 3197 2302 3255 ερας·
2360 3177 2650 3249 διαλὲξεσι,
2706 3178 2806 3247 τήν
2871 3177 2966 3251 μὲν
3025 3177 3312 3251 θρησκείαν
3374 3181 3480 3231 τῶν
3539 3174 3812 3244 εἰδώλων,

388 3286 720 3339 stianorum
744 3286 1093 3358 religionem
1114 3285 1351 3356 scriptis
1383 3285 1747 3357 argumentis
1771 3284 2046 3338 ﬁrmabat

2161 3267 2448 3339 ἀπατηλὴν
2505 3269 2798 3342 ἀπέφηνεν,
2857 3267 2956 3335 τὴν
3019 3263 3076 3321 δὲ
3131 3271 3238 3320 τῶν
3301 3269 3631 3340 Χριστιανῶν
3686 3258 3806 3318 ἐϐε-

387 3375 720 3430 Crescentis
778 3374 1117 3447 philosophi
1171 3375 1454 3430 invidiam
1504 3374 1705 3442 subiit,
1739 3379 1914 3444 atque
1973 3373 2045 3429 ab

382 3462 517 3533 ipso
551 3464 703 3520 122
727 3463 862 3519 odio
881 3464 1143 3528 habitus,
1169 3463 1406 3519 insidiis
1430 3463 1652 3534 petitus
1685 3468 1792 3529 est,
1827 3479 2044 3534 quous-

386 3569 500 3622 que
534 3553 605 3608 ab
634 3570 702 3608 eo
736 3554 1088 3609 interfectus
1119 3554 1250 3608 fuit.

453 3645 526 3697 Et
556 3649 831 3698 certamen
861 3646 1039 3698 sancti
1067 3642 1334 3713 martyris
1363 3645 1571 3698 Justim'
1597 3647 1650 3697 et
1678 3644 1970 3698 sociorum.

451 3831 644 3885 Etiam
675 3831 736 3885 hi
783 3831 970 3885 sancti
1033 3834 1231 3886 Romae
1288 3833 1694 3898 versabantur,
1738 3832 1799 3886 in
1825 3830 2040 3886 Christi

382 3920 627 3974 nomine
678 3919 980 3975 docentes.
1034 3921 1456 3992 Comprehensi
1513 3928 1712 3976 autem
1771 3921 1842 3975 ab
1874 3920 2038 3976 urbis

380 4009 682 4081 praefecto,
717 4009 940 4065 detrusi
974 4015 1113 4065 sunt
1142 4010 1202 4065 in
1225 4027 1545 4075 carcerem,
1579 4027 1646 4065 ac
1676 4015 1808 4081 post
1836 4009 2037 4080 plures

384 4099 511 4154 dies
544 4097 680 4153 inde
696 4098 914 4168 educti,
931 4116 1128 4154 coram
1153 4100 1255 4155 illo
1271 4100 1508 4156 adducti
1533 4105 1689 4155 sunt.
1715 4098 2036 4154 Praefectus

381 4195 582 4246 autem
596 4195 730 4263 post
759 4191 978 4247 multas
1008 4207 1075 4247 ac
1106 4192 1294 4247 varias
1324 4191 1840 4262 interrogationes,
1865 4190 2037 4245 Justi-

379 4297 526 4336 num
554 4281 636 4336 ita
665 4281 1080 4354 interrogavit:
1124 4281 1228 4338 Dic
1255 4281 1421 4349 mihi,
1450 4279 1699 4350 Justine,
1733 4279 1950 4350 inquit,
1983 4280 2034 4335 si

374 4368 575 4442 ﬂagris
607 4387 796 4425 caesus
833 4387 901 4424 ac
931 4370 1124 4442 capite
1157 4374 1465 4426 truncatus
1495 4368 1700 4436 fueris,
1757 4374 2031 4424 certusne

376 4459 620 4514 omnino
679 4459 868 4514 factus
925 4476 985 4514 es
1037 4464 1092 4515 te
1162 4473 1551 4514 ascensurum
1611 4457 1673 4512 in
1758 4457 1970 4513 cmlum
2004 4458 2032 4513 ?

370 4547 473 4602 Cui
497 4548 800 4602 Justinus:
835 4548 1014 4618 Spero
1073 4546 1486 4602 hereditatem
1520 4547 1683 4618 regni
1741 4547 2026 4602 caalorum

2154 3355 2332 3427 ϐαίου,
2364 3360 2454 3415 καὶ
2512 3358 2764 3433 ἐκράτυνε
2821 3363 3112 3436 γραφικαῖς
3169 3355 3487 3431 ἀποδείξεσι,
3519 3353 3806 3432 ἐφθογήθη

2157 3451 2260 3505 ὑπὸ
2321 3449 2640 3524 Κρίσκεντος
2691 3453 2790 3503 τοῦ
2848 3445 3178 3524 φιλοσόφου.
3236 3447 3339 3504 Καὶ
3396 3445 3682 3524 φθονηθεὶς
3713 3441 3814 3498 ἐπ-

2153 3535 2496 3605 εϐουλεύετο,
2524 3538 2632 3600 ’ὲως
2661 3537 2898 3612 ἀνῃρέθη
2931 3539 3056 3613 παρ’
3091 3535 3318 3595 ἐκείνου.

2150 3630 2254 3686 Καὶ
2309 3627 2537 3700 ἄθλησις
2593 3632 2690 3684 τοῦ
2776 3627 3300 3701 ἁγίουμμάρτυρος
3368 3623 3663 3681 Ἰουστίνου
3719 3624 3820 3678 καὶ

2686 3701 2756 3767 τῆ
2763 3721 2786 3761 ς
2819 3695 3068 3762 συνοδίας
3087 3695 3274 3754 αὐτοῦ.

2221 3790 2322 3846 Καὶ
2354 3791 2506 3844 αὗτοι
2537 3790 2594 3844 οἱ
2626 3789 2774 3862 ἅγιοι
2834 3787 2886 3843 ἐν
2946 3792 3016 3862 τῇ
3074 3787 3267 3861 Ῥώμῃ
3321 3781 3617 3859 διέτριϐον,
3655 3781 3818 3838 διδά-

2147 3899 2364 3940 σκοντες
2396 3878 2483 3932 ἐπὶ
2509 3882 2588 3949 τῷ
2638 3877 2868 3951 ὀνόματι
2921 3880 3019 3932 τοῦ
3079 3879 3342 3950 Χριστοῦ.
3378 3876 3478 3929 Καὶ
3509 3871 3820 3943 κρατηθὲν-

2141 3991 2229 4032 τες
2261 3967 2406 4044 παρὰ
2461 3972 2557 4023 τοῦ
2613 3974 2713 4036 τῆς
2764 3967 2984 4029 πόλεως
3043 3966 3317 4041 ἐπάρχου,
3373 3963 3820 4033 ἀπεκλείσθησαν

2143 4059 2222 4122 εἷς
2267 4057 2552 4128 ¹φυλακήν.
2614 4056 2714 4112 Καὶ
2779 4056 2912 4131 μετὰ
2967 4053 3184 4118 πολλὰς
3242 4053 3455 4129 ἡμέρας
3504 4060 3605 4123 τῆς
3636 4052 3826 4131 φυλαο

2140 4156 2244 4218 κῆς
2273 4142 2649 4218 ἐκϐληθέντες,
2708 4148 3050 4221 παρέστησαν
3111 4148 3190 4217 τῷ
3248 4143 3500 4218 ἐπάρχῳ,
3536 4143 3635 4197 Καὶ
3667 4141 3820 4214 ἐρώ-

2138 4259 2298 4307 τησεν
2362 4237 2390 4292 ὁ
2449 4231 2692 4312 ἔπαρχος
2745 4236 2838 4291 τὸν
2895 4236 3188 4294 ’Ῑουστῖνον
3254 4234 3389 4307 μετὰ
3439 4231 3658 4295 πολλὰς
3714 4233 3817 4286 καὶ

2138 4323 2314 4389 ἄλλας
2374 4324 2688 4402 ἐρωτήσεις·
2750 4324 2908 4395 Εἰπὲ,
2971 4325 3259 4392 Ἰουστῖνε,
3310 4322 3398 4378 ἐὰν
3436 4322 3819 4397 μαστιγωθεὶς

2137 4416 2228 4472 καὶ
2288 4414 2748 4494 ἀποκεφαλισθεὶς
2829 4415 3047 4477 πάντως
3126 4411 3647 4487 πεπληροφόρησαι,
3718 4409 3818 4466 ὅτι

2140 4504 2363 4579 μέλλεις
2395 4501 2703 4561 ἀναϐαίνειν
2760 4504 2838 4568 εἲς
2891 4506 2984 4561 τὸν
3029 4506 3258 4582 οὐρανόν
3285 4526 3297 4576 ;
3331 4507 3392 4563 Ὀ
3422 4502 3479 4559 δὲ
3507 4509 3818 4568 Ἰουστῖνος

376 4593 473 4602 ν..-
497 4593 800 4602 -..νη-κ-.
835 4593 1011 4618 sfw-
1073 4593 1486 4602 --νμννηνηηη
1520 4593 1683 4618 ηδ.--
1744 4593 2026 4602 πηνα...

370 4651 466 4689 me
500 4641 981 4702 consecuturum,
1017 4635 1065 4689 si
1107 4634 1287 4690 alacri
1342 4635 1542 4689 animo
1577 4635 1700 4689 haac
1732 4638 2028 4691 tormenta

2161 4597 2298 4652 ἶπεν·
2334 4595 2581 4664 Ἐλπίζω
2613 4593 3040 4668 κληρονομῆσαι
3089 4597 3190 4665 τὴν
3229 4599 3336 4651 τῶν
3369 4594 3612 4669 οὐρανῶν
3650 4594 3820 4669 βασι-

2211 4684 2220 4702 .
2348 4683 2396 4702 ,ι
2471 4685 2484 4702 ρ
2654 4683 2665 4702 .
2910 4696 2927 4702 -
2952 4683 2964 4702 ι
3234 4684 3248 4702 ι
3422 4683 3435 4700 .
3509 4685 3537 4702 η
3628 4681 3638 4700 ρ

373 4723 733 4779 sustinuero.
760 4724 846 4778 Ad
878 4723 1002 4779 haec
1048 4724 1400 4795 pris-fectus:
1454 4725 1573 4779 Hoc
1621 4724 1798 4797 igitur
1826 4731 2020 4797 putas,

373 4811 531 4882 quod
585 4812 665 4866 sis
697 4829 1052 4868 ascensurus
1083 4814 1143 4867 in
1175 4814 1410 4880 malum,
1470 4813 1671 4885 ibique
1729 4815 2020 4869 bonorum

370 4901 765 4972 quorumdam
814 4903 1270 4958 retributionem
1324 4909 1670 4976 recepturus
1690 4905 1718 4959 ‘I
1746 4906 1816 4958 Et
1843 4905 2018 4960 Justi-

367 5007 480 5045 nus
517 4992 684 5046 :Non
741 4992 954 5064 opinor
1009 4993 1223 5060 solum,
1258 4993 1473 5063 inquit,
1536 4992 1641 5048 sed
1689 4993 2022 5049 certissima

362 5080 752 5151 persuasione
792 5081 854 5136 id
902 5086 1094 5138 teneo.
1159 5084 1318 5138 Tunc
1366 5081 1852 5154 praefectijussu,
1898 5100 2021 5140 una

363 5185 498 5225 cum
529 5170 750 5226 sanctis
786 5171 985 5236 sociis,
1019 5172 1210 5243 capite
1240 5172 1448 5242 plexus
1479 5175 1588 5226 est.

921 5261 1162 5315 EODEM
1202 5259 1458 5314 MENSE.

996 5351 1094 5405 Die
1127 5348 1391 5405 secunda
1451 5379 1462 5387 -

365 5435 630 5493 Mamoria
675 5437 853 5494 sancti
899 5441 1084 5494 Patris
1130 5441 1324 5502 nostri,
1385 5444 1439 5492 et
1498 5439 1818 5505 confessoris
1849 5443 2014 5497 Nice-

570 5527 760 5597 phori,
783 5527 1128 5600 patriarcha?
1183 5527 1798 5598 Constantinopolitani.

433 5701 676 5761 Divinus
721 5707 989 5780 pontifex
1070 5705 1434 5780 Nicephorus
1499 5707 2014 5783 Constantinopoli

2137 4684 2310 4754 λείαν,
2346 4683 2430 4739 ἐὰν
2466 4683 2746 4757 ὑπομείνω
2793 4683 3098 4758 προθύμως
3151 4684 3350 4746 ταύτας
3381 4683 3476 4747 τὰς
3503 4681 3814 4759 βασάνους,

2134 4778 2170 4825 Κ
2217 4773 2232 4792 \
2275 4773 2302 4826 ὁ
2353 4767 2417 4804 ν-
2492 4790 2505 4800 _
2671 4772 2695 4790 γ
2771 4790 2781 4802 .
2908 4774 2935 4784 η.
3086 4771 3115 4792 ν-
3404 4775 3427 4786 ..
3556 4771 3564 4782 ι
3678 4767 3691 4782 ~

2180 4793 2232 4826 αι
2353 4790 2593 4846 εριαρχος
2645 4791 2762 4825 ειπε
2830 4776 3004 4826 Τουτο
3053 4792 3146 4825 ουν
3203 4771 3478 4834 ὑπονοεις,
3535 4770 3618 4824 ὁτι
3667 4789 3815 4824 ανασ-

2131 4855 2274 4934 ϐήοῃ
2301 4859 2377 4922 εἷς
2407 4861 2536 4921 τοὺς
2568 4857 2857 4934 οὐρανοὺς,
2910 4860 2999 4914 καὶ
3060 4858 3326 4933 ἀπολήψῃ
3367 4853 3604 4933 ἀμοιϐάς
3630 4879 3810 4914 τινων

2129 4949 2340 5023 ἀγαθῶν
2367 4969 2380 5018 ;
2414 4950 2708 5010 Ἰουστῖνος
2766 4951 2936 5004 εἶπενο
2991 4948 3117 5024 Οὐχ
3150 4950 3369 5004 ὑπονοῶ
3400 4949 3615 5016 ἁπλῶς,
3648 4944 3812 5003 ἀλλὰ

2128 5038 2219 5094 καὶ
2273 5033 2515 5113 ἀκριϐῶς
2571 5039 3109 5115 πεπληροφόρημαι.
3165 5039 3307 5096 Τότε
3361 5036 3650 5113 προστάξει
3693 5037 3806 5093 τοῦ

2129 5127 2399 5203 ἐπάρχου,
2457 5129 2591 5202 μετά
2643 5132 2750 5183 τῶν
2811 5127 2903 5183 σὺν
2964 5127 3110 5201 αὐτῷ
3166 5127 3360 5203 ἁγίων,
3413 5129 3512 5196 τήν
3539 5124 3802 5202 κεφαλὴν

2129 5217 2446 5290 ἀπετμήθη.
3518 5225 3521 5227 ’

2663 5307 2818 5363 ΜΗΝ
2825 5312 2847 5361 Ι
2906 5311 2990 5360 ΤΩ
3048 5308 3254 5364 ΑΥΤΩ.

2931 5396 2983 5449 Β.

2127 5484 2329 5556 Μνήμη
2388 5484 2488 5560 τοῦ
2541 5481 2615 5560 ἐνΔ
2653 5485 2836 5559 ἁγίοις
2894 5484 3105 5560 Πατρὸς
3163 5487 3326 5560 ἡμῶν
3376 5483 3465 5540 καὶ
3497 5480 3805 5560 ὂμολογη-

2193 5554 2291 5684 ἰοῦ
2397 5554 2721 5633 Νικηφόρου
2807 5554 3220 5633 πατριάρχου,ή’
3269 5554 3799 5615 Κωνσταντινουπό-

2236 5647 2360 5684 suac.

2236 5647 2337 5690 εως
2350 5673 2360 5685 .

2193 5716 2536 5792 Νικηφόρος,
2585 5716 2614 5770 ὁ
2662 5717 2806 5780 θεῖος
2866 5716 3176 5793 ἀρχιερεὺς,
3242 5718 3463 5795 ὑπῆρχε
3500 5721 3805 5786 τῆςΚων-
