4108 6446
310 440 428 498 485

1899 427 2217 488 JUNIUS.

3628 436 3744 496 486

306 566 846 637 σταντινουπόλεως,
876 565 966 623 καὶ
997 567 1264 641 γέννημα,
1296 565 1388 620 καὶ
1437 565 1676 639 θρέμμα,
1727 562 1816 618 ἐπὶ
1867 567 1968 630 τῆς

2086 564 2261 616 natus
2291 562 2714 636 educatusque,
2750 565 2934 637 impio
2968 566 3359 622 Constantino
3389 567 3746 638 imperante,

311 657 599 736 βασιλείας
631 656 1050 713 Κωνσταντίνου
1079 659 1177 710 τοῦ
1229 649 1546 723 δυσσεϐοῦς,
1597 654 1712 715 υἱὸς
1762 647 1980 706 Θεοδω-

306 770 410 824 pou
442 749 533 803 καὶ
572 744 870 810 Εὖδοκίας.
931 748 991 804 Ὀ
1051 744 1109 801 δὲ
1161 742 1441 821 Θεόδωρος
1502 742 1576 798 ὣν
1637 739 1978 818 ὑπογραφεὺς

305 845 422 894 τῶν
487 839 791 915 βασιλικῶν
854 837 1227 909 ἐνταλμσὶτων,
1283 836 1358 898 ὡς
1427 833 1812 909 προσκύνητής
1869 835 1977 886 τῶν

304 930 470 984 θείων
514 927 742 983 εἲκόνων
803 922 1146 996 διαϐληθεὶς,
1201 925 1400 1002 ἐτύφθη
1454 924 1544 979 καὶ
1580 921 1842 999 ἐξωρίσθη
1901 919 1978 983 εἷς

308 1017 606 1075 Μύλασαν.
647 1017 776 1074 Εἶτα
806 1015 883 1078 εἷς
943 1015 1188 1082 Νίκαιαν,
1235 1011 1358 1080 ἔνθα
1410 1013 1501 1068 καὶ
1549 1011 1795 1084 τελευτᾷ.
1828 1012 1890 1068 Ὁ
1923 1009 1981 1065 δὶ

305 1107 513 1163 τούτου
545 1107 664 1168 υἱὸς
728 1107 1063 1183 Νικηφόρος,
1124 1103 1464 1180 ὑπογραφεὺς
1512 1102 1604 1157 καὶ
1662 1101 1824 1163 αὐτὸς
1884 1099 1977 1173 ὣν,

313 1194 642 1252 καταλιπὼν
676 1198 778 1265 την
810 1195 979 1265 ἀξίαν,
1013 1194 1277 1262 πλοῦτον,
1317 1192 1407 1248 καὶ
1455 1189 1636 1264 δόξαν,
1684 1193 1784 1261 τήν
1837 1196 1976 1267 Προ-

312 1284 556 1342 ποντίδα
585 1292 686 1356 τῆς
720 1283 939 1346 πόλεως
969 1278 1289 1340 κατέλαϐεν’
1324 1281 1448 1346 ἔνθα
1497 1285 1612 1354 Θεῷ
1665 1282 1752 1336 καὶ
1806 1283 1979 1353 ἑαυτῷ

305 1377 634 1451 προσέχων,
705 1374 971 1444 ἐκτήσατο
1045 1372 1292 1448 μεγάλην
1375 1372 1596 1447 ἀρετήν.
1681 1371 1781 1425 Καὶ
1845 1370 1980 1444 μετὰ

300 1465 578 1534 τελευτήν
639 1463 916 1535 Ταρασίου
971 1467 1069 1517 τοῦ
1131 1463 1547 1536 μακαριωτάτου
1606 1459 1974 1536 πατριάρχου,

305 1552 714 1630 προεχειρίσθη
777 1553 1129 1627 πατριάρχης
1190 1548 1816 1614 Κωνσταντινουπόλεως
1873 1549 1977 1604 ὑπὸ

313 1644 640 1720 Νικηφόρου
704 1637 976 1719 βασιλέως
1022 1646 1122 1696 τοῦ
1180 1641 1385 1715 πατρὸς
1447 1640 1807 1716 Σταυρακίου.
1873 1638 1976 1696 Καὶ

322 1732 572 1808 διήρκεσε
608 1730 775 1808 μέχρι
807 1738 911 1801 τῆς
946 1728 1228 1809 βασιλείας
1258 1734 1496 1794 Λέοντος
1525 1735 1623 1786 τοῦ
1669 1731 1979 1803 Εἱκονομά-

323 1843 454 1898 low
493 1823 573 1899 ὑφ’
604 1822 664 1876 οὗ
695 1821 786 1876 καὶ
819 1819 1134 1896 ἐξορισθεῖς,
1161 1820 1249 1875 καὶ
1277 1818 1354 1882 εἷς
1386 1818 1634 1898 φυλακὴν
1655 1813 1976 1892 ἐμϐληθεὶς,

2088 651 2428 708 Thodorum
2461 661 2519 709 et
2548 654 2867 711 Eudnciam
2912 663 3189 728 parentes
3217 657 3446 712 habuit.
3479 657 3746 712 Theodo-

2089 756 2190 795 rus
2232 747 2430 798 autem
2463 761 2598 799 cum
2658 745 3058 817 imperialium
3117 747 3537 802 mandatorum
3594 750 3753 802 esset

2089 829 2477 903 subscriptor.
2518 841 2799 894 tanquam
2831 835 3165 893 divinarum
3197 836 3524 908 imaginum
3555 836 3751 890 cultor

2089 925 2420 989 accusatus,
2453 922 2839 978 verberatur:
2874 941 3010 978 mox
3061 924 3122 978 in
3157 925 3432 980 exsilium
3465 924 3749 996 Mylasam

2089 1009 2478 1082 deportatur:
2513 1014 2652 1070 inde
2685 1015 2960 1070 Nicaeam.
2991 1014 3093 1070 ubi
3126 1023 3396 1071 mortuus
3419 1022 3525 1071 est.
3561 1017 3749 1087 Hujus

2087 1115 2264 1170 porro
2300 1101 2460 1157 filius
2491 1103 2860 1175 Nicephorus
2889 1120 3024 1158 cum
3086 1110 3145 1159 et
3198 1105 3326 1176 ipse
3385 1105 3753 1176 subscriptor

2089 1194 2268 1254 esset,
2299 1191 2574 1247 abdicata
2603 1193 2912 1266 dignitate,
2945 1193 3157 1265 opibus
3175 1200 3234 1248 et
3253 1194 3459 1267 gloria,
3494 1197 3752 1266 Propon-

2091 1279 2273 1335 tidem
2307 1281 2516 1338 urbem
2559 1284 2903 1338 contendit:
2955 1283 3054 1338 ubi
3094 1285 3212 1338 Deo
3245 1284 3479 1355 sibique
3511 1300 3748 1353 vacans,

2087 1384 2365 1441 magnam
2422 1371 2703 1427 virtutem
2763 1373 3035 1444 adeptus,
3096 1379 3232 1444 post
3279 1373 3609 1428 beatissimi
3646 1390 3748 1444 pa-

2089 1457 2364 1513 triarchas
2417 1461 2605 1515 Tarsii
2659 1462 2889 1517 obitum
2926 1505 2940 1530 ,
2993 1463 3323 1534 Nicephoro
3391 1463 3750 1534 imperatore

2085 1548 2377 1602 Stauracii
2432 1555 2599 1620 patre
2654 1551 3354 1622 Constantinopolitanus
3413 1551 3751 1622 patriarcha

2088 1637 2243 1692 123
2276 1637 2586 1693 ordinatus
2608 1639 2756 1694 fuit:
2789 1641 3048 1710 vixitque
3084 1657 3274 1712 usque
3324 1639 3400 1695 ad
3429 1640 3749 1712 imperium

2094 1725 2306 1781 Leonis
2343 1727 2740 1794 lconomachi,
2788 1747 2822 1785 a
2852 1747 2969 1800 quo
3000 1729 3062 1784 in
3093 1731 3368 1785 exsilium
3416 1731 3659 1798 missus,
3692 1732 3752 1786 et

2091 1813 2154 1868 in
2169 1831 2468 1872 carcerem
2493 1817 2821 1888 conjectus,
2847 1819 2921 1873 ad
2945 1819 3261 1873 Dominum
3293 1819 3588 1890 migravit,
3610 1835 3749 1875 cum

325 1915 465 1987 πρὸς
493 1913 689 1986 Κύριον
724 1909 1083 1984 ἐξεδήμησεν,
1115 1909 1331 1986 χρόνων
1392 1906 1776 2000 ἑϐδομήκοντα
1808 1909 1972 1982 ὑπάρ-

2089 1901 2687 1978 annos'septuaginta
2706 1907 2964 1973 vixisset,
2990 1925 3243 1978 quorum
3275 1925 3487 1964 novem
3517 1909 3581 1964 in
3603 1925 3751 1981 pon-

318 2020 461 2077 χωνο
501 2003 583 2074 Ἐξ
617 2002 690 2054 ὧν
727 2001 822 2074 μὲν
857 2000 1008 2055 ἐννὲα
1039 2000 1090 2054 ἐν
1133 2003 1200 2073 τῇ
1255 1997 1637 2077 ἀρχιερωσύνη
1688 1995 1977 2069 διετέλεσε,

314 2089 446 2147 δέκα
480 2088 541 2146 δὲ
570 2092 661 2145 καὶ
695 2090 819 2165 τρία
850 2089 902 2145 ἐν
933 2093 1002 2164 τῇ
1035 2088 1235 2166 ἐξορίᾳ.

872 2207 1057 2263 ΜΗΝΙ
1095 2209 1178 2260 ΤΩ
1217 2207 1422 2264 ΑΥΤΩ.

1119 2295 1176 2349 Γ,

303 2397 589 2468 Ἀθλησις
644 2399 741 2451 τοῦ
827 2394 982 2470 ἁγίου
1053 2393 1325 2470 μᾲρτυρος
1396 2390 1823 2470 ,Λουκιλλιανοῦ
1884 2387 1973 2449 καὶ

836 2463 938 2534 τξς
971 2463 1444 2528 συιίοδίαςάὐτοῦ.

381 2565 857 2628 Λουκιλλιανὸςὸ
910 2570 1007 2620 τοῦ
1056 2567 1292 2638 Χριστοῦ
1345 2563 1572 2639 μάρτυς,
1619 2565 1686 2634 ἦν
1739 2565 1828 2621 ἐπὶ
1876 2572 1978 2635 τῆς

306 2656 602 2732 βασιλείας
637 2655 1013 2729 Αὐρηλιανοῦ,
1041 2652 1307 2728 πρότερον
1348 2654 1524 2729 ἱερεὺς
1572 2659 1680 2709 τῶν
1728 2653 1975 2711 εἰδώλων

306 2748 584 2821 ὑπάρχων
622 2745 674 2800 ἐν
701 2750 768 2820 τῇ
801 2744 961 2799 πόλει
994 2741 1390 2817 Νικομηδείας,
1424 2746 1656 2819 γηραιὸς
1699 2747 1800 2815 τὴν
1844 2746 1974 2815 ἡλι-

302 2836 455 2893 κίαν.
495 2836 822 2897 Μετατεθεῖς
885 2833 941 2888 δὲ
996 2834 1134 2909 πρὸς
1187 2835 1286 2902 τήν
1345 2833 1419 2895 εῗς
1479 2835 1707 2909 Χριστὸν
1770 2835 1972 2908 πίστιν,

305 2926 617 3001 ἐκρατήθη,
670 2929 759 2979 καὶ
819 2921 1092 2993 παρεδόθη
1153 2917 1410 2993 Σιλῧανῷ
1464 2928 1544 2994 τῷ
1600 2924 1828 2996 κόμητι*
1882 2925 1972 2980 καὶ

310 3017 389 3090 μή
422 3015 665 3076 πεισθεὶς
720 3014 1053 3089 ἀρνήσασθαι
1105 3013 1198 3066 τὸν
1244 3012 1503 3088 Χριστὸν,
1552 3011 1838 3090 συνετρίϐη
1884 3014 1969 3071 λί-

308 3107 429 3166 θοις
462 3105 528 3158 τὸ
564 3103 900 3176 πρόσωπων,
950 3103 1038 3156 καὶ
1084 3102 1301 3179 τυφθεὶς
1350 3098 1620 3176 ῥαϐδίοις,
1665 3102 1968 3178 ἐκρεμάσθη

307 3196 448 3249 κατᾶ
480 3192 731 3271 κεφαλῆς
761 3191 850 3246 ἐπὶ
884 3190 1068 3264 ξύλου.
1103 3192 1233 3246 Εἶτα
1294 3189 1522 3265 βληθείς
1581 3191 1649 3254 ιῖς
1696 3191 1968 3270 φυλακὴν,

300 3285 460 3359 εὗρεν
497 3282 612 3337 ἐκεῖ
643 3280 832 3337 παιδία
891 3281 1119 3356 τέσσαρα
1178 3278 1268 3335 διὰ
1322 3290 1420 3349 τὴν
1481 3281 1558 3344 εἷς
1608 3283 1838 3356 Χριστὸν
1871 3285 1962 3339 πί-
2000 3303 2042 3370 C

301 3395 419 3428 στιν
482 3369 931 3440 ἀποκλεισθέντα,
1023 3366 1316 3442 Κλαύδιον,
1404 3368 1676 3443 Ὑπάτιον,
1726 3372 1967 3450 Παῦλον⁹

303 3463 397 3517 καὶ
463 3460 759 3528 Διονύσιον,
815 3458 906 3514 καὶ
965 3458 1276 3534 περιχαρὴς
1333 3458 1628 3533 γενόμενος
1692 3459 1972 3535 ἐστήριξεν

317 3552 454 3604 αὖτᾶ
486 3551 618 3623 πρὸς
641 3551 740 3618 τήν
774 3547 979 3603 πίστιν.
1042 3553 1140 3601 Και
1204 3546 1338 3620 μετᾶ
1397 3545 1572 3601 αὐτῶν
1630 3553 1710 3620 τῷ
1764 3550 1969 3624 κόμητι

323 3638 480 3697 αὖθις
526 3638 818 3710 παραστὰς,
876 3636 966 3691 καὶ
1030 3638 1106 3710 μή
1190 3639 1429 3700 πεισθεὶς
1487 3636 1818 3710 ἀρνήσασθαι
1877 3641 1969 3696 τὸν

323 3722 880 3797 Χριστὸν,ἐνεϐληθη
917 3725 994 3787 εἰς
1046 3727 1275 3796 κάμινον
1328 3723 1519 3800 πυρός.
1580 3725 1680 3781 Καὶ
1740 3727 1970 3798 ἐξελθὼν

324 3809 599 3882 ἀϐλαϐὴς,
646 3817 793 3891 ἤχθη
857 3812 1080 3887 ’δέσμιος
1135 3815 1269 3887 μετά
1318 3819 1428 3869 τῶν
1487 3812 1718 3870 παιδίων
1779 3817 1855 3880 εἷς
1911 3819 1974 3873 τὸ

323 3904 633 3972 Βυζάντιον.
695 3905 796 3961 Καὶ
852 3904 917 3959 τὰ
987 3903 1082 3977 μὶν
1170 3900 1359 3958 παιδία
1444 3905 1972 3982 ἀπεκεφαλίσθησαν·

311 3995 480 4056 αὐτὸς
514 3993 571 4049 δὲ
601 3999 814 4068 σταυρῷ
842 3993 1250 4070 προσηλωθεὶς,
1282 3993 1601 4065 ἐτελειώθη.

309 4122 420 4176 Καὶ
501 4123 732 4193 ἀθλησις
817 4125 918 4188 τῆς
997 4119 1164 4198 ἁγίας
1233 4124 1506 4198 μάρτυρος
1592 4119 1816 4194 Παύλης
1872 4130 1972 4194 τῆς

998 4193 1293 4268 παρθένου.

381 4322 442 4377 Ἠ
486 4324 586 4375 τοῦ
643 4324 890 4395 Χριστοῦ
951 4320 1156 4393 μάρτυς
1215 4317 1428 4390 Παῦλα,
1490 4324 1849 4396 συμπαροῦσα
1903 4323 1972 4395 τῇ

305 4409 547 4480 ἀθλήσει
578 4411 816 4473 καὶτοῖς
859 4409 1204 4484 ἀγωνίσμασι
1258 4413 1365 4463 τῶν
1414 4408 1580 4485 ἁγίων
1633 4407 1976 4464 Λουκιλλια-

301 4504 404 4554 νοῦ
435 4502 529 4553 καὶ
560 4504 668 4554 τῶν
702 4497 938 4567 παίδων,
970 4500 1108 4554 κατᾶ
1146 4519 1205 4554 τε
1270 4499 1369 4569 τὴν
1423 4497 1673 4575 φυλακὴν
1733 4501 1825 4554 καὶ
1871 4501 1971 4568 τήν

303 4586 435 4643 ὁδὸν
470 4588 837 4664 ἀπεσπόγγιζε
865 4587 932 4643 τὰ
955 4585 1182 4662 αἵματα.
1219 4587 1310 4642 καὶ
1365 4591 1472 4642 τῶν
1522 4589 1854 4663 τραυμάτων
1909 4590 1976 4644 τὰ

2089 1993 2339 2062 tiﬁcatu,
2371 1995 2433 2050 in
2462 1996 2670 2051 exsilio
2704 1995 2989 2052 tredecim
3021 1996 3233 2068 exegit.

2649 2201 2893 2258 EODEM
2934 2202 3184 2257 MENSE.

2757 2301 2857 2355 Die
2899 2300 3075 2355 tertia

2087 2387 2372 2445 Certamen
2427 2387 2611 2444 sancti
2666 2391 2931 2460 martyris
2984 2387 3291 2445 Luciiliani
3345 2397 3397 2446 et
3444 2392 3739 2450 sociorum.

2154 2567 2520 2623 Lucillianus
2541 2567 3023 2641 Christi'martyr,
3043 2568 3364 2625 Aureliano
3386 2570 3742 2642 imperante,

2083 2657 2345 2728 primum
2370 2657 2612 2728 quidem
2633 2657 2930 2714 idolorum
2950 2659 3230 2714 sacerdos
3268 2659 3482 2728 fuerat,
3511 2660 3573 2714 in
3596 2659 3742 2714 urbe

2085 2745 2442 2801 Nicomediaa
2462 2755 2750 2818 provectae
2794 2751 2920 2819 jam
2957 2749 3147 2804 astatis
3174 2767 3186 2817 ;
3219 2747 3436 2804 deinde
3455 2749 3530 2804 ad
3561 2748 3742 2803 fidem

2082 2835 2299 2889 Christi
2322 2852 2660 2905 conversus,
2695 2838 3164 2909 comprehensus
3187 2845 3298 2906 est,
3321 2844 3380 2894 et
3407 2838 3610 2895 comiti
3634 2837 3739 2892 Sil-

2081 2940 2230 2978 vano
2252 2924 2526 2980 traditus.
2551 2926 2815 2996 Cumque
2844 2925 3046 2980 induci
3075 2943 3195 2980 non
3237 2933 3458 2998 posset,
3483 2934 3550 2982 ut
3573 2926 3739 2982 Chri-

2083 3019 2239 3067 stum
2275 3013 2618 3085 abnegaret,
2673 3013 2910 3085 lapidus
2956 3014 3107 3070 facie
3139 3020 3450 3085 contusus,
3476 3021 3535 3071 et
3562 3015 3739 3088 virgis

2081 3119 2292 3172 caasus,
2325 3103 2560 3158 inverso
2582 3104 2775 3176 capite
2800 3103 2863 3158 in
2888 3104 3211 3174 equuleum
3236 3105 3467 3176 rapitur
3491 3123 3504 3161 :
3535 3111 3654 3161 tum
3675 3105 3739 3160 in

2081 3208 2382 3248 carcerem
2415 3194 2742 3265 conjectus,
2777 3199 3034 3265 quatuor
3080 3211 3296 3265 pueros
3348 3193 3570 3249 ibidem
3599 3193 3736 3249 fidei

2081 3281 2432 3338 Christianae
2463 3299 2642 3338 causa
2673 3282 2936 3337 inclusos
2965 3283 3206 3353 reperit.
3241 3283 3551 3340 Claudium
3584 3283 3736 3338 scili-

2081 3377 2195 3436 cet,
2223 3371 2560 3442 Hypatium,
2595 3371 2847 3426 Paulum
2879 3377 2937 3426 et
2963 3371 3312 3441 Dionysium
3341 3389 3354 3426 :
3389 3390 3558 3443 quos,
3591 3388 3733 3445 gau-

2080 3457 2176 3514 dio
2209 3460 2502 3531 perfusus,
2537 3460 2598 3515 in
2629 3460 2746 3515 ﬁde
2771 3460 3164 3527 conﬁrmavit,
3197 3466 3255 3516 et
3284 3479 3404 3517 una
3432 3479 3558 3518 cum
3611 3463 3736 3520 illis

2079 3547 2297 3604 iterum
2324 3549 2525 3604 comiti
2547 3548 2781 3605 oblatus
2810 3549 2923 3604 fuit
2946 3567 2959 3605 :
2983 3566 3018 3604 a
3046 3567 3162 3620 quo
3184 3567 3320 3605 cum
3342 3551 3416 3606 ad
3436 3552 3734 3609 Christum

2082 3637 2438 3708 ejurandum
2468 3637 2681 3694 adduci
2739 3639 3125 3710 nequivisset,
3157 3639 3219 3694 in
3250 3640 3551 3696 caminum
3583 3644 3733 3716 ignis

2081 3726 2408 3792 immissus,
2443 3733 2502 3782 et
2531 3728 2658 3783 sine
2689 3745 2843 3784 noxa
2872 3727 3010 3783 inde
3042 3743 3334 3800 egressus,
3368 3747 3503 3786 cum
3534 3733 3738 3803 pueris

2081 3818 2313 3873 vinctus
2344 3818 2685 3890 Byzantium
2741 3817 2955 3873 ductus
3004 3823 3128 3901 est:
3162 3817 3263 3873 ubi
3295 3820 3466 3890 pueri
3497 3821 3740 3892 quidem

2082 3910 2275 3980 capite
2304 3909 2463 3981 plexi
2503 3914 2680 3977 sunt;
2740 3908 2866 3980 ipse
2897 3925 3034 3964 vero
3067 3908 3130 3963 in
3188 3925 3426 3964 crucem
3478 3911 3737 3984 afﬂixus,

2080 3999 2312 4056 vivendi
2339 3999 2522 4054 ﬁnem
2549 3997 2708 4054 fecit.

2190 4120 2260 4174 Et
2301 4124 2578 4174 certamen
2601 4122 2814 4173 sanctae
2842 4117 3102 4185 martyris
3156 4116 3345 4172 Paulae
3373 4118 3626 4188 virginis.

2154 4316 2372 4387 Martyr
2405 4313 2618 4369 Christi
2650 4311 2834 4368 Paula
2864 4327 2998 4366 cum
3029 4327 3294 4383 prassens
3347 4311 3584 4368 adesset
3613 4330 3739 4370 cer-

2085 4403 2293 4459 tamini
2351 4408 2411 4458 et
2457 4401 2832 4458 conflictibus
2883 4406 3226 4456 sanctorum
3284 4400 3620 4470 Lucilliani,
3681 4409 3742 4459 et

2081 4508 2420 4566 pueroram,
2453 4497 2572 4547 tam
2602 4491 2663 4544 in
2695 4506 2952 4555 carcere,
2983 4505 3160 4561 quam
3209 4505 3316 4560 per
3343 4490 3496 4545 viam
3530 4507 3738 4547 eorum

2083 4581 2436 4654 sanguinem
2467 4586 2526 4635 et
2554 4579 2800 4634 vulnera
2829 4579 3076 4650 spongia
3104 4577 3466 4651 detergebat,
3500 4587 3734 4636 sancto-

302 4677 474 4746 ἕλκη,
507 4677 877 4752 θεραπεύουσα
907 4678 1042 4732 κατᾶ
1082 4674 1313 4750 δύναμιν
1361 4680 1471 4731 τῶν
1524 4676 1694 4752 ἁγίων
1743 4679 1809 4732 τὰ
1861 4679 1971 4732 σώ-

2086 4689 2214 4728 rum
2246 4687 2497 4743 corpora
2526 4686 2632 4741 pro
2653 4667 2877 4723 viribus
2903 4685 3140 4724 curans.
3167 4669 3304 4722 Erat
3335 4669 3496 4725 enim
3529 4687 3599 4726 ex
3629 4688 3736 4743 pa-

306 4785 479 4839 ματα·
535 4767 603 4835 ἧν
660 4767 760 4841 γὰρ
815 4765 874 4821 ἐκ
927 4767 1212 4841 προγόνων
1272 4767 1566 4838 Χριστιανή
1627 4768 1714 4821 καὶ
1776 4769 1966 4838 πιστή.

305 4856 409 4910 Καὶ
439 4861 604 4910 τοῦτο
631 4851 785 4932 ἔργον
836 4855 905 4924 ἧν
947 4855 1104 4929 αὐτῇ,
1159 4855 1220 4909 τὸ
1282 4857 1694 4919 ἐπισκέπτεσθαι
1753 4855 1881 4918 τοὺς
1914 4856 1965 4912 ἐν

303 4942 603 5021 φυλακαῖς,
661 4944 933 5009 καὶτοὺς
1007 4944 1139 5019 ὑπὲρ
1229 4946 1472 5019 Χριστοῦ
1561 4949 1968 5019 μαρτυροῦντας

303 5032 644 5108 θεραπεύειν,
704 5033 794 5089 καὶ
852 5031 1172 5111 διατρέφειν.
1235 5033 1334 5088 Διά
1387 5038 1553 5088 ταῦτα
1611 5033 1704 5089 οὗν
1759 5055 1966 5111 κρατη-

303 5126 484 5194 θεῖσα,
517 5124 669 5200 ἢχθη
702 5124 792 5179 καὶ
854 5123 992 5191 αὐτή
1051 5124 1188 5198 πρὸς
1243 5124 1334 5178 τὸν
1388 5123 1609 5197 κόμητα
1671 5119 1965 5183 Σιλϐανόν.

298 5215 405 5271 Καὶ
440 5215 520 5288 μή
556 5215 835 5269 πεισθεῖσα
878 5215 1033 5267 θῦσαι
1075 5217 1194 5274 τοῖς
1245 5209 1527 5285 εἰδώλοις,
1585 5211 1787 5290 ἐτύφθη
1841 5235 1969 5291 σφο-

297 5305 466 5378 δρῶς,
498 5306 588 5361 καὶ
621 5311 740 5366 ταῖς
772 5306 1059 5383 ἐπιφοραῖς
1091 5308 1201 5360 τῶν
1253 5299 1467 5379 ῥάϐδων
1525 5303 1586 5359 τὸ
1637 5307 1798 5376 σῶμα
1847 5307 1967 5360 δια-

293 5398 546 5469 λυθεῖσα,
605 5395 893 5466 ἐπιστασίᾳ
941 5395 1172 5472 ἀγγέλου
1217 5395 1426 5471 ἐγένετο
1479 5395 1656 5470 ὑγιής.
1709 5397 1814 5450 Καὶ
1861 5398 1964 5451 πσὶ-

295 5487 382 5544 λιν
415 5491 801 5564 προσαχθεῖσα
849 5489 928 5556 τῷ
982 5485 1214 5557 κόμητι,
1274 5483 1352 5546 εἰς
1411 5484 1642 5556 κάμινον
1691 5478 1961 5556 ἐνεϐλήθη

290 5580 487 5655 πυρός.
526 5578 626 5633 Καὶ
689 5574 986 5647 ἐξελθοῦσα
1042 5568 1318 5645 ἀϐλαϐὴς,
1378 5572 1627 5652 ἐπέμφθη
1687 5573 1776 5628 καὶ
1824 5573 1960 5645 αότή

288 5669 366 5736 εἰς
394 5671 457 5726 τὸ
490 5666 824 5740 Βυζάντιον,
855 5665 945 5720 καὶ
1005 5663 1408 5742 ἀπεκεφαλίσθη
1458 5662 1582 5719 ἔνθα
1629 5661 1720 5718 καὶ
1752 5663 1780 5718 ὁ
1811 5660 1964 5741 ἅγιος

286 5758 726 5820 Λουκιλλιανός.

2081 4761 2352 4817 rentibus
2382 4759 2733 4814 Christianis
2793 4763 3082 4830 prognata
3115 4799 3129 4823 ,
3164 4763 3223 4811 et
3251 4757 3313 4812 in
3345 4757 3404 4812 id
3437 4761 3736 4832 praacipue

2081 4855 2417 4914 intenta,ut
2437 4865 2672 4903 carcere
2707 4846 2980 4902 detentos
3009 4847 3276 4901 visitaret
3305 4852 3359 4900 et
3392 4847 3738 4919 deserviret,

2081 4949 2258 5012 atque
2294 4940 2481 4994 aleret
2511 4954 2633 4996 eos.
2667 4937 2767 5007 qui
2793 4953 2898 5008 pro
2930 4937 3161 4991 Christo
3194 4938 3548 5007 martyrium
3581 4940 3738 4995 subi-

2079 5031 2242 5085 bant.
2268 5025 2665 5093 Quamobrem
2697 5025 3150 5095 comprehensa,
3175 5025 3330 5080 124
3356 5024 3534 5082 ducta
3562 5033 3652 5082 est
3680 5031 3740 5083 et

2077 5121 2208 5192 ipsa
2234 5118 2308 5174 ad
2346 5115 2622 5171 comitem
2655 5114 3000 5169 Silvanum:
3062 5129 3318 5184 cumque
3373 5114 3577 5171 induci
3615 5133 3737 5172 non

2075 5213 2280 5283 posset
2309 5205 2383 5262 ad
2415 5203 2875 5260 sacrificandum
2907 5203 3104 5271 idolis,
3129 5201 3453 5258 crudeliter
3481 5221 3654 5273 cmsa,
3680 5211 3740 5260 et

2075 5296 2420 5355 verberibus
2441 5293 2737 5366 virgarum
2758 5297 2880 5348 toto
2903 5309 3150 5365 corpore
3181 5291 3490 5360 dilaniata,
3522 5294 3733 5364 angelo

2076 5393 2322 5444 curante
2345 5383 2664 5440 sanitatem
2689 5382 3081 5453 recuperavit.
3106 5383 3330 5440 Deinde
3354 5384 3429 5439 ad
3451 5383 3732 5440 comitem

2075 5478 2340 5543 reducta,
2375 5475 2437 5528 in
2467 5471 2777 5528 ardentem
2809 5471 3113 5526 fornacem
3153 5472 3377 5543 injecta
3406 5479 3533 5529 est:
3562 5489 3732 5527 cum-

2075 5584 2190 5640 que
2221 5565 2360 5620 inde
2385 5562 2576 5617 illaesa
2606 5561 2865 5626 exiisset,
2903 5561 3246 5632 Byzantium
3279 5569 3338 5619 et
3365 5564 3498 5635 ipsa
3524 5561 3732 5632 missa,

2021 5689 2024 5696 -
2075 5657 2284 5714 eodem
2318 5669 2435 5726 quo
2475 5655 2718 5708 sanctus
2775 5648 3139 5707 Lucillianus
3168 5649 3321 5722 loco,
3381 5649 3575 5725 capite
3603 5649 3736 5724 ple-

2073 5751 2274 5808 ctitur.
