4108 6462
423 387 541 449 48⁸1

978 518 1219 576 EODEM
1260 517 1512 574 MENSE.

1083 628 1186 682 Die
1219 633 1432 699 quarta

423 720 695 774 Memoria
719 720 898 773 sancti
926 719 1110 773 Patris
1135 721 1314 773 nostri
1347 717 1714 787 Metrophanis
1737 716 2079 787 patriarcha

931 808 1556 878 ConstantinOpotitani.

492 898 740 952 Sanctus
770 899 944 951 Pater
978 903 1181 952 noster
1211 898 1642 968 MetrOphanes,
1704 896 1892 968 Magni
1922 900 2077 951 Con-

415 986 664 1041 stantini
697 991 892 1050 aetate,
934 987 1045 1040 fuit
1097 987 1355 1058 Byzantii
1390 987 1723 1058 episcopus,
1758 985 1930 1039 Probi
1965 985 2074 1038 im-

411 1076 706 1147 peratoris
755 1077 1256 1148 consanguineus.
1292 1079 1612 1148 Postquam
1642 1093 1778 1131 vero
1835 1069 2076 1144 Magnus

411 1165 842 1221 Constantinus
878 1166 1135 1236 Byzantii
1180 1166 1434 1221 aedificia
1483 1166 1847 1237 ampliasset,
1880 1169 2075 1219 muta-

412 1259 594 1324 toque
649 1254 894 1310 nomine
951 1255 1527 1326 ConstantinOpolim
1577 1254 1956 1326 appellasset,
1999 1252 2073 1308 ad

409 1343 870 1415 patriarchalem
895 1344 1240 1416 dignitatem
1265 1350 1573 1416 provectus
1595 1351 1706 1409 est,
1741 1343 2070 1399 secundum

410 1449 445 1487 a
475 1435 740 1487 Romano
764 1432 961 1488 locum
983 1433 1278 1489 obtinens.
1314 1435 1676 1506 Congregata
1705 1451 1844 1489 vero
1876 1433 2071 1504 prima

410 1521 618 1576 Nicaaaa
652 1521 902 1592 synodo,
937 1523 1350 1594 MetrOphanes
1383 1523 1722 1594 patriarcha
1752 1522 1826 1578 ob
1859 1537 2069 1576 senec-

412 1614 602 1664 tutem
631 1616 810 1680 atque
832 1611 1248 1682 aegritudinem
1263 1611 1528 1667 defectus
1542 1612 1789 1679 viribus,
1811 1611 2066 1667 Alexan-

408 1699 582 1754 drum
599 1700 858 1771 primum
872 1701 1306 1773 presbyterum,
1335 1719 1511 1773 quem
1543 1706 1602 1757 et
1633 1718 1804 1756 suum
1839 1717 2067 1756 succes-

405 1805 601 1844 sorem
637 1790 994 1857 nominarat,
1022 1792 1175 1846 vices
1209 1809 1346 1847 suas
1378 1792 1439 1846 in
1471 1792 1724 1846 concilio
1756 1797 2063 1861 gesturum

1747 380 2178 443 MENOLOGII
2221 379 2429 444 PARS
2472 380 2580 443 III.

2109 520 2161 586 Α
2743 513 2925 570 MHNI
2963 514 3055 570 Tn
3095 515 3292 572 Arm.

3726 381 3852 442 488

2985 630 3022 676 Δ

2196 721 2408 792 Μνήμη
2467 723 2564 775 τοῦ
2613 719 2898 798 ἐνιάγίοις
2959 721 3170 796 Πατρὸς
3224 723 3387 798 ἡμῶν
3441 721 3853 798 Μητροφάνους

2502 792 2849 867 πατριάρχου
2881 792 3527 854 Κώνσταντινουπόλεως.

2261 891 2657 967 Μητροφάνης,
2693 892 2720 945 ὁ
2770 889 2822 946 ἐν
2874 889 3048 967 ἁγίοις
3107 893 3294 963 Πατὴρ
3346 893 3532 962 ἡμῶν,
3594 891 3847 965 ὑπῆρχεν

2187 977 2238 1032 ἐν
2270 985 2390 1040 τοῖς
2422 979 2649 1054 χρόνοις
2697 983 2794 1034 τοῦ
2843 978 3084 1055 μεγάλον
3136 979 3563 1047 Κωνσταντίνου,
3611 979 3842 1034 ἐπίσκο-

2186 1088 2288 1130 πος
2347 1068 2669 1137 Βυζαντίου,
2749 1068 3006 1142 συγγενὴς
3086 1063 3304 1143 Πρόϐου
3386 1072 3484 1123 τοῦ
3544 1066 3846 1143 βασιλέως.

2183 1158 2332 1212 Μετὰ
2363 1155 2420 1211 δὲ
2450 1157 2511 1212 τὸ
2545 1155 2814 1211 ὲπικτίσαι
2865 1158 2926 1212 τὸ
2975 1159 3268 1227 Βυζάντιον
3322 1157 3413 1212 τὸν
3467 1157 3630 1232 μὲγαν
3682 1158 3844 1212 Κων-

2185 1252 2485 1314 σταντῖνον,
2545 1246 2633 1300 καὶ
2695 1245 3065 1319 μετονομάσαι
3123 1245 3254 1301 αὐτὸ
3312 1245 3841 1300 Κωνσταντινοὺπο-

2182 1335 2293 1405 λιν,
2350 1330 2722 1410 προεϐιϐάσθη
2819 1338 3189 1410 πατριάρχης,
3279 1332 3528 1410 δεύτερος
3608 1336 3840 1410 ταχθεὶς

2179 1429 2276 1479 τοῦ
2307 1426 2549 1496 Ῥώμης.
2606 1427 2722 1493 Τῆς
2772 1422 2830 1479 δὲ
2884 1425 3020 1479 κατὰ
3069 1423 3293 1479 Νίκαιαν
3355 1424 3841 1498 συναθροισθείσης

2178 1515 2403 1588 πρώτης
2457 1511 2700 1582 συνόδο-,
2763 1515 2792 1568 ὁ
2848 1515 2945 1587 μὲν
3029 1514 3377 1590 πατριάρχης
3463 1515 3844 1592 Μητροφάνης

2179 1601 2268 1658 δια
2297 1610 2471 1680 γῆρας
2499 1603 2589 1659 καὶ
2633 1603 2790 1658 νόσον
2850 1603 3177 1682 ἀπελείφθη·
3236 1604 3326 1659 τὸν
3388 1601 3446 1658 δὲ
3501 1623 3843 1680 πρωτοπρε-

2177 1688 2435 1767 σϐύτερον
2465 1691 2630 1748 αὐτοῦ
2676 1690 3056 1768 Ἀλέξανδρυν,
3107 1691 3164 1748 δν
3210 1693 3299 1747 καὶ
3356 1690 3615 1769 διάδοχον
3665 1693 3843 1749 αὐτοῦ

2176 1779 2481 1854 ὠνόμασεν,
2514 1781 2828 1838 ἀπέστειλεν
2873 1783 2985 1837 ἀντ’
3034 1781 3218 1838 αὐτοῦ.
3259 1783 3408 1840 Μετὰ
3448 1779 3505 1837 δὲ
3549 1783 3612 1837 τὸ
3663 1781 3839 1837 ἐπαν-

408 1877 746 1933 destinavit.
809 1881 1130 1951 Postquam
1181 1898 1317 1936 vero
1367 1881 1710 1952 imperator,
1744 1885 1804 1936 et
1861 1885 2050 1937 sancta

2174 1868 2350 1936 ελθεῖν
2381 1871 2473 1926 τόν
2505 1892 2563 1926 τε
2597 1870 2823 1946 βασιλέα
2871 1871 2960 1926 καὶ
3018 1874 3118 1940 τὴν
3173 1872 3321 1945 ἱεράν
3379 1869 3625 1939 σύνοδον,
3684 1877 3844 1946 πρῶ-

409 1968 672 2038 synodus
728 1967 979 2038 rediere,
1032 1986 1167 2025 cum
1222 1970 1622 2026 Alaxandrum
1676 1971 1955 2042 primum,
2009 1984 2050 2025 e1

2174 1981 2266 2015 τον
2298 1957 2559 2037 διάδοχον
2593 1963 2975 2037 ψηφισάμενος
3017 1959 3399 2036 Ἀλέξανδρον,
3430 1962 3520 2015 καὶ
3577 1959 3836 2034 δεύτερον

404 2055 656 2111 Paulum
696 2058 1101 2115 confessorem
1135 2061 1464 2116 secundum
1516 2060 1629 2115 sibi
1664 2075 2069 2116 successorem

409 2147 688 2218 suffragio
734 2165 840 2202 suo
894 2148 1282 2219 designasset,
1335 2149 1679 2221 imperatori
1735 2154 1794 2204 et
1841 2149 2067 2220 synodo

409 2235 567 2289 bona
596 2236 970 2306 adprecatus,
1003 2239 1326 2308 requievit:
1369 2239 1497 2310 ejus
1536 2255 1673 2293 vero
1704 2238 1974 2308 reliquiae
2005 2239 2067 2292 in

411 2323 601 2395 ipsius
631 2325 860 2381 sedibus
891 2327 1176 2398 deposita}
1207 2327 1392 2382 fuere.

965 2434 1207 2488 EODEM
1249 2433 1498 2489 MENSE.

1057 2540 1159 2596 Die
1196 2541 1406 2612 quinta

404 2644 557 2701 I25
619 2644 901 2700 Certamen
983 2653 1300 2702 sanctorum
1382 2654 1691 2718 martyrum
1773 2648 2058 2715 Marciani,

893 2736 1160 2791 Nicandri
1190 2743 1242 2790 et
1273 2739 1563 2792 sociorum.

475 2823 809 2878 Marcianus
857 2829 916 2878 et
960 2824 1254 2880 Nicander
1310 2826 1524 2881 Christi
1574 2831 1864 2897 martyres
1921 2842 2058 2882 cum

397 2910 578 2966 sociis
609 2912 755 2978 suis,
791 2913 852 2967 in
874 2915 1118 2985 Egypto
1152 2914 1302 2983 nati,
1324 2922 1568 2987 propter
1597 2915 1810 2970 Christi
1834 2915 2060 2971 confes-

401 2999 631 3055 sionem
674 3003 1089 3073 comprehensi
1148 3009 1287 3058 sunt
1343 3021 1377 3059 a
1434 3005 1747 3076 praefecto:
1801 3021 2055 3075 cumque

394 3087 685 3144 adhibitia
716 3090 767 3144 vi
813 3091 1319 3162 compellerentur
1365 3093 1667 3149 Christum
1709 3093 1962 3164 ejurare,
1998 3098 2056 3148 et

389 3177 551 3234 idola
579 3178 797 3245 colere,
825 3197 936 3235 nec
966 3181 1026 3236 id
1049 3181 1242 3237 facere
1264 3181 1503 3251 vellent,
1529 3183 1787 3253 primum
1811 3181 2052 3253 quidem

2176 2049 2390 2104 Παῦλον
2447 2051 2538 2104 τὸν
2601 2048 2985 2125 ὁμολογητὴν,
3042 2051 3133 2104 καὶ
3216 2049 3577 2124 ἐπευξάμενος
3648 2051 3838 2124 ἀγαθὰ

2170 2142 2251 2209 τῷ
2287 2135 2503 2212 βασιλεῖ
2530 2138 2617 2192 καὶ
2672 2141 2741 2211 τῇ
2793 2134 3021 2210 συνόδῳ,
3077 2139 3435 2192 ἀνεπαύσατα·
3480 2138 3544 2192 τὸ
3596 2134 3654 2193 δὲ
3711 2139 3843 2193 λεί-

2173 2229 2340 2299 ψανον
2375 2225 2540 2280 αὑτοῦ
2571 2227 2726 2296 ὲτέθη
2760 2225 2810 2281 ἐν
2842 2230 2922 2298 τῷ
2951 2223 3088 2299 οἴκῳ
3122 2226 3308 2283 αὐτοῦ.

2707 2423 2890 2480 ΜΠΝΙ
2928 2424 3018 2480 ΤΩ
3057 2425 3264 2482 ΔΥΤΩ.

2963 2531 3024 2586 Ε,

2167 2638 2436 2708 ’Ἄθλησις
2492 2642 2602 2694 τῶν
2686 2639 2853 2714 ἁγίων
2947 2637 3235 2714 μαρτύρων
3324 2642 3645 2714 Μαρκιανοιῖ
3727 2647 3834 2695 Νι-

2163 2726 2421 2804 κάνδρου,
2451 2727 2540 2783 καὶ
2567 2735 2668 2797 τῆς
2703 2726 2955 2790 συνοδίας
2987 2726 3189 2786 αὐτῶν.

2236 2827 2548 2902 Μαρκιανὸς
2595 2826 2686 2881 καὶ
2736 2824 3058 2901 Νίκανδρος,
3092 2827 3143 2880 οἱ
3172 2831 3270 2881 τοῦ
3328 2831 3563 2900 Χριστοῦ
3620 2827 3828 2902 μάρτυ-

2164 2934 2275 2989 ρες,
2339 2914 2473 2987 μετὰ
2526 2920 2628 2982 τῆς
2689 2911 2942 2976 συνοδίας
2997 2913 3199 2984 αὐτῶν,
3289 2915 3543 2990 ὑπῆρχον
3599 2913 3661 2970 ἐκ
3711 2923 3819 2986 τῆς

2161 3005 2350 3079 χώρας
2381 3003 2682 3078 Αἰγύπτου.
2731 3005 2828 3058 Καὶ
2878 3001 2968 3058 διὰ
3020 3003 3120 3071 τήν
3174 3003 3250 3066 εἰς
3300 3004 3532 3075 Χριστὸν
3592 3004 3817 3077 ὁμολο-

2156 3094 2274 3168 γίαν
2305 3094 2661 3168 κρατηθέντες
2711 3092 2813 3148 ὑπὸ
2863 3093 2960 3148 τοῦ
3014 3093 3309 3168 ἄρχοντος,
3361 3092 3454 3148 καί
3505 3094 3819 3170 βιασθέντες

2156 3183 2483 3255 ἀρνήσασθαι
2538 3185 2634 3256 μὲν
2689 3183 2780 3236 τὸν
2836 3183 3090 3257 Χριστὸν,
3142 3190 3512 3254 προσκυνῆσαι
3578 3181 3634 3237 δὲ
3683 3190 3808 3246 τοῖς

390 3267 536 3322 diris
551 3268 894 3324 verberibus
919 3272 1145 3342 excepti
1165 3272 1406 3326 fuerunt
1431 3289 1442 3325 :
1472 3289 1610 3326 mox
1629 3271 1816 3326 latera
1838 3287 2043 3326 eorum

2162 3269 2427 3341 εἰδώλοις,
2459 3271 2552 3327 καί
2586 3273 2662 3344 μὴ
2695 3273 3025 3338 πεισθέντες,
3074 3275 3292 3346 πρῶτον
3347 3273 3441 3345 μὲν
3491 3271 3796 3344 ἐτύφθησαν

389 3357 767 3428 lampadibus
799 3366 1004 3415 exusta
1038 3377 1050 3414 :
1084 3360 1302 3415 deinde
1336 3361 1632 3431 suspensi,
1683 3361 1893 3416 ferreis
1933 3377 2049 3414 un-

386 3447 540 3519 gulis
601 3447 844 3503 lacerati
907 3455 1066 3516 sunt,
1119 3467 1429 3521 quousque
1488 3467 1698 3505 carnes
1748 3467 1949 3504 eorum
1984 3449 2045 3504 in

383 3541 602 3591 terram
636 3537 999 3592 deciderent.
1024 3541 1236 3594 Postea
1260 3540 1631 3594 semimortui
1655 3540 1717 3594 in
1750 3555 2045 3594 carcerem

383 3625 610 3680 detrusi
643 3633 968 3696 apparente
1005 3627 1126 3682 illis
1149 3629 1357 3698 angelo
1393 3629 1514 3694 Dei,
1543 3629 1733 3684 sanati
1766 3629 2040 3683 fuerunt:

384 3719 561 3786 atque
590 3716 672 3771 ita
701 3721 836 3786 post
867 3717 1087 3772 multos
1107 3716 1233 3771 dies
1262 3735 1292 3772 e
1322 3735 1556 3774 carcere
1581 3719 1708 3773 sani
1734 3723 1792 3772 et
1821 3717 2044 3772 incolu-

384 3819 512 3858 mes
537 3804 827 3858 exierunt.
853 3806 999 3858 Tum
1023 3823 1157 3860 vero
1177 3806 1249 3861 ad
1278 3807 1538 3862 tribunal
1569 3807 1828 3878 praefecti
1856 3806 2039 3860 adduv

385 3891 484 3958 cti,
520 3908 654 3947 cum
674 3899 914 3964 propter
931 3895 1042 3949 hoc
1075 3896 1425 3950 miraculum
1455 3896 1674 3950 multos
1703 3894 2040 3950 inﬁdelium

383 3980 458 4035 ad
509 3981 829 4036 Dominum
885 3985 1338 4051 convertissent,
1390 3986 1608 4041 iterum
1650 3986 1709 4038 in
1741 4001 2039 4041 carcerem

382 4069 662 4142 conjecti,
695 4070 920 4127 ibidem
953 4073 1183 4129 animas
1225 4091 1364 4129 suas
1394 4075 1513 4130 Deo
1547 4073 1866 4130 tradidere.

940 4342 1181 4398 EODEM
1216 4343 1359 4397 MEN
1366 4342 1467 4397 SE.

1047 4449 1152 4504 Die
1199 4454 1364 4504 sexta

377 4537 662 4594 Certamen
717 4546 1035 4594 sanctorum
1107 4545 1417 4607 martyrum
1484 4536 1781 4592 mulierum
1836 4537 2030 4607 Cyr-ias,

911 4629 1145 4683 Valeriae
1178 4635 1231 4682 et
1260 4627 1494 4683 Marcia.
1598 4626 1599 4629 “

443 4714 618 4786 Cyria
639 4716 857 4771 Christi
901 4723 1147 4788 martyr,
1209 4722 1268 4777 et
1325 4716 1575 4782 Valeria,
1605 4721 1664 4771 et
1692 4717 1927 4784 Marcia,
1961 4733 2031 4771 ex

370 4803 518 4858 urbe
551 4805 818 4861 Caasarea
841 4806 1155 4861 Palestinas
1189 4807 1476 4874 oriundm,
1503 4824 1537 4863 a
1559 4807 1816 4878 quodam
1839 4807 2033 4861 Chris-

373 4895 534 4949 tiano
567 4895 810 4964 edoctae,
841 4897 1088 4968 ejuratis
1119 4898 1294 4954 idolis
1326 4899 1694 4969 impurisque
1723 4895 2031 4952 sacrificiis

376 4990 762 5039 accesserunt
792 4986 866 5040 ad
914 4987 1234 5064 Christum,
1269 4993 1327 5042 et
1355 4988 1661 5059 baptizata;
1695 4993 1848 5041 sunt.
1885 4988 2030 5040 Tum

368 5089 504 5128 vero
532 5075 794 5145 quietam
814 5075 994 5130 vitam
1017 5077 1175 5131 domi
1199 5077 1472 5150 agebant,
1493 5078 1553 5131 in
1577 5076 1767 5131 multa
1788 5075 2028 5149 pietate,

363 5162 428 5216 in
461 5163 697 5231 virtute,
732 5165 990 5236 jejunio,
1025 5167 1293 5221 oratione
1327 5172 1385 5221 et
1413 5165 1613 5238 vigilia
1643 5181 2026 5236 perseveran-

362 5255 472 5309 tes,
507 5251 815 5324 Deumque
848 5252 1260 5323 deprecantes,
1285 5260 1351 5309 ut
1380 5253 1672 5308 idolorum
1702 5254 2032 5324 impostura

360 5343 598 5412 penitus
626 5343 969 5414 exstirpata,
1003 5360 1108 5414 per
1137 5345 1478 5398 universum
1503 5347 1796 5397 terrarum
1825 5341 2032 5396 orbem

363 5431 698 5486 Christiana
731 5432 879 5486 ﬁdes
934 5431 1275 5502 refulgeret,
1337 5437 1615 5502 motaque
1673 5432 1732 5485 in
1792 5437 2029 5486 sanctos

362 5521 699 5590 persecutio
726 5525 1009 5576 cessaret.
1044 5521 1178 5575 Haec
1209 5538 1345 5576 cum
1375 5526 1639 5593 agerent,
1672 5520 1744 5576 ab
1778 5519 2031 5575 idolola-

358 5609 466 5664 tris
506 5610 719 5666 delatas
768 5609 843 5666 ad
887 5609 1148 5679 regionis
1178 5611 1525 5682 praefectum
1562 5653 1575 5677 ,
1604 5610 1675 5665 ab
1728 5610 1832 5664 illo
1865 5627 2027 5665 com-

360 5699 548 5766 pulsae
578 5705 719 5757 sunt
748 5698 1052 5756 Christum
1096 5700 1412 5773 abnegare,
1447 5707 1506 5757 et
1535 5699 1695 5756 idola
1727 5699 1976 5756 adorare
2011 5717 2025 5756 :

2063 4618 2110 4683 D

2155 3356 2430 3438 σφοδρῶς,
2490 3363 2579 3416 καὶ
2633 3363 2727 3422 τὰς
2791 3359 3032 3436 πλευρὰς
3114 3359 3365 3434 λαμπάσι
3436 3361 3797 3429 κατεκάησαν.

2151 3456 2256 3508 Καὶ
2286 3454 2679 3526 κρεμασθέντες
2736 3452 3020 3522 ἐξέσθησαν
3085 3453 3222 3523 μετά
3272 3450 3510 3527 σιδηρῶν
3556 3451 3809 3526 ὁνόχων,

2149 3539 2252 3603 ἕως
2284 3543 2337 3596 αἱ
2371 3542 2563 3615 σάρκες
2613 3541 2788 3596 αὐτῶν
2846 3539 3036 3596 ἔπεσον
3092 3540 3177 3595 ἐπὶ
3236 3542 3337 3610 τήν
3392 3549 3519 3616 γῆν.
3579 3542 3812 3598 Ἔπειτα

2147 3625 2578 3697 ἀπεκλείσθησαν
2640 3628 2717 3689 εἰς
2795 3626 3044 3705 φυλακὴν
3095 3629 3384 3700 ἡμιθανεῖς
3445 3629 3809 3704 ὑπάρχοντες.

2146 3718 2314 3781 Ἔνθα
2365 3716 2642 3789 ἐπιφανεὶς
2705 3716 2892 3778 αὐτοῖς
2949 3716 3182 3792 ἂγγελος
3239 3719 3395 3786 Θεοῦ,
3453 3718 3812 3796 ἐθεράπευσεν

2147 3806 2367 3866 αὐτούς.
2441 3807 2538 3862 Καὶ
2601 3807 2734 3879 μετά
2788 3805 3004 3868 πολλὰς
3064 3809 3275 3881 ἡμέρας
3333 3807 3642 3878 ἐξελθόντες
3704 3815 3813 3878 τῆς

2145 3901 2396 3973 φυλακῆς
2489 3897 2680 3970 ὑγιεῖς,
2767 3897 2855 3950 καὶ
2961 3897 3331 3970 παραστάντες
3420 3896 3502 3970 τῷ
3611 3918 3810 3971 κριτη-

2146 3984 2248 4058 ρίῳ
2304 3990 2407 4040 τοῦ
2461 3985 2751 4060 ἄρχοντος,
2810 3982 3062 4047 πολλοὺς
3115 3991 3225 4040 τῶν
3285 3985 3526 4041 ἀπίστων
3603 3985 3690 4041 διὰ
3742 3987 3811 4042 τὸ

2143 4075 2325 4148 θαῦμα
2385 4075 2712 4150 ἐπέστρεψαν
2773 4074 2858 4130 ἐπὶ
2954 4074 3048 4130 τὸν
3131 4075 3355 4151 Κύριον.
3445 4077 3543 4130 Καὶ
3630 4074 3804 4131 πάλιν

2139 4164 2529 4242 παραδοθέντες
2559 4164 2799 4241 φυλακῆ,
2851 4162 2904 4218 ἐν
2959 4162 3094 4238 αὐτῇ
3151 4164 3232 4236 τῷ
3289 4169 3406 4238 Θεῷ
3456 4166 3552 4229 τὰς
3611 4165 3801 4240 ψυχὰς

2140 4254 2480 4331 παρέδωκαν.

2693 4343 2874 4400 MHNI
2915 4348 3004 4399 ΤΩ
3043 4347 3243 4402 ΔΥΤΩ.

2947 4449 2987 4517 ζ’

2135 4538 2405 4612 Ἂθλησις
2457 4543 2566 4594 τῶν
2613 4535 2811 4613 ,ἀγ-ίων,
2888 4537 3176 4613 μαρτύρων
3232 4542 3502 4613 γυναικῶν
3573 4538 3806 4613 Κυρίας,

2607 4608 2901 4683 Βάλερίας,
2933 4608 3021 4664 καὶ
3056 4608 3328 4684 Μαρκίας.

2212 4710 2379 4786 Κυρία
2417 4711 2451 4779 ἠ
2502 4712 2601 4763 τοῦ
2659 4711 2894 4782 Χριστοῦ
2959 4706 3187 4781 μάρτυς,
3238 4708 3327 4764 καὶ
3388 4707 3650 4783 Βαλερία,
3709 4707 3808 4762 καὶ

2140 4801 2360 4874 Μαρκία
2419 4798 2672 4872 ὑπῆρχον
2733 4795 2792 4851 ἐκ
2842 4803 2943 4864 νῆς
3019 4795 3237 4860 πόλεως
3323 4796 3642 4870 Καισαρείας
3697 4803 3808 4866 τῆς

2139 4886 2536 4957 Παλαιστίνης·
2569 4885 2659 4940 καὶ
2701 4885 2804 4941 ὑπὸ
2852 4891 3178 4962 Χριστιανοῦ
3224 4908 3378 4950 τινος
3427 4884 3810 4961 διδαχθεῖσαι,

2141 4979 2510 5054 ἀρνησάμεναι
2548 4975 2616 5030 τὰ
2670 4973 2894 5043 εἴδωλα,
2955 4977 3046 5030 καὶ
3101 4978 3197 5037 τὰς
3261 4974 3527 5052 βδελυρὰς
3587 4976 3807 5044 θυσίας,

2139 5065 2456 5144 προσῆλθον
2516 5069 2595 5136 τῷ
2654 5067 2873 5139 Χριστῷ
2927 5063 3016 5119 καὶ
3076 5059 3498 5136 ἐϐαπτίσθησαν.
3586 5065 3689 5121 Καὶ
3742 5063 3807 5119 ἐν

2137 5157 2345 5232 ἠσυχίᾳ
2389 5154 2768 5225 καθεζόμεναι,
2825 5152 2878 5208 ἐν
2941 5153 3203 5226 οἰκήματι
3263 5152 3457 5229 διῆγον
3516 5153 3567 5208 ἐν
3629 5152 3814 5209 εὐλα-

2139 5243 2262 5318 6είᾳ
2291 5242 2480 5317 πολλῇ
2514 5244 2604 5297 καὶ
2659 5242 2848 5312 ἆρετῆ,
2907 5245 3131 5315 νηστείᾳ
3185 5243 3274 5299 καὶ
3334 5246 3643 5319 προσευχῇ,
3705 5242 3812 5298 καὶ

2139 5332 2410 5411 ἀγρυπνίᾳ
2461 5335 2984 5407 προσκαρτεροῦσαι,
3043 5332 3134 5387 καὶ
3193 5333 3284 5388 τὸν
3371 5334 3500 5388 Θεὸν
3556 5331 3816 5402 ἐξιλεού-

2145 5445 2318 5499 μεναι,
2376 5420 2467 5476 καὶ
2523 5419 2961 5495 παρακαλοῦσαι,
3016 5420 3168 5483 ὅπως
3253 5420 3534 5494 καταλυθῇ
3606 5422 3703 5494 μὶν
3765 5425 3809 5493 ἡ

2137 5519 2246 5571 τῶν
2293 5509 2540 5567 εἰδώλων
2600 5512 2778 5580 πλάνη
2835 5509 3084 5584 τελείως,
3144 5508 3444 5587 ἀναλάμψῃ
3505 5509 3627 5581 δὲή
3688 5516 3812 5568 τῶν

2139 5603 2480 5679 Χριστιανῶν
2514 5598 2695 5662 πίστις
2730 5598 2805 5660 εἰς
2853 5601 3029 5656 πάντα
3082 5600 3173 5656 τὸν
3233 5602 3464 5675 κόσμον,
3523 5601 3612 5655 καὶ
3668 5599 3816 5656 παύ-

2139 5715 2299 5768 σηται
2335 5693 2363 5748 ὁ
2393 5692 2532 5747 κατὰ
2558 5694 2668 5746 τῶν
2703 5689 2868 5766 ἁγίων
2913 5689 3180 5768 διιυγμός.
3229 5692 3386 5748 Οὕτω
3437 5691 3495 5748 δὲ
3541 5695 3810 5748 ποιοῦσαι
