4108 6446
317 373 438 439 489
1859 373 1952 438 JU

2067 373 2166 441 38.
3636 395 3756 460 490

314 511 782 585 κατεμηνύθησαν
841 516 920 586 τῷ
976 513 1077 581 τῆς
1136 510 1326 588 χώρας
1382 507 1610 587 ἄρχοντι
1679 529 1826 584 παρα
1878 513 1952 566 τῶ

2067 573 2074 582 ,
2104 516 2264 588 quod
2293 534 2428 574 cum
2455 519 2574 576 illm
2594 520 2786 578 facere
2818 520 3239 582 detrectarent.
3273 527 3587 586 tormentis
3611 530 3754 588 sub-

315 600 776 680 εὶδωλολατρῶν·
847 603 938 659 καὶ
1003 601 1844 694 ἆναγκασθεῖσαιᾼάρνήσασθαι
1897 600 1952 656 τὸ

2088 606 2288 679 jectae,
2323 610 2476 666 I26
2507 610 2879 686 fustibusque
2905 631 3096 687 caesae,
3119 615 3276 674 inter
3298 617 3428 692 ipsa
3455 619 3752 694 supplicia.

320 694 586 770 Χριστὸν,
644 693 738 748 καὶ
796 699 1174 770 προσκυνῆσαι
1233 696 1350 753 τοῖς
1409 687 1690 754 εἶδώλοις.
1758 690 1849 746 καὶ
1910 711 1951 762 μ

2096 697 2274 753 vitam
2303 697 2608 759 ﬁnierunt.

317 781 750 858 καταδεξάμεναι
809 788 976 839 ταῦτα
1055 788 1304 852 ποιῆσαι,
1394 775 1844 852 ὶϐασανίσθησαν,
1896 781 1988 836 καὶ

321 875 745 948 μαστιζὸμεναι,
776 873 830 929 ἐν
860 872 1047 938 αὐταῖς
1075 871 1375 950 τιμωρίαις
1407 869 1828 942 ἐτελειώθησαν.

883 983 1069 1040 MHNI
1106 983 1198 1062 Τῼ
1236 984 1430 1060 Απςι.

2647 994 2888 1054 EODEM
2926 996 3175 1054 MENSE.

1128 1072 1181 1130 Z‘
1839 1156 1848 1158 _
2715 1085 2818 1141 Die
2851 1088 3104 1158 septima

307 1163 615 1235 Ἀθλησις,
673 1161 766 1219 καὶ
825 1157 1134 1252 ἄνακομιδή
1161 1163 1324 1255 ἢτοῦ]
1352 1158 1616 1235 λειψάνυυ
1673 1163 1770 1215 τοῦ
1829 1156 1946 1236 ἆγίο

2093 1171 2376 1226 Certamen
2415 1179 2467 1228 et
2498 1156 3202 1255 translati0__religuiarum
3246 1183 3425 1238 sancti
3471 1188 3734 1255 martyris

854 1229 1128 1311 μάρτῦρος
1159 1229 1466 1290 Θεοδότου(
1875 1229 1886 1236 ’

2632 1229 2639 1231 ⁷
2765 1229 3051 1304 Theodoti.

2162 1344 2497 1400 Theodotus
2527 1346 2741 1402 Christi
2773 1355 3000 1422 martyr
3034 1351 3096 1406 in
3148 1352 3386 1410 Galatia:
3435 1357 3741 1427 provincia

2090 1432 2152 1486 in
2184 1433 2429 1489 castello
2462 1435 2610 1491 Malo
2641 1442 2838 1506 natus,
2871 1456 3005 1496 cum
3039 1448 3379 1501 sanctorum
3410 1454 3739 1520 martyrum

2087 1522 2373 1594 reliquias
2396 1525 2936 1597 sepeliret,delatus
2957 1531 3115 1602 apud
3136 1535 3382 1606 Ancyrae
3396 1537 3737 1607 prmsidem,

2087 1617 2145 1666 et
2166 1618 2394 1685 captus,
2421 1614 2481 1669 in
2505 1631 2803 1673 carcerem
2823 1619 3178 1677 detruditur.
3205 1625 3331 1679 Mox
3359 1625 3433 1680 ad
3456 1629 3734 1697 quaestio-

385 1349 657 1414 Θεόδοτος
680 1350 708 1405 ὁ
730 1353 826 1404 τοῦ
844 1351 1090 1425 Χριστοῦ
1109 1346 1314 1423 μάρτυς
1332 1347 1578 1423 ὑπῆρχεν
1598 1345 1658 1402 ἐκ
1677 1352 1774 1415 τῆς
1793 1347 1980 1421 χώρας

301 1447 412 1511 τῆς
441 1437 739 1510 Γαλατίας,
773 1437 988 1515 χωρίου
1019 1436 1240 1496 Μαλοῦ.
1299 1437 1530 1494 Θάπτων
1566 1432 1624 1491 δὲ
1651 1440 1760 1490 τῶν
1809 1437 1977 1513 ἁγίων

309 1529 613 1606 μαρτύρων
658 1528 725 1584 τὰ
777 1526 1028 1602 λείψανα,
1085 1521 1356 1598 διεϐλήθη
1415 1531 1496 1600 τῷ
1555 1533 1657 1597 τῆς
1715 1527 1979 1604 ’Λγκύρας

310 1619 570 1696 ἄρχοντι,
602 1620 694 1675 καὶ
726 1617 1018 1694 κρατηθεῖς
1049 1616 1406 1688 ἀπεκλείσθη.
1451 1617 1582 1673 Εἶτα
1631 1615 1708 1679 εἷς
1765 1615 1975 1692 ἐρώτη-

319 1731 404 1764 σιν
435 1709 651 1785 ἀχθεὶς,
703 1707 923 1764 ἀντεῖπε
971 1703 1224 1786 σφοδρῶς
1279 1709 1362 1779 τῷ
1410 1703 1665 1782 ἄρχοντι,
1715 1705 1804 1760 καὶ
1850 1706 1948 1762 τοὺ

2085 1718 2222 1756 nem
2245 1702 2478 1771 ductus,
2513 1705 2750 1774 praesidi
2774 1707 3156 1766 vehementer
3180 1714 3741 1777 contradixit.deos-

316 1797 604 1868 Ἐλλήνων
663 1796 820 1859 θεοὺς
867 1794 1156 1873 ἐχλεύασε,
1209 1795 1297 1850 καὶ
1355 1795 1484 1858 τοὺς
1541 1800 1949 1869 προσκυνοῦντα

2084 1807 2198 1861 que
2233 1792 2567 1848 Graacorum
2590 1793 2795 1863 irrisit,
2822 1814 3146 1872 eorumque
3168 1801 3514 1860 adoratores
3542 1805 3738 1863 fatuos

319 1889 522 1952 αὐτοὺς
575 1889 818 1965 μωροὺς,
871 1888 961 1944 καὶ
1019 1887 1243 1954 ἀθλίους
1301 1887 1622 1947 ἀπεκάλεσε.
1684 1889 1826 1946 Τότε
1879 1911 1943 1945 τυ

2087 1885 2145 1935 et
2174 1880 2424 1936 miseros
2455 1882 2791 1954 appellavit.
2826 1887 2969 1942 Tum
3002 1905 3137 1944 vero
3155 1893 3500 1963 gravissime
3523 1912 3734 1966 caesus,

318 1981 472 2059 φθείς
529 1977 806 2058 σφοδρῶς,
887 1977 1193 2055 ἐκρεμάσθη
1267 1976 1355 2032 ἐπὶ
1430 1976 1617 2049 ξύλου·
1702 1979 1793 2034 καὶ
1873 1980 1952 2035 τὼ

2084 1968 2363 2042 lignoque
2395 1987 2742 2044 suspensus,
2774 1975 3028 2031 admotis
3058 1978 3290 2036 facibus
3334 1982 3394 2037 in
3442 1983 3732 2042 lateribus

312 2058 556 2146 πλευρὰς
625 2070 728 2126 ὑπὸ
788 2066 1095 2143 λαμπάδων
1154 2069 1412 2139 κατεκάη,
1472 2069 1563 2124 καὶ
1627 2066 1812 2143 ἐξὲσθη
1871 2071 1952 2127 τὰς

2078 2058 2376 2116 ustuiatus
2408 2066 2519 2129 est,
2552 2063 2800 2135 ejusque
2827 2083 3040 2124 carnes
3071 2068 3429 2138 dilaceratae,
3465 2077 3729 2133 Posthaec

305 2161 538 2236 σάρκας.
603 2159 705 2217 Καὶ
769 2162 902 2233 μετά
957 2164 1124 2214 ταῦτα
1201 2153 1387 2214 λαϐὼν
1461 2159 1561 2229 τὴν
1622 2155 1712 2214 διὰ
1785 2158 1969 2239 ξίφους

302 2250 609 2328 ἀπόφασιν,
641 2248 1010 2320 προσηύξατο,
1041 2249 1130 2304 καὶ
1165 2247 1340 2310 οὕτως
1389 2246 1602 2320 ἐτμήθη
1657 2249 1758 2318 τήν
1801 2269 1965 2323 κεφα-

303 2339 439 2409 λήν,
479 2332 850 2414 Πρεσϐύτερος
889 2334 948 2392 δὲ
975 2358 1081 2408 τις,
1135 2335 1392 2411 Φρόντων
1434 2336 1667 2410 τόνομα,
1720 2334 1850 2392 ἰδὼν
1901 2338 1964 2393 τὸ

305 2427 575 2504 λείψανον
638 2429 808 2484 αὐτοῦ
896 2427 999 2482 ὑπὸ
1085 2430 1433 2502 στρατιωτῶν
1530 2425 1962 2504 φυλαττόμενον,

299 2519 529 2590 ἀπῆλθε
580 2516 717 2594 πρὸς
775 2515 992 2585 αὐτοὺς,
1069 2516 1161 2572 καὶ
1239 2516 1710 2595 ἐφιλοφρονήσατο
1765 2517 1961 2582 αὐτοὺς

293 2607 459 2684 οἴνῳ,
517 2608 610 2665 καὶ
659 2607 751 2664 ὅτε
807 2607 1086 2675 ίὶπνωσαν,
1143 2601 1332 2663 λαϐὼν
1389 2607 1453 2662 τὸ
1521 2605 1804 2682 λείψανον,
1870 2609 1961 2664 καὶ

288 2699 506 2762 ἔπιθεῖς
535 2703 606 2773 τῇ
637 2697 749 2772 δνῳ
773 2696 961 2770 αὐτοῦ,
995 2699 1286 2774 ἀπαγαγὼν
1317 2691 1510 2772 ἔθαψεν
1544 2695 1598 2752 ἐν
1641 2702 1720 2769 τῷ
1767 2698 1962 2774 χωρίῳ

287 2791 489 2862 αὐτοῦ,
524 2788 692 2866 βρύον
726 2786 929 2863 ἱάματα
962 2787 1130 2862 μέχρι
1161 2793 1262 2858 τῆς
1295 2788 1562 2863 σήμερον.

293 2907 400 2968 Καὶ
455 2903 696 2978 ἄθλησις
748 2909 859 2962 τῶν
918 2895 1446 3036 ἆγὲῒέκῶἶέτύρων
1504 2900 1812 2978 Νικάνδρου
1867 2904 1960 2964 καὶ

1015 2997 1300 3052 αρκιανου.

361 3094 669 3173 Νίκανδρος
698 3095 790 3154 καὶ
845 3096 1181 3173 Μαρκιανὸς,
1221 3096 1274 3152 οἱ
1304 3099 1401 3152 τοῦ
1459 3099 1696 3171 Χριστοῦ
1745 3097 1959 3171 μάρτυ-

286 3208 398 3261 ρες,
435 3188 694 3264 ὑπῆρχον
733 3187 829 3260 μἐν
883 3186 984 3255 τήν
1033 3185 1182 3258 τάξιν
1234 3190 1585 3261 στρατιῶται,
1643 3186 1960 3259 Χριστιανοὶ

2075 2149 2197 2205 lata
2219 2151 2536 2218 sententia,
2565 2158 2631 2208 ut
2658 2153 2853 2227 gladio
2878 2156 3176 2229 feriretur,
3205 2163 3411 2227 oravit,
3444 2168 3622 2236 atque
3644 2167 3728 2224 ita

2075 2240 2267 2312 capite
2297 2241 2506 2313 plexus
2525 2248 2633 2298 est.
2665 2245 2914 2309 Quidam
2944 2265 3080 2304 vero
3111 2251 3441 2324 presbyter,
3461 2255 3723 2314 Phronto

2074 2330 2338 2397 nomine,
2372 2332 2849 2392 animadvertens
2879 2338 3008 2410 ejus
3037 2339 3320 2411 reliquias
3351 2360 3386 2399 a
3431 2344 3723 2404 militibus

2073 2420 2382 2489 custodiri,
2413 2423 2488 2478 ad
2518 2439 2618 2480 eos
2671 2427 2957 2483 accessit:
3019 2429 3272 2502 vinoque
3330 2431 3617 2498 delinitis,
3664 2442 3725 2494 et

2074 2529 2284 2568 somno
2307 2513 2808 2588 captis,reliquias
2825 2518 3104 2590 jumento
3121 2521 3430 2595 impositas
3454 2525 3721 2598 abstulit,

2073 2606 2132 2655 et
2157 2601 2219 2657 in
2251 2601 2474 2673 praedio
2500 2620 2606 2660 suo
2635 2607 2924 2679 sepelivit,
2944 2609 3044 2666 ubi
3069 2627 3258 2684 usque
3281 2612 3342 2671 in
3366 2621 3724 2685 praesentem

2073 2689 2230 2746 diem
2261 2693 2600 2751 curationes
2628 2695 2907 2755 fundunt.

2070 2903 2140 2960 Et
2194 2907 2471 2959 certamen
2565 2912 2878 2984 sanctorym
2913 2980 2924 2984 Δ
2957 2915 3262 2984 martyrum
3337 2917 3612 2974 Nicandri
3678 2924 3730 2976 et

2750 2980 3043 3036 Marciani.

2145 3091 2437 3149 Nicander
2466 3098 2525 3149 et
2553 3095 2909 3164 Marcianus,
2952 3098 3169 3155 Christi
3227 3107 3537 3176 martyres,
3588 3125 3724 3179 pro-

2071 3181 2330 3239 fessione
2363 3183 2604 3252 milites,
2665 3185 2952 3259 religione
3000 3189 3319 3247 Christiani
3375 3193 3478 3266 pii,
3528 3213 3596 3253 ac
3645 3197 3721 3252 ti-

281 3277 340 3335 δὲ
372 3273 630 3340 εὐλαϐεῖς
658 3275 750 3332 καὶ
782 3270 1117 3355 φοϐούμενοι
1158 3275 1248 3330 τὸν
1311 3276 1464 3334 Θεόν.
1518 3275 1950 3352 Στρατευόμενοι

2067 3277 2298 3328 mentes
2329 3274 2535 3342 Deum,
2569 3290 2704 3330 cum
2736 3275 2845 3331 sub
2893 3278 3147 3349 praeside
3194 3281 3444 3339 Maximo
3496 3286 3718 3342 milita-

285 3365 345 3423 δὶ
378 3368 471 3423 ἒ.πῖ
500 3366 756 3440 Μαξίμου
784 3370 882 3421 τοῦ
912 3363 1206 3442 ἡγεμόνος,
1249 3362 1367 3420 ἐπεὶ
1416 3365 1546 3439 παρ’
1597 3363 1804 3421 ἐκείνου
1851 3364 1958 3420 ἀπ-

290 3456 618 3513 εστέλλοντο
649 3455 743 3511 σὺν
774 3459 895 3516 τοῖς
956 3454 1044 3509 ὑπ’
1091 3453 1281 3516 αὐτοῖς
1321 3455 1704 3530 στρατιώταις,
1755 3453 1844 3510 ἐπὶ
1893 3455 1957 3511 τὸ

296 3551 518 3620 κρατεῖν
575 3544 704 3608 τοὺς
758 3543 1143 3620 Χριστιανοὺς,
1199 3543 1294 3598 καὶ
1351 3543 1488 3618 πρὸς
1546 3543 1704 3598 αὐτὸν
1789 3545 1953 3620 ἄγειν·

297 3633 467 3690 αὐτοὶ
493 3639 607 3696 τοῖς
642 3636 735 3708 μὲν
787 3635 1173 3708 προσεμήνυον
1232 3637 1443 3710 φυγεῖν
1503 3632 1633 3695 τοὺς
1691 3629 1750 3688 δὲ
1806 3631 1957 3705 ἐκρά-

292 3744 456 3790 τουν,
517 3721 780 3798 Eas-{Bono
841 3720 900 3779 δὲ
956 3724 1136 3778 αὐτῶν
1217 3722 1306 3778 καὶ
1381 3723 1563 3792 πάσης
1637 3722 1953 3796 ἐπιμελείας

293 3813 508 3883 ἠξίουν.
570 3815 658 3868 Καὶ
713 3818 882 3870 τοῦτο
953 3812 1453 3888 μαθὼνὸἡγεμὼν
1512 3811 1660 3887 παρᾶ
1718 3809 1952 3869 εἰδωλο-

291 3900 534 3977 λατρῶν,
568 3903 818 3976 ἐλυπήθη
882 3905 999 3976 μὲν·
1054 3901 1574 3976 προσκαλεσάμενος
1617 3899 1675 3958 δὲ
1724 3901 1946 3976 αὐτοὺς,

280 3993 642 4063 ἐπυνθάνετο,
673 3993 719 4050 εί
750 3993 956 4064 ἀληθὲς
1007 3991 1090 4064 εἷίη
1139 3993 1202 4048 τὸ
1254 3993 1371 4048 κατ’
1428 3991 1604 4047 αὐτῶν
1663 3990 1948 4054 ἀκουσθέν.

281 4093 354 4150 Οἱ
389 4088 451 4147 δὶ
483 4087 775 4164 ψεύδεσθαι
808 4091 886 4164 μή
920 4088 1144 4160 εἰδότες,
1189 4091 1254 4146 οὗ
1311 4091 1479 4162 μόνον
1528 4087 1733 4159 ἀληθὶς
1787 4090 1947 4158 εἶναι,

279 4182 419 4254 ὅπερ
480 4182 878 4255 ἠρωτήθησαην,
938 4173 1422 4249 διεϐεϐαιώσαντο,
1487 4177 1636 4235 ἀλλά
1676 4179 1766 4234 καὶ
1815 4185 1946 4254 Χρι-

277 4269 538 4333 στιανοὺς
623 4269 850 4333 ἑαυτοὺς
937 4267 1217 4347 παῤῥησίᾳ
1310 4265 1704 4344 ὡμολόγησαν.
1790 4269 1946 4327 Ὅθεν

278 4359 544 4436 βασάνοις
604 4357 847 4422 πολλαῖς
908 4357 1316 4429 ὑποϐληθὲντες
1375 4357 1664 4435 πρότερον,
1723 4357 1941 4434 ὕστερον

269 4451 374 4515 τὰς
405 4451 598 4523 τιμίας
625 4451 714 4506 καὶ
778 4449 928 4526 ἱερὰς
987 4447 1163 4504 αὐτῶν
1222 4445 1465 4528 κεφαλὰς
1523 4447 1940 4521 ἀπετμήθησαν.

838 4557 1018 4615 ΜΗΝΙ
1057 4557 1150 4614 ΤΩ
1185 4557 1392 4614 ΑΓΤΩ.

1082 4651 1147 4704 Η,

257 4747 330 4808 Ἥ
395 4746 707 4822 ἆνακομιδὴ
764 4749 865 4822 τοῦ
918 4743 1182 4819 λειψάνου
1237 4747 1357 4822 τοῦ-
1395 4744 1578 4822 ⁸ἁγίου
1662 4745 1940 4821 μάρτυρος

687 4815 979 4893 Θεοδώρου
1007 4815 1104 4874 τοῦ
1132 4815 1534 4895 στρατηλάτου.

344 4925 820 5004 Θεόδωροςὸτοῦ
849 4929 1085 5002 Χριστοῦ
1140 4927 1367 5000 μάρτυς,
1427 4925 1648 5002 ὑπῆρχε
1701 4926 1795 5000 μὶν
1847 4924 1936 4982 ἐπὶ

270 5016 561 5091 βασιλείας
607 5018 907 5073 Λικιννίου·
957 5015 1009 5090 ἐξ
1069 5017 1306 5092 εὐγενῶν
1365 5013 1424 5072 δὶ
1477 5017 1682 5092 γονὲων
1743 5037 1938 5086 γεννη-

267 5105 387 5170 θεῖς
415 5105 468 5161 ἓν
521 5107 847 5182 Εὐχαῖτοις,
905 5105 1178 5182 ἀνετράφη
1240 5109 1448 5168 πιστῶς
1502 5106 1629 5182 παρ’
1694 5104 1935 5177 ἐκείνων,

265 5196 361 5251 καὶ
394 5193 647 5272 ἀνδρεῖος
692 5196 1004 5272 γενόμενος,
1062 5193 1412 5268 ἐστρατεύθη,
1471 5194 1560 5250 καὶ
1607 5190 1930 5269 προεϐλήθη

266 5285 661 5360 στρατηλάτης
710 5287 918 5342 Πόντου
973 5283 1320 5358 Ἡρακλείας.
1382 5289 1626 5362 Ὑπῆρχε
1683 5282 1741 5340 δὲ
1793 5285 1933 5341 πάνυ

262 5375 474 5450 ὡραῖος
508 5379 578 5450 τῇ
612 5372 756 5449 ὄψει,
806 5374 900 5430 καὶ
945 5375 1112 5450 σοφὸς
1165 5377 1235 5449 τῇ
1302 5374 1520 5450 γνώσει.
1581 5374 1684 5432 Καὶ
1745 5376 1929 5448 μαθὼν

257 5466 433 5518 ταῦτα
465 5464 495 5519 ὁ
537 5465 840 5533 Λικίννιος,
897 5462 989 5518 καὶ
1050 5462 1395 5534 ἐπιθυμήσας
1448 5459 1602 5532 ἰδεῖν,
1660 5483 1933 5540 προσεκα-

261 5548 467 5607 λέσατο
498 5553 662 5610 αὐτὸν
700 5552 884 5608 ἐλθεῖν
913 5551 1050 5626 πρὸς
1081 5552 1268 5622 αὐτὸν,
1302 5551 1534 5617 θύσοντα
1580 5553 1714 5628 μετᾶ
1766 5555 1934 5610 αύτοῦ

257 5646 379 5704 τοῖς
415 5646 586 5706 θεοῖς.
619 5643 679 5701 Ὸ
712 5639 770 5698 δὲ
820 5642 1180 5714 ἀντεμήνυσεν
1234 5641 1400 5714 αὐτῷ.
1453 5644 1579 5701 ’Ότι
1627 5641 1841 5717 μᾶλλόν
1877 5665 1936 5700 σε

264 5732 409 5808 χρὴ,
485 5731 737 5807 βασιλεῦ,
795 5729 971 5787 ἐλθεῖν
1045 5729 1292 5802 ἐνταῦθα,
1368 5731 1521 5797 ὃπως
1591 5733 1814 5809 γένηται
1869 5733 1933 5790 τὸ

548 5851 820 5916 Panos.
874 5851 986 5915 Gn.
1035 5850 1270 5915 CXVII.

1970 4647 2018 4713 D

2063 3366 2218 3425 rent,
2250 3361 2322 3418 ab
2355 3362 2564 3419 eodem
2595 3380 2716 3420 una
2741 3381 2876 3420 cum
2909 3365 3054 3423 aliis.
3076 3368 3367 3426 militibus
3412 3372 3524 3429 sibi
3585 3375 3722 3431 sub-

2054 3449 2234 3524 jectis
2265 3451 2340 3506 ad
2387 3452 2755 3509 Christianos
2808 3456 3130 3526 capiendos
3181 3465 3358 3530 atque
3399 3462 3474 3517 ad
3518 3463 3716 3536 ipsum

2061 3538 2442 3609 adducendjos
2473 3541 2641 3597 missi
2676 3548 2833 3611 sunt,
2859 3543 2946 3598 illi
2980 3562 3115 3602 vero
3138 3547 3310 3617 alios,
3333 3555 3400 3605 ut
3416 3551 3716 3625 fugerent,

2059 3627 2496 3695 admonebant;
2532 3630 2681 3686 alios
2730 3632 3046 3704 capiebant
3095 3636 3359 3706 quidem,
3414 3640 3517 3695 sed
3567 3642 3717 3713 ipsis

2057 3723 2392 3789 parcentes,
2427 3719 2680 3776 sollicite
2713 3737 2810 3775 res
2842 3738 3050 3778 eorum
3081 3725 3389 3784 curabant.
3416 3729 3580 3794 Quod
3611 3731 3714 3788 ubi

2057 3807 2129 3863 ab
2152 3807 2483 3863 idololatris
2506 3825 2728 3881 praeses
2757 3811 3006 3884 accepit,
3042 3830 3194 3887 aegre
3227 3814 3285 3871 id
3315 3816 3536 3883 ferens,
3570 3821 3714 3878 illos

2056 3896 2130 3951 ad
2180 3914 2242 3952 se
2291 3899 2612 3954 accersitos
2673 3899 3075 3974 interrogavit,
3126 3905 3277 3961 I27
3329 3912 3531 3965 utrum
3579 3927 3716 3968 vera.

2056 3991 2276 4052 essent,
2310 4005 2441 4059 quae
2475 3989 2757 4047 adversus
2789 3990 2950 4063 ipsos
2982 3993 3270 4050 audierat.
3295 3996 3388 4052 Illi
3418 4015 3552 4054 vero
3575 4017 3712 4058 cum

2051 4079 2293 4135 mentiri
2324 4080 2665 4150 nequirent,
2698 4098 2819 4138 non
2850 4083 3027 4140 modo
3059 4102 3196 4142 vera
3225 4103 3375 4157 esse,
3400 4088 3472 4145 de
3494 4093 3710 4162 quibus

2051 4168 2593 4241 interrogabantur,
2626 4171 3004 4229 afﬁrmarunt
3025 4192 3040 4242 ;
3077 4191 3282 4232 verum
3317 4179 3495 4234 etiam
3520 4180 3708 4239 libere

2051 4277 2113 4315 se
2145 4259 2515 4316 Christianos
2545 4255 2679 4317 esse
2748 4261 2998 4334 professi
3059 4270 3216 4322 sunt.
3262 4267 3451 4332 Quare
3501 4269 3708 4328 multis

2049 4349 2414 4406 cruciatibus
2446 4349 2704 4422 primum
2757 4351 3034 4423 subjecti,
3076 4360 3378 4426 postremo
3427 4360 3706 4430 pretiosis

2050 4443 2108 4495 et
2139 4439 2322 4496 sacris
2352 4438 2644 4511 capitibus
2676 4446 2816 4496 sunt
2841 4441 3164 4499 imminuti.

2606 4548 2848 4606 EODEM
2886 4549 3140 4607 MENSE.

2712 4647 2818 4706 Die
2847 4654 3054 4709 octava.

2053 4744 2370 4804 Translatio
2425 4745 2794 4824 reliquiarum
2875 4751 3052 4824 sancti
3107 4755 3372 4824 martyris
3432 4756 3711 4817 Theodori

2647 4819 2804 4878 ducis
2833 4822 3096 4880 militum.

2120 4929 2338 4998 Martyr
2366 4925 2583 4981 Christi
2636 4927 2997 4997 Theodorus,
3069 4931 3292 4990 Licinio
3350 4934 3706 5011 imperante,

2050 5016 2352 5074 nobilibus
2382 5016 2444 5073 in
2476 5017 2898 5076 Euchaitarum
2928 5021 3076 5078 urbe
3107 5027 3456 5095 parentibus
3504 5038 3703 5104 natus,

2049 5107 2270 5164 abillis
2301 5107 2363 5162 in
2393 5105 2512 5162 ﬁde
2567 5107 2860 5164 educatus
2907 5110 3036 5166 fuit.
3095 5113 3361 5188 Cumque
3413 5119 3585 5175 firmo
3635 5139 3704 5179 ac

2047 5197 2292 5254 robusto
2310 5213 2557 5270 corpore
2580 5204 2757 5262 esset,
2784 5199 3062 5257 militiam
3079 5210 3338 5271 secutus,
3365 5224 3499 5264 mox
3522 5211 3701 5268 etiam

2047 5289 2165 5345 dux
2194 5293 2430 5353 creatus
2459 5287 2571 5343 fuit
2615 5288 2786 5344 Ponti
2845 5290 3162 5348 Heracleas.
3222 5295 3361 5350 Erat
3416 5304 3705 5368 praeterea

2045 5379 2240 5435 forma
2261 5377 2383 5433 oris
2412 5385 2664 5434 venusta
2681 5378 2988 5449 praaditus,
3023 5389 3082 5436 et
3111 5383 3405 5454 sapientia
3433 5395 3699 5448 ornatus.

2045 5469 2184 5534 Qum
2216 5483 2352 5522 cum
2386 5465 2646 5522 Licinius
2666 5466 3081 5536 intellexisset,
3104 5471 3478 5530 Theodorum
3503 5494 3702 5536 coram

2047 5563 2316 5631 spectare
2348 5556 2618 5627 cupiens,
2651 5557 2974 5626 mandavit;
3009 5565 3075 5614 ut
3101 5560 3176 5615 ad
3208 5577 3270 5616 se
3301 5565 3548 5628 veniret,
3585 5568 3702 5625 diis

2046 5645 2513 5704 sacriﬁcaturus.
2541 5646 2646 5701 Cui
2662 5647 3005 5705 Theodorus
3027 5655 3236 5706 contra
3261 5655 3527 5725 reposuit
3553 5672 3566 5711 :
3599 5658 3701 5726 Te,

2047 5737 2150 5803 ait,
2184 5735 2531 5808 imperator,
2563 5741 2796 5807 oportet
2817 5738 3014 5809 potius
3035 5738 3150 5794 huc
3176 5741 3405 5811 venire,
3429 5749 3496 5801 ut
3513 5745 3706 5820 impe-

3342 5859 3419 5924 16
