4108 6426
283 422 402 485 493

1812 412 2122 481 JUNlUS.

3602 424 3720 489 49‘

282 553 391 613 Καὶ
446 549 682 622 ἄθλησις
769 555 871 639 τοῦ
957 548 1118 625 ἁγίου
1152 547 1599 642 Πιερρμάρτυρος
1681 542 1952 623 Τιμοθέου

2068 550 2134 609 Et
2160 558 2435 609 certamen
2457 558 2829 642 sacrosancti”
2844 559 3109 628 martyris
3168 558 3435 615 Timothei
3480 556 3729 632 episcOpi

817 621 1121 679 ἐπισκόπου
1150 621 1425 697 aptam;

357 743 533 806 Οὗτος
562 741 631 813 ἦν
666 739 758 797 ἐπὶ
808 739 1110 799 Ἰουλιανοῦ
1155 743 1254 796 τοῦ
1302 735 1642 817 παραϐάτου,
1697 740 1798 809 τὴν
1853 738 1956 795 λα-

282 838 498 911 χοῦσαν
533 830 681 906 αὖτῷ
721 828 1018 902 ἐκκλησίαν
1080 828 1274 886 ἰθύνων
1337 827 1549 900 καλῶς,
1591 829 1680 885 καὶ
1749 827 1842 884 τὸν
1902 828 1957 884 ἐν

280 922 429 999 αὐτῇ
461 921 595 978 λαὸν
630 919 943 994 ποιμαίνων
1000 921 1408 993 πνευματικῶς.
1469 916 1659 993 Βρύων
1723 913 1782 972 δὶ
1833 936 1961 972 παν-

278 1012 464 1075 τοίοις
496 1008 756 1084 θαύμασι,
796 1008 889 1065 τὸν
941 1005 1209 1083 δράκοντα
1253 1005 1347 1063 τὸν
1403 1004 1595 1082 μέγαν,
1628 1006 1687 1067 ὃς
1736 1007 1807 1079 τῇ
1860 1007 1959 1060 τοῦ

282 1099 717 1180 ἒμφωλεύοντος
748 1096 805 1155 ὲν
864 1098 1014 1172 αότῷ
1076 1101 1159 1171 τῷ
1208 1096 1361 1170 τόπῳ
1415 1094 1598 1167 κακίᾳ,
1658 1094 1802 1171 φημὶ
1865 1090 1958 1162 δὴ,

281 1194 391 1247 τοῦ
437 1188 830 1265 βροτοκτόνου,
886 1186 978 1242 καὶ
1036 1185 1276 1263 ἂρχαίου
1331 1182 1652 1261 δράκοντος,
1720 1182 1851 1245 τοὺς
1901 1203 1961 1238 τε

282 1277 596 1354 παριόντας
623 1276 948 1353 ἀνθρώπους
1006 1274 1220 1351 ἀνῄρει,
1277 1274 1369 1330 καὶ
1424 1273 1493 1330 τὰ
1546 1274 1721 1344 κτήνη
1782 1272 1962 1350 φυσή-

283 1390 424 1444 ματι
455 1367 627 1441 μόνον
662 1364 1016 1439 ἐλυμαίνετο,
1049 1367 1141 1420 καὶ
1173 1363 1321 1427 ὅλως
1351 1358 1550 1420 ἄϐατον
1603 1364 1705 1433 τήν
1761 1358 1958 1435 μεταξὺ

277 1466 389 1528 τῆς
420 1456 645 1520 πόλεως
683 1454 960 1532 Προόσης,
1009 1454 1099 1511 καὶ
1154 1458 1264 1510 τῶν
1302 1454 1519 1528 θερμῶν
1574 1449 1782 1508 ὑδάτων
1831 1447 1956 1506 ὁδὸν

282 1545 726 1621 ἒπεδείκνυε,τῇ
785 1539 1028 1619 ἐπιϐολῇ
1085 1548 1188 1600 τοῦ
1227 1546 1336 1598 τῶν
1397 1542 1561 1620 ἰερῶν
1621 1541 1801 1618 ἄργων
1860 1560 1960 1595 κα-

295 1636 617 1712 λύμματος,
671 1631 943 1712 διέρρηξε,
997 1632 1088 1689 καὶ
1142 1632 1461 1706 ἰνὲκρωσεν.
1518 1632 1839 1704 Ἀπετμήθη
1900 1626 1959 1685 δὲ

292 1731 400 1796 τὴν
458 1725 735 1805 καῳαλήν,
790 1721 1098 1781 Ἰουλιανοῦ
1142 1726 1241 1779 τοῦ
1311 1715 1630 1797 παραϐάτου
1691 1719 1957 1794 μαθόντος

300 1816 436 1889 περὶ
462 1819 565 1871 τῶν
592 1815 910 1889 θαυμάτων,
967 1814 1042 1869 ὧν
1106 1811 1299 1884 ἐτέλει,
1356 1813 1447 1868 καὶ
1507 1807 1956 1880 ἀποστείλαντος,

2786 629 2993 686 Prusae.

2136 735 2240 791 llic
2268 735 2603 808 imperante
2632 735 2869 792 Iuliano
2902 742 3171 808 apostata
3187 738 3503 796 ecclesiam
3527 757 3716 810 suam,

2064 841 2246 898 quam
2276 826 2523 882 sortitus
2553 825 2768 896 fuerat,
2817 826 3102 898 praeclare
3152 828 3608 897 administravit,
3662 835 3723 886 et

2067 932 2246 988 quem
2278 916 2340 971 in
2373 931 2441 972 ea
2465 915 2753 988 populum
2795 916 3023 987 habuit,
3059 918 3354 989 spirituali
3383 919 3602 991 pabulo
3623 936 3718 976 re-

2063 1004 2224 1062 fecit.
2258 1005 2567 1062 Excellens
2622 1022 2757 1061 vero
2815 1007 2990 1062 variis
3039 1007 3365 1076 miraculis,
3416 1009 3716 1082 ingentem

2068 1096 2412 1164 draconem,
2447 1094 2550 1167 qui
2576 1112 2682 1167 per
2707 1095 3000 1152 malitiam
3032 1098 3184 1168 ejus,
3218 1099 3318 1169 qui
3354 1099 3413 1154 in
3466 1115 3535 1155 eo
3587 1099 3718 1155 loco

2067 1185 2496 1256 stabulabatur,
2520 1186 2772 1258 antiqui,
2799 1188 3066 1259 inquam,
3098 1193 3157 1243 et
3179 1188 3493 1245 homicidaa
3517 1189 3722 1246 draco-

2066 1276 2185 1345 nis,
2216 1280 2599 1332 transeuntes
2626 1275 2765 1331 illac
2791 1276 3046 1332 viatores
3079 1277 3386 1333 occidebat
3410 1296 3423 1345 ;
3441 1279 3719 1350 jumenta

2063 1382 2304 1440 quoque
2336 1365 2462 1421 solo
2496 1365 2697 1421 efﬂalu
2728 1366 3130 1435 interimebat,
3166 1372 3225 1422 et
3261 1367 3519 1440 denique
3548 1369 3716 1425 illam

2062 1457 2237 1520 viam,
2272 1472 2403 1527 qum
2436 1460 2527 1511 est
2556 1456 2712 1511 inter
2749 1455 2959 1511 urbem
3008 1457 3259 1512 Prusam
3309 1462 3368 1513 et
3410 1459 3716 1527 Thermas,

2065 1545 2343 1602 infestam
2374 1550 2433 1602 et
2481 1544 2699 1601 inviam
2749 1545 3057 1615 reddebat,
3117 1546 3356 1618 objectu
3413 1547 3549 1616 veli,
3601 1564 3718 1619 quo

2064 1635 2394 1693 consecrati
2425 1651 2613 1708 panes
2643 1635 3412 1709 contegebantur,disrupit,
3447 1643 3506 1692 et
3536 1636 3720 1693 inter-

2063 1723 2569 1782 fecit.Decollatus
2590 1729 2790 1781 autem
2813 1724 2944 1793 fuit,
2976 1724 3193 1781 Juliani
3215 1731 3501 1798 apostatm
3517 1727 3717 1799 jussu,

2066 1816 2334 1889 quicum
2370 1813 2443 1871 de
2472 1814 2720 1888 patratis
2780 1813 2852 1871 ab
2903 1831 2971 1870 eo
3018 1815 3305 1889 prodigiis
3363 1817 3716 1885 inaudisset,

294 1906 397 1962 καὶ
426 1902 708 1969 ἀνελόντος
756 1903 939 1962 αὐτόν.
999 1901 1232 1961 Τελεῖτα
1288 1899 1347 1959 δὲ
1374 1903 1410 1973 ἡ
1442 1899 1609 1957 αὐτοῦ
1657 1898 1870 1972 σύναξις
1902 1897 1954 1954 ὲν

2068 1905 2232 1961 misit
2259 1904 2360 1978 qui
2392 1920 2529 1961 eum
2560 1903 2876 1960 occideret.
2907 1903 3253 1960 Celebratur
3273 1905 3402 1977 ejus
3432 1905 3720 1962 festivitas

294 2000 382 2070 τῷ
411 1994 702 2073 ἁγιωτάτῳ
756 1992 923 2050 αὐτοῦ
981 1991 1290 2069 μαρτυρίῳ,
1346 1995 1425 2066 τῷ
1482 1988 1599 2047 ὃντι
1656 1984 1803 2046 ἔνδον
1861 1992 1955 2045 τοῦ

2068 1997 2129 2052 in
2160 1994 2536 2053 sanctissimo
2596 1994 2784 2066 ipsius
2842 1994 3147 2067 martyrio,
3204 1994 3366 2066 quod
3423 2000 3514 2051 est
3560 1996 3720 2053 intra

296 2086 528 2163 εὗαγοῦς
560 2084 792 2157 ξενῶνος
823 2084 879 2141 ἑν
906 2087 988 2157 τῷ
1020 2083 1285 2160 Δευτέρῳ.

415 2200 524 2262 Καὶ
557 2202 754 2276 μνήμη
784 2200 883 2258 τοῦ
914 2200 1071 2257 ὁσίου
1101 2200 1314 2275 Ηατρὸς
1344 2200 1508 2274 ἡμῶν
1538 2194 1823 2260 Κανίδους.

302 2394 305 2397 Α
364 2320 548 2383 Οὗτος
579 2320 647 2389 ἦν
678 2317 771 2375 ἐπὶ
800 2325 905 2389 τῆς
946 2316 1229 2396 βασιλείας
1290 2312 1582 2375 Θεοδοσίου
1627 2318 1726 2372 τοῦ
1774 2314 1956 2391 Μεγά-

280 2410 417 2482 λου,
477 2405 749 2467 Θεοδότου
805 2408 896 2465 καὶ
970 2404 1282 2488 Θεοφανοῦς
1364 2406 1504 2477 υἱὸς,
1560 2405 1657 2469 τὰς
1715 2403 1959 2476 οἰκήσεις

282 2500 647 2559 ποιουμένων
680 2499 732 2555 ἐν
761 2503 831 2576 τῇ
877 2503 986 2556 τῶν
1033 2495 1415 2555 Καππαδοκῶν
1470 2494 1651 2573 χώρᾳ,
1705 2490 1953 2551 εὐλαόὢν

284 2587 493 2664 ὄντων,
524 2589 620 2645 καὶ
653 2589 952 2667 θεοφιλῶν.
999 2587 1222 2663 Λέγεται
1255 2586 1333 2659 δὲ,
1382 2587 1481 2656 τὴν
1537 2585 1746 2661 μητέρα
1792 2581 1958 2639 αὐτοῦ

285 2679 562 2746 παντοίας
590 2683 800 2758 τροφῆς
830 2678 1131 2755 ἀπέχεσθαι
1162 2676 1503 2754 παχυτέρας,
1551 2675 1669 2730 καθ’
1725 2673 1785 2729 ὅν
1837 2693 1955 2728 και-

283 2772 384 2847 ρὸν
417 2773 620 2827 τοῦτον
650 2768 704 2828 ἰν
734 2768 930 2846 γαστρὶ
990 2762 1165 2846 ἔφερε·
1218 2766 1482 2842 τεχθέντα
1541 2761 1601 2820 δὲ
1657 2762 1954 2839 ἆπέχεσθαι

285 2868 393 2930 τῆς
423 2860 722 2936 ἀριστερᾶς
769 2855 949 2929 θηλῆς
989 2855 1296 2918 παντελῶς.
1346 2853 1412 2912 El
1463 2850 1669 2924 δήποτε
1727 2848 1954 2926 δαψιλε-

284 2952 485 3027 στέρας
531 2954 745 3025 τροφῆς
792 2947 1097 3027 ἰνειςνοργςθη
1133 2948 1168 3017 ἡ
1201 2947 1410 3021 μήτηρ,
1463 2940 1591 2999 οὐδὲ
1632 2948 1736 3012 κῆς
1783 2938 1958 3013 δεξιᾶς

284 3039 471 3111 θηλῆς
524 3035 732 3106 ἥπτετο
782 3032 951 3101 ὅλως.
1002 3036 1327 3099 Βαπτισθείς
1372 3029 1484 3104 οὖν,
1530 3032 1621 3087 καὶ
1672 3028 1955 3107 ἀπογαλαο

294 3125 681 3199 κτισθεῖς,καὶ
738 3126 809 3181 τὰ
860 3125 1089 3202 πρώτης
1156 3122 1383 3194 ἡλικίας
1440 3120 1955 3198 παραμειψάμενος,

287 3219 509 3298 χαίρειν
569 3220 734 3272 πᾶσιν
783 3213 976 3287 εἰπὼν,
1029 3214 1091 3271 τὸ
1148 3210 1276 3291 ὄρος
1360 3205 1789 3285 καταλαμϐάνει.
1856 3208 1957 3266 Καὶ

2062 2087 2229 2160 pium
2258 2084 2555 2158 hospitale
2588 2084 2651 2141 in
2683 2086 2957 2141 Deutero.

2259 2207 2331 2261 Et
2358 2205 2625 2261 memoria
2651 2205 2829 2260 sancti
2858 2205 3040 2260 Patris
3066 2204 3245 2259 nostri
3274 2201 3515 2259 Canidis.

2135 2324 2251 2381 Hic.
2278 2324 2610 2398 imperante
2641 2322 2970 2379 Theodosio
3002 2321 3207 2396 Magno
3239 2322 3474 2391 claruit,
3524 2322 3713 2378 Theo-

2062 2413 2201 2471 doto
2232 2419 2420 2489 patre,
2455 2419 2513 2471 et
2541 2414 2898 2487 Theophane
2930 2419 3119 2469 matre
3151 2417 3347 2481 natus,
3372 2413 3488 2485 piis
3520 2428 3588 2470 ac
3616 2427 3715 2468 re-

2062 2504 2290 2579 ligiosis
2323 2504 2691 2578 parentibus,
2727 2504 2828 2577 qui
2860 2504 2921 2559 in
2977 2503 3348 2577 Cappadocia
3396 2501 3709 2575 degebant.

2062 2596 2271 2651 Fertur
2291 2593 2362 2650 de
2386 2595 2515 2666 ejus
2538 2599 2749 2662 matre,
2779 2593 2938 2666 quod
2970 2594 3132 2649 omni
3164 2593 3416 2649 lautiore
3448 2593 3578 2649 cibo
3609 2592 3712 2648 ab-

2063 2684 2360 2748 stinuerit,
2395 2684 2537 2740 dum
2568 2684 2727 2739 hunc
2746 2683 2807 2739 in
2824 2688 2995 2740 utero
3017 2688 3278 2754 gestaret
3300 2700 3314 2738 :
3337 2682 3563 2739 editum
3580 2699 3717 2739 vero

2063 2774 2352 2831 infantem
2383 2775 2572 2840 aiunt,
2608 2791 2843 2847 semper
2869 2790 2903 2830 a
2935 2773 3177 2830 sinistra
3220 2773 3492 2829 mamilla
3531 2772 3718 2830 absti-

2061 2864 2287 2921 nuisse.
2321 2864 2486 2930 Quod
2520 2865 2566 2919 si
2602 2869 2793 2920 mater
2833 2863 3084 2919 subinde
3129 2858 3461 2919 delicatiori
3515 2880 3725 2920 mensa

2061 2958 2353 3022 uteretur,
2385 2958 2510 3009 tum
2532 2969 2608 3010 ne
2633 2954 2939 3009 dexteram
2964 2941 3206 3025 quidem
3226 2952 3574 3025 attingebat.
3608 2954 3723 3009 Ba-

2061 3045 2334 3120 ptizatus,
2369 3049 2428 3101 et
2457 3061 2491 3101 a
2520 3044 2672 3100 lacte
2705 3047 2992 3105 remotus,
3017 3048 3083 3099 ut
3112 3044 3367 3117 primam
3400 3043 3719 3115 pueritiam

2064 3151 2336 3210 egressus
2368 3139 2478 3202 est,
2503 3134 2692 3207 jussis
2723 3132 2999 3190 omnibus
3031 3133 3154 3189 suis
3183 3132 3401 3197 valere,
3452 3132 3513 3188 in
3544 3148 3721 3189 mon-

2062 3231 2182 3283 tem
2213 3224 2475 3282 secedit:
2507 3229 2944 3298 angustumque
2981 3229 3218 3279 antrum
3275 3223 3602 3297 ingressus,
3654 3223 3715 3279 in

282 3304 490 3388 μικρὸν
537 3307 735 3384 ἄντρον
795 3304 1161 3375 ὑπειυελθὼν,
1217 3304 1270 3361 ἐν
1329 3301 1477 3376 αὖτῷ
1534 3302 1719 3359 ἑαυτὸν
1774 3299 1955 3378 ὲγκαθ‹

2068 3313 2166 3371 illo
2199 3330 2262 3370 se
2295 3313 2559 3381 inclusit,
2592 3312 2870 3385 precibus
2903 3316 2960 3368 et
2983 3312 3236 3385 jejuniis
3256 3329 3489 3368 vacans.
3518 3311 3713 3367 Semel

282 3402 496 3479 είρξας’
553 3398 626 3475 τῇ
680 3401 991 3474 προσευχῇ,
1051 3397 1143 3453 καὶ
1208 3396 1279 3469 τῆ
1331 3395 1558 3467 νηστείᾳ
1643 3391 1954 3469 σχολάζων,

280 3494 380 3548 καὶ
409 3488 551 3563 ἅπαξ
578 3495 685 3558 τῆς
718 3482 1029 3562 ἑϐδομάδος
1063 3485 1424 3564 βραχυτάτων
1483 3482 1651 3557 ὠμῶν
1702 3483 1957 3558 λαχάνων

293 3576 420 3635 ἴινευ
482 3577 627 3633 ἀλῶν
682 3577 1121 3654 ἀπογευόμενος,
1203 3572 1458 3652 διήρκεσε
1531 3571 1754 3648 χρόνοις
1808 3571 1952 3645 τρισὶ

289 3669 390 3725 καὶ
425 3661 818 3740 ὶϐδομήκοντα.
851 3667 1002 3725 Ἐπεὶ
1062 3662 1120 3723 δὲ
1161 3664 1301 3721 πάνυ
1346 3664 1416 3735 ἧν
1463 3664 1771 3741 κατάφορος
1803 3663 1831 3718 ὁ
1859 3662 1952 3717 τό-

298 3779 409 3820 πος
439 3754 729 3827 Sanga?
773 3758 839 3815 τὸ
898 3758 1090 3831 ἄντρον
1151 3754 1256 3811 ὑπὸ
1310 3752 1534 3824 πολλῆς
1586 3748 1800 3816 νοτίδος
1851 3772 1957 3808 πο·-

293 3846 719 3925 λιορκούμενον,
767 3846 1134 3927 διεφθάρησαν
1184 3845 1242 3900 αἱ
1294 3843 1485 3921 τρίχες
1546 3848 1650 3914 τῆς
1703 3840 1954 3921 κεφαλῆς

282 3937 475 4010 αὐτοῦ,
535 3939 628 3994 καὶ
686 3942 783 3994 τοῦ
838 3937 1138 4013 πώγωνος.
1198 3933 1388 3997 Οὕτως
1447 3933 1539 3989 οὗν
1596 3929 1882 4010 διαρκέσας
1923 3931 1952 3987 ὁ

276 4031 560 4106 μακάριος
590 4026 682 4084 ἐπὶ
714 4024 885 4099 πολὺ,
915 4026 1052 4102 πρὸς
1086 4022 1291 4101 Κύριον
1319 4021 1472 4096 ἐξεδή
1485 4042 1680 4099 μησεν.

842 4155 1030 4213 ΜΗΝΙ
1067 4154 1160 4212 ΤΩ
1200 4156 1390 4211 ΔΥΤΩ.

1072 4243 1162 4303 ΙΔ⁹

276 4348 558 4422 ’Δθλησις
612 4352 723 4405 τῶν
776 4346 944 4424 ἁγίων
981 4342 1331 4496 ἐᾷᾳιῗϐόέων
1390 4324 1808 4421 Βαρθολομαίου
1859 4342 1951 4398 καὶ

344 4541 574 4600 τούτων
608 4542 638 4598 ὁ
669 4540 766 4615 μὶν
798 4536 953 4617 ἅγιος
981 4535 1406 4615 Βαρθολομαῖος
1453 4535 1532 4598 εἷς
1561 4536 1629 4605 ἧν
1678 4538 1786 4591 τῶν
1841 4531 1948 4589 δώ-

2062 3404 2124 3461 in
2157 3403 2533 3460 hebdomada
2561 3402 2923 3475 paucissima
2954 3418 3140 3473 eaque
3171 3401 3356 3458 cruda
3384 3400 3568 3467 olera,
3601 3417 3713 3456 nec

2029 3491 2185 3548 .sale
2217 3490 2459 3564 quidem
2488 3488 2747 3554 condita,
2789 3488 3064 3563 gustabat
3114 3490 3203 3545 Ita
3228 3494 3347 3546 tres
3384 3493 3447 3545 et
3472 3494 3710 3562 septua-

2061 3582 2224 3655 ginta
2267 3581 2409 3637 180
2439 3595 2626 3636 annos
2679 3578 2954 3635 traduxit.
3006 3580 3077 3634 Et
3126 3578 3266 3651 quia
3324 3578 3505 3650 locus
3538 3577 3712 3650 aquis

2060 3671 2231 3727 valde
2263 3669 2563 3736 inundari,
2597 3674 2656 3725 et
2684 3675 2924 3726 antrum
2954 3669 3142 3725 multo
3167 3669 3416 3725 humore
3449 3664 3711 3724 obsideri

2062 3760 2312 3830 solebat,
2346 3765 2405 3817 et
2434 3760 2644 3834 capitis
2676 3759 2875 3834 capilli
2908 3763 2968 3817 et
2994 3758 3194 3815 barba:
3240 3759 3293 3817 ei
3341 3758 3711 3830 deciderunt.

2060 3854 2207 3909 Cum
2236 3855 2436 3908 autem
2469 3866 2658 3907 annos
2707 3849 3001 3923 plurimos
3051 3849 3136 3906 sic
3187 3849 3589 3923 transegisset,
3639 3845 3715 3903 ad

2060 3941 2381 3999 Dominum
2412 3939 2705 4014 migravit:
3368 3962 3369 3965 η
3630 3936 3633 3939 “

2612 4162 2854 4222 EODEM
2900 4160 3048 4220 ΜΕΝ
3058 4162 3159 4219 SE.

2657 4254 2761 4310 Die
2792 4250 3115 4310 undecima

2060 4358 2346 4414 Certamen
2400 4358 2770 4479 sanctorumB
2785 4350 3160 4480 apostatarum
3223 4346 3613 4407 Bartholomzi
3658 4355 3711 4405 et

2772 4440 2913 4480 arna
3008 4464 3022 4479 .

2772 4440 3022 4480 amante.

2129 4548 2212 4603 Ex
2239 4544 2335 4602 his
2365 4546 2608 4600 sanctus
2640 4541 3111 4599 Bartholomaaus
3132 4557 3289 4597 unus
3314 4539 3429 4596 fuit
3459 4540 3710 4609 exduc-

273 4631 412 4690 δεκα
448 4635 735 4707 μαθητῶν,
767 4631 828 4694 ’ὸς
861 4625 1055 4693 Ἰνδοῖς
1081 4631 1199 4691 τοῖς
1227 4623 1597 4699 καλουμάνοις
1638 4622 1948 4698 Εὖδαίμοσι

2068 4635 2252 4693 iecim
2283 4631 2617 4705 discipulis,
2648 4631 2752 4703 qui
2782 4646 2918 4688 cum
2947 4630 3011 4686 in
3038 4629 3227 4699 India,
3256 4645 3435 4702 quam
3456 4629 3716 4699 Felicem

266 4721 517 4795 κηρύξας
546 4722 613 4778 τὸ
645 4717 1000 4797 Εὐαγγέλιον,
1039 4716 1129 4774 καὶ
1154 4716 1219 4773 τὸ
1248 4715 1386 4772 κατά
1433 4715 1706 4772 Ματθαῖον
1760 4713 1944 4777 αὐτοῖς

2068 4728 2292 4792 vocant,
2321 4722 2537 4779 Christi
2571 4721 2748 4778 ﬁdem
2781 4720 3184 4794 praedicasset,
3252 4720 3445 4792 iisque
3474 4720 3717 4794 populis

272 4808 565 4887 παραδοὺς
596 4808 967 4886 Εὐαγγὲλιον,
1017 4810 1234 4883 σταυρῷ
1287 4803 1575 4881 παραθεὶς,
1635 4801 1686 4859 ἐν
1745 4797 1948 4878 Ἀϐαρ-

273 4901 546 4959 νουπόλει
573 4899 884 4957 τελειοῦται
934 4894 1188 4970 ἐνδόξως,
1236 4894 1327 4951 καὶ
1357 4894 1410 4952 ἐν
1445 4888 1767 4969 μολυϐδίνῳ
1813 4893 1952 4969 λάρ-

276 5014 407 5050 νακι
461 4991 659 5062 τεθεὶς,
715 4996 786 5067 τῇ
846 4989 1088 5063 θαλάσσῃ
1171 4985 1643 5064 ἐναποῤῥίπτεται*
1730 4986 1839 5047 ὑπὸ
1892 4983 1951 5043 δὲ

2060 4814 2469 4887 conscriptum
2499 4828 2535 4868 a
2564 4811 2837 4868 Matthaio
2865 4810 3247 4885 Evangelium
3268 4809 3632 4880 tradidisset,
3653 4810 3718 4869 in

2060 4920 2299 4963 crucem
2316 4901 2881 4974 actus,Abarnopoli
2894 4901 3072 4959 vitam
3087 4900 3347 4972 gloriose
3361 4900 3718 4973 ﬁnivit.Ejus

2061 5011 2276 5068 corpus
2303 4994 2368 5051 in
2389 4992 2671 5066 plumbeo
2703 4991 2902 5049 loculo
2922 4993 3206 5065 positum,
3222 4998 3282 5048 et
3296 4991 3359 5047 in
3380 5007 3553 5063 mare,
3575 5008 3718 5064 pro-

280 5083 432 5146 θείας
460 5081 724 5159 προνοίας
789 5081 959 5157 μέχρι
1010 5076 1267 5142 Σικελίας
1312 5076 1368 5134 ἕν
1409 5074 1627 5151 Λιπάρῃ
1668 5080 1751 5150 τῷ
1797 5078 1950 5150 νήσῳ

2068 5086 2304 5157 iectum,
2337 5082 2539 5142 divina
2566 5082 2941 5157 providentia
2991 5096 3183 5154 usque
3224 5080 3297 5138 ad
3346 5081 3610 5147 Siciliam
3652 5081 3716 5136 in

279 5172 596 5248 κομισθεὶς,
648 5173 741 5227 καὶ
790 5170 1146 5250 φανερωθεὶς,
1203 5166 1318 5225 ἐκεῖ
1380 5166 1661 5223 θάπτεταιο
1719 5165 1948 5224 πολλῶν

277 5264 582 5336 θαυμάτων
640 5263 822 5339 πηγὰς
877 5259 940 5317 ἐκ
991 5262 1093 5330 τῆς
1151 5256 1307 5336 ἁγίας
1350 5256 1442 5312 καὶ
1523 5254 1710 5331 τιμίας
1783 5257 1952 5313 αὐτοῦ

280 5358 453 5429 σοροῦ
484 5349 906 5425 ἀναδιδόμενος,
956 5351 1045 5406 καὶ
1096 5354 1229 5406 πᾶσι
1282 5351 1401 5410 τοῖς
1452 5350 1662 5409 πιστῶς
1717 5365 1951 5423 προσευ-

279 5443 558 5521 χομένοις
578 5447 810 5518 ταχεῖαν
843 5437 1031 5505 διδοὺς
1055 5441 1158 5509 τὴν
1207 5437 1378 5509 ἴασιν,
1432 5436 1524 5493 καὶ
1569 5437 1709 5513 πρὸς
1755 5437 1825 5492 τὰ
1867 5438 1952 5493 οἱ-

274 5532 401 5591 κξία
433 5534 553 5606 μετ’
585 5530 926 5607 εὖιρροσύνης
951 5529 1044 5586 καὶ
1077 5526 1353 5602 θυμηδίας
1381 5523 1680 5584 ἐπανιέναι.

348 5623 412 5683 '0
445 5620 598 5697 δετε
656 5615 964 5695 Βαρνάϐας.
1025 5620 1087 5684 ὃς
1138 5617 1230 5674 καὶ
1290 5618 1496 5696 Ἰωσὴφ
1554 5613 1610 5673 ἐν
1666 5622 1785 5680 ταῖς
1839 5623 1948 5675 τῶν

274 5704 614 5771 ἀποστόλῶ
672 5712 935 5789 Πράξεσιν
983 5708 1410 5786 ἂναγέιγραπται,
1463 5708 1545 5773 εἷς
1594 5709 1704 5763 τῶν
1756 5701 1956 5768 Ἑϐδο-

276 5807 547 5883 μήκοντα
587 5800 880 5882 ὑπάρχων,
938 5795 1278 5874 νσυὲκδημος
1331 5794 1560 5860 Παύλου
1618 5802 1956 5875 χειροτονεῖ-

2061 5174 2321 5249 Liparim
2343 5173 2607 5231 insulam
2629 5172 2910 5240 delatam,
2939 5172 3140 5245 ibique
3160 5168 3718 5244 emergens,_ro_ndi-

2061 5271 2188 5323 tum
2217 5265 2367 5322 fuit:
2397 5281 2471 5321 ex
2499 5281 2618 5337 quo
2668 5262 2997 5320 multorum
3045 5262 3472 5321 miraculorum
3519 5257 3716 5325 fontes

2061 5360 2377 5414 emanant:
2403 5359 2464 5411 et
2491 5353 2846 5412 accedentes
2876 5353 2952 5411 ad
2983 5354 3181 5427 ipsum
3212 5350 3421 5409 fideles
3449 5348 3718 5421 repenti-

2062 5463 2201 5504 nam
2227 5444 2575 5503 morborum
2606 5460 2849 5501 suorum
2880 5444 3252 5500 curationem
3307 5438 3628 5512 recipiunt,
3662 5440 3724 5493 et

2062 5536 2183 5593 laeti
2214 5535 2558 5608 hilaresque
2588 5534 2664 5591 ad
2694 5534 2938 5610 pr0pria
2967 5532 3240 5590 redeunt.

2137 5625 2437 5683 Barnabas
2466 5626 2826 5699 autemhqui
2857 5628 2917 5682 et
2944 5623 3163 5694 Ioseph
3200 5622 3264 5679 in
3306 5616 3719 5693 apostolorum

2052 5716 2311 5774 ’Actibus
2339 5716 2699 5791 appellatur,
2726 5731 2885 5774 unus
2941 5730 3014 5772 ex
3066 5711 3472 5787 Septuaginta,
3524 5707 3727 5766 socius

2064 5805 2567 5883 peregrinationis
2594 5804 2763 5868 Pauli
2794 5804 3139 5880 designatus
3167 5801 3300 5863 fuit.
3332 5801 3473 5877 Ejus
3503 5813 3726 5859 nomen
