  <div class='ocr_page' id='page_1' title='image "/cluster/home/n/w/nwhite01/storage/ocr_20150623/117/coo.31924054870211/257.png"; bbox 0 0 4108 6436; ppageno 0'>
   <div class='ocr_carea' id='block_1_1' title="bbox 442 393 564 456">
    <p class='ocr_par' dir='ltr' id='par_1_1' title="bbox 442 393 564 456">
     <span class='ocr_line' id='line_1_1' title="bbox 442 393 564 456; baseline 0.008 -1"><span class='ocrx_word' id='word_1_1' title='bbox 442 393 564 456; x_wconf 69' lang='grc'><strong>495</strong></span> 
     </span>
    </p>
   </div>
   <div class='ocr_carea' id='block_1_2' title="bbox 1776 382 2617 451">
    <p class='ocr_par' dir='ltr' id='par_1_2' title="bbox 1776 382 2617 451">
     <span class='ocr_line' id='line_1_2' title="bbox 1776 382 2617 451; baseline 0.002 -3"><span class='ocrx_word' id='word_1_2' title='bbox 1776 382 2208 449; x_wconf 82' lang='lat' dir='ltr'><strong>MENOLOGH</strong></span> <span class='ocrx_word' id='word_1_3' title='bbox 2256 386 2454 450; x_wconf 77' lang='lat' dir='ltr'><strong>PARS</strong></span> <span class='ocrx_word' id='word_1_4' title='bbox 2503 387 2617 451; x_wconf 88' lang='lat' dir='ltr'>III.</span> 
     </span>
    </p>
   </div>
   <div class='ocr_carea' id='block_1_3' title="bbox 3751 389 3868 450">
    <p class='ocr_par' dir='ltr' id='par_1_3' title="bbox 3751 389 3868 450">
     <span class='ocr_line' id='line_1_3' title="bbox 3751 389 3868 450; baseline 0 -1"><span class='ocrx_word' id='word_1_5' title='bbox 3751 389 3868 450; x_wconf 64' lang='grc'><strong>496</strong></span> 
     </span>
    </p>
   </div>
   <div class='ocr_carea' id='block_1_4' title="bbox 441 516 2094 600">
    <p class='ocr_par' dir='ltr' id='par_1_4' title="bbox 441 520 2094 600">
     <span class='ocr_line' id='line_1_4' title="bbox 441 520 2094 600; baseline -0.005 -15"><span class='ocrx_word' id='word_1_6' title='bbox 441 529 896 600; x_wconf 73' lang='lat' dir='ltr'><strong>interpretatur.</strong></span> <span class='ocrx_word' id='word_1_7' title='bbox 929 523 1110 581; x_wconf 83' lang='lat' dir='ltr'><strong>Filius</strong></span> <span class='ocrx_word' id='word_1_8' title='bbox 1138 523 1541 581; x_wconf 78' lang='lat' dir='ltr'><strong>consolationis.</strong></span> <span class='ocrx_word' id='word_1_9' title='bbox 1580 525 1661 578; x_wconf 82' lang='lat' dir='ltr'><strong>Ex</strong></span> <span class='ocrx_word' id='word_1_10' title='bbox 1693 520 1850 578; x_wconf 80' lang='lat' dir='ltr'>tribu</span> <span class='ocrx_word' id='word_1_11' title='bbox 1899 524 2094 577; x_wconf 90' lang='lat' dir='ltr'><strong>autem</strong></span> 
     </span>
    </p>
   </div>
   <div class='ocr_carea' id='block_1_5' title="bbox 2209 516 3867 600">
    <p class='ocr_par' dir='ltr' id='par_1_5' title="bbox 2209 516 3867 599">
     <span class='ocr_line' id='line_1_5' title="bbox 2209 516 3867 599; baseline 0.001 -24"><span class='ocrx_word' id='word_1_12' title='bbox 2209 539 2317 578; x_wconf 86' lang='grc' dir='ltr'>ται.</span> <span class='ocrx_word' id='word_1_13' title='bbox 2353 519 2741 595; x_wconf 84' lang='grc' dir='ltr'>Ἐρμηνεύεται</span> <span class='ocrx_word' id='word_1_14' title='bbox 2771 525 2932 577; x_wconf 87' lang='grc' dir='ltr'>τοῦτο</span> <span class='ocrx_word' id='word_1_15' title='bbox 2961 520 3025 577; x_wconf 75' lang='grc' dir='ltr'>τὸ</span> <span class='ocrx_word' id='word_1_16' title='bbox 3054 516 3231 595; x_wconf 75' lang='grc' dir='ltr'>ὄνομα</span> <span class='ocrx_word' id='word_1_17' title='bbox 3287 522 3415 585; x_wconf 73' lang='grc' dir='ltr'><strong>Υἱὸς</strong></span> <span class='ocrx_word' id='word_1_18' title='bbox 3444 519 3867 599; x_wconf 76' lang='grc' dir='ltr'>παρακλήσεως,</span> 
     </span>
    </p>
   </div>
   <div class='ocr_carea' id='block_1_6' title="bbox 447 611 2098 686">
    <p class='ocr_par' dir='ltr' id='par_1_6' title="bbox 447 611 2098 686">
     <span class='ocr_line' id='line_1_6' title="bbox 447 611 2098 686; baseline -0.005 -12"><span class='ocrx_word' id='word_1_19' title='bbox 447 618 579 674; x_wconf 85' lang='lat' dir='ltr'><strong>Levi</strong></span> <span class='ocrx_word' id='word_1_20' title='bbox 602 623 799 673; x_wconf 91' lang='lat' dir='ltr'><strong>ortum</strong></span> <span class='ocrx_word' id='word_1_21' title='bbox 830 615 1016 682; x_wconf 83' lang='lat' dir='ltr'><strong>duxit,</strong></span> <span class='ocrx_word' id='word_1_22' title='bbox 1045 615 1107 670; x_wconf 93' lang='lat' dir='ltr'><strong>in</strong></span> <span class='ocrx_word' id='word_1_23' title='bbox 1131 614 1319 686; x_wconf 84' lang='lat' dir='ltr'><strong>Cypro</strong></span> <span class='ocrx_word' id='word_1_24' title='bbox 1351 613 1551 669; x_wconf 85' lang='lat' dir='ltr'><strong>insula</strong></span> <span class='ocrx_word' id='word_1_25' title='bbox 1583 618 1758 669; x_wconf 89' lang='lat' dir='ltr'><strong>natus</strong></span> <span class='ocrx_word' id='word_1_26' title='bbox 1792 616 1852 666; x_wconf 87' lang='lat' dir='ltr'><strong>et</strong></span> <span class='ocrx_word' id='word_1_27' title='bbox 1881 611 2098 667; x_wconf 90' lang='lat' dir='ltr'><strong>educa-</strong></span> 
     </span>
    </p>
   </div>
   <div class='ocr_carea' id='block_1_7' title="bbox 445 700 2105 778">
    <p class='ocr_par' dir='ltr' id='par_1_7' title="bbox 445 700 2105 778">
     <span class='ocr_line' id='line_1_7' title="bbox 445 700 2105 778; baseline -0.004 -17"><span class='ocrx_word' id='word_1_28' title='bbox 445 712 565 765; x_wconf 87' lang='lat' dir='ltr'><strong>tus.</strong></span> <span class='ocrx_word' id='word_1_29' title='bbox 599 706 702 763; x_wconf 85' lang='lat' dir='ltr'><strong>Hic</strong></span> <span class='ocrx_word' id='word_1_30' title='bbox 733 707 961 778; x_wconf 89' lang='lat' dir='ltr'><strong>primus</strong></span> <span class='ocrx_word' id='word_1_31' title='bbox 997 702 1443 775; x_wconf 80' lang='lat' dir='ltr'><strong>Hierosolymis,</strong></span> <span class='ocrx_word' id='word_1_32' title='bbox 1501 703 1702 758; x_wconf 62' lang='lat' dir='ltr'><strong>Romae</strong></span> <span class='ocrx_word' id='word_1_33' title='bbox 1746 706 1806 755; x_wconf 87' lang='lat' dir='ltr'><strong>et</strong></span> <span class='ocrx_word' id='word_1_34' title='bbox 1855 700 2105 756; x_wconf 79' lang='lat' dir='ltr'><strong>Alexan-</strong></span> 
     </span>
    </p>
   </div>
   <div class='ocr_carea' id='block_1_8' title="bbox 448 789 2100 867">
    <p class='ocr_par' dir='ltr' id='par_1_8' title="bbox 448 789 2100 867">
     <span class='ocr_line' id='line_1_8' title="bbox 448 789 2100 867; baseline -0.004 -16"><span class='ocrx_word' id='word_1_35' title='bbox 448 795 592 851; x_wconf 78' lang='lat' dir='ltr'><strong>drim</strong></span> <span class='ocrx_word' id='word_1_36' title='bbox 618 794 960 867; x_wconf 66' lang='lat' dir='ltr'><strong>pris-dicavit</strong></span> <span class='ocrx_word' id='word_1_37' title='bbox 978 794 1191 848; x_wconf 77' lang='lat' dir='ltr'><strong>Christi</strong></span> <span class='ocrx_word' id='word_1_38' title='bbox 1217 792 1598 864; x_wconf 84' lang='lat' dir='ltr'><strong>Evangelium</strong></span> <span class='ocrx_word' id='word_1_39' title='bbox 1629 789 1934 846; x_wconf 83' lang='lat' dir='ltr'><strong>Profectus</strong></span> <span class='ocrx_word' id='word_1_40' title='bbox 1966 805 2100 844; x_wconf 89' lang='lat' dir='ltr'><strong>vero</strong></span> 
     </span>
    </p>
   </div>
   <div class='ocr_carea' id='block_1_9' title="bbox 445 878 2103 957">
    <p class='ocr_par' dir='ltr' id='par_1_9' title="bbox 445 878 2103 957">
     <span class='ocr_line' id='line_1_9' title="bbox 445 878 2103 957; baseline -0.005 -17"><span class='ocrx_word' id='word_1_41' title='bbox 445 885 507 940; x_wconf 89' lang='lat' dir='ltr'><strong>in</strong></span> <span class='ocrx_word' id='word_1_42' title='bbox 535 885 811 957; x_wconf 82' lang='lat' dir='ltr'><strong>Cyprum.</strong></span> <span class='ocrx_word' id='word_1_43' title='bbox 846 899 881 938; x_wconf 88' lang='lat' dir='ltr'><strong>a</strong></span> <span class='ocrx_word' id='word_1_44' title='bbox 906 882 1124 939; x_wconf 72' lang='lat' dir='ltr'><strong>Judaeis</strong></span> <span class='ocrx_word' id='word_1_45' title='bbox 1155 889 1215 938; x_wconf 89' lang='lat' dir='ltr'><strong>et</strong></span> <span class='ocrx_word' id='word_1_46' title='bbox 1243 881 1461 937; x_wconf 68' lang='lat' dir='ltr'><strong>Graecis</strong></span> <span class='ocrx_word' id='word_1_47' title='bbox 1511 879 1808 952; x_wconf 85' lang='lat' dir='ltr'><strong>lapidatus</strong></span> <span class='ocrx_word' id='word_1_48' title='bbox 1860 878 2103 952; x_wconf 76' lang='lat' dir='ltr'><strong>ignique</strong></span> 
     </span>
    </p>
   </div>
   <div class='ocr_carea' id='block_1_10' title="bbox 447 968 2106 1043">
    <p class='ocr_par' dir='ltr' id='par_1_10' title="bbox 447 968 2106 1043">
     <span class='ocr_line' id='line_1_10' title="bbox 447 968 2106 1043; baseline -0.005 -13"><span class='ocrx_word' id='word_1_49' title='bbox 447 973 701 1030; x_wconf 86' lang='lat' dir='ltr'><strong>traditus</strong></span> <span class='ocrx_word' id='word_1_50' title='bbox 745 979 875 1029; x_wconf 89' lang='lat' dir='ltr'><strong>est:</strong></span> <span class='ocrx_word' id='word_1_51' title='bbox 926 987 1099 1043; x_wconf 76' lang='lat' dir='ltr'><strong>CllJllS</strong></span> <span class='ocrx_word' id='word_1_52' title='bbox 1146 987 1362 1043; x_wconf 89' lang='lat' dir='ltr'><strong>corpus</strong></span> <span class='ocrx_word' id='word_1_53' title='bbox 1412 971 1639 1025; x_wconf 85' lang='lat' dir='ltr'><strong>Marcus</strong></span> <span class='ocrx_word' id='word_1_54' title='bbox 1689 968 1994 1041; x_wconf 84' lang='lat' dir='ltr'><strong>apostolus</strong></span> <span class='ocrx_word' id='word_1_55' title='bbox 2046 971 2106 1023; x_wconf 91' lang='lat' dir='ltr'><strong>et</strong></span> 
     </span>
    </p>
   </div>
   <div class='ocr_carea' id='block_1_11' title="bbox 448 1057 2103 1135">
    <p class='ocr_par' dir='ltr' id='par_1_11' title="bbox 448 1057 2103 1135">
     <span class='ocr_line' id='line_1_11' title="bbox 448 1057 2103 1135; baseline -0.005 -16"><span class='ocrx_word' id='word_1_56' title='bbox 448 1063 809 1135; x_wconf 72' lang='lat' dir='ltr'><strong>evangelista</strong></span> <span class='ocrx_word' id='word_1_57' title='bbox 830 1060 1157 1128; x_wconf 90' lang='lat' dir='ltr'><strong>sublatum,</strong></span> <span class='ocrx_word' id='word_1_58' title='bbox 1191 1060 1253 1115; x_wconf 90' lang='lat' dir='ltr'><strong>in</strong></span> <span class='ocrx_word' id='word_1_59' title='bbox 1284 1059 1540 1131; x_wconf 89' lang='lat' dir='ltr'><strong>quadam</strong></span> <span class='ocrx_word' id='word_1_60' title='bbox 1584 1058 1869 1131; x_wconf 86' lang='lat' dir='ltr'><strong>spelunca</strong></span> <span class='ocrx_word' id='word_1_61' title='bbox 1917 1057 2103 1129; x_wconf 86' lang='lat' dir='ltr'><strong>depo-</strong></span> 
     </span>
    </p>
   </div>
   <div class='ocr_carea' id='block_1_12' title="bbox 447 1147 2100 1222">
    <p class='ocr_par' dir='ltr' id='par_1_12' title="bbox 447 1147 2100 1222">
     <span class='ocr_line' id='line_1_12' title="bbox 447 1147 2100 1222; baseline -0.005 -14"><span class='ocrx_word' id='word_1_62' title='bbox 447 1153 585 1208; x_wconf 88' lang='lat' dir='ltr'><strong>suit.</strong></span> <span class='ocrx_word' id='word_1_63' title='bbox 621 1151 845 1209; x_wconf 89' lang='lat' dir='ltr'><strong>Deinde</strong></span> <span class='ocrx_word' id='word_1_64' title='bbox 877 1167 1011 1207; x_wconf 91' lang='lat' dir='ltr'><strong>cum</strong></span> <span class='ocrx_word' id='word_1_65' title='bbox 1049 1150 1345 1222; x_wconf 85' lang='lat' dir='ltr'><strong>Ephesum</strong></span> <span class='ocrx_word' id='word_1_66' title='bbox 1378 1148 1731 1222; x_wconf 82' lang='lat' dir='ltr'><strong>navigasset,</strong></span> <span class='ocrx_word' id='word_1_67' title='bbox 1764 1152 1825 1203; x_wconf 89' lang='lat' dir='ltr'><strong>et</strong></span> <span class='ocrx_word' id='word_1_68' title='bbox 1853 1147 1927 1203; x_wconf 88' lang='lat' dir='ltr'><strong>ad</strong></span> <span class='ocrx_word' id='word_1_69' title='bbox 1950 1148 2100 1202; x_wconf 88' lang='lat' dir='ltr'><strong>Pau-</strong></span> 
     </span>
    </p>
   </div>
   <div class='ocr_carea' id='block_1_13' title="bbox 446 1236 2103 1304">
    <p class='ocr_par' dir='ltr' id='par_1_13' title="bbox 446 1236 2103 1304">
     <span class='ocr_line' id='line_1_13' title="bbox 446 1236 2103 1304; baseline -0.004 -7"><span class='ocrx_word' id='word_1_70' title='bbox 446 1241 571 1297; x_wconf 92' lang='lat' dir='ltr'><strong>lum</strong></span> <span class='ocrx_word' id='word_1_71' title='bbox 606 1242 883 1304; x_wconf 86' lang='lat' dir='ltr'><strong>venisset,</strong></span> <span class='ocrx_word' id='word_1_72' title='bbox 916 1241 1076 1295; x_wconf 86' lang='lat' dir='ltr'><strong>hunc</strong></span> <span class='ocrx_word' id='word_1_73' title='bbox 1126 1237 1198 1294; x_wconf 90' lang='lat' dir='ltr'><strong>de</strong></span> <span class='ocrx_word' id='word_1_74' title='bbox 1243 1238 1528 1294; x_wconf 68' lang='lat' dir='ltr'><strong>Barnabas</strong></span> <span class='ocrx_word' id='word_1_75' title='bbox 1575 1237 1738 1294; x_wconf 89' lang='lat' dir='ltr'><strong>obitu</strong></span> <span class='ocrx_word' id='word_1_76' title='bbox 1786 1236 2103 1294; x_wconf 81' lang='lat' dir='ltr'><strong>certiorem</strong></span> 
     </span>
    </p>
   </div>
   <div class='ocr_carea' id='block_1_14' title="bbox 448 1326 2100 1387">
    <p class='ocr_par' dir='ltr' id='par_1_14' title="bbox 448 1326 2100 1387">
     <span class='ocr_line' id='line_1_14' title="bbox 448 1326 2100 1387; baseline -0.003 0"><span class='ocrx_word' id='word_1_77' title='bbox 448 1331 610 1387; x_wconf 81' lang='lat' dir='ltr'><strong>fecit.</strong></span> <span class='ocrx_word' id='word_1_78' title='bbox 632 1331 871 1386; x_wconf 82' lang='lat' dir='ltr'><strong>Plauxit</strong></span> <span class='ocrx_word' id='word_1_79' title='bbox 894 1336 1095 1385; x_wconf 89' lang='lat' dir='ltr'><strong>autem</strong></span> <span class='ocrx_word' id='word_1_80' title='bbox 1125 1328 1455 1383; x_wconf 89' lang='lat' dir='ltr'><strong>Barnabam</strong></span> <span class='ocrx_word' id='word_1_81' title='bbox 1491 1327 1722 1382; x_wconf 85' lang='lat' dir='ltr'><strong>Marcus</strong></span> <span class='ocrx_word' id='word_1_82' title='bbox 1747 1326 2100 1382; x_wconf 88' lang='lat' dir='ltr'><strong>diutissime.</strong></span> 
     </span>
    </p>
   </div>
   <div class='ocr_carea' id='block_1_15' title="bbox 449 1415 2102 1489">
    <p class='ocr_par' dir='ltr' id='par_1_15' title="bbox 449 1415 2102 1489">
     <span class='ocr_line' id='line_1_15' title="bbox 449 1415 2102 1489; baseline -0.004 -13"><span class='ocrx_word' id='word_1_83' title='bbox 449 1421 675 1477; x_wconf 86' lang='lat' dir='ltr'><strong>Dicitur</strong></span> <span class='ocrx_word' id='word_1_84' title='bbox 702 1419 799 1476; x_wconf 88' lang='lat' dir='ltr'><strong>hic</strong></span> <span class='ocrx_word' id='word_1_85' title='bbox 826 1417 1008 1474; x_wconf 82' lang='lat' dir='ltr'><strong>fuisse</strong></span> <span class='ocrx_word' id='word_1_86' title='bbox 1065 1417 1334 1489; x_wconf 86' lang='lat' dir='ltr'><strong>sepultus</strong></span> <span class='ocrx_word' id='word_1_87' title='bbox 1381 1416 1562 1471; x_wconf 78' lang='lat' dir='ltr'><strong>simul</strong></span> <span class='ocrx_word' id='word_1_88' title='bbox 1598 1433 1733 1471; x_wconf 89' lang='lat' dir='ltr'><strong>cum</strong></span> <span class='ocrx_word' id='word_1_89' title='bbox 1789 1415 2102 1488; x_wconf 83' lang='lat' dir='ltr'><strong>Evangelio</strong></span> 
     </span>
    </p>
   </div>
   <div class='ocr_carea' id='block_1_16' title="bbox 448 1507 2101 1577">
    <p class='ocr_par' dir='ltr' id='par_1_16' title="bbox 448 1507 2101 1577">
     <span class='ocr_line' id='line_1_16' title="bbox 448 1507 2101 1577; baseline -0.003 -12"><span class='ocrx_word' id='word_1_90' title='bbox 448 1508 704 1565; x_wconf 71' lang='lat' dir='ltr'><strong>Matthmi</strong></span> <span class='ocrx_word' id='word_1_91' title='bbox 737 1522 774 1563; x_wconf 90' lang='lat' dir='ltr'><strong>a</strong></span> <span class='ocrx_word' id='word_1_92' title='bbox 803 1523 865 1561; x_wconf 87' lang='lat' dir='ltr'><strong>se</strong></span> <span class='ocrx_word' id='word_1_93' title='bbox 898 1507 1140 1577; x_wconf 91' lang='lat' dir='ltr'><strong>scripto,</strong></span> <span class='ocrx_word' id='word_1_94' title='bbox 1170 1513 1230 1560; x_wconf 91' lang='lat' dir='ltr'><strong>et</strong></span> <span class='ocrx_word' id='word_1_95' title='bbox 1258 1507 1497 1561; x_wconf 86' lang='lat' dir='ltr'><strong>invento</strong></span> <span class='ocrx_word' id='word_1_96' title='bbox 1526 1514 1731 1577; x_wconf 89' lang='lat' dir='ltr'><strong>postea</strong></span> <span class='ocrx_word' id='word_1_97' title='bbox 1779 1520 1915 1561; x_wconf 91' lang='lat' dir='ltr'><strong>cum</strong></span> <span class='ocrx_word' id='word_1_98' title='bbox 1960 1520 2101 1576; x_wconf 87' lang='lat' dir='ltr'><strong>apo-</strong></span> 
     </span>
    </p>
   </div>
   <div class='ocr_carea' id='block_1_17' title="bbox 447 1593 2104 1667">
    <p class='ocr_par' dir='ltr' id='par_1_17' title="bbox 447 1593 2104 1667">
     <span class='ocr_line' id='line_1_17' title="bbox 447 1593 2104 1667; baseline -0.004 -14"><span class='ocrx_word' id='word_1_99' title='bbox 447 1596 660 1653; x_wconf 90' lang='lat' dir='ltr'><strong>stolico</strong></span> <span class='ocrx_word' id='word_1_100' title='bbox 690 1611 938 1667; x_wconf 88' lang='lat' dir='ltr'><strong>corpore</strong></span> <span class='ocrx_word' id='word_1_101' title='bbox 970 1611 984 1648; x_wconf 87' lang='lat'><strong>:</strong></span> <span class='ocrx_word' id='word_1_102' title='bbox 1018 1594 1177 1649; x_wconf 89' lang='lat' dir='ltr'><strong>unde</strong></span> <span class='ocrx_word' id='word_1_103' title='bbox 1209 1599 1268 1649; x_wconf 90' lang='lat' dir='ltr'><strong>et</strong></span> <span class='ocrx_word' id='word_1_104' title='bbox 1322 1593 1696 1667; x_wconf 78' lang='lat' dir='ltr'><strong>privilegium</strong></span> <span class='ocrx_word' id='word_1_105' title='bbox 1744 1599 2104 1666; x_wconf 90' lang='lat' dir='ltr'><strong>acceperunt</strong></span> 
     </span>
    </p>
   </div>
   <div class='ocr_carea' id='block_1_18' title="bbox 446 1682 2102 1757">
    <p class='ocr_par' dir='ltr' id='par_1_18' title="bbox 446 1682 2102 1757">
     <span class='ocr_line' id='line_1_18' title="bbox 446 1682 2102 1757; baseline -0.002 -15"><span class='ocrx_word' id='word_1_106' title='bbox 446 1685 678 1745; x_wconf 85' lang='lat' dir='ltr'><strong>ﬁdeles.</strong></span> <span class='ocrx_word' id='word_1_107' title='bbox 710 1683 870 1757; x_wconf 91' lang='lat' dir='ltr'><strong>quod</strong></span> <span class='ocrx_word' id='word_1_108' title='bbox 901 1684 1028 1740; x_wconf 67' lang='lat' dir='ltr'><strong>haec</strong></span> <span class='ocrx_word' id='word_1_109' title='bbox 1054 1682 1319 1756; x_wconf 89' lang='lat' dir='ltr'><strong>ipsorum</strong></span> <span class='ocrx_word' id='word_1_110' title='bbox 1350 1683 1547 1739; x_wconf 86' lang='lat' dir='ltr'><strong>insula</strong></span> <span class='ocrx_word' id='word_1_111' title='bbox 1577 1682 1805 1739; x_wconf 89' lang='lat' dir='ltr'><strong>nemini</strong></span> <span class='ocrx_word' id='word_1_112' title='bbox 1844 1682 2102 1739; x_wconf 89' lang='lat' dir='ltr'><strong>aliorum</strong></span> 
     </span>
    </p>
   </div>
   <div class='ocr_carea' id='block_1_19' title="bbox 445 1773 2101 1850">
    <p class='ocr_par' dir='ltr' id='par_1_19' title="bbox 445 1773 2101 1850">
     <span class='ocr_line' id='line_1_19' title="bbox 445 1773 2101 1850; baseline -0.002 -17"><span class='ocrx_word' id='word_1_113' title='bbox 445 1774 861 1850; x_wconf 87' lang='lat' dir='ltr'><strong>episcoporum</strong></span> <span class='ocrx_word' id='word_1_114' title='bbox 888 1774 1035 1831; x_wconf 73' lang='lat'><strong>18]</strong></span> <span class='ocrx_word' id='word_1_115' title='bbox 1074 1773 1451 1847; x_wconf 81' lang='lat' dir='ltr'><strong>subjiciatur,</strong></span> <span class='ocrx_word' id='word_1_116' title='bbox 1484 1774 1589 1830; x_wconf 90' lang='lat' dir='ltr'><strong>sed</strong></span> <span class='ocrx_word' id='word_1_117' title='bbox 1618 1790 1653 1830; x_wconf 79' lang='grc' dir='ltr'>ο,</span> <span class='ocrx_word' id='word_1_118' title='bbox 1681 1773 1924 1847; x_wconf 88' lang='lat' dir='ltr'><strong>proprio</strong></span> <span class='ocrx_word' id='word_1_119' title='bbox 1977 1773 2101 1846; x_wconf 90' lang='lat' dir='ltr'><strong>epi-</strong></span> 
     </span>
    </p>
   </div>
   <div class='ocr_carea' id='block_1_20' title="bbox 446 1864 993 1939">
    <p class='ocr_par' dir='ltr' id='par_1_20' title="bbox 446 1864 993 1939">
     <span class='ocr_line' id='line_1_20' title="bbox 446 1864 993 1939; baseline -0.005 -17"><span class='ocrx_word' id='word_1_120' title='bbox 446 1881 626 1939; x_wconf 85' lang='lat' dir='ltr'><strong>scopo</strong></span> <span class='ocrx_word' id='word_1_121' title='bbox 658 1864 993 1921; x_wconf 87' lang='lat' dir='ltr'><strong>ordinetur.</strong></span> 
     </span>
    </p>
   </div>
   <div class='ocr_carea' id='block_1_21' title="bbox 996 1970 1536 2028">
    <p class='ocr_par' dir='ltr' id='par_1_21' title="bbox 996 1970 1536 2028">
     <span class='ocr_line' id='line_1_21' title="bbox 996 1970 1536 2028; baseline 0.002 -1"><span class='ocrx_word' id='word_1_122' title='bbox 996 1971 1240 2027; x_wconf 80' lang='lat' dir='ltr'><strong>EODEM</strong></span> <span class='ocrx_word' id='word_1_123' title='bbox 1282 1972 1425 2027; x_wconf 75' lang='grc' dir='ltr'><strong>ΜΕΝ</strong></span> <span class='ocrx_word' id='word_1_124' title='bbox 1433 1970 1536 2028; x_wconf 88' lang='lat' dir='ltr'><strong>SE.</strong></span> 
     </span>
    </p>
   </div>
   <div class='ocr_carea' id='block_1_22' title="bbox 1031 2060 1524 2117">
    <p class='ocr_par' dir='ltr' id='par_1_22' title="bbox 1031 2060 1524 2117">
     <span class='ocr_line' id='line_1_22' title="bbox 1031 2060 1524 2117; baseline -0.002 0"><span class='ocrx_word' id='word_1_125' title='bbox 1031 2061 1134 2117; x_wconf 91' lang='lat' dir='ltr'><strong>Die</strong></span> <span class='ocrx_word' id='word_1_126' title='bbox 1165 2060 1524 2117; x_wconf 89' lang='lat' dir='ltr'><strong>duodecima</strong></span> 
     </span>
    </p>
   </div>
   <div class='ocr_carea' id='block_1_23' title="bbox 661 2150 1889 2222">
    <p class='ocr_par' dir='ltr' id='par_1_23' title="bbox 661 2150 1889 2222">
     <span class='ocr_line' id='line_1_23' title="bbox 661 2150 1889 2222; baseline -0.003 -12"><span class='ocrx_word' id='word_1_127' title='bbox 661 2153 929 2210; x_wconf 75' lang='lat' dir='ltr'><strong>Memoria</strong></span> <span class='ocrx_word' id='word_1_128' title='bbox 956 2153 1136 2208; x_wconf 82' lang='lat' dir='ltr'><strong>sancti</strong></span> <span class='ocrx_word' id='word_1_129' title='bbox 1170 2152 1348 2207; x_wconf 83' lang='lat' dir='ltr'><strong>Patris</strong></span> <span class='ocrx_word' id='word_1_130' title='bbox 1377 2153 1556 2207; x_wconf 82' lang='lat' dir='ltr'><strong>nostri</strong></span> <span class='ocrx_word' id='word_1_131' title='bbox 1587 2150 1889 2222; x_wconf 79' lang='lat' dir='ltr'><strong>Onuphrii.</strong></span> 
     </span>
    </p>
   </div>
   <div class='ocr_carea' id='block_1_24' title="bbox 521 2269 2104 2341">
    <p class='ocr_par' dir='ltr' id='par_1_24' title="bbox 521 2269 2104 2341">
     <span class='ocr_line' id='line_1_24' title="bbox 521 2269 2104 2341; baseline -0.001 -14"><span class='ocrx_word' id='word_1_132' title='bbox 521 2270 772 2328; x_wconf 89' lang='lat' dir='ltr'><strong>Sanctus</strong></span> <span class='ocrx_word' id='word_1_133' title='bbox 802 2273 976 2327; x_wconf 88' lang='lat' dir='ltr'><strong>Pater</strong></span> <span class='ocrx_word' id='word_1_134' title='bbox 1000 2274 1205 2325; x_wconf 91' lang='lat' dir='ltr'><strong>noster</strong></span> <span class='ocrx_word' id='word_1_135' title='bbox 1237 2269 1578 2341; x_wconf 89' lang='lat' dir='ltr'><strong>Onuphrius</strong></span> <span class='ocrx_word' id='word_1_136' title='bbox 1608 2285 1679 2325; x_wconf 83' lang='lat' dir='ltr'><strong>ex</strong></span> <span class='ocrx_word' id='word_1_137' title='bbox 1700 2269 1941 2341; x_wconf 80' lang='lat' dir='ltr'><strong>regione</strong></span> <span class='ocrx_word' id='word_1_138' title='bbox 1973 2269 2104 2341; x_wconf 89' lang='lat' dir='ltr'><strong>qui-</strong></span> 
     </span>
    </p>
   </div>
   <div class='ocr_carea' id='block_1_25' title="bbox 448 2354 2106 2433">
    <p class='ocr_par' dir='ltr' id='par_1_25' title="bbox 448 2354 2106 2433">
     <span class='ocr_line' id='line_1_25' title="bbox 448 2354 2106 2433; baseline -0.001 -18"><span class='ocrx_word' id='word_1_139' title='bbox 448 2359 585 2415; x_wconf 87' lang='lat' dir='ltr'><strong>dem</strong></span> <span class='ocrx_word' id='word_1_140' title='bbox 609 2359 838 2433; x_wconf 70' lang='lat' dir='ltr'><strong>Egypti</strong></span> <span class='ocrx_word' id='word_1_141' title='bbox 860 2358 1153 2432; x_wconf 80' lang='lat' dir='ltr'><strong>originem</strong></span> <span class='ocrx_word' id='word_1_142' title='bbox 1176 2356 1389 2426; x_wconf 81' lang='lat' dir='ltr'><strong>traxit;</strong></span> <span class='ocrx_word' id='word_1_143' title='bbox 1423 2363 1687 2413; x_wconf 86' lang='lat' dir='ltr'><strong>versatus</strong></span> <span class='ocrx_word' id='word_1_144' title='bbox 1711 2363 1801 2413; x_wconf 90' lang='lat' dir='ltr'><strong>est</strong></span> <span class='ocrx_word' id='word_1_145' title='bbox 1823 2354 2022 2413; x_wconf 87' lang='lat' dir='ltr'><strong>autem</strong></span> <span class='ocrx_word' id='word_1_146' title='bbox 2043 2358 2106 2414; x_wconf 91' lang='lat' dir='ltr'><strong>in</strong></span> 
     </span>
    </p>
   </div>
   <div class='ocr_carea' id='block_1_26' title="bbox 448 2447 2102 2521">
    <p class='ocr_par' dir='ltr' id='par_1_26' title="bbox 448 2447 2102 2521">
     <span class='ocr_line' id='line_1_26' title="bbox 448 2447 2102 2521; baseline -0.001 -16"><span class='ocrx_word' id='word_1_147' title='bbox 448 2449 716 2506; x_wconf 74' lang='lat' dir='ltr'><strong>cwnobio</strong></span> <span class='ocrx_word' id='word_1_148' title='bbox 770 2449 965 2521; x_wconf 91' lang='lat' dir='ltr'><strong>posito</strong></span> <span class='ocrx_word' id='word_1_149' title='bbox 1017 2449 1192 2520; x_wconf 79' lang='lat' dir='ltr'><strong>juxta</strong></span> <span class='ocrx_word' id='word_1_150' title='bbox 1246 2447 1691 2519; x_wconf 86' lang='lat' dir='ltr'><strong>ThermOpolim</strong></span> <span class='ocrx_word' id='word_1_151' title='bbox 1747 2448 2102 2504; x_wconf 88' lang='lat' dir='ltr'><strong>Thebarum.</strong></span> 
     </span>
    </p>
   </div>
   <div class='ocr_carea' id='block_1_27' title="bbox 447 2538 2104 2612">
    <p class='ocr_par' dir='ltr' id='par_1_27' title="bbox 447 2538 2104 2612">
     <span class='ocr_line' id='line_1_27' title="bbox 447 2538 2104 2612; baseline -0.001 -16"><span class='ocrx_word' id='word_1_152' title='bbox 447 2540 594 2596; x_wconf 91' lang='lat' dir='ltr'><strong>Cum</strong></span> <span class='ocrx_word' id='word_1_153' title='bbox 612 2556 747 2596; x_wconf 88' lang='lat' dir='ltr'><strong>vero</strong></span> <span class='ocrx_word' id='word_1_154' title='bbox 762 2539 1217 2596; x_wconf 84' lang='lat' dir='ltr'><strong>audissetvitam</strong></span> <span class='ocrx_word' id='word_1_155' title='bbox 1234 2540 1659 2612; x_wconf 85' lang='lat' dir='ltr'><strong>prophetarum</strong></span> <span class='ocrx_word' id='word_1_156' title='bbox 1683 2538 1824 2594; x_wconf 73' lang='lat' dir='ltr'><strong>Eliaa</strong></span> <span class='ocrx_word' id='word_1_157' title='bbox 1842 2545 1901 2594; x_wconf 89' lang='lat' dir='ltr'><strong>et</strong></span> <span class='ocrx_word' id='word_1_158' title='bbox 1927 2540 2104 2595; x_wconf 83' lang='lat' dir='ltr'><strong>Joan-</strong></span> 
     </span>
    </p>
   </div>
   <div class='ocr_carea' id='block_1_28' title="bbox 447 2628 2103 2696">
    <p class='ocr_par' dir='ltr' id='par_1_28' title="bbox 447 2628 2103 2696">
     <span class='ocr_line' id='line_1_28' title="bbox 447 2628 2103 2696; baseline -0.001 -10"><span class='ocrx_word' id='word_1_159' title='bbox 447 2630 544 2686; x_wconf 89' lang='lat' dir='ltr'><strong>nis</strong></span> <span class='ocrx_word' id='word_1_160' title='bbox 602 2630 1019 2689; x_wconf 70' lang='lat' dir='ltr'><strong>Prazcursoris.</strong></span> <span class='ocrx_word' id='word_1_161' title='bbox 1082 2629 1321 2685; x_wconf 88' lang='lat' dir='ltr'><strong>eosdem</strong></span> <span class='ocrx_word' id='word_1_162' title='bbox 1375 2628 1711 2696; x_wconf 61' lang='lat' dir='ltr'><strong>stimulatus,</strong></span> <span class='ocrx_word' id='word_1_163' title='bbox 1763 2645 1795 2685; x_wconf 89' lang='lat' dir='ltr'><strong>e</strong></span> <span class='ocrx_word' id='word_1_164' title='bbox 1834 2628 2103 2685; x_wconf 78' lang='lat' dir='ltr'><strong>cmnobio</strong></span> 
     </span>
    </p>
   </div>
   <div class='ocr_carea' id='block_1_29' title="bbox 447 2717 2105 2792">
    <p class='ocr_par' dir='ltr' id='par_1_29' title="bbox 447 2717 2105 2792">
     <span class='ocr_line' id='line_1_29' title="bbox 447 2717 2105 2792; baseline -0.001 -17"><span class='ocrx_word' id='word_1_165' title='bbox 447 2735 745 2792; x_wconf 87' lang='lat' dir='ltr'><strong>egressus,</strong></span> <span class='ocrx_word' id='word_1_166' title='bbox 768 2733 1036 2775; x_wconf 89' lang='lat' dir='ltr'><strong>eremum</strong></span> <span class='ocrx_word' id='word_1_167' title='bbox 1050 2718 1241 2790; x_wconf 86' lang='lat' dir='ltr'><strong>petiit,</strong></span> <span class='ocrx_word' id='word_1_168' title='bbox 1266 2717 1468 2790; x_wconf 89' lang='lat' dir='ltr'><strong>ibique</strong></span> <span class='ocrx_word' id='word_1_169' title='bbox 1489 2717 1564 2774; x_wconf 92' lang='lat' dir='ltr'><strong>ad</strong></span> <span class='ocrx_word' id='word_1_170' title='bbox 1587 2733 1780 2774; x_wconf 87' lang='lat' dir='ltr'><strong>annos</strong></span> <span class='ocrx_word' id='word_1_171' title='bbox 1802 2718 2105 2792; x_wconf 77' lang='lat' dir='ltr'><strong>sexaginta</strong></span> 
     </span>
    </p>
   </div>
   <div class='ocr_carea' id='block_1_30' title="bbox 448 2807 2103 2881">
    <p class='ocr_par' dir='ltr' id='par_1_30' title="bbox 448 2807 2103 2881">
     <span class='ocr_line' id='line_1_30' title="bbox 448 2807 2103 2881; baseline -0.002 -14"><span class='ocrx_word' id='word_1_172' title='bbox 448 2807 779 2867; x_wconf 82' lang='lat' dir='ltr'><strong>habitavit:</strong></span> <span class='ocrx_word' id='word_1_173' title='bbox 810 2823 927 2881; x_wconf 91' lang='lat' dir='ltr'><strong>quo</strong></span> <span class='ocrx_word' id='word_1_174' title='bbox 977 2807 1168 2880; x_wconf 89' lang='lat' dir='ltr'><strong>spatio</strong></span> <span class='ocrx_word' id='word_1_175' title='bbox 1211 2807 1446 2864; x_wconf 89' lang='lat' dir='ltr'><strong>nullum</strong></span> <span class='ocrx_word' id='word_1_176' title='bbox 1496 2808 1741 2864; x_wconf 88' lang='lat' dir='ltr'><strong>omnino</strong></span> <span class='ocrx_word' id='word_1_177' title='bbox 1791 2808 2103 2865; x_wconf 89' lang='lat' dir='ltr'><strong>hominum</strong></span> 
     </span>
    </p>
   </div>
   <div class='ocr_carea' id='block_1_31' title="bbox 441 2896 2101 2969">
    <p class='ocr_par' dir='ltr' id='par_1_31' title="bbox 441 2896 2101 2969">
     <span class='ocr_line' id='line_1_31' title="bbox 441 2896 2101 2969; baseline 0.002 -17"><span class='ocrx_word' id='word_1_178' title='bbox 441 2897 619 2963; x_wconf 89' lang='lat' dir='ltr'><strong>vidit;</strong></span> <span class='ocrx_word' id='word_1_179' title='bbox 645 2896 836 2953; x_wconf 85' lang='lat' dir='ltr'><strong>donec</strong></span> <span class='ocrx_word' id='word_1_180' title='bbox 857 2896 1187 2953; x_wconf 88' lang='lat' dir='ltr'><strong>monachus</strong></span> <span class='ocrx_word' id='word_1_181' title='bbox 1214 2896 1456 2969; x_wconf 87' lang='lat' dir='ltr'><strong>quidam</strong></span> <span class='ocrx_word' id='word_1_182' title='bbox 1471 2896 1840 2969; x_wconf 87' lang='lat' dir='ltr'><strong>Paphnutius</strong></span> <span class='ocrx_word' id='word_1_183' title='bbox 1867 2897 1927 2953; x_wconf 92' lang='lat' dir='ltr'><strong>in</strong></span> <span class='ocrx_word' id='word_1_184' title='bbox 1951 2898 2101 2955; x_wconf 88' lang='lat' dir='ltr'><strong>inte-</strong></span> 
     </span>
    </p>
   </div>
   <div class='ocr_carea' id='block_1_32' title="bbox 443 2986 2104 3059">
    <p class='ocr_par' dir='ltr' id='par_1_32' title="bbox 443 2986 2104 3059">
     <span class='ocr_line' id='line_1_32' title="bbox 443 2986 2104 3059; baseline -0.001 -15"><span class='ocrx_word' id='word_1_185' title='bbox 443 2988 665 3045; x_wconf 88' lang='lat' dir='ltr'><strong>riorem</strong></span> <span class='ocrx_word' id='word_1_186' title='bbox 692 3001 961 3045; x_wconf 88' lang='lat' dir='ltr'><strong>eremum</strong></span> <span class='ocrx_word' id='word_1_187' title='bbox 986 3001 1358 3059; x_wconf 87' lang='lat' dir='ltr'><strong>progressus,</strong></span> <span class='ocrx_word' id='word_1_188' title='bbox 1383 2992 1449 3041; x_wconf 91' lang='lat' dir='ltr'><strong>ut</strong></span> <span class='ocrx_word' id='word_1_189' title='bbox 1468 2986 1659 3042; x_wconf 87' lang='lat' dir='ltr'><strong>aviris</strong></span> <span class='ocrx_word' id='word_1_190' title='bbox 1686 2987 1910 3042; x_wconf 87' lang='lat' dir='ltr'><strong>sanctis</strong></span> <span class='ocrx_word' id='word_1_191' title='bbox 1926 2987 2104 3043; x_wconf 90' lang='lat' dir='ltr'><strong>bene-</strong></span> 
     </span>
    </p>
   </div>
   <div class='ocr_carea' id='block_1_33' title="bbox 442 3074 2105 3149">
    <p class='ocr_par' dir='ltr' id='par_1_33' title="bbox 442 3074 2105 3149">
     <span class='ocr_line' id='line_1_33' title="bbox 442 3074 2105 3149; baseline -0.001 -16"><span class='ocrx_word' id='word_1_192' title='bbox 442 3075 763 3133; x_wconf 88' lang='lat' dir='ltr'><strong>dictionem</strong></span> <span class='ocrx_word' id='word_1_193' title='bbox 794 3081 1045 3148; x_wconf 88' lang='lat' dir='ltr'><strong>peteret,</strong></span> <span class='ocrx_word' id='word_1_194' title='bbox 1097 3074 1269 3131; x_wconf 87' lang='lat' dir='ltr'><strong>illum</strong></span> <span class='ocrx_word' id='word_1_195' title='bbox 1321 3075 1563 3147; x_wconf 90' lang='lat' dir='ltr'><strong>reperit.</strong></span> <span class='ocrx_word' id='word_1_196' title='bbox 1613 3081 1876 3149; x_wconf 77' lang='lat' dir='ltr'><strong>Cumque</strong></span> <span class='ocrx_word' id='word_1_197' title='bbox 1922 3076 2105 3133; x_wconf 90' lang='lat' dir='ltr'><strong>simul</strong></span> 
     </span>
    </p>
   </div>
   <div class='ocr_carea' id='block_1_34' title="bbox 441 3164 2105 3239">
    <p class='ocr_par' dir='ltr' id='par_1_34' title="bbox 441 3164 2105 3239">
     <span class='ocr_line' id='line_1_34' title="bbox 441 3164 2105 3239; baseline -0.001 -16"><span class='ocrx_word' id='word_1_198' title='bbox 441 3165 877 3232; x_wconf 72' lang='lat' dir='ltr'><strong>consedissmt,</strong></span> <span class='ocrx_word' id='word_1_199' title='bbox 911 3164 1130 3221; x_wconf 89' lang='lat' dir='ltr'><strong>rescire</strong></span> <span class='ocrx_word' id='word_1_200' title='bbox 1168 3164 1397 3238; x_wconf 85' lang='lat' dir='ltr'><strong>optanti</strong></span> <span class='ocrx_word' id='word_1_201' title='bbox 1431 3165 1766 3239; x_wconf 84' lang='lat' dir='ltr'><strong>Paphnutio</strong></span> <span class='ocrx_word' id='word_1_202' title='bbox 1817 3182 1948 3239; x_wconf 77' lang='lat' dir='ltr'><strong>quae</strong></span> <span class='ocrx_word' id='word_1_203' title='bbox 1998 3183 2105 3239; x_wconf 89' lang='lat' dir='ltr'><strong>per</strong></span> 
     </span>
    </p>
   </div>
   <div class='ocr_carea' id='block_1_35' title="bbox 2206 607 3868 687">
    <p class='ocr_par' dir='ltr' id='par_1_35' title="bbox 2206 607 3868 687">
     <span class='ocr_line' id='line_1_35' title="bbox 2206 607 3868 687; baseline 0.001 -23"><span class='ocrx_word' id='word_1_204' title='bbox 2206 607 2268 664; x_wconf 89' lang='grc' dir='ltr'><strong>ἐκ</strong></span> <span class='ocrx_word' id='word_1_205' title='bbox 2297 607 2477 687; x_wconf 79' lang='grc' dir='ltr'>φυλῆς</span> <span class='ocrx_word' id='word_1_206' title='bbox 2506 608 2636 666; x_wconf 82' lang='grc' dir='ltr'>Λευΐ</span> <span class='ocrx_word' id='word_1_207' title='bbox 2666 611 3012 687; x_wconf 83' lang='grc' dir='ltr'><strong>ὁρμώμενος.</strong></span> <span class='ocrx_word' id='word_1_208' title='bbox 3048 610 3193 667; x_wconf 82' lang='grc' dir='ltr'>Κατὰ</span> <span class='ocrx_word' id='word_1_209' title='bbox 3220 611 3323 680; x_wconf 78' lang='grc' dir='ltr'>τὴν</span> <span class='ocrx_word' id='word_1_210' title='bbox 3356 610 3577 687; x_wconf 79' lang='grc' dir='ltr'><strong>Κύπρον</strong></span> <span class='ocrx_word' id='word_1_211' title='bbox 3612 608 3670 666; x_wconf 71' lang='grc' dir='ltr'><strong>δὲ</strong></span> <span class='ocrx_word' id='word_1_212' title='bbox 3699 618 3868 679; x_wconf 79' lang='grc' dir='ltr'>νῆσον</span> 
     </span>
    </p>
   </div>
   <div class='ocr_carea' id='block_1_36' title="bbox 2204 699 3870 779">
    <p class='ocr_par' dir='ltr' id='par_1_36' title="bbox 2204 699 3870 779">
     <span class='ocr_line' id='line_1_36' title="bbox 2204 699 3870 779; baseline 0.002 -27"><span class='ocrx_word' id='word_1_213' title='bbox 2204 699 2478 772; x_wconf 75' lang='grc' dir='ltr'>γεννηθεὶς</span> <span class='ocrx_word' id='word_1_214' title='bbox 2504 700 2596 755; x_wconf 78' lang='grc' dir='ltr'><strong>καὶ</strong></span> <span class='ocrx_word' id='word_1_215' title='bbox 2634 700 2870 779; x_wconf 71' lang='grc' dir='ltr'>τραφεὶς,</span> <span class='ocrx_word' id='word_1_216' title='bbox 2902 702 3063 759; x_wconf 79' lang='grc' dir='ltr'>οὗτος</span> <span class='ocrx_word' id='word_1_217' title='bbox 3093 706 3315 775; x_wconf 77' lang='grc' dir='ltr'>πρῶτος</span> <span class='ocrx_word' id='word_1_218' title='bbox 3371 700 3425 757; x_wconf 82' lang='grc' dir='ltr'><strong>ἐν</strong></span> <span class='ocrx_word' id='word_1_219' title='bbox 3476 700 3870 777; x_wconf 75' lang='grc' dir='ltr'>Ἰερουσαλὴμ,</span> 
     </span>
    </p>
   </div>
   <div class='ocr_carea' id='block_1_37' title="bbox 2205 787 3870 867">
    <p class='ocr_par' dir='ltr' id='par_1_37' title="bbox 2205 787 3870 867">
     <span class='ocr_line' id='line_1_37' title="bbox 2205 787 3870 867; baseline 0.002 -25"><span class='ocrx_word' id='word_1_220' title='bbox 2205 787 2380 844; x_wconf 82' lang='grc' dir='ltr'>καὶέν</span> <span class='ocrx_word' id='word_1_221' title='bbox 2427 790 2635 863; x_wconf 76' lang='grc' dir='ltr'>Ῥώμῃ,</span> <span class='ocrx_word' id='word_1_222' title='bbox 2695 791 2783 845; x_wconf 75' lang='grc' dir='ltr'><strong>καὶ</strong></span> <span class='ocrx_word' id='word_1_223' title='bbox 2850 787 3235 866; x_wconf 72' lang='grc' dir='ltr'><strong>Ἀλεξανδρείᾳ</strong></span> <span class='ocrx_word' id='word_1_224' title='bbox 3289 788 3519 867; x_wconf 78' lang='grc' dir='ltr'>ἐκήρυξε</span> <span class='ocrx_word' id='word_1_225' title='bbox 3568 792 3631 846; x_wconf 80' lang='grc' dir='ltr'>τὸ</span> <span class='ocrx_word' id='word_1_226' title='bbox 3691 790 3870 866; x_wconf 75' lang='grc' dir='ltr'>Εὐαγ-</span> 
     </span>
    </p>
   </div>
   <div class='ocr_carea' id='block_1_38' title="bbox 2206 874 3872 956">
    <p class='ocr_par' dir='ltr' id='par_1_38' title="bbox 2206 874 3872 956">
     <span class='ocr_line' id='line_1_38' title="bbox 2206 874 3872 956; baseline 0.001 -23"><span class='ocrx_word' id='word_1_227' title='bbox 2206 874 2393 952; x_wconf 84' lang='grc' dir='ltr'>γέλιον</span> <span class='ocrx_word' id='word_1_228' title='bbox 2450 882 2547 934; x_wconf 89' lang='grc' dir='ltr'><strong>τοῦ</strong></span> <span class='ocrx_word' id='word_1_229' title='bbox 2624 884 2879 954; x_wconf 84' lang='grc' dir='ltr'>Χριστοῦ.</span> <span class='ocrx_word' id='word_1_230' title='bbox 2967 879 3069 936; x_wconf 85' lang='grc' dir='ltr'><strong>Καὶ</strong></span> <span class='ocrx_word' id='word_1_231' title='bbox 3157 879 3411 944; x_wconf 82' lang='grc' dir='ltr'>ἀπελθὼν</span> <span class='ocrx_word' id='word_1_232' title='bbox 3498 879 3551 935; x_wconf 81' lang='grc' dir='ltr'><strong>ἐν</strong></span> <span class='ocrx_word' id='word_1_233' title='bbox 3641 880 3872 956; x_wconf 60' lang='grc' dir='ltr'>Κύπρῳ,</span> 
     </span>
    </p>
   </div>
   <div class='ocr_carea' id='block_1_39' title="bbox 2212 965 3876 1039">
    <p class='ocr_par' dir='ltr' id='par_1_39' title="bbox 2212 965 3876 1039">
     <span class='ocr_line' id='line_1_39' title="bbox 2212 965 3876 1039; baseline 0.002 -17"><span class='ocrx_word' id='word_1_234' title='bbox 2212 966 2316 1023; x_wconf 83' lang='grc' dir='ltr'><strong>ὑπό</strong></span> <span class='ocrx_word' id='word_1_235' title='bbox 2373 989 2431 1024; x_wconf 88' lang='grc' dir='ltr'><strong>τε</strong></span> <span class='ocrx_word' id='word_1_236' title='bbox 2485 965 2765 1026; x_wconf 73' lang='grc' dir='ltr'><strong>Ἰουδαίων</strong></span> <span class='ocrx_word' id='word_1_237' title='bbox 2827 969 2915 1024; x_wconf 85' lang='grc' dir='ltr'><strong>καὶ</strong></span> <span class='ocrx_word' id='word_1_238' title='bbox 2980 967 3265 1039; x_wconf 85' lang='grc' dir='ltr'>Ἑλλήνων</span> <span class='ocrx_word' id='word_1_239' title='bbox 3322 968 3505 1032; x_wconf 93' lang='grc' dir='ltr'>λίθοις</span> <span class='ocrx_word' id='word_1_240' title='bbox 3580 970 3876 1036; x_wconf 73' lang='grc' dir='ltr'><strong>κτείνεται,</strong></span> 
     </span>
    </p>
   </div>
   <div class='ocr_carea' id='block_1_40' title="bbox 2205 1054 3878 1134">
    <p class='ocr_par' dir='ltr' id='par_1_40' title="bbox 2205 1054 3878 1134">
     <span class='ocr_line' id='line_1_40' title="bbox 2205 1054 3878 1134; baseline 0.002 -23"><span class='ocrx_word' id='word_1_241' title='bbox 2205 1056 2297 1112; x_wconf 89' lang='grc' dir='ltr'><strong>καὶ</strong></span> <span class='ocrx_word' id='word_1_242' title='bbox 2340 1057 2471 1133; x_wconf 85' lang='grc' dir='ltr'>πυρὶ</span> <span class='ocrx_word' id='word_1_243' title='bbox 2527 1054 2914 1134; x_wconf 78' lang='grc' dir='ltr'><strong>παραδίδοται,</strong></span> <span class='ocrx_word' id='word_1_244' title='bbox 2973 1056 3031 1113; x_wconf 77' lang='grc' dir='ltr'>ὅν</span> <span class='ocrx_word' id='word_1_245' title='bbox 3093 1058 3314 1133; x_wconf 78' lang='grc' dir='ltr'>Μάρκος</span> <span class='ocrx_word' id='word_1_246' title='bbox 3347 1060 3375 1114; x_wconf 84' lang='grc' dir='ltr'>ὁ</span> <span class='ocrx_word' id='word_1_247' title='bbox 3410 1057 3721 1122; x_wconf 78' lang='grc' dir='ltr'>ἀπόστολος</span> <span class='ocrx_word' id='word_1_248' title='bbox 3780 1060 3878 1115; x_wconf 75' lang='grc' dir='ltr'><strong>καί</strong></span> 
     </span>
    </p>
   </div>
   <div class='ocr_carea' id='block_1_41' title="bbox 2208 1144 3879 1222">
    <p class='ocr_par' dir='ltr' id='par_1_41' title="bbox 2208 1144 3879 1222">
     <span class='ocr_line' id='line_1_41' title="bbox 2208 1144 3879 1222; baseline 0.002 -21"><span class='ocrx_word' id='word_1_249' title='bbox 2208 1145 2596 1222; x_wconf 78' lang='grc' dir='ltr'>εὐαγγελιστὴς</span> <span class='ocrx_word' id='word_1_250' title='bbox 2655 1147 3017 1222; x_wconf 82' lang='grc' dir='ltr'><strong>συγκομίσας,</strong></span> <span class='ocrx_word' id='word_1_251' title='bbox 3102 1144 3253 1211; x_wconf 80' lang='grc' dir='ltr'>ἔθετο</span> <span class='ocrx_word' id='word_1_252' title='bbox 3316 1145 3370 1202; x_wconf 87' lang='grc' dir='ltr'><strong>ἐν</strong></span> <span class='ocrx_word' id='word_1_253' title='bbox 3427 1147 3707 1222; x_wconf 88' lang='grc' dir='ltr'>σπηλαίῳ.</span> <span class='ocrx_word' id='word_1_254' title='bbox 3763 1148 3879 1205; x_wconf 83' lang='grc' dir='ltr'>Καὶ</span> 
     </span>
    </p>
   </div>
   <div class='ocr_carea' id='block_1_42' title="bbox 2209 1234 3877 1315">
    <p class='ocr_par' dir='ltr' id='par_1_42' title="bbox 2209 1234 3877 1315">
     <span class='ocr_line' id='line_1_42' title="bbox 2209 1234 3877 1315; baseline 0.001 -23"><span class='ocrx_word' id='word_1_255' title='bbox 2209 1234 2511 1300; x_wconf 65' lang='grc' dir='ltr'>ἐκπλεύσας</span> <span class='ocrx_word' id='word_1_256' title='bbox 2569 1236 2646 1299; x_wconf 79' lang='grc' dir='ltr'><strong>είς</strong></span> <span class='ocrx_word' id='word_1_257' title='bbox 2706 1237 2940 1310; x_wconf 72' lang='grc' dir='ltr'>Ἔφεσον</span> <span class='ocrx_word' id='word_1_258' title='bbox 3000 1236 3139 1309; x_wconf 80' lang='grc' dir='ltr'>πρὸς</span> <span class='ocrx_word' id='word_1_259' title='bbox 3222 1236 3461 1306; x_wconf 84' lang='grc' dir='ltr'>Παῦλον,</span> <span class='ocrx_word' id='word_1_260' title='bbox 3549 1236 3877 1315; x_wconf 72' lang='grc' dir='ltr'>ἀνήγγειλεν</span> 
     </span>
    </p>
   </div>
   <div class='ocr_carea' id='block_1_43' title="bbox 2206 1321 3881 1400">
    <p class='ocr_par' dir='ltr' id='par_1_43' title="bbox 2206 1321 3881 1400">
     <span class='ocr_line' id='line_1_43' title="bbox 2206 1321 3881 1400; baseline 0.002 -20"><span class='ocrx_word' id='word_1_261' title='bbox 2206 1324 2486 1397; x_wconf 70' lang='grc' dir='ltr'>αὐτῷτὴν</span> <span class='ocrx_word' id='word_1_262' title='bbox 2537 1324 2818 1381; x_wconf 82' lang='grc' dir='ltr'>τελείωσιν</span> <span class='ocrx_word' id='word_1_263' title='bbox 2876 1321 3145 1400; x_wconf 75' lang='grc' dir='ltr'>Βαρνάϐα.</span> <span class='ocrx_word' id='word_1_264' title='bbox 3207 1326 3481 1384; x_wconf 87' lang='grc' dir='ltr'>Ἔκλαυσε</span> <span class='ocrx_word' id='word_1_265' title='bbox 3540 1325 3598 1383; x_wconf 80' lang='grc' dir='ltr'><strong>δὲ</strong></span> <span class='ocrx_word' id='word_1_266' title='bbox 3647 1329 3814 1384; x_wconf 77' lang='grc' dir='ltr'>αὐτὸν</span> <span class='ocrx_word' id='word_1_267' title='bbox 3852 1329 3881 1384; x_wconf 83' lang='grc' dir='ltr'><strong>ὁ</strong></span> 
     </span>
    </p>
   </div>
   <div class='ocr_carea' id='block_1_44' title="bbox 2209 1414 3883 1495">
    <p class='ocr_par' dir='ltr' id='par_1_44' title="bbox 2209 1414 3883 1495">
     <span class='ocr_line' id='line_1_44' title="bbox 2209 1414 3883 1495; baseline 0.004 -26"><span class='ocrx_word' id='word_1_268' title='bbox 2209 1416 2431 1491; x_wconf 71' lang='grc' dir='ltr'>Μάρκος</span> <span class='ocrx_word' id='word_1_269' title='bbox 2466 1414 2557 1471; x_wconf 76' lang='grc' dir='ltr'><strong>ἐπὶ</strong></span> <span class='ocrx_word' id='word_1_270' title='bbox 2585 1414 2753 1472; x_wconf 81' lang='grc' dir='ltr'>πολύ.</span> <span class='ocrx_word' id='word_1_271' title='bbox 2816 1414 2989 1478; x_wconf 79' lang='grc' dir='ltr'>Οὗτος</span> <span class='ocrx_word' id='word_1_272' title='bbox 3042 1415 3261 1492; x_wconf 70' lang='grc' dir='ltr'>λέγεται</span> <span class='ocrx_word' id='word_1_273' title='bbox 3313 1419 3573 1495; x_wconf 64' lang='grc' dir='ltr'>τεθάφθαι</span> <span class='ocrx_word' id='word_1_274' title='bbox 3625 1416 3741 1491; x_wconf 82' lang='grc' dir='ltr'>ἅμα</span> <span class='ocrx_word' id='word_1_275' title='bbox 3796 1425 3883 1492; x_wconf 77' lang='grc' dir='ltr'>τῷ</span> 
     </span>
    </p>
   </div>
   <div class='ocr_carea' id='block_1_45' title="bbox 2210 1503 3882 1584">
    <p class='ocr_par' dir='ltr' id='par_1_45' title="bbox 2210 1503 3882 1584">
     <span class='ocr_line' id='line_1_45' title="bbox 2210 1503 3882 1584; baseline 0.002 -23"><span class='ocrx_word' id='word_1_276' title='bbox 2210 1503 2494 1561; x_wconf 78' lang='grc' dir='ltr'>ὑπἀὐτοῦ</span> <span class='ocrx_word' id='word_1_277' title='bbox 2524 1505 2786 1584; x_wconf 71' lang='grc' dir='ltr'>γραφέντι</span> <span class='ocrx_word' id='word_1_278' title='bbox 2846 1507 2983 1561; x_wconf 79' lang='grc' dir='ltr'>κατὰ</span> <span class='ocrx_word' id='word_1_279' title='bbox 3043 1509 3319 1570; x_wconf 84' lang='grc' dir='ltr'>Ματθαῖον</span> <span class='ocrx_word' id='word_1_280' title='bbox 3383 1505 3736 1583; x_wconf 78' lang='grc' dir='ltr'>Εὐαγγελίῳ,</span> <span class='ocrx_word' id='word_1_281' title='bbox 3796 1515 3882 1580; x_wconf 73' lang='grc' dir='ltr'>τῷ</span> 
     </span>
    </p>
   </div>
   <div class='ocr_carea' id='block_1_46' title="bbox 2206 1593 3885 1672">
    <p class='ocr_par' dir='ltr' id='par_1_46' title="bbox 2206 1593 3885 1672">
     <span class='ocr_line' id='line_1_46' title="bbox 2206 1593 3885 1672; baseline 0.004 -23"><span class='ocrx_word' id='word_1_282' title='bbox 2206 1595 2294 1650; x_wconf 85' lang='grc' dir='ltr'><strong>καὶ</strong></span> <span class='ocrx_word' id='word_1_283' title='bbox 2354 1593 2637 1670; x_wconf 74' lang='grc' dir='ltr'>ἐσύστερον</span> <span class='ocrx_word' id='word_1_284' title='bbox 2715 1595 3019 1672; x_wconf 77' lang='grc' dir='ltr'>εὐρενθὲντι</span> <span class='ocrx_word' id='word_1_285' title='bbox 3104 1597 3240 1671; x_wconf 85' lang='grc' dir='ltr'><strong>μετὰ</strong></span> <span class='ocrx_word' id='word_1_286' title='bbox 3314 1601 3411 1653; x_wconf 87' lang='grc' dir='ltr'><strong>τοῦ</strong></span> <span class='ocrx_word' id='word_1_287' title='bbox 3498 1598 3885 1655; x_wconf 85' lang='grc' dir='ltr'>ἁποστολικοῦ</span> 
     </span>
    </p>
   </div>
   <div class='ocr_carea' id='block_1_47' title="bbox 2208 1679 3881 1760">
    <p class='ocr_par' dir='ltr' id='par_1_47' title="bbox 2208 1679 3881 1760">
     <span class='ocr_line' id='line_1_47' title="bbox 2208 1679 3881 1760; baseline 0.002 -23"><span class='ocrx_word' id='word_1_288' title='bbox 2208 1685 2489 1756; x_wconf 81' lang='grc' dir='ltr'>σώματος,</span> <span class='ocrx_word' id='word_1_289' title='bbox 2521 1685 2638 1740; x_wconf 77' lang='grc' dir='ltr'>ὅθεν</span> <span class='ocrx_word' id='word_1_290' title='bbox 2667 1685 2758 1739; x_wconf 80' lang='grc' dir='ltr'><strong>καὶ</strong></span> <span class='ocrx_word' id='word_1_291' title='bbox 2801 1684 3106 1758; x_wconf 82' lang='grc' dir='ltr'>προνόμιον</span> <span class='ocrx_word' id='word_1_292' title='bbox 3158 1679 3358 1740; x_wconf 77' lang='grc' dir='ltr'>ἔλαϐον</span> <span class='ocrx_word' id='word_1_293' title='bbox 3415 1687 3467 1741; x_wconf 77' lang='grc' dir='ltr'><strong>οἱ</strong></span> <span class='ocrx_word' id='word_1_294' title='bbox 3518 1685 3729 1758; x_wconf 85' lang='grc' dir='ltr'>πιστοὶ,</span> <span class='ocrx_word' id='word_1_295' title='bbox 3797 1691 3881 1760; x_wconf 79' lang='grc' dir='ltr'>μὴ</span> 
     </span>
    </p>
   </div>
   <div class='ocr_carea' id='block_1_48' title="bbox 2209 1771 3879 1847">
    <p class='ocr_par' dir='ltr' id='par_1_48' title="bbox 2209 1771 3879 1847">
     <span class='ocr_line' id='line_1_48' title="bbox 2209 1771 3879 1847; baseline 0.003 -21"><span class='ocrx_word' id='word_1_296' title='bbox 2209 1771 2526 1838; x_wconf 80' lang='grc' dir='ltr'>ὑποκεῖσθαι</span> <span class='ocrx_word' id='word_1_297' title='bbox 2555 1772 2658 1829; x_wconf 80' lang='grc' dir='ltr'>ὑπό</span> <span class='ocrx_word' id='word_1_298' title='bbox 2689 1794 2811 1830; x_wconf 89' lang='grc' dir='ltr'>τινα</span> <span class='ocrx_word' id='word_1_299' title='bbox 2839 1778 2947 1828; x_wconf 84' lang='grc' dir='ltr'>τῶν</span> <span class='ocrx_word' id='word_1_300' title='bbox 2982 1771 3169 1830; x_wconf 79' lang='grc' dir='ltr'>ἄλλων</span> <span class='ocrx_word' id='word_1_301' title='bbox 3203 1772 3515 1846; x_wconf 77' lang='grc' dir='ltr'>ἐπισκόπων</span> <span class='ocrx_word' id='word_1_302' title='bbox 3544 1775 3749 1846; x_wconf 67' lang='grc' dir='ltr'>ταύτην</span> <span class='ocrx_word' id='word_1_303' title='bbox 3768 1779 3879 1847; x_wconf 69' lang='grc' dir='ltr'>τὴν</span> 
     </span>
    </p>
   </div>
   <div class='ocr_carea' id='block_1_49' title="bbox 2207 1860 3842 1942">
    <p class='ocr_par' dir='ltr' id='par_1_49' title="bbox 2207 1860 3842 1942">
     <span class='ocr_line' id='line_1_49' title="bbox 2207 1860 3842 1942; baseline 0.002 -25"><span class='ocrx_word' id='word_1_304' title='bbox 2207 1869 2396 1937; x_wconf 80' lang='grc' dir='ltr'>νῆσον,</span> <span class='ocrx_word' id='word_1_305' title='bbox 2429 1861 2553 1920; x_wconf 86' lang='grc' dir='ltr'>ἀλλ’</span> <span class='ocrx_word' id='word_1_306' title='bbox 2587 1864 2691 1919; x_wconf 82' lang='grc' dir='ltr'><strong>ὑπὸ</strong></span> <span class='ocrx_word' id='word_1_307' title='bbox 2719 1868 2816 1920; x_wconf 84' lang='grc' dir='ltr'><strong>τοῦ</strong></span> <span class='ocrx_word' id='word_1_308' title='bbox 2849 1860 2996 1920; x_wconf 81' lang='grc' dir='ltr'>ἰδίου</span> <span class='ocrx_word' id='word_1_309' title='bbox 3029 1864 3330 1921; x_wconf 80' lang='grc' dir='ltr'>ἐπισκόπου</span> <span class='ocrx_word' id='word_1_310' title='bbox 3372 1868 3842 1942; x_wconf 79' lang='grc' dir='ltr'>χειροτονεῖσθαι.</span> 
     </span>
    </p>
   </div>
   <div class='ocr_carea' id='block_1_50' title="bbox 2769 1972 3315 2053">
    <p class='ocr_par' dir='ltr' id='par_1_50' title="bbox 2769 1972 3315 2053">
     <span class='ocr_line' id='line_1_50' title="bbox 2769 1972 3315 2053; baseline -0.004 -24"><span class='ocrx_word' id='word_1_311' title='bbox 2769 1972 2953 2029; x_wconf 85' lang='lat' dir='ltr'><strong>MUNI</strong></span> <span class='ocrx_word' id='word_1_312' title='bbox 2994 1977 3079 2050; x_wconf 72' lang='lat' dir='ltr'><strong>T9</strong></span> <span class='ocrx_word' id='word_1_313' title='bbox 3118 1975 3315 2053; x_wconf 74' lang='grc' dir='ltr'>ΑΥΤῼ.</span> 
     </span>
    </p>
   </div>
   <div class='ocr_carea' id='block_1_51' title="bbox 3000 2062 3086 2118">
    <p class='ocr_par' dir='ltr' id='par_1_51' title="bbox 3000 2062 3086 2118">
     <span class='ocr_line' id='line_1_51' title="bbox 3000 2062 3086 2118; baseline 0 0"><span class='ocrx_word' id='word_1_314' title='bbox 3000 2062 3086 2118; x_wconf 88' lang='grc' dir='ltr'><strong>ΙΒ’</strong></span> 
     </span>
    </p>
   </div>
   <div class='ocr_carea' id='block_1_52' title="bbox 2371 2159 3716 2240">
    <p class='ocr_par' dir='ltr' id='par_1_52' title="bbox 2371 2159 3716 2240">
     <span class='ocr_line' id='line_1_52' title="bbox 2371 2159 3716 2240; baseline 0.001 -23"><span class='ocrx_word' id='word_1_315' title='bbox 2371 2161 2497 2230; x_wconf 82' lang='grc' dir='ltr'>Μνή</span> <span class='ocrx_word' id='word_1_316' title='bbox 2508 2181 2584 2233; x_wconf 85' lang='grc' dir='ltr'><strong>μη</strong></span> <span class='ocrx_word' id='word_1_317' title='bbox 2618 2163 2713 2216; x_wconf 81' lang='grc' dir='ltr'><strong>τοῦ</strong></span> <span class='ocrx_word' id='word_1_318' title='bbox 2744 2159 2895 2215; x_wconf 80' lang='grc' dir='ltr'>ὁσίου</span> <span class='ocrx_word' id='word_1_319' title='bbox 2925 2160 3135 2236; x_wconf 86' lang='grc' dir='ltr'>Πατρὸς</span> <span class='ocrx_word' id='word_1_320' title='bbox 3166 2162 3333 2233; x_wconf 77' lang='grc' dir='ltr'>ἡμῶν</span> <span class='ocrx_word' id='word_1_321' title='bbox 3361 2161 3716 2240; x_wconf 80' lang='grc' dir='ltr'>Ὀνουφρίου.</span> 
     </span>
    </p>
   </div>
   <div class='ocr_carea' id='block_1_53' title="bbox 2286 2267 3881 2348">
    <p class='ocr_par' dir='ltr' id='par_1_53' title="bbox 2286 2267 3881 2348">
     <span class='ocr_line' id='line_1_53' title="bbox 2286 2267 3881 2348; baseline 0.001 -24"><span class='ocrx_word' id='word_1_322' title='bbox 2286 2270 2347 2327; x_wconf 82' lang='grc' dir='ltr'><strong>Ὀ</strong></span> <span class='ocrx_word' id='word_1_323' title='bbox 2402 2268 2455 2324; x_wconf 83' lang='grc' dir='ltr'><strong>ἐν</strong></span> <span class='ocrx_word' id='word_1_324' title='bbox 2513 2267 2688 2345; x_wconf 78' lang='grc' dir='ltr'>ἁγίοις</span> <span class='ocrx_word' id='word_1_325' title='bbox 2749 2271 2936 2341; x_wconf 83' lang='grc' dir='ltr'>Πατήρ</span> <span class='ocrx_word' id='word_1_326' title='bbox 2996 2272 3158 2343; x_wconf 80' lang='grc' dir='ltr'>ἡμῶν</span> <span class='ocrx_word' id='word_1_327' title='bbox 3224 2271 3548 2347; x_wconf 73' lang='grc' dir='ltr'>Ὀνούφριος</span> <span class='ocrx_word' id='word_1_328' title='bbox 3621 2270 3881 2348; x_wconf 73' lang='grc' dir='ltr'>ὑπῆρχεν</span> 
     </span>
    </p>
   </div>
   <div class='ocr_carea' id='block_1_54' title="bbox 2219 2353 3878 2433">
    <p class='ocr_par' dir='ltr' id='par_1_54' title="bbox 2219 2353 3878 2433">
     <span class='ocr_line' id='line_1_54' title="bbox 2219 2353 3878 2433; baseline 0.002 -22"><span class='ocrx_word' id='word_1_329' title='bbox 2219 2355 2314 2429; x_wconf 70' lang='grc' dir='ltr'>μὲν</span> <span class='ocrx_word' id='word_1_330' title='bbox 2349 2354 2409 2412; x_wconf 83' lang='grc' dir='ltr'><strong>ἐκ</strong></span> <span class='ocrx_word' id='word_1_331' title='bbox 2440 2363 2537 2425; x_wconf 80' lang='grc' dir='ltr'>τῆς</span> <span class='ocrx_word' id='word_1_332' title='bbox 2568 2358 2757 2432; x_wconf 84' lang='grc' dir='ltr'>χώρας</span> <span class='ocrx_word' id='word_1_333' title='bbox 2792 2355 3090 2433; x_wconf 76' lang='grc' dir='ltr'>Αἷγύπτου·</span> <span class='ocrx_word' id='word_1_334' title='bbox 3147 2353 3386 2433; x_wconf 63' lang='grc' dir='ltr'>διέτριϐε</span> <span class='ocrx_word' id='word_1_335' title='bbox 3443 2355 3501 2413; x_wconf 65' lang='grc' dir='ltr'><strong>δὲ</strong></span> <span class='ocrx_word' id='word_1_336' title='bbox 3563 2356 3615 2412; x_wconf 84' lang='grc' dir='ltr'><strong>ἐν</strong></span> <span class='ocrx_word' id='word_1_337' title='bbox 3673 2379 3878 2415; x_wconf 84' lang='grc' dir='ltr'>κοινο-</span> 
     </span>
    </p>
   </div>
   <div class='ocr_carea' id='block_1_55' title="bbox 2216 2441 3878 2522">
    <p class='ocr_par' dir='ltr' id='par_1_55' title="bbox 2216 2441 3878 2522">
     <span class='ocr_line' id='line_1_55' title="bbox 2216 2441 3878 2522; baseline 0.001 -22"><span class='ocrx_word' id='word_1_338' title='bbox 2216 2441 2321 2518; x_wconf 75' lang='grc' dir='ltr'><strong>ϐίῳ</strong></span> <span class='ocrx_word' id='word_1_339' title='bbox 2380 2442 2708 2518; x_wconf 72' lang='grc' dir='ltr'>διακειμένῳ</span> <span class='ocrx_word' id='word_1_340' title='bbox 2766 2444 2819 2501; x_wconf 87' lang='grc' dir='ltr'><strong>ἐν</strong></span> <span class='ocrx_word' id='word_1_341' title='bbox 2878 2445 3259 2522; x_wconf 77' lang='grc' dir='ltr'>Θερμουπόλει</span> <span class='ocrx_word' id='word_1_342' title='bbox 3324 2450 3433 2501; x_wconf 81' lang='grc' dir='ltr'><strong>τῶν</strong></span> <span class='ocrx_word' id='word_1_343' title='bbox 3494 2442 3715 2518; x_wconf 73' lang='grc' dir='ltr'>Θηϐῶν.</span> <span class='ocrx_word' id='word_1_344' title='bbox 3769 2450 3878 2504; x_wconf 78' lang='grc' dir='ltr'><strong>Καὶ</strong></span> 
     </span>
    </p>
   </div>
   <div class='ocr_carea' id='block_1_56' title="bbox 2214 2533 3877 2614">
    <p class='ocr_par' dir='ltr' id='par_1_56' title="bbox 2214 2533 3877 2614">
     <span class='ocr_line' id='line_1_56' title="bbox 2214 2533 3877 2614; baseline 0 -23"><span class='ocrx_word' id='word_1_345' title='bbox 2214 2533 2446 2598; x_wconf 77' lang='grc' dir='ltr'>ἀκούσας</span> <span class='ocrx_word' id='word_1_346' title='bbox 2474 2536 2567 2592; x_wconf 89' lang='grc' dir='ltr'>τὸν</span> <span class='ocrx_word' id='word_1_347' title='bbox 2606 2535 2719 2611; x_wconf 86' lang='grc' dir='ltr'>βίον</span> <span class='ocrx_word' id='word_1_348' title='bbox 2752 2540 2861 2591; x_wconf 83' lang='grc' dir='ltr'><strong>τῶν</strong></span> <span class='ocrx_word' id='word_1_349' title='bbox 2907 2540 3203 2614; x_wconf 71' lang='grc' dir='ltr'>προφητῶν</span> <span class='ocrx_word' id='word_1_350' title='bbox 3260 2535 3459 2596; x_wconf 82' lang='grc' dir='ltr'>Ἠλίου</span> <span class='ocrx_word' id='word_1_351' title='bbox 3488 2535 3577 2592; x_wconf 72' lang='grc' dir='ltr'><strong>καί</strong></span> <span class='ocrx_word' id='word_1_352' title='bbox 3610 2538 3877 2597; x_wconf 69' lang='grc' dir='ltr'>Ἰωάννου</span> 
     </span>
    </p>
   </div>
   <div class='ocr_carea' id='block_1_57' title="bbox 2212 2622 3877 2703">
    <p class='ocr_par' dir='ltr' id='par_1_57' title="bbox 2212 2622 3877 2703">
     <span class='ocr_line' id='line_1_57' title="bbox 2212 2622 3877 2703; baseline 0.003 -22"><span class='ocrx_word' id='word_1_353' title='bbox 2212 2630 2309 2681; x_wconf 89' lang='grc' dir='ltr'><strong>τοῦ</strong></span> <span class='ocrx_word' id='word_1_354' title='bbox 2339 2622 2691 2702; x_wconf 80' lang='grc' dir='ltr'>Προδρόμου,</span> <span class='ocrx_word' id='word_1_355' title='bbox 2717 2627 2807 2681; x_wconf 84' lang='grc' dir='ltr'><strong>καὶ</strong></span> <span class='ocrx_word' id='word_1_356' title='bbox 2842 2626 3121 2698; x_wconf 79' lang='grc' dir='ltr'>ζηλώσας,</span> <span class='ocrx_word' id='word_1_357' title='bbox 3153 2626 3381 2702; x_wconf 81' lang='grc' dir='ltr'>ἐξελθὼν</span> <span class='ocrx_word' id='word_1_358' title='bbox 3409 2632 3505 2684; x_wconf 88' lang='grc' dir='ltr'><strong>τοῦ</strong></span> <span class='ocrx_word' id='word_1_359' title='bbox 3562 2624 3877 2703; x_wconf 75' lang='grc' dir='ltr'>κοινοὸίου,</span> 
     </span>
    </p>
   </div>
   <div class='ocr_carea' id='block_1_58' title="bbox 2213 2714 3877 2793">
    <p class='ocr_par' dir='ltr' id='par_1_58' title="bbox 2213 2714 3877 2793">
     <span class='ocr_line' id='line_1_58' title="bbox 2213 2714 3877 2793; baseline 0.003 -21"><span class='ocrx_word' id='word_1_360' title='bbox 2213 2714 2396 2790; x_wconf 82' lang='grc' dir='ltr'>ᾤκησε</span> <span class='ocrx_word' id='word_1_361' title='bbox 2423 2718 2523 2786; x_wconf 76' lang='grc' dir='ltr'>τήν</span> <span class='ocrx_word' id='word_1_362' title='bbox 2560 2714 2771 2793; x_wconf 70' lang='grc' dir='ltr'>ἔρημον</span> <span class='ocrx_word' id='word_1_363' title='bbox 2828 2716 2914 2772; x_wconf 86' lang='grc' dir='ltr'><strong>ἐπὶ</strong></span> <span class='ocrx_word' id='word_1_364' title='bbox 2975 2715 3067 2788; x_wconf 76' lang='grc' dir='ltr'>ἔτη</span> <span class='ocrx_word' id='word_1_365' title='bbox 3129 2716 3409 2790; x_wconf 78' lang='grc' dir='ltr'>ἐξήκοντα,</span> <span class='ocrx_word' id='word_1_366' title='bbox 3469 2716 3755 2783; x_wconf 66' lang='grc' dir='ltr'>ἄνθρωπον</span> <span class='ocrx_word' id='word_1_367' title='bbox 3812 2721 3877 2777; x_wconf 81' lang='grc' dir='ltr'>τὸ</span> 
     </span>
    </p>
   </div>
   <div class='ocr_carea' id='block_1_59' title="bbox 2214 2804 3876 2884">
    <p class='ocr_par' dir='ltr' id='par_1_59' title="bbox 2214 2804 3876 2884">
     <span class='ocr_line' id='line_1_59' title="bbox 2214 2804 3876 2884; baseline 0.002 -22"><span class='ocrx_word' id='word_1_368' title='bbox 2214 2804 2444 2862; x_wconf 70' lang='grc' dir='ltr'>σύνολον</span> <span class='ocrx_word' id='word_1_369' title='bbox 2482 2808 2559 2880; x_wconf 75' lang='grc' dir='ltr'>μὴ</span> <span class='ocrx_word' id='word_1_370' title='bbox 2594 2806 2871 2882; x_wconf 71' lang='grc' dir='ltr'>ἑωρακώς·</span> <span class='ocrx_word' id='word_1_371' title='bbox 2929 2809 3189 2884; x_wconf 81' lang='grc' dir='ltr'>Μοναχὸς</span> <span class='ocrx_word' id='word_1_372' title='bbox 3253 2805 3312 2864; x_wconf 73' lang='grc' dir='ltr'><em>δὲ</em></span> <span class='ocrx_word' id='word_1_373' title='bbox 3364 2829 3469 2878; x_wconf 90' lang='grc' dir='ltr'>τις,</span> <span class='ocrx_word' id='word_1_374' title='bbox 3530 2809 3876 2884; x_wconf 73' lang='grc' dir='ltr'>Παφνούτιος</span> 
     </span>
    </p>
   </div>
   <div class='ocr_carea' id='block_1_60' title="bbox 2213 2893 3874 2972">
    <p class='ocr_par' dir='ltr' id='par_1_60' title="bbox 2213 2893 3874 2972">
     <span class='ocr_line' id='line_1_60' title="bbox 2213 2893 3874 2972; baseline 0.004 -22"><span class='ocrx_word' id='word_1_375' title='bbox 2213 2893 2410 2970; x_wconf 73' lang='grc' dir='ltr'>ὄνομα,</span> <span class='ocrx_word' id='word_1_376' title='bbox 2452 2898 2716 2972; x_wconf 76' lang='grc' dir='ltr'>χωρήσας</span> <span class='ocrx_word' id='word_1_377' title='bbox 2767 2894 2822 2960; x_wconf 80' lang='grc' dir='ltr'><strong>ἐς</strong></span> <span class='ocrx_word' id='word_1_378' title='bbox 2866 2898 2935 2952; x_wconf 82' lang='grc' dir='ltr'><strong>τὰ</strong></span> <span class='ocrx_word' id='word_1_379' title='bbox 2983 2894 3240 2953; x_wconf 85' lang='grc' dir='ltr'>ἐνδότατα</span> <span class='ocrx_word' id='word_1_380' title='bbox 3280 2904 3382 2968; x_wconf 82' lang='grc' dir='ltr'>τῆς</span> <span class='ocrx_word' id='word_1_381' title='bbox 3436 2896 3649 2972; x_wconf 82' lang='grc' dir='ltr'>ἐρήμου</span> <span class='ocrx_word' id='word_1_382' title='bbox 3709 2898 3874 2957; x_wconf 77' lang='grc' dir='ltr'>εὐλο-</span> 
     </span>
    </p>
   </div>
   <div class='ocr_carea' id='block_1_61' title="bbox 2210 2983 3874 3064">
    <p class='ocr_par' dir='ltr' id='par_1_61' title="bbox 2210 2983 3874 3064">
     <span class='ocr_line' id='line_1_61' title="bbox 2210 2983 3874 3064; baseline 0.003 -23"><span class='ocrx_word' id='word_1_383' title='bbox 2210 2988 2448 3064; x_wconf 71' lang='grc' dir='ltr'>γηθῆναι</span> <span class='ocrx_word' id='word_1_384' title='bbox 2493 2986 2598 3043; x_wconf 75' lang='grc' dir='ltr'>ὑπὸ</span> <span class='ocrx_word' id='word_1_385' title='bbox 2651 2985 2819 3062; x_wconf 82' lang='grc' dir='ltr'>ἁγίων</span> <span class='ocrx_word' id='word_1_386' title='bbox 2862 2983 3094 3062; x_wconf 70' lang='grc' dir='ltr'>ἃνδρῶν,</span> <span class='ocrx_word' id='word_1_387' title='bbox 3155 2987 3303 3063; x_wconf 78' lang='grc' dir='ltr'>εὗρεν</span> <span class='ocrx_word' id='word_1_388' title='bbox 3367 2986 3551 3061; x_wconf 78' lang='grc' dir='ltr'>αὐτὸν,</span> <span class='ocrx_word' id='word_1_389' title='bbox 3597 2987 3687 3046; x_wconf 85' lang='grc' dir='ltr'><strong>καὶ</strong></span> <span class='ocrx_word' id='word_1_390' title='bbox 3734 2991 3874 3046; x_wconf 86' lang='grc' dir='ltr'>καθ-</span> 
     </span>
    </p>
   </div>
   <div class='ocr_carea' id='block_1_62' title="bbox 2218 3074 3870 3153">
    <p class='ocr_par' dir='ltr' id='par_1_62' title="bbox 2218 3074 3870 3153">
     <span class='ocr_line' id='line_1_62' title="bbox 2218 3074 3870 3153; baseline 0.002 -21"><span class='ocrx_word' id='word_1_391' title='bbox 2218 3077 2333 3140; x_wconf 83' lang='grc' dir='ltr'>ίσας</span> <span class='ocrx_word' id='word_1_392' title='bbox 2388 3074 2626 3147; x_wconf 76' lang='grc' dir='ltr'>πλησίον</span> <span class='ocrx_word' id='word_1_393' title='bbox 2688 3075 2877 3147; x_wconf 80' lang='grc' dir='ltr'>αὐτοῦ,</span> <span class='ocrx_word' id='word_1_394' title='bbox 2936 3075 3305 3153; x_wconf 79' lang='grc' dir='ltr'>παρεκάλεσεν</span> <span class='ocrx_word' id='word_1_395' title='bbox 3380 3076 3567 3149; x_wconf 75' lang='grc' dir='ltr'>αὐτὸν,</span> <span class='ocrx_word' id='word_1_396' title='bbox 3648 3080 3870 3137; x_wconf 79' lang='grc' dir='ltr'>εἰπόντα</span> 
     </span>
    </p>
   </div>
   <div class='ocr_carea' id='block_1_63' title="bbox 2210 3165 3868 3245">
    <p class='ocr_par' dir='ltr' id='par_1_63' title="bbox 2210 3165 3868 3245">
     <span class='ocr_line' id='line_1_63' title="bbox 2210 3165 3868 3245; baseline 0.001 -24"><span class='ocrx_word' id='word_1_397' title='bbox 2210 3167 2515 3227; x_wconf 83' lang='grc' dir='ltr'>καὶτοῦτο.</span> <span class='ocrx_word' id='word_1_398' title='bbox 2556 3166 2639 3220; x_wconf 81' lang='grc' dir='ltr'>ὃτι</span> <span class='ocrx_word' id='word_1_399' title='bbox 2701 3172 2898 3229; x_wconf 48' lang='grc' dir='ltr'>Πιντες</span> <span class='ocrx_word' id='word_1_400' title='bbox 2956 3166 3006 3221; x_wconf 71' lang='grc' dir='ltr'>οἱ</span> <span class='ocrx_word' id='word_1_401' title='bbox 3068 3165 3118 3222; x_wconf 88' lang='grc' dir='ltr'><strong>ἐν</strong></span> <span class='ocrx_word' id='word_1_402' title='bbox 3178 3170 3247 3241; x_wconf 82' lang='grc' dir='ltr'>τῇ</span> <span class='ocrx_word' id='word_1_403' title='bbox 3304 3166 3501 3243; x_wconf 84' lang='grc' dir='ltr'>ἐρήμῳ</span> <span class='ocrx_word' id='word_1_404' title='bbox 3555 3168 3868 3245; x_wconf 76' lang='grc' dir='ltr'>τρεφόμεθα</span> 
     </span>
    </p>
   </div>
   <div class='ocr_carea' id='block_1_64' title="bbox 438 3253 2094 3332">
    <p class='ocr_par' dir='ltr' id='par_1_64' title="bbox 438 3255 2094 3329">
     <span class='ocr_line' id='line_1_64' title="bbox 438 3255 2094 3329; baseline -0.001 -14"><span class='ocrx_word' id='word_1_405' title='bbox 438 3256 591 3315; x_wconf 90' lang='lat' dir='ltr'><strong>illud</strong></span> <span class='ocrx_word' id='word_1_406' title='bbox 618 3255 997 3313; x_wconf 85' lang='lat' dir='ltr'><strong>intervallum</strong></span> <span class='ocrx_word' id='word_1_407' title='bbox 1032 3258 1320 3313; x_wconf 87' lang='lat' dir='ltr'><strong>hactenus</strong></span> <span class='ocrx_word' id='word_1_408' title='bbox 1376 3256 1738 3322; x_wconf 83' lang='lat' dir='ltr'><strong>acciderant,</strong></span> <span class='ocrx_word' id='word_1_409' title='bbox 1788 3258 2094 3329; x_wconf 85' lang='lat' dir='ltr'><strong>respondit</strong></span> 
     </span>
    </p>
   </div>
   <div class='ocr_carea' id='block_1_65' title="bbox 2209 3253 3860 3332">
    <p class='ocr_par' dir='ltr' id='par_1_65' title="bbox 2213 3253 3860 3332">
     <span class='ocr_line' id='line_1_65' title="bbox 2213 3253 3860 3332; baseline 0.001 -21"><span class='ocrx_word' id='word_1_410' title='bbox 2213 3256 2318 3312; x_wconf 80' lang='grc' dir='ltr'><strong>ἀπὸ</strong></span> <span class='ocrx_word' id='word_1_411' title='bbox 2347 3261 2455 3312; x_wconf 79' lang='grc' dir='ltr'><strong>τῶν</strong></span> <span class='ocrx_word' id='word_1_412' title='bbox 2493 3256 2759 3332; x_wconf 83' lang='grc' dir='ltr'>βοτανῶν·</span> <span class='ocrx_word' id='word_1_413' title='bbox 2803 3258 2904 3325; x_wconf 78' lang='grc' dir='ltr'>τήν</span> <span class='ocrx_word' id='word_1_414' title='bbox 2962 3253 3021 3311; x_wconf 69' lang='grc' dir='ltr'><strong>δὲ</strong></span> <span class='ocrx_word' id='word_1_415' title='bbox 3077 3256 3229 3332; x_wconf 80' lang='grc' dir='ltr'>ἁγίαν</span> <span class='ocrx_word' id='word_1_416' title='bbox 3287 3257 3567 3313; x_wconf 81' lang='grc' dir='ltr'>κοινωνίαν</span> <span class='ocrx_word' id='word_1_417' title='bbox 3623 3258 3860 3330; x_wconf 77' lang='grc' dir='ltr'>κομιζόο</span> 
     </span>
    </p>
   </div>
   <div class='ocr_carea' id='block_1_66' title="bbox 438 3346 2094 3421">
    <p class='ocr_par' dir='ltr' id='par_1_66' title="bbox 438 3346 2094 3421">
     <span class='ocr_line' id='line_1_66' title="bbox 438 3346 2094 3421; baseline 0 -16"><span class='ocrx_word' id='word_1_418' title='bbox 438 3346 825 3421; x_wconf 85' lang='lat' dir='ltr'><strong>Onuphrius:</strong></span> <span class='ocrx_word' id='word_1_419' title='bbox 860 3347 1081 3404; x_wconf 89' lang='lat' dir='ltr'><strong>Omnes</strong></span> <span class='ocrx_word' id='word_1_420' title='bbox 1104 3347 1205 3420; x_wconf 92' lang='lat' dir='ltr'><strong>qui</strong></span> <span class='ocrx_word' id='word_1_421' title='bbox 1229 3362 1497 3402; x_wconf 82' lang='lat' dir='ltr'><strong>eremum</strong></span> <span class='ocrx_word' id='word_1_422' title='bbox 1520 3346 1796 3409; x_wconf 84' lang='lat' dir='ltr'><strong>colimus.</strong></span> <span class='ocrx_word' id='word_1_423' title='bbox 1831 3348 2094 3405; x_wconf 79' lang='lat' dir='ltr'><strong>oleribus</strong></span> 
     </span>
    </p>
   </div>
   <div class='ocr_carea' id='block_1_67' title="bbox 434 3437 2093 3511">
    <p class='ocr_par' dir='ltr' id='par_1_67' title="bbox 434 3437 2093 3511">
     <span class='ocr_line' id='line_1_67' title="bbox 434 3437 2093 3511; baseline 0.002 -19"><span class='ocrx_word' id='word_1_424' title='bbox 434 3438 762 3498; x_wconf 82' lang='lat' dir='ltr'><strong>vescimur:</strong></span> <span class='ocrx_word' id='word_1_425' title='bbox 787 3453 1018 3495; x_wconf 88' lang='lat' dir='ltr'><strong>sacram</strong></span> <span class='ocrx_word' id='word_1_426' title='bbox 1035 3443 1234 3494; x_wconf 89' lang='lat' dir='ltr'><strong>autem</strong></span> <span class='ocrx_word' id='word_1_427' title='bbox 1251 3437 1746 3494; x_wconf 88' lang='lat' dir='ltr'><strong>Communiouem</strong></span> <span class='ocrx_word' id='word_1_428' title='bbox 1777 3437 1851 3495; x_wconf 89' lang='lat' dir='ltr'><strong>ab</strong></span> <span class='ocrx_word' id='word_1_429' title='bbox 1881 3439 2093 3511; x_wconf 80' lang='lat' dir='ltr'><strong>angelo</strong></span> 
     </span>
    </p>
   </div>
   <div class='ocr_carea' id='block_1_68' title="bbox 436 3527 2092 3603">
    <p class='ocr_par' dir='ltr' id='par_1_68' title="bbox 436 3527 2092 3603">
     <span class='ocr_line' id='line_1_68' title="bbox 436 3527 2092 3603; baseline 0 -19"><span class='ocrx_word' id='word_1_430' title='bbox 436 3527 1115 3603; x_wconf 81' lang='lat' dir='ltr'><strong>accipimus.Recessum</strong></span> <span class='ocrx_word' id='word_1_431' title='bbox 1144 3528 1458 3599; x_wconf 88' lang='lat' dir='ltr'><strong>porrojam</strong></span> <span class='ocrx_word' id='word_1_432' title='bbox 1472 3527 1789 3583; x_wconf 83' lang='lat' dir='ltr'><strong>meditanti</strong></span> <span class='ocrx_word' id='word_1_433' title='bbox 1816 3529 2092 3601; x_wconf 87' lang='lat' dir='ltr'><strong>Paphnu-</strong></span> 
     </span>
    </p>
   </div>
   <div class='ocr_carea' id='block_1_69' title="bbox 2208 3343 3860 3423">
    <p class='ocr_par' dir='ltr' id='par_1_69' title="bbox 2208 3343 3860 3423">
     <span class='ocr_line' id='line_1_69' title="bbox 2208 3343 3860 3423; baseline -0.001 -22"><span class='ocrx_word' id='word_1_434' title='bbox 2208 3358 2346 3420; x_wconf 85' lang='grc' dir='ltr'>μεθα</span> <span class='ocrx_word' id='word_1_435' title='bbox 2375 3345 2478 3401; x_wconf 81' lang='grc' dir='ltr'>ὑπὸ</span> <span class='ocrx_word' id='word_1_436' title='bbox 2509 3344 2768 3420; x_wconf 66' lang='grc' dir='ltr'>ἀγγέλου.</span> <span class='ocrx_word' id='word_1_437' title='bbox 2822 3343 3046 3403; x_wconf 65' lang='grc' dir='ltr'>Θέλοντι</span> <span class='ocrx_word' id='word_1_438' title='bbox 3104 3343 3162 3400; x_wconf 77' lang='grc' dir='ltr'><strong>δὲ</strong></span> <span class='ocrx_word' id='word_1_439' title='bbox 3211 3346 3568 3423; x_wconf 76' lang='grc' dir='ltr'>ὑποχωρῆσαι</span> <span class='ocrx_word' id='word_1_440' title='bbox 3615 3349 3696 3418; x_wconf 80' lang='grc' dir='ltr'>τῷ</span> <span class='ocrx_word' id='word_1_441' title='bbox 3749 3347 3860 3401; x_wconf 80' lang='grc' dir='ltr'><strong>[ἶὰ-</strong></span> 
     </span>
    </p>
   </div>
   <div class='ocr_carea' id='block_1_70' title="bbox 2204 3435 3862 3515">
    <p class='ocr_par' dir='ltr' id='par_1_70' title="bbox 2204 3435 3862 3515">
     <span class='ocr_line' id='line_1_70' title="bbox 2204 3435 3862 3515; baseline 0 -26"><span class='ocrx_word' id='word_1_442' title='bbox 2204 3438 2466 3514; x_wconf 69' lang='grc' dir='ltr'>φνουτίῳ.</span> <span class='ocrx_word' id='word_1_443' title='bbox 2501 3437 2647 3490; x_wconf 83' lang='grc' dir='ltr'>εἷπεν</span> <span class='ocrx_word' id='word_1_444' title='bbox 2683 3437 2711 3491; x_wconf 88' lang='grc' dir='ltr'>ὁ</span> <span class='ocrx_word' id='word_1_445' title='bbox 2744 3435 3084 3515; x_wconf 66' lang='grc' dir='ltr'>Ὀνο-Βφριοε.</span> <span class='ocrx_word' id='word_1_446' title='bbox 3119 3442 3338 3506; x_wconf 79' lang='grc' dir='ltr'>Μεῖνον,</span> <span class='ocrx_word' id='word_1_447' title='bbox 3361 3436 3568 3500; x_wconf 73' lang='grc' dir='ltr'>τέκνον,</span> <span class='ocrx_word' id='word_1_448' title='bbox 3592 3438 3862 3512; x_wconf 77' lang='grc' dir='ltr'>σήμερον,</span> 
     </span>
    </p>
   </div>
   <div class='ocr_carea' id='block_1_71' title="bbox 2202 3525 3870 3600">
    <p class='ocr_par' dir='ltr' id='par_1_71' title="bbox 2202 3525 3870 3600">
     <span class='ocr_line' id='line_1_71' title="bbox 2202 3525 3870 3600; baseline 0 -18"><span class='ocrx_word' id='word_1_449' title='bbox 2202 3526 2286 3582; x_wconf 78' lang='grc' dir='ltr'><strong>ὅτι</strong></span> <span class='ocrx_word' id='word_1_450' title='bbox 2317 3529 2659 3599; x_wconf 70' lang='grc' dir='ltr'>τελειοῦμαι,</span> <span class='ocrx_word' id='word_1_451' title='bbox 2693 3526 2781 3580; x_wconf 72' lang='grc' dir='ltr'><strong>καὶ</strong></span> <span class='ocrx_word' id='word_1_452' title='bbox 2812 3525 2979 3600; x_wconf 69' lang='grc' dir='ltr'>θάψον</span> <span class='ocrx_word' id='word_1_453' title='bbox 3015 3547 3103 3599; x_wconf 84' lang='grc' dir='ltr'>με.</span> <span class='ocrx_word' id='word_1_454' title='bbox 3139 3526 3238 3583; x_wconf 74' lang='grc' dir='ltr'>Καὶ</span> <span class='ocrx_word' id='word_1_455' title='bbox 3296 3530 3465 3582; x_wconf 79' lang='grc' dir='ltr'>ταῦτα</span> <span class='ocrx_word' id='word_1_456' title='bbox 3521 3525 3717 3596; x_wconf 75' lang='grc' dir='ltr'>εῒπὼν,</span> <span class='ocrx_word' id='word_1_457' title='bbox 3772 3526 3870 3582; x_wconf 79' lang='grc' dir='ltr'><strong>καὶ</strong></span> 
     </span>
    </p>
   </div>
   <div class='ocr_carea' id='block_1_72' title="bbox 433 3612 2094 3693">
    <p class='ocr_par' dir='ltr' id='par_1_72' title="bbox 433 3615 2092 3688">
     <span class='ocr_line' id='line_1_72' title="bbox 433 3615 2092 3688; baseline 0.001 -15"><span class='ocrx_word' id='word_1_458' title='bbox 433 3615 539 3686; x_wconf 83' lang='lat' dir='ltr'><strong>tio,</strong></span> <span class='ocrx_word' id='word_1_459' title='bbox 573 3616 830 3688; x_wconf 81' lang='lat' dir='ltr'><strong>subjecit</strong></span> <span class='ocrx_word' id='word_1_460' title='bbox 857 3615 1201 3688; x_wconf 90' lang='lat' dir='ltr'><strong>Onuphrius</strong></span> <span class='ocrx_word' id='word_1_461' title='bbox 1228 3631 1243 3670; x_wconf 89' lang='lat'><strong>:</strong></span> <span class='ocrx_word' id='word_1_462' title='bbox 1269 3616 1459 3685; x_wconf 88' lang='lat' dir='ltr'><strong>Mane,</strong></span> <span class='ocrx_word' id='word_1_463' title='bbox 1484 3616 1792 3679; x_wconf 85' lang='lat' dir='ltr'><strong>ﬂli,adhuc</strong></span> <span class='ocrx_word' id='word_1_464' title='bbox 1815 3623 1873 3674; x_wconf 90' lang='lat' dir='ltr'><strong>et</strong></span> <span class='ocrx_word' id='word_1_465' title='bbox 1892 3617 2092 3687; x_wconf 91' lang='lat' dir='ltr'><strong>hodie,</strong></span> 
     </span>
    </p>
   </div>
   <div class='ocr_carea' id='block_1_73' title="bbox 2209 3612 3864 3693">
    <p class='ocr_par' dir='ltr' id='par_1_73' title="bbox 2209 3612 3864 3693">
     <span class='ocr_line' id='line_1_73' title="bbox 2209 3612 3864 3693; baseline -0.001 -21"><span class='ocrx_word' id='word_1_466' title='bbox 2209 3613 2537 3684; x_wconf 74' lang='grc' dir='ltr'>τελειωθεὶς,</span> <span class='ocrx_word' id='word_1_467' title='bbox 2586 3615 2753 3693; x_wconf 76' lang='grc' dir='ltr'>ἐτάφη</span> <span class='ocrx_word' id='word_1_468' title='bbox 2812 3614 2864 3670; x_wconf 81' lang='grc' dir='ltr'><strong>ἐν</strong></span> <span class='ocrx_word' id='word_1_469' title='bbox 2924 3612 3095 3688; x_wconf 73' lang='grc' dir='ltr'>πέτρᾳ</span> <span class='ocrx_word' id='word_1_470' title='bbox 3151 3615 3469 3679; x_wconf 80' lang='grc' dir='ltr'>σκεπασθεὶς</span> <span class='ocrx_word' id='word_1_471' title='bbox 3522 3619 3603 3689; x_wconf 81' lang='grc' dir='ltr'>τῷ</span> <span class='ocrx_word' id='word_1_472' title='bbox 3671 3616 3864 3690; x_wconf 71' lang='grc' dir='ltr'>ἡμίσει</span> 
     </span>
    </p>
   </div>
   <div class='ocr_carea' id='block_1_74' title="bbox 433 3704 2091 3779">
    <p class='ocr_par' dir='ltr' id='par_1_74' title="bbox 433 3704 2091 3779">
     <span class='ocr_line' id='line_1_74' title="bbox 433 3704 2091 3779; baseline 0.001 -17"><span class='ocrx_word' id='word_1_473' title='bbox 433 3721 717 3779; x_wconf 80' lang='lat' dir='ltr'><strong>quoniam</strong></span> <span class='ocrx_word' id='word_1_474' title='bbox 749 3705 888 3762; x_wconf 84' lang='lat' dir='ltr'><strong>ﬂuis</strong></span> <span class='ocrx_word' id='word_1_475' title='bbox 919 3705 1051 3760; x_wconf 75' lang='lat' dir='ltr'><strong>vitas</strong></span> <span class='ocrx_word' id='word_1_476' title='bbox 1084 3720 1233 3760; x_wconf 69' lang='lat' dir='ltr'><strong>meas</strong></span> <span class='ocrx_word' id='word_1_477' title='bbox 1265 3704 1469 3773; x_wconf 84' lang='lat' dir='ltr'><strong>instat,</strong></span> <span class='ocrx_word' id='word_1_478' title='bbox 1501 3722 1717 3779; x_wconf 90' lang='lat' dir='ltr'><strong>meque</strong></span> <span class='ocrx_word' id='word_1_479' title='bbox 1771 3708 2091 3779; x_wconf 72' lang='lat' dir='ltr'><strong>sepulturas</strong></span> 
     </span>
    </p>
   </div>
   <div class='ocr_carea' id='block_1_75' title="bbox 2200 3702 3201 3784">
    <p class='ocr_par' dir='ltr' id='par_1_75' title="bbox 2200 3702 3201 3784">
     <span class='ocr_line' id='line_1_75' title="bbox 2200 3702 3201 3784; baseline 0.003 -24"><span class='ocrx_word' id='word_1_480' title='bbox 2200 3709 2298 3760; x_wconf 89' lang='grc' dir='ltr'><strong>τοῦ</strong></span> <span class='ocrx_word' id='word_1_481' title='bbox 2332 3702 2693 3784; x_wconf 73' lang='grc' dir='ltr'>Ιιαφνουτίου·</span> <span class='ocrx_word' id='word_1_482' title='bbox 2729 3705 2943 3781; x_wconf 76' lang='grc' dir='ltr'>γυμνὸς</span> <span class='ocrx_word' id='word_1_483' title='bbox 2971 3706 3076 3780; x_wconf 83' lang='grc' dir='ltr'><strong>γὰρ</strong></span> <span class='ocrx_word' id='word_1_484' title='bbox 3109 3706 3201 3778; x_wconf 78' lang='grc' dir='ltr'><strong>ἦν.</strong></span> 
     </span>
    </p>
   </div>
   <div class='ocr_carea' id='block_1_76' title="bbox 432 3793 3873 3874">
    <p class='ocr_par' dir='ltr' id='par_1_76' title="bbox 432 3793 3873 3874">
     <span class='ocr_line' id='line_1_76' title="bbox 432 3793 3873 3874; baseline 0.001 -21"><span class='ocrx_word' id='word_1_485' title='bbox 432 3795 672 3853; x_wconf 86' lang='lat' dir='ltr'><strong>manda.</strong></span> <span class='ocrx_word' id='word_1_486' title='bbox 705 3797 898 3867; x_wconf 77' lang='lat' dir='ltr'><strong>Atque</strong></span> <span class='ocrx_word' id='word_1_487' title='bbox 926 3794 1055 3851; x_wconf 65' lang='lat' dir='ltr'><strong>hac</strong></span> <span class='ocrx_word' id='word_1_488' title='bbox 1083 3793 1451 3867; x_wconf 89' lang='lat' dir='ltr'><strong>prolocutus,</strong></span> <span class='ocrx_word' id='word_1_489' title='bbox 1498 3801 1743 3868; x_wconf 88' lang='lat' dir='ltr'><strong>repente</strong></span> <span class='ocrx_word' id='word_1_490' title='bbox 1798 3798 2135 3871; x_wconf 84' lang='lat' dir='ltr'><strong>exspiravit,</strong></span> <span class='ocrx_word' id='word_1_491' title='bbox 2184 3797 2573 3871; x_wconf 88' lang='lat' dir='ltr'><strong>sepultusque</strong></span> <span class='ocrx_word' id='word_1_492' title='bbox 2622 3802 2713 3855; x_wconf 91' lang='lat' dir='ltr'><strong>est</strong></span> <span class='ocrx_word' id='word_1_493' title='bbox 2761 3797 2822 3854; x_wconf 90' lang='lat' dir='ltr'><strong>in</strong></span> <span class='ocrx_word' id='word_1_494' title='bbox 2860 3804 3049 3871; x_wconf 89' lang='lat' dir='ltr'><strong>petra,</strong></span> <span class='ocrx_word' id='word_1_495' title='bbox 3094 3803 3335 3870; x_wconf 90' lang='lat' dir='ltr'><strong>opertus</strong></span> <span class='ocrx_word' id='word_1_496' title='bbox 3385 3797 3636 3855; x_wconf 90' lang='lat' dir='ltr'><strong>dimidio</strong></span> <span class='ocrx_word' id='word_1_497' title='bbox 3696 3798 3873 3874; x_wconf 84' lang='lat' dir='ltr'><strong>pallii</strong></span> 
     </span>
    </p>
   </div>
   <div class='ocr_carea' id='block_1_77' title="bbox 435 3882 1688 3957">
    <p class='ocr_par' dir='ltr' id='par_1_77' title="bbox 435 3882 1688 3957">
     <span class='ocr_line' id='line_1_77' title="bbox 435 3882 1688 3957; baseline 0.001 -16"><span class='ocrx_word' id='word_1_498' title='bbox 435 3884 706 3957; x_wconf 83' lang='lat' dir='ltr'><strong>ejusdem</strong></span> <span class='ocrx_word' id='word_1_499' title='bbox 741 3883 1088 3957; x_wconf 88' lang='lat' dir='ltr'><strong>Paphnutii:</strong></span> <span class='ocrx_word' id='word_1_500' title='bbox 1121 3882 1319 3942; x_wconf 90' lang='lat' dir='ltr'><strong>nudus</strong></span> <span class='ocrx_word' id='word_1_501' title='bbox 1350 3883 1511 3941; x_wconf 89' lang='lat' dir='ltr'><strong>enim</strong></span> <span class='ocrx_word' id='word_1_502' title='bbox 1542 3890 1688 3943; x_wconf 87' lang='lat' dir='ltr'><strong>erat.</strong></span> 
     </span>
    </p>
   </div>
   <div class='ocr_carea' id='block_1_78' title="bbox 629 3981 1875 4055">
    <p class='ocr_par' dir='ltr' id='par_1_78' title="bbox 629 3981 1875 4055">
     <span class='ocr_line' id='line_1_78' title="bbox 629 3981 1875 4055; baseline -0.002 -17"><span class='ocrx_word' id='word_1_503' title='bbox 629 3984 704 4038; x_wconf 81' lang='lat' dir='ltr'><strong>Et</strong></span> <span class='ocrx_word' id='word_1_504' title='bbox 732 3986 1004 4038; x_wconf 76' lang='lat' dir='ltr'><strong>certamen</strong></span> <span class='ocrx_word' id='word_1_505' title='bbox 1031 3987 1238 4039; x_wconf 62' lang='lat' dir='ltr'><strong>sanctw</strong></span> <span class='ocrx_word' id='word_1_506' title='bbox 1265 3981 1560 4040; x_wconf 70' lang='lat' dir='ltr'><strong>Antoninae</strong></span> <span class='ocrx_word' id='word_1_507' title='bbox 1592 3985 1875 4055; x_wconf 80' lang='lat' dir='ltr'><strong>martyris.</strong></span> 
     </span>
    </p>
   </div>
   <div class='ocr_carea' id='block_1_79' title="bbox 501 4079 2093 4155">
    <p class='ocr_par' dir='ltr' id='par_1_79' title="bbox 501 4079 2093 4155">
     <span class='ocr_line' id='line_1_79' title="bbox 501 4079 2093 4155; baseline 0 -16"><span class='ocrx_word' id='word_1_508' title='bbox 501 4081 720 4155; x_wconf 76' lang='lat' dir='ltr'><strong>Martyr</strong></span> <span class='ocrx_word' id='word_1_509' title='bbox 748 4079 963 4138; x_wconf 88' lang='lat' dir='ltr'><strong>Christi</strong></span> <span class='ocrx_word' id='word_1_510' title='bbox 1010 4080 1336 4150; x_wconf 79' lang='lat' dir='ltr'><strong>Antonina,</strong></span> <span class='ocrx_word' id='word_1_511' title='bbox 1379 4080 1752 4138; x_wconf 89' lang='lat' dir='ltr'><strong>Diocletiano</strong></span> <span class='ocrx_word' id='word_1_512' title='bbox 1802 4088 1863 4138; x_wconf 90' lang='lat' dir='ltr'><strong>et</strong></span> <span class='ocrx_word' id='word_1_513' title='bbox 1909 4083 2093 4139; x_wconf 84' lang='lat' dir='ltr'><strong>Maxi-</strong></span> 
     </span>
    </p>
   </div>
   <div class='ocr_carea' id='block_1_80' title="bbox 430 4168 2087 4244">
    <p class='ocr_par' dir='ltr' id='par_1_80' title="bbox 430 4168 2087 4244">
     <span class='ocr_line' id='line_1_80' title="bbox 430 4168 2087 4244; baseline -0.001 -15"><span class='ocrx_word' id='word_1_514' title='bbox 430 4171 633 4229; x_wconf 88' lang='lat' dir='ltr'><strong>miano</strong></span> <span class='ocrx_word' id='word_1_515' title='bbox 663 4168 1120 4244; x_wconf 87' lang='lat' dir='ltr'><strong>imperantibus,</strong></span> <span class='ocrx_word' id='word_1_516' title='bbox 1155 4170 1363 4226; x_wconf 72' lang='lat' dir='ltr'><strong>Nicaeae</strong></span> <span class='ocrx_word' id='word_1_517' title='bbox 1391 4170 1626 4227; x_wconf 88' lang='lat' dir='ltr'><strong>claruit.</strong></span> <span class='ocrx_word' id='word_1_518' title='bbox 1688 4169 1771 4227; x_wconf 91' lang='lat' dir='ltr'><strong>Ob</strong></span> <span class='ocrx_word' id='word_1_519' title='bbox 1805 4170 2087 4228; x_wconf 89' lang='lat' dir='ltr'><strong>Christia-</strong></span> 
     </span>
    </p>
   </div>
   <div class='ocr_carea' id='block_1_81' title="bbox 430 4259 2089 4333">
    <p class='ocr_par' dir='ltr' id='par_1_81' title="bbox 430 4259 2089 4333">
     <span class='ocr_line' id='line_1_81' title="bbox 430 4259 2089 4333; baseline -0.002 -13"><span class='ocrx_word' id='word_1_520' title='bbox 430 4278 574 4320; x_wconf 85' lang='lat' dir='ltr'><strong>nam</strong></span> <span class='ocrx_word' id='word_1_521' title='bbox 589 4278 728 4319; x_wconf 86' lang='lat' dir='ltr'><strong>vero</strong></span> <span class='ocrx_word' id='word_1_522' title='bbox 755 4259 939 4318; x_wconf 83' lang='lat' dir='ltr'><strong>ﬁdem</strong></span> <span class='ocrx_word' id='word_1_523' title='bbox 958 4265 1132 4333; x_wconf 87' lang='lat' dir='ltr'><strong>capta</strong></span> <span class='ocrx_word' id='word_1_524' title='bbox 1159 4275 1195 4317; x_wconf 88' lang='lat' dir='ltr'><strong>a</strong></span> <span class='ocrx_word' id='word_1_525' title='bbox 1224 4259 1500 4332; x_wconf 77' lang='lat' dir='ltr'><strong>praeside,</strong></span> <span class='ocrx_word' id='word_1_526' title='bbox 1534 4259 1788 4332; x_wconf 87' lang='lat' dir='ltr'><strong>ﬂagellis</strong></span> <span class='ocrx_word' id='word_1_527' title='bbox 1819 4277 1993 4329; x_wconf 65' lang='lat' dir='ltr'><strong>cassa,</strong></span> <span class='ocrx_word' id='word_1_528' title='bbox 2026 4260 2089 4317; x_wconf 92' lang='lat' dir='ltr'><strong>in</strong></span> 
     </span>
    </p>
   </div>
   <div class='ocr_carea' id='block_1_82' title="bbox 428 4348 2086 4423">
    <p class='ocr_par' dir='ltr' id='par_1_82' title="bbox 428 4348 2086 4423">
     <span class='ocr_line' id='line_1_82' title="bbox 428 4348 2086 4423; baseline -0.002 -14"><span class='ocrx_word' id='word_1_529' title='bbox 428 4367 731 4409; x_wconf 87' lang='lat' dir='ltr'><strong>carcerem</strong></span> <span class='ocrx_word' id='word_1_530' title='bbox 752 4348 1118 4406; x_wconf 88' lang='lat' dir='ltr'><strong>detruditur:</strong></span> <span class='ocrx_word' id='word_1_531' title='bbox 1144 4348 1524 4423; x_wconf 87' lang='lat' dir='ltr'><strong>postmodum</strong></span> <span class='ocrx_word' id='word_1_532' title='bbox 1548 4364 1580 4405; x_wconf 91' lang='lat' dir='ltr'><strong>e</strong></span> <span class='ocrx_word' id='word_1_533' title='bbox 1601 4365 1838 4405; x_wconf 89' lang='lat' dir='ltr'><strong>carcere</strong></span> <span class='ocrx_word' id='word_1_534' title='bbox 1854 4349 2086 4413; x_wconf 87' lang='lat' dir='ltr'><strong>educta,</strong></span> 
     </span>
    </p>
   </div>
   <div class='ocr_carea' id='block_1_83' title="bbox 428 4436 2090 4512">
    <p class='ocr_par' dir='ltr' id='par_1_83' title="bbox 428 4436 2090 4512">
     <span class='ocr_line' id='line_1_83' title="bbox 428 4436 2090 4512; baseline -0.002 -14"><span class='ocrx_word' id='word_1_535' title='bbox 428 4446 490 4498; x_wconf 91' lang='lat' dir='ltr'><strong>et</strong></span> <span class='ocrx_word' id='word_1_536' title='bbox 520 4439 583 4497; x_wconf 91' lang='lat' dir='ltr'><strong>in</strong></span> <span class='ocrx_word' id='word_1_537' title='bbox 613 4438 940 4512; x_wconf 88' lang='lat' dir='ltr'><strong>equuleum</strong></span> <span class='ocrx_word' id='word_1_538' title='bbox 981 4443 1175 4510; x_wconf 87' lang='lat' dir='ltr'><strong>rapta,</strong></span> <span class='ocrx_word' id='word_1_539' title='bbox 1228 4436 1517 4493; x_wconf 88' lang='lat' dir='ltr'><strong>lateribus</strong></span> <span class='ocrx_word' id='word_1_540' title='bbox 1564 4437 1909 4493; x_wconf 88' lang='lat' dir='ltr'><strong>dilaniatur.</strong></span> <span class='ocrx_word' id='word_1_541' title='bbox 1960 4439 2090 4494; x_wconf 84' lang='lat' dir='ltr'><strong>Mox</strong></span> 
     </span>
    </p>
   </div>
   <div class='ocr_carea' id='block_1_84' title="bbox 2200 4262 2564 4333">
    <p class='ocr_par' dir='ltr' id='par_1_84' title="bbox 2200 4262 2564 4333">
     <span class='ocr_line' id='line_1_84' title="bbox 2200 4262 2564 4333; baseline -0.003 -14"><span class='ocrx_word' id='word_1_542' title='bbox 2200 4262 2564 4333; x_wconf 81' lang='grc' dir='ltr'>Μαξιμιανοῦ.</span> 
     </span>
    </p>
   </div>
   <div class='ocr_carea' id='block_1_85' title="bbox 2197 4348 3869 4427">
    <p class='ocr_par' dir='ltr' id='par_1_85' title="bbox 2197 4348 3869 4427">
     <span class='ocr_line' id='line_1_85' title="bbox 2197 4348 3869 4427; baseline 0.001 -22"><span class='ocrx_word' id='word_1_543' title='bbox 2197 4354 2295 4405; x_wconf 88' lang='grc' dir='ltr'><strong>τοῦ</strong></span> <span class='ocrx_word' id='word_1_544' title='bbox 2352 4348 2643 4426; x_wconf 70' lang='grc' dir='ltr'>ἄρχοντος.</span> <span class='ocrx_word' id='word_1_545' title='bbox 2705 4350 2803 4404; x_wconf 82' lang='grc' dir='ltr'>Καὶ</span> <span class='ocrx_word' id='word_1_546' title='bbox 2858 4355 3120 4427; x_wconf 67' lang='grc' dir='ltr'>τυφθεῖσα</span> <span class='ocrx_word' id='word_1_547' title='bbox 3179 4350 3449 4423; x_wconf 69' lang='grc' dir='ltr'>μάστιξιν,</span> <span class='ocrx_word' id='word_1_548' title='bbox 3521 4350 3869 4426; x_wconf 82' lang='grc' dir='ltr'>ἀπεκλείσθη</span> 
     </span>
    </p>
   </div>
   <div class='ocr_carea' id='block_1_86' title="bbox 2199 4437 3874 4515">
    <p class='ocr_par' dir='ltr' id='par_1_86' title="bbox 2199 4437 3874 4515">
     <span class='ocr_line' id='line_1_86' title="bbox 2199 4437 3874 4515; baseline 0.001 -18"><span class='ocrx_word' id='word_1_549' title='bbox 2199 4439 2275 4503; x_wconf 79' lang='grc' dir='ltr'><strong>εἷς</strong></span> <span class='ocrx_word' id='word_1_550' title='bbox 2311 4439 2586 4515; x_wconf 73' lang='grc' dir='ltr'>φυλακήν.</span> <span class='ocrx_word' id='word_1_551' title='bbox 2620 4441 2725 4498; x_wconf 86' lang='grc' dir='ltr'>Καὶ</span> <span class='ocrx_word' id='word_1_552' title='bbox 2772 4441 2905 4513; x_wconf 76' lang='grc' dir='ltr'>μετᾶ</span> <span class='ocrx_word' id='word_1_553' title='bbox 2962 4445 3129 4495; x_wconf 87' lang='grc' dir='ltr'>ταῦτα</span> <span class='ocrx_word' id='word_1_554' title='bbox 3184 4448 3285 4510; x_wconf 80' lang='grc' dir='ltr'>τῆς</span> <span class='ocrx_word' id='word_1_555' title='bbox 3343 4442 3597 4515; x_wconf 73' lang='grc' dir='ltr'>φυλακῆς</span> <span class='ocrx_word' id='word_1_556' title='bbox 3650 4437 3874 4514; x_wconf 74' lang='grc' dir='ltr'>ἐκϐλη-</span> 
     </span>
    </p>
   </div>
   <div class='ocr_carea' id='block_1_87' title="bbox 2344 3980 3724 4059">
    <p class='ocr_par' dir='ltr' id='par_1_87' title="bbox 2344 3980 3724 4059">
     <span class='ocr_line' id='line_1_87' title="bbox 2344 3980 3724 4059; baseline 0.002 -21"><span class='ocrx_word' id='word_1_557' title='bbox 2344 3980 2444 4038; x_wconf 79' lang='grc' dir='ltr'>Καὶ</span> <span class='ocrx_word' id='word_1_558' title='bbox 2477 3980 2710 4052; x_wconf 79' lang='grc' dir='ltr'>ἄθλησις</span> <span class='ocrx_word' id='word_1_559' title='bbox 2735 3986 2837 4050; x_wconf 82' lang='grc' dir='ltr'>τῆς</span> <span class='ocrx_word' id='word_1_560' title='bbox 2871 3984 3028 4059; x_wconf 80' lang='grc' dir='ltr'>ἁγίας</span> <span class='ocrx_word' id='word_1_561' title='bbox 3065 3985 3340 4059; x_wconf 72' lang='grc' dir='ltr'>μάρτυρος</span> <span class='ocrx_word' id='word_1_562' title='bbox 3363 3982 3724 4055; x_wconf 85' lang='grc' dir='ltr'>Ἀντωνίνης.</span> 
     </span>
    </p>
   </div>
   <div class='ocr_carea' id='block_1_88' title="bbox 2273 4080 3871 4157">
    <p class='ocr_par' dir='ltr' id='par_1_88' title="bbox 2273 4080 3871 4157">
     <span class='ocr_line' id='line_1_88' title="bbox 2273 4080 3871 4157; baseline 0.002 -19"><span class='ocrx_word' id='word_1_563' title='bbox 2273 4080 2630 4151; x_wconf 77' lang='grc' dir='ltr'>Ἀντωνίναή</span> <span class='ocrx_word' id='word_1_564' title='bbox 2663 4086 2759 4136; x_wconf 89' lang='grc' dir='ltr'><strong>τοῦ</strong></span> <span class='ocrx_word' id='word_1_565' title='bbox 2790 4084 3027 4157; x_wconf 75' lang='grc' dir='ltr'>Χριστοῦ</span> <span class='ocrx_word' id='word_1_566' title='bbox 3091 4084 3297 4157; x_wconf 74' lang='grc' dir='ltr'>μάρτυς</span> <span class='ocrx_word' id='word_1_567' title='bbox 3352 4083 3419 4153; x_wconf 76' lang='grc' dir='ltr'>ἦν</span> <span class='ocrx_word' id='word_1_568' title='bbox 3480 4082 3541 4140; x_wconf 80' lang='grc' dir='ltr'><strong>ἐκ</strong></span> <span class='ocrx_word' id='word_1_569' title='bbox 3595 4087 3698 4149; x_wconf 81' lang='grc' dir='ltr'>τῆς</span> <span class='ocrx_word' id='word_1_570' title='bbox 3757 4085 3871 4141; x_wconf 85' lang='grc' dir='ltr'>πό-</span> 
     </span>
    </p>
   </div>
   <div class='ocr_carea' id='block_1_89' title="bbox 2202 4169 3875 4247">
    <p class='ocr_par' dir='ltr' id='par_1_89' title="bbox 2202 4169 3875 4247">
     <span class='ocr_line' id='line_1_89' title="bbox 2202 4169 3875 4247; baseline 0.001 -20"><span class='ocrx_word' id='word_1_571' title='bbox 2202 4169 2343 4234; x_wconf 86' lang='grc' dir='ltr'>λεως</span> <span class='ocrx_word' id='word_1_572' title='bbox 2402 4170 2601 4235; x_wconf 77' lang='grc' dir='ltr'>Νικαίς</span> <span class='ocrx_word' id='word_1_573' title='bbox 2656 4169 2744 4226; x_wconf 83' lang='grc' dir='ltr'><strong>ἐπὶ</strong></span> <span class='ocrx_word' id='word_1_574' title='bbox 2800 4177 2901 4240; x_wconf 77' lang='grc' dir='ltr'>τῆς</span> <span class='ocrx_word' id='word_1_575' title='bbox 2963 4170 3244 4247; x_wconf 76' lang='grc' dir='ltr'>βασιλείας</span> <span class='ocrx_word' id='word_1_576' title='bbox 3321 4171 3721 4243; x_wconf 86' lang='grc' dir='ltr'>Διοκλητιανοῦ</span> <span class='ocrx_word' id='word_1_577' title='bbox 3774 4174 3875 4231; x_wconf 80' lang='grc' dir='ltr'><strong>καὶ</strong></span> 
     </span>
    </p>
   </div>
   <div class='ocr_carea' id='block_1_90' title="bbox 2654 4257 3874 4338">
    <p class='ocr_par' dir='ltr' id='par_1_90' title="bbox 2654 4257 3874 4338">
     <span class='ocr_line' id='line_1_90' title="bbox 2654 4257 3874 4338; baseline 0.002 -21"><span class='ocrx_word' id='word_1_578' title='bbox 2654 4261 2953 4336; x_wconf 75' lang='grc' dir='ltr'>Χριστιανὴ</span> <span class='ocrx_word' id='word_1_579' title='bbox 3015 4257 3072 4315; x_wconf 71' lang='grc' dir='ltr'><strong>δὲ</strong></span> <span class='ocrx_word' id='word_1_580' title='bbox 3130 4258 3282 4333; x_wconf 79' lang='grc' dir='ltr'>οὖσα,</span> <span class='ocrx_word' id='word_1_581' title='bbox 3370 4260 3643 4336; x_wconf 71' lang='grc' dir='ltr'>ἐκρατήθη</span> <span class='ocrx_word' id='word_1_582' title='bbox 3715 4265 3874 4338; x_wconf 70' lang='grc' dir='ltr'>παρὰ</span> 
     </span>
    </p>
   </div>
   <div class='ocr_carea' id='block_1_91' title="bbox 425 4524 2094 4604">
    <p class='ocr_par' dir='ltr' id='par_1_91' title="bbox 425 4524 2075 4600">
     <span class='ocr_line' id='line_1_91' title="bbox 425 4524 2075 4600; baseline -0.002 -13"><span class='ocrx_word' id='word_1_583' title='bbox 425 4529 772 4588; x_wconf 85' lang='lat' dir='ltr'><strong>ardentibus</strong></span> <span class='ocrx_word' id='word_1_584' title='bbox 796 4527 1008 4600; x_wconf 89' lang='lat' dir='ltr'><strong>prunis</strong></span> <span class='ocrx_word' id='word_1_585' title='bbox 1036 4526 1549 4600; x_wconf 85' lang='lat' dir='ltr'><strong>superimponitur</strong></span> <span class='ocrx_word' id='word_1_586' title='bbox 1572 4543 1586 4582; x_wconf 89' lang='lat'><strong>:</strong></span> <span class='ocrx_word' id='word_1_587' title='bbox 1612 4524 1828 4582; x_wconf 89' lang='lat' dir='ltr'><strong>deinde</strong></span> <span class='ocrx_word' id='word_1_588' title='bbox 1846 4526 2075 4584; x_wconf 86' lang='lat' dir='ltr'><strong>subulis</strong></span> 
     </span>
    </p>
   </div>
   <div class='ocr_carea' id='block_1_92' title="bbox 2209 4524 3880 4604">
    <p class='ocr_par' dir='ltr' id='par_1_92' title="bbox 2209 4526 3880 4604">
     <span class='ocr_line' id='line_1_92' title="bbox 2209 4526 3880 4604; baseline 0.002 -20"><span class='ocrx_word' id='word_1_589' title='bbox 2209 4531 2371 4596; x_wconf 70' lang='lat' dir='ltr'><strong>ieiaa,</strong></span> <span class='ocrx_word' id='word_1_590' title='bbox 2404 4529 2717 4604; x_wconf 71' lang='grc' dir='ltr'>ἐκρεμάσθη</span> <span class='ocrx_word' id='word_1_591' title='bbox 2751 4529 2839 4585; x_wconf 81' lang='grc' dir='ltr'><strong>ἐπὶ</strong></span> <span class='ocrx_word' id='word_1_592' title='bbox 2890 4526 3081 4601; x_wconf 77' lang='grc' dir='ltr'>ξύλου,</span> <span class='ocrx_word' id='word_1_593' title='bbox 3135 4532 3224 4585; x_wconf 77' lang='grc' dir='ltr'>καὶ</span> <span class='ocrx_word' id='word_1_594' title='bbox 3283 4529 3471 4602; x_wconf 76' lang='grc' dir='ltr'>ἐξέσθη</span> <span class='ocrx_word' id='word_1_595' title='bbox 3532 4531 3629 4594; x_wconf 72' lang='grc' dir='ltr'><strong>τὰς</strong></span> <span class='ocrx_word' id='word_1_596' title='bbox 3691 4530 3880 4588; x_wconf 87' lang='grc' dir='ltr'>πλευ-</span> 
     </span>
    </p>
   </div>
   <div class='ocr_carea' id='block_1_93' title="bbox 427 4615 2075 4689">
    <p class='ocr_par' dir='ltr' id='par_1_93' title="bbox 427 4615 2075 4689">
     <span class='ocr_line' id='line_1_93' title="bbox 427 4615 2075 4689; baseline -0.002 -12"><span class='ocrx_word' id='word_1_597' title='bbox 427 4616 824 4677; x_wconf 81' lang='lat' dir='ltr'><strong>candentibus</strong></span> <span class='ocrx_word' id='word_1_598' title='bbox 853 4616 1049 4674; x_wconf 90' lang='lat' dir='ltr'><strong>eidem</strong></span> <span class='ocrx_word' id='word_1_599' title='bbox 1077 4631 1294 4672; x_wconf 87' lang='lat' dir='ltr'><strong>manus</strong></span> <span class='ocrx_word' id='word_1_600' title='bbox 1322 4615 1724 4687; x_wconf 82' lang='lat' dir='ltr'><strong>perferantur,</strong></span> <span class='ocrx_word' id='word_1_601' title='bbox 1756 4632 1828 4674; x_wconf 82' lang='lat' dir='ltr'><strong>ex</strong></span> <span class='ocrx_word' id='word_1_602' title='bbox 1856 4616 2075 4689; x_wconf 89' lang='lat' dir='ltr'><strong>quibus</strong></span> 
     </span>
    </p>
   </div>
   <div class='ocr_carea' id='block_1_94' title="bbox 2198 4618 3882 4694">
    <p class='ocr_par' dir='ltr' id='par_1_94' title="bbox 2198 4618 3882 4694">
     <span class='ocr_line' id='line_1_94' title="bbox 2198 4618 3882 4694; baseline 0.002 -19"><span class='ocrx_word' id='word_1_603' title='bbox 2198 4624 2452 4694; x_wconf 82' lang='grc' dir='ltr'><strong>ράς.Καί</strong></span> <span class='ocrx_word' id='word_1_604' title='bbox 2484 4618 2573 4675; x_wconf 79' lang='grc' dir='ltr'>ἐπί</span> <span class='ocrx_word' id='word_1_605' title='bbox 2626 4618 2866 4694; x_wconf 74' lang='grc' dir='ltr'>ἐσχάρας</span> <span class='ocrx_word' id='word_1_606' title='bbox 2922 4620 3428 4692; x_wconf 69' lang='grc' dir='ltr'>πεπυρακτωμένης</span> <span class='ocrx_word' id='word_1_607' title='bbox 3488 4621 3665 4691; x_wconf 73' lang='grc' dir='ltr'>ἐτέθη.</span> <span class='ocrx_word' id='word_1_608' title='bbox 3732 4623 3882 4680; x_wconf 71' lang='grc' dir='ltr'>Εἶτα</span> 
     </span>
    </p>
   </div>
   <div class='ocr_carea' id='block_1_95' title="bbox 429 4703 2094 4785">
    <p class='ocr_par' dir='ltr' id='par_1_95' title="bbox 429 4703 2087 4777">
     <span class='ocr_line' id='line_1_95' title="bbox 429 4703 2087 4777; baseline 0 -15"><span class='ocrx_word' id='word_1_609' title='bbox 429 4705 851 4763; x_wconf 86' lang='lat' dir='ltr'><strong>suavissimum</strong></span> <span class='ocrx_word' id='word_1_610' title='bbox 872 4704 1117 4761; x_wconf 88' lang='lat' dir='ltr'><strong>odorem</strong></span> <span class='ocrx_word' id='word_1_611' title='bbox 1136 4703 1386 4761; x_wconf 83' lang='lat' dir='ltr'><strong>efﬂavit:</strong></span> <span class='ocrx_word' id='word_1_612' title='bbox 1419 4711 1720 4777; x_wconf 88' lang='lat' dir='ltr'><strong>postremo</strong></span> <span class='ocrx_word' id='word_1_613' title='bbox 1741 4706 2087 4763; x_wconf 87' lang='lat' dir='ltr'><strong>transfossis</strong></span> 
     </span>
    </p>
   </div>
   <div class='ocr_carea' id='block_1_96' title="bbox 2209 4703 3878 4785">
    <p class='ocr_par' dir='ltr' id='par_1_96' title="bbox 2209 4705 3878 4785">
     <span class='ocr_line' id='line_1_96' title="bbox 2209 4705 3878 4785; baseline 0.003 -23"><span class='ocrx_word' id='word_1_614' title='bbox 2209 4710 2580 4785; x_wconf 81' lang='grc' dir='ltr'>ιατετρυπήθη</span> <span class='ocrx_word' id='word_1_615' title='bbox 2641 4707 2737 4769; x_wconf 74' lang='grc' dir='ltr'>τὰς</span> <span class='ocrx_word' id='word_1_616' title='bbox 2797 4713 2990 4783; x_wconf 87' lang='grc' dir='ltr'>χεῖρας</span> <span class='ocrx_word' id='word_1_617' title='bbox 3049 4705 3335 4772; x_wconf 74' lang='grc' dir='ltr'>σουόλίοις</span> <span class='ocrx_word' id='word_1_618' title='bbox 3400 4711 3752 4785; x_wconf 85' lang='grc' dir='ltr'>πυρωθείσιν,</span> <span class='ocrx_word' id='word_1_619' title='bbox 3816 4711 3878 4783; x_wconf 76' lang='grc' dir='ltr'>ἐξ</span> 
     </span>
    </p>
   </div>
   <div class='ocr_carea' id='block_1_97' title="bbox 427 4794 2083 4863">
    <p class='ocr_par' dir='ltr' id='par_1_97' title="bbox 427 4794 2083 4863">
     <span class='ocr_line' id='line_1_97' title="bbox 427 4794 2083 4863; baseline 0 -10"><span class='ocrx_word' id='word_1_620' title='bbox 427 4794 589 4863; x_wconf 86' lang='lat' dir='ltr'><strong>talis,</strong></span> <span class='ocrx_word' id='word_1_621' title='bbox 620 4795 843 4852; x_wconf 88' lang='lat' dir='ltr'><strong>carceri</strong></span> <span class='ocrx_word' id='word_1_622' title='bbox 873 4795 1092 4851; x_wconf 90' lang='lat' dir='ltr'><strong>iterum</strong></span> <span class='ocrx_word' id='word_1_623' title='bbox 1122 4794 1481 4851; x_wconf 88' lang='lat' dir='ltr'><strong>includitur:</strong></span> <span class='ocrx_word' id='word_1_624' title='bbox 1501 4794 1602 4851; x_wconf 87' lang='lat' dir='ltr'><strong>ubi</strong></span> <span class='ocrx_word' id='word_1_625' title='bbox 1635 4795 1855 4854; x_wconf 87' lang='lat' dir='ltr'><strong>Christi</strong></span> <span class='ocrx_word' id='word_1_626' title='bbox 1884 4796 2083 4853; x_wconf 89' lang='lat' dir='ltr'><strong>visita-</strong></span> 
     </span>
    </p>
   </div>
   <div class='ocr_carea' id='block_1_98' title="bbox 427 4883 2079 4958">
    <p class='ocr_par' dir='ltr' id='par_1_98' title="bbox 427 4883 2079 4958">
     <span class='ocr_line' id='line_1_98' title="bbox 427 4883 2079 4958; baseline 0 -16"><span class='ocrx_word' id='word_1_627' title='bbox 427 4885 590 4942; x_wconf 87' lang='lat' dir='ltr'><strong>tione</strong></span> <span class='ocrx_word' id='word_1_628' title='bbox 610 4889 951 4958; x_wconf 87' lang='lat' dir='ltr'><strong>curata,per</strong></span> <span class='ocrx_word' id='word_1_629' title='bbox 966 4883 1275 4942; x_wconf 90' lang='lat' dir='ltr'><strong>biennium</strong></span> <span class='ocrx_word' id='word_1_630' title='bbox 1288 4885 1350 4940; x_wconf 90' lang='lat' dir='ltr'><strong>in</strong></span> <span class='ocrx_word' id='word_1_631' title='bbox 1373 4885 1646 4942; x_wconf 86' lang='lat' dir='ltr'><strong>custodia</strong></span> <span class='ocrx_word' id='word_1_632' title='bbox 1659 4888 2079 4958; x_wconf 83' lang='lat' dir='ltr'><strong>perseveravit,</strong></span> 
     </span>
    </p>
   </div>
   <div class='ocr_carea' id='block_1_99' title="bbox 422 4973 2076 5046">
    <p class='ocr_par' dir='ltr' id='par_1_99' title="bbox 422 4973 2076 5046">
     <span class='ocr_line' id='line_1_99' title="bbox 422 4973 2076 5046; baseline -0.001 -11"><span class='ocrx_word' id='word_1_633' title='bbox 422 4977 604 5046; x_wconf 85' lang='lat' dir='ltr'><strong>fame,</strong></span> <span class='ocrx_word' id='word_1_634' title='bbox 636 4976 756 5044; x_wconf 89' lang='lat' dir='ltr'><strong>siti,</strong></span> <span class='ocrx_word' id='word_1_635' title='bbox 805 4981 868 5033; x_wconf 92' lang='lat' dir='ltr'><strong>et</strong></span> <span class='ocrx_word' id='word_1_636' title='bbox 894 4973 1050 5032; x_wconf 69' lang='lat'><strong>182</strong></span> <span class='ocrx_word' id='word_1_637' title='bbox 1100 4975 1332 5033; x_wconf 62' lang='lat' dir='ltr'><strong>ceteris</strong></span> <span class='ocrx_word' id='word_1_638' title='bbox 1373 4977 1663 5032; x_wconf 73' lang='lat' dir='ltr'><strong>mrumnis</strong></span> <span class='ocrx_word' id='word_1_639' title='bbox 1714 4976 2076 5035; x_wconf 87' lang='lat' dir='ltr'><strong>conﬂictata.</strong></span> 
     </span>
    </p>
   </div>
   <div class='ocr_carea' id='block_1_100' title="bbox 421 5064 2074 5138">
    <p class='ocr_par' dir='ltr' id='par_1_100' title="bbox 421 5064 2074 5138">
     <span class='ocr_line' id='line_1_100' title="bbox 421 5064 2074 5138; baseline 0 -14"><span class='ocrx_word' id='word_1_640' title='bbox 421 5068 565 5124; x_wconf 91' lang='lat' dir='ltr'><strong>Post</strong></span> <span class='ocrx_word' id='word_1_641' title='bbox 594 5066 721 5124; x_wconf 63' lang='lat' dir='ltr'><strong>haec</strong></span> <span class='ocrx_word' id='word_1_642' title='bbox 749 5082 781 5123; x_wconf 92' lang='lat' dir='ltr'><strong>e</strong></span> <span class='ocrx_word' id='word_1_643' title='bbox 813 5064 1083 5124; x_wconf 90' lang='lat' dir='ltr'><strong>custodia</strong></span> <span class='ocrx_word' id='word_1_644' title='bbox 1111 5070 1394 5130; x_wconf 82' lang='lat' dir='ltr'><strong>extracta,</strong></span> <span class='ocrx_word' id='word_1_645' title='bbox 1425 5064 1854 5138; x_wconf 85' lang='lat' dir='ltr'><strong>compulsaque</strong></span> <span class='ocrx_word' id='word_1_646' title='bbox 1906 5066 2074 5124; x_wconf 83' lang='lat' dir='ltr'><strong>Chri-</strong></span> 
     </span>
    </p>
   </div>
   <div class='ocr_carea' id='block_1_101' title="bbox 423 5155 2073 5230">
    <p class='ocr_par' dir='ltr' id='par_1_101' title="bbox 423 5155 2073 5230">
     <span class='ocr_line' id='line_1_101' title="bbox 423 5155 2073 5230; baseline 0.001 -17"><span class='ocrx_word' id='word_1_647' title='bbox 423 5162 581 5214; x_wconf 89' lang='lat' dir='ltr'><strong>stum</strong></span> <span class='ocrx_word' id='word_1_648' title='bbox 611 5173 850 5230; x_wconf 85' lang='lat' dir='ltr'><strong>negare,</strong></span> <span class='ocrx_word' id='word_1_649' title='bbox 900 5171 1038 5212; x_wconf 89' lang='lat' dir='ltr'><strong>cum</strong></span> <span class='ocrx_word' id='word_1_650' title='bbox 1079 5156 1329 5212; x_wconf 88' lang='lat' dir='ltr'><strong>minime</strong></span> <span class='ocrx_word' id='word_1_651' title='bbox 1370 5155 1802 5227; x_wconf 85' lang='lat' dir='ltr'><strong>acquiesceret,</strong></span> <span class='ocrx_word' id='word_1_652' title='bbox 1842 5156 1905 5213; x_wconf 90' lang='lat' dir='ltr'><strong>in</strong></span> <span class='ocrx_word' id='word_1_653' title='bbox 1956 5163 2073 5214; x_wconf 90' lang='lat' dir='ltr'><strong>sta-</strong></span> 
     </span>
    </p>
   </div>
   <div class='ocr_carea' id='block_1_102' title="bbox 420 5243 2069 5321">
    <p class='ocr_par' dir='ltr' id='par_1_102' title="bbox 420 5243 2069 5321">
     <span class='ocr_line' id='line_1_102' title="bbox 420 5243 2069 5321; baseline 0.001 -19"><span class='ocrx_word' id='word_1_654' title='bbox 420 5263 603 5321; x_wconf 82' lang='lat' dir='ltr'><strong>gnum</strong></span> <span class='ocrx_word' id='word_1_655' title='bbox 616 5247 744 5319; x_wconf 87' lang='lat' dir='ltr'><strong>proj</strong></span> <span class='ocrx_word' id='word_1_656' title='bbox 754 5250 884 5302; x_wconf 89' lang='lat' dir='ltr'><strong>ecta</strong></span> <span class='ocrx_word' id='word_1_657' title='bbox 902 5243 1143 5313; x_wconf 83' lang='lat' dir='ltr'><strong>fuit,ubi</strong></span> <span class='ocrx_word' id='word_1_658' title='bbox 1167 5244 1406 5301; x_wconf 89' lang='lat' dir='ltr'><strong>beatum</strong></span> <span class='ocrx_word' id='word_1_659' title='bbox 1432 5244 1613 5300; x_wconf 83' lang='lat' dir='ltr'><strong>ﬁnem</strong></span> <span class='ocrx_word' id='word_1_660' title='bbox 1636 5243 1772 5300; x_wconf 75' lang='lat' dir='ltr'><strong>lasta</strong></span> <span class='ocrx_word' id='word_1_661' title='bbox 1786 5248 2069 5320; x_wconf 89' lang='lat' dir='ltr'><strong>suscepit.</strong></span> 
     </span>
    </p>
   </div>
   <div class='ocr_carea' id='block_1_103' title="bbox 2193 4795 3877 4874">
    <p class='ocr_par' dir='ltr' id='par_1_103' title="bbox 2193 4795 3877 4874">
     <span class='ocr_line' id='line_1_103' title="bbox 2193 4795 3877 4874; baseline 0.001 -20"><span class='ocrx_word' id='word_1_662' title='bbox 2193 4799 2268 4854; x_wconf 82' lang='grc' dir='ltr'>ὧν</span> <span class='ocrx_word' id='word_1_663' title='bbox 2301 4797 2644 4872; x_wconf 72' lang='grc' dir='ltr'>ἀνεπέμπετο</span> <span class='ocrx_word' id='word_1_664' title='bbox 2704 4795 2906 4852; x_wconf 83' lang='grc' dir='ltr'>εὐωδία</span> <span class='ocrx_word' id='word_1_665' title='bbox 2965 4800 3336 4871; x_wconf 83' lang='grc' dir='ltr'>θυμιάματος.</span> <span class='ocrx_word' id='word_1_666' title='bbox 3398 4800 3757 4874; x_wconf 84' lang='grc' dir='ltr'>Χαραχθεῖσα</span> <span class='ocrx_word' id='word_1_667' title='bbox 3808 4797 3877 4856; x_wconf 68' lang='grc' dir='ltr'><strong>δὲ</strong></span> 
     </span>
    </p>
   </div>
   <div class='ocr_carea' id='block_1_104' title="bbox 2191 4884 3876 4962">
    <p class='ocr_par' dir='ltr' id='par_1_104' title="bbox 2191 4884 3876 4962">
     <span class='ocr_line' id='line_1_104' title="bbox 2191 4884 3876 4962; baseline 0.001 -20"><span class='ocrx_word' id='word_1_668' title='bbox 2191 4885 2447 4948; x_wconf 73' lang='grc' dir='ltr'>καὶτοὺς</span> <span class='ocrx_word' id='word_1_669' title='bbox 2479 4884 2882 4962; x_wconf 82' lang='grc' dir='ltr'>ἀστραγάλους,</span> <span class='ocrx_word' id='word_1_670' title='bbox 2924 4884 3090 4941; x_wconf 84' lang='grc' dir='ltr'>πάλιν</span> <span class='ocrx_word' id='word_1_671' title='bbox 3149 4886 3481 4957; x_wconf 85' lang='grc' dir='ltr'>ἀπεκλείσθη</span> <span class='ocrx_word' id='word_1_672' title='bbox 3542 4890 3619 4950; x_wconf 85' lang='grc' dir='ltr'>εἷς</span> <span class='ocrx_word' id='word_1_673' title='bbox 3678 4887 3876 4961; x_wconf 74' lang='grc' dir='ltr'>φυλαο</span> 
     </span>
    </p>
   </div>
   <div class='ocr_carea' id='block_1_105' title="bbox 2188 4973 3873 5053">
    <p class='ocr_par' dir='ltr' id='par_1_105' title="bbox 2188 4973 3873 5053">
     <span class='ocr_line' id='line_1_105' title="bbox 2188 4973 3873 5053; baseline 0.001 -22"><span class='ocrx_word' id='word_1_674' title='bbox 2188 4978 2321 5046; x_wconf 75' lang='grc' dir='ltr'>κήν.</span> <span class='ocrx_word' id='word_1_675' title='bbox 2367 4975 2470 5032; x_wconf 84' lang='grc' dir='ltr'>Καὶ</span> <span class='ocrx_word' id='word_1_676' title='bbox 2524 4978 2595 5050; x_wconf 85' lang='grc' dir='ltr'>τῇ</span> <span class='ocrx_word' id='word_1_677' title='bbox 2652 4979 2751 5031; x_wconf 91' lang='grc' dir='ltr'><strong>τοῦ</strong></span> <span class='ocrx_word' id='word_1_678' title='bbox 2807 4976 3045 5049; x_wconf 79' lang='grc' dir='ltr'>Χριστοῦ</span> <span class='ocrx_word' id='word_1_679' title='bbox 3103 4973 3385 5050; x_wconf 67' lang='grc' dir='ltr'>ἐπισκέψει</span> <span class='ocrx_word' id='word_1_680' title='bbox 3443 4978 3873 5053; x_wconf 77' lang='grc' dir='ltr'>θεραπευθεῖσα,</span> 
     </span>
    </p>
   </div>
   <div class='ocr_carea' id='block_1_106' title="bbox 2186 5062 3882 5145">
    <p class='ocr_par' dir='ltr' id='par_1_106' title="bbox 2186 5062 3882 5145">
     <span class='ocr_line' id='line_1_106' title="bbox 2186 5062 3882 5145; baseline 0.001 -24"><span class='ocrx_word' id='word_1_681' title='bbox 2186 5064 2276 5122; x_wconf 74' lang='grc' dir='ltr'><strong>ἐπὶ</strong></span> <span class='ocrx_word' id='word_1_682' title='bbox 2307 5062 2427 5121; x_wconf 83' lang='grc' dir='ltr'>δυσὶ</span> <span class='ocrx_word' id='word_1_683' title='bbox 2467 5065 2697 5141; x_wconf 86' lang='grc' dir='ltr'>χρόνοις</span> <span class='ocrx_word' id='word_1_684' title='bbox 2758 5064 3113 5142; x_wconf 70' lang='grc' dir='ltr'>ἐκαρτέρησεν</span> <span class='ocrx_word' id='word_1_685' title='bbox 3169 5064 3224 5121; x_wconf 86' lang='grc' dir='ltr'><strong>ἐν</strong></span> <span class='ocrx_word' id='word_1_686' title='bbox 3278 5070 3348 5141; x_wconf 77' lang='grc' dir='ltr'>τῇ</span> <span class='ocrx_word' id='word_1_687' title='bbox 3409 5064 3652 5145; x_wconf 77' lang='grc' dir='ltr'>φυλακῇ,</span> <span class='ocrx_word' id='word_1_688' title='bbox 3706 5072 3882 5141; x_wconf 76' lang='grc' dir='ltr'>Λιμῷ</span> 
     </span>
    </p>
   </div>
   <div class='ocr_carea' id='block_1_107' title="bbox 2181 5152 3837 5231">
    <p class='ocr_par' dir='ltr' id='par_1_107' title="bbox 2181 5152 3837 5231">
     <span class='ocr_line' id='line_1_107' title="bbox 2181 5152 3837 5231; baseline 0.002 -20"><span class='ocrx_word' id='word_1_689' title='bbox 2181 5156 2274 5212; x_wconf 85' lang='grc' dir='ltr'><strong>καὶ</strong></span> <span class='ocrx_word' id='word_1_690' title='bbox 2305 5152 2474 5227; x_wconf 82' lang='grc' dir='ltr'>δίψει,</span> <span class='ocrx_word' id='word_1_691' title='bbox 2532 5154 2623 5210; x_wconf 82' lang='grc' dir='ltr'><strong>καὶ</strong></span> <span class='ocrx_word' id='word_1_692' title='bbox 2672 5157 2743 5228; x_wconf 82' lang='grc' dir='ltr'>τῇ</span> <span class='ocrx_word' id='word_1_693' title='bbox 2799 5152 2972 5228; x_wconf 76' lang='grc' dir='ltr'>λοιπῇ</span> <span class='ocrx_word' id='word_1_694' title='bbox 3033 5156 3309 5231; x_wconf 78' lang='grc' dir='ltr'>κακουχίᾳ</span> <span class='ocrx_word' id='word_1_695' title='bbox 3363 5155 3837 5229; x_wconf 80' lang='grc' dir='ltr'>προσπαλαίουαα</span> 
     </span>
    </p>
   </div>
   <div class='ocr_carea' id='block_1_108' title="bbox 2181 5238 3875 5324">
    <p class='ocr_par' dir='ltr' id='par_1_108' title="bbox 2181 5238 3875 5324">
     <span class='ocr_line' id='line_1_108' title="bbox 2181 5238 3875 5324; baseline -0.002 -24"><span class='ocrx_word' id='word_1_696' title='bbox 2181 5245 2284 5305; x_wconf 83' lang='grc' dir='ltr'>Καὶ</span> <span class='ocrx_word' id='word_1_697' title='bbox 2315 5244 2450 5318; x_wconf 83' lang='grc' dir='ltr'><strong>μετὰ</strong></span> <span class='ocrx_word' id='word_1_698' title='bbox 2479 5249 2648 5301; x_wconf 88' lang='grc' dir='ltr'>ταῦτα</span> <span class='ocrx_word' id='word_1_699' title='bbox 2704 5238 3037 5315; x_wconf 72' lang='grc' dir='ltr'>ἐκϐληθεῖσὰ</span> <span class='ocrx_word' id='word_1_700' title='bbox 3095 5252 3195 5315; x_wconf 85' lang='grc' dir='ltr'>τῆς</span> <span class='ocrx_word' id='word_1_701' title='bbox 3255 5244 3507 5324; x_wconf 73' lang='grc' dir='ltr'>φυλακῆς</span> <span class='ocrx_word' id='word_1_702' title='bbox 3567 5244 3695 5317; x_wconf 72' lang='grc' dir='ltr'>ἔξω,</span> <span class='ocrx_word' id='word_1_703' title='bbox 3758 5243 3875 5303; x_wconf 79' lang='grc' dir='ltr'><strong>καὶ</strong></span> 
     </span>
    </p>
   </div>
   <div class='ocr_carea' id='block_1_109' title="bbox 418 5328 3881 5414">
    <p class='ocr_par' dir='ltr' id='par_1_109' title="bbox 418 5328 3881 5414">
     <span class='ocr_line' id='line_1_109' title="bbox 418 5328 3881 5414; baseline 0.002 -25"><span class='ocrx_word' id='word_1_704' title='bbox 418 5336 755 5408; x_wconf 80' lang='grc' dir='ltr'>ἀρνήσασθαι</span> <span class='ocrx_word' id='word_1_705' title='bbox 783 5334 877 5389; x_wconf 87' lang='grc' dir='ltr'>τὸν</span> <span class='ocrx_word' id='word_1_706' title='bbox 919 5332 1153 5408; x_wconf 83' lang='grc' dir='ltr'>Χριστὸν</span> <span class='ocrx_word' id='word_1_707' title='bbox 1202 5331 1618 5405; x_wconf 82' lang='grc' dir='ltr'>ἀναγκασθεῖσα,</span> <span class='ocrx_word' id='word_1_708' title='bbox 1670 5331 1761 5387; x_wconf 79' lang='grc' dir='ltr'>καὶ</span> <span class='ocrx_word' id='word_1_709' title='bbox 1815 5334 1892 5406; x_wconf 71' lang='grc' dir='ltr'>μὴ</span> <span class='ocrx_word' id='word_1_710' title='bbox 1943 5340 2243 5409; x_wconf 84' lang='grc' dir='ltr'>πεισθεῖσα,</span> <span class='ocrx_word' id='word_1_711' title='bbox 2276 5334 2470 5414; x_wconf 75' lang='grc' dir='ltr'>ἐρῥίφη</span> <span class='ocrx_word' id='word_1_712' title='bbox 2504 5333 2557 5390; x_wconf 83' lang='grc' dir='ltr'><strong>ἐν</strong></span> <span class='ocrx_word' id='word_1_713' title='bbox 2584 5338 2652 5408; x_wconf 80' lang='grc' dir='ltr'>τῇ</span> <span class='ocrx_word' id='word_1_714' title='bbox 2713 5332 2901 5407; x_wconf 76' lang='grc' dir='ltr'>λίμνῃ,</span> <span class='ocrx_word' id='word_1_715' title='bbox 2959 5328 3082 5399; x_wconf 81' lang='grc' dir='ltr'>ἔνθα</span> <span class='ocrx_word' id='word_1_716' title='bbox 3134 5336 3197 5391; x_wconf 85' lang='grc' dir='ltr'>τὸ</span> <span class='ocrx_word' id='word_1_717' title='bbox 3260 5339 3524 5412; x_wconf 75' lang='grc' dir='ltr'>μακάριον</span> <span class='ocrx_word' id='word_1_718' title='bbox 3581 5337 3881 5412; x_wconf 83' lang='grc' dir='ltr'>χαίρουσα</span> 
     </span>
    </p>
   </div>
   <div class='ocr_carea' id='block_1_110' title="bbox 421 5420 854 5495">
    <p class='ocr_par' dir='ltr' id='par_1_110' title="bbox 421 5420 854 5495">
     <span class='ocr_line' id='line_1_110' title="bbox 421 5420 854 5495; baseline 0.009 -17"><span class='ocrx_word' id='word_1_719' title='bbox 421 5422 586 5485; x_wconf 73' lang='grc' dir='ltr'>τίλος</span> <span class='ocrx_word' id='word_1_720' title='bbox 612 5420 854 5495; x_wconf 68' lang='grc' dir='ltr'>ἐδέξατο.</span> 
     </span>
    </p>
   </div>
   <div class='ocr_carea' id='block_1_111' title="bbox 973 5494 1507 5552">
    <p class='ocr_par' dir='ltr' id='par_1_111' title="bbox 973 5494 1507 5552">
     <span class='ocr_line' id='line_1_111' title="bbox 973 5494 1507 5552; baseline -0.006 0"><span class='ocrx_word' id='word_1_721' title='bbox 973 5494 1215 5552; x_wconf 81' lang='lat' dir='ltr'><strong>EODEM</strong></span> <span class='ocrx_word' id='word_1_722' title='bbox 1254 5494 1507 5549; x_wconf 79' lang='lat' dir='ltr'><strong>MENSE.</strong></span> 
     </span>
    </p>
   </div>
   <div class='ocr_carea' id='block_1_112' title="bbox 954 5582 1530 5661">
    <p class='ocr_par' dir='ltr' id='par_1_112' title="bbox 954 5582 1530 5661">
     <span class='ocr_line' id='line_1_112' title="bbox 954 5582 1530 5661; baseline -0.002 -21"><span class='ocrx_word' id='word_1_723' title='bbox 954 5583 1058 5641; x_wconf 91' lang='lat' dir='ltr'><strong>Die</strong></span> <span class='ocrx_word' id='word_1_724' title='bbox 1088 5582 1323 5639; x_wconf 87' lang='lat' dir='ltr'><strong>decima</strong></span> <span class='ocrx_word' id='word_1_725' title='bbox 1354 5584 1530 5661; x_wconf 72' lang='lat' dir='ltr'><strong>tertia</strong></span> 
     </span>
    </p>
   </div>
   <div class='ocr_carea' id='block_1_113' title="bbox 669 5686 1821 5757">
    <p class='ocr_par' dir='ltr' id='par_1_113' title="bbox 669 5686 1821 5757">
     <span class='ocr_line' id='line_1_113' title="bbox 669 5686 1821 5757; baseline -0.003 -13"><span class='ocrx_word' id='word_1_726' title='bbox 669 5688 959 5745; x_wconf 82' lang='lat' dir='ltr'><strong>Certamen</strong></span> <span class='ocrx_word' id='word_1_727' title='bbox 986 5691 1190 5742; x_wconf 69' lang='lat' dir='ltr'><strong>sanctae</strong></span> <span class='ocrx_word' id='word_1_728' title='bbox 1222 5687 1485 5757; x_wconf 76' lang='lat' dir='ltr'><strong>martyris</strong></span> <span class='ocrx_word' id='word_1_729' title='bbox 1514 5686 1821 5757; x_wconf 72' lang='lat' dir='ltr'><strong>Aquitinas.</strong></span> 
     </span>
    </p>
   </div>
   <div class='ocr_carea' id='block_1_114' title="bbox 495 5800 2073 5876">
    <p class='ocr_par' dir='ltr' id='par_1_114' title="bbox 495 5800 2073 5876">
     <span class='ocr_line' id='line_1_114' title="bbox 495 5800 2073 5876; baseline 0.007 -23"><span class='ocrx_word' id='word_1_730' title='bbox 495 5800 710 5873; x_wconf 83' lang='lat' dir='ltr'><strong>Martyr</strong></span> <span class='ocrx_word' id='word_1_731' title='bbox 738 5802 953 5858; x_wconf 85' lang='lat' dir='ltr'><strong>Christi</strong></span> <span class='ocrx_word' id='word_1_732' title='bbox 985 5802 1287 5874; x_wconf 80' lang='lat' dir='ltr'><strong>Aquilina,</strong></span> <span class='ocrx_word' id='word_1_733' title='bbox 1320 5802 1572 5875; x_wconf 87' lang='lat' dir='ltr'><strong>Trajano</strong></span> <span class='ocrx_word' id='word_1_734' title='bbox 1621 5803 1987 5876; x_wconf 86' lang='lat' dir='ltr'><strong>imperante-</strong></span> <span class='ocrx_word' id='word_1_735' title='bbox 2010 5807 2073 5864; x_wconf 87' lang='lat' dir='ltr'><strong>in</strong></span> 
     </span>
    </p>
   </div>
   <div class='ocr_carea' id='block_1_115' title="bbox 2736 5496 3288 5576">
    <p class='ocr_par' dir='ltr' id='par_1_115' title="bbox 2736 5496 3288 5576">
     <span class='ocr_line' id='line_1_115' title="bbox 2736 5496 3288 5576; baseline 0.002 -24"><span class='ocrx_word' id='word_1_736' title='bbox 2736 5496 2923 5552; x_wconf 83' lang='lat' dir='ltr'><strong>MHNI</strong></span> <span class='ocrx_word' id='word_1_737' title='bbox 2963 5498 3055 5574; x_wconf 82' lang='grc' dir='ltr'><strong>Τῼ</strong></span> <span class='ocrx_word' id='word_1_738' title='bbox 3095 5500 3288 5576; x_wconf 68' lang='grc' dir='ltr'>Αγτο.</span> 
     </span>
    </p>
   </div>
   <div class='ocr_carea' id='block_1_116' title="bbox 2988 5586 3051 5641">
    <p class='ocr_par' dir='ltr' id='par_1_116' title="bbox 2988 5586 3051 5641">
     <span class='ocr_line' id='line_1_116' title="bbox 2988 5586 3051 5641; baseline 0 -33"><span class='ocrx_word' id='word_1_739' title='bbox 2988 5586 3051 5641; x_wconf 68' lang='grc' dir='ltr'>Η,</span> 
     </span>
    </p>
   </div>
   <div class='ocr_carea' id='block_1_117' title="bbox 2385 5682 3632 5760">
    <p class='ocr_par' dir='ltr' id='par_1_117' title="bbox 2385 5682 3632 5760">
     <span class='ocr_line' id='line_1_117' title="bbox 2385 5682 3632 5760; baseline 0.001 -18"><span class='ocrx_word' id='word_1_740' title='bbox 2385 5682 2660 5756; x_wconf 74' lang='grc' dir='ltr'>’Άθλησις</span> <span class='ocrx_word' id='word_1_741' title='bbox 2688 5689 2789 5753; x_wconf 72' lang='grc' dir='ltr'>τῆς</span> <span class='ocrx_word' id='word_1_742' title='bbox 2819 5682 2975 5759; x_wconf 82' lang='grc' dir='ltr'>ἁγίας</span> <span class='ocrx_word' id='word_1_743' title='bbox 3010 5683 3285 5760; x_wconf 74' lang='grc' dir='ltr'>μάρτυρος</span> <span class='ocrx_word' id='word_1_744' title='bbox 3315 5683 3632 5757; x_wconf 78' lang='grc' dir='ltr'>Ἀκυλίνης.</span> 
     </span>
    </p>
   </div>
   <div class='ocr_carea' id='block_1_118' title="bbox 2257 5800 3876 5880">
    <p class='ocr_par' dir='ltr' id='par_1_118' title="bbox 2257 5800 3876 5880">
     <span class='ocr_line' id='line_1_118' title="bbox 2257 5800 3876 5880; baseline -0.007 -18"><span class='ocrx_word' id='word_1_745' title='bbox 2257 5803 2515 5862; x_wconf 77' lang='grc' dir='ltr'>’Ᾱκυλίνα</span> <span class='ocrx_word' id='word_1_746' title='bbox 2541 5804 2577 5871; x_wconf 80' lang='grc' dir='ltr'>ἡ</span> <span class='ocrx_word' id='word_1_747' title='bbox 2608 5804 2706 5856; x_wconf 89' lang='grc' dir='ltr'><strong>τοῦ</strong></span> <span class='ocrx_word' id='word_1_748' title='bbox 2737 5800 2976 5877; x_wconf 86' lang='grc' dir='ltr'>Χριστοῦ</span> <span class='ocrx_word' id='word_1_749' title='bbox 3034 5802 3240 5878; x_wconf 79' lang='grc' dir='ltr'>μάρτυς</span> <span class='ocrx_word' id='word_1_750' title='bbox 3289 5802 3373 5871; x_wconf 53' lang='grc' dir='ltr'>ἦν,</span> <span class='ocrx_word' id='word_1_751' title='bbox 3403 5801 3490 5857; x_wconf 84' lang='grc' dir='ltr'><strong>ἐπὶ</strong></span> <span class='ocrx_word' id='word_1_752' title='bbox 3541 5809 3646 5873; x_wconf 83' lang='grc' dir='ltr'>τῆς</span> <span class='ocrx_word' id='word_1_753' title='bbox 3694 5803 3876 5880; x_wconf 72' lang='grc' dir='ltr'><strong>βασι..</strong></span> 
     </span>
    </p>
   </div>
  </div>
