4108 6424
278 427 392 488 497

1805 419 2115 484 JUNIUS.

3593 427 3716 488 498

274 558 431 620 λείις
457 561 731 632 Τραϊανοῦ
783 557 843 614 ἐκ
882 552 1098 621 πόλεως
1154 549 1360 614 Βίϐλου
1390 561 1490 625 τῆς
1521 561 1808 624 Φοινικης,
1840 565 1940 619 θυ-

2060 553 2242 627 Byblo
2266 557 2585 614 Phoenicim
2606 558 2750 615 urbe
2773 563 3106 632 nata,patre
3124 559 3422 617 Eutolmio
3449 558 3709 633 quodam

275 652 456 725 γάτηρ
506 647 832 720 Εὑτολμίου
886 648 1051 715 τινός,
1112 644 1307 723 ἀνδρὸς
1371 649 1724 724 περιφανοῦς,
1786 646 1951 700 Πέντε

276 738 336 796 δὲ
394 737 528 794 Etth
591 739 940 813 ὑπάρχουσα,
999 732 1298 807 ἐϐαπτίσθη
1363 736 1467 790 ὑπὸ
1522 733 1797 792 Εὑταλίου
1851 736 1950 789 τοῖ’)

273 829 597 886 ἐπισκόπου.
665 827 763 882 Καὶ
826 825 953 882 δέκα
1012 825 1145 881 ἐτῶν
1200 827 1496 901 γενομένη,
1548 826 1641 887 τάς
1673 822 1950 898 ὁμὴλικας

271 920 442 994 κόρας
470 922 580 972 τῶν
639 913 890 971 εἰδώλων
939 916 1235 992 ἀπέχεσθαι
1288 913 1638 980 διδάσκουσα,
1671 914 1808 988 πρὸς
1849 913 1948 982 την

274 1007 358 1069 εἷς
388 1007 630 1082 Χριστὸν
689 1007 870 1061 πίστιν
928 1004 1306 1081 ἐχειραγώγει.
1370 1004 1466 1059 Διᾶ
1513 1008 1675 1060 τοῦτο
1707 1023 1952 1075 καταμη-

271 1099 496 1152 νυθεῖσα
553 1100 636 1168 τῷ
691 1103 793 1164 τῆς
850 1096 1041 1170 χώρας
1095 1096 1322 1171 ἄρχοντι
1409 1096 1556 1168 παρὰ
1643 1089 1948 1167 Νικάνδρου

272 1187 420 1248 τινὸς
508 1184 949 1260 εῗδωλολάτρου,
1038 1183 1336 1260 ἐκρατήθη.
1427 1183 1526 1238 Καὶ
1586 1184 1816 1258 ἀχθεῖσα
1874 1181 1950 1244 εἰς

273 1275 548 1350 ἐρώτησιν
623 1275 713 1331 καὶ
792 1274 1023 1330 ἐνώπιον
1108 1275 1325 1329 πάντων
1411 1271 1802 1350 ὁμολογήσασα
1885 1271 1948 1327 τὸ

271 1363 455 1440 ὄνομα
499 1370 600 1421 τοῦ
657 1367 913 1440 Χριστοῦ,
973 1363 1174 1442 ὲτὺφθη
1234 1360 1507 1440 σφοδρῶς,
1537 1362 1627 1417 καὶ
1661 1356 1946 1424 σουϐλίοις

272 1455 532 1532 σιδηροῖς
593 1455 950 1531 έκπυρωθεῖσι
1007 1455 1101 1519 τάς
1156 1453 1321 1516 ἀκοὰς
1370 1454 1606 1523 κατεκάη
1664 1456 1945 1524 τοσοῦτον,

271 1549 398 1603 ὅσον
433 1549 524 1602 καῖ
558 1549 698 1618 αἷμα
756 1545 938 1621 ῥεῦσαι
999 1543 1059 1600 ἐκ
1113 1548 1222 1599 τῶν
1285 1545 1580 1617 μυκτήρων
1633 1542 1822 1612 αὐτῆς,
1855 1543 1942 1596 καὶ

275 1639 479 1693 καπνὸν
510 1635 746 1707 ἐξελθεῖν
804 1633 865 1690 έκ
917 1637 1018 1703 τῆς
1065 1633 1330 1713 κεφαλῆς.
1390 1635 1524 1691 Εἶτα
1575 1627 1821 1688 λαϐοῦσα
1847 1633 1948 1700 τήν

286 1723 378 1782 διὰ
435 1728 618 1805 ξίφους
681 1725 974 1802 ἀπόφασιν,
1062 1724 1151 1780 καὶ
1235 1722 1752 1800 ἀποκεφάλισθεῖσα,
1811 1722 1950 1799 πρὸς

290 1817 510 1894 Κῦριον,
535 1816 593 1872 δν
624 1815 915 1886 ἐπόθησεν,
951 1811 1302 1886 ἐξεδήμησεν.

714 1916 721 1927 ’
842 1924 1024 1980 ΜΙΙΝΙ
1057 1923 1149 1978 Tu
1180 1923 1377 1980 ΑΥΤΩ.

1074 2015 1153 2070 ΙΔ⁹

495 2105 705 2176 Μνήμη
756 2105 853 2156 τοῦ
904 2101 1058 2176 ἁγίου
1102 2102 1392 2176 προφήτου
1425 2098 1730 2157 Ἐλισαίου.

345 2228 631 2290 Ἐλισαῖος
665 2229 693 2282 ὁ
729 2229 896 2302 μέγας
928 2227 1017 2282 καὶ
1075 2223 1290 2300 ἔνδοξος
1341 2230 1437 2281 τοῦ
1469 2229 1604 2283 Θεοῦ
1635 2229 1947 2305 προφήτης,

268 2321 336 2390 ἦν
373 2321 471 2393 μὶν
505 2320 564 2374 ἐκ
591 2326 691 2390 τῆς
751 2317 1035 2386 Ἰουδαίας,
1097 2318 1156 2374 ἐκ
1211 2325 1314 2386 τῆς
1371 2324 1474 2392 γῆς
1524 2314 1799 2391 Ῥοϐυὴμ..
1831 2316 1948 2382 υἱὸς

267 2408 330 2466 δὲ
389 2411 683 2488 Ἰωσαφάτ.
744 2410 873 2466 ⁶Οτε
932 2407 990 2463 δὲ
1063 2407 1268 2481 ἔμελλε
1319 2415 1672 2483 γεννηθῆναι,
1731 2407 1945 2483 ἐγένετο

272 2500 534 2574 μέγιστον
587 2504 842 2572 σημεῖον.
898 2499 962 2555 Ἦ
1021 2499 1124 2573 γάρ
1183 2505 1363 2574 χρυσῆ
1400 2495 1659 2570 δάμαλις,
1690 2500 1724 2567 ἡ
1760 2499 1812 2552 ἐν
1844 2503 1942 2552 Σι-

272 2587 426 2662 λὼμ,
463 2589 642 2654 οὕτως
672 2584 870 2658 ἐϐόησε
931 2589 1094 2662 μέγα,
1151 2590 1227 2652 ὡς
1283 2587 1616 2656 ἀκουσθῆναι
1659 2587 1712 2643 ἐν
1739 2590 1942 2660 Ἰερου-

266 2681 488 2752 σαλῆμ,
521 2679 599 2742 ὡς
645 2679 737 2734 καὶ
794 2679 886 2733 τὸν
943 2677 1090 2751 ἱερέα
1153 2676 1324 2732 εἰπεῖν
1357 2675 1446 2732 διὰ
1473 2682 1583 2733 τῶν
1615 2675 1825 2748 δηλῶν,
1859 2677 1943 2733 ὅτι

270 2772 575 2845 Προφήτης
638 2768 808 2843 μέγας
866 2767 1060 2842 ἐτέχθη
1119 2766 1171 2822 ἐν
1253 2768 1622 2843 Ἰερουσαλὴμ
1679 2770 1940 2842 σήμερον,

267 2860 416 2922 ὅστις
480 2855 706 2924 καθελεῖ
760 2857 827 2912 τὰ
883 2855 1122 2933 γλυπτᾶ,
1200 2857 1291 2912 καὶ
1368 2856 1642 2930 συντρίψει
1699 2857 1767 2911 τὰ
1823 2876 1943 2931 χω-

264 2951 448 3017 mea,
484 2949 576 3004 καῖ
609 2949 830 3019 ποιήσει
879 2947 1134 3020 τεράστια
1196 2943 1427 3021 μεγάλα.
1485 2947 1554 3004 ’Ὀ
1609 2942 1677 3015 δὴ
1716 2944 1805 3000 καὶ
1847 2946 1940 3020 γέ-

268 3057 448 3114 γονεν·
481 3037 573 3092 καὶ
603 3037 708 3113 γάρ
767 3038 857 3091 καὶ
915 3036 981 3090 τά
1037 3035 1398 3110 Ἱεριχοῦντια
1428 3031 1595 3088 ὕδατα
1623 3033 1942 3089 ἀτεκνοῦντα

270 3131 477 3200 ἰάσατο,
523 3129 662 3192 ἅλας
715 3123 993 3184 ἰπιϐαλὼν
1053 3127 1259 3190 αὐτοῖς,
1316 3127 1420 3184 Καὶ
1469 3125 1695 3201 νεκροὺς
1726 3125 1935 3203 ἤγειρε,

263 3223 353 3278 καῖ
417 3220 635 3294 Νεεμάν
689 3221 781 3274 τὸν
837 3218 1009 3294 Σύρον
1065 3217 1267 3294 λεπρὸν
1329 3212 1455 3272 ὅντα
1511 3217 1936 3292 ἇκαθάρισε,καῖ

264 3317 424 3382 Γιεζῆ
484 3312 580 3366 τὸν
632 3310 910 3381 ὑπηρέτην
998 3307 1185 3377 αὑτοῦ,
1274 3306 1607 3384 φιλάργυρον
1667 3301 1794 3361 ὄντα
1847 3306 1939 3360 καὶ

264 3405 578 3476 παρήκοον,
640 3399 967 3472 έλέπρωσενο
1032 3398 1122 3452 καὶ
1173 3397 1241 3452 τὰ
1299 3393 1568 3468 Ἰορδάνια
1628 3396 1815 3473 ῥεῖθρα
1867 3399 1938 3468 τῇ

275 3491 515 3564 μηλωτῇ
575 3491 813 3560 πατάξας
870 3486 1139 3564 διέρρηξε·
1201 3485 1294 3542 καὶ
1342 3486 1465 3560 περὶ
1519 3493 1620 3556 τῆς
1670 3490 1768 3541 τοῦ
1807 3487 1938 3558 Χρι-

279 3584 410 3634 στοῦ
468 3581 762 3650 παρουσίας
824 3576 1013 3632 πολλὰ
1071 3576 1476 3655 προφητεύσας,
1539 3576 1788 3645 ἀπέθανε,
1847 3577 1938 3631 καὶ

279 3668 461 3743 ὶτάφη
493 3668 545 3722 έν
575 3668 845 3743 Σαμαρείᾳ
877 3667 928 3722 ἐν
965 3661 1426 3723 Σεϐαστουπόλει.

396 3783 495 3841 Καὶ
543 3787 728 3860 μνήμη
779 3787 882 3860 τοῦ
927 3781 1081 3860 ἁγίου
1112 3783 1511 3860 ἱερομάρτυρος
1544 3778 1828 3856 Κυρίλλου

815 3855 1114 3911 ἐπισκόπου
1159 3857 1401 3927 Κρήτης.

341 3989 628 4064 Κῦριλλος
681 3991 709 4046 ὃ
755 3995 899 4054 θεῖος
946 3986 1280 4066 ἱερομάρτυς
1331 3989 1578 4064 ὑπῆρχεν
1625 3985 1710 4042 ἐπὶ
1761 3987 1940 4058 Μαξι-

269 4085 470 4154 μιανοῦ
529 4083 628 4135 τοῦ
687 4080 978 4154 βασιλέως,
1045 4079 1191 4152 πάσῃ
1261 4077 1426 4152 ἀρετῇ
1496 4077 1936 4152 κεκοσμημένος,

264 4169 358 4224 καὶ
390 4171 690 4232 έπίσκοπος
723 4164 796 4224 ὥν
845 4175 945 4238 τῆς
987 4167 1040 4223 ἐ)
1094 4171 1161 4241 τῇ
1220 4169 1402 4242 Κρήτῃ
1437 4165 1589 4241 ἁγίας
1620 4166 1934 4238 ἐκκλησίας.

263 4258 562 4337 ’Υπάρχων
640 4258 698 4314 δὲ
775 4259 993 4333 χρόνων
1082 4256 1407 4328 ἐνενήκοντα
1467 4258 1552 4312 καὶ
1613 4254 1792 4325 πέντε,
1845 4258 1938 4313 καὶ

265 4347 412 4426 ἔχων
448 4350 666 4412 οἷκέτοις
706 4347 824 4417 δύο,
876 4349 1151 4426 Θεοφάνην
1207 4350 1297 4403 καὶ
1336 4347 1726 4424 Θεοχάριστον,
1758 4349 1937 4424 ἀπήρ-

263 4461 401 4517 χετο
439 4441 558 4513 μετ’
618 4439 797 4494 αὐτῶν
851 4438 926 4501 εἰς
983 4438 1036 4492 ἓν
1084 4441 1192 4492 τῶν
1243 4436 1639 4512 μοναστηρίων.
1675 4439 1773 4492 Καὶ
1805 4435 1935 4492 ἰδὼν

260 4531 389 4594 καθ’
422 4527 551 4585 ὁδὸν
583 4528 711 4592 τοὺς
767 4525 1177 4602 εῗδωλολάτρας
1233 4525 1459 4590 θύοντας
1507 4532 1624 4590 τοῖς
1657 4525 1936 4594 εἰδώλοις,

2052 645 2175 701 viro
2201 645 2443 714 illustri,
2479 648 2888 721 quinquennis
2926 649 3293 723 baptismum
3348 650 3612 723 suscepit
3637 650 3711 707 ab

2053 736 2284 792 Eutalio
2336 739 2614 812 episcopo
2658 755 2673 796 :
2733 740 2948 797 deinde
2998 741 3304 812 decennis,
3377 748 3714 799 coastaneas

2053 826 2285 899 puellas
2315 827 2557 897 docens,
2591 829 2666 885 ab
2706 830 3002 887 idolorum
3063 833 3226 889 cultu
3283 832 3608 902 abstinere,
3638 831 3716 888 ad

2053 916 2270 973 Christi
2303 919 2481 975 ﬁdem
2511 936 2694 976 manu
2728 920 2999 979 ducebat.
3024 923 3248 980 Idcirco
3271 939 3305 980 a
3325 922 3586 996 quodam
3615 923 3716 979 Ni-

2055 1006 2274 1063 candro
2307 1008 2622 1066 idololatra
2651 1011 2807 1084 apud
2839 1011 3099 1085 regionis
3148 1013 3467 1085 prasidem
3492 1012 3712 1082 delata,

2054 1097 2486 1168 comprehensa
2516 1099 2630 1154 fuit
2661 1117 2675 1156 :
2701 1106 2879 1172 atque
2911 1101 2984 1156 ad
3011 1103 3402 1173 qumstionem
3435 1101 3712 1169 adducta,

2055 1202 2190 1242 cum
2221 1186 2436 1243 Christi
2467 1205 2686 1245 nomen
2711 1207 2912 1246 coram
2958 1191 3234 1247 omnibus
3262 1191 3531 1263 professa
3560 1190 3717 1246 fuis-

2055 1281 2163 1343 set,
2197 1277 2519 1334 saavissime
2551 1277 2800 1334 caeditur
2830 1279 3158 1352 ferreisque
3182 1280 3412 1336 subulis
3442 1278 3712 1337 ardenti-

2054 1364 2164 1421 bus
2195 1382 2369 1422 aures
2401 1367 2594 1424 eidem
2655 1368 2803 1424 adeo
2862 1370 3224 1439 ustulantur,
3283 1376 3348 1426 ut
3404 1368 3646 1444 sanguis
3681 1384 3711 1425 e

2052 1455 2299 1511 naribus
2330 1461 2388 1510 et
2416 1456 2616 1514 fumus
2649 1475 2678 1513 e
2707 1459 2901 1531 capite
2953 1465 3313 1532 erumperet.
3354 1459 3581 1515 Deinde
3611 1473 3710 1515 ca-

2051 1545 2194 1618 pitis
2227 1545 2527 1614 damnata,
2549 1547 2882 1604 decollatur
2907 1566 2919 1604 :
2941 1556 3120 1622 atque
3152 1549 3235 1606 ita
3265 1547 3340 1606 ad
3371 1549 3712 1618 Dominum,

2057 1651 2236 1707 quem
2273 1641 2593 1709 optaverat,
2636 1638 2926 1713 migravit.

2608 1904 2849 1962 EODEM
2889 1905 3146 1964 MENSE.

2552 1993 2654 2050 Die
2704 1995 2937 2052 decima
2983 2003 3196 2068 quarta

2259 2083 2715 2141 Commemoratio
2760 2088 2939 2142 sancti
2979 2086 3268 2158 prophetae
3299 2083 3510 2144 Elisa'i.

2122 2211 2366 2284 Magnus
2397 2217 2453 2267 et
2511 2211 2804 2286 gloriosus
2840 2215 2938 2271 liei
2993 2214 3282 2288 propheta
3335 2214 3586 2271 Elismus
3637 2230 3709 2272 ex

2049 2299 2253 2357 Juda-a
2277 2301 2350 2357 de
2383 2306 2542 2358 terra
2588 2303 2834 2359 Reboim
2885 2304 3055 2360 duxit
3081 2305 3395 2378 originem.
3428 2305 3712 2378 Josaphat

2051 2397 2219 2461 patre
2250 2398 2445 2446 natus.
2484 2393 2748 2449 Instante
2788 2400 2986 2449 autem
3015 2394 3110 2450 die
3141 2395 3326 2450 natali
3378 2394 3587 2466 ipsius.
3619 2394 3711 2450 in-

2052 2497 2198 2554 gens
2237 2481 2454 2538 accidit
2510 2483 2867 2557 prodigium.
2915 2485 3105 2540 Vitula
3155 2485 3375 2557 quippe
3427 2501 3610 2542 aurea
3643 2485 3708 2541 in

2053 2571 2238 2628 Silom
2271 2572 2578 2633 collocata.
2614 2579 2780 2629 tanta
2800 2590 2938 2630 voce
2961 2573 3261 2638 clamavit,
3287 2581 3352 2629 ut
3374 2574 3715 2648 Hierosoly-

2051 2661 2168 2716 mis
2197 2661 2526 2728 audiretur,
2561 2668 2620 2718 et
2649 2663 2927 2720 sacerdos
2956 2681 3028 2720 ex
3057 2680 3125 2720 eo
3155 2672 3422 2721 monstro
3448 2681 3712 2722 commo-

2053 2756 2147 2806 tus
2177 2750 2402 2807 diceret
2432 2767 2448 2806 :
2481 2752 2775 2825 Pr0pheta
2798 2770 3046 2825 magnus
3078 2754 3257 2810 hodie
3286 2754 3712 2827 Hierosolymis

2051 2847 2227 2896 natus
2259 2847 2369 2908 est,
2393 2840 2495 2912 qui
2526 2842 2756 2898 auferet
2777 2844 3097 2915 sculptilia,
3125 2849 3185 2899 et
3207 2843 3537 2900 conﬂatilia
3565 2861 3708 2900 con-

2050 2936 2222 2998 teret,
2248 2937 2304 2986 et
2323 2931 2586 3002 ingentia
2608 2931 2878 3006 prodigia
2898 2933 3095 2990 faciet.
3130 2933 3296 2999 Quod
3328 2941 3388 2990 et
3416 2935 3710 3008 contingit

2055 3020 2192 3075 Nam
2245 3024 2303 3075 et
2348 3019 2830 3077 Hierichuntiuas
2871 3023 3015 3079 I83
3046 3039 3232 3094 aquas
3264 3024 3499 3081 steriles
3530 3039 3703 3081 sana-

2048 3109 2149 3176 vit,
2183 3108 2403 3181 injecto
2431 3109 2492 3164 in
2519 3110 2678 3181 ipsas
2698 3110 2821 3166 sale
2850 3127 2862 3165 :
2897 3121 2956 3166 et
2983 3117 3252 3167 mortuos
3277 3112 3614 3168 suscitavit:
3647 3118 3708 3168 et

2054 3200 2423 3255 Naamanum
2475 3200 2685 3272 Syrum
2746 3200 3044 3273 leprosum
3080 3203 3422 3259 mundavit:
3454 3209 3512 3258 et
3547 3204 3700 3260 Giezi

2054 3290 2395 3345 ministrum
2424 3307 2597 3346 suum
2629 3293 2896 3363 pecunias
2927 3292 3230 3364 cupidum,
3263 3298 3324 3349 et
3352 3292 3704 3350 inobedien-

2049 3383 2166 3434 tem
2194 3378 2360 3450 lepra
2381 3380 2714 3451 percussit:
2748 3380 2939 3452 deque
2967 3381 3186 3438 Christi
3227 3381 3483 3438 adventu
3515 3382 3706 3439 multa

2045 3469 2422 3525 vaticinatus.
2473 3468 2750 3540 decessit,
2810 3476 2869 3526 et
2907 3471 2970 3527 in
3010 3469 3276 3528 Samaria
3305 3470 3372 3528 in
3411 3471 3556 3530 urbe
3606 3471 3704 3529 Se-

2046 3557 2212 3613 baste
2245 3557 2515 3630 sepultus
2545 3576 2629 3615 es.

2043 3780 2118 3836 Et
2148 3784 2590 3838 commemoratio
2618 3785 2953 3838 sacrosancti
3007 3786 3268 3855 martyris
3328 3784 3527 3855 Cyriui
3579 3785 3705 3857 epi-

2687 3876 2840 3943 scopi
2868 3873 3059 3930 Creta.

2116 3984 2363 4041 Divinus
2385 3991 2443 4042 et
2463 3992 2862 4061 sacromartyr
2881 3987 3155 4060 Cyrillus,
3177 3988 3510 4061 imperante
3532 3991 3706 4046 Maxi-

2045 4074 2270 4142 miano,
2298 4076 2580 4132 omnibus
2608 4077 2924 4132 virtutibus
2982 4077 3217 4145 claruit,
3259 4085 3482 4135 sanctas
3512 4077 3701 4136 eccleo

2047 4164 2148 4219 size
2169 4165 2432 4220 Cretensi
2466 4166 2780 4239 episcopus
2813 4167 3146 4239 praefectus.
3181 4168 3323 4223 Cum
3348 4185 3483 4224 vero
3513 4185 3706 4226 nona-

2044 4253 2208 4327 ginta
2237 4260 2294 4311 et
2325 4256 2590 4326 quinque
2623 4273 2812 4313 annos
2843 4264 3061 4331 ageret,
3095 4263 3153 4313 et
3181 4257 3478 4329 quoddam
3505 4275 3707 4315 mona.

2047 4345 2295 4400 sterium
2353 4362 2473 4401 una
2529 4363 2662 4401 cum
2718 4347 3118 4418 Theophane,
3170 4354 3228 4401 et
3281 4347 3702 4404 Theocharisto

2043 4433 2439 4491 familiaribus
2469 4435 2591 4490 suis
2624 4442 2869 4506 peteret,
2895 4436 3185 4508 quosdam
3217 4436 3565 4493 idololatras
3597 4454 3706 4509 per

2042 4523 2196 4579 viam
2245 4523 2423 4579 idolis
2466 4524 2870 4581 sacrificantes
2927 4525 3327 4597 conspicatus.
3379 4527 3686 4597 ingemuit.

263 4617 536 4690 ἐστέναξε.
573 4617 676 4676 Καὶ
727 4618 991 4694 γνωσθεὶς
1051 4615 1134 4670 ὅτι
1194 4614 1520 4689 Χριστιανός
1579 4615 1744 4681 ἐστιν,
1777 4615 1937 4691 ἐκρα-

2054 4613 2193 4668 Hinc
2215 4614 2451 4686 agnitus
2477 4631 2582 4686 pro
2610 4615 2966 4673 Christiano.
3017 4616 3090 4671 ab
3118 4615 3239 4672 illis
3269 4624 3476 4689 captus
3499 4624 3606 4682 est,
3644 4625 3706 4674 et

259 4709 414 4776 τήθη
444 4707 576 4780 παρ’
607 4705 808 4776 αὐτῶν,
857 4705 947 4760 καὶ
1007 4701 1340 4774 ἀπεκλείσθη
1402 4703 1478 4766 εἰς
1536 4703 1807 4779 φυλακήν·
1840 4705 1930 4760 καὶ

262 4797 319 4853 ἰν
355 4797 499 4868 αὐτῇ
533 4795 858 4872 εὐχόμενος,
916 4793 1119 4864 ἤκουσε
1176 4797 1364 4870 φωνῆς
1414 4793 1700 4862 οὐρανόθεν
1735 4793 1933 4871 λεγού-

265 4909 374 4958 σης
432 4886 605 4958 αὐτῷ’
667 4885 934 4957 Κὺριλλε,
994 4884 1190 4960 χρῄζω
1272 4905 1367 4939 σου
1446 4884 1499 4939 ἐν
1554 4886 1769 4961 Ῥώμῃ.
1829 4887 1934 4942 Καὶ

266 4978 656 5052 ἀνεῳχθεισῶν
715 4981 822 5030 τῶν
884 4979 1084 5047 θυρῶν,
1145 4974 1360 5043 ἀπῆλθε
1413 4974 1506 5029 καὶ
1565 4974 1640 5037 εἰς
1685 4977 1932 5048 Ῥώμην,

267 5067 375 5123 Καὶ
409 5067 666 5140 στηρίξας
722 5065 851 5128 τοὺς
905 5062 1200 5141 ἀδελφοὺς,
1256 5062 1422 5119 πάλιν
1483 5065 1810 5140 ὑπέστρεψεν
1861 5065 1936 5126 εἰς

261 5159 522 5228 Κρήτην.
587 5156 688 5212 Καὶ
751 5155 1037 5229 κρατηθεὶς
1093 5154 1238 5207 πατὰ
1291 5156 1386 5207 τοῦ
1445 5151 1742 5229 ἄρχοντος,
1775 5150 1938 5210 ἔλαϐε

258 5249 368 5316 τήν
416 5244 508 5301 διά
541 5243 729 5324 ξίφους
778 5245 1067 5322 ἀπόφασιν.
1125 5243 1227 5299 Καὶ
1279 5241 1537 5305 έπιιεθεῖς
1581 5243 1656 5306 εἷς
1706 5245 1934 5318 ἅμαξαν,

263 5332 360 5390 διὰ
387 5336 452 5391 τὸ
511 5336 589 5408 μὴ
649 5332 904 5389 δύνασθαι
965 5337 1282 5406 περιπατεῖν
1337 5329 1397 5386 ἐκ
1449 5335 1549 5387 τοῦ
1605 5336 1812 5410 γήρως·
1845 5335 1932 5390 καὶ

260 5427 459 5503 ἀχθεὶς
494 5427 570 5489 εῗς
619 5427 712 5481 τὸν
762 5423 930 5478 τόπον
975 5425 1083 5478 τῶν
1130 5419 1462 5491 καταδίκων,
1507 5422 1936 5503 ἀπεκεφαλίσθη.

263 5561 374 5620 Καὶ
435 5563 630 5636 μνήμη
690 5562 788 5614 τοῦ
845 5557 896 5612 ἐν
954 5557 1135 5632 ἁγίοις
1191 5557 1399 5630 Ματρὸς
1455 5557 1616 5629 ἡμῶν
1671 5557 1939 5624 Μεθοδίου

581 5641 931 5718 πατριάρχου
984 5636 1633 5701 Κωνσταντινουπόλεως.

341 5737 614 5833 Μεθόδιος
667 5768 695 5825 ὁ
746 5763 800 5822 ἐν
849 5763 1022 5840 ἁγίοις
1071 5763 1256 5840 Πατὴρ
1305 5763 1467 5839 ἡμῶν
1497 5761 1721 5842 ὑπῆρχε
1751 5766 1849 5842 μὶν
1881 5765 1940 5838 ἐκ

2044 4704 2267 4758 carceri
2300 4704 2691 4776 mancipatus.
2723 4705 2828 4761 Ubi
2875 4722 3075 4776 orans,
3106 4707 3252 4762 caalo
3267 4708 3572 4780 delapsam
3603 4724 3705 4764 vo-

2046 4809 2174 4848 cem
2205 4791 2427 4848 audivit
2459 4810 2470 4848 :
2507 4794 2746 4866 Cyrille,
2787 4801 2888 4851 tua
2929 4811 3112 4867 opera
3142 4798 3341 4852 Romae
3371 4798 3566 4854 adhuc
3607 4799 3705 4855 in-

2048 4881 2242 4954 digeo.
2273 4883 2590 4938 Patefactis
2621 4900 2757 4956 ergo
2787 4885 2966 4940 simul
3004 4886 3252 4946 foribus.
3289 4889 3532 4944 Romam
3564 4904 3708 4960 pro-

2045 4972 2237 5026 fectus
2268 4978 2397 5027 est:
2431 4989 2685 5044 cumque
2706 4973 2918 5029 fratres
2950 4977 3384 5037 confirmasset.
3421 4979 3702 5033 rursusin

2046 5063 2280 5118 Cretam
2314 5061 2491 5116 rediit
2525 5077 2538 5117 :
2571 5062 2671 5116 ubi
2703 5079 2737 5118 a
2769 5063 3020 5134 praside
3079 5067 3568 5138 comprehensus,
3603 5083 3704 5122 ca-

2047 5151 2188 5223 pitis
2212 5151 2568 5206 sententiam
2593 5154 2840 5223 accepit.
2865 5154 3056 5218 Quare
3080 5155 3345 5226 plaustro
3367 5156 3705 5226 impositus,

2049 5241 2190 5312 quia
2208 5240 2282 5295 ob
2305 5247 2672 5297 senectutem
2708 5241 2954 5313 pedibus
2971 5244 3249 5300 incedere
3269 5245 3576 5314 nequibat,
3600 5243 3707 5299 ad-

2050 5329 2385 5402 ductusque
2413 5332 2476 5386 in
2508 5331 2706 5389 locum
2730 5333 3031 5405 supplicii,
3055 5333 3388 5390 decollatus
3418 5333 3552 5388 fuit.

2049 5563 2119 5620 Et
2147 5567 2795 5640 commemoratiogsancti
2845 5567 3031 5623 Patris
3078 5567 3251 5640 nostri
3295 5566 3566 5624 Μειλοάἰί
3594 5583 3707 5640 pa-

2408 5638 2673 5697 triarchae
2723 5638 3344 5709 Constantinopolitani.

2121 5772 2370 5830 Sanctus
2401 5773 2575 5832 Pater
2603 5778 2808 5831 noster
2835 5771 3165 5830 Methodius
3203 5772 3458 5847 Siculus,
3490 5791 3704 5836 mona-
