4108 6440
406 405 526 469 499
1727 393 2028 459 MENOLC

2224 394 2405 479 mas
2448 395 2553 456 ιιι.
3718 399 3846 460 500

414 538 562 593 chu‘s
589 534 802 601 factus,
834 538 892 589 et
918 531 1099 588 variis
1140 530 1662 587 exercitationibus
1709 547 1917 588 omnes
1946 530 2035 585 vir

2227 532 2280 596 ῖς
2339 523 2614 589 Σικελίας“
2679 526 2919 603 μοναχὸς
2977 524 3035 582 δὲ
3086 527 3402 603 γενόμενος,
3433 526 3525 585 καὶ
3556 526 3849 608 διαφόροις

416 631 575 682 tutes
586 627 914 691 assecutus,
927 623 1009 677 ita
1022 620 1264 678 demum
1279 620 1863 694 Constantinopolim
1883 620 2038 676 venit

2221 618 2435 688 τκήσεσι
2488 620 2660 673 πᾶσαν
2723 618 2920 691 ἀρετήν
2974 621 3348 693 κατορθώσας,
3408 615 3606 698 ἔφθασε
3667 622 3843 696 μέχρι

415 714 941 771 iconomachorum
1001 729 1135 767 vero
1176 711 1589 785 persecutione
1648 708 1959 782 gliscente,
2006 706 2037 761 i1

2221 706 2262 760 ιί
2311 712 2414 777 τῆς
2463 706 3121 771 Κωνσταντινουπόλεως.
3175 709 3272 765 Καὶ
3324 707 3416 765 διὰ
3474 711 3566 767 τὸν
3632 709 3843 766 ἐπικεί-

416 806 673 877 quodam
706 811 822 860 Situ
855 803 1074 859 montis
1124 803 1501 875 episcopatus
1531 800 1658 856 Chii
1726 802 2038 854 constructi

2223 815 2337 850 ενον
2385 792 2628 873 διωγμὸν
2678 801 2787 852 τῶν
2847 796 3253 874 εἷκονομάχων,
3310 799 3362 854 ἐν
3416 803 3485 874 τῇ
3542 809 3845 872 τοποθεσιᾳ⁴

413 895 797 955 monasterio.
831 893 913 948 ibi
944 894 1236 949 consedit.
1264 891 1632 964 thuoniam
1655 888 2035 945 iconomacho

2221 889 2267 939 ὤ
2298 881 2460 961 ὅρους
2488 892 2592 957 τῆς
2649 884 2953 958 ἐπισκοπῆς
3013 888 3154 945 Χίου
3224 891 3591 964 μονασττςριον
3624 890 3843 957 κτίσας,

413 1001 547 1041 rum
576 984 854 1040 hmresim
888 982 1078 1038 doctis
1124 981 1510 1056 argumentis,
1542 986 1600 1035 et
1628 979 2035 1050 Scripturarun

2219 981 2286 1030 ιεῖ
2314 976 2758 1051 προσεκαθέζετο.
2815 976 2914 1033 Καὶ
2968 974 3058 1032 διά
3113 980 3177 1034 τὸ
3228 980 3327 1049 τήν
3361 979 3566 1055 αἳρεσιν
3602 983 3700 1052 μὶν
3729 982 3841 1034 τῶν

414 1073 587 1130 dictis
620 1079 882 1131 evertere
914 1071 1165 1128 adorsus
1198 1078 1308 1138 est,
1342 1071 1641 1141 {idemque
1672 1066 2036 1124 orthodoxam

2224 1066 2578 1141 κονομάχων,
2665 1071 2858 1145 σοφαῖς
2944 1064 3271 1142 ἀποδείξεσι,
3357 1069 3449 1125 καὶ
3536 1073 3842 1144 Γραφικαῖς

411 1164 775 1222 sanctissimi
810 1164 911 1220 Dei
940 1163 1213 1220 ecclesiis
1236 1177 1589 1235 proponere,
1624 1159 1842 1215 multas
1873 1163 2033 1213 tenta

2219 1156 2393 1225 νίσεσιν
2449 1155 2786 1231 ἀνατρέπειν,
2846 1157 2946 1226 τήν
3004 1154 3062 1213 δὲ
3115 1155 3407 1234 ὀρθόδοξον
3468 1160 3651 1214 πίστιν
3718 1163 3841 1223 ταῖς

409 1255 604 1311 tiones
634 1270 1054 1326 aerumnasque
1086 1253 1284 1309 subiit.
1322 1254 1644 1323 Postquam
1663 1245 1865 1305 autem
1884 1247 2031 1303 Thec

2220 1243 2501 1318 τιωτάταις
2548 1249 2647 1300 τοῦ
2695 1250 2831 1302 Θεοῦ
2880 1244 3195 1317 ἐκκλησίαις
3246 1243 3553 1325 βραϐεύειν,
3584 1244 3842 1311 πολλοὺς

404 1344 608 1417 philus
640 1345 761 1400 vita
788 1342 1028 1399 functus
1077 1342 1210 1411 fuit,
1244 1346 1302 1398 et
1333 1341 1489 1397 184
1534 1338 1863 1396 orthodoxa
1918 1336 2026 1392 fide

2217 1332 2532 1410 ειρασμοῦς,
2617 1336 2706 1391 καὶ
2796 1333 3090 1415 διαφόρους
3175 1340 3441 1402 κακώσεις
3525 1336 3839 1411 ὑπέμεινεν,

405 1435 664 1501 refulsit,
690 1435 865 1509 juxta
897 1433 1086 1491 sancti
1127 1432 1417 1490 Joannicii
1454 1431 1822 1498 vaticinium,
1852 1428 1925 1485 ab
1955 1428 2027 1483 im

2218 1428 2299 1481 )ts
2348 1421 2405 1479 δὲ
2463 1420 2733 1504 Θεόφιλος
2793 1425 2822 1481 ὁ
2887 1425 3145 1501 βασιλεὺς
3199 1426 3343 1484 τὲλει
3384 1427 3505 1504 βίου
3536 1426 3840 1502 ἐχρήσατο,

406 1526 701 1597 peratrice
726 1524 1055 1591 Theodora,
1094 1524 1342 1596 ejusque
1392 1522 1516 1579 filio
1558 1518 1841 1576 Michaele
1866 1534 2028 1575 accer

2218 1514 2260 1568 ιὶ
2312 1515 2347 1583 ἡ
2408 1511 2701 1588 ὀρθόδοξος
2756 1512 2939 1578 πίστις
3010 1509 3247 1593 ἔλαμψε,
3295 1516 3651 1593 προσεκλήθη
3729 1517 3840 1572 ὑπὸ

410 1617 580 1685 situs,
613 1614 1307 1688 Constantinopolitanus
1361 1612 1701 1686 patriarcha
1754 1609 2032 1667 ordinatu

2220 1601 2457 1679 εοδώρας
2483 1611 2586 1675 τῆς
2622 1603 2931 1681 βασιλίδος,
2954 1607 3045 1662 καὶ
3079 1608 3325 1684 Μιχαὴλ
3353 1609 3479 1663 υἱοῦ
3506 1609 3677 1676 αὐτῆς
3700 1609 3842 1671 κατά

408 1705 539 1762 fuit.
569 1704 839 1777 Cumque
873 1705 1280 1778 episcopatum
1313 1719 1501 1759 annos
1532 1706 1788 1774 quatuor
1819 1705 1877 1755 et
1895 1715 2030 1755 men

2216 1689 2479 1769 ρόρῥτ,σιν
2538 1696 2635 1748 τοῦ
2693 1693 2844 1749 ὁσίου
2900 1694 3253 1769 Ἱωαννικίου,
3284 1696 3375 1752 καὶ
3434 1696 3838 1772 ἐχειροτονήθη

410 1811 504 1850 ses
530 1799 651 1851 tres
683 1795 995 1863 tenuisset,
1029 1794 1303 1850 decessit.

2219 1780 2521 1855 ατριάρχης
2579 1781 3237 1847 Κωνσταντινουπόλεως.
3298 1785 3399 1840 Καὶ
3458 1783 3841 1856 ἐπισκοπήσας

964 1938 971 1949 ,
1490 1900 1497 1904 ·
2085 1907 2134 1973 Β
2168 1868 2264 1940 ’ἐτη
2295 1870 2528 1944 τέσσαρα
2546 1870 2638 1927 καὶ
2673 1878 2850 1946 μῆνας
2878 1877 3047 1949 τρεῖς,
3080 1870 3397 1947 ἐτελειώθη,

962 2004 1203 2061 EODEM
1244 2001 1496 2059 MENSE.

2716 1992 2899 2050 MHNI
2937 1999 3027 2051 ΤΩ
3064 1994 3265 2053 ΑΥΤΩ.

932 2093 1035 2148 Die
1062 2091 1295 2148 decima
1319 2090 1532 2163 quinta
2956 2083 3043 2142 IE‘

726 2192 1013 2249 Certamen
1050 2194 1231 2251 sancti
1270 2193 1531 2262 martyris
1562 2188 1731 2245 Dulz.

2416 2177 2662 2251 Αθλησις
2703 2182 2801 2234 τοῦ
2854 2178 3010 2256 ἁγίου
3046 2180 3321 2257 μάρτυρος
3367 2178 3570 2238 Δουλᾶ.

469 2320 687 2391 Martyr
712 2318 929 2375 Christi
966 2317 1145 2374 Dulas
1187 2316 1408 2373 Cilicia;
1433 2314 1749 2388 praefectus
1772 2314 1921 2370 fuit:
1951 2314 2053 2370 sed

2229 2308 2291 2363 Ὀ
2337 2307 2435 2362 τοῦ
2491 2306 2732 2381 Χριστοῦ
2788 2303 2994 2381 μάρτυς
3055 2306 3263 2371 Δουλᾶς
3319 2307 3387 2378 ἧν
3455 2308 3553 2382 μὶν
3582 2303 3837 2383 ἔπαρχος

399 2409 682 2481 quoniam
712 2409 1014 2464 Christum
1047 2406 1302 2465 colebat.
1334 2405 1623 2479 dignitate
1655 2404 1944 2477 dejectus,
1980 2423 2021 2462 at

2217 2401 2260 2481 ξς
2291 2395 2482 2470 χώρας
2531 2391 2805 2457 Κιλικίας.
2862 2396 2961 2451 Διὰ
3010 2393 3068 2452 δὲ
3115 2397 3179 2453 τὸ
3223 2399 3315 2454 τὸν
3365 2398 3597 2473 Χριστὸν
3630 2392 3839 2469 σέϐειν,

399 2480 719 2554 Maximum
746 2497 1062 2571 praesidem
1092 2497 1327 2553 vinctus
1358 2495 1648 2553 adductus
1680 2502 1771 2552 est
1802 2513 1814 2550 :
1850 2502 1907 2551 et
1936 2497 2021 2569 pri

2218 2480 2554 2571 ιλοτριωθεὲς
2580 2487 2678 2539 τοῦ
2709 2484 3039 2559 ἀξιώματος,
3089 2483 3243 2561 ἤχθη
3290 2487 3428 2561 πρὸς
3457 2486 3553 2542 τὸν
3586 2486 3840 2562 ἡγεμόνα

400 2602 565 2643 mum
598 2570 836 2659 quidem
878 2588 1134 2643 fustibus
1192 2585 1478 2653 caeditur;
1537 2602 1673 2641 mox
1704 2586 1863 2657 quod
1893 2586 2022 2642 idoli

2207 2573 2417 2646 [άξίμον
2450 2570 2696 2647 δέσμιος.
2731 2573 2835 2632 Καὶ
2892 2579 3110 2649 πρῶτον
3170 2576 3266 2652 μὲν
3295 2576 3554 2633 τύπτεται
3576 2571 3829 2653 ῥάϐδοις·

400 2676 643 2747 rideret,
679 2678 737 2733 in
767 2676 1044 2733 ardentes
1074 2693 1296 2749 prunas
1327 2676 1633 2748 injicitur:
1671 2674 2022 2748 postmodun

2214 2682 2343 2717 πειτα
2393 2659 2481 2717 διὰ
2535 2662 2599 2718 τὸ
2654 2662 2724 2718 τά
2780 2659 2985 2720 εἷ’δωλα
3042 2664 3334 2741 χλευάσαι,
3394 2664 3621 2738 ἐπετέθη
3679 2663 3736 2720 ἐν
3762 2669 3836 2742 τῇ

399 2766 531 2823 oleo
563 2773 738 2841 caput
768 2760 1105 2823 delibutum
1159 2766 1505 2823 ardentibus
1557 2760 1915 2823 carbonibus
1946 2784 2021 2822 sua

2206 2756 2367 2833 ιχάρᾳ
2422 2757 2920 2832 πεπυρακτωμὲνῃε
3009 2759 3110 2814 Kal
3194 2760 3329 2832 μετᾶ
3407 2762 3579 2815 ταῦτα
3643 2758 3828 2833 ἐλαίῳ

396 2872 619 2929 ponere
642 2857 987 2929 compulsus
1014 2862 1122 2912 est.
1162 2856 1379 2912 Deinde
1400 2855 1612 2928 gladiis
1632 2854 1817 2911 lumbi
1852 2856 2018 2913 eiden

2209 2847 2255 2914 ἦν
2313 2844 2558 2922 κεφαλὴν
2617 2847 2953 2921 περιχεθείς,
3009 2846 3225 2922 ἐδέξατο
3283 2849 3367 2904 ἐπ’
3424 2848 3593 2918 αὐτὴν
3628 2849 3831 2923 ἄνθρα-

397 2946 641 3014 concisi,
674 2953 732 3002 et
752 2946 942 3003 acutis
972 2946 1139 3002 teslis
1162 2945 1467 3002 lancmati.
1500 2944 1768 3001 Posthmc
1798 2945 2019 3002 interro

2212 2954 2253 2997 ις
2282 2932 2474 3008 πυρός.
2536 2936 2671 2991 Εἶτα
2725 2934 2899 3014 ξίφεσι
2954 2934 3021 2992 τὰ
3064 2936 3176 3011 ψύα
3230 2936 3535 3008 κατεκόπη,
3564 2937 3655 2994 καὶ
3692 2939 3834 3011 μετά

394 3042 563 3108 gatus
594 3052 628 3092 a
656 3037 931 3109 prmside,
991 3036 1289 3109 quomodo
1339 3034 1637 3092 Christum
1696 3037 1882 3092 Deum
1914 3052 2016 3092 esst

2217 3024 2319 3079 ἐων
2372 3023 2651 3099 ὀστράκων
2707 3020 3023 3096 κατετρίϐη.
3088 3027 3188 3084 Καὶ
3246 3027 3380 3101 μετᾶ
3408 3030 3579 3084 ταῦτα
3612 3026 3835 3103 ἐρωτη-

390 3120 646 3197 putaret,
674 3127 775 3198 qui
809 3143 879 3182 ex
911 3141 1088 3182 carne
1120 3126 1310 3183 factus
1340 3132 1518 3195 esset,
1548 3127 1886 3182 universam
1913 3127 2008 3198 eju

2214 3112 2261 3175 ὶς
2318 3112 2467 3181 παρὰ
2515 3116 2612 3168 τοῦ
2696 3114 2991 3190 ἡγεμόνος,
3049 3115 3134 3170 ’ὁτι
3192 3120 3310 3180 πῶς
3367 3115 3396 3172 ὁ
3474 3117 3713 3194 Χριστὸς
3773 3116 3832 3173 ἐν

391 3206 781 3272 ωοοῐιοῐηίὀιη
804 3217 1010 3289 paucis
1039 3217 1328 3289 exposuit.
1352 3218 1497 3272 Tum
1528 3233 1663 3272 vero
1693 3232 2013 3289 suspensus

2200 3201 2310 3279 ιρκὶ
2343 3201 2582 3278 γεγονὼς
2641 3204 2770 3266 Θεὸς
2826 3204 3128 3277 νομίζεται,
3190 3210 3364 3261 πᾶσαν
3391 3205 3488 3276 τήν
3540 3204 3703 3261 αὐτοῦ
3734 3204 3822 3259 οἱ-

391 3305 595 3361 tandiu
629 3306 1082 3362 excarniﬁcatus
1122 3314 1229 3377 est,
1291 3306 1627 3378 usquedum
1684 3307 1887 3363 omnia
1918 3308 2013 3379 eju

2199 3292 2419 3366 ονομίαν
2478 3290 2532 3347 ἐν
2590 3290 2843 3379 ἐπιτόμῳ
2901 3290 3230 3369 διηγήσατο.
3287 3295 3387 3351 Καὶ
3436 3294 3557 3350 τότε
3603 3313 3821 3379 κρεμα-

390 3411 524 3451 ossa
536 3395 925 3465 nudarentur,
950 3376 1735 3468 intestinaquedifﬂuerent.
1755 3376 2012 3468 Atquevit:

2209 3380 2303 3445 lsi;
2359 3380 2569 3454 ἐξὲσθη,
2621 3376 2725 3443 ἕως
2785 3380 3053 3459 ἐφάνησαν
3108 3382 3282 3439 πάντα
3331 3383 3399 3440 τά
3454 3381 3580 3437 ὀστᾶ
3627 3378 3831 3463 αὐτοῦ⁹

391 3486 734 3558 compulsus
762 3478 851 3543 est
871 3486 945 3543 ad
965 3486 1170 3559 viginti
1193 3466 1478 3542 milliaria
1502 3492 1769 3560 raptatus
1792 3466 2013 3560 prmcur

2211 3469 2246 3526 ιὶ
2292 3470 2359 3526 τά
2408 3466 2593 3547 ἔντερα
2642 3469 3001 3547 ἐξεχύθησαν.
3053 3472 3155 3529 Καὶ
3210 3472 3357 3529 οὑτω
3411 3472 3626 3549 τρέχειν
3662 3470 3833 3560 ἇιναγ-

388 3556 544 3645 rere,
577 3592 714 3632 cum
746 3576 991 3632 interim
1022 3593 1057 3632 a
1081 3575 1391 3633 lictoribus
1414 3575 1786 3634 atrocissime
1807 3576 2010 3651 fustiga

2213 3560 2396 3634 ισθεὶς,
2457 3560 2759 3637 συρόμενος
2817 3559 2907 3616 ἐπὶ
2967 3560 3128 3635 μίΛια
3174 3560 3370 3634 εἷ’κοσι,
3427 3563 3522 3620 καὶ
3594 3556 3835 3641 ῥάϐδοις

388 3673 504 3736 tus,
538 3666 817 3739 spiritum
849 3668 965 3723 Deo
997 3665 1259 3725 tradidit.
1958 3647 1979 3651 ⁷

2213 3650 2265 3705 τὸ
2312 3653 2421 3705 τῶν
2485 3647 2704 3739 δημίων
2774 3648 3027 3730 σφοδρῶς
3072 3653 3436 3729 τυπτόμενος,
3485 3653 3550 3710 τὸ
3602 3654 3835 3728 πνεῦμα

856 3776 861 3779 .
2040 3776 2043 3779 ‹
2152 3743 2233 3813 τῷ
2263 3743 2381 3814 Θεῷ
2411 3736 2745 3815 παρέδωκεν.

949 3865 1191 3923 EODEM
1226 3867 1479 3924 MENSE.

2687 3850 2868 3909 MHNI
2917 3856 3001 3908 ΤΩ
3054 3853 3275 3913 ΑΥΤΩ.

926 3957 1030 4011 Die
1062 3955 1293 4013 decima
1343 3962 1508 4013 sexta
2956 3942 3026 4012 Ῑξ

384 4046 535 4106 1³5
586 4045 1254 4120 Commemoratiosancti
1302 4047 1487 4105 Patris
1542 4047 1720 4105 nostri
1780 4046 2006 4120 Tycham

2211 4029 2361 4104 νήμη
2410 4032 2508 4085 τοῦ
2559 4030 2711 4087 ὁσίου
2777 4032 2990 4120 Πυρρος
3055 4034 3217 4109 ἡμῶν
3272 4032 3364 4090 καὶ
3395 4033 3833 4112 θαυματουργοῦ

1018 4119 1419 4190 thaumaturgi.
1820 4106 1845 4120 ⁷

1820 4106 1845 4120 ⁷
2842 4106 3125 4181 Τύχωνος.

453 4229 1193 4304 Tychonthaumaturgus,
1235 4230 1469 4303 piorum
1521 4236 1838 4305 parentum
1871 4229 2043 4290 sobo-

2223 4228 2416 4308 Τόχων
2484 4231 2513 4286 ὁ
2576 4232 2986 4310 θαυματουργὸς
3034 4226 3268 4290 εὐσεϐῶν
3316 4234 3528 4311 γονέων
3580 4232 3700 4300 υἱὸς
3728 4254 3841 4311 γε·-

381 4323 489 4392 les,
523 4324 597 4382 ad
629 4324 847 4381 iisdem
879 4326 998 4381 Deo
1025 4330 1409 4381 consecratus
1438 4324 1570 4382 fuit.
1594 4327 1807 4383 Postea
1844 4343 2003 4383 sacra

2218 4320 2353 4392 ινὼς,
2404 4320 2684 4399 ἀφιερώθη
2733 4326 2812 4395 τῷ
2861 4327 2977 4397 Θεῷ
3026 4325 3154 4398 παρ’
3210 4323 3410 4383 αὐτῶν.
3462 4323 3666 4382 Καῖτά
3704 4324 3840 4401 ἱερᾶ

378 4414 608 4472 litteras
640 4415 872 4483 doctus,
908 4414 981 4472 ab
1004 4415 1280 4487 episcopo
1297 4415 1726 4472 Trimethuntis
1754 4415 2000 4473 diaconu

2215 4409 2454 4485 δάμματα
2504 4413 2870 4486 μεμαθηκὼς,
2920 4413 3067 4488 παρὰ
3105 4417 3204 4470 τοῦ
3246 4419 3645 4490 Τριμεοοῦντος
3697 4413 3837 4471 ἐπι-

380 4512 471 4564 est
497 4505 847 4564 ordinatus:
871 4523 986 4577 quo
1017 4506 1317 4575 defuncto,
1341 4505 1468 4577 ipse
1490 4522 1524 4563 a
1554 4508 1758 4581 Magno
1779 4508 2002 4581 Epipha

2217 4500 2360 4556 duo»
2420 4506 2819 4578 χειροτονεῖται
2874 4500 3147 4567 διάκονος.
3215 4504 3460 4563 Ἐκείνου
3528 4501 3587 4561 δέ
3626 4503 3839 4561 τελευο

378 4596 479 4652 nio
503 4595 577 4654 ad
599 4596 1296 4669 episcopalemgthronum
1321 4604 1652 4669 provectus,
1675 4616 1796 4656 non
1818 4618 2000 4674 pauco

2212 4591 2438 4662 ςσαντος,
2505 4590 2671 4655 αὐτὸς
2733 4590 2809 4655 είς
2874 4591 2967 4648 τὸν
3032 4596 3134 4659 τῆς
3198 4592 3504 4666 ἐπισκοπῆς
3561 4593 3834 4671 ἀνάγεται

382 4684 457 4741 ab
491 4659 689 4742 errore
723 4659 821 4741 ad-
850 4659 1169 4742 Dominum
1228 4659 1528 4754 traduxit:
1588 4659 1843 4763 cumque
1875 4691 2004 4763 plur

2214 4678 2345 4735 :6vov
2390 4681 2540 4755 παρά
2580 4684 2679 4736 τοῦ
2731 4678 2982 4758 μεγάλου
3030 4682 3373 4763 Ἐπιφανίου.
3427 4683 3526 4739 Καὶ
3558 4681 3657 4738 οὐκ
3691 4681 3836 4740 ὀλί-

389 4773 680 4831 miracula
703 4780 1013 4847 patrasset,
1039 4775 1114 4831 ad
1130 4777 1447 4833 Dominum
1472 4778 1778 4852 migravit;
1812 4797 1883 4837 ex
1912 4783 2011 4853 qui

2210 4789 2287 4825 »υς
2335 4767 2443 4824 ἀπὸ
2487 4775 2591 4840 τῆς
2640 4766 2856 4841 πλάνης
2913 4769 3240 4848 ἐπιστρέψας
3292 4772 3380 4829 ἐπὶ
3428 4772 3520 4828 τὸν
3588 4771 3832 4847 Κύριον,

388 4863 500 4921 bus
530 4864 645 4921 duo
678 4866 966 4924 duntaxat
994 4867 1267 4924 referam.
1328 4870 1662 4942 Aliquando
1717 4873 1846 4945 ejus
1878 4879 2010 4945 pate

2210 4858 2241 4914 ιὶ
2302 4856 2489 4914 πολλὰ
2538 4857 2787 4945 θαύματα
2842 4862 3100 4932 ποιήσας,
3160 4863 3298 4939 πρὸς
3363 4863 3564 4939 Κύριον
3621 4860 3832 4934 ἐξεδή-

386 4970 572 5027 panes
586 4972 768 5027 puero
792 4955 1534 5016 tradideratdivendendos
1558 4978 1573 5027 ;
1607 4944 1797 5033 pistor
1825 4944 2008 5035 quipp

2212 4967 2352 5017 τεσεν,
2384 4945 2437 5018 ἐξ
2469 4948 2543 5003 ὧν
2576 4944 2672 5004 δύο
2706 4951 2847 5023 μόνα
2893 4947 3256 5026 διηγήσομαι.
3316 4953 3376 5011 Ὀ
3433 4954 3611 5025 πατὴρ
3645 4950 3834 5009 αὐτοῦ

387 5052 554 5101 erat:
577 5062 724 5119 puer
744 5064 879 5103 vero
926 5049 1182 5119 pretium
1214 5050 1527 5118 egentibus
1557 5052 1834 5123 erogavit.
1867 5053 2009 5109 Cum

2207 5036 2447 5100 >τοποιὸς
2502 5035 2600 5109 ὢν,
2651 5036 2938 5114 ἐπέτρεψεν
2990 5040 3138 5113 αὐτῷ
3177 5037 3255 5097 ἔτι
3299 5042 3482 5116 νηπίῳ
3531 5038 3665 5111 ὅντι,
3712 5061 3829 5097 πι-

387 5152 502 5207 que
543 5142 711 5208 pater
736 5154 800 5193 re
832 5144 1137 5209 comperta
1166 5137 1448 5195 adversus
1479 5156 1614 5196 eum
1646 5140 1857 5196 fuisset
1881 5158 2009 5198 com

2214 5125 2411 5182 ιάσκειν
2466 5124 2594 5191 τοὺς
2636 5125 2853 5202 ἄρτους·
2906 5128 2934 5183 ὁ
2985 5125 3043 5184 δὲ
3090 5130 3189 5200 τὴν
3243 5131 3414 5205 τιμὴν
3475 5136 3584 5188 τῶν
3634 5131 3836 5205 ἄρτων

385 5234 604 5286 motus.
636 5245 786 5300 puer
815 5228 892 5285 ad
921 5230 1202 5285 horreum
1245 5231 1509 5298 veniens,
1568 5231 1765 5287 tritico
1796 5233 2007 5304 plenum

2221 5213 2333 5271 ίδου
2397 5220 2515 5280 τοῖς
2582 5222 2857 5293 πτωχοῖς.
2925 5218 3023 5274 Καὶ
3088 5219 3249 5294 γνοὺς
3317 5221 3345 5276 δ
3410 5221 3592 5297 πατὴρ
3623 5220 3843 5296 αὐτοῦ,

382 5317 537 5389 patri
567 5318 869 5374 ostendit:
920 5319 1309 5390 quamobrem
1371 5320 1552 5376 Deum
1610 5303 2004 5394 amboiglorifi

2221 5305 2390 5379 ιγίσθη
2451 5307 2568 5363 κατ’
2626 5305 2812 5378 αὐτοῦ,
2880 5305 3008 5363 ἀλλ’
3077 5309 3105 5364 ὁ
3172 5315 3301 5373 παῖς
3351 5309 3606 5367 ἀπελθών
3648 5308 3724 5371 εἷς
3761 5313 3843 5369 τὸ

383 5404 681 5453 caverunt.
716 5398 818 5454 Die
849 5399 1108 5469 quodam
1166 5406 1468 5471 repertum
1525 5400 1657 5456 vitis
1707 5393 2005 5460 surculum

2217 5401 2345 5452 ›εῖον
2394 5395 2580 5469 αὐτοῦ,
2631 5394 2798 5472 ἔδειξε
2840 5401 2919 5471 τῷ
2965 5399 3131 5476 πατρὶ
3174 5399 3612 5478 πεπληρωμένον
3639 5400 3839 5466 σίτου,

384 5486 551 5542 humi
582 5487 842 5543 deﬁxum
874 5489 1206 5561 germinare
1230 5490 1389 5557 fecit,
1423 5490 1522 5560 qui
1552 5506 1740 5561 usque
1770 5492 1842 5548 ad
1884 5494 2000 5551 han

2214 5486 2251 5542 ιὶ
2300 5484 2551 5559 ἐδόξασαν
2591 5487 2684 5543 τὸν
2735 5489 2891 5547 Θεὸν.
2950 5488 3137 5564 Εὗρὼν
3182 5487 3240 5546 δὲ
3285 5489 3501 5566 κλῆμα,
3545 5490 3836 5571 punica;

386 5575 543 5632 diem
573 5593 852 5649 precoces
882 5595 1026 5635 uvas
1075 5578 1319 5651 profert,
1361 5595 1510 5651 quas
1541 5578 1746 5655 legunt
1769 5587 2008 5657 tempor.

2216 5575 2369 5648 οίησε
2402 5574 2731 5653 βλαστῆσαι·
2802 5576 2935 5655 ὅπερ
3003 5580 3168 5658 μέχρι
3232 5587 3338 5652 τῆς
3384 5569 3627 5657 σήμερον
3656 5569 3834 5660 φέρει

387 5664 515 5734 ejus
547 5667 1131 5725 comm‘emorationis
1161 5674 1444 5726 maturas.

2212 5664 2435 5740 »ωΐμους
2481 5664 2761 5746 σταφυλὰς
2824 5670 3200 5744 τρυγουμίνας
3242 5669 3296 5727 ἐν
3353 5674 3434 5747 τῷ
3481 5674 3659 5748 καιρῷ
3702 5678 3834 5746 τῆς

2145 5757 2373 5833 μνήμης
2407 5755 2591 5815 αὐτοῦ.
