  <div class='ocr_page' id='page_1' title='image "/cluster/home/n/w/nwhite01/storage/ocr_20150623/117/coo.31924054870211/260.png"; bbox 0 0 4108 6428; ppageno 0'>
   <div class='ocr_carea' id='block_1_1' title="bbox 323 444 421 505">
    <p class='ocr_par' dir='ltr' id='par_1_1' title="bbox 323 444 421 505">
     <span class='ocr_line' id='line_1_1' title="bbox 323 444 421 505; baseline -0.031 0"><span class='ocrx_word' id='word_1_1' title='bbox 323 444 421 505; x_wconf 77' lang='grc'>501</span> 
     </span>
    </p>
   </div>
   <div class='ocr_carea' id='block_1_2' title="bbox 531 572 1736 654">
    <p class='ocr_par' dir='ltr' id='par_1_2' title="bbox 531 572 1736 654">
     <span class='ocr_line' id='line_1_2' title="bbox 531 572 1736 654; baseline 0.003 -26"><span class='ocrx_word' id='word_1_2' title='bbox 531 572 638 634; x_wconf 77' lang='grc' dir='ltr'>Καὶ</span> <span class='ocrx_word' id='word_1_3' title='bbox 675 575 874 648; x_wconf 72' lang='grc' dir='ltr'>μνήμη</span> <span class='ocrx_word' id='word_1_4' title='bbox 905 577 1000 629; x_wconf 76' lang='grc' dir='ltr'>τοῦ</span> <span class='ocrx_word' id='word_1_5' title='bbox 1031 573 1183 649; x_wconf 75' lang='grc' dir='ltr'>ἁγίου</span> <span class='ocrx_word' id='word_1_6' title='bbox 1215 576 1502 654; x_wconf 75' lang='grc' dir='ltr'>προφήτου</span> <span class='ocrx_word' id='word_1_7' title='bbox 1529 573 1736 649; x_wconf 84' lang='grc' dir='ltr'>Ἀμώς.</span> 
     </span>
    </p>
   </div>
   <div class='ocr_carea' id='block_1_3' title="bbox 379 697 1978 780">
    <p class='ocr_par' dir='ltr' id='par_1_3' title="bbox 379 697 1978 780">
     <span class='ocr_line' id='line_1_3' title="bbox 379 697 1978 780; baseline -0.001 -24"><span class='ocrx_word' id='word_1_8' title='bbox 379 699 569 774; x_wconf 79' lang='grc' dir='ltr'>’Λμὼς</span> <span class='ocrx_word' id='word_1_9' title='bbox 603 701 630 755; x_wconf 75' lang='grc' dir='ltr'><strong>ὁ</strong></span> <span class='ocrx_word' id='word_1_10' title='bbox 661 697 880 772; x_wconf 78' lang='grc' dir='ltr'>ἔνδοξος</span> <span class='ocrx_word' id='word_1_11' title='bbox 913 703 1002 756; x_wconf 81' lang='grc' dir='ltr'>καὶ</span> <span class='ocrx_word' id='word_1_12' title='bbox 1046 704 1216 776; x_wconf 71' lang='grc' dir='ltr'>μέγας</span> <span class='ocrx_word' id='word_1_13' title='bbox 1267 704 1556 780; x_wconf 70' lang='grc' dir='ltr'>προφήτης</span> <span class='ocrx_word' id='word_1_14' title='bbox 1610 699 1871 777; x_wconf 68' lang='grc' dir='ltr'>ἐγεννήθη</span> <span class='ocrx_word' id='word_1_15' title='bbox 1920 698 1978 755; x_wconf 75' lang='grc' dir='ltr'>ἐκ</span> 
     </span>
    </p>
   </div>
   <div class='ocr_carea' id='block_1_4' title="bbox 317 787 1979 870">
    <p class='ocr_par' dir='ltr' id='par_1_4' title="bbox 317 787 1979 870">
     <span class='ocr_line' id='line_1_4' title="bbox 317 787 1979 870; baseline -0.002 -21"><span class='ocrx_word' id='word_1_16' title='bbox 317 800 410 864; x_wconf 78' lang='grc' dir='ltr'>τῆς</span> <span class='ocrx_word' id='word_1_17' title='bbox 441 798 632 868; x_wconf 80' lang='grc' dir='ltr'>χώρας</span> <span class='ocrx_word' id='word_1_18' title='bbox 665 787 985 859; x_wconf 74' lang='grc' dir='ltr'>Ζαϐουλὼν,</span> <span class='ocrx_word' id='word_1_19' title='bbox 1010 793 1069 848; x_wconf 81' lang='grc' dir='ltr'>ἐκ</span> <span class='ocrx_word' id='word_1_20' title='bbox 1098 802 1197 862; x_wconf 77' lang='grc' dir='ltr'>τῆς</span> <span class='ocrx_word' id='word_1_21' title='bbox 1241 801 1345 869; x_wconf 71' lang='grc' dir='ltr'>γῆς</span> <span class='ocrx_word' id='word_1_22' title='bbox 1397 787 1674 870; x_wconf 79' lang='grc' dir='ltr'>ἰορδάνοτ</span> <span class='ocrx_word' id='word_1_23' title='bbox 1728 791 1826 848; x_wconf 76' lang='grc' dir='ltr'>τοῦ</span> <span class='ocrx_word' id='word_1_24' title='bbox 1876 812 1979 846; x_wconf 88' lang='grc' dir='ltr'>πο-</span> 
     </span>
    </p>
   </div>
   <div class='ocr_carea' id='block_1_5' title="bbox 315 879 1980 958">
    <p class='ocr_par' dir='ltr' id='par_1_5' title="bbox 315 879 1980 958">
     <span class='ocr_line' id='line_1_5' title="bbox 315 879 1980 958; baseline -0.002 -20"><span class='ocrx_word' id='word_1_25' title='bbox 315 887 510 954; x_wconf 73' lang='grc' dir='ltr'>ταμοῦ.</span> <span class='ocrx_word' id='word_1_26' title='bbox 541 883 648 938; x_wconf 76' lang='grc' dir='ltr'>ἸΙν</span> <span class='ocrx_word' id='word_1_27' title='bbox 681 879 740 937; x_wconf 85' lang='grc' dir='ltr'>δε</span> <span class='ocrx_word' id='word_1_28' title='bbox 806 884 983 954; x_wconf 65' lang='grc' dir='ltr'>πατὴρ</span> <span class='ocrx_word' id='word_1_29' title='bbox 1036 881 1260 940; x_wconf 77' lang='grc' dir='ltr'>Ἡσαΐου</span> <span class='ocrx_word' id='word_1_30' title='bbox 1307 887 1404 938; x_wconf 79' lang='grc' dir='ltr'>τοῦ</span> <span class='ocrx_word' id='word_1_31' title='bbox 1465 881 1709 958; x_wconf 75' lang='grc' dir='ltr'>μεγάλου</span> <span class='ocrx_word' id='word_1_32' title='bbox 1766 881 1980 956; x_wconf 71' lang='grc' dir='ltr'>προφη-</span> 
     </span>
    </p>
   </div>
   <div class='ocr_carea' id='block_1_6' title="bbox 315 969 1977 1050">
    <p class='ocr_par' dir='ltr' id='par_1_6' title="bbox 315 969 1977 1050">
     <span class='ocr_line' id='line_1_6' title="bbox 315 969 1977 1050; baseline -0.001 -22"><span class='ocrx_word' id='word_1_33' title='bbox 315 995 427 1030; x_wconf 80' lang='grc' dir='ltr'>του.</span> <span class='ocrx_word' id='word_1_34' title='bbox 465 975 847 1050; x_wconf 69' lang='grc' dir='ltr'>Προειρητευσε</span> <span class='ocrx_word' id='word_1_35' title='bbox 912 971 968 1028; x_wconf 75' lang='grc' dir='ltr'>δὲ</span> <span class='ocrx_word' id='word_1_36' title='bbox 1025 969 1116 1041; x_wconf 79' lang='grc' dir='ltr'>ἔτη</span> <span class='ocrx_word' id='word_1_37' title='bbox 1178 975 1536 1045; x_wconf 71' lang='grc' dir='ltr'>πεντήκοντα,</span> <span class='ocrx_word' id='word_1_38' title='bbox 1585 970 1977 1046; x_wconf 75' lang='grc' dir='ltr'>διορθούμενος</span> 
     </span>
    </p>
   </div>
   <div class='ocr_carea' id='block_1_7' title="bbox 313 1059 1977 1140">
    <p class='ocr_par' dir='ltr' id='par_1_7' title="bbox 313 1059 1977 1140">
     <span class='ocr_line' id='line_1_7' title="bbox 313 1059 1977 1140; baseline -0.001 -22"><span class='ocrx_word' id='word_1_39' title='bbox 313 1065 400 1119; x_wconf 85' lang='grc' dir='ltr'>τὸν</span> <span class='ocrx_word' id='word_1_40' title='bbox 435 1068 863 1138; x_wconf 76' lang='grc' dir='ltr'>παρανομοῦντα</span> <span class='ocrx_word' id='word_1_41' title='bbox 917 1062 1073 1130; x_wconf 88' lang='grc' dir='ltr'>λαὸν,</span> <span class='ocrx_word' id='word_1_42' title='bbox 1117 1064 1208 1118; x_wconf 83' lang='grc' dir='ltr'>καὶ</span> <span class='ocrx_word' id='word_1_43' title='bbox 1254 1065 1346 1118; x_wconf 88' lang='grc' dir='ltr'>τὸν</span> <span class='ocrx_word' id='word_1_44' title='bbox 1413 1059 1640 1140; x_wconf 81' lang='grc' dir='ltr'>βασιλέα</span> <span class='ocrx_word' id='word_1_45' title='bbox 1679 1065 1787 1116; x_wconf 82' lang='grc' dir='ltr'>τῶν</span> <span class='ocrx_word' id='word_1_46' title='bbox 1836 1063 1977 1116; x_wconf 78' lang='grc' dir='ltr'>ἰου-</span> 
     </span>
    </p>
   </div>
   <div class='ocr_carea' id='block_1_8' title="bbox 317 1147 1974 1228">
    <p class='ocr_par' dir='ltr' id='par_1_8' title="bbox 317 1147 1974 1228">
     <span class='ocr_line' id='line_1_8' title="bbox 317 1147 1974 1228; baseline -0.002 -19"><span class='ocrx_word' id='word_1_47' title='bbox 317 1150 476 1209; x_wconf 83' lang='grc' dir='ltr'>δαίων</span> <span class='ocrx_word' id='word_1_48' title='bbox 511 1153 764 1228; x_wconf 67' lang='grc' dir='ltr'>ἐλέγχων</span> <span class='ocrx_word' id='word_1_49' title='bbox 827 1151 914 1207; x_wconf 79' lang='grc' dir='ltr'>ἐπὶ</span> <span class='ocrx_word' id='word_1_50' title='bbox 966 1158 1087 1214; x_wconf 80' lang='grc' dir='ltr'>ταῖς</span> <span class='ocrx_word' id='word_1_51' title='bbox 1145 1153 1397 1226; x_wconf 76' lang='grc' dir='ltr'>ἀνομίαις</span> <span class='ocrx_word' id='word_1_52' title='bbox 1456 1151 1644 1220; x_wconf 74' lang='grc' dir='ltr'>αὐτοῦ,</span> <span class='ocrx_word' id='word_1_53' title='bbox 1699 1149 1792 1205; x_wconf 82' lang='grc' dir='ltr'>καὶ</span> <span class='ocrx_word' id='word_1_54' title='bbox 1853 1147 1974 1206; x_wconf 86' lang='grc' dir='ltr'>ἀδι-</span> 
     </span>
    </p>
   </div>
   <div class='ocr_carea' id='block_1_9' title="bbox 315 1240 1974 1319">
    <p class='ocr_par' dir='ltr' id='par_1_9' title="bbox 315 1240 1974 1319">
     <span class='ocr_line' id='line_1_9' title="bbox 315 1240 1974 1319; baseline -0.002 -19"><span class='ocrx_word' id='word_1_55' title='bbox 315 1245 476 1310; x_wconf 75' lang='grc' dir='ltr'>κίαις,</span> <span class='ocrx_word' id='word_1_56' title='bbox 507 1243 562 1299; x_wconf 74' lang='grc' dir='ltr'>ἐν</span> <span class='ocrx_word' id='word_1_57' title='bbox 596 1247 684 1306; x_wconf 78' lang='grc' dir='ltr'>αἷς</span> <span class='ocrx_word' id='word_1_58' title='bbox 715 1243 1036 1319; x_wconf 84' lang='grc' dir='ltr'>παρώργιζε</span> <span class='ocrx_word' id='word_1_59' title='bbox 1064 1245 1158 1299; x_wconf 89' lang='grc' dir='ltr'>τὸν</span> <span class='ocrx_word' id='word_1_60' title='bbox 1187 1243 1340 1299; x_wconf 84' lang='grc' dir='ltr'>Θεόν.</span> <span class='ocrx_word' id='word_1_61' title='bbox 1376 1243 1570 1299; x_wconf 83' lang='grc' dir='ltr'>Πολλά</span> <span class='ocrx_word' id='word_1_62' title='bbox 1600 1240 1658 1298; x_wconf 73' lang='grc' dir='ltr'>δὶ</span> <span class='ocrx_word' id='word_1_63' title='bbox 1707 1242 1831 1316; x_wconf 86' lang='grc' dir='ltr'>περὶ</span> <span class='ocrx_word' id='word_1_64' title='bbox 1871 1248 1974 1310; x_wconf 80' lang='grc' dir='ltr'>τῆς</span> 
     </span>
    </p>
   </div>
   <div class='ocr_carea' id='block_1_10' title="bbox 316 1334 1970 1411">
    <p class='ocr_par' dir='ltr' id='par_1_10' title="bbox 316 1334 1970 1411">
     <span class='ocr_line' id='line_1_10' title="bbox 316 1334 1970 1411; baseline -0.002 -21"><span class='ocrx_word' id='word_1_65' title='bbox 316 1335 610 1410; x_wconf 80' lang='grc' dir='ltr'>παρουσίας</span> <span class='ocrx_word' id='word_1_66' title='bbox 652 1338 916 1408; x_wconf 78' lang='grc' dir='ltr'>Χριστοῦ,</span> <span class='ocrx_word' id='word_1_67' title='bbox 966 1334 1054 1389; x_wconf 78' lang='grc' dir='ltr'>καὶ</span> <span class='ocrx_word' id='word_1_68' title='bbox 1103 1337 1228 1410; x_wconf 89' lang='grc' dir='ltr'>περὶ</span> <span class='ocrx_word' id='word_1_69' title='bbox 1285 1342 1385 1404; x_wconf 72' lang='grc' dir='ltr'>τῆς</span> <span class='ocrx_word' id='word_1_70' title='bbox 1438 1340 1818 1411; x_wconf 72' lang='grc' dir='ltr'>καταστροφῆς</span> <span class='ocrx_word' id='word_1_71' title='bbox 1863 1337 1970 1388; x_wconf 80' lang='grc' dir='ltr'>τῶν</span> 
     </span>
    </p>
   </div>
   <div class='ocr_carea' id='block_1_11' title="bbox 310 1421 1970 1494">
    <p class='ocr_par' dir='ltr' id='par_1_11' title="bbox 310 1421 1970 1494">
     <span class='ocr_line' id='line_1_11' title="bbox 310 1421 1970 1494; baseline -0.004 -12"><span class='ocrx_word' id='word_1_72' title='bbox 310 1423 613 1486; x_wconf 77' lang='grc' dir='ltr'>Ἰουδαίων,</span> <span class='ocrx_word' id='word_1_73' title='bbox 669 1424 761 1479; x_wconf 77' lang='grc' dir='ltr'>καὶ</span> <span class='ocrx_word' id='word_1_74' title='bbox 815 1430 916 1493; x_wconf 79' lang='grc' dir='ltr'>τῆς</span> <span class='ocrx_word' id='word_1_75' title='bbox 971 1427 1322 1488; x_wconf 71' lang='grc' dir='ltr'>καταλύσεως</span> <span class='ocrx_word' id='word_1_76' title='bbox 1377 1429 1486 1480; x_wconf 82' lang='grc' dir='ltr'>τῶν</span> <span class='ocrx_word' id='word_1_77' title='bbox 1549 1421 1822 1494; x_wconf 67' lang='grc' dir='ltr'>εἷδώλων,</span> <span class='ocrx_word' id='word_1_78' title='bbox 1878 1421 1970 1477; x_wconf 80' lang='grc' dir='ltr'>καὶ</span> 
     </span>
    </p>
   </div>
   <div class='ocr_carea' id='block_1_12' title="bbox 306 1511 1973 1589">
    <p class='ocr_par' dir='ltr' id='par_1_12' title="bbox 306 1511 1973 1589">
     <span class='ocr_line' id='line_1_12' title="bbox 306 1511 1973 1589; baseline -0.001 -21"><span class='ocrx_word' id='word_1_79' title='bbox 306 1517 401 1583; x_wconf 71' lang='grc' dir='ltr'>τῆς</span> <span class='ocrx_word' id='word_1_80' title='bbox 433 1513 828 1588; x_wconf 73' lang='grc' dir='ltr'>αἰχμαλωσίας</span> <span class='ocrx_word' id='word_1_81' title='bbox 868 1518 960 1568; x_wconf 75' lang='grc' dir='ltr'><strong>τοῦ</strong></span> <span class='ocrx_word' id='word_1_82' title='bbox 1001 1512 1139 1569; x_wconf 83' lang='grc' dir='ltr'>λαοῦ</span> <span class='ocrx_word' id='word_1_83' title='bbox 1170 1512 1480 1589; x_wconf 72' lang='grc' dir='ltr'>προλέγων,</span> <span class='ocrx_word' id='word_1_84' title='bbox 1535 1512 1777 1587; x_wconf 79' lang='grc' dir='ltr'>ἐμισεῖτο</span> <span class='ocrx_word' id='word_1_85' title='bbox 1827 1511 1973 1585; x_wconf 82' lang='grc' dir='ltr'>παρᾶ</span> 
     </span>
    </p>
   </div>
   <div class='ocr_carea' id='block_1_13' title="bbox 310 1598 1968 1679">
    <p class='ocr_par' dir='ltr' id='par_1_13' title="bbox 310 1598 1968 1679">
     <span class='ocr_line' id='line_1_13' title="bbox 310 1598 1968 1679; baseline -0.004 -17"><span class='ocrx_word' id='word_1_86' title='bbox 310 1605 569 1678; x_wconf 79' lang='grc' dir='ltr'>Ἀμασίου</span> <span class='ocrx_word' id='word_1_87' title='bbox 606 1605 925 1679; x_wconf 68' lang='grc' dir='ltr'>τοιὶερέως</span> <span class='ocrx_word' id='word_1_88' title='bbox 978 1610 1074 1660; x_wconf 67' lang='grc' dir='ltr'>τοῦ</span> <span class='ocrx_word' id='word_1_89' title='bbox 1133 1603 1370 1660; x_wconf 75' lang='grc' dir='ltr'>εἱδώλου</span> <span class='ocrx_word' id='word_1_90' title='bbox 1433 1602 1674 1672; x_wconf 76' lang='grc' dir='ltr'>Βαιθηλ,</span> <span class='ocrx_word' id='word_1_91' title='bbox 1733 1603 1824 1657; x_wconf 83' lang='grc' dir='ltr'>καὶ</span> <span class='ocrx_word' id='word_1_92' title='bbox 1885 1598 1968 1656; x_wconf 86' lang='grc' dir='ltr'>δι-</span> 
     </span>
    </p>
   </div>
   <div class='ocr_carea' id='block_1_14' title="bbox 319 1689 1970 1770">
    <p class='ocr_par' dir='ltr' id='par_1_14' title="bbox 319 1689 1970 1770">
     <span class='ocr_line' id='line_1_14' title="bbox 319 1689 1970 1770; baseline -0.003 -20"><span class='ocrx_word' id='word_1_93' title='bbox 319 1691 740 1762; x_wconf 73' lang='grc' dir='ltr'>ιὸιλλετο,ἀνθ’</span> <span class='ocrx_word' id='word_1_94' title='bbox 783 1692 858 1749; x_wconf 84' lang='grc' dir='ltr'>ὦν</span> <span class='ocrx_word' id='word_1_95' title='bbox 915 1694 1140 1770; x_wconf 70' lang='grc' dir='ltr'>ἤλεγξεν</span> <span class='ocrx_word' id='word_1_96' title='bbox 1196 1694 1358 1750; x_wconf 81' lang='grc' dir='ltr'>αὐτὸν</span> <span class='ocrx_word' id='word_1_97' title='bbox 1417 1693 1538 1768; x_wconf 76' lang='grc' dir='ltr'>περὶ</span> <span class='ocrx_word' id='word_1_98' title='bbox 1597 1699 1697 1762; x_wconf 74' lang='grc' dir='ltr'>τῆς</span> <span class='ocrx_word' id='word_1_99' title='bbox 1753 1689 1970 1762; x_wconf 80' lang='grc' dir='ltr'>πλάνης</span> 
     </span>
    </p>
   </div>
   <div class='ocr_carea' id='block_1_15' title="bbox 318 1782 1970 1860">
    <p class='ocr_par' dir='ltr' id='par_1_15' title="bbox 318 1782 1970 1860">
     <span class='ocr_line' id='line_1_15' title="bbox 318 1782 1970 1860; baseline -0.003 -19"><span class='ocrx_word' id='word_1_100' title='bbox 318 1791 424 1841; x_wconf 79' lang='grc' dir='ltr'>τῶν</span> <span class='ocrx_word' id='word_1_101' title='bbox 477 1789 693 1860; x_wconf 76' lang='grc' dir='ltr'>χρυσῶν</span> <span class='ocrx_word' id='word_1_102' title='bbox 757 1783 1072 1859; x_wconf 81' lang='grc' dir='ltr'>δαμάλεων.</span> <span class='ocrx_word' id='word_1_103' title='bbox 1136 1787 1230 1840; x_wconf 78' lang='grc' dir='ltr'>Καὶ</span> <span class='ocrx_word' id='word_1_104' title='bbox 1295 1782 1385 1840; x_wconf 68' lang='grc' dir='ltr'>διὰ</span> <span class='ocrx_word' id='word_1_105' title='bbox 1438 1788 1600 1840; x_wconf 83' lang='grc' dir='ltr'>τοῦτο</span> <span class='ocrx_word' id='word_1_106' title='bbox 1676 1803 1822 1858; x_wconf 85' lang='grc' dir='ltr'>παρα</span> <span class='ocrx_word' id='word_1_107' title='bbox 1872 1786 1970 1838; x_wconf 79' lang='grc' dir='ltr'>τοῦ</span> 
     </span>
    </p>
   </div>
   <div class='ocr_carea' id='block_1_16' title="bbox 324 1869 1968 1952">
    <p class='ocr_par' dir='ltr' id='par_1_16' title="bbox 324 1869 1968 1952">
     <span class='ocr_line' id='line_1_16' title="bbox 324 1869 1968 1952; baseline -0.002 -23"><span class='ocrx_word' id='word_1_108' title='bbox 324 1879 439 1930; x_wconf 75' lang='grc' dir='ltr'>υἱοῦ</span> <span class='ocrx_word' id='word_1_109' title='bbox 467 1876 626 1930; x_wconf 73' lang='grc' dir='ltr'>αὐτοῦ</span> <span class='ocrx_word' id='word_1_110' title='bbox 659 1871 849 1952; x_wconf 72' lang='grc' dir='ltr'>ῥάϐδῳ</span> <span class='ocrx_word' id='word_1_111' title='bbox 904 1875 1142 1950; x_wconf 79' lang='grc' dir='ltr'>πληγεὶς</span> <span class='ocrx_word' id='word_1_112' title='bbox 1204 1875 1343 1930; x_wconf 83' lang='grc' dir='ltr'>κατὰ</span> <span class='ocrx_word' id='word_1_113' title='bbox 1395 1878 1493 1929; x_wconf 82' lang='grc' dir='ltr'>τοῦ</span> <span class='ocrx_word' id='word_1_114' title='bbox 1549 1873 1845 1950; x_wconf 49' lang='grc' dir='ltr'>κροτάφου,</span> <span class='ocrx_word' id='word_1_115' title='bbox 1891 1869 1968 1927; x_wconf 79' lang='grc' dir='ltr'>ἔτι</span> 
     </span>
    </p>
   </div>
   <div class='ocr_carea' id='block_1_17' title="bbox 1843 440 2143 507">
    <p class='ocr_par' dir='ltr' id='par_1_17' title="bbox 1843 440 2143 507">
     <span class='ocr_line' id='line_1_17' title="bbox 1843 440 2143 507; baseline -0.007 -3"><span class='ocrx_word' id='word_1_116' title='bbox 1843 440 2143 507; x_wconf 80' lang='lat' dir='ltr'>JUNIUS.</span> 
     </span>
    </p>
   </div>
   <div class='ocr_carea' id='block_1_18' title="bbox 1994 587 2047 654">
    <p class='ocr_par' dir='ltr' id='par_1_18' title="bbox 1994 587 2047 654">
     <span class='ocr_line' id='line_1_18' title="bbox 1994 587 2047 654; baseline 0 0"><span class='ocrx_word' id='word_1_117' title='bbox 1994 587 2047 654; x_wconf 83' lang='lat' dir='ltr'><strong>A</strong></span> 
     </span>
    </p>
   </div>
   <div class='ocr_carea' id='block_1_19' title="bbox 3626 449 3748 513">
    <p class='ocr_par' dir='ltr' id='par_1_19' title="bbox 3626 449 3748 513">
     <span class='ocr_line' id='line_1_19' title="bbox 3626 449 3748 513; baseline 0.041 -5"><span class='ocrx_word' id='word_1_118' title='bbox 3626 449 3748 513; x_wconf 74' lang='grc'>502</span> 
     </span>
    </p>
   </div>
   <div class='ocr_carea' id='block_1_20' title="bbox 2274 577 3546 650">
    <p class='ocr_par' dir='ltr' id='par_1_20' title="bbox 2274 577 3546 650">
     <span class='ocr_line' id='line_1_20' title="bbox 2274 577 3546 650; baseline 0.005 -18"><span class='ocrx_word' id='word_1_119' title='bbox 2274 578 2344 632; x_wconf 86' lang='lat' dir='ltr'><strong><em>Et</em></strong></span> <span class='ocrx_word' id='word_1_120' title='bbox 2372 577 2814 633; x_wconf 76' lang='lat' dir='ltr'><strong><em>commemoratio</em></strong></span> <span class='ocrx_word' id='word_1_121' title='bbox 2852 579 3030 636; x_wconf 79' lang='lat' dir='ltr'>sancti</span> <span class='ocrx_word' id='word_1_122' title='bbox 3050 577 3336 650; x_wconf 73' lang='lat' dir='ltr'>prophetae</span> <span class='ocrx_word' id='word_1_123' title='bbox 3364 579 3546 638; x_wconf 76' lang='lat' dir='ltr'>Amos.</span> 
     </span>
    </p>
   </div>
   <div class='ocr_carea' id='block_1_21' title="bbox 2156 702 3746 779">
    <p class='ocr_par' dir='ltr' id='par_1_21' title="bbox 2156 702 3746 779">
     <span class='ocr_line' id='line_1_21' title="bbox 2156 702 3746 779; baseline 0.004 -22"><span class='ocrx_word' id='word_1_124' title='bbox 2156 703 2337 758; x_wconf 78' lang='lat' dir='ltr'>Amos</span> <span class='ocrx_word' id='word_1_125' title='bbox 2394 702 2688 776; x_wconf 89' lang='lat' dir='ltr'>gloriosus</span> <span class='ocrx_word' id='word_1_126' title='bbox 2738 710 2795 760; x_wconf 90' lang='lat' dir='ltr'>et</span> <span class='ocrx_word' id='word_1_127' title='bbox 2837 721 3086 778; x_wconf 88' lang='lat' dir='ltr'>magnus</span> <span class='ocrx_word' id='word_1_128' title='bbox 3134 706 3429 778; x_wconf 81' lang='lat' dir='ltr'>propheta</span> <span class='ocrx_word' id='word_1_129' title='bbox 3484 705 3746 779; x_wconf 83' lang='lat' dir='ltr'>patriam</span> 
     </span>
    </p>
   </div>
   <div class='ocr_carea' id='block_1_22' title="bbox 2083 794 3741 865">
    <p class='ocr_par' dir='ltr' id='par_1_22' title="bbox 2083 794 3741 865">
     <span class='ocr_line' id='line_1_22' title="bbox 2083 794 3741 865; baseline 0.002 -17"><span class='ocrx_word' id='word_1_130' title='bbox 2083 799 2294 850; x_wconf 89' lang='lat' dir='ltr'>nactus</span> <span class='ocrx_word' id='word_1_131' title='bbox 2318 801 2408 850; x_wconf 88' lang='lat' dir='ltr'>est</span> <span class='ocrx_word' id='word_1_132' title='bbox 2426 800 2645 851; x_wconf 90' lang='lat' dir='ltr'>terram</span> <span class='ocrx_word' id='word_1_133' title='bbox 2671 794 2928 853; x_wconf 85' lang='lat' dir='ltr'>Zabulon</span> <span class='ocrx_word' id='word_1_134' title='bbox 2951 797 3108 854; x_wconf 89' lang='lat' dir='ltr'>circa</span> <span class='ocrx_word' id='word_1_135' title='bbox 3127 797 3445 854; x_wconf 71' lang='lat' dir='ltr'>Iordanem</span> <span class='ocrx_word' id='word_1_136' title='bbox 3473 797 3741 865; x_wconf 73' lang='lat' dir='ltr'>fluvium,</span> 
     </span>
    </p>
   </div>
   <div class='ocr_carea' id='block_1_23' title="bbox 2087 883 3744 961">
    <p class='ocr_par' dir='ltr' id='par_1_23' title="bbox 2087 883 3744 961">
     <span class='ocr_line' id='line_1_23' title="bbox 2087 883 3744 961; baseline 0.002 -23"><span class='ocrx_word' id='word_1_137' title='bbox 2087 883 2317 956; x_wconf 76' lang='lat' dir='ltr'>fuitque</span> <span class='ocrx_word' id='word_1_138' title='bbox 2349 891 2518 957; x_wconf 86' lang='lat' dir='ltr'>pater</span> <span class='ocrx_word' id='word_1_139' title='bbox 2551 886 2715 942; x_wconf 84' lang='lat' dir='ltr'>Isaiae</span> <span class='ocrx_word' id='word_1_140' title='bbox 2749 888 2946 960; x_wconf 96' lang='lat' dir='ltr'>magni</span> <span class='ocrx_word' id='word_1_141' title='bbox 2978 887 3316 960; x_wconf 81' lang='lat' dir='ltr'>prophetae:</span> <span class='ocrx_word' id='word_1_142' title='bbox 3366 888 3744 961; x_wconf 87' lang='lat' dir='ltr'>prophetavit</span> 
     </span>
    </p>
   </div>
   <div class='ocr_carea' id='block_1_24' title="bbox 2084 977 3739 1050">
    <p class='ocr_par' dir='ltr' id='par_1_24' title="bbox 2084 977 3739 1050">
     <span class='ocr_line' id='line_1_24' title="bbox 2084 977 3739 1050; baseline 0.002 -20"><span class='ocrx_word' id='word_1_143' title='bbox 2084 980 2283 1030; x_wconf 86' lang='lat' dir='ltr'>autem</span> <span class='ocrx_word' id='word_1_144' title='bbox 2331 992 2438 1046; x_wconf 91' lang='lat' dir='ltr'>per</span> <span class='ocrx_word' id='word_1_145' title='bbox 2481 992 2673 1032; x_wconf 90' lang='lat' dir='ltr'>annos</span> <span class='ocrx_word' id='word_1_146' title='bbox 2717 977 3171 1050; x_wconf 70' lang='lat' dir='ltr'>quinquaginta,</span> <span class='ocrx_word' id='word_1_147' title='bbox 3225 979 3739 1050; x_wconf 66' lang='lat' dir='ltr'>prevaricatorem</span> 
     </span>
    </p>
   </div>
   <div class='ocr_carea' id='block_1_25' title="bbox 2083 1064 3740 1140">
    <p class='ocr_par' dir='ltr' id='par_1_25' title="bbox 2083 1064 3740 1140">
     <span class='ocr_line' id='line_1_25' title="bbox 2083 1064 3740 1140; baseline 0.003 -21"><span class='ocrx_word' id='word_1_148' title='bbox 2083 1064 2370 1137; x_wconf 90' lang='lat' dir='ltr'>populum</span> <span class='ocrx_word' id='word_1_149' title='bbox 2404 1065 2691 1139; x_wconf 79' lang='lat' dir='ltr'>dirigens,</span> <span class='ocrx_word' id='word_1_150' title='bbox 2711 1083 3032 1140; x_wconf 78' lang='lat' dir='ltr'>regemque</span> <span class='ocrx_word' id='word_1_151' title='bbox 3051 1067 3390 1123; x_wconf 70' lang='lat' dir='ltr'>Judaaorum</span> <span class='ocrx_word' id='word_1_152' title='bbox 3415 1067 3740 1140; x_wconf 65' lang='lat' dir='ltr'>repreheno</span> 
     </span>
    </p>
   </div>
   <div class='ocr_carea' id='block_1_26' title="bbox 2082 1154 3742 1228">
    <p class='ocr_par' dir='ltr' id='par_1_26' title="bbox 2082 1154 3742 1228">
     <span class='ocr_line' id='line_1_26' title="bbox 2082 1154 3742 1228; baseline 0.002 -18"><span class='ocrx_word' id='word_1_153' title='bbox 2082 1154 2252 1224; x_wconf 89' lang='lat' dir='ltr'>deus,</span> <span class='ocrx_word' id='word_1_154' title='bbox 2286 1155 2444 1226; x_wconf 91' lang='lat' dir='ltr'>quod</span> <span class='ocrx_word' id='word_1_155' title='bbox 2465 1157 3073 1227; x_wconf 69' lang='lat' dir='ltr'>praevaricationibus,</span> <span class='ocrx_word' id='word_1_156' title='bbox 3101 1162 3162 1212; x_wconf 91' lang='lat' dir='ltr'>et</span> <span class='ocrx_word' id='word_1_157' title='bbox 3185 1157 3600 1228; x_wconf 76' lang='lat' dir='ltr'>iniquitatibus</span> <span class='ocrx_word' id='word_1_158' title='bbox 3616 1158 3742 1213; x_wconf 89' lang='lat' dir='ltr'>suis</span> 
     </span>
    </p>
   </div>
   <div class='ocr_carea' id='block_1_27' title="bbox 2081 1244 3737 1320">
    <p class='ocr_par' dir='ltr' id='par_1_27' title="bbox 2081 1244 3737 1320">
     <span class='ocr_line' id='line_1_27' title="bbox 2081 1244 3737 1320; baseline 0.001 -20"><span class='ocrx_word' id='word_1_159' title='bbox 2081 1244 2267 1300; x_wconf 91' lang='lat' dir='ltr'>Deum</span> <span class='ocrx_word' id='word_1_160' title='bbox 2301 1250 2377 1300; x_wconf 80' lang='lat' dir='ltr'>ad</span> <span class='ocrx_word' id='word_1_161' title='bbox 2406 1245 2783 1302; x_wconf 82' lang='lat' dir='ltr'>iracundiam</span> <span class='ocrx_word' id='word_1_162' title='bbox 2814 1252 3178 1320; x_wconf 85' lang='lat' dir='ltr'>provocaret.</span> <span class='ocrx_word' id='word_1_163' title='bbox 3215 1247 3392 1302; x_wconf 88' lang='lat' dir='ltr'>Plura</span> <span class='ocrx_word' id='word_1_164' title='bbox 3424 1246 3496 1302; x_wconf 84' lang='lat' dir='ltr'><strong><em>de</em></strong></span> <span class='ocrx_word' id='word_1_165' title='bbox 3519 1247 3737 1303; x_wconf 77' lang='lat' dir='ltr'>Christi</span> 
     </span>
    </p>
   </div>
   <div class='ocr_carea' id='block_1_28' title="bbox 2081 1335 3740 1409">
    <p class='ocr_par' dir='ltr' id='par_1_28' title="bbox 2081 1335 3740 1409">
     <span class='ocr_line' id='line_1_28' title="bbox 2081 1335 3740 1409; baseline 0 -17"><span class='ocrx_word' id='word_1_166' title='bbox 2081 1335 2340 1392; x_wconf 85' lang='lat' dir='ltr'>adventu</span> <span class='ocrx_word' id='word_1_167' title='bbox 2399 1343 2459 1392; x_wconf 87' lang='lat' dir='ltr'><strong><em>et</em></strong></span> <span class='ocrx_word' id='word_1_168' title='bbox 2485 1337 2827 1393; x_wconf 63' lang='lat' dir='ltr'>Iudaeorum</span> <span class='ocrx_word' id='word_1_169' title='bbox 2861 1339 3188 1400; x_wconf 84' lang='lat' dir='ltr'>eversione.</span> <span class='ocrx_word' id='word_1_170' title='bbox 3222 1345 3400 1409; x_wconf 90' lang='lat' dir='ltr'>atque</span> <span class='ocrx_word' id='word_1_171' title='bbox 3441 1336 3740 1394; x_wconf 85' lang='lat' dir='ltr'><strong><em>idolorum</em></strong></span> 
     </span>
    </p>
   </div>
   <div class='ocr_carea' id='block_1_29' title="bbox 2081 1425 3741 1501">
    <p class='ocr_par' dir='ltr' id='par_1_29' title="bbox 2081 1425 3741 1501">
     <span class='ocr_line' id='line_1_29' title="bbox 2081 1425 3741 1501; baseline 0.002 -20"><span class='ocrx_word' id='word_1_172' title='bbox 2081 1425 2482 1482; x_wconf 86' lang='lat' dir='ltr'>destructione</span> <span class='ocrx_word' id='word_1_173' title='bbox 2511 1427 2836 1500; x_wconf 87' lang='lat' dir='ltr'>populique</span> <span class='ocrx_word' id='word_1_174' title='bbox 2859 1429 3197 1501; x_wconf 79' lang='lat' dir='ltr'>captivitate</span> <span class='ocrx_word' id='word_1_175' title='bbox 3222 1428 3741 1501; x_wconf 71' lang='lat' dir='ltr'>prmdixit.Quam-</span> 
     </span>
    </p>
   </div>
   <div class='ocr_carea' id='block_1_30' title="bbox 2079 1514 3734 1574">
    <p class='ocr_par' dir='ltr' id='par_1_30' title="bbox 2079 1514 3734 1574">
     <span class='ocr_line' id='line_1_30' title="bbox 2079 1514 3734 1574; baseline 0.001 -4"><span class='ocrx_word' id='word_1_176' title='bbox 2079 1514 2284 1572; x_wconf 89' lang='lat' dir='ltr'>obrem</span> <span class='ocrx_word' id='word_1_177' title='bbox 2319 1517 2611 1572; x_wconf 84' lang='lat' dir='ltr'>Amasiam</span> <span class='ocrx_word' id='word_1_178' title='bbox 2661 1517 2807 1572; x_wconf 89' lang='lat' dir='ltr'><strong><em>idoli</em></strong></span> <span class='ocrx_word' id='word_1_179' title='bbox 2859 1517 3081 1574; x_wconf 79' lang='lat' dir='ltr'>Beethel</span> <span class='ocrx_word' id='word_1_180' title='bbox 3135 1517 3505 1574; x_wconf 86' lang='lat' dir='ltr'><strong><em>sacerdotem</em></strong></span> <span class='ocrx_word' id='word_1_181' title='bbox 3561 1517 3621 1572; x_wconf 90' lang='lat' dir='ltr'>in</span> <span class='ocrx_word' id='word_1_182' title='bbox 3670 1533 3734 1573; x_wconf 90' lang='lat' dir='ltr'>se</span> 
     </span>
    </p>
   </div>
   <div class='ocr_carea' id='block_1_31' title="bbox 2079 1605 3735 1680">
    <p class='ocr_par' dir='ltr' id='par_1_31' title="bbox 2079 1605 3735 1680">
     <span class='ocr_line' id='line_1_31' title="bbox 2079 1605 3735 1680; baseline 0.001 -19"><span class='ocrx_word' id='word_1_183' title='bbox 2079 1606 2418 1674; x_wconf 84' lang='lat' dir='ltr'>concitavit,</span> <span class='ocrx_word' id='word_1_184' title='bbox 2450 1624 2623 1678; x_wconf 81' lang='lat' dir='ltr'>aquo</span> <span class='ocrx_word' id='word_1_185' title='bbox 2645 1607 2736 1663; x_wconf 89' lang='lat' dir='ltr'>cal</span> <span class='ocrx_word' id='word_1_186' title='bbox 2784 1608 2965 1663; x_wconf 89' lang='lat' dir='ltr'>mniis</span> <span class='ocrx_word' id='word_1_187' title='bbox 2990 1614 3078 1664; x_wconf 90' lang='lat' dir='ltr'>est</span> <span class='ocrx_word' id='word_1_188' title='bbox 3099 1608 3420 1680; x_wconf 85' lang='lat' dir='ltr'>appetitus,</span> <span class='ocrx_word' id='word_1_189' title='bbox 3446 1605 3605 1679; x_wconf 89' lang='lat' dir='ltr'>quod</span> <span class='ocrx_word' id='word_1_190' title='bbox 3636 1621 3735 1662; x_wconf 85' lang='lat' dir='ltr'>au-</span> 
     </span>
    </p>
   </div>
   <div class='ocr_carea' id='block_1_32' title="bbox 2075 1694 3736 1768">
    <p class='ocr_par' dir='ltr' id='par_1_32' title="bbox 2075 1694 3736 1768">
     <span class='ocr_line' id='line_1_32' title="bbox 2075 1694 3736 1768; baseline 0.001 -19"><span class='ocrx_word' id='word_1_191' title='bbox 2075 1711 2314 1751; x_wconf 89' lang='lat' dir='ltr'>rearum</span> <span class='ocrx_word' id='word_1_192' title='bbox 2340 1696 2654 1752; x_wconf 87' lang='lat' dir='ltr'>vitularum</span> <span class='ocrx_word' id='word_1_193' title='bbox 2676 1697 2893 1753; x_wconf 89' lang='lat' dir='ltr'>erroris</span> <span class='ocrx_word' id='word_1_194' title='bbox 2924 1714 3060 1753; x_wconf 89' lang='lat' dir='ltr'>eum</span> <span class='ocrx_word' id='word_1_195' title='bbox 3084 1697 3502 1768; x_wconf 81' lang='lat' dir='ltr'>redarguisset.</span> <span class='ocrx_word' id='word_1_196' title='bbox 3532 1694 3736 1767; x_wconf 87' lang='lat' dir='ltr'>Itaque</span> 
     </span>
    </p>
   </div>
   <div class='ocr_carea' id='block_1_33' title="bbox 2076 1779 3736 1861">
    <p class='ocr_par' dir='ltr' id='par_1_33' title="bbox 2076 1779 3736 1861">
     <span class='ocr_line' id='line_1_33' title="bbox 2076 1779 3736 1861; baseline 0.002 -20"><span class='ocrx_word' id='word_1_197' title='bbox 2076 1785 2149 1841; x_wconf 87' lang='lat' dir='ltr'>ab</span> <span class='ocrx_word' id='word_1_198' title='bbox 2183 1786 2342 1842; x_wconf 86' lang='lat' dir='ltr'>illius</span> <span class='ocrx_word' id='word_1_199' title='bbox 2375 1787 2499 1842; x_wconf 83' lang='lat' dir='ltr'>filio</span> <span class='ocrx_word' id='word_1_200' title='bbox 2532 1787 2686 1844; x_wconf 84' lang='lat' dir='ltr'>fuste</span> <span class='ocrx_word' id='word_1_201' title='bbox 2728 1779 3096 1861; x_wconf 87' lang='lat' dir='ltr'>temporibus</span> <span class='ocrx_word' id='word_1_202' title='bbox 3141 1805 3482 1861; x_wconf 86' lang='lat' dir='ltr'>percussus,</span> <span class='ocrx_word' id='word_1_203' title='bbox 3542 1787 3736 1844; x_wconf 86' lang='lat' dir='ltr'>adhuc</span> 
     </span>
    </p>
   </div>
   <div class='ocr_carea' id='block_1_34' title="bbox 2078 1876 3734 1951">
    <p class='ocr_par' dir='ltr' id='par_1_34' title="bbox 2078 1876 3734 1951">
     <span class='ocr_line' id='line_1_34' title="bbox 2078 1876 3734 1951; baseline 0 -19"><span class='ocrx_word' id='word_1_204' title='bbox 2078 1876 2332 1948; x_wconf 88' lang='lat' dir='ltr'>spirans,</span> <span class='ocrx_word' id='word_1_205' title='bbox 2389 1877 2450 1932; x_wconf 91' lang='lat' dir='ltr'>in</span> <span class='ocrx_word' id='word_1_206' title='bbox 2499 1879 2753 1950; x_wconf 90' lang='lat' dir='ltr'>patriam</span> <span class='ocrx_word' id='word_1_207' title='bbox 2813 1895 2980 1934; x_wconf 91' lang='lat' dir='ltr'>suam</span> <span class='ocrx_word' id='word_1_208' title='bbox 3039 1877 3436 1951; x_wconf 87' lang='lat' dir='ltr'>deportatur:</span> <span class='ocrx_word' id='word_1_209' title='bbox 3482 1884 3734 1950; x_wconf 86' lang='lat' dir='ltr'>postque</span> 
     </span>
    </p>
   </div>
   <div class='ocr_carea' id='block_1_35' title="bbox 318 1957 1962 2040">
    <p class='ocr_par' dir='ltr' id='par_1_35' title="bbox 318 1959 1962 2039">
     <span class='ocr_line' id='line_1_35' title="bbox 318 1959 1962 2039; baseline -0.002 -18"><span class='ocrx_word' id='word_1_210' title='bbox 318 1963 556 2038; x_wconf 70' lang='grc' dir='ltr'>ἇμπνὲων</span> <span class='ocrx_word' id='word_1_211' title='bbox 584 1964 757 2034; x_wconf 79' lang='grc' dir='ltr'>ἦλθεν</span> <span class='ocrx_word' id='word_1_212' title='bbox 809 1964 888 2028; x_wconf 75' lang='grc' dir='ltr'>εἷς</span> <span class='ocrx_word' id='word_1_213' title='bbox 944 1967 1044 2036; x_wconf 78' lang='grc' dir='ltr'>τήν</span> <span class='ocrx_word' id='word_1_214' title='bbox 1101 1972 1202 2039; x_wconf 78' lang='grc' dir='ltr'>γῆν</span> <span class='ocrx_word' id='word_1_215' title='bbox 1258 1965 1448 2021; x_wconf 75' lang='grc' dir='ltr'>αὐτοῦ.</span> <span class='ocrx_word' id='word_1_216' title='bbox 1510 1963 1614 2020; x_wconf 82' lang='grc' dir='ltr'>Καὶ</span> <span class='ocrx_word' id='word_1_217' title='bbox 1678 1963 1814 2038; x_wconf 75' lang='grc' dir='ltr'>μετὰ</span> <span class='ocrx_word' id='word_1_218' title='bbox 1870 1959 1962 2017; x_wconf 84' lang='grc' dir='ltr'>δύο</span> 
     </span>
    </p>
   </div>
   <div class='ocr_carea' id='block_1_36' title="bbox 2075 1957 3734 2040">
    <p class='ocr_par' dir='ltr' id='par_1_36' title="bbox 2075 1965 3734 2040">
     <span class='ocr_line' id='line_1_36' title="bbox 2075 1965 3734 2040; baseline 0 -19"><span class='ocrx_word' id='word_1_219' title='bbox 2075 1965 2322 2022; x_wconf 86' lang='lat' dir='ltr'>biduum</span> <span class='ocrx_word' id='word_1_220' title='bbox 2363 1967 2641 2039; x_wconf 88' lang='lat' dir='ltr'>spiritum</span> <span class='ocrx_word' id='word_1_221' title='bbox 2685 1969 2804 2025; x_wconf 91' lang='lat' dir='ltr'>Deo</span> <span class='ocrx_word' id='word_1_222' title='bbox 2847 1966 3134 2038; x_wconf 89' lang='lat' dir='ltr'>reddidit,</span> <span class='ocrx_word' id='word_1_223' title='bbox 3179 1974 3239 2025; x_wconf 88' lang='lat' dir='ltr'>et</span> <span class='ocrx_word' id='word_1_224' title='bbox 3281 1983 3416 2026; x_wconf 88' lang='lat' dir='ltr'>cum</span> <span class='ocrx_word' id='word_1_225' title='bbox 3461 1966 3734 2040; x_wconf 85' lang='lat' dir='ltr'>patribus</span> 
     </span>
    </p>
   </div>
   <div class='ocr_carea' id='block_1_37' title="bbox 306 2051 1962 2133">
    <p class='ocr_par' dir='ltr' id='par_1_37' title="bbox 306 2051 1962 2133">
     <span class='ocr_line' id='line_1_37' title="bbox 306 2051 1962 2133; baseline -0.002 -23"><span class='ocrx_word' id='word_1_226' title='bbox 306 2056 513 2128; x_wconf 61' lang='grc' dir='ltr'>ἡμέρας</span> <span class='ocrx_word' id='word_1_227' title='bbox 543 2053 824 2130; x_wconf 73' lang='grc' dir='ltr'>παραδοὺς</span> <span class='ocrx_word' id='word_1_228' title='bbox 867 2056 967 2125; x_wconf 83' lang='grc' dir='ltr'>τήν</span> <span class='ocrx_word' id='word_1_229' title='bbox 1019 2057 1206 2130; x_wconf 81' lang='grc' dir='ltr'>ψυχην</span> <span class='ocrx_word' id='word_1_230' title='bbox 1251 2053 1416 2110; x_wconf 80' lang='grc' dir='ltr'>αὐτοῦ</span> <span class='ocrx_word' id='word_1_231' title='bbox 1471 2057 1551 2127; x_wconf 82' lang='grc' dir='ltr'>τῷ</span> <span class='ocrx_word' id='word_1_232' title='bbox 1604 2057 1745 2126; x_wconf 77' lang='grc' dir='ltr'>Θεῷ,</span> <span class='ocrx_word' id='word_1_233' title='bbox 1793 2051 1962 2133; x_wconf 71' lang='grc' dir='ltr'>ίτάφη</span> 
     </span>
    </p>
   </div>
   <div class='ocr_carea' id='block_1_38' title="bbox 301 2144 1090 2221">
    <p class='ocr_par' dir='ltr' id='par_1_38' title="bbox 301 2144 1090 2221">
     <span class='ocr_line' id='line_1_38' title="bbox 301 2144 1090 2221; baseline 0.001 -21"><span class='ocrx_word' id='word_1_234' title='bbox 301 2147 434 2219; x_wconf 67' lang='grc' dir='ltr'>μετὰ</span> <span class='ocrx_word' id='word_1_235' title='bbox 471 2148 584 2200; x_wconf 84' lang='grc' dir='ltr'>τῶν</span> <span class='ocrx_word' id='word_1_236' title='bbox 617 2144 868 2221; x_wconf 61' lang='grc' dir='ltr'>πατέρων</span> <span class='ocrx_word' id='word_1_237' title='bbox 903 2144 1090 2201; x_wconf 74' lang='grc' dir='ltr'>αὐτοῦ.</span> 
     </span>
    </p>
   </div>
   <div class='ocr_carea' id='block_1_39' title="bbox 855 2253 1403 2313">
    <p class='ocr_par' dir='ltr' id='par_1_39' title="bbox 855 2253 1403 2313">
     <span class='ocr_line' id='line_1_39' title="bbox 855 2253 1403 2313; baseline 0.005 -3"><span class='ocrx_word' id='word_1_238' title='bbox 855 2255 905 2310; x_wconf 90' lang='grc' dir='ltr'><strong>Μ</strong></span> <span class='ocrx_word' id='word_1_239' title='bbox 917 2255 1034 2310; x_wconf 78' lang='lat' dir='ltr'>HNl</span> <span class='ocrx_word' id='word_1_240' title='bbox 1076 2254 1166 2311; x_wconf 83' lang='grc' dir='ltr'>ΤΩ</span> <span class='ocrx_word' id='word_1_241' title='bbox 1205 2253 1403 2313; x_wconf 82' lang='grc' dir='ltr'>ΑΥΤΩ.</span> 
     </span>
    </p>
   </div>
   <div class='ocr_carea' id='block_1_40' title="bbox 1090 2344 1164 2400">
    <p class='ocr_par' dir='ltr' id='par_1_40' title="bbox 1090 2344 1164 2400">
     <span class='ocr_line' id='line_1_40' title="bbox 1090 2344 1164 2400; baseline -0.027 0"><span class='ocrx_word' id='word_1_242' title='bbox 1090 2344 1164 2400; x_wconf 88' lang='lat' dir='ltr'>lZ&#39;</span> 
     </span>
    </p>
   </div>
   <div class='ocr_carea' id='block_1_41' title="bbox 294 2427 1962 2511">
    <p class='ocr_par' dir='ltr' id='par_1_41' title="bbox 294 2427 1962 2511">
     <span class='ocr_line' id='line_1_41' title="bbox 294 2427 1962 2511; baseline -0.003 -20"><span class='ocrx_word' id='word_1_243' title='bbox 294 2432 573 2505; x_wconf 81' lang='grc' dir='ltr'>Ἀθλησις</span> <span class='ocrx_word' id='word_1_244' title='bbox 634 2435 742 2488; x_wconf 82' lang='grc' dir='ltr'>τῶν</span> <span class='ocrx_word' id='word_1_245' title='bbox 798 2433 966 2511; x_wconf 83' lang='grc' dir='ltr'>ἁγίων</span> <span class='ocrx_word' id='word_1_246' title='bbox 1015 2431 1340 2511; x_wconf 66' lang='grc' dir='ltr'>Δμαρτύρων</span> <span class='ocrx_word' id='word_1_247' title='bbox 1401 2429 1688 2503; x_wconf 77' lang='grc' dir='ltr'>Μανουῆλ,</span> <span class='ocrx_word' id='word_1_248' title='bbox 1757 2427 1962 2504; x_wconf 75' lang='grc' dir='ltr'>Σαόὶλ,</span> 
     </span>
    </p>
   </div>
   <div class='ocr_carea' id='block_1_42' title="bbox 939 2505 1315 2579">
    <p class='ocr_par' dir='ltr' id='par_1_42' title="bbox 939 2505 1315 2579">
     <span class='ocr_line' id='line_1_42' title="bbox 939 2505 1315 2579; baseline 0.003 -19"><span class='ocrx_word' id='word_1_249' title='bbox 939 2505 1030 2560; x_wconf 83' lang='grc' dir='ltr'>καὶ</span> <span class='ocrx_word' id='word_1_250' title='bbox 1052 2505 1315 2579; x_wconf 72' lang='grc' dir='ltr'>Ἶσμαῆλ.</span> 
     </span>
    </p>
   </div>
   <div class='ocr_carea' id='block_1_43' title="bbox 365 2617 1963 2698">
    <p class='ocr_par' dir='ltr' id='par_1_43' title="bbox 365 2617 1963 2698">
     <span class='ocr_line' id='line_1_43' title="bbox 365 2617 1963 2698; baseline -0.002 -17"><span class='ocrx_word' id='word_1_251' title='bbox 365 2621 665 2693; x_wconf 77' lang='grc' dir='ltr'>Μανουήλ,</span> <span class='ocrx_word' id='word_1_252' title='bbox 725 2617 928 2691; x_wconf 76' lang='grc' dir='ltr'>Σαϐελ,</span> <span class='ocrx_word' id='word_1_253' title='bbox 985 2623 1075 2678; x_wconf 78' lang='grc' dir='ltr'>καὶ</span> <span class='ocrx_word' id='word_1_254' title='bbox 1136 2621 1394 2696; x_wconf 77' lang='grc' dir='ltr'>Ἰσμαήλ,</span> <span class='ocrx_word' id='word_1_255' title='bbox 1465 2622 1518 2678; x_wconf 70' lang='grc' dir='ltr'>οἱ</span> <span class='ocrx_word' id='word_1_256' title='bbox 1576 2625 1674 2678; x_wconf 79' lang='grc' dir='ltr'>τοῦ</span> <span class='ocrx_word' id='word_1_257' title='bbox 1725 2623 1963 2698; x_wconf 83' lang='grc' dir='ltr'>Χριστοῦ</span> 
     </span>
    </p>
   </div>
   <div class='ocr_carea' id='block_1_44' title="bbox 298 2708 1963 2790">
    <p class='ocr_par' dir='ltr' id='par_1_44' title="bbox 298 2708 1963 2790">
     <span class='ocr_line' id='line_1_44' title="bbox 298 2708 1963 2790; baseline -0.001 -22"><span class='ocrx_word' id='word_1_258' title='bbox 298 2715 600 2787; x_wconf 72' lang='grc' dir='ltr'>μάρτυρες,</span> <span class='ocrx_word' id='word_1_259' title='bbox 640 2713 898 2790; x_wconf 71' lang='grc' dir='ltr'>ὖπῖρχον</span> <span class='ocrx_word' id='word_1_260' title='bbox 935 2714 1027 2786; x_wconf 77' lang='grc' dir='ltr'>μὶν</span> <span class='ocrx_word' id='word_1_261' title='bbox 1062 2713 1121 2768; x_wconf 76' lang='grc' dir='ltr'>ἐκ</span> <span class='ocrx_word' id='word_1_262' title='bbox 1147 2720 1246 2783; x_wconf 79' lang='grc' dir='ltr'>τῆς</span> <span class='ocrx_word' id='word_1_263' title='bbox 1300 2714 1490 2790; x_wconf 85' lang='grc' dir='ltr'>χώρας</span> <span class='ocrx_word' id='word_1_264' title='bbox 1541 2708 1804 2787; x_wconf 80' lang='grc' dir='ltr'>Περσίδος</span> <span class='ocrx_word' id='word_1_265' title='bbox 1853 2711 1963 2768; x_wconf 74' lang='grc' dir='ltr'>υἱοὶ</span> 
     </span>
    </p>
   </div>
   <div class='ocr_carea' id='block_1_45' title="bbox 292 2801 1962 2877">
    <p class='ocr_par' dir='ltr' id='par_1_45' title="bbox 292 2801 1962 2877">
     <span class='ocr_line' id='line_1_45' title="bbox 292 2801 1962 2877; baseline -0.002 -19"><span class='ocrx_word' id='word_1_266' title='bbox 292 2802 351 2858; x_wconf 76' lang='grc' dir='ltr'>δὶ</span> <span class='ocrx_word' id='word_1_267' title='bbox 389 2804 600 2876; x_wconf 66' lang='grc' dir='ltr'>πατρὸς</span> <span class='ocrx_word' id='word_1_268' title='bbox 649 2802 972 2877; x_wconf 82' lang='grc' dir='ltr'>ἀρχιμαγου</span> <span class='ocrx_word' id='word_1_269' title='bbox 1028 2802 1117 2858; x_wconf 80' lang='grc' dir='ltr'>καὶ</span> <span class='ocrx_word' id='word_1_270' title='bbox 1181 2803 1391 2876; x_wconf 82' lang='grc' dir='ltr'>μητρὸς</span> <span class='ocrx_word' id='word_1_271' title='bbox 1450 2805 1797 2877; x_wconf 78' lang='grc' dir='ltr'>Χριστιανῆς.</span> <span class='ocrx_word' id='word_1_272' title='bbox 1860 2801 1962 2858; x_wconf 83' lang='grc' dir='ltr'>Καὶ</span> 
     </span>
    </p>
   </div>
   <div class='ocr_carea' id='block_1_46' title="bbox 291 2885 1960 2970">
    <p class='ocr_par' dir='ltr' id='par_1_46' title="bbox 291 2885 1960 2970">
     <span class='ocr_line' id='line_1_46' title="bbox 291 2885 1960 2970; baseline -0.002 -23"><span class='ocrx_word' id='word_1_273' title='bbox 291 2890 651 2968; x_wconf 67' lang='grc' dir='ltr'>διδαχθέντες</span> <span class='ocrx_word' id='word_1_274' title='bbox 683 2895 752 2948; x_wconf 78' lang='grc' dir='ltr'>τά</span> <span class='ocrx_word' id='word_1_275' title='bbox 780 2913 836 2947; x_wconf 91' lang='grc' dir='ltr'>τε</span> <span class='ocrx_word' id='word_1_276' title='bbox 867 2893 984 2970; x_wconf 73' lang='grc' dir='ltr'>ἱερᾶ</span> <span class='ocrx_word' id='word_1_277' title='bbox 1022 2892 1345 2967; x_wconf 82' lang='grc' dir='ltr'>γράμματα,</span> <span class='ocrx_word' id='word_1_278' title='bbox 1396 2891 1488 2946; x_wconf 77' lang='grc' dir='ltr'>καὶ</span> <span class='ocrx_word' id='word_1_279' title='bbox 1537 2891 1635 2961; x_wconf 72' lang='grc' dir='ltr'>τὴν</span> <span class='ocrx_word' id='word_1_280' title='bbox 1690 2885 1960 2946; x_wconf 72' lang='grc' dir='ltr'>εὐσέϐειαν</span> 
     </span>
    </p>
   </div>
   <div class='ocr_carea' id='block_1_47' title="bbox 289 2975 1963 3059">
    <p class='ocr_par' dir='ltr' id='par_1_47' title="bbox 289 2975 1963 3059">
     <span class='ocr_line' id='line_1_47' title="bbox 289 2975 1963 3059; baseline -0.001 -22"><span class='ocrx_word' id='word_1_281' title='bbox 289 2985 439 3059; x_wconf 79' lang='grc' dir='ltr'>παρᾶ</span> <span class='ocrx_word' id='word_1_282' title='bbox 475 2983 735 3040; x_wconf 76' lang='grc' dir='ltr'>Εὐνείκου</span> <span class='ocrx_word' id='word_1_283' title='bbox 793 2983 939 3045; x_wconf 85' lang='grc' dir='ltr'>τινὸς</span> <span class='ocrx_word' id='word_1_284' title='bbox 999 2985 1344 3059; x_wconf 83' lang='grc' dir='ltr'>Χριστιανοῦ,</span> <span class='ocrx_word' id='word_1_285' title='bbox 1402 2975 1587 3036; x_wconf 74' lang='grc' dir='ltr'>ἔσεϐον</span> <span class='ocrx_word' id='word_1_286' title='bbox 1645 2981 1734 3036; x_wconf 81' lang='grc' dir='ltr'>καὶ</span> <span class='ocrx_word' id='word_1_287' title='bbox 1792 3001 1963 3058; x_wconf 83' lang='grc' dir='ltr'>προσ-</span> 
     </span>
    </p>
   </div>
   <div class='ocr_carea' id='block_1_48' title="bbox 292 3069 1965 3151">
    <p class='ocr_par' dir='ltr' id='par_1_48' title="bbox 292 3069 1965 3151">
     <span class='ocr_line' id='line_1_48' title="bbox 292 3069 1965 3151; baseline -0.002 -21"><span class='ocrx_word' id='word_1_288' title='bbox 292 3077 513 3130; x_wconf 84' lang='grc' dir='ltr'>εκύνουν</span> <span class='ocrx_word' id='word_1_289' title='bbox 545 3077 641 3130; x_wconf 81' lang='grc' dir='ltr'>τὸν</span> <span class='ocrx_word' id='word_1_290' title='bbox 670 3074 925 3151; x_wconf 83' lang='grc' dir='ltr'>Χριστόν.</span> <span class='ocrx_word' id='word_1_291' title='bbox 961 3075 1082 3128; x_wconf 84' lang='grc' dir='ltr'>Ἐπῖ</span> <span class='ocrx_word' id='word_1_292' title='bbox 1136 3072 1193 3129; x_wconf 77' lang='grc' dir='ltr'>δὲ</span> <span class='ocrx_word' id='word_1_293' title='bbox 1242 3077 1342 3138; x_wconf 80' lang='grc' dir='ltr'>τῆς</span> <span class='ocrx_word' id='word_1_294' title='bbox 1394 3069 1678 3150; x_wconf 83' lang='grc' dir='ltr'>βασιλείας</span> <span class='ocrx_word' id='word_1_295' title='bbox 1730 3071 1965 3128; x_wconf 87' lang='grc' dir='ltr'>Ἰουλια-</span> 
     </span>
    </p>
   </div>
   <div class='ocr_carea' id='block_1_49' title="bbox 284 3160 1960 3239">
    <p class='ocr_par' dir='ltr' id='par_1_49' title="bbox 284 3160 1960 3239">
     <span class='ocr_line' id='line_1_49' title="bbox 284 3160 1960 3239; baseline -0.002 -20"><span class='ocrx_word' id='word_1_296' title='bbox 284 3163 381 3219; x_wconf 73' lang='grc' dir='ltr'><strong>νοῦ</strong></span> <span class='ocrx_word' id='word_1_297' title='bbox 411 3168 510 3219; x_wconf 71' lang='grc' dir='ltr'>τοῦ</span> <span class='ocrx_word' id='word_1_298' title='bbox 543 3160 892 3235; x_wconf 74' lang='grc' dir='ltr'>παραϐἀτου,</span> <span class='ocrx_word' id='word_1_299' title='bbox 947 3163 1333 3234; x_wconf 77' lang='grc' dir='ltr'>ἀπεστάλησαν</span> <span class='ocrx_word' id='word_1_300' title='bbox 1391 3163 1538 3239; x_wconf 82' lang='grc' dir='ltr'>παρᾶ</span> <span class='ocrx_word' id='word_1_301' title='bbox 1589 3167 1687 3218; x_wconf 78' lang='grc' dir='ltr'>τοῦ</span> <span class='ocrx_word' id='word_1_302' title='bbox 1741 3166 1960 3238; x_wconf 79' lang='grc' dir='ltr'>Περσῶν</span> 
     </span>
    </p>
   </div>
   <div class='ocr_carea' id='block_1_50' title="bbox 286 3247 1962 3330">
    <p class='ocr_par' dir='ltr' id='par_1_50' title="bbox 286 3247 1962 3330">
     <span class='ocr_line' id='line_1_50' title="bbox 286 3247 1962 3330; baseline -0.003 -21"><span class='ocrx_word' id='word_1_303' title='bbox 286 3254 574 3330; x_wconf 66' lang='grc' dir='ltr'>βασιλέως</span> <span class='ocrx_word' id='word_1_304' title='bbox 606 3247 846 3328; x_wconf 66' lang='grc' dir='ltr'>πρέσϐυς</span> <span class='ocrx_word' id='word_1_305' title='bbox 905 3253 982 3317; x_wconf 84' lang='grc' dir='ltr'>εἷς</span> <span class='ocrx_word' id='word_1_306' title='bbox 1034 3251 1615 3310; x_wconf 82' lang='grc' dir='ltr'>Κωνσταντινούπολιν</span> <span class='ocrx_word' id='word_1_307' title='bbox 1674 3249 1762 3307; x_wconf 69' lang='grc' dir='ltr'>διὰ</span> <span class='ocrx_word' id='word_1_308' title='bbox 1810 3251 1962 3322; x_wconf 75' lang='grc' dir='ltr'>εἰρή-</span> 
     </span>
    </p>
   </div>
   <div class='ocr_carea' id='block_1_51' title="bbox 2073 2055 2660 2130">
    <p class='ocr_par' dir='ltr' id='par_1_51' title="bbox 2073 2055 2660 2130">
     <span class='ocr_line' id='line_1_51' title="bbox 2073 2055 2660 2130; baseline 0 -17"><span class='ocrx_word' id='word_1_309' title='bbox 2073 2055 2197 2113; x_wconf 81' lang='lat' dir='ltr'>suis</span> <span class='ocrx_word' id='word_1_310' title='bbox 2229 2057 2498 2130; x_wconf 90' lang='lat' dir='ltr'>sepultus</span> <span class='ocrx_word' id='word_1_311' title='bbox 2526 2057 2660 2113; x_wconf 80' lang='lat' dir='ltr'>fuit-</span> 
     </span>
    </p>
   </div>
   <div class='ocr_carea' id='block_1_52' title="bbox 2630 2237 3168 2295">
    <p class='ocr_par' dir='ltr' id='par_1_52' title="bbox 2630 2237 3168 2295">
     <span class='ocr_line' id='line_1_52' title="bbox 2630 2237 3168 2295; baseline 0.004 -2"><span class='ocrx_word' id='word_1_312' title='bbox 2630 2238 2873 2295; x_wconf 82' lang='lat' dir='ltr'>EODEM</span> <span class='ocrx_word' id='word_1_313' title='bbox 2913 2237 3168 2295; x_wconf 77' lang='lat' dir='ltr'>MENSE.</span> 
     </span>
    </p>
   </div>
   <div class='ocr_carea' id='block_1_53' title="bbox 2553 2325 3227 2400">
    <p class='ocr_par' dir='ltr' id='par_1_53' title="bbox 2553 2325 3227 2400">
     <span class='ocr_line' id='line_1_53' title="bbox 2553 2325 3227 2400; baseline -0.003 -16"><span class='ocrx_word' id='word_1_314' title='bbox 2553 2325 2656 2384; x_wconf 86' lang='lat' dir='ltr'>Die</span> <span class='ocrx_word' id='word_1_315' title='bbox 2688 2326 2922 2384; x_wconf 88' lang='lat' dir='ltr'>decima</span> <span class='ocrx_word' id='word_1_316' title='bbox 2951 2329 3227 2400; x_wconf 86' lang='lat' dir='ltr'>septima.</span> 
     </span>
    </p>
   </div>
   <div class='ocr_carea' id='block_1_54' title="bbox 2069 2425 3728 2500">
    <p class='ocr_par' dir='ltr' id='par_1_54' title="bbox 2069 2425 3728 2500">
     <span class='ocr_line' id='line_1_54' title="bbox 2069 2425 3728 2500; baseline 0.002 -17"><span class='ocrx_word' id='word_1_317' title='bbox 2069 2425 2225 2483; x_wconf 73' lang='lat'>180</span> <span class='ocrx_word' id='word_1_318' title='bbox 2306 2425 2623 2500; x_wconf 72' lang='lat' dir='ltr'>Certamen</span> <span class='ocrx_word' id='word_1_319' title='bbox 2663 2434 2978 2484; x_wconf 86' lang='lat' dir='ltr'>sanctorum</span> <span class='ocrx_word' id='word_1_320' title='bbox 3061 2434 3369 2499; x_wconf 79' lang='lat' dir='ltr'><strong><em>martyrum</em></strong></span> <span class='ocrx_word' id='word_1_321' title='bbox 3430 2427 3728 2500; x_wconf 69' lang='lat' dir='ltr'>Manuclis,</span> 
     </span>
    </p>
   </div>
   <div class='ocr_carea' id='block_1_55' title="bbox 2604 2499 3187 2565">
    <p class='ocr_par' dir='ltr' id='par_1_55' title="bbox 2604 2499 3187 2565">
     <span class='ocr_line' id='line_1_55' title="bbox 2604 2499 3187 2565; baseline -0.002 -9"><span class='ocrx_word' id='word_1_322' title='bbox 2604 2499 2817 2556; x_wconf 83' lang='lat' dir='ltr'>Sabelis</span> <span class='ocrx_word' id='word_1_323' title='bbox 2845 2507 2898 2565; x_wconf 75' lang='lat' dir='ltr'><strong><em>et</em></strong></span> <span class='ocrx_word' id='word_1_324' title='bbox 2925 2501 3187 2557; x_wconf 79' lang='lat' dir='ltr'>lsmaelis.</span> 
     </span>
    </p>
   </div>
   <div class='ocr_carea' id='block_1_56' title="bbox 2142 2618 3728 2692">
    <p class='ocr_par' dir='ltr' id='par_1_56' title="bbox 2142 2618 3728 2692">
     <span class='ocr_line' id='line_1_56' title="bbox 2142 2618 3728 2692; baseline 0.003 -20"><span class='ocrx_word' id='word_1_325' title='bbox 2142 2619 2427 2692; x_wconf 78' lang='lat' dir='ltr'>Martyres</span> <span class='ocrx_word' id='word_1_326' title='bbox 2456 2619 2672 2675; x_wconf 88' lang='lat' dir='ltr'>Christi</span> <span class='ocrx_word' id='word_1_327' title='bbox 2706 2619 2964 2688; x_wconf 85' lang='lat' dir='ltr'>Manuel,</span> <span class='ocrx_word' id='word_1_328' title='bbox 2997 2619 3191 2688; x_wconf 88' lang='lat' dir='ltr'>Sabel,</span> <span class='ocrx_word' id='word_1_329' title='bbox 3224 2625 3284 2676; x_wconf 92' lang='lat' dir='ltr'>et</span> <span class='ocrx_word' id='word_1_330' title='bbox 3305 2618 3516 2677; x_wconf 87' lang='lat' dir='ltr'>Ismael</span> <span class='ocrx_word' id='word_1_331' title='bbox 3541 2637 3609 2677; x_wconf 83' lang='lat' dir='ltr'>ex</span> <span class='ocrx_word' id='word_1_332' title='bbox 3633 2635 3728 2678; x_wconf 84' lang='lat' dir='ltr'>re-</span> 
     </span>
    </p>
   </div>
   <div class='ocr_carea' id='block_1_57' title="bbox 2069 2707 3726 2784">
    <p class='ocr_par' dir='ltr' id='par_1_57' title="bbox 2069 2707 3726 2784">
     <span class='ocr_line' id='line_1_57' title="bbox 2069 2707 3726 2784; baseline 0.003 -22"><span class='ocrx_word' id='word_1_333' title='bbox 2069 2707 2245 2779; x_wconf 84' lang='lat' dir='ltr'>gione</span> <span class='ocrx_word' id='word_1_334' title='bbox 2278 2708 2538 2764; x_wconf 90' lang='lat' dir='ltr'>Persidis</span> <span class='ocrx_word' id='word_1_335' title='bbox 2569 2709 2830 2770; x_wconf 88' lang='lat' dir='ltr'>oriundi.</span> <span class='ocrx_word' id='word_1_336' title='bbox 2865 2716 3031 2782; x_wconf 91' lang='lat' dir='ltr'>patre</span> <span class='ocrx_word' id='word_1_337' title='bbox 3063 2710 3306 2782; x_wconf 90' lang='lat' dir='ltr'>quidem</span> <span class='ocrx_word' id='word_1_338' title='bbox 3347 2711 3726 2784; x_wconf 86' lang='lat' dir='ltr'>Archimago,</span> 
     </span>
    </p>
   </div>
   <div class='ocr_carea' id='block_1_58' title="bbox 2069 2799 3729 2874">
    <p class='ocr_par' dir='ltr' id='par_1_58' title="bbox 2069 2799 3729 2874">
     <span class='ocr_line' id='line_1_58' title="bbox 2069 2799 3729 2874; baseline 0.002 -22"><span class='ocrx_word' id='word_1_339' title='bbox 2069 2803 2258 2853; x_wconf 87' lang='lat' dir='ltr'>matre</span> <span class='ocrx_word' id='word_1_340' title='bbox 2288 2815 2419 2854; x_wconf 90' lang='lat' dir='ltr'>vero</span> <span class='ocrx_word' id='word_1_341' title='bbox 2450 2799 2809 2865; x_wconf 88' lang='lat' dir='ltr'>Christiana,</span> <span class='ocrx_word' id='word_1_342' title='bbox 2843 2817 3042 2857; x_wconf 86' lang='lat' dir='ltr'>sacras</span> <span class='ocrx_word' id='word_1_343' title='bbox 3063 2800 3316 2869; x_wconf 86' lang='lat' dir='ltr'>litteras,</span> <span class='ocrx_word' id='word_1_344' title='bbox 3349 2817 3417 2857; x_wconf 90' lang='lat' dir='ltr'>ac</span> <span class='ocrx_word' id='word_1_345' title='bbox 3447 2801 3729 2874; x_wconf 84' lang='lat' dir='ltr'>pietatem</span> 
     </span>
    </p>
   </div>
   <div class='ocr_carea' id='block_1_59' title="bbox 2070 2886 3730 2960">
    <p class='ocr_par' dir='ltr' id='par_1_59' title="bbox 2070 2886 3730 2960">
     <span class='ocr_line' id='line_1_59' title="bbox 2070 2886 3730 2960; baseline 0.002 -18"><span class='ocrx_word' id='word_1_346' title='bbox 2070 2886 2142 2942; x_wconf 88' lang='lat' dir='ltr'>ab</span> <span class='ocrx_word' id='word_1_347' title='bbox 2173 2887 2399 2943; x_wconf 87' lang='lat' dir='ltr'>Eunico</span> <span class='ocrx_word' id='word_1_348' title='bbox 2460 2887 2704 2945; x_wconf 88' lang='lat' dir='ltr'>homine</span> <span class='ocrx_word' id='word_1_349' title='bbox 2755 2890 3092 2945; x_wconf 88' lang='lat' dir='ltr'>Christiano</span> <span class='ocrx_word' id='word_1_350' title='bbox 3151 2889 3366 2960; x_wconf 88' lang='lat' dir='ltr'>edocti,</span> <span class='ocrx_word' id='word_1_351' title='bbox 3427 2890 3730 2946; x_wconf 87' lang='lat' dir='ltr'>Christum</span> 
     </span>
    </p>
   </div>
   <div class='ocr_carea' id='block_1_60' title="bbox 2071 2977 3732 3053">
    <p class='ocr_par' dir='ltr' id='par_1_60' title="bbox 2071 2977 3732 3053">
     <span class='ocr_line' id='line_1_60' title="bbox 2071 2977 3732 3053; baseline 0.001 -19"><span class='ocrx_word' id='word_1_352' title='bbox 2071 2977 2347 3034; x_wconf 88' lang='lat' dir='ltr'>colebant</span> <span class='ocrx_word' id='word_1_353' title='bbox 2386 2983 2444 3034; x_wconf 88' lang='lat' dir='ltr'>et</span> <span class='ocrx_word' id='word_1_354' title='bbox 2467 2978 2813 3035; x_wconf 89' lang='lat' dir='ltr'>adorabant.</span> <span class='ocrx_word' id='word_1_355' title='bbox 2849 2985 2989 3036; x_wconf 79' lang='lat' dir='ltr'>Cum</span> <span class='ocrx_word' id='word_1_356' title='bbox 3015 2997 3172 3041; x_wconf 87' lang='lat' dir='ltr'>vero.</span> <span class='ocrx_word' id='word_1_357' title='bbox 3195 2979 3428 3036; x_wconf 71' lang='lat' dir='ltr'>Iuliano</span> <span class='ocrx_word' id='word_1_358' title='bbox 3447 2983 3732 3053; x_wconf 83' lang='lat' dir='ltr'>Apostata</span> 
     </span>
    </p>
   </div>
   <div class='ocr_carea' id='block_1_61' title="bbox 2069 3068 3730 3144">
    <p class='ocr_par' dir='ltr' id='par_1_61' title="bbox 2069 3068 3730 3144">
     <span class='ocr_line' id='line_1_61' title="bbox 2069 3068 3730 3144; baseline 0.002 -21"><span class='ocrx_word' id='word_1_359' title='bbox 2069 3068 2431 3140; x_wconf 84' lang='lat' dir='ltr'>imperante.</span> <span class='ocrx_word' id='word_1_360' title='bbox 2472 3068 2649 3143; x_wconf 82' lang='lat' dir='ltr'>legati</span> <span class='ocrx_word' id='word_1_361' title='bbox 2681 3086 2789 3142; x_wconf 93' lang='lat' dir='ltr'>pro</span> <span class='ocrx_word' id='word_1_362' title='bbox 2823 3085 2968 3142; x_wconf 89' lang='lat' dir='ltr'>pace</span> <span class='ocrx_word' id='word_1_363' title='bbox 2998 3087 3033 3126; x_wconf 88' lang='lat' dir='ltr'>a</span> <span class='ocrx_word' id='word_1_364' title='bbox 3063 3072 3379 3127; x_wconf 84' lang='lat' dir='ltr'>Persarum</span> <span class='ocrx_word' id='word_1_365' title='bbox 3412 3086 3547 3144; x_wconf 89' lang='lat' dir='ltr'>rege</span> <span class='ocrx_word' id='word_1_366' title='bbox 3577 3071 3730 3126; x_wconf 91' lang='lat' dir='ltr'>Con-</span> 
     </span>
    </p>
   </div>
   <div class='ocr_carea' id='block_1_62' title="bbox 2069 3159 3729 3233">
    <p class='ocr_par' dir='ltr' id='par_1_62' title="bbox 2069 3159 3729 3233">
     <span class='ocr_line' id='line_1_62' title="bbox 2069 3159 3729 3233; baseline 0.002 -19"><span class='ocrx_word' id='word_1_367' title='bbox 2069 3159 2522 3232; x_wconf 89' lang='lat' dir='ltr'>stantinopolim</span> <span class='ocrx_word' id='word_1_368' title='bbox 2556 3159 2748 3227; x_wconf 90' lang='lat' dir='ltr'>missi,</span> <span class='ocrx_word' id='word_1_369' title='bbox 2783 3167 3124 3233; x_wconf 89' lang='lat' dir='ltr'>spectarent</span> <span class='ocrx_word' id='word_1_370' title='bbox 3153 3161 3326 3217; x_wconf 91' lang='lat' dir='ltr'>illum</span> <span class='ocrx_word' id='word_1_371' title='bbox 3375 3160 3729 3216; x_wconf 67' lang='lat' dir='ltr'>Christiane</span> 
     </span>
    </p>
   </div>
   <div class='ocr_carea' id='block_1_63' title="bbox 2068 3250 3731 3309">
    <p class='ocr_par' dir='ltr' id='par_1_63' title="bbox 2068 3250 3731 3309">
     <span class='ocr_line' id='line_1_63' title="bbox 2068 3250 3731 3309; baseline 0 -3"><span class='ocrx_word' id='word_1_372' title='bbox 2068 3250 2210 3306; x_wconf 80' lang='lat' dir='ltr'>ﬁdei</span> <span class='ocrx_word' id='word_1_373' title='bbox 2245 3250 2612 3307; x_wconf 90' lang='lat' dir='ltr'>desertorem</span> <span class='ocrx_word' id='word_1_374' title='bbox 2646 3258 2809 3307; x_wconf 90' lang='lat' dir='ltr'>trans</span> <span class='ocrx_word' id='word_1_375' title='bbox 2861 3252 3079 3308; x_wconf 84' lang='lat' dir='ltr'>fretum</span> <span class='ocrx_word' id='word_1_376' title='bbox 3130 3251 3502 3309; x_wconf 87' lang='lat' dir='ltr'>Chalcedone</span> <span class='ocrx_word' id='word_1_377' title='bbox 3552 3251 3731 3307; x_wconf 90' lang='lat' dir='ltr'>idolis</span> 
     </span>
    </p>
   </div>
   <div class='ocr_carea' id='block_1_64' title="bbox 280 3327 1962 3417">
    <p class='ocr_par' dir='ltr' id='par_1_64' title="bbox 280 3339 1961 3417">
     <span class='ocr_line' id='line_1_64' title="bbox 280 3339 1961 3417; baseline -0.001 -19"><span class='ocrx_word' id='word_1_378' title='bbox 280 3367 408 3414; x_wconf 84' lang='grc' dir='ltr'>νην.</span> <span class='ocrx_word' id='word_1_379' title='bbox 448 3343 553 3400; x_wconf 85' lang='grc' dir='ltr'>Καὶ</span> <span class='ocrx_word' id='word_1_380' title='bbox 591 3341 798 3406; x_wconf 79' lang='grc' dir='ltr'>ἰδόντες</span> <span class='ocrx_word' id='word_1_381' title='bbox 831 3345 922 3399; x_wconf 84' lang='grc' dir='ltr'>τὸν</span> <span class='ocrx_word' id='word_1_382' title='bbox 958 3341 1278 3417; x_wconf 74' lang='grc' dir='ltr'>παραϐάτην</span> <span class='ocrx_word' id='word_1_383' title='bbox 1309 3345 1478 3416; x_wconf 69' lang='grc' dir='ltr'>πέραν</span> <span class='ocrx_word' id='word_1_384' title='bbox 1531 3342 1583 3399; x_wconf 76' lang='grc' dir='ltr'>ἐν</span> <span class='ocrx_word' id='word_1_385' title='bbox 1635 3339 1961 3413; x_wconf 78' lang='grc' dir='ltr'>Χαλκηδόνι</span> 
     </span>
    </p>
   </div>
   <div class='ocr_carea' id='block_1_65' title="bbox 2075 3327 3729 3417">
    <p class='ocr_par' dir='ltr' id='par_1_65' title="bbox 2075 3338 3729 3407">
     <span class='ocr_line' id='line_1_65' title="bbox 2075 3338 3729 3407; baseline 0.002 -15"><span class='ocrx_word' id='word_1_386' title='bbox 2075 3338 2512 3407; x_wconf 88' lang='lat' dir='ltr'>immolantem,</span> <span class='ocrx_word' id='word_1_387' title='bbox 2559 3339 2802 3395; x_wconf 87' lang='lat' dir='ltr'>tristitia</span> <span class='ocrx_word' id='word_1_388' title='bbox 2859 3340 3054 3396; x_wconf 63' lang='lat' dir='ltr'>affecti</span> <span class='ocrx_word' id='word_1_389' title='bbox 3113 3346 3271 3396; x_wconf 89' lang='lat' dir='ltr'>sunt.</span> <span class='ocrx_word' id='word_1_390' title='bbox 3331 3339 3729 3406; x_wconf 86' lang='lat' dir='ltr'>Quamobrem</span> 
     </span>
    </p>
   </div>
   <div class='ocr_carea' id='block_1_66' title="bbox 286 3431 1960 3509">
    <p class='ocr_par' dir='ltr' id='par_1_66' title="bbox 286 3431 1960 3509">
     <span class='ocr_line' id='line_1_66' title="bbox 286 3431 1960 3509; baseline 0 -22"><span class='ocrx_word' id='word_1_391' title='bbox 286 3439 409 3496; x_wconf 76' lang='grc' dir='ltr'>τοῖς</span> <span class='ocrx_word' id='word_1_392' title='bbox 442 3431 702 3497; x_wconf 75' lang='grc' dir='ltr'>εἰδώλοις</span> <span class='ocrx_word' id='word_1_393' title='bbox 735 3434 953 3502; x_wconf 80' lang='grc' dir='ltr'>θύοντα,</span> <span class='ocrx_word' id='word_1_394' title='bbox 1020 3433 1396 3505; x_wconf 66' lang='grc' dir='ltr'>ἐλυπήθησαν,</span> <span class='ocrx_word' id='word_1_395' title='bbox 1458 3433 1564 3490; x_wconf 78' lang='grc' dir='ltr'>Καὶ</span> <span class='ocrx_word' id='word_1_396' title='bbox 1609 3435 1960 3509; x_wconf 63' lang='grc' dir='ltr'>γνωσθέντες,</span> 
     </span>
    </p>
   </div>
   <div class='ocr_carea' id='block_1_67' title="bbox 291 3521 1963 3600">
    <p class='ocr_par' dir='ltr' id='par_1_67' title="bbox 291 3521 1963 3600">
     <span class='ocr_line' id='line_1_67' title="bbox 291 3521 1963 3600; baseline 0.001 -23"><span class='ocrx_word' id='word_1_397' title='bbox 291 3526 753 3596; x_wconf 72' lang='grc' dir='ltr'>κατεμηνύθησαν</span> <span class='ocrx_word' id='word_1_398' title='bbox 810 3529 890 3596; x_wconf 81' lang='grc' dir='ltr'>τῷ</span> <span class='ocrx_word' id='word_1_399' title='bbox 976 3521 1285 3600; x_wconf 72' lang='grc' dir='ltr'>παραϐάτῃ.</span> <span class='ocrx_word' id='word_1_400' title='bbox 1376 3524 1480 3582; x_wconf 85' lang='grc' dir='ltr'>Καὶ</span> <span class='ocrx_word' id='word_1_401' title='bbox 1566 3523 1821 3599; x_wconf 73' lang='grc' dir='ltr'>ἀχθέντες</span> <span class='ocrx_word' id='word_1_402' title='bbox 1877 3521 1963 3578; x_wconf 79' lang='grc' dir='ltr'>ἐν-</span> 
     </span>
    </p>
   </div>
   <div class='ocr_carea' id='block_1_68' title="bbox 308 3613 1964 3694">
    <p class='ocr_par' dir='ltr' id='par_1_68' title="bbox 308 3613 1964 3694">
     <span class='ocr_line' id='line_1_68' title="bbox 308 3613 1964 3694; baseline 0.002 -29"><span class='ocrx_word' id='word_1_403' title='bbox 308 3615 491 3667; x_wconf 79' lang='grc' dir='ltr'>ώπιον</span> <span class='ocrx_word' id='word_1_404' title='bbox 524 3615 707 3686; x_wconf 73' lang='grc' dir='ltr'>αὐτοῦ,</span> <span class='ocrx_word' id='word_1_405' title='bbox 760 3613 998 3690; x_wconf 76' lang='grc' dir='ltr'>ἤλεγξαν</span> <span class='ocrx_word' id='word_1_406' title='bbox 1053 3615 1234 3672; x_wconf 82' lang='grc' dir='ltr'>αὐτόν.</span> <span class='ocrx_word' id='word_1_407' title='bbox 1286 3615 1444 3679; x_wconf 85' lang='grc' dir='ltr'>Ὅθεν</span> <span class='ocrx_word' id='word_1_408' title='bbox 1491 3615 1780 3694; x_wconf 70' lang='grc' dir='ltr'>τυφθέντες</span> <span class='ocrx_word' id='word_1_409' title='bbox 1830 3634 1964 3692; x_wconf 77' lang='grc' dir='ltr'>σφο-</span> 
     </span>
    </p>
   </div>
   <div class='ocr_carea' id='block_1_69' title="bbox 311 3699 1962 3782">
    <p class='ocr_par' dir='ltr' id='par_1_69' title="bbox 311 3699 1962 3782">
     <span class='ocr_line' id='line_1_69' title="bbox 311 3699 1962 3782; baseline -0.005 -16"><span class='ocrx_word' id='word_1_410' title='bbox 311 3699 490 3777; x_wconf 72' lang='grc' dir='ltr'>δρῶς,</span> <span class='ocrx_word' id='word_1_411' title='bbox 520 3705 606 3757; x_wconf 75' lang='grc' dir='ltr'>καὶ</span> <span class='ocrx_word' id='word_1_412' title='bbox 655 3706 778 3768; x_wconf 67' lang='grc' dir='ltr'>τοὺς</span> <span class='ocrx_word' id='word_1_413' title='bbox 829 3703 1202 3782; x_wconf 71' lang='grc' dir='ltr'>ἀστραγάλους</span> <span class='ocrx_word' id='word_1_414' title='bbox 1255 3703 1638 3782; x_wconf 75' lang='grc' dir='ltr'>τρυπηθέντες,</span> <span class='ocrx_word' id='word_1_415' title='bbox 1695 3703 1784 3760; x_wconf 83' lang='grc' dir='ltr'>καὶ</span> <span class='ocrx_word' id='word_1_416' title='bbox 1839 3723 1962 3778; x_wconf 81' lang='grc' dir='ltr'>κρε-</span> 
     </span>
    </p>
   </div>
   <div class='ocr_carea' id='block_1_70' title="bbox 314 3793 1962 3872">
    <p class='ocr_par' dir='ltr' id='par_1_70' title="bbox 314 3793 1962 3872">
     <span class='ocr_line' id='line_1_70' title="bbox 314 3793 1962 3872; baseline 0.001 -26"><span class='ocrx_word' id='word_1_417' title='bbox 314 3793 628 3866; x_wconf 74' lang='grc' dir='ltr'>μασθέντες,</span> <span class='ocrx_word' id='word_1_418' title='bbox 679 3793 929 3870; x_wconf 77' lang='grc' dir='ltr'>λαμπάσι</span> <span class='ocrx_word' id='word_1_419' title='bbox 969 3797 1144 3872; x_wconf 88' lang='grc' dir='ltr'>πυρὸς</span> <span class='ocrx_word' id='word_1_420' title='bbox 1195 3795 1291 3858; x_wconf 70' lang='grc' dir='ltr'>τὰς</span> <span class='ocrx_word' id='word_1_421' title='bbox 1360 3794 1652 3871; x_wconf 78' lang='grc' dir='ltr'>μασχάλας</span> <span class='ocrx_word' id='word_1_422' title='bbox 1700 3794 1962 3868; x_wconf 72' lang='grc' dir='ltr'>κατειρλά-</span> 
     </span>
    </p>
   </div>
   <div class='ocr_carea' id='block_1_71' title="bbox 300 3883 1963 3962">
    <p class='ocr_par' dir='ltr' id='par_1_71' title="bbox 300 3883 1963 3962">
     <span class='ocr_line' id='line_1_71' title="bbox 300 3883 1963 3962; baseline 0 -24"><span class='ocrx_word' id='word_1_423' title='bbox 300 3904 502 3959; x_wconf 80' lang='grc' dir='ltr'>γησαν.</span> <span class='ocrx_word' id='word_1_424' title='bbox 540 3883 667 3939; x_wconf 76' lang='grc' dir='ltr'>Εἶτα</span> <span class='ocrx_word' id='word_1_425' title='bbox 706 3886 734 3940; x_wconf 85' lang='grc' dir='ltr'>ὁ</span> <span class='ocrx_word' id='word_1_426' title='bbox 768 3887 920 3962; x_wconf 80' lang='grc' dir='ltr'>ἅγιος</span> <span class='ocrx_word' id='word_1_427' title='bbox 976 3884 1241 3955; x_wconf 72' lang='grc' dir='ltr'>Μανουὴλ</span> <span class='ocrx_word' id='word_1_428' title='bbox 1296 3887 1396 3953; x_wconf 81' lang='grc' dir='ltr'>τήν</span> <span class='ocrx_word' id='word_1_429' title='bbox 1441 3885 1709 3960; x_wconf 71' lang='grc' dir='ltr'>κεφαλὴν,</span> <span class='ocrx_word' id='word_1_430' title='bbox 1753 3884 1845 3939; x_wconf 79' lang='grc' dir='ltr'>καὶ</span> <span class='ocrx_word' id='word_1_431' title='bbox 1895 3884 1963 3938; x_wconf 68' lang='grc' dir='ltr'>τὰ</span> 
     </span>
    </p>
   </div>
   <div class='ocr_carea' id='block_1_72' title="bbox 289 3972 1959 4051">
    <p class='ocr_par' dir='ltr' id='par_1_72' title="bbox 289 3972 1959 4051">
     <span class='ocr_line' id='line_1_72' title="bbox 289 3972 1959 4051; baseline 0 -23"><span class='ocrx_word' id='word_1_432' title='bbox 289 3974 407 4048; x_wconf 54' lang='lat' dir='ltr'>tia-51</span> <span class='ocrx_word' id='word_1_433' title='bbox 468 3973 618 4048; x_wconf 80' lang='grc' dir='ltr'>ξύλῳ</span> <span class='ocrx_word' id='word_1_434' title='bbox 676 3975 1042 4047; x_wconf 79' lang='grc' dir='ltr'>χαθηλωθεῖς,</span> <span class='ocrx_word' id='word_1_435' title='bbox 1101 3974 1192 4030; x_wconf 79' lang='grc' dir='ltr'>καὶ</span> <span class='ocrx_word' id='word_1_436' title='bbox 1264 3974 1445 4051; x_wconf 67' lang='grc' dir='ltr'>βέλεσι</span> <span class='ocrx_word' id='word_1_437' title='bbox 1523 3972 1959 4044; x_wconf 79' lang='grc' dir='ltr'>κατακεντηθεὶς,</span> 
     </span>
    </p>
   </div>
   <div class='ocr_carea' id='block_1_73' title="bbox 279 4065 1962 4146">
    <p class='ocr_par' dir='ltr' id='par_1_73' title="bbox 279 4065 1962 4146">
     <span class='ocr_line' id='line_1_73' title="bbox 279 4065 1962 4146; baseline -0.002 -23"><span class='ocrx_word' id='word_1_438' title='bbox 279 4068 528 4143; x_wconf 71' lang='grc' dir='ltr'>ἀπήχθη</span> <span class='ocrx_word' id='word_1_439' title='bbox 567 4066 660 4121; x_wconf 70' lang='grc' dir='ltr'>σὺν</span> <span class='ocrx_word' id='word_1_440' title='bbox 693 4072 808 4130; x_wconf 79' lang='grc' dir='ltr'>τοῖς</span> <span class='ocrx_word' id='word_1_441' title='bbox 842 4066 1108 4146; x_wconf 67' lang='grc' dir='ltr'>ἀδελφοῖς</span> <span class='ocrx_word' id='word_1_442' title='bbox 1155 4067 1318 4122; x_wconf 78' lang='grc' dir='ltr'>αὐτοῦ</span> <span class='ocrx_word' id='word_1_443' title='bbox 1372 4065 1452 4130; x_wconf 85' lang='grc' dir='ltr'>εί¹ς</span> <span class='ocrx_word' id='word_1_444' title='bbox 1500 4067 1590 4122; x_wconf 85' lang='grc' dir='ltr'>τὸν</span> <span class='ocrx_word' id='word_1_445' title='bbox 1642 4070 1750 4122; x_wconf 78' lang='grc' dir='ltr'>τῶν</span> <span class='ocrx_word' id='word_1_446' title='bbox 1795 4086 1962 4121; x_wconf 85' lang='grc' dir='ltr'>κατα-</span> 
     </span>
    </p>
   </div>
   <div class='ocr_carea' id='block_1_74' title="bbox 286 4155 1376 4234">
    <p class='ocr_par' dir='ltr' id='par_1_74' title="bbox 286 4155 1376 4234">
     <span class='ocr_line' id='line_1_74' title="bbox 286 4155 1376 4234; baseline 0.003 -21"><span class='ocrx_word' id='word_1_447' title='bbox 286 4155 460 4213; x_wconf 66' lang='grc' dir='ltr'>δίιων</span> <span class='ocrx_word' id='word_1_448' title='bbox 494 4155 689 4226; x_wconf 81' lang='grc' dir='ltr'>τόπον,</span> <span class='ocrx_word' id='word_1_449' title='bbox 721 4157 809 4213; x_wconf 85' lang='grc' dir='ltr'>καὶ</span> <span class='ocrx_word' id='word_1_450' title='bbox 842 4158 1376 4234; x_wconf 71' lang='grc' dir='ltr'>ἀπεκεφαλίσθησαν.</span> 
     </span>
    </p>
   </div>
   <div class='ocr_carea' id='block_1_75' title="bbox 850 4270 1406 4327">
    <p class='ocr_par' dir='ltr' id='par_1_75' title="bbox 850 4270 1406 4327">
     <span class='ocr_line' id='line_1_75' title="bbox 850 4270 1406 4327; baseline -0.002 -1"><span class='ocrx_word' id='word_1_451' title='bbox 850 4270 1030 4326; x_wconf 82' lang='grc' dir='ltr'>ΜΗΝΙ</span> <span class='ocrx_word' id='word_1_452' title='bbox 1072 4271 1163 4327; x_wconf 90' lang='grc' dir='ltr'>ΤΩ</span> <span class='ocrx_word' id='word_1_453' title='bbox 1203 4270 1406 4326; x_wconf 82' lang='grc' dir='ltr'>ΑΥΤΩ.</span> 
     </span>
    </p>
   </div>
   <div class='ocr_carea' id='block_1_76' title="bbox 1089 4358 1175 4416">
    <p class='ocr_par' dir='ltr' id='par_1_76' title="bbox 1089 4358 1175 4416">
     <span class='ocr_line' id='line_1_76' title="bbox 1089 4358 1175 4416; baseline -0.035 0"><span class='ocrx_word' id='word_1_454' title='bbox 1089 4358 1175 4416; x_wconf 82' lang='grc' dir='ltr'>ΙΗ¹</span> 
     </span>
    </p>
   </div>
   <div class='ocr_carea' id='block_1_77' title="bbox 275 4453 1957 4585">
    <p class='ocr_par' dir='ltr' id='par_1_77' title="bbox 275 4453 1957 4585">
     <span class='ocr_line' id='line_1_77' title="bbox 275 4453 1957 4585; baseline -0.003 -71"><span class='ocrx_word' id='word_1_455' title='bbox 275 4453 573 4528; x_wconf 82' lang='grc' dir='ltr'>Ἀθλησις</span> <span class='ocrx_word' id='word_1_456' title='bbox 604 4461 712 4513; x_wconf 82' lang='grc' dir='ltr'>τῶν</span> <span class='ocrx_word' id='word_1_457' title='bbox 773 4457 945 4533; x_wconf 84' lang='grc' dir='ltr'>ἁγίων</span> <span class='ocrx_word' id='word_1_458' title='bbox 1008 4458 1299 4585; x_wconf 42' lang='grc' dir='ltr'>μαρτύρων</span> <span class='ocrx_word' id='word_1_459' title='bbox 1359 4455 1640 4525; x_wconf 81' lang='grc' dir='ltr'>Λεοντίου,</span> <span class='ocrx_word' id='word_1_460' title='bbox 1701 4453 1957 4528; x_wconf 80' lang='grc' dir='ltr'>Ὑπάτου,</span> 
     </span>
     <span class='ocr_line' id='line_1_78' title="bbox 900 4531 1354 4585; baseline 0 -1"><span class='ocrx_word' id='word_1_461' title='bbox 900 4531 990 4584; x_wconf 80' lang='grc' dir='ltr'>καὶ</span> <span class='ocrx_word' id='word_1_462' title='bbox 1023 4537 1225 4584; x_wconf 74' lang='grc' dir='ltr'>Θεοοου</span> <span class='ocrx_word' id='word_1_463' title='bbox 1271 4549 1354 4585; x_wconf 90' lang='grc' dir='ltr'>ου.</span> 
     </span>
    </p>
   </div>
   <div class='ocr_carea' id='block_1_78' title="bbox 900 4549 1354 4586">
    <p class='ocr_par' dir='ltr' id='par_1_78' title="bbox 900 4549 1354 4586">
     <span class='ocr_line' id='line_1_79' title="bbox 900 4549 1354 4586; baseline 0.004 -2"><span class='ocrx_word' id='word_1_464' title='bbox 900 4551 990 4584; x_wconf 79' lang='grc' dir='ltr'>και</span> <span class='ocrx_word' id='word_1_465' title='bbox 1023 4549 1354 4586; x_wconf 72' lang='grc' dir='ltr'>υεοοουΑου.</span> 
     </span>
    </p>
   </div>
   <div class='ocr_carea' id='block_1_79' title="bbox 363 4634 1960 4713">
    <p class='ocr_par' dir='ltr' id='par_1_79' title="bbox 363 4634 1960 4713">
     <span class='ocr_line' id='line_1_80' title="bbox 363 4634 1960 4713; baseline -0.003 -18"><span class='ocrx_word' id='word_1_466' title='bbox 363 4638 818 4701; x_wconf 84' lang='grc' dir='ltr'>Λεόντιοςὸτοῦ</span> <span class='ocrx_word' id='word_1_467' title='bbox 878 4640 1110 4713; x_wconf 73' lang='grc' dir='ltr'>Χριστοῦ</span> <span class='ocrx_word' id='word_1_468' title='bbox 1173 4638 1400 4713; x_wconf 75' lang='grc' dir='ltr'>μάρτυς,</span> <span class='ocrx_word' id='word_1_469' title='bbox 1461 4637 1682 4712; x_wconf 81' lang='grc' dir='ltr'>ὑπῆρχε</span> <span class='ocrx_word' id='word_1_470' title='bbox 1742 4637 1837 4710; x_wconf 73' lang='grc' dir='ltr'>μὲν</span> <span class='ocrx_word' id='word_1_471' title='bbox 1899 4634 1960 4692; x_wconf 73' lang='grc' dir='ltr'>ἐκ</span> 
     </span>
    </p>
   </div>
   <div class='ocr_carea' id='block_1_80' title="bbox 2069 3428 3727 3501">
    <p class='ocr_par' dir='ltr' id='par_1_80' title="bbox 2069 3428 3727 3501">
     <span class='ocr_line' id='line_1_81' title="bbox 2069 3428 3727 3501; baseline 0.001 -17"><span class='ocrx_word' id='word_1_472' title='bbox 2069 3428 2273 3501; x_wconf 81' lang='lat' dir='ltr'>agniti,</span> <span class='ocrx_word' id='word_1_473' title='bbox 2299 3435 2358 3484; x_wconf 89' lang='lat' dir='ltr'>et</span> <span class='ocrx_word' id='word_1_474' title='bbox 2378 3429 2534 3500; x_wconf 87' lang='lat' dir='ltr'>apud</span> <span class='ocrx_word' id='word_1_475' title='bbox 2560 3433 2907 3501; x_wconf 83' lang='lat' dir='ltr'>Apostatam</span> <span class='ocrx_word' id='word_1_476' title='bbox 2930 3429 3134 3495; x_wconf 90' lang='lat' dir='ltr'>delati,</span> <span class='ocrx_word' id='word_1_477' title='bbox 3160 3430 3354 3486; x_wconf 91' lang='lat' dir='ltr'>eidem</span> <span class='ocrx_word' id='word_1_478' title='bbox 3390 3430 3684 3486; x_wconf 88' lang='lat' dir='ltr'>sistuntur</span> <span class='ocrx_word' id='word_1_479' title='bbox 3711 3445 3727 3487; x_wconf 86' lang='lat'><strong>:</strong></span> 
     </span>
    </p>
   </div>
   <div class='ocr_carea' id='block_1_81' title="bbox 2069 3517 3727 3594">
    <p class='ocr_par' dir='ltr' id='par_1_81' title="bbox 2069 3517 3727 3594">
     <span class='ocr_line' id='line_1_82' title="bbox 2069 3517 3727 3594; baseline 0.001 -20"><span class='ocrx_word' id='word_1_480' title='bbox 2069 3534 2248 3591; x_wconf 88' lang='lat' dir='ltr'>quem</span> <span class='ocrx_word' id='word_1_481' title='bbox 2271 3534 2405 3574; x_wconf 91' lang='lat' dir='ltr'>cum</span> <span class='ocrx_word' id='word_1_482' title='bbox 2425 3517 2891 3591; x_wconf 82' lang='lat' dir='ltr'>redarguissent.</span> <span class='ocrx_word' id='word_1_483' title='bbox 2914 3520 3260 3594; x_wconf 87' lang='lat' dir='ltr'>gravissime</span> <span class='ocrx_word' id='word_1_484' title='bbox 3283 3519 3594 3576; x_wconf 63' lang='lat' dir='ltr'>exeduntur</span> <span class='ocrx_word' id='word_1_485' title='bbox 3617 3537 3631 3586; x_wconf 88' lang='lat'><strong>;</strong></span> <span class='ocrx_word' id='word_1_486' title='bbox 3665 3525 3727 3576; x_wconf 83' lang='lat' dir='ltr'>et</span> 
     </span>
    </p>
   </div>
   <div class='ocr_carea' id='block_1_82' title="bbox 2067 3608 3722 3682">
    <p class='ocr_par' dir='ltr' id='par_1_82' title="bbox 2067 3608 3722 3682">
     <span class='ocr_line' id='line_1_83' title="bbox 2067 3608 3722 3682; baseline 0.001 -19"><span class='ocrx_word' id='word_1_487' title='bbox 2067 3609 2206 3664; x_wconf 87' lang='lat' dir='ltr'>talis</span> <span class='ocrx_word' id='word_1_488' title='bbox 2237 3609 2543 3680; x_wconf 77' lang='lat' dir='ltr'>perforati.</span> <span class='ocrx_word' id='word_1_489' title='bbox 2577 3617 2755 3680; x_wconf 90' lang='lat' dir='ltr'>atque</span> <span class='ocrx_word' id='word_1_490' title='bbox 2787 3609 3041 3666; x_wconf 91' lang='lat' dir='ltr'>sublime</span> <span class='ocrx_word' id='word_1_491' title='bbox 3072 3611 3313 3682; x_wconf 89' lang='lat' dir='ltr'>arrepti.</span> <span class='ocrx_word' id='word_1_492' title='bbox 3365 3609 3620 3666; x_wconf 88' lang='lat' dir='ltr'>admotis</span> <span class='ocrx_word' id='word_1_493' title='bbox 3646 3608 3722 3664; x_wconf 92' lang='lat' dir='ltr'>ad</span> 
     </span>
    </p>
   </div>
   <div class='ocr_carea' id='block_1_83' title="bbox 2066 3698 3721 3757">
    <p class='ocr_par' dir='ltr' id='par_1_83' title="bbox 2066 3698 3721 3757">
     <span class='ocr_line' id='line_1_84' title="bbox 2066 3698 3721 3757; baseline 0.001 -2"><span class='ocrx_word' id='word_1_494' title='bbox 2066 3698 2277 3755; x_wconf 85' lang='lat' dir='ltr'>axillas</span> <span class='ocrx_word' id='word_1_495' title='bbox 2320 3698 2551 3755; x_wconf 86' lang='lat' dir='ltr'>facibus</span> <span class='ocrx_word' id='word_1_496' title='bbox 2607 3701 2969 3756; x_wconf 88' lang='lat' dir='ltr'>ustulantur.</span> <span class='ocrx_word' id='word_1_497' title='bbox 3031 3699 3418 3757; x_wconf 89' lang='lat' dir='ltr'>Postmodum</span> <span class='ocrx_word' id='word_1_498' title='bbox 3479 3706 3721 3756; x_wconf 88' lang='lat' dir='ltr'>sanctus</span> 
     </span>
    </p>
   </div>
   <div class='ocr_carea' id='block_1_84' title="bbox 2066 3788 3716 3864">
    <p class='ocr_par' dir='ltr' id='par_1_84' title="bbox 2066 3788 3716 3864">
     <span class='ocr_line' id='line_1_85' title="bbox 2066 3788 3716 3864; baseline 0.001 -21"><span class='ocrx_word' id='word_1_499' title='bbox 2066 3789 2298 3845; x_wconf 85' lang='lat' dir='ltr'>Manuel</span> <span class='ocrx_word' id='word_1_500' title='bbox 2326 3788 2386 3844; x_wconf 92' lang='lat' dir='ltr'>in</span> <span class='ocrx_word' id='word_1_501' title='bbox 2405 3789 2596 3861; x_wconf 88' lang='lat' dir='ltr'>capite</span> <span class='ocrx_word' id='word_1_502' title='bbox 2623 3795 2681 3844; x_wconf 92' lang='lat' dir='ltr'>et</span> <span class='ocrx_word' id='word_1_503' title='bbox 2710 3789 2931 3845; x_wconf 89' lang='lat' dir='ltr'>lumbis</span> <span class='ocrx_word' id='word_1_504' title='bbox 2964 3790 3122 3864; x_wconf 85' lang='lat' dir='ltr'>ligno</span> <span class='ocrx_word' id='word_1_505' title='bbox 3161 3790 3342 3846; x_wconf 89' lang='lat' dir='ltr'>clavis</span> <span class='ocrx_word' id='word_1_506' title='bbox 3373 3789 3716 3864; x_wconf 82' lang='lat' dir='ltr'>configitur,</span> 
     </span>
    </p>
   </div>
   <div class='ocr_carea' id='block_1_85' title="bbox 2067 3879 3722 3952">
    <p class='ocr_par' dir='ltr' id='par_1_85' title="bbox 2067 3879 3722 3952">
     <span class='ocr_line' id='line_1_86' title="bbox 2067 3879 3722 3952; baseline 0.002 -19"><span class='ocrx_word' id='word_1_507' title='bbox 2067 3885 2126 3934; x_wconf 91' lang='lat' dir='ltr'>et</span> <span class='ocrx_word' id='word_1_508' title='bbox 2155 3880 2384 3952; x_wconf 87' lang='lat' dir='ltr'>sagittis</span> <span class='ocrx_word' id='word_1_509' title='bbox 2413 3879 2728 3936; x_wconf 85' lang='lat' dir='ltr'>fodicatur.</span> <span class='ocrx_word' id='word_1_510' title='bbox 2762 3884 3068 3938; x_wconf 88' lang='lat' dir='ltr'>Postremo</span> <span class='ocrx_word' id='word_1_511' title='bbox 3100 3897 3220 3938; x_wconf 90' lang='lat' dir='ltr'>una</span> <span class='ocrx_word' id='word_1_512' title='bbox 3249 3898 3384 3938; x_wconf 92' lang='lat' dir='ltr'>cum</span> <span class='ocrx_word' id='word_1_513' title='bbox 3439 3880 3722 3936; x_wconf 80' lang='lat' dir='ltr'>fratribus</span> 
     </span>
    </p>
   </div>
   <div class='ocr_carea' id='block_1_86' title="bbox 2067 3969 3721 4042">
    <p class='ocr_par' dir='ltr' id='par_1_86' title="bbox 2067 3969 3721 4042">
     <span class='ocr_line' id='line_1_87' title="bbox 2067 3969 3721 4042; baseline 0.001 -17"><span class='ocrx_word' id='word_1_514' title='bbox 2067 3969 2139 4025; x_wconf 90' lang='lat' dir='ltr'>ad</span> <span class='ocrx_word' id='word_1_515' title='bbox 2166 3970 2360 4025; x_wconf 90' lang='lat' dir='ltr'>locum</span> <span class='ocrx_word' id='word_1_516' title='bbox 2394 3970 2671 4042; x_wconf 88' lang='lat' dir='ltr'>supplicii</span> <span class='ocrx_word' id='word_1_517' title='bbox 2701 3971 3038 4037; x_wconf 84' lang='lat' dir='ltr'>adducitur,</span> <span class='ocrx_word' id='word_1_518' title='bbox 3071 3977 3131 4028; x_wconf 91' lang='lat' dir='ltr'>et</span> <span class='ocrx_word' id='word_1_519' title='bbox 3161 3971 3341 4029; x_wconf 90' lang='lat' dir='ltr'>simul</span> <span class='ocrx_word' id='word_1_520' title='bbox 3371 3987 3582 4028; x_wconf 83' lang='lat' dir='ltr'>omnes</span> <span class='ocrx_word' id='word_1_521' title='bbox 3623 3986 3721 4028; x_wconf 81' lang='lat' dir='ltr'>ca-</span> 
     </span>
    </p>
   </div>
   <div class='ocr_carea' id='block_1_87' title="bbox 2066 4057 2690 4130">
    <p class='ocr_par' dir='ltr' id='par_1_87' title="bbox 2066 4057 2690 4130">
     <span class='ocr_line' id='line_1_88' title="bbox 2066 4057 2690 4130; baseline 0.006 -19"><span class='ocrx_word' id='word_1_522' title='bbox 2066 4057 2293 4129; x_wconf 90' lang='lat' dir='ltr'>pitibus</span> <span class='ocrx_word' id='word_1_523' title='bbox 2323 4057 2690 4130; x_wconf 89' lang='lat' dir='ltr'>plectuntur.</span> 
     </span>
    </p>
   </div>
   <div class='ocr_carea' id='block_1_88' title="bbox 2619 4265 3153 4324">
    <p class='ocr_par' dir='ltr' id='par_1_88' title="bbox 2619 4265 3153 4324">
     <span class='ocr_line' id='line_1_89' title="bbox 2619 4265 3153 4324; baseline 0.002 -1"><span class='ocrx_word' id='word_1_524' title='bbox 2619 4265 2862 4324; x_wconf 84' lang='lat' dir='ltr'>EODEM</span> <span class='ocrx_word' id='word_1_525' title='bbox 2903 4268 3153 4324; x_wconf 78' lang='lat' dir='ltr'>MENSE.</span> 
     </span>
    </p>
   </div>
   <div class='ocr_carea' id='block_1_89' title="bbox 2583 4355 3203 4413">
    <p class='ocr_par' dir='ltr' id='par_1_89' title="bbox 2583 4355 3203 4413">
     <span class='ocr_line' id='line_1_90' title="bbox 2583 4355 3203 4413; baseline 0.003 -3"><span class='ocrx_word' id='word_1_526' title='bbox 2583 4355 2686 4410; x_wconf 91' lang='lat' dir='ltr'>Die</span> <span class='ocrx_word' id='word_1_527' title='bbox 2715 4356 2946 4413; x_wconf 89' lang='lat' dir='ltr'>decima</span> <span class='ocrx_word' id='word_1_528' title='bbox 2977 4364 3203 4413; x_wconf 89' lang='lat' dir='ltr'>octava.</span> 
     </span>
    </p>
   </div>
   <div class='ocr_carea' id='block_1_90' title="bbox 2069 4453 3720 4584">
    <p class='ocr_par' dir='ltr' id='par_1_90' title="bbox 2069 4453 3720 4584">
     <span class='ocr_line' id='line_1_91' title="bbox 2069 4453 3720 4584; baseline 0.002 -73"><span class='ocrx_word' id='word_1_529' title='bbox 2069 4453 2352 4512; x_wconf 81' lang='lat' dir='ltr'><strong><em>Certamen</em></strong></span> <span class='ocrx_word' id='word_1_530' title='bbox 2402 4460 2716 4510; x_wconf 84' lang='lat' dir='ltr'>sanctorum</span> <span class='ocrx_word' id='word_1_531' title='bbox 2751 4465 3078 4584; x_wconf 42' lang='lat' dir='ltr'>ﬂoris/cum</span> <span class='ocrx_word' id='word_1_532' title='bbox 3128 4456 3362 4527; x_wconf 82' lang='lat' dir='ltr'>Leontii,</span> <span class='ocrx_word' id='word_1_533' title='bbox 3399 4457 3613 4529; x_wconf 81' lang='lat' dir='ltr'>Hypati</span> <span class='ocrx_word' id='word_1_534' title='bbox 3657 4474 3720 4514; x_wconf 90' lang='lat' dir='ltr'>ac</span> 
     </span>
     <span class='ocr_line' id='line_1_92' title="bbox 2830 4545 3030 4583; baseline -0.005 0"><span class='ocrx_word' id='word_1_535' title='bbox 2830 4545 2890 4583; x_wconf 88' lang='lat' dir='ltr'><strong><em>eo</em></strong></span> <span class='ocrx_word' id='word_1_536' title='bbox 2933 4547 2964 4583; x_wconf 94' lang='lat' dir='ltr'><strong><em>a</em></strong></span> <span class='ocrx_word' id='word_1_537' title='bbox 2991 4547 3030 4583; x_wconf 79' lang='grc' dir='ltr'>ι.</span> 
     </span>
    </p>
   </div>
   <div class='ocr_carea' id='block_1_91' title="bbox 2830 4545 3030 4583">
    <p class='ocr_par' dir='ltr' id='par_1_91' title="bbox 2830 4545 3030 4583">
     <span class='ocr_line' id='line_1_93' title="bbox 2830 4545 3030 4583; baseline 0 0"><span class='ocrx_word' id='word_1_538' title='bbox 2830 4545 3030 4583; x_wconf 81' lang='grc' dir='ltr'>εοααιι.</span> 
     </span>
    </p>
   </div>
   <div class='ocr_carea' id='block_1_92' title="bbox 2138 4644 3720 4720">
    <p class='ocr_par' dir='ltr' id='par_1_92' title="bbox 2138 4644 3720 4720">
     <span class='ocr_line' id='line_1_94' title="bbox 2138 4644 3720 4720; baseline 0.004 -21"><span class='ocrx_word' id='word_1_539' title='bbox 2138 4644 2420 4700; x_wconf 89' lang='lat' dir='ltr'>Leontius</span> <span class='ocrx_word' id='word_1_540' title='bbox 2449 4644 2666 4701; x_wconf 89' lang='lat' dir='ltr'>Christi</span> <span class='ocrx_word' id='word_1_541' title='bbox 2697 4653 2925 4719; x_wconf 85' lang='lat' dir='ltr'>martyr</span> <span class='ocrx_word' id='word_1_542' title='bbox 2956 4664 3026 4702; x_wconf 82' lang='lat' dir='ltr'>ex</span> <span class='ocrx_word' id='word_1_543' title='bbox 3056 4646 3298 4704; x_wconf 85' lang='lat' dir='ltr'>Hellade</span> <span class='ocrx_word' id='word_1_544' title='bbox 3329 4647 3571 4720; x_wconf 89' lang='lat' dir='ltr'>quidem</span> <span class='ocrx_word' id='word_1_545' title='bbox 3602 4649 3720 4706; x_wconf 85' lang='lat' dir='ltr'>ori-</span> 
     </span>
    </p>
   </div>
   <div class='ocr_carea' id='block_1_93' title="bbox 272 4708 1962 4808">
    <p class='ocr_par' dir='ltr' id='par_1_93' title="bbox 272 4723 1956 4804">
     <span class='ocr_line' id='line_1_95' title="bbox 272 4723 1956 4804; baseline -0.002 -20"><span class='ocrx_word' id='word_1_546' title='bbox 272 4736 390 4798; x_wconf 80' lang='grc' dir='ltr'>τῆς</span> <span class='ocrx_word' id='word_1_547' title='bbox 431 4731 623 4804; x_wconf 79' lang='grc' dir='ltr'>χώρας</span> <span class='ocrx_word' id='word_1_548' title='bbox 653 4725 946 4790; x_wconf 73' lang='grc' dir='ltr'>Ἑλλάδος.</span> <span class='ocrx_word' id='word_1_549' title='bbox 1007 4727 1103 4783; x_wconf 78' lang='grc' dir='ltr'>Διᾶ</span> <span class='ocrx_word' id='word_1_550' title='bbox 1135 4726 1191 4782; x_wconf 76' lang='grc' dir='ltr'>δὲ</span> <span class='ocrx_word' id='word_1_551' title='bbox 1221 4729 1320 4796; x_wconf 69' lang='grc' dir='ltr'>τήν</span> <span class='ocrx_word' id='word_1_552' title='bbox 1374 4723 1623 4802; x_wconf 80' lang='grc' dir='ltr'>ἀνδρείαν</span> <span class='ocrx_word' id='word_1_553' title='bbox 1667 4726 1831 4781; x_wconf 73' lang='grc' dir='ltr'>αὐτοῦ</span> <span class='ocrx_word' id='word_1_554' title='bbox 1862 4747 1956 4801; x_wconf 88' lang='grc' dir='ltr'>γε-</span> 
     </span>
    </p>
   </div>
   <div class='ocr_carea' id='block_1_94' title="bbox 2075 4708 3722 4808">
    <p class='ocr_par' dir='ltr' id='par_1_94' title="bbox 2075 4708 3722 4808">
     <span class='ocr_line' id='line_1_96' title="bbox 2075 4708 3722 4808; baseline 0.005 -20"><span class='ocrx_word' id='word_1_555' title='bbox 2075 4735 2265 4808; x_wconf 73' lang='lat' dir='ltr'>ginem</span> <span class='ocrx_word' id='word_1_556' title='bbox 2309 4736 2504 4790; x_wconf 84' lang='lat' dir='ltr'>traxit.</span> <span class='ocrx_word' id='word_1_557' title='bbox 2561 4737 2773 4792; x_wconf 88' lang='lat' dir='ltr'>Factus</span> <span class='ocrx_word' id='word_1_558' title='bbox 2827 4708 3025 4793; x_wconf 73' lang='lat' dir='ltr'>autem</span> <span class='ocrx_word' id='word_1_559' title='bbox 3085 4737 3158 4794; x_wconf 93' lang='lat' dir='ltr'>ob</span> <span class='ocrx_word' id='word_1_560' title='bbox 3212 4708 3491 4795; x_wconf 73' lang='lat' dir='ltr'>virtutem</span> <span class='ocrx_word' id='word_1_561' title='bbox 3550 4757 3722 4797; x_wconf 90' lang='lat' dir='ltr'>suam</span> 
     </span>
    </p>
   </div>
   <div class='ocr_carea' id='block_1_95' title="bbox 274 4813 1953 4894">
    <p class='ocr_par' dir='ltr' id='par_1_95' title="bbox 274 4813 1953 4894">
     <span class='ocr_line' id='line_1_97' title="bbox 274 4813 1953 4894; baseline -0.002 -20"><span class='ocrx_word' id='word_1_562' title='bbox 274 4822 478 4894; x_wconf 81' lang='grc' dir='ltr'>γονὼς</span> <span class='ocrx_word' id='word_1_563' title='bbox 510 4818 836 4894; x_wconf 73' lang='grc' dir='ltr'>στρατηγὸς,</span> <span class='ocrx_word' id='word_1_564' title='bbox 901 4813 1166 4893; x_wconf 77' lang='grc' dir='ltr'>διέτριϐεν</span> <span class='ocrx_word' id='word_1_565' title='bbox 1202 4819 1254 4872; x_wconf 74' lang='grc' dir='ltr'>ἐν</span> <span class='ocrx_word' id='word_1_566' title='bbox 1285 4814 1555 4893; x_wconf 79' lang='grc' dir='ltr'>Τριπόλει</span> <span class='ocrx_word' id='word_1_567' title='bbox 1603 4823 1703 4885; x_wconf 78' lang='grc' dir='ltr'>τῆς</span> <span class='ocrx_word' id='word_1_568' title='bbox 1761 4815 1953 4870; x_wconf 81' lang='grc' dir='ltr'>Φοινί-</span> 
     </span>
    </p>
   </div>
   <div class='ocr_carea' id='block_1_96' title="bbox 276 4905 1954 4986">
    <p class='ocr_par' dir='ltr' id='par_1_96' title="bbox 276 4905 1954 4986">
     <span class='ocr_line' id='line_1_98' title="bbox 276 4905 1954 4986; baseline -0.002 -24"><span class='ocrx_word' id='word_1_569' title='bbox 276 4929 416 4978; x_wconf 81' lang='grc' dir='ltr'>κης,</span> <span class='ocrx_word' id='word_1_570' title='bbox 462 4913 542 4981; x_wconf 80' lang='grc' dir='ltr'>τῷ</span> <span class='ocrx_word' id='word_1_571' title='bbox 574 4911 786 4984; x_wconf 77' lang='grc' dir='ltr'>Χριστῷ</span> <span class='ocrx_word' id='word_1_572' title='bbox 821 4912 1065 4986; x_wconf 67' lang='grc' dir='ltr'>φανερῶς</span> <span class='ocrx_word' id='word_1_573' title='bbox 1126 4906 1426 4982; x_wconf 84' lang='grc' dir='ltr'>λατρεύων,</span> <span class='ocrx_word' id='word_1_574' title='bbox 1475 4905 1566 4962; x_wconf 80' lang='grc' dir='ltr'>καὶ</span> <span class='ocrx_word' id='word_1_575' title='bbox 1610 4905 1736 4967; x_wconf 81' lang='grc' dir='ltr'>τοὺς</span> <span class='ocrx_word' id='word_1_576' title='bbox 1787 4907 1954 4974; x_wconf 78' lang='grc' dir='ltr'>πὲνη-</span> 
     </span>
    </p>
   </div>
   <div class='ocr_carea' id='block_1_97' title="bbox 273 4993 1954 5071">
    <p class='ocr_par' dir='ltr' id='par_1_97' title="bbox 273 4993 1954 5071">
     <span class='ocr_line' id='line_1_99' title="bbox 273 4993 1954 5071; baseline -0.002 -19"><span class='ocrx_word' id='word_1_577' title='bbox 273 5019 381 5052; x_wconf 58' lang='grc' dir='ltr'>ταν</span> <span class='ocrx_word' id='word_1_578' title='bbox 423 4995 800 5071; x_wconf 73' lang='grc' dir='ltr'>δεξιούμενος.</span> <span class='ocrx_word' id='word_1_579' title='bbox 856 4997 956 5054; x_wconf 80' lang='grc' dir='ltr'>Καὶ</span> <span class='ocrx_word' id='word_1_580' title='bbox 1014 5003 1181 5052; x_wconf 75' lang='grc' dir='ltr'>τοῦτο</span> <span class='ocrx_word' id='word_1_581' title='bbox 1239 4999 1424 5069; x_wconf 84' lang='grc' dir='ltr'>μαθὼν</span> <span class='ocrx_word' id='word_1_582' title='bbox 1477 4993 1759 5071; x_wconf 84' lang='grc' dir='ltr'>Ἀδριανὸς</span> <span class='ocrx_word' id='word_1_583' title='bbox 1793 4996 1821 5050; x_wconf 84' lang='grc' dir='ltr'>ὁ</span> <span class='ocrx_word' id='word_1_584' title='bbox 1853 5002 1954 5066; x_wconf 79' lang='grc' dir='ltr'>τῆς</span> 
     </span>
    </p>
   </div>
   <div class='ocr_carea' id='block_1_98' title="bbox 273 5085 1953 5164">
    <p class='ocr_par' dir='ltr' id='par_1_98' title="bbox 273 5085 1953 5164">
     <span class='ocr_line' id='line_1_100' title="bbox 273 5085 1953 5164; baseline -0.002 -21"><span class='ocrx_word' id='word_1_585' title='bbox 273 5090 566 5159; x_wconf 78' lang='grc' dir='ltr'>Φοινίκης</span> <span class='ocrx_word' id='word_1_586' title='bbox 625 5088 872 5164; x_wconf 79' lang='grc' dir='ltr'>ἡγεμὼν,</span> <span class='ocrx_word' id='word_1_587' title='bbox 931 5087 1123 5143; x_wconf 83' lang='grc' dir='ltr'>νεωστῖ</span> <span class='ocrx_word' id='word_1_588' title='bbox 1181 5085 1589 5162; x_wconf 73' lang='grc' dir='ltr'>προχειρισθεὶς</span> <span class='ocrx_word' id='word_1_589' title='bbox 1648 5086 1750 5141; x_wconf 76' lang='grc' dir='ltr'>ὑπὸ</span> <span class='ocrx_word' id='word_1_590' title='bbox 1813 5085 1953 5144; x_wconf 73' lang='grc' dir='ltr'>Οὐε-</span> 
     </span>
    </p>
   </div>
   <div class='ocr_carea' id='block_1_99' title="bbox 275 5176 1954 5252">
    <p class='ocr_par' dir='ltr' id='par_1_99' title="bbox 275 5176 1954 5252">
     <span class='ocr_line' id='line_1_101' title="bbox 275 5176 1954 5252; baseline -0.001 -20"><span class='ocrx_word' id='word_1_591' title='bbox 275 5182 601 5233; x_wconf 57' lang='grc' dir='ltr'>σπεσιανοῦ</span> <span class='ocrx_word' id='word_1_592' title='bbox 629 5183 726 5232; x_wconf 79' lang='grc' dir='ltr'>τοῦ</span> <span class='ocrx_word' id='word_1_593' title='bbox 780 5178 1064 5250; x_wconf 81' lang='grc' dir='ltr'>Ῥωμαίων</span> <span class='ocrx_word' id='word_1_594' title='bbox 1126 5180 1425 5249; x_wconf 84' lang='grc' dir='ltr'>Καίσαρος,</span> <span class='ocrx_word' id='word_1_595' title='bbox 1481 5176 1766 5232; x_wconf 69' lang='grc' dir='ltr'>ἀπέστειλε</span> <span class='ocrx_word' id='word_1_596' title='bbox 1818 5177 1954 5252; x_wconf 85' lang='grc' dir='ltr'>πρὸς</span> 
     </span>
    </p>
   </div>
   <div class='ocr_carea' id='block_1_100' title="bbox 270 5266 1951 5344">
    <p class='ocr_par' dir='ltr' id='par_1_100' title="bbox 270 5266 1951 5344">
     <span class='ocr_line' id='line_1_102' title="bbox 270 5266 1951 5344; baseline -0.001 -20"><span class='ocrx_word' id='word_1_597' title='bbox 270 5269 454 5325; x_wconf 68' lang='grc' dir='ltr'>αὐτὸν</span> <span class='ocrx_word' id='word_1_598' title='bbox 487 5277 721 5326; x_wconf 76' lang='grc' dir='ltr'>Ὕπατον</span> <span class='ocrx_word' id='word_1_599' title='bbox 753 5271 846 5325; x_wconf 83' lang='grc' dir='ltr'>τὸν</span> <span class='ocrx_word' id='word_1_600' title='bbox 895 5266 1183 5344; x_wconf 74' lang='grc' dir='ltr'>τριϐοὒνον</span> <span class='ocrx_word' id='word_1_601' title='bbox 1245 5269 1381 5342; x_wconf 78' lang='grc' dir='ltr'>μετὰ</span> <span class='ocrx_word' id='word_1_602' title='bbox 1435 5266 1535 5324; x_wconf 85' lang='grc' dir='ltr'>δύο</span> <span class='ocrx_word' id='word_1_603' title='bbox 1585 5272 1951 5344; x_wconf 81' lang='grc' dir='ltr'>στρατιωτῶν,</span> 
     </span>
    </p>
   </div>
   <div class='ocr_carea' id='block_1_101' title="bbox 270 5357 1948 5433">
    <p class='ocr_par' dir='ltr' id='par_1_101' title="bbox 270 5357 1948 5433">
     <span class='ocr_line' id='line_1_103' title="bbox 270 5357 1948 5433; baseline -0.001 -17"><span class='ocrx_word' id='word_1_604' title='bbox 270 5359 359 5416; x_wconf 77' lang='grc' dir='ltr'>ὧν</span> <span class='ocrx_word' id='word_1_605' title='bbox 396 5362 427 5414; x_wconf 83' lang='grc' dir='ltr'>ὁ</span> <span class='ocrx_word' id='word_1_606' title='bbox 463 5363 537 5422; x_wconf 78' lang='grc' dir='ltr'>εἷς</span> <span class='ocrx_word' id='word_1_607' title='bbox 575 5359 825 5415; x_wconf 73' lang='grc' dir='ltr'>ἐκαλεῖτο</span> <span class='ocrx_word' id='word_1_608' title='bbox 857 5357 1185 5426; x_wconf 76' lang='grc' dir='ltr'>Θεόδουλος,</span> <span class='ocrx_word' id='word_1_609' title='bbox 1238 5357 1716 5433; x_wconf 80' lang='grc' dir='ltr'>μετακαλούμενος</span> <span class='ocrx_word' id='word_1_610' title='bbox 1763 5357 1948 5415; x_wconf 75' lang='grc' dir='ltr'>αὐτόν.</span> 
     </span>
    </p>
   </div>
   <div class='ocr_carea' id='block_1_102' title="bbox 263 5446 1949 5528">
    <p class='ocr_par' dir='ltr' id='par_1_102' title="bbox 263 5446 1949 5528">
     <span class='ocr_line' id='line_1_104' title="bbox 263 5446 1949 5528; baseline -0.003 -20"><span class='ocrx_word' id='word_1_611' title='bbox 263 5451 343 5508; x_wconf 82' lang='grc' dir='ltr'>Ὀ</span> <span class='ocrx_word' id='word_1_612' title='bbox 371 5449 435 5506; x_wconf 69' lang='grc' dir='ltr'>δὲ</span> <span class='ocrx_word' id='word_1_613' title='bbox 475 5447 768 5526; x_wconf 76' lang='grc' dir='ltr'>τριϐοὖνος</span> <span class='ocrx_word' id='word_1_614' title='bbox 825 5455 1043 5525; x_wconf 81' lang='grc' dir='ltr'>πυρετῷ</span> <span class='ocrx_word' id='word_1_615' title='bbox 1099 5447 1446 5518; x_wconf 72' lang='grc' dir='ltr'>κινδυνεύων,</span> <span class='ocrx_word' id='word_1_616' title='bbox 1505 5446 1709 5518; x_wconf 68' lang='grc' dir='ltr'>ἤκουσε</span> <span class='ocrx_word' id='word_1_617' title='bbox 1765 5455 1949 5528; x_wconf 76' lang='grc' dir='ltr'>φωνῆς</span> 
     </span>
    </p>
   </div>
   <div class='ocr_carea' id='block_1_103' title="bbox 262 5538 1948 5618">
    <p class='ocr_par' dir='ltr' id='par_1_103' title="bbox 262 5538 1948 5618">
     <span class='ocr_line' id='line_1_105' title="bbox 262 5538 1948 5618; baseline -0.002 -21"><span class='ocrx_word' id='word_1_618' title='bbox 262 5541 564 5618; x_wconf 79' lang='grc' dir='ltr'>λεγούσης</span> <span class='ocrx_word' id='word_1_619' title='bbox 593 5541 768 5613; x_wconf 79' lang='grc' dir='ltr'>αὐτῷ.</span> <span class='ocrx_word' id='word_1_620' title='bbox 803 5539 867 5597; x_wconf 85' lang='grc' dir='ltr'>Εἰ</span> <span class='ocrx_word' id='word_1_621' title='bbox 926 5539 1116 5616; x_wconf 82' lang='grc' dir='ltr'>βούλει</span> <span class='ocrx_word' id='word_1_622' title='bbox 1173 5546 1352 5609; x_wconf 78' lang='grc' dir='ltr'>ζῆσαι,</span> <span class='ocrx_word' id='word_1_623' title='bbox 1403 5539 1722 5595; x_wconf 70' lang='grc' dir='ltr'>ἐπικαλεσαι</span> <span class='ocrx_word' id='word_1_624' title='bbox 1764 5538 1948 5614; x_wconf 88' lang='grc' dir='ltr'>τρίτον</span> 
     </span>
    </p>
   </div>
   <div class='ocr_carea' id='block_1_104' title="bbox 260 5630 1946 5711">
    <p class='ocr_par' dir='ltr' id='par_1_104' title="bbox 260 5630 1946 5711">
     <span class='ocr_line' id='line_1_106' title="bbox 260 5630 1946 5711; baseline -0.002 -23"><span class='ocrx_word' id='word_1_625' title='bbox 260 5631 355 5695; x_wconf 68' lang='grc' dir='ltr'>εἷς</span> <span class='ocrx_word' id='word_1_626' title='bbox 393 5635 660 5711; x_wconf 73' lang='grc' dir='ltr'>βοήθειαν</span> <span class='ocrx_word' id='word_1_627' title='bbox 686 5633 782 5687; x_wconf 85' lang='grc' dir='ltr'>τὸν</span> <span class='ocrx_word' id='word_1_628' title='bbox 813 5633 910 5686; x_wconf 75' lang='grc' dir='ltr'>τοῦ</span> <span class='ocrx_word' id='word_1_629' title='bbox 942 5630 1198 5685; x_wconf 76' lang='grc' dir='ltr'>Λεοντίου</span> <span class='ocrx_word' id='word_1_630' title='bbox 1237 5631 1390 5690; x_wconf 84' lang='grc' dir='ltr'>Θεόν.</span> <span class='ocrx_word' id='word_1_631' title='bbox 1425 5631 1524 5687; x_wconf 80' lang='grc' dir='ltr'>Καὶ</span> <span class='ocrx_word' id='word_1_632' title='bbox 1571 5635 1735 5686; x_wconf 76' lang='grc' dir='ltr'>τοῦτο</span> <span class='ocrx_word' id='word_1_633' title='bbox 1781 5631 1946 5701; x_wconf 79' lang='grc' dir='ltr'>ποιή-</span> 
     </span>
    </p>
   </div>
   <div class='ocr_carea' id='block_1_105' title="bbox 262 5719 1947 5801">
    <p class='ocr_par' dir='ltr' id='par_1_105' title="bbox 262 5719 1947 5801">
     <span class='ocr_line' id='line_1_107' title="bbox 262 5719 1947 5801; baseline -0.001 -22"><span class='ocrx_word' id='word_1_634' title='bbox 262 5745 377 5786; x_wconf 88' lang='grc' dir='ltr'>σας</span> <span class='ocrx_word' id='word_1_635' title='bbox 442 5725 650 5801; x_wconf 77' lang='grc' dir='ltr'>ὑγίανε.</span> <span class='ocrx_word' id='word_1_636' title='bbox 710 5728 820 5792; x_wconf 81' lang='grc' dir='ltr'>Τῆς</span> <span class='ocrx_word' id='word_1_637' title='bbox 879 5719 937 5777; x_wconf 67' lang='grc' dir='ltr'>δὲ</span> <span class='ocrx_word' id='word_1_638' title='bbox 994 5728 1178 5797; x_wconf 76' lang='grc' dir='ltr'>φωνῆς</span> <span class='ocrx_word' id='word_1_639' title='bbox 1249 5719 1452 5792; x_wconf 77' lang='grc' dir='ltr'>ταύτης</span> <span class='ocrx_word' id='word_1_640' title='bbox 1529 5721 1789 5792; x_wconf 79' lang='grc' dir='ltr'>ἀκούσας,</span> <span class='ocrx_word' id='word_1_641' title='bbox 1856 5721 1947 5778; x_wconf 79' lang='grc' dir='ltr'>καὶ</span> 
     </span>
    </p>
   </div>
   <div class='ocr_carea' id='block_1_106' title="bbox 259 5805 1943 5892">
    <p class='ocr_par' dir='ltr' id='par_1_106' title="bbox 259 5805 1943 5892">
     <span class='ocr_line' id='line_1_108' title="bbox 259 5805 1943 5892; baseline -0.002 -20"><span class='ocrx_word' id='word_1_642' title='bbox 259 5813 586 5874; x_wconf 79' lang='grc' dir='ltr'>Θεόδουλο’</span> <span class='ocrx_word' id='word_1_643' title='bbox 657 5814 962 5884; x_wconf 70' lang='grc' dir='ltr'>ιπίστευσε,</span> <span class='ocrx_word' id='word_1_644' title='bbox 1019 5810 1110 5867; x_wconf 82' lang='grc' dir='ltr'>καί</span> <span class='ocrx_word' id='word_1_645' title='bbox 1171 5811 1476 5892; x_wconf 73' lang='grc' dir='ltr'>ἀμφότεροι</span> <span class='ocrx_word' id='word_1_646' title='bbox 1541 5805 1943 5886; x_wconf 69' lang='grc' dir='ltr'>ἐϐαπτίσθησαν</span> 
     </span>
    </p>
   </div>
   <div class='ocr_carea' id='block_1_107' title="bbox 2068 4824 3720 4899">
    <p class='ocr_par' dir='ltr' id='par_1_107' title="bbox 2068 4824 3720 4899">
     <span class='ocr_line' id='line_1_109' title="bbox 2068 4824 3720 4899; baseline 0.005 -19"><span class='ocrx_word' id='word_1_647' title='bbox 2068 4824 2374 4896; x_wconf 88' lang='lat' dir='ltr'>copiarum</span> <span class='ocrx_word' id='word_1_648' title='bbox 2407 4825 2545 4890; x_wconf 88' lang='lat' dir='ltr'>dux,</span> <span class='ocrx_word' id='word_1_649' title='bbox 2578 4827 2797 4899; x_wconf 86' lang='lat' dir='ltr'>Tripoli</span> <span class='ocrx_word' id='word_1_650' title='bbox 2831 4827 3147 4884; x_wconf 63' lang='lat' dir='ltr'>Phoenicia;</span> <span class='ocrx_word' id='word_1_651' title='bbox 3168 4829 3530 4899; x_wconf 87' lang='lat' dir='ltr'>versabatur,</span> <span class='ocrx_word' id='word_1_652' title='bbox 3553 4830 3720 4888; x_wconf 88' lang='lat' dir='ltr'>Chri-</span> 
     </span>
    </p>
   </div>
   <div class='ocr_carea' id='block_1_108' title="bbox 2069 4914 3718 4992">
    <p class='ocr_par' dir='ltr' id='par_1_108' title="bbox 2069 4914 3718 4992">
     <span class='ocr_line' id='line_1_110' title="bbox 2069 4914 3718 4992; baseline 0.006 -24"><span class='ocrx_word' id='word_1_653' title='bbox 2069 4921 2222 4968; x_wconf 90' lang='lat' dir='ltr'>stum</span> <span class='ocrx_word' id='word_1_654' title='bbox 2257 4915 2450 4986; x_wconf 89' lang='lat' dir='ltr'>palam</span> <span class='ocrx_word' id='word_1_655' title='bbox 2485 4914 2711 4978; x_wconf 84' lang='lat' dir='ltr'>colens.</span> <span class='ocrx_word' id='word_1_656' title='bbox 2746 4922 2805 4971; x_wconf 88' lang='lat' dir='ltr'>et</span> <span class='ocrx_word' id='word_1_657' title='bbox 2849 4933 3142 4990; x_wconf 88' lang='lat' dir='ltr'>pauperes</span> <span class='ocrx_word' id='word_1_658' title='bbox 3192 4919 3488 4992; x_wconf 86' lang='lat' dir='ltr'>recipiens</span> <span class='ocrx_word' id='word_1_659' title='bbox 3541 4923 3625 4977; x_wconf 89' lang='lat' dir='ltr'>Ea</span> <span class='ocrx_word' id='word_1_660' title='bbox 3653 4938 3718 4978; x_wconf 91' lang='lat' dir='ltr'><strong><em>re</em></strong></span> 
     </span>
    </p>
   </div>
   <div class='ocr_carea' id='block_1_109' title="bbox 2067 5005 3719 5082">
    <p class='ocr_par' dir='ltr' id='par_1_109' title="bbox 2067 5005 3719 5082">
     <span class='ocr_line' id='line_1_111' title="bbox 2067 5005 3719 5082; baseline 0.005 -24"><span class='ocrx_word' id='word_1_661' title='bbox 2067 5012 2370 5075; x_wconf 90' lang='lat' dir='ltr'>comperta</span> <span class='ocrx_word' id='word_1_662' title='bbox 2397 5005 2470 5060; x_wconf 88' lang='lat' dir='ltr'>ab</span> <span class='ocrx_word' id='word_1_663' title='bbox 2505 5005 2761 5062; x_wconf 84' lang='lat' dir='ltr'>Adriano</span> <span class='ocrx_word' id='word_1_664' title='bbox 2817 5007 3133 5064; x_wconf 66' lang='lat' dir='ltr'>Phoenicim</span> <span class='ocrx_word' id='word_1_665' title='bbox 3185 5012 3487 5081; x_wconf 64' lang='lat' dir='ltr'>praefecto.</span> <span class='ocrx_word' id='word_1_666' title='bbox 3541 5028 3719 5082; x_wconf 89' lang='lat' dir='ltr'>quem</span> 
     </span>
    </p>
   </div>
   <div class='ocr_carea' id='block_1_110' title="bbox 2066 5096 3716 5172">
    <p class='ocr_par' dir='ltr' id='par_1_110' title="bbox 2066 5096 3716 5172">
     <span class='ocr_line' id='line_1_112' title="bbox 2066 5096 3716 5172; baseline 0.004 -22"><span class='ocrx_word' id='word_1_667' title='bbox 2066 5096 2463 5168; x_wconf 84' lang='lat' dir='ltr'>Vespesianus</span> <span class='ocrx_word' id='word_1_668' title='bbox 2495 5098 2893 5154; x_wconf 83' lang='lat' dir='ltr'>Romanorum</span> <span class='ocrx_word' id='word_1_669' title='bbox 2927 5098 3123 5155; x_wconf 67' lang='lat' dir='ltr'>Caesar</span> <span class='ocrx_word' id='word_1_670' title='bbox 3160 5116 3352 5172; x_wconf 90' lang='lat' dir='ltr'>nuper</span> <span class='ocrx_word' id='word_1_671' title='bbox 3395 5107 3716 5171; x_wconf 85' lang='lat' dir='ltr'>creaverat,</span> 
     </span>
    </p>
   </div>
   <div class='ocr_carea' id='block_1_111' title="bbox 2065 5188 3719 5262">
    <p class='ocr_par' dir='ltr' id='par_1_111' title="bbox 2065 5188 3719 5262">
     <span class='ocr_line' id='line_1_113' title="bbox 2065 5188 3719 5262; baseline 0.002 -20"><span class='ocrx_word' id='word_1_672' title='bbox 2065 5188 2247 5243; x_wconf 89' lang='lat' dir='ltr'>misso</span> <span class='ocrx_word' id='word_1_673' title='bbox 2280 5188 2503 5260; x_wconf 84' lang='lat' dir='ltr'>Hypato</span> <span class='ocrx_word' id='word_1_674' title='bbox 2537 5188 2774 5244; x_wconf 89' lang='lat' dir='ltr'>tribuno</span> <span class='ocrx_word' id='word_1_675' title='bbox 2807 5206 2941 5245; x_wconf 89' lang='lat' dir='ltr'>cum</span> <span class='ocrx_word' id='word_1_676' title='bbox 2967 5190 3198 5246; x_wconf 91' lang='lat' dir='ltr'>duobus</span> <span class='ocrx_word' id='word_1_677' title='bbox 3222 5190 3534 5258; x_wconf 90' lang='lat' dir='ltr'>militibus,</span> <span class='ocrx_word' id='word_1_678' title='bbox 3565 5207 3719 5262; x_wconf 90' lang='lat' dir='ltr'>quo-</span> 
     </span>
    </p>
   </div>
   <div class='ocr_carea' id='block_1_112' title="bbox 2062 5277 3717 5339">
    <p class='ocr_par' dir='ltr' id='par_1_112' title="bbox 2062 5277 3717 5339">
     <span class='ocr_line' id='line_1_114' title="bbox 2062 5277 3717 5339; baseline 0.002 -6"><span class='ocrx_word' id='word_1_679' title='bbox 2062 5294 2196 5334; x_wconf 88' lang='lat' dir='ltr'>rum</span> <span class='ocrx_word' id='word_1_680' title='bbox 2211 5278 2362 5334; x_wconf 88' lang='lat' dir='ltr'>alter</span> <span class='ocrx_word' id='word_1_681' title='bbox 2381 5277 2719 5334; x_wconf 89' lang='lat' dir='ltr'>Theodulus</span> <span class='ocrx_word' id='word_1_682' title='bbox 2741 5277 3717 5339; x_wconf 87' lang='lat' dir='ltr'>dicebatur.accersitur.Tribunus</span> 
     </span>
    </p>
   </div>
   <div class='ocr_carea' id='block_1_113' title="bbox 2062 5367 3717 5439">
    <p class='ocr_par' dir='ltr' id='par_1_113' title="bbox 2062 5367 3717 5439">
     <span class='ocr_line' id='line_1_115' title="bbox 2062 5367 3717 5439; baseline 0.003 -18"><span class='ocrx_word' id='word_1_683' title='bbox 2062 5383 2202 5423; x_wconf 85' lang='lat' dir='ltr'>vero</span> <span class='ocrx_word' id='word_1_684' title='bbox 2235 5367 2574 5439; x_wconf 88' lang='lat' dir='ltr'>periculosa</span> <span class='ocrx_word' id='word_1_685' title='bbox 2603 5368 2751 5424; x_wconf 79' lang='lat' dir='ltr'>febri</span> <span class='ocrx_word' id='word_1_686' title='bbox 2786 5369 3086 5434; x_wconf 87' lang='lat' dir='ltr'>laborans,</span> <span class='ocrx_word' id='word_1_687' title='bbox 3121 5385 3323 5426; x_wconf 90' lang='lat' dir='ltr'>vocem</span> <span class='ocrx_word' id='word_1_688' title='bbox 3344 5369 3567 5425; x_wconf 87' lang='lat' dir='ltr'>audivit</span> <span class='ocrx_word' id='word_1_689' title='bbox 3588 5386 3717 5426; x_wconf 92' lang='lat' dir='ltr'>mo-</span> 
     </span>
    </p>
   </div>
   <div class='ocr_carea' id='block_1_114' title="bbox 2062 5457 3716 5530">
    <p class='ocr_par' dir='ltr' id='par_1_114' title="bbox 2062 5457 3716 5530">
     <span class='ocr_line' id='line_1_116' title="bbox 2062 5457 3716 5530; baseline 0.002 -18"><span class='ocrx_word' id='word_1_690' title='bbox 2062 5463 2326 5523; x_wconf 90' lang='lat' dir='ltr'>nentem,</span> <span class='ocrx_word' id='word_1_691' title='bbox 2361 5463 2428 5514; x_wconf 93' lang='lat' dir='ltr'>ut</span> <span class='ocrx_word' id='word_1_692' title='bbox 2456 5458 2505 5514; x_wconf 92' lang='lat' dir='ltr'>si</span> <span class='ocrx_word' id='word_1_693' title='bbox 2537 5457 2778 5530; x_wconf 88' lang='lat' dir='ltr'>quidem</span> <span class='ocrx_word' id='word_1_694' title='bbox 2812 5459 2987 5514; x_wconf 90' lang='lat' dir='ltr'>vellet</span> <span class='ocrx_word' id='word_1_695' title='bbox 3016 5459 3226 5526; x_wconf 85' lang='lat' dir='ltr'>vivere,</span> <span class='ocrx_word' id='word_1_696' title='bbox 3270 5459 3498 5515; x_wconf 88' lang='lat' dir='ltr'>Leontii</span> <span class='ocrx_word' id='word_1_697' title='bbox 3529 5460 3716 5516; x_wconf 89' lang='lat' dir='ltr'>Deum</span> 
     </span>
    </p>
   </div>
   <div class='ocr_carea' id='block_1_115' title="bbox 2061 5547 3715 5620">
    <p class='ocr_par' dir='ltr' id='par_1_115' title="bbox 2061 5547 3715 5620">
     <span class='ocr_line' id='line_1_117' title="bbox 2061 5547 3715 5620; baseline 0.002 -19"><span class='ocrx_word' id='word_1_698' title='bbox 2061 5547 2236 5602; x_wconf 89' lang='lat' dir='ltr'>tertio</span> <span class='ocrx_word' id='word_1_699' title='bbox 2268 5547 2588 5604; x_wconf 90' lang='lat' dir='ltr'>invocaret.</span> <span class='ocrx_word' id='word_1_700' title='bbox 2613 5548 2736 5614; x_wconf 87' lang='lat' dir='ltr'>Quo</span> <span class='ocrx_word' id='word_1_701' title='bbox 2759 5547 2913 5605; x_wconf 85' lang='lat' dir='ltr'>facto</span> <span class='ocrx_word' id='word_1_702' title='bbox 2932 5554 3176 5620; x_wconf 88' lang='lat' dir='ltr'>repente</span> <span class='ocrx_word' id='word_1_703' title='bbox 3197 5548 3516 5606; x_wconf 86' lang='lat' dir='ltr'>convaluit.</span> <span class='ocrx_word' id='word_1_704' title='bbox 3543 5549 3715 5608; x_wconf 88' lang='lat' dir='ltr'>lllam</span> 
     </span>
    </p>
   </div>
   <div class='ocr_carea' id='block_1_116' title="bbox 2060 5638 3717 5711">
    <p class='ocr_par' dir='ltr' id='par_1_116' title="bbox 2060 5638 3717 5711">
     <span class='ocr_line' id='line_1_118' title="bbox 2060 5638 3717 5711; baseline 0.002 -19"><span class='ocrx_word' id='word_1_705' title='bbox 2060 5643 2259 5694; x_wconf 85' lang='lat' dir='ltr'>autem</span> <span class='ocrx_word' id='word_1_706' title='bbox 2303 5655 2508 5695; x_wconf 89' lang='lat' dir='ltr'>vocem</span> <span class='ocrx_word' id='word_1_707' title='bbox 2553 5655 2687 5695; x_wconf 91' lang='lat' dir='ltr'>cum</span> <span class='ocrx_word' id='word_1_708' title='bbox 2733 5638 2999 5696; x_wconf 88' lang='lat' dir='ltr'>audisset</span> <span class='ocrx_word' id='word_1_709' title='bbox 3044 5639 3194 5695; x_wconf 71' lang='lat'>187</span> <span class='ocrx_word' id='word_1_710' title='bbox 3247 5638 3601 5711; x_wconf 90' lang='lat' dir='ltr'>Theodolus,</span> <span class='ocrx_word' id='word_1_711' title='bbox 3656 5646 3717 5700; x_wconf 86' lang='lat' dir='ltr'>et</span> 
     </span>
    </p>
   </div>
   <div class='ocr_carea' id='block_1_117' title="bbox 2060 5727 3718 5801">
    <p class='ocr_par' dir='ltr' id='par_1_117' title="bbox 2060 5727 3718 5801">
     <span class='ocr_line' id='line_1_119' title="bbox 2060 5727 3718 5801; baseline 0.004 -19"><span class='ocrx_word' id='word_1_712' title='bbox 2060 5727 2336 5796; x_wconf 86' lang='lat' dir='ltr'>credidit,</span> <span class='ocrx_word' id='word_1_713' title='bbox 2369 5734 2428 5784; x_wconf 90' lang='lat' dir='ltr'>et</span> <span class='ocrx_word' id='word_1_714' title='bbox 2473 5727 2649 5785; x_wconf 87' lang='lat' dir='ltr'>ambo</span> <span class='ocrx_word' id='word_1_715' title='bbox 2681 5744 2716 5786; x_wconf 88' lang='lat' dir='ltr'>a</span> <span class='ocrx_word' id='word_1_716' title='bbox 2745 5734 2951 5786; x_wconf 88' lang='lat' dir='ltr'>sancto</span> <span class='ocrx_word' id='word_1_717' title='bbox 2991 5727 3386 5801; x_wconf 83' lang='lat' dir='ltr'>baptizantur.</span> <span class='ocrx_word' id='word_1_718' title='bbox 3439 5731 3606 5797; x_wconf 89' lang='lat' dir='ltr'>Quod</span> <span class='ocrx_word' id='word_1_719' title='bbox 3650 5737 3718 5789; x_wconf 88' lang='lat' dir='ltr'>ut</span> 
     </span>
    </p>
   </div>
   <div class='ocr_carea' id='block_1_118' title="bbox 2062 5817 3714 5893">
    <p class='ocr_par' dir='ltr' id='par_1_118' title="bbox 2062 5817 3714 5893">
     <span class='ocr_line' id='line_1_120' title="bbox 2062 5817 3714 5893; baseline 0.004 -19"><span class='ocrx_word' id='word_1_720' title='bbox 2062 5817 2300 5876; x_wconf 87' lang='lat' dir='ltr'>rescivit</span> <span class='ocrx_word' id='word_1_721' title='bbox 2317 5818 2980 5892; x_wconf 71' lang='lat' dir='ltr'>prmiectus,utrumque</span> <span class='ocrx_word' id='word_1_722' title='bbox 3002 5834 3128 5876; x_wconf 88' lang='lat' dir='ltr'>com</span> <span class='ocrx_word' id='word_1_723' title='bbox 3136 5819 3714 5893; x_wconf 85' lang='lat' dir='ltr'>prehensumdecol-</span> 
     </span>
    </p>
   </div>
  </div>
