4108 6434
461 431 578 496 503

1783 431 2226 496 MENOLOGII
2269 433 2472 497 PARS
2519 436 2628 497 IlI.

3729 443 3834 504 504

451 571 565 626 lari
584 571 801 644 jussit;
836 576 1107 626 sanctum
1161 585 1296 626 vero
1351 569 1660 625 Leontium
1705 570 2008 626 mandavit
2054 569 2094 624 ii

2234 566 2338 624 ὑπὸ
2386 573 2483 625 τοῦ
2538 567 2717 645 ἁγίου.
2777 569 2880 626 Καὶ
2938 572 3099 623 τοῦτο
3160 570 3344 642 μαθὼν
3379 570 3669 647 ὁὴγεμὼν,
3721 596 3834 651 κρα.

458 675 696 716 carcere
728 661 894 730 caedi,
929 676 1268 732 caesumque
1301 660 1586 716 Dominus
1618 661 1866 732 accepit.

1019 962 1262 1018 EODEM
1299 962 1445 1016 ΜΕΝ
1453 960 1553 1015 SE.

990 1051 1094 1106 Die
1127 1051 1360 1106 decima
1386 1067 1566 1106 nona.

756 1141 1043 1196 Certamen
1074 1143 1255 1196 sancti
1284 1142 1549 1210 martyris
1582 1139 1798 1195 Zosimi.

524 1261 742 1331 Martyr
769 1260 988 1316 Christi
1017 1261 1307 1330 Zosimus,
1341 1261 1592 1332 Trajano
1631 1258 1985 1330 imperante,
2035 1271 2106 1312 ex

451 1350 849 1423 Apolloniade
878 1350 937 1404 in
960 1352 1200 1423 regione
1213 1349 1623 1423 Sozopolitana
1636 1347 1923 1421 originem
1940 1345 2107 1402 duxit

451 1440 596 1496 Cum
627 1446 824 1497 autem
849 1440 958 1496 sub
984 1440 1318 1496 Domitiano
1341 1440 1670 1496 Antiochize
1694 1437 1931 1494 Pisidiae
1954 1454 2103 1508 prte-

455 1529 582 1585 side
617 1531 923 1597 militaret,
955 1531 1234 1602 projectis
1281 1531 1463 1586 armis
1513 1530 1585 1585 ad
1635 1528 1949 1584 ecclesiam
2002 1525 2102 1581 Dei

457 1621 827 1694 confugiens.
861 1620 1214 1692 baptismate
1248 1621 1308 1676 in
1339 1621 1572 1676 Christo
1604 1619 1816 1690 dignus
1863 1617 2104 1673 habitus

455 1709 585 1765 fuit.
619 1711 1094 1782 Comprehensus
1125 1711 1345 1782 itaque,
1378 1710 1451 1766 ad
1500 1709 1816 1782 praesidem
1873 1708 2104 1762 vinctus

454 1798 807 1854 adducitur:
843 1817 1098 1872 cumque
1129 1801 1547 1872 interrogatus,
1605 1799 2007 1854 Christianum
2040 1812 2100 1851 se

458 1904 586 1945 esse
615 1891 1018 1962 profiteretur,
1052 1896 1332 1946 extensus
1388 1907 1456 1945 ex
1511 1895 1766 1961 quatuor
1810 1887 2098 1960 partibus,

2219 660 2388 729 τῆσας
2455 656 2674 728 αὐτοὺς,
2735 657 3119 736 ἀπεκεφάλισε.
3153 660 3261 717 Τὸν
3297 657 3354 716 δὲ
3404 664 3547 740 ἅγιον
3604 663 3837 720 Λεόντιον

2219 747 2544 820 προσέταξεν
2579 747 2630 804 ἰν
2671 751 2738 823 τῇ
2800 753 3020 828 φυλακῇ
3069 747 3381 808 τύπτεσθαι.
3432 751 3532 810 Καὶ
3589 753 3838 828 τυπτόμε-

2219 857 2307 891 νον
2339 832 2715 913 προσελάϐετο
2747 839 2774 894 ὁ
2802 837 3028 916 Κύριος.

2763 966 2949 1024 MHNI
2987 969 3074 1023 ΤΩ
3113 969 3312 1026 ΔΥΤΩ.

3004 1059 3086 1114 19'

2439 1144 2712 1216 ’Ἄθλησις
2741 1150 2840 1201 τοῦ
2873 1145 3028 1223 ἁγίου
3063 1146 3333 1224 μάρτυρος
3365 1155 3633 1224 Ζωσιμου.

2287 1261 2536 1335 Ζώσιμος
2579 1261 2606 1316 ὁ
2635 1265 2734 1318 τοῦ
2780 1263 3018 1338 Χριστοῦ
3070 1264 3274 1340 μάρτυς
3329 1265 3574 1339 ὑπῆρχεν
3621 1263 3704 1319 ἐπὶ
3749 1271 3838 1334 τῆς

2217 1347 2496 1426 βασιλείας
2527 1356 2796 1428 Τραϊανοῦ
2851 1351 2903 1424 ἐξ
2956 1351 3412 1419 ’Δπολλωνιάδος
3437 1361 3536 1424 τῆς
3573 1352 3624 1408 ἑν
3677 1359 3840 1424 Σωζο·

2213 1437 2397 1499 πόλει.
2436 1442 2872 1517 Στρατευόμενος
2923 1442 3028 1498 ὑπὸ
3074 1447 3155 1517 τῷ
3211 1449 3312 1514 τῆς
3373 1442 3700 1517 Ἀντιοχείας
3751 1446 3838 1507 τῆς

2213 1527 2461 1594 Πισιδίας
2519 1532 2747 1608 ἡγεμόνι
2809 1537 3144 1606 Δομετιανῷ,
3209 1533 3367 1609 ῥίψας
3418 1533 3484 1589 τὰ
3541 1533 3701 1602 ὅπλα,
3753 1532 3835 1588 καὶ

2211 1620 2538 1696 προσφυγὼν
2565 1623 2634 1694 τῇ
2679 1625 2776 1676 τοῦ
2835 1627 2969 1677 Θεοῦ
3027 1620 3316 1693 ἐκκλησίᾳ,
3372 1627 3471 1678 τοῦ
3528 1621 3581 1678 ἐν
3639 1621 3839 1696 Χριστῷ

2211 1711 2554 1779 καταξιοῦται
2646 1709 3046 1786 βαπτίσματος.
3133 1711 3436 1785 Κρατηθεὶς
3532 1710 3620 1766 οὖν
3701 1709 3839 1784 ἢχθη

2213 1795 2434 1873 δέσμιος
2463 1801 2601 1874 πρὸς
2631 1801 2722 1856 τὸν
2779 1801 3049 1877 ἡγεμόνα,
3099 1803 3188 1857 καὶ
3238 1801 3554 1878 ἐρωτηθεὶς,
3607 1802 3689 1857 καὶ
3745 1802 3846 1856 δαυ-

2207 1889 2301 1943 τὸν
2368 1890 2686 1967 Χριστιανὸν
2743 1890 2877 1946 εἶναι
2939 1889 3322 1968 ὁμολογήσας,
3380 1893 3557 1954 ταθεὶς
3587 1890 3644 1946 ix
3675 1889 3846 1946 τεσσά-

451 1961 794 2050 gravissime
822 1979 1109 2036 caeditur:
1144 1998 1281 2037 mox
1311 1981 1369 2035 in
1405 1979 1726 2052 equuleum
1755 1994 2094 2051 suspensus,

2215 1998 2345 2054 ρων,
2407 1961 2607 2058 ἓτύφθη
2669 1978 2942 2058 σφοδρῶς,
2975 1961 3092 2036 ⁷καὶ
3136 1961 3478 2056 ⁷κρεμασθεὶς
3531 1978 3620 2036 ἐπὶ
3675 1977 3843 2054 ξύλου,

450 2067 804 2140 depectitur,
834 2078 892 2126 et
922 2071 981 2125 in
1015 2088 1246 2126 mneum
1273 2071 1488 2126 ardens
1511 2068 1820 2142 grabatum
1848 2068 2094 2136 imponi-

2212 2066 2423 2140 ἐξὲσθη,
2453 2069 2544 2124 καὶ
2598 2067 2686 2124 ἐπὶ
2732 2064 3044 2144 κραϐϐάτου
3096 2070 3315 2145 χαλκοῦ
3363 2070 3840 2146 πεπυρακτωμὲνου

449 2163 566 2214 tur.
595 2162 738 2215 Cum
772 2177 908 2215 vero
941 2160 1095 2232 ignis
1128 2161 1187 2214 in
1221 2178 1416 2216 rorem
1439 2164 1905 2219 converteretur.
1933 2157 2094 2215 mult;

2215 2155 2389 2228 ἐτέθη.
2468 2155 2918 2230 Μεταϐληθὲντος
2999 2157 3056 2214 δὲ
3130 2164 3226 2216 τοῦ
3285 2161 3457 2237 πυρὸς
3516 2157 3594 2223 εἲς
3652 2157 3824 2234 δρόσον

455 2247 793 2305 infidelium
826 2266 894 2305 eo
926 2251 1216 2305 miraculo
1249 2250 1532 2321 perculsi,
1566 2250 1628 2304 in
1659 2249 1958 2305 Christum
1987 2263 2094 2302 cret

2213 2245 2420 2302 πολλοὶ
2451 2253 2560 2304 τῶν
2619 2250 2860 2307 ἀπίστων
2915 2251 3370 2327 καταπλαγέντες,
3428 2251 3728 2306 ἐπίστευσαν
3779 2247 3844 2310 εἰς

454 2339 681 2395 didere.
715 2341 854 2396 Post
885 2342 1007 2396 haec
1040 2341 1300 2412 crepidis
1331 2341 1510 2396 clavis
1542 2341 1834 2402 conﬁxus,
1858 2343 1916 2394 et
1939 2338 2094 2409 equis

2215 2337 2478 2411 Χριστόν.
2514 2339 2612 2394 Καὶ
2666 2342 2802 2414 μετὰ
2849 2344 3014 2396 ταῦτα
3069 2347 3302 2418 κρηπῖσι
3361 2339 3716 2410 καθηλωθεὶς,
3767 2337 3844 2393 καὶ

449 2427 758 2485 indomitis
781 2429 1082 2501 alligatus,
1105 2430 1450 2501 compulsus
1474 2435 1564 2484 est
1583 2427 1901 2502 praasidem
1929 2427 1989 2482 in
2014 2444 2108 2482 ur-

451 2516 589 2572 bem
606 2523 993 2574 Caneotarum
1018 2519 1494 2591 progredientem
1511 2535 1686 2574 cursu
1703 2517 2104 2588 assequi,cum

449 2605 717 2663 triduum
752 2608 1002 2680 jejunus
1030 2609 1373 2666 mansisset.
1407 2609 1714 2664 Postremo
1741 2608 1802 2662 in
1826 2605 2105 2678 quaestio-

449 2711 590 2752 nem
621 2697 836 2752 iterum
866 2704 1126 2768 vocatus,
1160 2715 1295 2754 cum
1323 2697 1622 2755 Christum
1646 2696 1831 2752 libere
1855 2695 2104 2752 confite-

448 2792 636 2857 retur,
669 2789 860 2860 capite
890 2788 1101 2859 plexus
1128 2794 1236 2845 est.

743 2927 810 2980 Et
842 2931 1115 2981 certamen
1145 2924 1327 2981 sancti
1354 2925 1512 2979 Iudae
1539 2923 1798 2994 apostoli.

514 3050 832 3122 Apostolus
863 3049 1079 3108 Christi
1109 3049 1309 3116 Judas,
1343 3066 1520 3121 quem
1552 3049 1664 3105 hoc
1693 3048 1936 3104 nomine
1965 3063 2103 3102 san-

440 3146 572 3196 ctus
602 3140 909 3212 apostolus
942 3145 1000 3196 et
1029 3140 1406 3214 Evangelista
1429 3141 1612 3195 Lucas
1635 3141 1694 3194 in
1723 3138 1886 3194 Actis
1905 3135 2078 3210 appel

438 3231 524 3286 lat
540 3233 596 3301 (a
610 3231 855 3303 reliquis
870 3248 1004 3286 vero
1029 3231 1316 3303 apostolis
1334 3236 1391 3286 et
1412 3229 1790 3303 evangelistis
1804 3228 2102 3288 Matthaao,

2211 2426 2404 2491 ἳπποις
2446 2433 2591 2492 νὲοις
2649 2426 2994 2508 προσδεθεὶς,
3051 2432 3374 2507 ἠναγκάσθη
3425 2429 3730 2508 συντρέχειν
3779 2431 3851 2498 τῷ

2211 2519 2470 2593 ἡγεμόνι,
2556 2519 2646 2576 ἐπὶ
2729 2522 2828 2591 τήν
2913 2525 3214 2578 Κανεωτῶν
3318 2519 3484 2579 πόλιν
3561 2519 3845 2589 ἐλαύνοντι,

2211 2607 2394 2674 ἄσιτος
2429 2609 2711 2686 διαμείνας
2762 2611 2852 2668 ἐπὶ
2897 2613 3070 2690 τρισὶν
3122 2615 3390 2690 ἡμέραις.
3436 2615 3532 2670 Καὶ
3584 2612 3738 2668 πάλιν
3782 2607 3848 2670 εἷς

2211 2699 2449 2772 ἐξέτασιν
2480 2703 2692 2779 ἀχθεὶς,
2723 2703 2814 2758 καὶ
2871 2704 2964 2758 τὸν
3023 2703 3257 2778 Χριστὸν
3330 2700 3678 2780 ὁμολογήσας
3728 2697 3851 2776 παῤ-

2213 2790 2396 2867 ῥησίᾳ,
2428 2790 2643 2868 ἐτμήθη
2674 2795 2776 2864 τὴν
2808 2792 3077 2872 κεφαλήν.

2416 2917 2514 2973 Καὶ
2547 2918 2777 2991 ἄθλησις
2816 2923 2911 2974 τοῦ
2942 2919 3096 2975 ὁσίου
3123 2919 3452 2978 ἀποστόλου
3484 2917 3676 2978 Ἰούδα.

2283 3036 2493 3100 Ἰούδας
2527 3037 2555 3092 ὁ
2585 3041 2684 3092 τοῦ
2734 3038 2979 3113 Χριστοῦ
3027 3036 3376 3110 ἀπόστολος,
3405 3039 3432 3096 ὁ
3461 3037 3602 3114 παρᾶ
3649 3035 3735 3109 μὶν
3773 3029 3843 3104 τῷ

2208 3132 2352 3208 ἁγίῳ
2381 3126 2678 3200 ἀποστόλῳ
2706 3127 2795 3182 καὶ
2833 3125 3197 3203 εύαγγελιστῇ
3247 3135 3447 3186 Λουκᾶ
3475 3127 3527 3185 ἐν
3555 3133 3664 3189 ταῖς
3713 3122 3845 3195 Πρά-

2206 3223 2314 3292 ξεσι
2400 3215 2608 3281 Ἰούδας
2696 3216 3102 3292 ὀνομαζόμενος
3155 3218 3339 3294 (παρᾶ
3391 3217 3450 3275 δὶ
3499 3223 3604 3279 τοῖς
3652 3213 3836 3288 ἑτέροις

440 3325 501 3374 et
529 3322 720 3376 Marco
753 3320 1082 3376 Thaddaeus
1128 3321 1404 3391 dicitur;)
1459 3319 1693 3376 Domini
1743 3317 1931 3374 nostri
1959 3318 2094 3373 Jesu

2210 3308 2545 3372 ἀποστόλοις
2576 3307 2667 3364 καὶ
2724 3306 3135 3384 εύαγγελισταῖς
3197 3309 3477 3386 Ματθαιῳ
3527 3307 3608 3362 καὶ
3654 3311 3837 3405 Μαρκῳ

441 3409 659 3465 Christi
693 3411 1019 3466 secundum
1053 3428 1292 3467 carnem
1326 3410 1510 3465 frater
1555 3409 1688 3477 fuit,
1738 3413 1942 3480 utpote
1993 3408 2094 3480 qui

439 3499 678 3572 Josephi
703 3501 913 3572 Sponsi
935 3501 1093 3556 ﬁlius
1112 3507 1258 3568 erat,
1282 3500 1466 3555 frater
1486 3505 1683 3556 autem
1704 3496 1904 3555 Jacobi
1928 3497 2100 3554 Adel-

442 3589 686 3661 phothei
715 3606 728 3644 :
761 3591 948 3662 quiet
976 3591 1107 3646 luce
1154 3591 1396 3662 plenam
1447 3589 1853 3660 doctrinisque
1909 3592 2097 3645 sancti

441 3678 696 3750 Spiritus
725 3680 1006 3735 refertam
1039 3680 1364 3750 Epistolam
1385 3680 1460 3734 ad
1481 3697 1689 3736 omnes
1707 3680 1961 3752 scripsit.
1994 3680 2097 3735 Hic

442 3768 516 3823 ab
548 3769 678 3840 ipso
707 3771 938 3826 Christo
969 3769 1303 3838 roboratus,
1339 3776 1397 3825 et
1434 3776 1639 3826 sancto
1693 3769 1913 3842 Spiritu
1969 3769 2094 3842 ple-

439 3874 555 3913 nus
580 3875 820 3915 omnem
843 3859 1154 3932 dissipavit
1182 3866 1534 3926 errorem,et
1553 3861 1863 3916 universos
1887 3859 2093 3914 fideles

437 3947 994 4008 illuminavit.Cum
1054 3957 1246 4005 autem
1302 3951 1362 4004 in
1408 3950 1560 4005 188
1607 3948 2089 4021 Mesopotamiam

436 4038 720 4108 venisset,
755 4045 814 4093 et
859 4040 1237 4111 Evangelium
1292 4039 1699 4112 promulgans,
1752 4037 2090 4110 complures

433 4127 713 4184 infideles
735 4129 807 4185 ad
831 4130 1146 4185 Dominum
1171 4130 1863 4193 convertisset,Edessam
1879 4129 2087 4184 urbem

433 4218 755 4290 profectus,
789 4219 1084 4293 Abgarum
1117 4221 1484 4292 Toparcham
1509 4219 1716 4275 morbo
1741 4218 2085 4274 sublevavit.

433 4310 740 4365 Postremo
771 4312 912 4365 Arat
951 4310 1160 4366 urbem
1219 4310 1437 4383 petiit:
1484 4301 1685 4380 ibique
1735 4309 1794 4364 in
1849 4325 2086 4364 crucem

433 4405 602 4456 actus
633 4400 886 4472 telisque
917 4400 1250 4467 confossus,
1283 4399 1514 4454 vivendi
1551 4399 1724 4454 finem
1753 4397 1919 4455 fecit.

2210 3397 2522 3473 Θαδδαῖος),
2555 3395 2790 3476 ἀδελφὸς
2841 3397 3061 3473 ὑπῆρχε
3116 3397 3252 3453 κατᾶ
3324 3399 3495 3478 σάρκα
3537 3399 3624 3453 τοῦ
3665 3389 3842 3469 Κυρίου

2209 3495 2371 3566 ἡμῶν
2413 3491 2596 3561 Ἰησοῦ
2626 3489 2883 3564 Χριστοῦ,
2919 3487 2994 3551 ὡς
3043 3485 3118 3543 ὢν
3178 3488 3298 3554 υἱὸς
3371 3492 3466 3565 μὶν
3526 3487 3712 3562 Ἰωσὴφ
3761 3481 3848 3538 τοῦ

2213 3582 2544 3656 μνήστορος,
2599 3573 2836 3652 ἀδελφὸς
2894 3573 2951 3631 δὶ
3010 3572 3276 3632 Ἰακώϐου
3345 3583 3445 3635 τοῦ
3522 3572 3844 3654 ἀδελφοθέου·

2211 3671 2239 3725 ὁ
2277 3669 2367 3725 καὶ
2406 3669 2505 3738 τὴν
2567 3667 2900 3747 φωτιστικὴν
2960 3665 3052 3721 καῖ
3111 3663 3418 3742 δογμάτων
3467 3664 3714 3742 ἔμπλεων
3765 3661 3852 3718 τοῦ

2206 3760 2359 3838 ἁγίου
2447 3758 2762 3833 Πνεύματος
2848 3759 3038 3814 ἅπασιν
3122 3756 3446 3824 ἐπιστείλας
3553 3752 3850 3824 ὄπιστολήν.

2205 3851 2380 3913 Οὗτος
2437 3850 2567 3926 παρ’
2626 3847 2790 3904 αὐτοῦ
2847 3852 2943 3903 τοῦ
3002 3845 3239 3924 Χριστοῦ
3320 3845 3718 3923 ἑνδυναμωθιὶς
3769 3841 3852 3898 καὶ

2203 3939 2426 4015 πλήρης
2453 3943 2549 3995 τοῦ
2581 3939 2736 4016 ἁγίου
2784 3939 3074 4014 γενόμενος
3128 3937 3478 4013 Πνεύματος,
3539 3943 3706 3994 πᾶσαν
3762 3932 3845 4008 μὶν

2198 4032 2299 4101 τὴν
2331 4030 2544 4100 πλάνην
2575 4030 2820 4107 ἠφάνισε·
2883 4027 3086 4092 πάντας
3146 4026 3203 4084 δὲ
3260 4029 3396 4094 τοὺς
3455 4028 3681 4091 πιστοὺς
3734 4043 3849 4080 κατ·

2199 4123 2480 4201 εφώτισεν.
2515 4116 2800 4183 Ἀπελθὼν
2854 4116 2944 4173 οῦν
2990 4119 3080 4174 καὶ
3132 4117 3206 4181 εἷς
3259 4120 3721 4194 Μεσοποταμίαν,
3770 4111 3848 4169 καὶ

2197 4210 2434 4285 κηρύξας
2468 4210 2530 4265 τὸ
2583 4207 2942 4282 Εύαγγὲλιον,
3001 4206 3091 4262 καὶ
3148 4206 3404 4272 πολλοὺς
3462 4213 3574 4264 τῶν
3630 4205 3852 4263 ἀπίστων

2197 4301 2522 4376 ἐπιστρέψας
2549 4299 2689 4375 πρὸς
2748 4299 2838 4353 τὸν
2892 4297 3110 4372 Κύριον,
3162 4294 3500 4372 ἀπεδήμησε
3533 4299 3767 4357 καὶτοῖς
3807 4292 3852 4347 ἐν

2195 4389 2423 4465 Ἐδὲσσῃ
2456 4389 2637 4444 πόλει·
2689 4388 2782 4444 καὶ
2835 4387 2975 4462 πρὸς
3020 4384 3268 4463 Αὕγαρον
3320 4388 3624 4465 τοπάρχην
3670 4403 3855 4460 πορευ-

434 4489 570 4557 θεὶς,
604 4487 951 4564 ἐθεράπευσεν
980 4487 1139 4544 αὐτὸν
1174 4486 1280 4543 ἀπὸ
1310 4495 1412 4558 τῆς
1443 4486 1618 4543 νόσου.
1657 4487 1789 4543 Εἶτα
1843 4481 2170 4542 καταλαϐὼν
2233 4480 2394 4556 Ἀράτ
2451 4481 2551 4550 τὴν
2611 4476 2800 4548 πόλιν,
2857 4477 2948 4532 καὶ
3004 4477 3360 4552 παυρωθεῖς,
3422 4479 3518 4534 καὶ
3575 4472 3858 4549 τοξευθεὶς,

431 4575 750 4648 ἐτελειώθη.

988 4708 1228 4763 EODEM
1268 4707 1523 4763 MENSE.

1029 4797 1133 4853 Die
1166 4797 1466 4854 vicesima.

435 4886 717 4942 Certamen
775 4887 1122 5014 sacrosancti)
1165 4889 1429 5013 tmartyris
1511 4885 1782 4944 Methodii
1841 4885 2085 4956 episcopi

1126 4976 1159 5014 a
1189 4976 1430 5014 ararum.

1126 4976 1430 5015 atarorum.

506 5094 837 5150 Methodius
858 5093 1075 5150 Christi
1119 5099 1536 5166 sacromartyr,
1566 5093 1638 5148 ab
1688 5093 1940 5148 infantia
1971 5095 2084 5149 Deo

432 5184 784 5240 honorabile
805 5199 904 5237 vas
929 5181 1193 5252 seipsum
1216 5182 1603 5248 consecravit,
1629 5181 1810 5236 divini
1833 5181 2088 5253 Spiritus

430 5272 873 5344 receptaculum
891 5271 1298 5337 factus.Quare
1315 5273 1417 5327 Dei
1438 5271 1717 5340 suffragio
1735 5271 2086 5343 pontificatu

431 5365 645 5436 dignus
687 5363 933 5419 effectus
994 5367 1118 5416 est:
1178 5367 1531 5433 creatusque
1593 5362 1932 5416 Patarensis
1987 5377 2084 5416 ec-

430 5453 626 5508 clesia)
686 5452 1021 5522 episc0pus,
1076 5467 1311 5523 gregem
1400 5467 1574 5506 suum
1633 5452 1854 5522 optime
1916 5450 2083 5505 rexit.

430 5543 792 5598 Gliscentem
827 5548 1024 5596 autem
1057 5540 1328 5612 Origenis
1376 5538 1651 5594 baaresim
1707 5556 1977 5600 cernens.
2021 5544 2087 5594 ut

431 5632 692 5701 Optimus
724 5637 947 5701 pastor.
980 5628 1182 5683 divino
1230 5629 1602 5699 elequiorum
1655 5645 1900 5685 suorum
1950 5630 2085 5700 igne

435 5718 720 5775 incendit.
756 5719 869 5775 Sed
900 5734 1035 5773 cum
1064 5717 1344 5774 inimicus
1373 5718 1643 5775 diabolus
1672 5721 1801 5792 ejus
1839 5719 2084 5777 liberta-

411 5809 549 5862 tem
584 5812 640 5861 et
667 5808 1063 5866 constantiam
1095 5807 1248 5863 ferre
1273 5824 1392 5866 non
1415 5809 1930 5880 posset,satellites
1944 5825 2082 5867 suos

2115 4679 2163 4743 D

2191 4885 2462 4957 Ἀθλησις
2562 4885 2660 4940 τοῦ

2752 4693 2940 4750 ΜΗΝΙ
2979 4694 3071 4750 ΤΩ
3109 4695 3302 4751 ΑΥΤΩ.

2999 4785 3052 4839 κ.

2770 4880 2925 4960 ὁσίου
3038 4882 3464 4960 -ὶερομάρτυρος

2703 4952 3005 5009 ἐπισκόπου
3037 4952 3320 5028 Πατάρων.

3587 4877 3856 4947 Μεθοδίου

2268 5093 2538 5158 Μεθόδιος
2581 5091 2610 5146 ὁ
2670 5094 2767 5146 τοῦ
2816 5093 3054 5166 Χριστοῦ
3109 5089 3448 5166 ἱερομάρτυς
3517 5090 3582 5147 ἐκ
3637 5088 3864 5166 βρέφους

2195 5183 2384 5240 ἑαυτὸν
2415 5187 2493 5255 τῷ
2523 5185 2640 5251 Θεῷ
2697 5179 2935 5245 ἀναθεὶς,
2986 5183 3174 5242 σκεῦος
3218 5180 3436 5253 τίμιον,
3493 5181 3591 5238 καὶ
3652 5178 3866 5255 δοχεῖον

2193 5277 2290 5328 τοῦ
2322 5271 2469 5337 θείου
2506 5269 2817 5343 Πνεύματος
2849 5269 3097 5343 γέγονεν.
3153 5269 3312 5333 Ὅθεν
3367 5273 3466 5325 καί
3519 5271 3697 5348 ψήφῷ
3745 5268 3872 5323 Θεοῦ

2193 5370 2297 5432 τῆς
2351 5359 2772 5439 ἀρχιερωσύνης
2826 5358 3100 5432 ἀξιωθεὶς,
3157 5359 3248 5414 καὶ
3305 5364 3412 5429 τῆς
3473 5358 3530 5416 ἐν
3609 5358 3874 5434 Πατάροις

2195 5451 2491 5523 ἐκκλησίας
2549 5448 2847 5511 ἐπίσκοπος
2905 5447 3168 5523 γεγονὼς,
3230 5447 3428 5512 καλῶς
3492 5448 3768 5523 ἐποίμανε
3821 5445 3876 5498 τὸ

2193 5541 2452 5615 ποίμνιον
2510 5541 2724 5595 ἑαυτοῦ.
2788 5537 2883 5593 Διὸ
2939 5537 3031 5592 καὶ
3087 5539 3190 5607 τήν
3261 5539 3596 5613 Ὧριγενους
3676 5537 3873 5611 αἵρεσιν

2194 5632 2600 5702 πλεονάζουσαν
2664 5628 2819 5699 ῗδὼν,
2881 5626 2957 5692 ὠς
3014 5627 3234 5703 ἄριστος
3315 5630 3547 5702 ποιμήν
3608 5635 3693 5702 τῷ
3751 5627 3876 5694 θείῳ

2192 5723 2322 5798 πυρὶ
2350 5727 2458 5778 τῶν
2487 5720 2652 5778 αὐτοῦ
2711 5717 2892 5793 λόγων
2942 5717 3254 5795 κατέφλεξε.
3305 5719 3415 5776 Καὶ
3481 5721 3566 5793 μὴ
3633 5711 3871 5798 φέρωνό

2193 5813 2391 5889 ἰχθρὸς
2421 5806 2682 5874 διάϐολος
2721 5811 2820 5879 τήν
2853 5807 3018 5865 αὐτοῦ
3048 5807 3388 5886 παῤῥησίαν,
3449 5809 3548 5866 καὶ
3595 5807 3864 5877 ἔνστασιν,
