4108 6450
344 423 464 486 805

1893 423 2196 487 JUNIUS.

3658 430 3778 490 506

339 555 615 627 ἐξώπλισε
667 555 797 618 τοὺς
860 555 1024 610 αὐτοῦ
1086 553 1391 631 ὑπουργοὺς
1442 553 1581 630 πρὸς
1656 557 1756 624 τήν
1810 557 1990 612 τούτοι

2122 560 2186 615 in
2213 561 2342 632 ejus
2364 577 2572 617 necem
2605 560 2984 617 armavitJlle
2997 577 3133 617 vero
3148 566 3469 634 antequam
3487 565 3772 636 martyrio

341 645 641 720 ἀναίρεσιν.
701 646 764 703 Ὀ
821 642 882 700 δὲ
943 645 1030 700 καὶ
1088 646 1194 719 πρὸ
1239 649 1338 700 τοῦ
1397 647 1629 701 θανάτου
1686 653 1785 716 τῆς
1845 647 2009 704 αὐτοῦ

348 735 676 811 μαρτυρίας,
731 737 994 812 νέκρωσιν
1080 735 1372 813 ζωηιρόρον
1458 733 1839 810 ἐνδυσάμενος,
1915 740 2008 793 καὶ

342 827 465 884 καθ’
527 825 763 896 ἑκάστην
801 824 1015 901 ἡμέραν
1073 825 1265 902 νεκρὸν
1353 825 1540 881 ἑαυτὸν
1625 825 2007 904 λογιζόμενος,

340 917 485 972 κατᾶ
508 917 601 972 τὸν
652 917 798 971 θεῖον
862 913 1171 972 ἀπόστολον
1223 915 1461 986 Παῦλον,
1515 917 1654 995 ξίφει
1703 919 1802 987 τὴν
1860 917 2007 992 ἱερὰν

338 1009 432 1063 καὶ
471 1006 744 1082 μακαρίαν
778 1007 944 1063 αὐτοῦ
965 1006 1207 1084 κεφαλὴν
1241 1006 1606 1080 ἀποτμηθεὶς,
1637 1008 1774 1084 πρὸς
1804 1006 2006 1080 Κύριον

337 1095 652 1172 egestam:
675 1097 913 1174 χαίρων,
947 1096 1037 1152 καὶ
1071 1095 1467 1173 ἀγαλλόμενος.

889 1215 1071 1272 MHNI
1112 1216 1204 1293 Ἰᾮ
1245 1216 1445 1293 arra.

1124 1312 1231 1372 ΚΜ

403 1424 682 1497 νΑΘλησις
711 1426 811 1480 τοῦ
873 1422 1028 1499 ἁγίου
1082 1424 1364 1499 μαρτυρος
1395 1421 1698 1479 Ἰουλιανοῦ
1748 1427 1846 1478 τοῦ
1877 1423 1927 1478 ἐν

1034 1494 1317 1572 Αἰγύπτῳ.

405 1611 717 1674 Ἰουλιανὸς
776 1612 804 1667 ὁ
863 1615 963 1668 τοῦ
1023 1613 1267 1688 Χριστοῦ
1329 1613 1560 1687 μάρτυς,
1622 1613 1688 1684 ἦν
1757 1613 1853 1685 μὶν
1914 1611 2001 1668 ἐπὶ

348 1703 743 1771 Διοκλτ,τιανοῦ
777 1702 838 1758 ἐκ
867 1704 965 1772 τῆς
997 1702 1299 1778 Αῗ“γύπτου’
1352 1705 1443 1758 τὸν
1506 1705 1738 1777 Χριστὸν
1799 1701 1857 1758 δὲ
1915 1724 1998 1760 σε·

351 1786 597 1862 δόμενος,
651 1793 1023 1863 συνεστήσατο
1086 1794 1452 1866 μοναστήριον
1509 1791 1783 1869 μέγιστον,
1841 1790 1894 1848 ἐν
1953 1793 1998 1867 ᾧ

354 1878 656 1957 ἰδοξολόγει
705 1881 798 1936 τὸν
853 1879 1005 1939 Θεόν.
1067 1880 1172 1937 Καὶ
1236 1882 1417 1953 μαθὼν
1477 1884 1638 1936 τοῦτο
1691 1881 1997 1956 ὁὴγεμὼν,

350 1971 439 2025 καὶ
472 1968 821 2042 ἀποστείλας,
856 1970 1019 2026 αὐτὸν
1077 1969 1169 2044 μὲν
1231 1968 1545 2045 ἐκράτησεν,
1602 1970 1666 2026 τὸ
1724 1967 1782 2026 δὲ
1831 1991 1998 2044 μονα·
2031 1940 2077 2008 Β

341 2061 567 2134 στήριον
599 2059 880 2136 ἐνέπρησε,
935 2059 1274 2122 κατακαύσας
1323 2059 1449 2123 τοὺς
1509 2061 1560 2115 ἐν
1617 2061 1768 2133 αὐτῷ
1798 2064 2000 2124 πάντας

331 2149 697 2219 ἐπισκόπους,
755 2151 922 2226 ἱερεῖς
979 2151 1068 2205 καὶ
1133 2151 1490 2223 μονάζοντας.
1553 2150 1683 2207 Εἶτα
1713 2151 1806 2206 τὸν
1838 2151 1994 2227 ἅγιον

323 2241 536 2316 τύψας,
595 2235 790 2297 ἔϐαλεν
851 2237 927 2303 εῗς
987 2239 1260 2318 φυλακήν.
1326 2240 1423 2297 Καὶ
1482 2238 1646 2296 πάλιν
1721 2236 1993 2313 ἐκϐαλὼν,

324 2329 566 2402 δέσμιον
624 2331 825 2404 ἢγαγεν
860 2329 1094 2385 ἐνώπιον
1153 2329 1340 2385 αὐτοῦ’
1401 2329 1490 2385 καὶ
1553 2328 1684 2385 ἶδὼν
1743 2330 1993 2402 Κέλτιος,

319 2422 354 2476 ὸ
417 2420 540 2483 υἱος
599 2423 698 2475 τοῦ
754 2419 1050 2494 ἡγεμόνος,
1117 2417 1380 2492 ἀγγέλους
1438 2420 1872 2496 παρισταμένους
1920 2426 1998 2494 τῷ

323 2511 509 2584 ἁγίῳ,
542 2507 824 2565 ἐπίστευσε
880 2510 960 2582 τῷ
1019 2510 1262 2584 Χριστῷ,
1295 2509 1384 2564 καὶ
1419 2508 1595 2584 ἕτεροι
1635 2509 1840 2566 πολλοὶ
1901 2511 1992 2566 σὺν

327 2600 514 2672 αὐτῷ.
550 2599 655 2658 Καὶ
679 2599 870 2676 νεκρός
897 2620 980 2662 τις
1012 2598 1099 2654 ἐπὶ
1126 2597 1324 2670 κλίνης
1366 2599 1684 2678 φερόμενος,
1742 2599 1996 2678 ἐξαίφνης

321 2691 596 2759 ἀναστὰς,
655 2684 905 2760 ἐϐόησεν,
963 2691 1084 2745 ’Ότι
1172 2689 1613 2765 προσευξαμένὸυ
1671 2688 1995 2762 Ἰουλιανοῦ,

325 2779 568 2850 ἀνέστην
650 2777 779 2853 ἐγώ.
835 2777 935 2836 Καὶ
990 2778 1156 2834 πάλιν
1227 2777 1542 2834 ἐπίστευσαν
1627 2778 1704 2842 είς
1761 2780 1994 2854 Χριστὸν

326 2867 573 2925 πολλοί.
608 2869 920 2944 Ὀργισθεῖς
953 2866 1043 2923 οὖν
1078 2868 1106 2923 ὁ
1128 2868 1373 2943 ἡγεμὼν,
1430 2864 1659 2940 ἐξέδειρε
1710 2870 1774 2924 τὸ
1824 2866 1998 2945 δέρμα

325 2967 438 3028 τῆς
496 2955 747 3037 κεααλῆς
811 2957 976 3013 αὐτοῦ
1057 2957 1388 3028 ³1ουλιανοῦ,
1473 2956 1681 3030 ὁμοίως
1733 2956 1822 3012 καὶ
1900 2960 1998 3012 τοῦ

333 3048 596 3105 Κελτίου.
635 3044 848 3102 ἰδοῦσα
879 3044 935 3102 δὲ
965 3049 1000 3117 ἡ
1033 3048 1172 3122 γυνή
1231 3051 1328 3102 τοῦ
1376 3048 1644 3124 ἡγεμόνος
1701 3045 1996 3118 ἐπίστευσε,

337 3138 427 3193 καὶ
461 3135 874 3211 ἆπεκεφαλίσθη
908 3136 1000 3192 σὺν
1025 3141 1103 3210 τῷ
1133 3137 1238 3210 υἱῷ
1264 3135 1454 3209 αὐτῆς,
1485 3137 1575 3194 καὶ
1606 3143 1722 3201 τοῖς
1751 3136 1996 3212 λοιποῖς,

328 3230 416 3284 καὶ
453 3233 534 3284 τῶ
567 3227 716 3304 ἁγίῳ
747 3225 1054 3300 ἰουλιανῷ.

896 3331 1070 3383 MHNI
1104 3329 1195 3385 ΤΩ
1230 3327 1432 3388 ΑΥΤΩ.

1110 3420 1227 3477 KB'.

395 3510 676 3585 Ἀθλησις
731 3514 829 3585 τοῦ
891 3509 1042 3567 ὁσίου
1104 3511 1314 3582 [ἰατρὸς
1392 3512 1556 3584 ἡμῶν
1647 3506 1919 3568 Εὗσεϐίου

811 3584 1113 3640 ἐπισκόπου
1148 3586 1507 3656 Σαμοσάτων,

419 3692 851 3762 Εὖσέὸιοςὸτοῢ
876 3700 1114 3775 Χριστοῦ
1173 3699 1524 3775 ἱερομάρτυς,
1588 3700 1837 3776 ὑπῆρχεν
1899 3700 1986 3755 ἐπὶ

340 3789 712 3848 Κωνσταντίου
769 3793 867 3846 τοῦ
930 3787 1199 3866 βασιλέως
1267 3787 1564 3853 ἐπίσκοπος
1627 3790 1985 3863 Σαμοσάτων,

337 3882 595 3953 ζηλωτής
625 3878 885 3956 διάπυρος
941 3886 1042 3950 τῆς
1098 3877 1397 3956 ὁρθοδόξου
1438 3878 1696 3943 πίστεως.
1759 3883 1870 3938 Τοῦ
1931 3879 1988 3936 δὲ

332 3970 611 4048 βασιλέως
644 3971 711 4026 τὰ
736 3970 960 4046 Ἀρείου
989 3975 1345 4045 φρονοῦντος,
1383 3972 1472 4025 καί
1528 3991 1664 4026 ποτε
1692 3971 1790 4039 τήν
1825 3977 1987 4048 χεῖρα

325 4061 496 4118 αὖτοῦ
523 4067 712 4134 τεμεῖν
746 4060 1171 4131 ἀπειλήσαντος,
1206 4059 1254 4116 εἲ
1289 4061 1366 4133 μή
1423 4061 1486 4116 τὸ
1548 4061 1650 4116 ὑπὸ
1689 4065 1784 4115 τοῦ
1819 4061 1984 4137 μεγά-

322 4151 428 4209 λου
490 4150 768 4210 Μελετίου
825 4152 1084 4228 ψήφισμα
1143 4150 1438 4224 προτείνει,
1525 4151 1613 4206 καὶ
1706 4148 1982 4222 ἐπιδώσει,

324 4242 542 4319 λέγεται
572 4243 670 4304 τὰς
711 4238 807 4298 δύο
867 4247 1058 4317 χεῖρας
1118 4239 1461 4296 ἐπανατεῖναι
1493 4239 1583 4296 καὶ
1643 4239 1836 4296 εἰπεῖν·
1891 4241 1982 4305 Ὠς

319 4329 505 4402 ἡδέως
532 4334 636 4402 τήν
668 4330 877 4387 τούτων
911 4330 1152 4400 ἐκκοπὴν
1211 4328 1456 4406 δέξομαι,
1515 4329 1550 4400 ἤ
1617 4331 1680 4385 τὸ
1724 4332 1982 4404 ψήφισμα

310 4419 623 4498 προδώσω.
703 4420 856 4478 Μετᾶ
940 4417 998 4476 δὲ
1079 4420 1342 4488 τελευτὴν
1427 4421 1811 4477 Κωνστιιντίου
1891 4420 1979 4476 καὶ

307 4509 656 4580 Ἰο-σλιανοῦ,
727 4509 828 4565 ὑπὸ
913 4509 1220 4572 Οὐάλεντος
1278 4510 1561 4584 Ἀρειανοῦ
1643 4512 1734 4564 καὶ
1811 4508 1978 4565 αὐτοῦ

305 4597 503 4671 ὄντος,
533 4606 630 4656 τοῦ
661 4599 866 4655 οἰκείου
898 4599 1090 4676 θρόνου
1150 4597 1497 4666 ἀπελασθεὶς,
1565 4593 1839 4674 ἐϐωρίσθη
1901 4598 1980 4664 εἲς

2118 650 2486 722 fungeretur,
2545 669 2681 707 cum
2738 653 3258 708 mortiﬁcationem
3347 653 3636 709 viviﬁcam
3679 655 3776 709 in-

2121 738 2367 808 duisset,
2402 747 2460 796 et
2490 741 2754 812 quotidie
2786 749 3087 797 mortuum
3122 758 3182 796 se
3215 749 3770 814 reputaret,secuno

2118 829 2262 885 dum
2284 829 2551 886 divinum
2583 833 2920 904 apostolum
2947 833 3194 888 Paulum
3223 833 3378 887 ferro
3413 840 3684 888 sanctum
3706 849 3774 889 ac

2118 918 2358 976 beatum
2390 927 2566 993 caput
2596 922 3035 994 praesidendum
3071 922 3306 991 obtulit,
3341 929 3398 978 et
3424 923 3592 979 laetus
3620 939 3772 996 gau-

2118 1007 2387 1082 densque
2420 1011 2493 1067 ad
2547 1012 2872 1068 Dominum
2905 1012 3197 1085 migravit.

2665 1229 2906 1287 EODEM
2947 1231 3202 1286 MENSE.

2615 1327 2718 1383 Die
2757 1330 3039 1385 vicesima
3077 1330 3271 1401 prima

2257 1422 2542 1475 Certamen
2561 1422 2740 1475 sancti
2766 1423 3026 1492 martyris
3046 1419 3261 1475 Iuliani
3279 1422 3338 1475 in
3368 1421 3622 1492 £gypto.

2183 1623 2456 1682 Julianus
2488 1625 2704 1682 Christi
2740 1632 2966 1699 martyr
2995 1626 3056 1682 in
3089 1627 3333 1699 Egypto
3389 1623 3602 1681 claruit
3631 1625 3769 1679 Dio-

2114 1713 2371 1770 cletiano
2404 1717 2755 1788 imperante.
2789 1717 3087 1772 Christum
3122 1732 3257 1770 vero
3290 1715 3516 1781 colens,
3552 1731 3766 1769 mona-

2114 1804 2360 1860 sterium
2395 1806 2718 1862 maximum
2748 1805 3104 1868 condidit,iu
3122 1821 3239 1875 quo
3255 1805 3439 1859 Deum
3468 1803 3770 1860 laudabat.

2112 1893 2193 1950 Ea
2223 1910 2285 1949 re
2335 1902 2641 1966 comperta
2697 1911 2936 1966 praeses.
2974 1894 3145 1948 illum
3179 1893 3377 1949 missis
3409 1893 3770 1950 satellitibus

2109 1985 2610 2057 comprehendit;
2664 1983 3092 2040 monasterium
3155 2000 3290 2038 vero
3351 1981 3640 2050 incendit,
3713 1987 3773 2036 et

2108 2090 2316 2131 omnes
2349 2092 2499 2146 quos
2532 2074 2756 2130 ibidem
2789 2073 3013 2146 reperit
3044 2073 3194 2130 189
3229 2073 3765 2144 episcopos,sacer-

2107 2162 2296 2228 dotes,
2323 2170 2380 2219 et
2403 2163 2728 2219 monachos
2779 2163 3197 2219 concremavit.
3251 2163 3528 2217 Sanctum
3563 2167 3765 2216 autem

2105 2252 2407 2308 Iulianum
2441 2270 2680 2318 cassum,
2716 2253 3000 2309 custodias
3055 2251 3343 2308 inclusit:
3402 2267 3764 2323 rursumque

2107 2343 2389 2413 educens,
2417 2345 2680 2400 vinctum
2713 2361 2910 2401 coram
2947 2360 3010 2400 se
3061 2344 3386 2399 consistere
3426 2342 3612 2414 jussit
3691 2346 3764 2397 At

2105 2433 2332 2490 Cellius
2382 2435 2655 2507 prwsidis
2717 2435 2876 2490 ﬁlius
2949 2440 3210 2491 astantes
3260 2438 3464 2488 sancto
3519 2430 3762 2504 angelos

2105 2539 2382 2592 cernens,
2407 2526 2468 2581 in
2490 2525 2789 2580 Christum
2821 2524 3076 2586 credidit
3124 2540 3244 2580 una
3274 2539 3409 2579 cum
3439 2520 3574 2578 aliis
3607 2537 3764 2577 com-

2106 2613 2406 2685 pluribus.
2427 2614 2540 2671 Sed
2572 2621 2631 2670 et
2660 2621 2930 2670 mortuus
2955 2615 3174 2671 feretro
3208 2613 3496 2670 sublatus.
3519 2617 3763 2684 repente

2106 2718 2448 2777 resurgens,
2481 2703 2777 2768 clamavit,
2813 2703 3141 2772 afﬁrmans,
3178 2708 3386 2759 orante
3431 2701 3667 2758 Juliauo
3699 2717 3762 2757 se

2108 2793 2413 2850 revixisse.
2450 2795 2672 2850 Rursus
2704 2795 2904 2866 itaque
2947 2795 3118 2850 multi
3151 2794 3213 2848 in
3245 2792 3545 2848 Christum
3578 2790 3762 2848 credi-

2108 2881 2268 2938 dere.
2303 2884 2493 2947 Quare
2525 2882 2869 2956 indignatus
2883 2901 3105 2956 praises
3127 2881 3542 2954 jussitJuliani
3563 2886 3761 2953 caput,

2109 2972 2388 3027 similiter
2408 2978 2467 3027 et
2495 2973 2826 3040 Celtii,cute
2859 2973 3234 3028 nudariﬂaec
3264 2971 3762 3042 intuitapraesidis

2107 3077 2277 3122 uxor,
2313 3061 2585 3128 credidit,
2613 3069 2672 3118 et
2704 3079 2824 3118 una
2849 3079 2984 3119 cum
3017 3062 3164 3132 ﬁlio,
3199 3068 3257 3117 et
3310 3061 3550 3133 reliqui,
3584 3067 3764 3132 atque

2108 3157 2315 3208 sancto
2346 3151 2579 3209 Iuliano
2612 3151 2906 3210 decollata
2936 3159 3044 3210 est.

2037 3324 2082 3397 ο
2670 3334 2912 3392 EODEM
2952 3333 3202 3390 MENSE.

2607 3434 2710 3491 Die
2740 3433 2972 3491 decima
3001 3431 3263 3490 secunda

2178 3523 2466 3581 Certamen
2495 3525 2677 3580 sancti
2707 3527 2890 3579 Patris
2944 3525 3124 3579 nostri
3177 3521 3397 3579 Eusebii
3439 3519 3688 3592 episcopi

2767 3598 3085 3652 Samosata.

2175 3703 2468 3760 Eusebius
2502 3703 2717 3760 Christi
2760 3709 3182 3775 sacromartyr,
3215 3703 3574 3774 imperatore
3605 3703 3758 3755 Con-

2104 3794 2342 3862 stantio,
2379 3795 2693 3868 episcopus
2721 3794 3040 3850 Samosatce
3071 3793 3202 3859 fuit,
3238 3790 3580 3848 orthodoxa:
3614 3789 3755 3846 ﬁdei

2103 3889 2302 3940 custos
2334 3885 2680 3940 acerrimus.
2716 3885 2861 3940 Cum
2894 3891 3094 3940 autem
3122 3883 3449 3955 imperator
3472 3881 3593 3936 Arii
3627 3895 3760 3936 sen-

2102 3975 2349 4030 tentiam
2412 3980 2662 4038 teneret,
2720 3981 2778 4029 et
2819 3973 3144 4045 aliquando
3205 3973 3368 4028 illius
3417 3987 3660 4027 manum
3691 3986 3754 4025 se

2099 4065 2488 4136 prmcisurum
2521 4064 2920 4128 minitaretur,
2954 4063 3070 4118 nisi
3109 4063 3414 4120 decretum
3470 4077 3504 4117 a
3535 4075 3751 4133 magno

2099 4153 2331 4210 Meletio
2375 4154 2661 4226 scriptum
2721 4153 3081 4225 produceret
3126 4169 3192 4208 ac
3251 4151 3531 4218 traderet,
3563 4151 3753 4205 fertur

2097 4243 2302 4301 ambas
2327 4260 2541 4300 manus
2575 4244 2926 4316 porrexisse,
2956 4242 3134 4298 malle
3171 4258 3232 4297 se
3291 4242 3496 4297 dicens
3543 4238 3750 4296 ambas

2095 4350 2309 4390 manus
2341 4334 2449 4389 sibi
2480 4332 2939 4406 praecidi.quam
2968 4332 3272 4387 decretum
3305 4330 3574 4402 prodere.
3611 4329 3753 4383 Post

2094 4425 2424 4480 Constantii
2482 4423 2821 4494 Julianique
2867 4421 3096 4477 obitum
3153 4436 3188 4477 a
3239 4420 3482 4475 Valente
3541 4417 3751 4472 itidem

2091 4515 2364 4570 Arianoe
2396 4518 2503 4570 sua
2562 4512 2703 4568 sede
2759 4510 3049 4583 dejectus,
3110 4510 3184 4565 ad
3230 4511 3444 4565 Istrum
3503 4506 3750 4562 ﬂuvium

2093 4604 2400 4660 exsulavit.
2437 4604 2664 4658 Mortuo
2712 4607 2914 4658 autem
2947 4601 3191 4656 Valente
3223 4599 3297 4655 ad
3334 4613 3503 4654 suam
3555 4597 3750 4653 eccle-

301 4694 412 4750 τὸν
446 4694 661 4768 Ἵστρον
703 4691 973 4765 ποταμόν.
1036 4691 1133 4747 Καὶ
1199 4691 1334 4764 μετά
1385 4691 1612 4746 θάνατον
1671 4689 1978 4753 Οὐάλεντος

2108 4692 2242 4748 siam
2273 4690 2646 4764 postliminio
2678 4695 3309 4762 reversus.martyrum
3341 4688 3522 4744 ﬁnem
3546 4702 3750 4743 conse-

305 4777 670 4859 ὑποστρέψας
718 4781 794 4844 εἷς
843 4782 942 4851 τήν
1031 4781 1196 4837 αὐτοῦ
1255 4779 1575 4852 ἐκκλησίαν,
1640 4788 1980 4856 μαρτυρικῆς

304 4871 490 4950 ἔτυχε
533 4873 894 4934 τελειώσεως.
959 4873 1098 4940 Γυνὴ
1155 4870 1256 4948 γὰρ
1325 4872 1579 4945 Ἀρειανὴ
1641 4870 1842 4947 ῥίψασα
1896 4872 1980 4926 κὲ-

305 4985 499 5041 ραμον
534 4961 641 5018 ἀπὸ
669 4965 766 5017 τοῦ
798 4961 1019 5036 στέγους
1069 4961 1206 5016 κατᾶ
1255 4966 1356 5030 τῆς
1413 4959 1658 5034 κεφαλῆς
1688 4959 1873 5029 αὐτοῦ,
1919 4960 1973 5015 ἐν

302 5058 398 5118 τῷ
431 5051 771 5128 διέρχεσθαι,
816 5046 1048 5123 ἔπληξεν
1092 5049 1271 5119 αὐτὸν,
1302 5050 1392 5106 καὶ
1455 5050 1649 5123 μικρὸν
1723 5049 1975 5124 ἐμπνέων

299 5142 659 5218 παρήγγειλε
713 5145 836 5204 τοῖς
898 5142 1014 5214 μετ’
1069 5140 1258 5210 αὐτοῦ,
1318 5137 1488 5213 μηδὲν
1568 5137 1824 5210 ἀδικῆσαι
1872 5142 1972 5211 τὴν

295 5238 565 5314 γυναῖκα’
597 5231 688 5287 καὶ
725 5231 899 5292 οὕτως
932 5229 1253 5301 ἐτελειώθη.

877 5332 1060 5389 ΜΗΝΙ
1098 5336 1182 5386 ΤΩ
1223 5334 1415 5389 ΑΥΤΩ.

1099 5432 1192 5490 Kl'

375 5527 655 5599 Ἀθλησις
710 5528 820 5580 τῶν
874 5521 1040 5599 ἁγίων
1119 5522 1408 5598 μαρτύρων
1494 5525 1751 5593 Ζήνωνος
1809 5520 1899 5578 ml

1052 5599 1218 5667 Ζηνᾶ.

384 5716 598 5784 Ζήνων,
659 5708 754 5767 καὶ
833 5712 1030 5780 Ζηνᾶς,
1088 5707 1146 5763 οῖ
1202 5711 1301 5764 τοῦ
1359 5707 1599 5784 Χριστοῦ
1682 5709 1970 5783 μάρτυρες,

314 5806 574 5882 ὑπῆρχον
602 5801 662 5859 ἐκ
688 5807 790 5877 τῆς
852 5797 1072 5869 πόλβως
1105 5795 1482 5879 Φιλαδελφίας
1531 5804 1633 5868 τῆς
1685 5791 1968 5875 Ἀραϐίας

2089 4788 2263 4837 cutus
2302 4787 2411 4838 est.
2444 4781 2690 4837 Femina
2720 4797 2983 4852 namque
3030 4780 3242 4837 Ariana
3289 4784 3500 4835 testam
3529 4794 3558 4834 e
3591 4781 3746 4834 tecto

2089 4871 2267 4944 capiti
2289 4871 2704 4946 prwtereuntis
2752 4870 3033 4942 impegit:
3067 4870 3162 4924 cui
3190 4869 3419 4926 vulneri
3455 4868 3749 4940 tantisper

2089 4969 2417 5036 superstes,
2459 4967 2775 5034 postquam
2809 4960 2931 5015 suis
2963 4961 3369 5033 praseepisset,
3403 4975 3478 5014 ne
3509 4958 3747 5014 feminae

2086 5053 2274 5110 ullam
2301 5067 2540 5126 pcenam
2571 5050 2882 5114 inferrent,
2918 5050 3102 5105 ﬁnem
3133 5049 3364 5106 vivendi
3405 5049 3565 5106 fecit.

2642 5331 2884 5388 EODEM
2925 5330 3177 5387 MENSE.

2613 5427 2716 5484 Die
2765 5428 2998 5485 decima
3042 5427 3215 5484 tertia

2085 5523 2242 5578 140
2304 5521 2590 5577 Certamen
2637 5525 2954 5647 sanctowz‘um
3009 5524 3320 5586 martyrum
3405 5513 3634 5571 Zenonis
3689 5518 3740 5567 et

2865 5607 2981 5646 cna

2865 5607 2981 5646 εηω

2155 5712 2332 5780 Zeno,
2365 5716 2425 5768 et
2458 5711 2666 5772 Zenas,
2700 5714 2992 5780 martyres
3035 5705 3280 5775 Christi,
3308 5709 3480 5762 erant
3508 5719 3576 5761 ex
3597 5701 3743 5759 urbe

2057 5855 2072 5878 ,_
2083 5801 2498 5875 Philadelphia
2510 5798 2754 5877 Arabiae“
2766 5815 2780 5869 ;
2794 5797 2947 5856 Zeno
2961 5797 3204 5871 quidem
3219 5795 3447 5854 ordinis
3460 5795 3738 5854 militaris
