4108 6470
353 416 467 479 507

1672 407 2104 473 MENOLOGII
2145 411 2354 474 PARS
2400 411 2508 474 Ill.

3660 414 3783 476 508

358 554 547 609 Zenas
578 567 712 607 vero
745 551 874 623 ejus
913 565 1135 605 servus.
1196 551 1349 606 Zeno
1408 554 1608 606 autem
1655 548 2009 621 martyrium

2153 544 2190 603 Ο
2248 546 2343 618 μὶν
2397 547 2584 617 Ζήνων
2646 548 2986 623 στρατιώτης
3038 543 3139 617 ὥν,
3194 547 3224 602 6
3283 543 3343 603 δὲ
3386 550 3557 617 Ζηνᾶς
3590 543 3794 611 δοῦλος

358 660 467 716 pro
528 643 762 698 Christo
821 642 1203 696 vehementer
1267 641 1635 697 desiderans.
1698 647 2013 711 postquam

358 749 566 788 omnes
595 732 908 787 facultates
942 749 1080 787 suas
1119 733 1180 786 in
1204 748 1497 803 pauperes
1523 729 2019 794 distribuisset,et

360 840 557 879 servos
590 840 725 877 suos
758 821 1033 877 libertate
1059 820 1343 877 donasset
1371 837 1504 877 cum
1528 820 1654 875 solo
1682 820 1837 877 Zena
1868 833 2020 889 pra:-

360 913 545 968 sidem
580 912 896 967 Maximum
929 912 1078 967 adiit
1111 930 1124 978 ;
1158 927 1415 982 cumque
1446 926 1648 966 coram
1684 909 1787 963 illo
1819 907 2019 963 stetis-

363 1006 472 1061 set.
505 1001 798 1055 Christum
828 1002 1145 1069 confessus
1182 1003 1587 1056 est.Extensus
1618 999 1818 1070 itaque
1842 1013 2021 1068 super

364 1089 935 1162 terram,ﬂagrisque
970 1107 1159 1145 caesus
1189 1090 1369 1145 allata
1400 1106 1536 1144 mox
1566 1105 1687 1149 ara.
1709 1087 2020 1142 immolare

364 1180 703 1248 cogebatur.
743 1181 956 1235 Verum
990 1179 1253 1235 calcibus
1303 1180 1466 1234 illam
1523 1178 1732 1233 evertit
1765 1219 1777 1231 .
1813 1191 2019 1247 quam-

364 1270 571 1324 obrem
607 1270 665 1324 in
699 1270 1023 1340 equuleum
1061 1267 1743 1342 suspensus,crudeliter
1763 1264 2022 1336 depecti-

364 1364 480 1415 tur.
518 1359 738 1414 Deinde
775 1360 1086 1430 conjectus
1118 1358 1178 1413 in
1212 1356 1751 1414 carcerem.ferreis
1774 1353 2023 1411 vinculis

366 1449 817 1518 constringitur.
850 1448 1151 1503 Accedens
1197 1456 1399 1504 autem
1449 1453 1507 1503 et
1536 1448 1739 1509 Zenas,
1790 1443 2026 1500 vincula

370 1539 499 1608 ejus
530 1537 1183 1603 deosculabatur.Quod
1217 1545 1280 1593 ut
1313 1537 1549 1593 rescivit
1579 1533 2029 1609 praeses,jussit

369 1627 567 1699 ipsum
596 1644 717 1682 una
730 1627 1179 1683 vinciri.Postea
1200 1626 1411 1684 ambos
1442 1643 1473 1683 e
1496 1641 1733 1683 carcere
1756 1623 2025 1687 eductos,

371 1717 676 1773 mandavit
699 1718 891 1789 capite
923 1717 1126 1790 plecti.

2127 632 2313 690 αὐτοῦ.
2383 636 2479 693 Καὶ
2541 638 2570 691 6
2628 640 2815 706 Ζήνων
2876 637 3162 710 ἐπιθυμῶν
3216 641 3314 693 τοῦ
3398 635 3490 692 διὰ
3544 639 3792 711 Χριστὸν

2131 728 2457 799 μαρτυρίου,
2502 730 2673 782 πᾶσαν
2729 727 2896 783 αὐτοῦ
2951 729 3052 797 τήν
3114 726 3428 802 περιουσίαν
3491 727 3797 800 σκορπίσας

2130 813 2205 876 εἷς
2233 815 2361 878 τοὺς
2420 817 2707 893 πτωχοὺς,
2768 817 2858 873 καὶ
2911 816 3039 880 τοὺς
3099 814 3335 879 δούλους
3395 815 3793 891 ἐλευθερώσας,

2134 905 2270 977 μετὰ
2299 907 2396 960 τοῦ
2426 910 2573 975 Ζηνᾶ
2606 906 2778 979 μόνου
2834 908 3159 984 παρεγένετο
3207 908 3345 981 πρὸς
3398 908 3492 962 τὸν
3544 906 3801 983 ἡγεμόνα

2130 995 2411 1067 Μάξιμον,
2476 996 2568 1051 καὶ
2628 996 2779 1068 αὐτῷ
2857 996 3213 1070 ἓμφανισθεῖς
3287 994 3627 1071 ὡμολόγησε
3697 995 3798 1051 τὸν

2133 1081 2387 1157 Χριστόν⁸
2418 1086 2506 1139 καὶ
2535 1083 2815 1149 ἁπλωθεῖς
2856 1086 2945 1142 ἐπὶ
2974 1088 3076 1155 τήν
3116 1088 3241 1162 γῆν,
3302 1085 3583 1145 ἐτύπτετο.
3617 1091 3805 1159 Προσ-

2134 1175 2446 1249 ενεχθὲντος
2502 1171 2561 1230 δὲ
2649 1177 2845 1249 βωμοῦ
2904 1176 3242 1252 ἠναγκάζετο
3298 1175 3547 1240 ἐπιθῦσαι
3621 1176 3804 1247 αὐτῷ·

2134 1261 2197 1317 ’(1
2248 1260 2307 1318 δὲ
2368 1262 2629 1327 λακτίσας
2687 1265 2850 1321 αὐτὸν
2896 1266 3175 1340 ἀνέτρεψε.
3231 1266 3328 1321 Διὰ
3381 1268 3542 1321 τοῦτο
3590 1284 3809 1340 κρεμα-

2136 1353 2281 1414 σθεὶς
2336 1354 2510 1426 sim:
2571 1352 2826 1432 ἀφειδῶς·
2886 1356 2975 1411 καὶ
3039 1356 3174 1429 μετὰ
3254 1355 3423 1411 ταῦτα
3484 1354 3681 1432 ἒρῥίφη
3744 1354 3807 1409 ἐν

2136 1440 2632 1518 φυλακῇ,δεσμοῖς
2663 1441 2836 1508 δεθεῖς
2869 1441 3147 1520 σιδηροῖς,
3210 1442 3446 1509 Εἶσῆλθε
3505 1439 3563 1498 δὲ
3621 1441 3713 1497 καὶ
3774 1444 3822 1498 ὁ·

2137 1536 2335 1601 Ζηνᾶς,
2367 1533 2458 1588 καὶ
2511 1534 2794 1610 κατεφίλει
2850 1534 3017 1589 αὐτοῦ
3072 1534 3138 1590 τὰ
3192 1531 3385 1606 δεσμά.
3451 1532 3547 1588 Καὶ
3610 1531 3810 1605 μαθὼν

2137 1626 2299 1678 τοῦτο
2352 1624 2380 1678 6
2438 1624 2688 1697 ⁴ἡγεμὼν,
2746 1623 3000 1680 ἐκέλευσε
3075 1625 3164 1679 καὶ
3226 1623 3388 1679 αὐτὸν
3481 1620 3814 1690 συνδεθῆναι

2138 1708 2310 1784 αὒτῷ.
2366 1713 2499 1769 Εἶτα
2567 1714 2666 1783 τῆς
2755 1711 3008 1789 φυλακῆς
3090 1713 3441 1793 ἀμφοτέρους
3523 1708 3813 1787 ἐκϐαλὼν,

2140 1802 2557 1882 ἀπεκεφάλισεν.

372 1915 440 1972 Et
468 1921 743 1973 certamen
772 1917 949 1973 sancti
978 1916 1243 1988 martyris
1267 1914 1561 1974 An‘stoch‘s
1619 1921 1673 1971 et
1726 1916 2018 1971 sociorum.

2153 1930 2230 1987 iui
2264 1929 2498 2004 ἄθλησις
2552 1934 2650 1988 τοῦ
2704 1929 2859 2020 ἂγίευ
2894 1931 3169 2026 μιάρτυροης
3224 1926 3651 2008 Ἀριστοκλέους
3701 1929 3804 1988 καὶ

447 2111 696 2171 Sanctus
719 2113 1042 2171 Aristocles
1075 2119 1199 2172 erat
1233 2130 1302 2171 ex
1337 2114 1548 2187 Cypro,
1609 2111 1713 2169 Dei
1763 2110 2030 2168 ecclesia:

374 2202 702 2275 presbyter.
738 2205 1076 2277 Imperante
1108 2209 1307 2259 autem
1350 2202 1707 2258 Maximiano
1730 2217 1864 2256 cum
1896 2216 2031 2272 per-

378 2294 748 2349 secutionem
771 2295 1097 2351 timeret.in
1122 2299 1386 2348 montem
1420 2292 1738 2365 quemdam
1787 2307 1850 2345 se
1894 2305 2034 2345 con-

379 2382 537 2448 tulit,
572 2391 631 2438 et
659 2384 719 2439 in
747 2384 1095 2457 speluncam
1130 2401 1192 2440 se
1213 2382 1482 2439 abdidit:
1510 2381 1611 2438 ubi
1644 2398 1778 2438 cum
1817 2386 2033 2446 oraret,

378 2459 838 2529 audivitvocem
897 2491 927 2529 e
975 2475 1122 2531 coelo
1172 2473 1284 2529 sibi
1343 2473 1810 2545 praecipientem,
1856 2476 1923 2527 ut
1973 2470 2036 2525 in

380 2562 762 2636 metropolim
794 2563 986 2619 abiret
1014 2570 1075 2619 et
1099 2563 1223 2618 illic
1255 2571 1558 2618 certamen
1593 2561 1859 2635 martyrii
1884 2559 2037 2615 subi-

375 2658 481 2706 ret.
522 2652 667 2706 Cum
720 2652 924 2723 itaque
956 2653 1027 2707 ad
1060 2658 1218 2708 mdes
1250 2654 1439 2708 sancti
1475 2652 1726 2725 apostoli
1759 2650 2043 2707 Barnabm

378 2739 776 2812 pervenisset,
811 2742 1135 2813 assumpsit
1164 2741 1609 2797 Demetrianum
1644 2741 2052 2796 diaconum.et

382 2827 775 2883 Athanasium
812 2828 1092 2883 lectorem
1107 2829 1280 2900 ,apud
1302 2846 1452 2899 quos
1468 2835 1749 2901 exceptus
1762 2826 2042 2900 hospitio,

382 2917 785 2973 narravitillis
818 2934 949 2988 quae
985 2918 1096 2973 sibi
1120 2918 1181 2973 in
1212 2918 1437 2974 visione
1471 2916 2038 2992 contigerant.Acci-

385 3003 558 3074 piens
591 3019 726 3076 ergo
757 3003 920 3075 ipsos
954 3004 1189 3060 itineris
1220 3005 1721 3073 comites,abiitin
1744 3012 2040 3076 metropo-

380 3090 489 3146 lim
514 3092 588 3146 ad
620 3092 991 3162 praesidem:
1041 3100 1099 3149 et
1156 3095 1455 3150 Christum
1517 3094 1844 3162 confessus,
1909 3109 2042 3149 cum

384 3182 563 3236 sociis
589 3182 714 3236 suis
748 3199 808 3236 in
845 3199 1143 3238 carcerem
1180 3184 1533 3240 detruditur.
1572 3187 1700 3239 Mox
1750 3184 1879 3255 ipse
1911 3182 2046 3254 qui-

381 3271 518 3326 dem
551 3272 741 3342 capite
763 3272 1078 3343 plectitur:
1106 3275 1518 3330 Demetrianus
1545 3291 1679 3330 vero
1707 3275 2040 3330 etAthana—

385 3361 507 3416 sius
536 3361 654 3434 igni
684 3362 906 3425 traditi.
960 3380 1094 3418 cum
1148 3365 1288 3420 inde
1346 3365 1520 3421 illaesi
1583 3365 1887 3432 exiissent,
1923 3364 2036 3438 ipsi

385 3466 623 3527 quoque
656 3452 1052 3510 decollantur.

458 3696 608 3754 Ml
642 3698 713 3755 Et
740 3704 1018 3756 certamen
1071 3701 1255 3783 sancti
1307 3698 1575 3772 martyris
1607 3699 1888 3759 Eustachii
1915 3706 1968 3759 et

1070 3786 1364 3829 sacrorum.

464 3942 682 4013 Martyr
710 3942 927 3999 Christi
959 3942 1311 4000 Eustochius
1342 3943 1674 4016 imperante
1692 3943 2046 4000 Maximiano

395 4030 629 4087 claruit.
663 4031 808 4087 Cum
838 4038 1036 4088 autem
1070 4032 1368 4089 idolorum
1392 4033 1765 4091 sacrificulus
1797 4039 2048 4095 esset,ac

397 4127 671 4177 cerneret
701 4121 946 4178 Sanctos
996 4140 1101 4195 pro
1149 4123 1381 4178 Christo
1413 4123 1766 4196 martyrium
1816 4122 1959 4194 pati,
1993 4126 2050 4177 et

398 4209 670 4266 inaudita
690 4210 990 4267 mirabilia
1011 4212 1531 4284 facere.propriam
1564 4211 2051 4284 superstitionem

400 4316 746 4374 agnoscens,
783 4307 961 4373 atque
994 4302 1068 4357 ad
1109 4303 1442 4359 Eudoxium
1476 4304 1823 4375 episcopum
1846 4301 2055 4357 Antio-

401 4390 660 4448 chenum
693 4391 1008 4453 accedens,
1040 4391 1369 4464 baptizatus
1398 4392 1549 4447 fuit:
1606 4397 1665 4448 et
1721 4390 2053 4448 sacerdotio

406 4481 592 4538 etiam
626 4481 919 4539 initiatus.
968 4481 1043 4538 ad
1090 4483 1297 4538 urbem
1332 4482 1567 4553 Lytram
1624 4481 1919 4557 perrexit:
1954 4480 2057 4536 ubi

408 4578 686 4644 nepotem
721 4589 890 4627 suum
915 4572 1468 4643 Gaianum,tresque
1492 4572 1623 4643 ejus
1643 4571 1799 4628 ﬁlios
1816 4571 2057 4644 reperit,

410 4677 559 4731 quos
592 4660 654 4715 in
684 4661 914 4717 Christo
946 4661 1279 4735 baptizavit,
1300 4663 1757 4734 universamque
1790 4661 2057 4735 ejusdem

410 4751 846 4823 cognationem.
900 4751 1140 4808 Delatus
1178 4753 1379 4824 itaque
1436 4752 1593 4826 apud
1638 4752 1952 4824 praesidem
1984 4749 2058 4808 ab

410 4837 1025 4913 idololatris,cumque
1043 4848 1165 4898 tota
1192 4842 1381 4914 ipsius
1403 4843 1754 4916 cognatione
1778 4858 2059 4914 compre-

410 4928 656 4995 hensus,
689 4931 1014 4987 saevissime
1045 4931 1458 4988 discruciatur.
1484 4934 1611 4988 Mox
1643 4935 1936 5007 Ancyram
1986 4928 2060 4987 ad

407 5020 797 5092 Agrippinum
831 5023 1234 5089 transmissus,
1267 5022 1339 5078 ab
1362 5023 1561 5079 eodem
1616 5025 1833 5079 iterum
1866 5021 2061 5078 omnis

410 5109 643 5181 generis
669 5111 1031 5167 cruciatibus
1056 5118 1294 5168 vexatus
1322 5118 1427 5168 est.
1454 5115 1830 5168 Postremum
1855 5128 2063 5167 omnes

411 5200 857 5271 promptissime
876 5208 1054 5274 caput
1078 5218 1169 5257 am
1178 5201 1511 5274 putandum
1542 5200 1833 5257 obtulere.

946 5417 1186 5475 EODEM
1227 5418 1484 5473 MENSE.

917 5507 1020 5564 Die
1052 5507 1336 5564 vicesima
1351 5511 1565 5577 quarta

667 5606 942 5664 Nativitas
972 5610 1153 5664 sancti
1176 5608 1409 5662 Joannis
1430 5604 1815 5677 praeut-saris.

493 5791 735 5866 Magnus
760 5801 821 5854 et
850 5796 1319 5871 gloriosissimus
1363 5794 1676 5874 propheta,
1709 5798 2073 5871 Pracursor,

2754 2007 2865 2060 τῶν
2894 2007 2987 2060 σὺν
3023 2007 3189 2078 αὐτῷ.

2209 2113 2269 2172 Ὁ
2314 2113 2410 2187 μὶν
2444 2113 2600 2191 ἅγιος
2635 2113 3004 2190 ’Δριστοκλῆς
3033 2113 3282 2190 ὑπῆρχεν
3314 2111 3375 2169 ἐκ
3402 2118 3504 2183 τῆς
3542 2110 3804 2188 Κύπρου,

2139 2197 2514 2278 πρεσϐύτερος
2552 2209 2654 2272 τῆς
2684 2206 2783 2259 τοῦ
2843 2207 2978 2260 Θεοῦ
3036 2202 3355 2274 ἐκκλησίας.
3414 2202 3540 2261 Ἐπὶ
3594 2198 3652 2258 δὲ
3700 2209 3813 2273 τῆς

2146 2289 2432 2368 βασιλείας
2492 2294 2861 2367 Μαξιμιανοῦ,
2918 2293 3012 2350 τὸν
3095 2290 3340 2368 διωγμὸν
3427 2284 3810 2365 φοϐούμενος,

2144 2380 2389 2448 ἀνελθὼν
2422 2382 2473 2438 ἐν
2507 2379 2620 2459 ὄρει
2651 2383 3107 2456 τινὶ,ἐκρύπτετο
3164 2381 3215 2438 ἐν
3269 2386 3351 2454 τῷ
3401 2379 3686 2452 σπηλαίῳ,
3745 2378 3807 2436 ἐν

2143 2471 2190 2546 ᾧ
2223 2473 2670 2547 προσευχόμενος
2700 2474 2903 2544 ἢκουσε
2933 2477 3121 2551 φωνῆς
3274 2471 3509 2543 οὐρανοῦ
3537 2468 3811 2526 κελευοῦ-

2146 2584 2247 2633 σης
2285 2562 2446 2618 αὐτὸν
2478 2561 2733 2628 ἀπελθεῖν
2783 2562 2858 2626 είς
2918 2564 3019 2632 τήν
3082 2557 3454 2637 μιτρόπολιν,
3503 2560 3661 2616 κάκεῖ
3718 2556 3807 2615 δι-

2144 2655 2511 2728 αγωνίσασθαι
2541 2655 2602 2709 τὸ
2637 2652 2966 2730 μαρτύριον.
3011 2651 3107 2709 Καὶ
3139 2652 3341 2731 φθάσας
3394 2649 3470 2716 εἷς
3501 2653 3594 2707 τὸν
3648 2649 3805 2707 οἶκον

2144 2747 2241 2799 τοῦ
2273 2743 2429 2821 ἁγίου
2482 2743 2794 2800 ἀποστόλου
2844 2738 3123 2821 Βαρνάϐα.
3171 2739 3439 2800 κατέλαϐε
3495 2744 3587 2799 τὸν
3624 2739 3814 2799 διάκο-

2145 2855 2237 2890 νον
2288 2835 2701 2908 Δημητριανὸν,
2758 2833 2849 2890 καὶ
2903 2836 2995 2891 τὸν
3054 2834 3399 2909 ἀναγνώστην
3464 2835 3810 2902 Ἀθανάσιον,

2145 2924 2236 2979 καὶ
2268 2926 2396 3000 παρ’
2453 2924 2629 2979 αὐτῶν
2683 2924 2964 2996 ξενισθεὶς,
3019 2921 3322 3001 διηγήσατο
3380 2924 3567 2987 αὐτοῖς
3628 2923 3813 2980 πάντα

2145 3015 2213 3070 τὰ
2240 3020 2341 3083 τῆς
2374 3013 2651 3077 ὀπτασίας.
2688 3015 2787 3070 Καὶ
2823 3009 3011 3070 λαϐὼν
3065 3015 3157 3070 καὶ
3217 3013 3412 3076 αὐτοὺς
3465 3010 3804 3069 συνοδοιπό-

2149 3124 2297 3179 ρους,
2325 3103 2568 3173 ἀπῆλθεν
2603 3102 2681 3167 εἷς
2711 3105 2812 3174 τὴν
2849 3102 3197 3178 μητρόπολιν
3232 3104 3370 3180 πρὸς
3406 3104 3499 3161 τὸν
3529 3103 3802 3179 ἡγεμόνα.

2149 3194 2247 3248 Καὶ
2276 3195 2367 3249 τὸν
2425 3195 2658 3265 Χριστὸν
2718 3193 3076 3271 ὁμολογήσας
3131 3193 3459 3266 ἄπεκλείσθη
3521 3193 3651 3267 μετᾶ
3691 3200 3798 3261 τῆς

2154 3281 2399 3347 συνοδίας
2430 3284 2600 3340 uti-:03
2630 3283 2682 3340 ἐν
2710 3288 2779 3359 τῇ
2830 3283 3068 3363 φυλακῇ.
3122 3284 3220 3340 Καὶ
3273 3286 3409 3357 μετᾶ
3432 3283 3595 3339 ταυτα
3626 3280 3792 3343 αὐτὸς

2154 3377 2249 3449 μὶν
2300 3374 2729 3454 ἀπεκεφαλίσθη’
2790 3376 2819 3431 6
2877 3372 2936 3430 δὲ
2989 3377 3377 3451 Δημητριανὸς
3433 3373 3520 3429 καὶ
3567 3372 3801 3430 Ἀθανά-

2147 3487 2263 3529 σιος
2295 3466 2426 3543 πυρῖ
2453 3464 2846 3542 παρεδόθησαν.
2885 3464 2990 3522 Καὶ
3047 3460 3313 3531 ἀϐλαϐεῖς
3363 3462 3667 3537 ἰξελθόντες
3693 3466 3801 3521 τοῦ

2147 3557 2344 3634 πυρὸς,
2377 3554 2886 3637 ἀπεκεφαλίσθησαν
2919 3556 3010 3612 καὶ
3041 3555 3221 3615 αὐτοί.

2151 3701 2254 3761 Καὶ
2282 3700 2515 3776 ἄθλησις
2544 3705 2643 3759 τοῦ
2682 3700 2838 3779 ἁγίου
2858 3703 3149 3795 ⁸μείραευρφος
3202 3699 3514 3777 Εὖστοχίου
3571 3698 3662 3756 καὶ
3694 3700 3805 3757 τῶν

2823 3794 2917 3831 συν
2964 3794 3132 3847 αυτῳ.

2226 3944 2529 4008 Εὖστόχιος
2560 3945 2589 3999 6
2616 3948 2716 4000 τοῦ
2746 3947 2982 4017 Χριστοῦ
3016 3943 3242 4018 μάρτυς.
3283 3940 3504 4017 ὑπῆρχε
3565 3939 3661 4015 μὶν
3722 3938 3815 3997 ἐπὶ

2155 4041 2256 4104 τῆς
2289 4033 2569 4109 βασιλείας
2599 4034 2963 4107 Μαξιμιανοῦ.
3018 4031 3214 4107 Ἱερεὺς
3275 4029 3334 4088 δὶ
3386 4031 3463 4102 ἦν
3506 4034 3615 4087 τῶν
3648 4028 3816 4086 εἰδώ-

2159 4124 2290 4182 λων.
2326 4123 2429 4181 Καὶ
2459 4126 2678 4198 Θεωρῶν
2735 4123 2864 4187 τοὺς
2927 4123 3111 4197 ἁγίους
3145 4122 3279 4196 ὑπὲρ
3336 4122 3572 4198 Χριστοῦ
3607 4140 3820 4196 μαρτυ-

2160 4217 2409 4291 ροῦντας,
2466 4214 2556 4269 καὶ
2614 4215 2683 4269 τὰ
2757 4210 3037 4287 παράδοξα
3122 4213 3373 4286 θαύματα
3437 4208 3823 4281 ἐκτελοῦντας,

2159 4303 2404 4380 κατέγνω
2459 4310 2560 4374 τῆς
2619 4301 2824 4368 οἰκείας
2907 4301 3220 4375 θρησκείας.
3309 4302 3414 4358 Καὶ
3497 4298 3827 4377 προσελθὼν

2164 4391 2407 4467 Εὐδοξίῳ
2462 4397 2541 4467 τῷ
2596 4391 2881 4465 επισκόπῳ
2931 4391 3299 4468 Ἀντιοχείας,
3355 4385 3672 4456 ἐϐαπτίσθη.
3719 4389 3824 4446 Καὶ

2161 4491 2262 4553 τῆς
2344 4488 2443 4539 τοῦ
2527 4477 2917 4561 πρεσϐυτερίου
3000 4481 3347 4558 χειροτονίας
3445 4481 3825 4555 καταξιωθείς,

2166 4574 2334 4644 ἦλθεν
2367 4573 2444 4636 είς
2471 4574 2634 4630 πόλιν
2664 4572 2968 4649 λεγομένην
2997 4572 3230 4648 Λύτραν.
3294 4572 3388 4627 Καὶ
3447 4571 3541 4627 τὸν
3597 4571 3825 4645 ἀνεψιὸν

2090 4665 2332 4754 θαύτοῦ
2388 4665 2638 4735 Γαΐανὸν,
2691 4664 2781 4720 καὶ
2867 4663 2935 4718 τὰ
2963 4664 3090 4735 τρία
3162 4661 3329 4718 αὐτοῦ
3402 4663 3565 4717 τὲκνα
3622 4661 3827 4735 εὑρὼν,

2168 4754 2449 4812 ἐϐάπτισεν
2483 4754 2679 4818 αὐτοὺς
2708 4753 2786 4816 εἷς
2818 4754 3068 4827 Χριστὸν,
3098 4751 3310 4826 ὁμοίως
3352 4752 3439 4807 καὶ
3491 4757 3663 4807 πᾶσαν
3724 4753 3832 4821 τήν

2168 4848 2474 4922 συγγένειαν
2560 4842 2746 4901 αὐτοῦ.
2804 4842 3213 4916 Καταμηνυϐεὶς
3270 4838 3362 4895 οὖν
3449 4844 3528 4913 τῷ
3584 4841 3831 4916 ἡγεμόνι

2169 4936 2316 5009 παρὰ
2344 4939 2451 4990 τῶν
2485 4929 2937 5004 εἷὸωλολατρῶν,
2987 4933 3075 4986 καὶ
3126 4929 3419 5002 κρατηθεὶς
3482 4928 3616 5001 μετᾶ
3647 4930 3835 5000 πάσης

2171 5026 2340 5081 αὐτοῦ
2395 5030 2497 5093 τῆς
2556 5022 2892 5100 συγγενείας,
2946 5021 3269 5095 ἐτιμωρήθη
3358 5018 3635 5095 σφοδρῶς.
3697 5018 3838 5073 Εἶτα

2175 5114 2581 5193 μεταπεμφθεὶς
2616 5114 2693 5179 εἷς
2721 5115 2999 5190 ’Ἄγκυραν
3056 5111 3193 5186 πρὸς
3241 5111 3626 5186 Ἃγριππῖνον,
3660 5107 3835 5165 πάλιν

2172 5205 2497 5281 ἐτιμωρήθη
2530 5210 2803 5280 παγγενῆ.
2836 5202 2940 5260 Καὶ
2964 5200 3123 5264 τέλος
3156 5197 3385 5263 ἅπαντες
3445 5202 3541 5262 τὰς
3584 5196 3840 5278 κεφαλὰς

2172 5294 2473 5372 προθύμως
2504 5294 2793 5368 ἀπετμήθη
2803 5314 2895 5348 σαν
2907 5336 2920 5350 .

2722 5420 2908 5479 MHNI
2943 5419 3034 5474 T0
3084 5420 3280 5473 ΑΥΤΩ.

2940 5507 3065 5563 ΚΔ’.

2289 5602 2361 5657 Τὸ
2401 5599 2689 5668 Γενέθλιον
2719 5597 2815 5656 τοῦ
2846 5598 3002 5674 ἁγίου
3033 5596 3291 5653 Ἰωάννου
3349 5598 3447 5651 τοῦ
3479 5590 3735 5672 Προδρό-

2936 5691 3068 5744 μου.

2255 5794 2516 5869 Ἰωάννης
2551 5793 2581 5851 6
2640 5792 2809 5872 μέγας
2863 5791 2956 5849 καὶ
3013 5784 3229 5862 ἔνδοξος
3285 5788 3611 5869 Προφήτης,
3696 5786 3845 5868 Ηρό-
