4108 6424
377 397 490 455 511

933 525 1172 583 EODEM
1222 524 1474 582 MENSE.

895 627 998 682 Die
1031 627 1310 682 vicesima
1351 631 1516 681 sexta

379 717 535 772 148
588 717 1048 772 Commemoratio
1107 719 1283 772 sancti
1339 717 1521 770 Patris
1575 714 1752 769 nostri
1797 706 2031 767 Joannis

896 789 1139 859 episcopi
1169 788 1520 845 Gotthorum.

451 903 700 958 Sanctus
755 905 928 958 Pater
988 909 1192 959 noster
1235 903 1517 964 Joannes,
1567 901 1722 956 sicut
1779 913 2029 971 magnus

377 993 666 1064 propheta
697 993 1000 1054 Jeremias.
1037 992 1108 1046 ab
1151 991 1404 1046 infantia
1450 988 1876 1054 sanctificatus,
1927 1002 2027 1059 pa-

370 1082 639 1136 rentibus
671 1082 785 1152 piis
816 1099 883 1137 ac
916 1081 1276 1136 fidelibusex
1301 1080 1698 1152 promissione
1721 1084 1895 1133 natus
1917 1081 2027 1145 est,

374 1171 671 1240 simulque
705 1171 776 1226 ab
809 1170 1022 1225 iisdem
1054 1171 1286 1226 oblatus
1323 1170 1435 1224 fuit
1468 1170 1583 1224 Deo
1615 1168 1862 1224 donum.
1885 1182 2025 1220 con-

374 1266 758 1332 secratusque
813 1261 1080 1316 ecclesias
1114 1261 1488 1332 episcopatus
1520 1259 1792 1324 Gotthiaa,
1837 1256 2029 1312 Leone

374 1353 577 1407 Isauro
612 1353 994 1424 imperatore.
1018 1353 1160 1406 Cum
1195 1357 1392 1406 autem
1421 1350 1493 1405 ad
1527 1363 1871 1404 mensuram
1905 1353 2028 1401 tum

376 1442 857 1513 spiritualis.tum
891 1441 1216 1513 corporalis
1239 1441 1428 1496 mtatis
1460 1439 2030 1510 pervenisset,opor-

377 1537 648 1603 tet-etque
681 1547 816 1587 eum
851 1529 924 1586 ad
956 1531 1337 1602 pontiﬁcatus
1371 1530 1648 1584 thronum
1680 1525 2024 1594 ascendere,

374 1622 598 1693 proprii
625 1621 828 1692 populi
861 1621 1155 1687 suffragiis
1188 1619 1411 1675 electus
1442 1620 1503 1673 in
1546 1618 1797 1672 lberiam
1845 1615 2026 1671 mitti-

373 1717 490 1773 tur.
526 1720 703 1783 atque
733 1730 766 1768 a
795 1713 1075 1784 pontifice
1115 1712 1277 1767 illius
1301 1711 1557 1784 regionis
1590 1708 1923 1774 ordinatur,
1957 1722 2024 1761 eo

379 1800 540 1871 quod
595 1800 1172 1872 Constantinopolim
1217 1797 1748 1855 Iconomachorum
1781 1795 2026 1852 heresis

1635 459 1638 462 ,
1699 384 2141 452 MENOLOGll
2184 383 2384 446 PARS
2429 382 2535 445 III.

2061 520 2116 588 Α
2709 515 2891 572 mm
2921 519 3004 570 ra
3039 515 3242 572 Ar'ra.

2939 613 3029 670 Κν⁸

2989 654 3016 682 ὃ

2143 704 2357 778 Μνήμῃ
2389 706 2488 760 τοῦ
2520 701 2676 758 όσίου
2719 703 2930 830 Πατείξας
2957 705 3152 828 θὴμῶν
3214 701 3470 759 Ἰωάννου
3501 701 3806 760 ἐπισκόπου

2893 795 2952 830 οτ
2991 797 3086 830 ων.

2211 893 2472 965 Ἰωάννης
2533 896 2561 950 6
2622 893 2675 950 ἐν
2734 894 2908 970 ἁγίοις
2962 897 3149 970 Πατὴρ
3209 896 3503 969 ἡμῶν,ὼς
3538 896 3566 951 6
3630 919 3807 972 μέγας

2138 986 2430 1060 προφήτης
2479 984 2769 1057 Ἱερεμίας,
2822 984 2880 1040 ἐκ
2933 983 3166 1060 βρέφους
3225 987 3501 1060 ἀγιασθεῖς
3532 987 3799 1063 ἐγεννήθη

2139 1072 2190 1145 ἐξ
2248 1070 2574 1149 ἐπαγγελίας
2629 1074 2776 1147 παρᾶ
2821 1078 3026 1149 γονέων
3093 1070 3343 1130 εὐλαϐὼν
3389 1076 3480 1131 καὶ
3564 1082 3797 1132 πιστῶν⁶

2135 1161 2226 1216 καὶ
2254 1161 2416 1232 ἐδόθη
2448 1163 2575 1234 παρ’
2617 1163 2793 1218 αὐτῶν
2823 1165 2936 1237 ἅμα
2990 1169 3069 1236 τῷ
3122 1167 3447 1242 γεννηθῆναι
3478 1163 3654 1240 δῶρον
3714 1171 3802 1238 τῷ

2137 1255 2276 1323 Θεῷ,
2363 1251 2686 1329 ἀφιερωθεὶς
2764 1257 2834 1326 τῇ
2913 1252 3182 1326 ἐκκλησίᾳ
3291 1261 3392 1325 τῆς
3488 1255 3802 1327 ἐπισκοπῆς

2139 1340 2363 1404 Γοτθίας
2421 1341 2508 1396 ἐπὶ
2556 1349 2658 1408 τῆς
2721 1342 2998 1418 βασιλείας
3058 1346 3289 1407 Κέοντος
3359 1349 3456 1400 τοῦ
3523 1345 3806 1420 ἰσαῦρου.

2137 1431 2284 1487 Ἐπεὶ
2320 1428 2378 1485 δὲ
2408 1430 2483 1493 εἰς
2508 1431 2701 1507 μέτρον
2733 1432 2824 1488 καὶ
2873 1440 2975 1503 τῆς
3033 1441 3408 1507 πνευματικῆς
3467 1435 3558 1490 καὶ
3610 1457 3804 1508 σωμα-

2135 1529 2293 1591 τικῆς
2321 1519 2544 1599 ἔφθασεν
2577 1522 2824 1592 ἡλικίας,
2889 1525 2981 1580 καὶ
3030 1522 3137 1580 ἔδει
3206 1525 3370 1581 αὐτὸν
3430 1523 3508 1587 εἷς
3540 1527 3632 1580 τὸν
3693 1533 3803 1596 τῆς

2137 1609 2552 1685 ἀρχιερωσὸνης
2609 1611 2800 1686 θρόνον
2856 1613 3122 1683 ἀνελθεῖν,
3179 1615 3469 1692 ψηφισθεὶς
3534 1614 3635 1669 ὑπὸ
3693 1619 3797 1671 τοῦ

2137 1698 2278 1757 ἰδίου
2311 1701 2447 1758 λαοῦ
2477 1701 2728 1778 ἐπέμφθη
2782 1702 2858 1766 είς
2921 1699 3184 1780 Ἰϐηρίαν,
3244 1704 3333 1760 καὶ
3389 1705 3791 1780 ἐχειροτονήθη

2141 1793 2248 1848 ὑπὸ
2277 1797 2374 1848 τοῦ
2406 1792 2579 1850 ἐκεῖσε
2610 1792 2766 1858 ὄντος
2797 1795 3124 1872 ἀρχιερέως,
3183 1794 3274 1852 διά
3301 1798 3362 1852 τὸ
3394 1797 3445 1851 έν
3507 1803 3798 1853 Κωνστανο

375 1889 841 1946 obtineret.lnde
876 1906 1164 1957 reversus,
1187 1905 1320 1944 cum
1344 1905 1581 1961 gregem
1605 1902 1779 1942 suum
1803 1885 2018 1957 optime

2140 1880 2455 1938 τινουπόλει
2481 1881 2785 1957 ἐπικρατεῖν
2820 1885 2920 1954 τήν
2951 1889 3059 1940 τῶν
3122 1883 3502 1957 είκονομάχων
3558 1884 3796 1960 αἳρεσιν,

376 1980 788 2053 gubernasset,
813 1981 1388 2053 Constantinopolim
1423 1985 1552 2051 post
1584 1977 1769 2034 Isauri
1800 1976 2029 2032 obitum

371 2071 575 2125 venit:
610 2071 709 2126 ubi
737 2070 809 2126 ab
865 2071 1242 2143 imperatrice
1279 2070 1441 2125 [rene
1476 2075 1778 2139 exceptus,
1812 2066 2030 2121 iterum

375 2159 448 2214 ad
483 2177 650 2216 suam
702 2161 1016 2216 ecclesiam
1067 2160 1382 2215 revertitur
1414 2177 1426 2214 :
1454 2161 1558 2214 sed
1598 2175 1631 2213 a
1664 2158 1900 2229 proprio
1935 2172 2032 2227 po-

371 2249 515 2320 pulo
571 2251 922 2322 exagitatus,
974 2250 1373 2306 Amastridem
1423 2249 1590 2321 fugit,
1642 2254 1702 2302 et
1738 2246 1821 2301 ibi
1850 2245 2028 2301 vitam

366 2337 578 2393 finivit.

937 2530 1179 2587 EODEM
1220 2527 1471 2584 MENSE.

835 2619 938 2674 Die
982 2619 1262 2674 vicesima
1311 2617 1567 2689 septima

366 2709 820 2766 Commemoratio
875 2709 1056 2764 sancti
1111 2710 1293 2763 Patris
1322 2707 1502 2762 nostri
1532 2702 1748 2774 Cyrilli,
1784 2706 2027 2776 episcOpi

1005 2780 1396 2836 Alexandrini.

442 2897 691 2953 Sanctus
715 2898 888 2954 Pater
909 2903 1114 2953 noster
1144 2893 1805 2970 Cyrillus.Alexandrim
1827 2897 2026 2960 natus,

366 2987 677 3060 Theophili
708 2988 1062 3060 patriarchae
1087 2985 1353 3059 ejusdem
1389 2985 1556 3040 urbis
1587 2983 2028 3056 nepos.perspi-

363 3079 485 3133 caci
568 3078 807 3150 ingenio
891 3077 1178 3149 praeditus
1215 3123 1227 3136 .
1285 3077 1627 3131 universam
1687 3075 2026 3130 Graecorum

366 3166 962 3237 Christianorumque
991 3166 1387 3221 litteraturam
1419 3163 1644 3230 didicit,
1671 3169 1731 3219 et
1759 3163 1833 3218 ad
1866 3177 2026 3216 sum-

2143 1971 2246 2028 Καὶ
2307 1971 2670 2050 ὑποστρέψας,
2759 1975 2850 2029 καὶ
2909 1974 3098 2038 καλῶς
3172 1976 3274 2045 τήν
3333 1975 3569 2049 ποίμνην
3629 1975 3801 2031 αὐτοῦ

2135 2061 2434 2133 ποιμάνας,
2497 2059 2823 2135 ἀπεδήμησε
2891 2063 2982 2118 καὶ
3069 2067 3138 2138 τῇ
3214 2066 3800 2122 Κωνσταντινουπόλει

2141 2151 2276 2222 μετᾶ
2325 2151 2584 2222 τελευτήν
2655 2157 2753 2207 τοῦ
2813 2153 3078 2228 Ἰσαῦρου.
3137 2153 3234 2209 Καὶ
3315 2152 3589 2226 δεξιωθεῖς
3646 2158 3799 2229 παρὰ

2135 2246 2236 2309 τῆς
2287 2241 2616 2316 βασιλίσσης
2673 2241 2932 2318 Εἰρήνης,
2991 2244 3308 2318 ὑπέστρεψε.
3372 2245 3474 2302 Καὶ
3533 2243 3802 2321 διωχθεῖς

2135 2330 2281 2405 παρᾶ
2318 2337 2414 2387 τοῦ
2473 2331 2677 2389 οίκείου
2733 2331 2896 2398 λαοῦ,
2954 2334 3046 2390 καὶ
3099 2334 3282 2414 φυγὼν
3334 2334 3386 2392 ἐν
3446 2335 3797 2412 Ἀμαστριδι,

2135 2420 2508 2498 ἐτελεύτησεν.

2698 2537 2878 2594 ΜΗΝΙ
2929 2539 3021 2594 ἸὮ
3062 2541 3235 2594 ΔΥΤΩ

2914 2628 3009 2684 KZ'

2135 2713 2346 2788 Μνήμη
2373 2718 2471 2771 τοῦ
2502 2714 2555 2772 ἐν
2586 2715 2760 2792 ἁγίοις
2818 2718 3030 2796 ῌατρξις
3060 2719 3221 2796 ᾑμῷν
3264 2717 3542 2796 Κυρίλλου
3572 2717 3798 2774 ἐπισκό-

2667 2809 2774 2844 που
2830 2787 3251 2866 Ἀλεξανδρείας

2207 2888 2484 2965 Κύριλλος
2516 2893 2544 2948 6
2577 2891 2629 2948 ἐν
2663 2892 2840 2968 ἁγίοις
2875 2895 3064 2969 Ηατήρ
3095 2896 3281 2968 ἡμῶν,
3340 2895 3406 2964 ἦν
3443 2894 3540 2968 μὶν
3597 2894 3658 2951 ἐκ
3686 2903 3790 2967 τῆς

2132 2979 2352 3042 πόλεως
2413 2979 2848 3057 Ἀλεξανδρείας,
2911 2984 3124 3058 ἀνεψιὸς
3211 2982 3269 3040 δὲ
3345 2984 3616 3062 Θεοφίλου
3670 3007 3790 3042 πα-

2131 3075 2402 3146 τριαρχου
2463 3070 2888 3148 Ἀλεξανδρείας.
2939 3074 3161 3152 Εὐφυὴς
3221 3072 3277 3130 δὲ
3332 3075 3643 3151 γενόμενος,
3697 3079 3789 3133 καῖ

2130 3164 2302 3215 πᾶσαν
2332 3163 2516 3240 γραφή
2550 3159 2779 3226 διελθὼν
2823 3162 3160 3235 Ἑλληνικὴν
3219 3165 3360 3238 ὁμοῦ
3388 3166 3475 3220 καὶ
3511 3171 3786 3240 Χριστια-

367 3268 533 3308 mum
558 3254 786 3309 virtutis
810 3255 1109 3322 fastigium
1141 3253 1427 3326 pervenit.
1462 3252 1856 3318 Quamobrem
1891 3257 2018 3324 post

2133 3252 2312 3322 νικήν,
2343 3250 2422 3314 εἷς
2455 3251 2590 3327 ὕψος
2620 3253 2852 3324 ἀνῆλθεν
2898 3253 3118 3330 ἀρετῆς.
3171 3257 3330 3313 Ὅθεν
3392 3256 3520 3330 μετά
3574 3257 3783 3328 κοίμη-

365 3341 674 3413 Theophili
705 3342 978 3397 avunculi
1015 3342 1104 3397 sui
1137 3342 1366 3397 obitum
1401 3342 1704 3396 communi
1738 3343 2018 3414 suﬂragio

362 3431 902 3487 Alexandrinorum
920 3432 993 3488 ad
1017 3432 1396 3503 pontificatus
1412 3432 1691 3487 thronum
1709 3439 2021 3504 provectus

364 3527 454 3576 est
508 3521 977 3594 Gregemitaque
1030 3521 1387 3593 suscipiens.
1420 3527 1486 3576 ut
1508 3521 1752 3594 pervigil
1793 3528 2016 3593 pastor,

356 3607 670 3666 haereticos
703 3611 944 3683 quidem
962 3617 1025 3665 ut
1047 3611 1217 3682 lupos
1237 3611 1588 3683 exagitavit;
1613 3610 1822 3667 fideles
1845 3627 2004 3682 vero,

358 3707 418 3754 et
451 3700 813 3755 orthodoxos
845 3700 1108 3754 veritatis
1139 3700 1427 3756 doctrinis
1462 3702 1855 3756 conﬁrmavit.
1914 3701 2019 3756 Hic

362 3789 543 3844 etiam
599 3789 932 3844 Nestorium
984 3790 1338 3844 haereticum
1388 3789 1684 3862 deposuit,
1732 3791 2015 3858 aientem,

363 3879 678 3949 Deiparam
728 3896 858 3934 esse
910 3880 1144 3935 Domini
1183 3879 1531 3948 genitricem
1562 3880 2014 3936 nominandam.

361 3970 582 4022 Contra
610 3967 737 4039 ipse
755 3969 1185 4035 reclamavit,et
1208 3969 1386 4024 veluti
1409 3970 1623 4042 dogma
1650 3971 2012 4041 praedicavit,

359 4056 597 4128 proprie
630 4074 882 4129 vereque
916 4058 1226 4130 Deiparam
1287 4059 1711 4131 appellandam
1757 4076 1924 4116 esse:
1959 4064 2018 4114 et

359 4148 787 4204 cecumenicam
821 4147 1116 4219 synodum
1177 4148 1250 4203 ob
1310 4149 1463 4205 hanc
1525 4165 1762 4205 causam
1797 4149 2013 4220 Ephesi

356 4239 725 4310 temporibus
755 4240 1068 4296 Theodosii
1119 4241 1382 4311 junioris
1414 4241 1806 4313 congregavit.
1843 4241 2010 4296 Post-

355 4326 481 4383 hasc
513 4329 932 4385 Alexandriam
983 4347 1278 4393 reversus,
1329 4330 1686 4402 scriptisque
1729 4329 2012 4387 adversus

355 4433 594 4473 omnem
619 4420 894 4476 haeresim
921 4419 1195 4494 pluribus
1228 4418 1417 4487 libris,
1453 4419 1514 4474 in
1542 4436 1688 4491 pace
1719 4419 1789 4476 ad
1828 4421 2008 4477 Deum

358 4508 651 4580 migravit.

2132 3361 2214 3394 σιν
2273 3341 2542 3418 Θεοφίλου
2597 3347 2694 3398 τοῦ
2781 3343 2926 3408 θείου
2983 3345 3149 3401 αὐτοῦ
3227 3347 3390 3418 κοινῇ
3443 3346 3607 3420 ψήφῳ
3661 3349 3777 3400 τῶν

2125 3429 2519 3506 Ἀλεξανδρέων
2567 3430 2654 3487 ἐπί
2711 3435 2802 3488 τὸν
2863 3440 2964 3503 τῆς
3048 3433 3468 3511 ἀρχιερωσύνης
3545 3435 3770 3510 ἀνήχθη

2127 3517 2341 3592 θρόνον.
2402 3520 2507 3576 Καὶ
2563 3522 2661 3590 τήν
2716 3521 2954 3594 ποίμνην
3014 3518 3373 3598 παραλαϐὼν,
3434 3524 3511 3586 ὡς
3566 3528 3783 3596 ποιμήν

2126 3604 2416 3684 ἄγρυπνος,
2455 3609 2584 3672 τοὺς
2645 3611 2738 3682 μὶν
2800 3611 3106 3685 αἱρετικοὺς
3167 3613 3244 3674 ὡς
3301 3611 3508 3676 λύκους
3568 3611 3784 3687 ἐδίωξε)

2122 3697 2250 3756 τοὺς
2276 3697 2334 3753 δὲ
2390 3702 2618 3761 πιστοὺς
2677 3700 2768 3754 καὶ
2827 3698 3152 3772 ὀρθοδόξους
3209 3699 3472 3777 δόγμασιν
3527 3701 3800 3773 ἀληθείας

2125 3783 2425 3862 ἐστήριξεν.
2459 3789 2633 3852 Οὗτος
2687 3789 2778 3844 καὶ
2834 3793 2925 3846 τὸν
2961 3791 3235 3865 αἱρετικὸν
3298 3793 3619 3868 Νεστόριον,
3680 3800 3794 3849 Κυ-

2124 3877 2373 3952 ριοτόκον
2430 3880 2528 3947 τήν
2589 3879 2852 3935 Θεοτόκον
2913 3878 3140 3957 λέγοντα
3198 3880 3466 3951 καθελὼν,
3515 3882 3788 3938 Θεοτόκον

2121 3966 2323 4044 κυρίως
2380 3968 2469 4024 καὶ
2531 3967 2756 4040 ἀληθῶς
2808 3969 3114 4048 ἐξεφώνησέ
3169 3992 3226 4027 τε
3255 3972 3345 4026 καὶ
3398 3970 3787 4048 ἐδογμάτισεν·

2121 4056 2347 4113 σύνοδον
2431 4057 2820 4131 οἶκουμενικὴν
2883 4060 3234 4134 συναθροίσας
3289 4060 3340 4116 ἐν
3424 4062 3630 4140 Ἐφέσῳ
3691 4062 3791 4118 ἐπὶ

2117 4150 2217 4213 τῆς
2255 4145 2534 4223 βασιλείας
2563 4152 2661 4203 τοῦ
2693 4153 2891 4222 μικροῦ
2924 4147 3237 4209 Θεοδοσίου.
3294 4151 3390 4205 Καὶ
3445 4153 3580 4224 μετᾶ
3610 4155 3788 4208 ταῦτα

2119 4238 2218 4306 τήν
2249 4235 2654 4313 Ἀλεξάνδρειαν
2709 4235 3060 4308 καταλαϐὼν,
3119 4242 3210 4295 καὶ
3278 4237 3496 4302 πολλᾶς
3551 4236 3797 4316 βίϐλους

2121 4327 2570 4401 συγγραψάμενος
2597 4327 2732 4383 κατᾶ
2764 4329 2941 4398 πάσης
2972 4327 3253 4405 αἱρέσεως,
3301 4328 3355 4385 ἐν
3411 4329 3604 4406 εἰρήνῃ
3636 4333 3786 4405 πρὸς

2121 4417 2248 4471 Θεὸν
2283 4414 2635 4490 ἐξεδήμησεν.

355 4597 517 4652 144
545 4598 613 4652 Et
638 4600 1080 4703 commemora't‘io
1137 4599 1313 4703 sancti
1358 4599 1542 4655 Patris
1599 4601 1773 4658 nostri
1833 4600 2008 4657 David

2194 4606 2298 4664 Καὶ
2334 4609 2529 4682 μνήμη
2562 4611 2660 4664 τοῦ
2713 4606 2870 4703 ὁσίου
2904 4611 3117 4703 ρατρὸς
3148 4612 3308 4686 ἡμῶν
3371 4605 3539 4668 Δαϐὶδ
3585 4613 3613 4669 6
3646 4611 3704 4669 ἐν

973 4669 1386 4728 Thessalonica.

421 4845 670 4903 Sanctus
694 4850 866 4904 Pater
898 4855 1120 4914 noster,
1154 4854 1332 4920 atque
1377 4849 1827 4923 thaumaturgus
1889 4858 2004 4908 Da-

349 4934 463 4992 vid.
497 4953 564 4992 ex
597 4941 863 5009 partibus
896 4941 1154 4996 Orientis
1190 4941 1482 5011 originem
1517 4943 1760 5014 quidem
1793 4943 2000 5010 duxit;

351 5026 597 5083 veniens
629 5037 825 5085 autem
854 5031 913 5085 in
947 5030 1671 5088 Occidentemvirtutibus
1696 5032 1871 5087 illum
1889 5032 2006 5088 col-

2745 4681 2952 4737 Θεσσαλ
2962 4681 3140 4759 ονίκῃ.

2182 4853 2245 4910 Ὀ
2275 4851 2326 4907 ἐν
2360 4853 2535 4928 ἁγίοις
2576 4856 2761 4928 Πατὴρ
2820 4857 2980 4929 ἡμῶν
3039 4857 3130 4912 καὶ
3190 4859 3603 4935 θαυματουργὸς
3673 4869 3787 4918 Δα-

2113 4940 2225 5014 ϐὶδ,
2262 4947 2479 5018 ὑπῆρχε
2513 4948 2608 5018 μὶν
2671 4946 2722 5018 ἐξ
2781 4946 3115 5007 ’Λνατολῶνο
3177 4945 3504 5008 καταλαϐὼν
3565 4950 3622 5008 δὲ
3672 4957 3785 5024 τήν

2115 5035 2294 5106 Δῦσιν,
2352 5038 2714 5114 κατεφώτισεν
2778 5038 2945 5107 αὐτὴν
2992 5043 3111 5100 ταῖς
3161 5039 3397 5113 ἀρεταῖς,
3460 5043 3535 5104 ὡς
3594 5043 3780 5118 ἀστήρ

2115 5124 2466 5202 πολ-ὖφωτος·
2501 5127 2551 5200 ἐξ
2611 5127 2839 5184 άπαλῶν
2896 5129 2996 5204 γαρ
3061 5128 3277 5205 ὀνύχων
3335 5131 3627 5207 γενόμενος
3665 5156 3777 5208 μο.

2115 5217 2308 5291 ναχὸς,
2341 5216 2430 5271 καὶ
2461 5217 2747 5292 ἐγκρατείᾳ
2778 5218 2866 5274 καὶ
2901 5219 3086 5295 ἁγνείᾳ
3114 5220 3182 5274 τα
3227 5220 3372 5289 πάθη
3431 5228 3531 5291 τῆς
3571 5227 3788 5290 σαρκὸς

2122 5305 2410 5378 ὑποτάξας,
2465 5307 2644 5383 ὠρᾶτο
2707 5309 2842 5381 μετὰ
2897 5307 3150 5380 σώματος
3232 5307 3488 5385 ἅγγελος.
3550 5313 3788 5372 Ἑπιθυ-

2125 5399 2238 5469 μῶν
2300 5393 2358 5450 δὲ
2414 5394 2671 5459 πλειονος
2717 5397 2912 5466 κόπου,
2966 5398 3054 5453 καὶ
3119 5397 3370 5471 μείζονος
3411 5401 3627 5475 ἀρετῆς,
3691 5402 3790 5461 δι-

2123 5490 2328 5541 ενοεῖτο
2355 5487 2450 5553 τήν
2482 5486 2588 5542 ἀπὸ
2618 5495 2723 5563 γῆς
2753 5489 2954 5565 φυγὴν,
3011 5489 3100 5544 καὶ
3160 5490 3296 5560 πρὸς
3354 5490 3582 5564 οὐρανὸν
3641 5495 3788 5553 ἀνά-

2123 5573 2412 5634 ϐασιν.Καὶ
2444 5577 2614 5654 εὑρὼν
2645 5577 2863 5654 δένδρον
2925 5577 3271 5654 ἀμυγδαλῆς,
3331 5583 3467 5656 πρὸς
3517 5582 3791 5657 καθέδραν

2127 5663 2464 5737 ἐπιτήδειον,
2513 5667 2750 5733 πλησίον
2812 5667 3239 5741 Θεσσαλονίκης,
3292 5671 3381 5726 καὶ
3465 5672 3556 5737 εἷς’
3597 5673 3786 5735 ἐκεῖνο

2128 5751 2351 5828 ἀναϐὰς,
2383 5758 2473 5814 καὶ
2504 5758 2637 5815 ποτὲ
2669 5759 2764 5833 μὶν
2795 5758 3105 5835 ἱστάμενος,
3138 5759 3272 5819 ποτὶ
3312 5758 3369 5819 δὶ
3415 5764 3792 5842 καθεζόμενος

351 5116 644 5188 lustravit,
690 5121 850 5176 velut.
879 5121 1434 5192 splendidissimum
1483 5121 1669 5177 sidus.
1703 5125 1749 5177 A
1785 5124 2005 5178 teneris

355 5209 596 5280 quippe,
656 5217 723 5265 ut
779 5213 968 5274 aiunt,
1029 5211 1364 5283 unguiculis
1397 5212 1588 5265 factus
1649 5214 2002 5280 monachus,

351 5297 738 5366 abstinentia,
775 5307 833 5356 et
868 5301 1136 5356 castitate
1192 5301 1535 5356 affectiones
1593 5301 1789 5356 carnis
1822 5302 2005 5375 subji-

347 5389 536 5456 ciens,
576 5392 854 5462 apparuit
878 5409 1010 5446 cum
1036 5407 1280 5461 corpore
1306 5390 1571 5462 angelus.
1608 5391 1844 5463 Majoris
1874 5408 2008 5448 vero

343 5477 592 5545 laboris,
629 5488 689 5536 et
714 5481 1147 5553 praestantioris
1178 5479 1407 5533 virtutis
1437 5479 1711 5550 cupidus,
1746 5482 1945 5555 fugam
1977 5499 2012 5539 a

349 5573 517 5625 terra
545 5572 839 5643 cogitavit,
875 5571 1016 5626 etin
1050 5569 1228 5625 caelos
1288 5585 1641 5635 ascensum;
1693 5578 1871 5643 atque
1917 5590 2015 5628 ar-

344 5656 564 5716 borum
589 5663 966 5736 amygdalum
1025 5675 1257 5724 nactus,
1311 5660 1519 5716 sedem
1562 5662 1672 5718 sibi
1739 5663 2016 5722 idoneam

362 5750 532 5824 juxta
562 5751 1066 5826 Thessalonicam,
1091 5752 1232 5810 illuc
1261 5751 1567 5825 ascendit;
1604 5759 1663 5812 et
1693 5754 2017 5829 aliquando
