4108 6438
310 426 430 490 513

1853 425 2154 491 JUNIUS.

3621 438 3744 498 514

308 593 402 649 τὸν
437 589 565 647 Θεὸν
603 585 874 644 ἔδυσώπει
909 584 998 643 8ιὰ
1052 586 1272 650 παντός.
1334 583 1438 644 Καὶ
1494 585 1623 650 τοὺς
1650 588 1788 662 πρὸς
1818 586 1967 644 αύτὸη

2094 592 2337 665 quidem
2372 593 2885 666 stans,aliquando
2917 613 3051 652 vero
3086 599 3516 667 sedens,Deum
3535 619 3744 676 perpe-

306 679 730 761 ἀπερχομένους
756 679 918 756 χάριν
980 677 1249 756 ὠφελείας
1295 679 1590 754 στηρίζων,
1621 680 1710 734 καὶ
1743 679 1809 735 τὰ
1838 680 1975 755 πρὸς

301 774 584 850 σωτηρίαν
647 769 919 826 διδάσκων
981 768 1232 824 ἀπέλυεν.
1295 768 1395 826 Καὶ
1452 769 1596 824 οὕτω
1649 768 1827 844 βιοὺς,
1883 769 1972 824 καὶ

304 867 477 941 ψύχει
508 868 599 918 καὶ
637 860 880 934 καύματι
934 857 1485 932 ταλαιπωρούμενος,
1548 859 1855 931 ἐπλούτησε
1883 859 1973 914 καὶ

302 953 602 1028 θαυμάτων
637 951 928 1026 ἐνεργειαν.
963 948 1067 1005 Καὶ
1098 947 1150 1003 ἐν
1172 953 1303 1004 πᾶσι
1336 948 1430 1002 τὸν
1453 949 1584 1004 Θεὸν
1617 948 1972 1024 θεραπεύσας,

298 1047 443 1119 πρὸς
473 1042 637 1099 αὐτὸν
669 1037 1025 1112 ἐξεδήμησεν.

373 1241 477 1302 Καὶ
513 1240 712 1314 μνήμη
742 1240 843 1292 τοῦ
867 1236 1027 1291 ὁσίου
1057 1235 1270 1314 Harpe;
1321 1236 1484 1308 ἡμῶν
1520 1233 1770 1308 Σαμψὼν
1802 1237 1902 1288 τοῦ

967 1291 1313 1363 Ξενοδόχου.

375 1428 628 1504 Σαμψὼν
662 1429 690 1483 ὁ
723 1427 774 1482 ἐν
817 1424 996 1500 ἁγίοις
1059 1426 1246 1500 Πατὴρ
1305 1427 1467 1496 ἡμῶν
1503 1424 1723 1500 ὑπῆρχε
1758 1423 1852 1496 μὲν
1916 1422 1976 1478 ἐκ

294 1521 400 1588 τῆς
457 1520 699 1579 παλαιᾶς
771 1517 1019 1589 Ῥώμης,
1078 1515 1339 1590 συγγενὴς
1393 1517 1490 1568 τοῦ
1551 1513 1790 1588 μεγάλου
1825 1519 1971 1568 Κων-

305 1608 616 1666 σταντίνου.
657 1605 1082 1680 Παρασχόμενος
1132 1607 1224 1658 τὸν
1285 1605 1530 1659 πλοῖτον
1577 1602 1741 1657 αὐτοῦ
1799 1603 1973 1658 πάντα

306 1706 422 1762 τοῖς
454 1697 729 1765 πτωχοῖς,
760 1695 850 1750 καὶ
883 1693 1210 1770 πτωχεύσας
1271 1691 1358 1747 δια
1392 1693 1646 1769 Χριστὸν,
1678 1693 1777 1762 τήν
1815 1699 1972 1750 Κων-

313 1787 759 1845 σταντινούπολιν
792 1780 1078 1841 κατέλαϐε.
1137 1784 1235 1840 Καὶ
1293 1789 1411 1846 τοῖς
1443 1789 1595 1845 ναοῖς
1656 1788 1766 1839 τῶν
1801 1783 1969 1858 ἁγίων

315 1882 604 1954 προφητῶν
662 1875 714 1932 ἐν
769 1875 956 1938 αὐτοῖς
1019 1872 1469 1951 προσευχόμενος
1524 1871 1773 1932 διετέλει.
1805 1874 1967 1930 Ἠσυ-

2087 688 2187 738 tuo
2220 683 2444 739 orabat.
2503 684 2899 741 Advenientes
2932 694 3152 756 autem,
3206 690 3508 760 profectus
3541 711 3744 763 causa,

2086 773 2474 841 conﬁrmans,
2499 781 2706 846 etquae
2737 776 2810 831 ad
2842 777 3094 834 salutem
3133 786 3270 834 sunt
3292 781 3744 851 docens,dimit-

2086 863 2266 919 tebat.
2303 865 2594 935 Atqueita
2625 864 2752 920 dies
2786 869 3092 940 transegit,
3126 869 3343 942 frigore
3369 875 3748 946 aestuquein-

2085 953 2430 1008 commodos
2457 970 2470 1008 :
2506 971 2761 1027 cumque
2793 957 3217 1014 miraculorum
3241 961 3450 1016 virtute
3475 962 3742 1036 locuple-

2083 1048 2242 1098 tatus
2274 1047 2450 1102 esset.
2483 1049 2662 1114 atque
2693 1045 2755 1100 in
2794 1046 3073 1103 omnibus
3135 1049 3252 1104 Deo
3313 1051 3633 1121 serviisset,
3668 1055 3743 1110 ad

2083 1132 2282 1204 ipsum
2312 1131 2609 1206 migravit.

2155 1250 2222 1304 Ει
2246 1251 2686 1306 commemoratio
2714 1253 2892 1330 sancti
2918 1254 3106 1330 Patris
3144 1256 3323 1311 nostri
3351 1257 3669 1330 Sampsonis

2740 1324 3075 1380 Xenodochi.

2157 1426 2405 1482 Sanctus
2436 1429 2609 1484 Pater
2639 1435 2843 1484 noster
2889 1430 3180 1503 Sampson
3215 1450 3283 1489 ex
3332 1439 3526 1490 vetere
3559 1438 3744 1493 Roma

2082 1517 2195 1572 fuit
2225 1517 2419 1589 magni
2442 1519 2812 1572 Constantini
2847 1520 3066 1575 afﬁnis.
3108 1522 3430 1578 Distributo
3458 1533 3654 1581 autem
3681 1528 3742 1582 in

2084 1613 2322 1680 egentes
2348 1613 2468 1662 toto
2501 1608 3116 1679 patrimonio.egenus
3149 1629 3254 1684 pro
3273 1615 3506 1670 Christo
3530 1617 3740 1684 factus,

2082 1695 2658 1769 Constantinopolim
2677 1699 3124 1772 venit,vixitque
3158 1702 3218 1756 in
3253 1711 3596 1760 sanctorum
3614 1723 3746 1778 pro-

2081 1786 2394 1858 phetarum
2427 1787 2666 1859 templis
2695 1790 2949 1843 orationi
2985 1790 3270 1846 intentus.
3307 1793 3504 1849 Otium
3543 1803 3743 1854 autem

2080 1877 2379 1937 nactus,in
2416 1876 2723 1948 inspiratis
2755 1894 2789 1933 a
2821 1879 2938 1932 Deo
2971 1879 3292 1952 Scripturis
3316 1882 3739 1941 meditabatur.

315 1968 440 2046 χίας
475 1967 530 2024 δὲ
561 1963 897 2039 λαϐόμενος,
929 1963 1020 2020 καὶ
1084 1962 1462 2028 θεοπνεύστοις
1528 1968 1764 2042 Γραφαῖς
1794 1962 1967 2037 ἐμμε-

2083 1965 2164 2021 Ob
2198 1964 2542 2036 hujusmodi
2566 1967 2812 2022 virtutes
2843 1983 2977 2022 cum
3013 1971 3196 2024 Mente
3258 1972 3612 2041 patriarchas
3645 1976 3742 2030 in-

313 2058 571 2129 λετήσας,
630 2056 856 2134 φανερὸς
927 2053 1138 2128 ἐγὲιετο
1197 2050 1268 2108 δι’
1321 2052 1515 2128 ἀρετὴν
1558 2056 1640 2124 τῷ
1688 2054 1975 2126 ἁγιωτάτῳ

298 2147 630 2222 πατριάρχῃ
694 2147 879 2215 Μηνᾷ,
932 2143 1021 2198 καὶ
1111 2147 1507 2218 χειροτονεῖται
1584 2143 1712 2217 παρ’
1771 2141 1974 2197 ἐκείνου

289 2231 673 2312 πρεσϐύτερος
731 2240 832 2304 τῆς
893 2230 1152 2310 Μεγάλης
1221 2230 1578 2302 Ἐκκλησίας,
1620 2229 1710 2286 καί
1776 2229 1972 2287 λοιπὸν

285 2328 364 2398 ἦν
399 2325 578 2399 λιμήν
637 2325 915 2398 σωτήριος
975 2327 1097 2384 τοῖς
1159 2321 1484 2394 πενομένοις
1542 2319 1632 2376 καὶ
1664 2319 1973 2393 ἀσθενοῦσι,

288 2416 561 2492 μετέχων
595 2413 687 2469 καὶ
714 2414 926 2489 τέχνης
957 2410 1232 2488 ἰατρικῆς.
1280 2409 1624 2486 Θεραπεύσας
1678 2408 1736 2467 δὲ
1763 2412 1854 2466 καὶ
1883 2412 1974 2466 τὸν

283 2502 962 2584 βασιλὲαἸουστινιανὸν
1016 2499 1124 2556 ἀπὸ
1180 2501 1384 2563 πάθους
1445 2497 1698 2556 δυσιάτου
1782 2500 1971 2573 ἐφιλο-

277 2595 548 2674 φρονήθη
622 2592 748 2666 παρ’
836 2588 1051 2647 ἐκείνου
1127 2589 1197 2646 τά
1282 2589 1527 2663 μεγισταο

275 2687 526 2740 Ξενῶνα
584 2679 661 2743 εἷς
721 2679 1026 2735 ἀνάπαυσιν
1087 2683 1197 2734 τῶν
1256 2681 1501 2753 πτωχῶν
1557 2676 1651 2732 καὶ
1706 2675 1967 2741 ἀσθενῶνο

274 2773 386 2831 καὶ
472 2769 668 2828 πολλὰ
723 2769 1132 2844 κατορθώματα
1214 2767 1306 2822 καὶ
1366 2765 1619 2840 θαύματα
1704 2769 1969 2840 ποιήσας,

272 2862 570 2937 ἇκοιμήθη
606 2859 660 2916 ἂν
693 2859 904 2936 εἰρήνῃ.
937 2861 1010 2916 Τὸ
1043 2854 1100 2914 δὲ
1133 2854 1392 2931 λείψανον
1459 2857 1630 2912 αὐτοῦ
1690 2855 1848 2928 ἐτίθη
1913 2855 1968 2911 ἰν

277 2957 371 3025 τῷ
401 2955 516 3026 νυῷ
545 2954 644 3006 τοῦ
677 2949 840 3025 ἁγίου
873 2950 1150 3025 μάρτυρος
1174 2945 1430 3006 Μωκίου.

872 3050 1028 3107 MHN
1039 3053 1056 3105 ι
1085 3053 1170 3128 Τῼ
1203 3053 1404 3128 ΑΥΤῼ.

1107 3138 1210 3195 Kll'

400 3242 468 3301 Ἥ
498 3237 714 3316 εὕρεσις
740 3237 1158 3316 τῷνλειψάνων
1188 3241 1316 3316 ⁸τῶν
1367 3234 1533 3312 ἁγίων
1567 3234 1855 3312 μαρτύρων

809 3310 1007 3382 Κύρου,
1053 3331 1145 3366 κα;
1188 3310 1460 3366 Ἰωάννου.

369 3433 556 3504 Κύρος
610 3426 704 3482 καὶ
763 3426 1044 3497 Ἰωάννης,
1105 3425 1158 3480 οἱ
1217 3429 1316 3481 τοῦ
1394 3425 1637 3498 Χριστοῦ
1699 3423 1967 3496 μάρτυρες

304 3520 560 3594 ύπῆρΙ.ον
621 3517 711 3574 ἐπὶ
772 3517 1173 3588 Διοκλητιανοῦ
1223 3518 1318 3570 τοῦ
1379 3510 1669 3590 βασιλέως.
1728 3514 1790 3571 Ὁ
1871 3513 1964 3586 μὲν

309 3617 484 3682 Κῦρος
514 3611 573 3665 in
597 3611 699 3678 τῆς
758 3610 977 3672 πόλεως
1039 3604 1472 3682 Ἀλεξανδρείαςο
1533 3607 1561 3662 ὁ
1595 3603 1654 3662 ὁὶ
1710 3607 1971 3676 Ἰωάννης

308 3701 372 3758 ἓν.
401 3706 502 3769 τῆς
560 3701 765 3763 πόλεως
813 3697 1096 3769 Ἐδέσσης,
1161 3697 1339 3774 ἲατροὶ
1397 3698 1497 3766 τήν
1556 3696 1779 3772 τεχνην.
1827 3703 1966 3751 Γνω-

311 3791 562 3865 ρίσαντες
589 3788 642 3844 δὲ
671 3788 959 3860 ἀλλήλους
1016 3786 1106 3844 διά
1159 3788 1222 3843 τὸ
1288 3787 1662 3862 μονόπρεπον,
1723 3790 1960 3863 περιήρ-

310 3902 481 3959 χοντο
536 3885 702 3936 πᾶσαν
757 3887 926 3951 νῆσον
971 3879 1063 3934 καὶ
1123 3884 1296 3934 πᾶσαν
1352 3878 1542 3955 χώραν
1604 3876 1964 3952 ἰατρεύοντες,

304 3973 371 4030 ού
406 3973 638 4046 σώματα
670 3971 854 4045 μόνον,
889 3969 1036 4026 ἀλλὰ
1065 3970 1154 4024 καὶ
1187 3969 1391 4046 ψυχάς·
1428 3969 1515 4023 καὶ
1576 3965 1826 4031 πολλοὺς
1853 3975 1962 4024 τῶν

297 4067 647 4137 Χριστιανῶν
731 4062 866 4136 πρὸς
918 4061 980 4115 τὸ
1041 4058 1338 4136 μαρτύριον
1399 4059 1962 4133 προθυμοντοιοῦντες,

293 4153 524 4230 φανεροὶ
557 4153 807 4230 ἐγένοντο
837 4155 916 4224 τῷ
962 4151 1102 4206 κατὰ
1166 4149 1259 4204 τὸν
1315 4147 1483 4204 τόπον
1545 4147 1798 4225 ἄρχοντι.
1860 4151 1962 4209 Καὶ

293 4247 423 4320 παρ’
485 4242 698 4300 ἑκείνου
757 4242 1020 4316 πρότερον
1097 4239 1526 4312 τιμωρηθέντες,
1587 4238 1808 4314 ὕστερον
1858 4241 1966 4296 ἁπ-

290 4333 755 4413 susp-auctius“.
818 4331 914 4388 Καί
987 4351 1122 4386 ποτε
1182 4329 1278 4402 μὶν
1339 4323 1605 4405 κρυϐἑντα
1660 4329 1726 4384 τα
1808 4329 1965 4403 τίμια

284 4425 477 4480 αὐτῶν
509 4422 770 4496 λείψανα,
807 4421 941 4494 μετᾶ
995 4424 1165 4475 ταῦτα
1231 4417 1650 4495 ἐφανερώθησαν
1681 4417 1732 4472 ἐν
1792 4420 1961 4474 Ἀλε-

285 4511 561 4588 εανδρείᾳ
645 4511 732 4568 ἐπὶ
824 4507 1114 4586 Ἀρκαδίου
1203 4507 1475 4586 βασιλέως
1557 4507 1647 4562 καὶ
1697 4509 1964 4587 Θεοφίλου

281 4605 654 4678 πατριάρχου
737 4597 1169 4673 Ἀλεξανδρείας,
1261 4597 1428 4673 μυρία
1489 4597 1735 4670 θαύματα
1785 4598 1960 4655 ἐπιτε-

1617 2589 1705 2644 καὶ
1785 2589 1974 2653 κτίσας

2081 2055 2397 2118 notuisset,
2458 2057 2676 2130 Magum
2735 2057 3013 2113 Ecclesim
3069 2060 3380 2131 presbyter
3427 2063 3740 2121 ordinatus

2079 2146 2227 2201 fuit:
2259 2153 2437 2217 atque
2472 2145 2754 2218 deinceps
2803 2146 2994 2204 factus
3051 2155 3142 2203 est
3190 2158 3398 2220 portus
3458 2152 3739 2210 salutaris

2081 2235 2509 2301 laborantibus,
2544 2242 2602 2292 et
2623 2237 2813 2307 aegris.
2827 2237 3096 2293 Medendi
3117 2239 3276 2294 enim
3295 2246 3484 2296 artem
3503 2241 3736 2312 doctus,

2080 2326 2500 2397 imperatorem
2525 2326 2701 2381 etiam
2722 2327 3128 2384 Iustinianum
3149 2345 3182 2383 a
3199 2329 3403 2384 morbo
3418 2331 3739 2389 incurabili

2081 2416 2327 2480 sanavit,
2362 2432 2542 2488 aquo
2602 2416 2842 2488 plurimi
2900 2416 3137 2472 habitus
3194 2418 3308 2472 fuit
3365 2426 3423 2475 et
3480 2429 3736 2478 amatus.

2080 2505 2521 2562 Xenodochium
2554 2505 2755 2578 itaque
2787 2506 2861 2562 ad
2895 2524 3226 2580 pauperum
3259 2515 3319 2565 et
3355 2510 3733 2568 inﬁrmorum

2077 2595 2348 2652 levamen
2382 2595 2685 2652 condidit:
2719 2613 2978 2668 cumque
3004 2597 3178 2669 plura
3211 2605 3270 2654 et
3299 2602 3532 2674 egregia
3553 2619 3736 2674 opera

2077 2692 2255 2758 atque
2289 2687 2580 2742 miracula
2611 2686 2870 2752 fecisset,
2903 2688 2964 2742 in
2996 2704 3140 2760 pace
3179 2689 3556 2746 obdormivit.
3593 2693 3734 2764 Ejus

2076 2777 2346 2850 reliquiae
2379 2776 2441 2832 in
2473 2777 2694 2849 templo
2727 2778 2916 2834 sancti
2942 2778 3222 2850 martyris
3253 2781 3422 2837 Mocii
3449 2779 3734 2854 deposita

2074 2863 2264 2923 fuere.

2636 3055 2881 3112 EODEM
2913 3055 3167 3112 MENSE.

2575 3153 2677 3208 Die
2708 3153 2990 3209 vicesima
3047 3160 3270 3210 octava.

2075 3253 2226 3310 145
2291 3251 2544 3308 Inventio
2591 3253 2958 3332 reliquiarum
3041 3261 3355 3332 sanctorum
3422 3264 3732 3332 martyrum

2653 3326 2785 3395 Cyri
2796 3371 2804 3387 ,
2823 3333 2873 3380 ct
2903 3327 3152 3381 Joannis.

2151 3435 2334 3504 Cyrus
2367 3437 2424 3486 et
2449 3432 2729 3492 Joannes.
2763 3432 2974 3487 l'hristi
3008 3439 3300 3507 martyres
3327 3452 3340 3502 ;
3363 3436 3732 3494 Diocletiano

2077 3529 2388 3595 mperante
2422 3523 2798 3578 claruerunt:
2835 3524 3100 3595 etCyrus
3153 3524 3399 3596 quidem
3450 3527 3713 3584 Alexan-

2079 3613 2307 3676 drinus,
2326 3614 2584 3668 Joannes
2614 3628 2750 3667 vero
2778 3613 3132 3668 Edessenus.
3163 3614 3533 3685 professione
3553 3617 3728 3672 ambo

2078 3702 2587 3774 medici.Cumque
2603 3719 2665 3756 se
2687 3703 2940 3758 invicem
2959 3704 3032 3758 ob
3055 3704 3326 3760 eamdem
3343 3713 3532 3761 artem
3545 3723 3732 3778 agno-

2076 3793 2319 3860 vissent,
2347 3809 2556 3848 omnes
2596 3793 2824 3847 insulas
2856 3799 2913 3848 et
2971 3793 3104 3848 loca
3160 3795 3573 3867 peragrabaut,
3609 3813 3729 3852 non

2078 3883 2250 3939 modo
2281 3898 2529 3954 corpora
2559 3888 3066 3946 curantes,verum
3101 3883 3276 3939 etiam
3309 3885 3557 3940 animas.
3586 3887 3731 3942 Cum

2073 3991 2210 4029 vero
2243 3973 2715 4029 Christianorum
2747 3973 3088 4044 complures
3127 3973 3200 4028 ad
3247 3975 3597 4045 martyrium
3631 3993 3730 4032 su-

2073 4063 2378 4120 beundum
2402 4062 2724 4118 alacriores
2747 4063 3261 4134 promptioresque
3295 4063 3623 4132 efﬁcerent,
3655 4065 3730 4120 ad

2075 4154 2204 4225 ejus
2227 4153 2340 4208 loci
2365 4152 2680 4223 pra'sidem
2699 4151 3166 4222 delati,primum
3193 4153 3264 4207 ab
3282 4170 3350 4208 eo
3369 4154 3731 4211 cruciatibus

2075 4243 2602 4314 aﬁ‘ectipostremo
2635 4240 2912 4296 decollati
2947 4242 3130 4296 fuere.
3167 4244 3236 4296 Et
3265 4243 3587 4313 aliquando
3606 4245 3736 4316 qui-

2075 4333 2210 4389 dem
2241 4349 2447 4388 eorum
2498 4331 2774 4403 pretiosae
2807 4331 3074 4401 reliquis:
3126 4331 3415 4387 delituere
3451 4349 3463 4386 :
3524 4340 3732 4405 postea

2075 4429 2275 4478 tamen
2311 4420 2683 4478 Alexandrina
2710 4419 2954 4474 detectae
2986 4420 3232 4474 fuerunt
3257 4422 3506 4476 Arcadio
3533 4423 3728 4494 impe-

2073 4521 2270 4570 ratore
2296 4529 2364 4568 ac
2386 4510 2713 4583 TheOphilo
2748 4511 3086 4583 patriarcha
3119 4511 3515 4567 Alexandrino
3551 4530 3565 4566 :
3599 4529 3731 4584 quae

2073 4620 2261 4675 usque
2283 4602 2358 4658 ad
2391 4603 2548 4658 hunc
2565 4601 2720 4656 diem
2755 4601 3071 4658 innumera
3104 4602 3394 4658 miracula
3415 4603 3730 4660 faciuntad

282 4693 505 4751 λοῦντα
539 4693 710 4766 μεχρι
761 4696 864 4758 τῆς
913 4690 1156 4762 σήμερον
1206 4686 1281 4748 εἰς
1340 4685 1494 4757 δόξαν
1553 4687 1818 4761 Χριστοῦ,
1875 4690 1964 4746 καὶ

2083 4693 2323 4766 gloriam
2343 4692 2557 4748 Christi
2581 4691 2804 4762 Deique
2838 4691 3052 4748 nostri.
3085 4709 3190 4763 pro
3239 4710 3355 4764 quo
3377 4695 3533 4766 passi
3569 4699 3729 4763 sunt,

276 4788 432 4842 Θεοῦ
493 4785 682 4855 ἡμῶν,
748 4779 819 4836 δι’
879 4780 936 4835 δν
995 4779 1086 4836 καὶ
1121 4775 1345 4842 ἔπαθον.
1396 4779 1492 4833 Ὠν
1524 4780 1623 4848 την
1658 4783 1965 4858 πανήγυριν

279 4871 532 4944 ἦτησίως
575 4873 770 4934 πάντες
800 4871 852 4926 οἱ
883 4869 1070 4926 πιστοὶ
1103 4869 1460 4944 ἑορτάζομεν.

836 4991 1017 5049 ΜΗΝΙ
1074 4991 1168 5046 ΤΩ
1231 4991 1424 5046 ΑΥΤΩ.

1059 5087 1180 5146 ΚΘ’.

284 5177 588 5250 ,Αθλησις
617 5183 727 5234 τῶν
762 5179 932 5256 ἁγίων
968 5175 1223 5306 μῗάλὶὶυν
1253 5174 1579 5233 ἀποστόλων
1640 5178 1849 5255 Πέτρου
1870 5178 1963 5236 καὶ

1063 5271 1129 5304 αυ
1175 5271 1262 5306 ου.

367 5369 577 5441 Πετρος
666 5370 762 5443 μὶν
822 5370 852 5424 ὁ
913 5370 1079 5444 μέγας
1153 5372 1252 5424 τοῦ
1337 5368 1573 5444 Χριστοῦ
1631 5370 1962 5444 ἀπόστολος,

279 5463 550 5536 ὑπῆρχεν
579 5457 639 5514 ἑκ
670 5457 890 5521 πόλεως
943 5455 1245 5527 Βηθσαῖδὲι,
1307 5458 1426 5519 υίὸς
1489 5459 1663 5526 Ἰωνᾶ,
1723 5457 1962 5539 ἀδελφὸς

274 5553 519 5627 γνήσιος
553 5545 815 5621 Ἀνδρὲου
868 5551 965 5603 τοῦ
1022 5544 1448 5624 πρωτοκλήτου.
1511 5545 1727 5611 Ἀλιεῦς
1781 5547 1839 5605 δε
1887 5549 1960 5605 ὣν

278 5640 381 5696 καὶ
418 5640 588 5708 πένης
619 5631 783 5694 ἔλαϐε
823 5637 926 5706 τήν
981 5637 1244 5710 θυγατέρα
1307 5631 1744 5711 Ἀριστοϐούλου
1802 5637 1960 5696 ἁδελ-

283 5751 405 5807 φου
458 5723 712 5804 Βαρνάϐα
795 5731 894 5783 τοῦ
953 5726 1287 5784 ἀποστόλου.
1343 5727 1428 5798 Ἐξ
1485 5729 1555 5798 ἧς
1611 5729 1701 5783 καὶ
1764 5728 1965 5796 παῖδας

275 5817 596 5896 ἐγέννησεν.
628 5823 732 5876 Ἦν
759 5815 818 5873 δὲ
852 5818 985 5894 μετᾶ
1013 5820 1108 5873 τοῦ
1167 5814 1405 5896 ἀδελφοῦ
1456 5817 1628 5876 αὐτοῦ
1695 5817 1970 5895 ’Λνδρέου

2075 4800 2329 4854 quorum
2362 4781 2831 4837 anniversariam
2865 4780 3276 4837 celebritatem
3301 4799 3508 4840 omnes
3525 4783 3732 4842 ﬁdeles

2076 4872 2438 4948 peregimus.

2642 4989 2881 5046 EODEM
2924 4988 3176 5044 MENSE.

2598 5086 2704 5142 Die
2748 5087 3029 5142 vicesima
3070 5104 3230 5144 nona

2075 5181 2363 5237 Certamen
2410 5183 2730 5234 sanctorum
2787 5193 3114 5304 iniquarum
3167 5178 3538 5250 apostolorum
3581 5179 3737 5233 Petri

2762 5265 2790 5304 e
2875 5260 2967 5303 'au
2995 5267 3035 5303 ι.

2762 5260 2815 5304 et
2849 5260 3035 5303 Pauli.

2145 5371 2357 5425 Petrus
2388 5384 2639 5441 magnus
2689 5366 2906 5421 Christi
2938 5366 3246 5438 apostolus
3279 5381 3347 5420 ex
3379 5364 3525 5419 urbe
3550 5364 3730 5422 Beth-

2074 5459 2263 5524 saida,
2295 5459 2458 5514 Jonm
2491 5457 2673 5516 ﬁlius.
2733 5471 3053 5529 germanus
3093 5454 3278 5508 frater
3323 5453 3590 5509 Andreae.
3625 5455 3727 5524 qui

2072 5548 2332 5620 primum
2356 5553 2600 5602 vocatus
2623 5545 2733 5599 fuit
2761 5545 3019 5615 piscator
3049 5549 3110 5598 et
3141 5541 3725 5613 pauper,Aristobuli

2072 5637 2274 5692 fratris
2303 5637 2583 5694 Barnabas
2616 5635 2867 5706 apostoli
2897 5634 3079 5689 ﬁliam
3113 5631 3302 5697 duxit,
3323 5647 3391 5686 ex
3424 5647 3540 5702 qua
3573 5632 3727 5687 ﬁlios

2073 5729 2253 5784 etiam
2285 5728 2569 5800 suscepit.
2599 5727 2724 5792 Quo
2757 5729 2958 5780 autem
2993 5730 3262 5792 tempore
3295 5723 3636 5777 Prmcursor
3665 5722 3728 5780 in

2073 5835 2376 5877 carcerem
2404 5818 2712 5890 conjectus
2751 5822 2861 5884 est,
2897 5815 3023 5887 ipse
3058 5814 3116 5868 in
3175 5819 3383 5886 stagno
3414 5813 3733 5870 Genezaret
