4108 6428
382 424 501 483 515

1706 408 1760 469 M
1771 403 2151 468 ENOLOGII
2195 404 2404 469 PARS
2444 405 2555 469 ιιι.

3685 404 3810 467 διο

386 556 731 631 piscabatur
752 568 871 608 una
913 566 1045 606 cum
1097 548 1277 603 fratre
1309 545 1564 612 Andrea,
1595 547 1955 614 vocatusque
2001 555 2027 596 ο

2151 537 2287 631 κατά
2330 538 2693 631 τὸνῌκαιρὸν,
2745 540 2835 593 ὅτε
2891 534 3228 608 ἀπεκλείσθη
3291 534 3319 592 6
3368 533 3705 614 Πρόδρομος
3762 534 3820 592 ἰν

386 648 618 703 Christo
643 661 813 700 secus
837 647 1112 713 stagnum
1131 642 1552 711 prsetereunte,
1570 650 1689 690 una
1703 648 1836 690 cum
1853 632 2033 685 fratre

386 754 524 794 eum
557 741 794 791 secutus
817 732 1127 802 factusque
1160 734 1251 784 est
1280 728 1410 799 ejus
1433 723 1780 798 discipulus.
1817 718 2035 776 Paulus

384 844 520 883 .vero
544 833 603 881 et
630 826 757 896 ipse
792 822 1075 877 Hebraeus
1107 836 1177 875 ex
1234 818 1380 873 urbe
1413 818 1590 871 Tarso
1622 819 1756 886 post
1803 810 2034 867 Domini

385 921 521 975 Jesu
551 911 1187 985 assumptionem,ejus
1203 907 1528 964 Ecclesiam
1552 907 1901 978 persecutus
1916 905 2033 957 est:

389 1007 491 1066 sed
525 1006 595 1062 ab
620 1003 829 1061 eodem
847 999 1257 1070 vocatus,ipse
1289 1013 1525 1069 quoque
1560 996 1687 1066 ejus
1707 989 2036 1063 discipulus

388 1097 602 1154 evasit:
638 1100 698 1150 et
729 1109 847 1147 una
878 1108 1015 1148 cum
1055 1091 1229 1145 Petro
1290 1086 1496 1143 orbem
1547 1091 1837 1140 terrarum
1883 1094 2039 1154 pene

386 1188 729 1243 universum
765 1180 1279 1241 circumlustrans,
1332 1176 1631 1231 Christum
1674 1170 2032 1246 praedicavit.

383 1279 691 1332 Postremo
724 1274 968 1328 Romam
1002 1269 1175 1325 ambo
1198 1267 1469 1341 profecti,
1501 1283 1608 1339 pro
1640 1263 1870 1320 Christo
1894 1261 2039 1317 146

384 1365 492 1420 sub
516 1365 746 1420 Nerone
788 1360 945 1434 passi
985 1365 1161 1425 sunt;
1194 1365 1252 1412 et
1283 1358 1491 1412 Petrus
1520 1354 1763 1427 quidem
1804 1352 2035 1408 inverso

381 1455 575 1527 capite
604 1451 946 1520 cruciﬁxus,
984 1448 1199 1505 Paulus
1220 1462 1357 1503 vero
1390 1445 1582 1518 capite
1633 1442 1863 1516 plexus.

936 1718 1182 1779 EODEM
1221 1716 1475 1775 MENSE.

390 1896 397 1901 I
974 1828 1080 1885 Die
1114 1826 1424 1883 tricesima

483 1925 727 1999 Synaxis
780 1918 1070 1977 duodecim
1124 1924 1440 1974 sanctorum
1523 1912 1918 1986 apostolorum.

449 2044 570 2100 Etsi
604 2038 1271 2115 quilibetapostolorum
1294 2035 1412 2091 alio
1430 2040 1607 2106 atque
1628 2032 1745 2087 alio
1763 2036 2033 2102 tempore

378 2134 732 2207 martyrium
764 2146 976 2203 passus
1008 2134 1117 2192 est,
1153 2134 1419 2183 attamen
1457 2123 1717 2179 hcclesia
1746 2120 1821 2177 ob
1878 2136 2032 2192 pras-

376 2226 694 2282 cellentem
720 2222 1009 2277 honorem
1024 2219 1177 2273 hanc
1191 2216 1463 2289 synaxim
1477 2213 1744 2270 celebrat
1764 2210 2034 2283 proxime

378 2321 514 2390 post
552 2311 905 2369 memoriam
938 2314 1280 2365 sanctorum
1312 2304 1720 2378 apostolorum
1768 2300 1927 2357 Petri
1978 2304 2037 2355 et

380 2389 640 2470 Pauli,et
668 2401 973 2457 universos
996 2397 1178 2453 simul
1236 2393 1558 2460 collaudat,
1590 2398 1656 2447 ut
1686 2391 1786 2463 qui
1829 2389 2037 2445 orbem

376 2501 676 2551 terrarum
710 2488 1294 2546 illuminarunt.Esto
1316 2485 1518 2555 itaque
1539 2482 1769 2556 primus
1791 2479 2035 2536 laudum

384 2586 602 2658 dignus
633 2586 843 2638 Petrus
872 2580 1135 2636 fervidus
1165 2576 1516 2648 discipulus.
1545 2573 1646 2645 qui
1670 2572 1779 2628 sub
1807 2573 2035 2627 Nerone

382 2676 578 2748 capite
611 2674 845 2729 inverso
878 2669 1195 2726 crucifixus
1220 2663 1665 2722 fuit.Secundus
1695 2660 1916 2718 Paulus
1935 2676 2037 2717 vas

383 2764 718 2825 electionis.
752 2762 852 2834 qui
887 2759 995 2815 sub
1036 2758 1244 2815 eodem
1304 2755 1635 2812 decollatus
1668 2758 1775 2808 est.
1806 2752 2037 2807 Tertius

380 2855 649 2911 Andreas
691 2853 950 2925 primum
1004 2861 1268 2907 vocatus.
1317 2846 1419 2916 qui
1476 2843 1548 2899 ab
1604 2844 1780 2914 £gea
1834 2840 2035 2896 arbori

380 2943 594 3001 affixus
617 2942 876 3007 estQuat
894 2946 985 2993 tus
1005 2937 1254 2994 Jacobus
1276 2933 1564 3000 Zebedazi,
1585 2933 1686 3005 qui
1710 2930 1782 2987 ab
1804 2930 2035 2987 Herode

379 3030 575 3106 gladio
609 3036 857 3086 necatus
888 3026 1256 3092 est.Quintus
1280 3024 1409 3095 ejus
1432 3021 1908 3084 fraterJoannes,
1934 3016 2036 3088 qui

380 3121 544 3177 vivus
577 3119 847 3192 sepultus
869 3117 981 3173 fuit
1011 3122 1188 3187 atque
1243 3112 1591 3170 translatus.
1654 3111 1863 3167 Sextus
1894 3106 2032 3163 Phi-

376 3212 599 3285 lippus,
631 3227 666 3265 a
695 3207 911 3265 Grmcis
938 3223 1105 3263 muro
1150 3219 1496 3275 suspensus.
1554 3200 1853 3273 Septimus
1882 3196 2034 3254 Tho-

2061 1924 2115 1990 B

2144 630 2386 707 ιρυλακῇ,
2419 626 2655 685 άλιεῦων
2689 627 2742 684 ἐν
2789 631 2857 702 τῇ
2912 627 3085 703 λίμνῃ
3116 626 3469 703 Γεννησαρὲτ,
3517 626 3609 682 καὶ
3668 625 3819 696 κλη-

2145 721 2256 785 θεὶς
2287 720 2435 795 παρὰ
2465 723 2562 775 τοῦ
2622 721 2882 793 Χριστοῦ,
2945 719 3369 794 παρερχομένου
3418 717 3517 786 τὴν
3574 715 3805 789 λίμνην,

2144 810 2521 885 ἠκολούθησεν
2552 812 2699 885 αὐτῷ
2733 815 2867 886 μετᾶ
2895 815 2992 866 τοῦ
3024 809 3263 888 ἀδελφοῦ
3324 810 3512 880 αὐτοῦ,
3562 808 3652 866 καὶ
3714 808 3808 884 γέ-

2142 925 2296 979 γονεν
2328 904 2499 959 αὐτοῦ
2532 904 2803 977 μαθητής.
2834 904 2895 958 Ὀ
2929 899 2986 957 δὲ
3029 897 3243 964 Παῦλος
3302 895 3559 973 Ἑϐραΐος
3607 897 3682 955 ὢν
3704 898 3811 955 καὶ

2143 993 2306 1056 αὐτὸς
2333 993 2393 1050 ἐκ
2447 996 2549 1059 τῆς
2607 992 2824 1054 πόλεως
2886 994 3129 1067 Ταρσοῦ,
3182 991 3319 1063 μετά
3368 991 3468 1058 τήν
3526 988 3806 1064 ἀνάληψιν

2141 1089 2241 1139 τοῦ
2302 1082 2511 1155 Κυρίου
2570 1085 2777 1154 Ἰησοῦ,
2820 1079 3016 1138 ἰδίωκε
3066 1080 3164 1151 τὴν
3225 1080 3555 1151 Ἐκκλησίαν
3610 1079 3807 1136 αὐτοῦ.

2145 1173 2327 1232 Ἀλλά
2355 1172 2585 1246 κληθεὶς
2616 1173 2707 1228 καὶ
2741 1172 2925 1240 αὐτὸς,
2957 1172 3164 1246 ἐγένετο
3191 1170 3356 1226 αὐτοῦ
3391 1172 3662 1243 μαθητής.
3703 1169 3809 1227 Καὶ

2150 1266 2284 1339 μετὰ
2322 1265 2527 1339 Πέτρου
2578 1265 2679 1331 τήν
2740 1263 3069 1335 ο’κουμένην
3126 1258 3325 1338 σχεδὸν
3382 1262 3521 1331 ὅλην
3576 1260 3804 1335 περιελ-

2146 1356 2275 1420 θὼν,
2312 1353 2538 1429 ἐκήρυξε
2566 1356 2658 1409 τὸν
2689 1352 2951 1427 Χριστόν.
2986 1352 3085 1407 Καὶ
3116 1352 3275 1414 τέλος
3324 1349 3375 1406 ἐν
3407 1351 3599 1426 Ῥώμῃ
3628 1350 3803 1407 ἀπελο

2145 1446 2330 1509 θόντες
2361 1444 2689 1523 ἀμφότεροι,
2720 1439 2918 1507 ἔπαθον
2953 1443 3085 1519 ὑπὲρ
3146 1443 3385 1517 Χριστοῦ
3446 1440 3551 1497 ὑπὸ
3610 1441 3803 1513 Νέρων

2145 1554 2260 1596 νοςο
2296 1536 2323 1590 6
2369 1536 2463 1608 μὲν
2495 1532 2697 1610 Πέτρος
2755 1533 2891 1589 κατᾶ
2948 1530 3195 1611 κεφαλῆς
3253 1529 3603 1609 σταυρωθεὶς,
3659 1531 3689 1586 6
3744 1528 3807 1586 δὶ

2149 1624 2367 1688 Παῦλος
2396 1622 2873 1705 ἀποκεφαλισθείς.

2698 1726 2877 1783 MHNI
2917 1727 3009 1783 ΤΩ
3047 1725 3246 1782 ΑΥΤΩ.

2948 1835 2995 1884 Λ

2322 1921 2394 1979 Ἦ
2457 1916 2670 1991 σῦναξις
2723 1924 2833 1976 τῶν
2890 1920 3064 1995 ἁγίων
3121 1923 3190 2000 ιβ’
3269 1924 3617 1981 ἀποστόλων.

2214 2040 2277 2097 Εἰ
2310 2060 2388 2095 κα
2427 2035 2653 2101 ἕκαστος
2682 2043 2789 2094 τῶν
2825 2038 2990 2115 άγίων
3025 2039 3347 2099 ἀποστόλων
3401 2042 3453 2099 ἐν
3481 2041 3661 2118 ίᾶλλῳ
3706 2040 3811 2099 καὶ

2141 2128 2302 2202 ἄλλῳ
2332 2133 2510 2203 καιρῷ
2566 2128 2963 2204 ἐμαρτύρησεν,
3047 2128 3175 2185 ἀλλ’
3234 2131 3327 2187 οῦν
3378 2134 3412 2201 ἡ
3496 2133 3808 2207 Ἐκκλησία

2138 2224 2239 2275 τοῦ
2294 2223 2429 2275 Θεοῦ
2487 2216 2577 2275 διὰ
2628 2221 2797 2292 τιμήν
2864 2215 3317 2296 ὑπερϐάλλουσαν
3375 2223 3618 2299 ἑορτάζει
3698 2228 3808 2295 τήν

2141 2309 2353 2381 σύναξιν
2406 2307 2640 2375 τούτων,
2700 2308 2942 2384 ἐχόμενα
3023 2317 3126 2379 τῆς
3188 2314 3414 2386 μνήμης
3468 2318 3578 2369 τῶν
3634 2315 3810 2391 ἁγίων

2141 2398 2464 2456 ἀποστόλων
2518 2399 2727 2471 Πέτρου
2783 2399 2901 2455 καὶ.
2934 2399 3178 2468 Παύλου,
3240 2403 3329 2458 καὶ
3390 2402 3594 2460 πάντας
3654 2406 3808 2477 ὁμοῦ

2141 2490 2497 2565 ἐγκωμιάζει,
2545 2488 2620 2552 ὠς
2683 2489 2812 2563 τὴνξ
2845 2489 3175 2563 οἰκουμένην
3228 2492 3590 2570 φωτίσαντας.
3622 2496 3807 2554 Ἔστω

2139 2578 2328 2634 τοίνυν
2361 2583 2462 2634 πᾶν
2502 2582 2721 2653 πρῶτος
2778 2576 3011 2642 ἐπαίνων
3065 2578 3283 2654 ἐπάξιος
3338 2581 3564 2655 Πέτρος,
3613 2581 3644 2637 ὁ
3682 2579 3802 2638 δι-ά.

2141 2690 2314 2741 πυρος
2351 2670 2627 2742 μαθητής,
2662 2668 2689 2723 6
2723 2667 2829 2724 ὑπὸ
2859 2668 3112 2743 Νέρωνος
3170 2668 3308 2725 κατά
3364 2671 3607 2747 κεφαλῆς
3639 2693 3805 2728 σταυο

2143 2759 2359 2837 ρωθείς.
2407 2758 2668 2833 Δεύτερος
2745 2757 2963 2818 Παῦλος
3021 2757 3085 2814 τὸ
3144 2763 3335 2822 σκεῦος
3394 2767 3493 2830 τῆς
3549 2759 3806 2839 ἐκλογῆς·

2141 2854 2169 2908 ὁ
2259 2851 2346 2906 ὑπ’
2409 2847 2576 2904 αὐτοῦ
2635 2846 3121 2925 ἀποκεφαλισθείς.
3206 2849 3402 2922 Τρίτος
3462 2850 3722 2925 Ἀνδρέας
3780 2854 3821 2909 6

2140 2939 2560 3013 πρωτὸκλητος,
2595 2940 2623 2994 6
2682 2939 2771 2994 ὑπ’
2796 2938 3064 3013 Αἷγεάτου
3092 2937 3144 2993 ἐν
3178 2935 3387 3013 δένδρῳ
3447 2942 3801 3017 σταυρωθείς.

2138 3031 2406 3105 Τέταρτος
2441 3023 2703 3090 Ἰάκωϐος
2805 3032 2904 3083 τοῦ
2962 3022 3272 3099 Ζεϐεδαίου,
3306 3030 3334 3085 6
3397 3030 3502 3086 ὑπὸ
3544 3030 3798 3107 Ἡρώδου

2144 3123 2394 3198 μαχαίρᾳ
2424 3119 2662 3199 σφαγείς.
2701 3118 2957 3192 Πέμπτος
2988 3119 3018 3176 6
3075 3118 3271 3175 τούτου
3332 3118 3572 3200 ἀδελιιοὸς
3617 3124 3802 3179 Ἱωάν-

2139 3237 2257 3287 νης,
2291 3215 2319 3269 6
2353 3216 2460 3282 ζῶν
2489 3208 2677 3289 ταφεὶς
2735 3209 2825 3265 καὶ
2889 3210 3226 3283 μετατεθείς.
3273 3213 3468 3275 Ἕκτος
3510 3212 3795 3276 Φίλιππος

373 3318 504 3358 mas
530 3299 830 3372 Didymus,
866 3296 938 3353 ab
962 3296 1124 3352 Indis
1154 3294 1380 3350 lanceis
1412 3291 1747 3348 confossus.
1781 3290 2027 3346 Octavus

2137 3307 2164 3362 6
2225 3302 2329 3359 ὑπὸ
2382 3298 2666 3370 Ἑλλήνων
2716 3297 2769 3354 ἰν
2855 3298 3031 3374 τείχει
3088 3301 3427 3373 κρεμασθείς.
3509 3296 3796 3373 Ἕϐδομος

375 3389 844 3448 Bartholommus
868 3387 930 3443 in
962 3402 1201 3442 crucem
1250 3390 1438 3439 actus.
1472 3384 1673 3439 Nonus
1723 3379 2032 3436 Matthaz-us

373 3479 673 3553 lapidibus
708 3476 1266 3535 obrutus.Decimus
1304 3471 1558 3529 Iacobus
1582 3468 2029 3543 Alphmi.Unde-

370 3571 563 3631 cimus
591 3568 789 3625 Simon
835 3567 1086 3623 Zelotes.
1135 3562 1534 3621 Duodecimus
1588 3560 1773 3617 Judas
1828 3557 2027 3617 Jacobi

374 3675 701 3733 suspensus
723 3664 902 3731 atque
935 3656 1070 3711 telis
1101 3654 1433 3711 confossus.

772 3834 1197 3930 MENSE
1260 3828 1613 3927 JULIO

1012 3977 1115 4034 Die
1156 3975 1372 4034 prima.

1012 3993 1115 4034 me
1201 3993 1372 4032 rima.

363 4073 515 4133 147
580 4071 869 4127 Certamen
897 3993 1211 4125 sanrtorurpiz
1246 4068 1673 4135 Anargyrorum
1730 4062 1931 4119 Cosmus
1970 4070 2023 4118 et

684 4144 945 4200 Πανιιὶαηί
974 4142 1079 4213 qui
1135 4141 1316 4196 Romae
1348 4136 1697 4192 claruerunt.

434 4263 676 4320 Cosmas
708 4267 767 4319 et
811 4260 1162 4320 Damianus.
1212 4255 1430 4312 Christi
1461 4258 1773 4325 martyres,
1808 4252 2019 4309 Cariuo

360 4349 1242 4427 imperante.clarueruut.Cum
1275 4351 1472 4401 autem
1498 4341 1870 4415 professione
1894 4358 2021 4399 me-

360 4444 475 4500 dici
516 4448 738 4507 essent,
775 4456 1017 4496 omnem
1077 4434 1438 4493 oberrabant
1493 4431 1711 4501 locum,
1747 4432 2020 4489 inﬁrmos

357 4533 671 4592 universos
699 4535 1002 4589 curantes,
1040 4526 1393 4596 nullamque
1421 4521 1601 4578 aliam
1634 4521 1707 4576 ab
1739 4522 1833 4591 iis,
1870 4539 2019 4594 quos

357 4618 1006 4686 sanabant,curationis
1037 4613 1373 4672 mercedem
1409 4619 2017 4685 exposcentes.quam

2140 3389 2397 3463 Θωμᾶςό
2428 3383 2664 3457 Δίδυμος
2696 3386 2725 3440 6
2787 3386 2891 3441 ὑπὸ
2943 3382 3128 3443 Ἰνδῶν
3183 3386 3425 3463 λόγχαις
3478 3387 3797 3463 ἀναιρεθείς,

2138 3476 2375 3553 Ὄγδοος
2408 3474 2826 3549 Βαρθολομαῖος
2870 3476 2897 3532 ὁ
2954 3474 3303 3551 σταυρωοεζς,
3336 3479 3589 3539 “Evn”;
3644 3484 3802 3537 Ματ,

2139 3576 2294 3635 θαῖος
2330 3570 2358 3624 6
2417 3560 2835 3636 λιθοϐοληθείς.
2898 3565 3129 3628 Δέκατος
3190 3561 3451 3629 Ἰάκωϐος
3511 3566 3806 3645 Ἀλιραίου.

2135 3656 2456 3720 Ἐνδέκατος
2510 3655 2699 3729 Σίμων
2760 3657 2787 3710 6
2845 3652 3133 3725 Ζηλωτής.
3200 3652 3518 3719 Δωδέκατος
3597 3655 3809 3721 Ἰούδας

2133 3742 2405 3807 Ἰακώϐου
2434 3746 2761 3823 γρεμασθεῖς
2794 3744 2883 3800 καὶ
2900 3745 3197 3821 τοξευθείς.

2557 3862 2886 3959 ΜΗΝΙ
2970 3860 3409 3959 ΙΟΥΛΙΩ

2738 3998 2827 4054 Ἐν
2854 4000 2922 4072 τῇ
2963 4016 3174 4073 πρωτῃ.

2201 4089 2477 4163 Ἀθλησις
2527 4092 2635 4145 τῶν
2725 4086 2891 4165 ἁγίων
2932 4086 3296 4165 ῘΑν-αργῦρων
3356 4091 3552 4165 Κοσμᾶ
3617 4092 3709 4148 καὶ

2583 4160 2861 4235 Δαμιανοῦ
2889 4162 2999 4216 τῶν
3030 4160 3087 4215 ἐν
3112 4160 3324 4236 Ῥώμῃ.

2146 4256 2151 4257 ⁷
2199 4258 2427 4327 Κοσμᾶς
2485 4252 2572 4307 καὶ
2634 4251 2922 4325 Δαμιανὸς,
2955 4249 3009 4304 οἱ
3062 4253 3160 4306 τοῦ
3218 4253 3459 4327 Χριστοῦ
3492 4253 3787 4330 μάρτυρες,

2130 4345 2383 4420 ὑπῆρχον
2420 4342 2515 4417 μὲν
2549 4339 2636 4397 ἐπὶ
2692 4347 2795 4410 τῆς
2852 4338 3130 4416 βασιλείας
3181 4339 3435 4413 Καρίνου.
3466 4344 3666 4418 Ἰατροί
3725 4341 3786 4400 δὶ

2127 4428 2278 4496 ὅντες
2307 4434 2408 4502 τὴν
2460 4433 2691 4508 τέχνην,
2745 4432 3120 4506 περιήρχοντο
3171 4433 3348 4486 πάντα
3400 4432 3593 4501 τόπον,
3651 4439 3783 4490 πᾶσι

2125 4530 2244 4586 τοῖς
2300 4524 2582 4580 ἀσθενοῦσι
2642 4522 2977 4598 παρέχοντες
3030 4522 3126 4584 τάς
3187 4522 3377 4593 ἰάσεις,
3435 4525 3627 4598 μισθὸν
3678 4532 3785 4595 τῆς

2128 4613 2367 4689 ἰατρείας
2423 4611 2699 4675 αἰτοῦντες
2778 4610 2907 4673 τοὺς
2983 4614 3452 4686 θεραπευομένους
3508 4617 3609 4684 τήν
3701 4616 3783 4680 εἷς

358 4709 658 4767 utChristi
693 4709 867 4763 ﬁdem
902 4706 1406 4778 amplecterentur
1458 4701 1569 4758 Sed
1603 4702 2013 4759 existimantes

2137 4704 2361 4778 Χριστὸν
2414 4709 2620 4757 πίστιν.
2668 4698 3108 4780 Ὕπολειιρθέντες
3168 4701 3260 4757 οὖν
3319 4704 3465 4778 παρᾶ
3517 4710 3625 4761 τῶν
3683 4727 3786 4762 πε-

363 4799 589 4857 seducti
626 4796 1124 4853 idololatraaillos
1151 4793 1392 4865 magicis
1432 4792 1660 4849 artibus
1678 4793 2017 4849 curationes

356 4890 575 4953 facere,
611 4886 953 4958 imperatori
988 4883 1277 4939 detulere.
1328 4881 1724 4948 Quamobrem
1743 4899 2019 4953 compre-

359 4978 557 5038 hensi.
590 4975 1109 5049 compellebantur
1155 4972 1455 5028 Christum
1487 4971 1783 5043 abnegare
1811 4988 1823 5025 :
1856 4971 2017 5043 quod

356 5085 490 5125 cum
519 5068 712 5124 facere
757 5070 1119 5128 recusarent,
1150 5063 1224 5119 ad
1252 5063 1545 5136 supplicia
1589 5077 1720 5117 sese
1744 5062 2018 5134 accinge-

359 5160 522 5215 bant.
561 5160 771 5213 Verum
806 5154 1018 5211 Christi
1040 5154 1256 5210 virtute
1286 5154 1709 5224 imperatorem
1734 5150 2014 5209 Carinum

357 5249 429 5305 ab
454 5264 654 5305 errore
678 5250 1028 5303 revocarunt
1054 5243 1217 5300 Collo
1242 5242 1400 5298 enim
1420 5241 1618 5297 luxato
1637 5239 2013 5297 laborantem

358 5344 665 5396 curarunt.
701 5338 1145 5407 effeceruntque
1173 5340 1382 5390 utnon
1410 5330 1603 5386 solum
1628 5332 1753 5401 ipse
1776 5330 1835 5386 in
1856 5332 2017 5388 Chri-

361 5437 519 5485 stum
552 5425 955 5483 crederet.sed
979 5432 1037 5481 et
1067 5440 1277 5479 omnes
1306 5422 1471 5477 illius
1492 5420 1826 5477 domestici.
1865 5422 2013 5480 Hinc

356 5520 416 5574 in
443 5519 669 5574 honore
704 5515 911 5580 habiti,
962 5514 1248 5570 invidiam
1306 5510 1570 5584 magistri
1602 5510 1754 5568 148
1787 5512 1875 5566 sui
1913 5528 2010 5568 su-

357 5606 542 5663 biere.
570 5608 632 5662 tn
667 5612 929 5661 montem
972 5606 1171 5675 itaque
1226 5602 1298 5657 ab
1349 5617 1418 5657 eo
1451 5599 1711 5669 deducti,
1739 5600 1811 5658 ad
1843 5601 2005 5659 colli.

365 5695 589 5766 gendas
613 5694 844 5752 scilicet
873 5694 1112 5766 herbas,
1144 5691 1394 5766 lapidati
1425 5696 1582 5749 sunt.

2124 4790 2493 4865 πλανημένων
2527 4788 2981 4863 εἰδωλολατρῶν,
3013 4792 3087 4856 ὡς
3135 4790 3223 4848 διά
3280 4801 3518 4872 μαγικῆς
3573 4797 3781 4871 τέχνης

2124 4884 2219 4946 τὰς
2276 4882 2563 4958 θεραπείας
2621 4885 2929 4951 ποιοῦντες,
2981 4883 3432 4956 κατεμηνύθησαν
3488 4885 3566 4956 τῷ
3624 4885 3779 4961 βασι·

2126 4975 2234 5031 λεῖ.
2291 4974 2387 5028 Καὶ
2438 4973 2795 5048 κρατηθέντες
2861 4973 3235 5049 ἠναγκάζοντο
3296 4975 3629 5051 ἀρνήσασθαι
3688 4977 3781 5033 τὸν

2124 5064 2383 5137 Χριστόν.
2421 5062 2525 5120 Καὶ
2562 5065 2636 5135 μή
2667 5064 2997 5133 πεισθέντες,
3050 5065 3187 5139 πρὸς
3251 5065 3519 5140 βασάνους
3577 5067 3776 5143 ηὖτρε-

2124 5152 2371 5225 ’κτίζοντα
2403 5152 2549 5209 ἀλλὰ
2588 5150 2809 5226 δυνάμει
2869 5153 3114 5226 Χριστοῦ
3169 5153 3263 5210 τὸν
3327 5155 3556 5230 βασιλέα
3613 5162 3778 5233 Κειρῖ-

2121 5265 2212 5299 νον
2257 5250 2357 5314 τῆς
2410 5241 2624 5313 πλάνης
2679 5240 3026 5315 ἀπήλλαξαν.
3081 5242 3615 5320 Ἐκτραχηλισθέντα
3672 5246 3777 5323 γάρ

2125 5333 2284 5390 αὐτὸν
2366 5332 2675 5407 τασάμενοι,
2735 5332 2796 5389 οὐ
2878 5333 3071 5406 μόνον]
3128 5333 3288 5390 αὐτὸν
3378 5334 3775 5410 παρεσκεῦασαν

2120 5427 2399 5480 πιστεῦσαι
2432 5422 2511 5495 τῷ
2543 5425 2783 5497 Χριστῷ.
2817 5422 2964 5479 ἀλλά
3011 5422 3099 5479 καὶ
3131 5424 3259 5486 τοὺς
3313 5424 3550 5488 οἰκείους
3606 5427 3777 5482 αὐτοῦ

2120 5516 2342 5576 πάντας.
2380 5514 2475 5570 Ἐκ
2502 5511 2704 5567 τούτου
2736 5513 2831 5567 οὗν
2867 5512 2918 5567 ὲν
2978 5516 3117 5588 τιμῇ
3178 5510 3479 5589 διάγοντες,
3538 5514 3779 5590 ἐφθονήε

2122 5615 2288 5673 θησαν
2349 5603 2495 5680 παρὰ
2547 5607 2647 5658 τοῦ
2698 5599 3033 5659 διδασκάλου
3088 5602 3289 5664 αὐτῶν.
3351 5605 3452 5662 Καὶ
3508 5604 3584 5667 εἰς
3645 5600 3775 5680 ὅρος

2119 5693 2447 5767 ἀναχθέντες
2476 5693 2604 5769 παρ’
2660 5694 2829 5750 αὐτοῦ
2882 5691 3042 5764 δῆθεν
3085 5693 3176 5753 ἐπὶ
3215 5692 3469 5773 συλλογῇ
3503 5696 3778 5773 βοτανῶν,

2119 5775 2497 5856 ἤλιθοϐολήθη
2506 5801 2600 5849 σαν
2611 5824 2623 5840 .
