4108 6456
406 414 526 474 519

1727 403 2169 470 MENOLOGII
2212 407 2425 472 PARS
2469 406 2580 470 Ill.

3698 413 3841 473 320

403 565 597 623 aegros
623 547 851 604 curavit
876 549 1248 602 Postremum
1269 551 1326 601 et
1342 545 1469 618 ipse
1489 542 1840 618 aegritudine
1863 559 2030 600 corrc

2171 538 2460 617 ἄρχοντος,
2493 539 2584 596 καὶ
2641 542 2708 597 τὰ
2767 541 2936 613 σκέλη
2997 538 3322 618 συντριϐεὶς,
3381 540 3712 614 ἀπεκλείσθη
3756 543 3834 607 είς

413 648 570 713 ptus,
604 639 675 694 ad
707 638 1021 694 Dominum
1053 636 1344 710 migravit.

471 931 544 986 Et
575 928 1014 985 commemoratio
1044 926 1221 982 sancti
1251 925 1435 981 Patris
1471 924 1651 980 nostri
1684 921 1986 978 Iuvenalis.

471 1129 720 1184 Sanctus
751 1127 926 1180 Pater
969 1129 1173 1179 noster
1212 1122 1531 1188 Juvenalis,
1580 1121 1907 1178 Theodosio
1947 1121 2062 1177 mi-

400 1235 546 1275 nore
577 1217 931 1288 imperante.
957 1213 1504 1286 Hierosolymorum
1529 1213 1740 1268 tertius
1767 1218 1901 1284 post
1923 1228 2058 1268 san-

397 1307 734 1363 ctissimum
765 1303 1052 1376 Cyrillum
1085 1302 1422 1374 patriarcha
1460 1301 1669 1365 factus,
1705 1300 1893 1355 adfuit
1922 1318 2059 1358 mox

395 1401 457 1455 in
475 1397 700 1470 synodo
714 1395 1010 1467 Ephesina
1027 1394 1416 1449 ducentorum
1437 1398 1777 1448 sanctorum
1794 1394 2055 1461 Patrum,

398 1489 497 1544 ubi
520 1504 637 1542 uua
659 1503 795 1541 cum
817 1484 1036 1540 celebri
1059 1483 1276 1555 Cyrillo
1303 1482 1636 1553 patriarcha
1658 1481 2054 1537 Alexandrino

397 1576 775 1636 sermonibus
798 1582 857 1631 et
880 1573 1254 1645 dogmatibus
1277 1571 1528 1626 refulsit.
1557 1572 1830 1627 Pervenit
1855 1578 2055 1627 autem

393 1684 584 1739 usque
617 1667 689 1721 ad
721 1663 1267 1720 Chalcedonensem
1302 1669 1573 1734 quartam
1597 1661 1914 1733 synodum,
1938 1663 2050 1718 im-

394 1765 641 1832 perante
664 1756 979 1819 Marciano,
1001 1753 1461 1808 Blachernarum
1492 1752 1696 1822 templi
1721 1752 2050 1809 conditore:

392 1849 486 1904 cui
512 1845 860 1910 sciscitanti,
878 1843 977 1898 ubi
1003 1843 1339 1914 depositum
1366 1841 1578 1896 fuisset
1601 1841 2052 1898 immaculatum

2175 633 2443 706 φυλακήν.
2507 631 2603 686 Καὶ
2660 638 2760 702 τῆς
2819 632 3070 710 φυλακῆς
3131 633 3448 702 ἀπολυθεῖς,
3481 633 3569 688 καὶ
3612 654 3836 709 περιερσ

2172 723 2412 797 χέμενος
2447 727 2617 777 πᾶσαν
2651 723 2863 796 χώραν,
2909 723 2999 778 καὶ
3055 723 3184 788 τοὺς
3237 727 3531 786 νοσοῦντας
3574 723 3837 800 ἰώμενος,

2171 813 2410 883 νοσήσας
2441 811 2532 866 καί
2559 811 2742 882 αὐτὸς,
2776 813 2913 889 πρὸς
2943 813 3142 888 Κύριον
3174 810 3322 887 ἐξεδη
3336 834 3530 886 μησεν.

2276 919 2382 979 Καὶ
2411 920 2606 993 μνήμη
2639 923 2735 974 τοῦ
2775 917 2826 974 ἐν
2877 919 3056 1046 ἁγῗις
3090 921 3301 993 Πατρὸς
3328 923 3491 994 ἡμῶν
3527 915 3727 980 Ἰουόε-

2889 1012 2957 1046 να
3004 1012 3108 1046 ιου.

2889 1012 3108 1049 ναΛιου.

2240 1121 2604 1190 ’Ῐουϐενόίλιος
2637 1128 2666 1182 ὁ
2698 1126 2748 1182 ἐν
2785 1124 2963 1202 ἁγίοις
3014 1128 3203 1202 Πατὴρ
3251 1131 3438 1200 ἡμῶν,
3483 1129 3702 1206 ὑπῆρχε
3735 1130 3836 1202 μὲν

2166 1216 2252 1272 ἐπὶ
2282 1225 2382 1285 τῆς
2420 1216 2699 1293 βασιλείας
2754 1214 3044 1272 θεοδοσίου
3096 1221 3192 1272 τοῦ
3253 1223 3473 1295 μικροῦ,
3512 1219 3698 1294 τρίτος
3728 1239 3835 1274 παι

2163 1310 2437 1383 τριὰρχης
2492 1303 2898 1382 Ἱεροσολύμων
2985 1307 3280 1381 γενόμενος
3351 1308 3488 1380 μετὰ
3544 1306 3828 1383 Κύριλλον

2161 1398 2254 1452 τὸν
2283 1397 2604 1471 ἁγιώτατον.
2656 1402 2838 1467 Παρῆν
2899 1394 2957 1452 δὲ
3013 1396 3104 1451 καὶ
3160 1401 3229 1471 τῇ
3291 1397 3581 1475 ἰνἚφέσῳ
3613 1396 3832 1471 συνόδῳ

2161 1492 2270 1542 τῶν
2300 1484 2594 1541 διακοσίων
2643 1484 2808 1560 ἁγίων
2871 1490 3145 1560 Πατέρων,
3192 1484 3507 1561 διαλάμψας
3548 1487 3599 1542 ἐν
3633 1487 3828 1563 λόγοις

2161 1576 2250 1631 καὶ
2285 1574 2518 1651 δόγμασι
2555 1575 2689 1648 μετὰ
2721 1576 3001 1648 ΚυρίλΛου
3029 1579 3125 1630 τοῦ
3179 1573 3442 1649 ἀοιδίμου
3472 1577 3828 1653 πατριάρχου

2162 1663 2594 1738 Ἀλεξανδρείας.
2657 1665 2892 1740 Ἔφθασε
2950 1661 3008 1719 δὲ
3063 1663 3152 1718 καὶ
3216 1665 3385 1738 μέχρι
3435 1672 3536 1732 τῆς
3579 1663 3631 1720 ἐν
3659 1665 3826 1722 Χαλ-

2160 1752 2353 1822 κηδόνι
2411 1754 2672 1828 τετάρτης
2729 1750 2981 1817 συνόδου,
3042 1750 3128 1806 ἐπὶ
3190 1759 3291 1820 τῆς
3354 1751 3634 1827 βασιλείας
3668 1760 3831 1826 Μαρ-

2159 1848 2348 1898 κιανοῦ
2404 1847 2502 1898 τοῦ
2549 1841 2826 1904 κτίσαντος
2885 1843 2977 1897 τὸν
3037 1839 3089 1896 ἐν
3151 1840 3492 1918 Βλαχέρναις
3523 1842 3674 1899 ναὸν.
3709 1843 3826 1920 Ὑφ’

389 1939 490 1994 Dei
512 1937 652 1992 Geni
665 1935 826 1990 tricis
839 1931 1297 2005 corpus,utinde
1317 1931 1687 1987 trausferend
1700 1948 1792 1987 um
1815 1949 2033 1988 curare

2165 1933 2227 1987 οὗ
2262 1933 2579 2004 ἐρωτηθεῖς,
2610 1935 2722 1986 ποῦ
2752 1931 2904 2001 ἐτέθη
2959 1933 3021 1985 τὸ
3078 1934 3178 1995 τῆς
3234 1933 3583 2005 Θεομήτορος
3614 1928 3828 2007 ἄχραν-

386 2025 804 2098 inillud,quod
831 2028 1243 2080 construxerat
1276 2021 1584 2093 templum.
1617 2022 1946 2093 respondit,
1981 2040 2051 2078 ex

388 2120 685 2189 scriptura
715 2115 956 2188 quidem
991 2130 1054 2169 se
1086 2113 1236 2168 nihil
1267 2113 1419 2168 scire
1444 2130 1458 2180 ;
1480 2130 1549 2167 ex
1571 2113 1818 2183 antiqua
1852 2118 2048 2167 tamen

386 2209 706 2264 traditione
730 2223 791 2261 se
810 2205 1051 2260 doctum
1077 2202 1554 2273 fuisse.Deiparre
1578 2218 1792 2272 corpus
1815 2217 2044 2257 assum-

385 2306 552 2371 ptum
577 2296 782 2350 fuisse.
810 2293 1034 2348 relictis
1066 2293 1126 2347 in
1159 2291 1433 2362 sepulcro
1467 2290 1610 2346 solis
1644 2291 1798 2346 I50
1829 2291 2044 2347 lintea-

387 2386 669 2442 minibus.
704 2386 849 2438 Tum
893 2397 1026 2436 vero
1078 2381 1402 2451 imperator
1450 2379 1589 2433 inde
1641 2379 1949 2446 translata,
1984 2380 2044 2436 in

388 2474 734 2532 Blacbernis
764 2471 1058 2543 deposuit.
1107 2470 1356 2524 Sanctus
1408 2477 1606 2524 autem
1654 2470 1951 2525 Juvenalis
1981 2471 2042 2526 in

381 2564 688 2637 propriam
716 2560 1030 2618 ecclesiam
1061 2575 1383 2631 regressus,
1409 2559 1469 2614 in
1501 2574 1644 2631 pace
1667 2557 2040 2616 obdormivit.

932 2766 1174 2823 EODEM
1233 2763 1484 2820 MENSE.

1040 2856 1143 2912 Die
1183 2854 1376 2910 tertia.

375 2953 662 3010 Certamen
712 2953 1033 3005 sanctorum
1081 2951 1386 3017 martyrum
1442 2946 1620 3002 Marci
1673 2950 1728 3002 et
1769 2947 2032 3003 Maciani.

442 3140 670 3196 Marcus
697 3141 756 3192 et
785 3135 1108 3196 Mocianus,
1142 3133 1356 3189 Christi
1409 3137 1722 3205 martyres,
1775 3148 1843 3189 eo
1874 3132 2032 3205 quod

369 3229 664 3285 Christum
723 3226 1174 3290 confiterentur,
1227 3223 1645 3294 comprehensi
1704 3222 1947 3279 fuerunt
1998 3240 2033 3280 a

2156 2044 2248 2078 τον
2283 2028 2464 2097 σῶμα,
2524 2021 2674 2083 ὅπως
2732 2019 3061 2085 ἀποστείλας
3118 2015 3485 2091 ἀναλαϐηται,
3534 2020 3625 2076 καὶ
3671 2021 3826 2076 ἀπό-

2158 2115 2317 2183 θηται
2382 2112 2509 2168 αὐτὸ
2568 2109 2620 2166 ἐν
2678 2115 2758 2182 τῷ
2803 2109 3042 2183 τοιούτῳ
3099 2114 3232 2176 ναῶ,
3266 2107 3390 2187 ἔφη’
3447 2109 3553 2165 ἀπὸ
3600 2116 3828 2186 Γραφῆς

2160 2203 2253 2273 μὲν
2290 2203 2365 2274 μὴ
2400 2199 2619 2270 εἰδέναι,
2652 2199 2704 2270 ἐξ
2732 2199 2967 2275 ἀρχαίου
3023 2199 3080 2254 δὲ
3134 2196 3305 2274 λόγου
3339 2196 3691 2274 διδαχθῆναι,
3734 2201 3826 2255 δτι

2154 2291 2460 2370 ἀνελήφθη,
2502 2289 2969 2367 καταλειφθέντων
3041 2287 3093 2343 έν
3151 2293 3229 2360 τῷ
3283 2287 3440 2361 τάφῳ
3498 2288 3679 2361 μόνων
3710 2294 3826 2344 τῶν

2153 2380 2439 2453 ἐνταφίων·
2499 2382 2624 2436 τότε
2675 2381 2702 2435 ὁ
2755 2380 2848 2450 μὲν
2909 2377 3162 2452 βασιλεὺς
3218 2378 3547 2439 ἅποστείλας
3607 2377 3820 2434 ἀνελὰ-

2151 2468 2276 2526 ϐετο
2333 2469 2488 2525 αὖτὰο
2548 2470 2636 2525 καὶ
2695 2469 2920 2524 ἀπέθετο
2979 2467 3034 2523 ἐν
3095 2469 3452 2545 Βλαχέρναις’
3489 2468 3516 2523 ὁ
3549 2464 3606 2522 δὲ
3660 2470 3820 2542 ἅγιος

2150 2556 2518 2623 Ἰουόεναλιος
2552 2560 2893 2636 ὑποστρέψας
2934 2557 3012 2622 εἰς
3067 2560 3167 2628 τήν
3227 2555 3369 2612 ἰδίαν
3401 2555 3722 2627 ἐκκλησίαν,
3759 2557 3817 2612 ἐν

2150 2650 2336 2725 ιίοήνῃ
2364 2650 2663 2723 ἐκοιμήθη.

2688 2768 2867 2824 MENI
2907 2771 2990 2844 τᾳ
3032 2766 3234 2845 arm.

2952 2855 3004 2910 Γ.

2212 2947 2487 3017 ’Ἃθλησις
2537 2949 2644 3003 τῶν
2696 2945 2861 3023 ἁγίων
2899 2944 3188 3034 μαρτέρων
3227 2942 3458 3020 Μάρκου
3483 2946 3574 3002 καὶ
3604 2950 3738 3005 Μω-

2871 3039 3081 3082 κιανου,

2215 3136 2442 3210 Μάρκος
2470 3134 2562 3190 καὶ
2605 3134 2916 3199 Μωκιανὸς,
2972 3135 3026 3189 οἳ
3079 3137 3179 3190 τοῦ
3227 3134 3467 3207 Χριστοῦ
3517 3132 3815 3209 μάρτυρες,

2138 3227 2497 3300 κρατηθέντες
2555 3223 2649 3280 διὰ
2703 3227 2802 3294 τήν
2863 3223 2943 3288 εἷς
3000 3224 3233 3300 Χριστὸν
3296 3223 3601 3300 ὁμολογίαν
3649 3226 3806 3298 παρά

370 3319 621 3375 Maximo
657 3318 952 3389 praefecto.
999 3313 1096 3386 qui
1150 3312 1308 3369 illos.
1341 3317 1406 3367 ut
1458 3311 1856 3367 Christianam
1890 3312 2031 3368 reli-

2152 3317 2393 3388 Μαξίμου
2449 3319 2547 3372 τοῦ
2619 3315 2890 3391 ἐπάρχου,
2967 3313 3304 3389 ἀρνήσασθαι
3369 3315 3457 3388 μὲν
3505 3313 3594 3368 τὸν
3653 3314 3796 3386 Χρι-

366 3411 604 3484 gionem
638 3406 1018 3478 abnegarent.
1073 3407 1128 3457 et
1177 3401 1475 3456 idolorum
1525 3402 1933 3474 superstitioni
1966 3419 2027 3458 se

2152 3407 2476 3479 ττιανισμὸν,
2556 3405 2828 3478 ὑποκύψαι
2887 3402 2948 3460 δὲ
3002 3408 3070 3478 τῇ
3129 3402 3313 3479 πλανῇ
3386 3409 3490 3459 τῶν
3548 3399 3798 3458 εἰδώλων

367 3497 811 3561 submitterent,
837 3493 1197 3564 compellere
1254 3497 1506 3548 conatus
1561 3497 1668 3548 est.
1721 3491 1832 3547 Sed
1882 3492 2026 3548 dum

2152 3495 2629 3571 ιατηναγκὰζοντο.
2664 3493 3108 3566 Βασανιζομένων
3166 3494 3257 3549 οὖν
3315 3491 3548 3558 τούτων,
3579 3489 3804 3548 παιδίον

365 3589 794 3644 cruciarentur.
819 3582 1097 3656 parvulus
1121 3579 1364 3652 quidam
1391 3597 1556 3653 puer.
1584 3581 1684 3652 qui
1713 3598 1830 3635 aras
1849 3581 2023 3637 sacri-

2152 3586 2335 3658 αικρὸν
2370 3585 2650 3656 παρεστὼς
2683 3588 2762 3655 τῷ
2815 3585 2992 3660 βωμῷ
3045 3587 3152 3638 τῶν
3214 3584 3440 3650 θυσιῶν,
3473 3580 3673 3657 ἤλεγξε
3703 3584 3806 3638 τὸν

364 3677 670 3734 ﬁcantium
702 3673 994 3739 adstabat,
1027 3671 1370 3742 praefectum
1419 3670 1832 3742 reprehendit,
1867 3671 2025 3743 quod

2152 3668 2376 3750 ἔπαρχον
2435 3671 2745 3728 ἀδικοῦντα.
2808 3672 2905 3727 Καὶ
2974 3672 3233 3746 κρατηθὲν
3323 3670 3414 3726 καί
3500 3672 3804 3746 μαπιχθέν

361 3768 585 3839 injuste
611 3765 1208 3838 ageret.Quapropter
1222 3761 1450 3816 vinctus
1466 3767 1523 3815 et
1540 3760 1790 3834 ﬂagellis
1813 3778 2025 3828 czesus,

2152 3763 2468 3832 ὶπεκλείσθη
2527 3762 2605 3824 εἰς
2664 3761 2914 3840 φυλακὴν
2973 3761 3110 3834 μετὰ
3182 3760 3402 3816 Παύλου
3457 3761 3607 3825 τινὸς
3664 3762 3809 3836 Χρι-

363 3873 486 3913 una
505 3872 640 3912 cum
676 3853 856 3908 Paulo
891 3851 1145 3924 quodam
1181 3849 1538 3916 Christiano,
1573 3851 1674 3921 qui
1706 3851 1933 3917 aderat,
1967 3856 2027 3907 et

2152 3857 2353 3908 ιτιανοῦ
2384 3852 2673 3928 παρόντος,
2725 3852 2815 3906 καὶ
2873 3849 3002 3913 τοὺς
3063 3852 3248 3926 ἁγίους
3309 3855 3804 3926 θαρσοποιοῦντος.

364 3951 602 4002 sanctos
633 3941 957 4007 animabat,
986 3939 1044 3995 in
1069 3955 1367 3995 carcerem
1398 3940 1705 4010 conjectus
1728 3939 1856 3994 fuit.
1887 3940 2026 3995 Lata

2152 3943 2424 4015 δεξάμενοι
2485 3939 2542 3997 δὶ
2601 3943 2654 3997 οἱ
2734 3944 2883 4016 ἅγιοι
2955 3942 3054 4009 τὴν
3112 3938 3201 3996 διὰ
3258 3938 3444 4017 ξίφους
3505 3939 3811 4018 ἀπόφασιν,

362 4034 580 4090 deinde
611 4033 672 4088 in
701 4039 938 4088 sanctos
971 4029 1268 4086 sententia
1311 4029 1541 4100 capitis,
1575 4029 1717 4084 dum
1742 4029 1917 4083 vincti
1949 4029 2023 4084 ad

2152 4027 2334 4104 '{yovro
2368 4027 2589 4102 δέσμιον
2647 4027 2732 4084 ἐπὶ
2786 4030 3035 4098 θάνατον,
3094 4027 3532 4103 προσευχόμενοι
3562 4034 3642 4101 τῷ
3673 4034 3802 4101 Θεῷ

367 4131 620 4182 mortem
653 4124 1033 4178 ducerentur.
1068 4122 1251 4176 Deum
1284 4120 1554 4180 orabant,
1589 4121 1764 4191 eique
1803 4119 2022 4191 gratias

2152 4122 2222 4175 ιαὶ
2283 4120 2754 4196 εὐχαριστοῦντες,
2821 4121 2904 4174 ὅτι
2982 4118 3392 4189 κατηξίώθησαν
3470 4126 3571 4189 τῆς
3657 4119 3805 4194 ὑπὲρ

363 4217 634 4290 agebant,
668 4212 825 4286 quod
860 4211 1020 4283 digni
1062 4211 1246 4266 habiti
1301 4216 1501 4265 essent
1530 4210 1880 4282 martyrium
1914 4227 2020 4282 pro

2152 4211 2298 4266 ιῦτοῦ
2377 4209 2672 4283 μαρτυρίας
2748 4209 3064 4278 ἀξιωθῆναι.
3145 4207 3514 4272 Ἠκολοόθουν
3603 4205 3660 4263 δὲ
3739 4211 3807 4263 αἱ

363 4306 492 4378 ipso
524 4304 664 4376 pati.
701 4304 922 4359 Uxores
952 4307 1151 4356 autem
1200 4316 1406 4355 eorum
1456 4316 1590 4354 cum
1623 4299 1765 4355 filiis
1809 4299 2020 4356 ﬂentes

2152 4305 2382 4372 γυναῖκες
2437 4299 2612 4354 αὐτῶν
2667 4300 2801 4371 μετὰ
2854 4303 2962 4354 τῶν
3022 4299 3224 4353 τέκνων
3293 4297 3603 4362 κλαίουσαι,

361 4395 765 4468 sequebantur
794 4410 983 4465 usque
1015 4391 1089 4447 ad
1129 4393 1328 4447 locum
1384 4390 1660 4462 supplicii
1689 4407 1702 4445 :
1732 4407 1848 4462 quo
1884 4409 2020 4448 cum

2152 4393 2300 4445 τόπου
2329 4393 2426 4458 τῆς
2459 4391 2663 4446 ἑαυτῶν
2723 4395 2953 4467 σφαγῆς’
3017 4386 3143 4445 ἔνθα
3193 4387 3283 4443 καὶ
3341 4390 3638 4464 φθάσαντες
3693 4390 3812 4444 ἁττ-

357 4486 791 4560 pervenissent,
823 4483 1016 4556 capite
1049 4482 1304 4537 truncati
1337 4487 1494 4546 sunt,
1526 4481 1882 4536 venerandis
1911 4499 2017 4537 eo-

2156 4479 2586 4554 κεφαλίσοησαν,
2637 4479 2732 4542 τὰς
2787 4476 3030 4556 κεφαλὰς
3087 4477 3386 4552 δεξαμένων
3443 4483 3553 4535 τῶν
3594 4479 3810 4552 τιμίων

356 4593 490 4633 rum
523 4575 808 4631 uxoribus
839 4574 1032 4645 capita
1058 4570 1514 4644 excipientibus.

2152 4570 2304 4626 ιύτῶν
2339 4570 2629 4645 γυναικῶν.

3686 4296 3769 4353 ’έιυ
3780 4321 3809 4355 ε

357 4694 427 4751 Et
457 4691 896 4749 commemoratio
939 4691 1117 4745 sancti
1175 4689 1355 4742 Patris
1400 4689 1576 4760 nostri
1622 4688 1878 4744 Anatolii
1907 4706 2016 4760 pa-

2152 4686 2229 4744 ἰαὶ
2265 4688 2458 4760 μνήμη
2491 4689 2588 4740 τοῦ
2647 4683 2700 4760 ἐν
2761 4685 2942 4760 ἁγίοις
3001 4684 3212 4758 Πατρὸς
3261 4685 3422 4760 ἠμῷν
3464 4683 3812 4743 ’ΛνατοΑίου

720 4763 975 4817 triarchae
1023 4759 1655 4829 Constantinopolitani.
1908 4755 1928 4760 “

2267 4755 2276 4760 ⁷
2361 4755 2470 4813 τοῦ
2494 4755 2836 4833 πατριάρχου
2864 4755 3528 4821 Κωνσταντινουπόλεως.

433 4883 682 4937 Sanctus
705 4883 878 4936 Pater
894 4885 1100 4936 noster
1114 4878 1424 4935 Anatolius
1443 4878 1500 4934 in
1518 4879 1624 4935 civi
1635 4885 1752 4934 tate
1767 4880 2017 4937 Alexan-

357 4973 528 5031 drina
553 4979 746 5030 natus.
769 4972 1080 5044 presbyter
1106 4975 1232 5025 erat
1260 4973 1652 5028 sanctissimae
1675 4975 1777 5029 Dei
1802 4975 2011 5030 Eccle-

352 5065 475 5121 siaa.
507 5063 875 5136 temporibus
910 5061 1222 5118 Theodosii
1247 5063 1527 5131 junioris.
1561 5063 1644 5119 Ob
1678 5080 1846 5119 suam
1877 5081 2011 5120 vero

348 5153 627 5210 virtutem
660 5159 720 5208 et
749 5151 1102 5224 sapientiam
1133 5151 1564 5221 Apocrisiarius
1585 5151 2010 5209 Constantino-

350 5245 536 5319 polim
568 5245 787 5301 missus
829 5241 941 5296 fuit
983 5258 1017 5297 a
1067 5241 1343 5296 Dioscoro
1376 5242 1715 5311 patriarcha
1747 5243 2010 5299 Alexan-

348 5334 521 5392 drino
555 5333 852 5388 bteretico.
884 5331 946 5385 in
974 5347 1139 5403 spem
1166 5329 1419 5384 adducto
1453 5330 1600 5397 fore,
1635 5338 1699 5385 ut
1730 5333 2014 5406 suffraga-

351 5429 542 5480 torem
577 5423 747 5478 illum
779 5421 1028 5477 haberet
1066 5419 1324 5492 perversi
1375 5419 1465 5473 sui
1512 5419 1821 5492 dogmatis.
1855 5425 2000 5480 15!

353 5515 569 5568 Verum
602 5512 700 5566 ille
725 5509 952 5581 synodo
975 5508 1444 5564 Chalcedonensi
1470 5516 1694 5579 quartae
1716 5511 2007 5580 interfuit,

353 5608 410 5657 et
440 5618 558 5656 una
590 5618 724 5655 cum
758 5600 1051 5655 sexcentis
1089 5614 1155 5653 ac
1202 5597 1442 5670 triginta
1486 5600 1708 5654 sanctis
1740 5601 2009 5658 Patribus

355 5691 698 5747 Dioscorum
751 5690 1128 5746 anathemate
1177 5689 1503 5761 percussit:
1555 5707 1774 5750 nomen
1819 5696 2008 5752 sancti

353 5779 612 5837 Flaviani
643 5781 716 5838 ab
747 5781 958 5838 eodem
998 5782 1276 5840 Dioscoro
1330 5781 1392 5839 in
1443 5783 1741 5854 Ephesiae
1768 5784 2006 5843 latroci-

2194 4879 2516 4945 Ἀνατόλιος
2562 4883 2591 4939 ὁ
2650 4881 2702 4938 ἐν
2758 4881 2939 4957 ἁγίοις
2996 4882 3184 4957 Πατὴρ
3246 4884 3528 4955 ἡμῶν,ἧν
3578 4883 3673 4958 μὲν
3731 4883 3810 4942 ἐκ

2119 4979 2220 5042 τῆς
2273 4973 2492 5034 πόλεως
2550 4969 2987 5048 Ἀλεξανδρείας,
3047 4967 3415 5049 πρεσϐύτερος
3463 4976 3562 5036 τῆς
3610 4974 3802 5046 ἁγιω-

2118 5061 2287 5132 τάτης
2319 5065 2416 5116 τοῦ
2452 5065 2669 5137 μικροῦ.
2734 5062 2830 5116 Διὰ
2889 5059 2946 5116 δὲ
3003 5062 3099 5130 τῆν
3142 5061 3338 5137 ἀρετὴν
3373 5062 3538 5118 αὐτοῦ
3563 5061 3650 5116 καὶ
3684 5063 3805 5132 τήν

2119 5157 2343 5229 γνῶσιν,
2430 5151 2846 5228 ἀποκρισιὰριος
2931 5149 3260 5213 ἁποσταλεῖς
3346 5152 3425 5214 είς
3503 5159 3813 5207 Κωνσταν..

2121 5241 2439 5297 τινοὺπολιν
2485 5242 2586 5297 ὑπὸ
2641 5241 2939 5318 Διοσκόρου
2998 5242 3346 5318 πατριάρχου
3375 5239 3812 5316 Ἀλεξανδρείας

2121 5336 2217 5386 τοῦ
2249 5332 2544 5408 αἱρετικοῦ,
2604 5331 2926 5394 ἐλπίσαντος
2982 5332 3144 5387 αὐτὸν
3198 5332 3484 5409 ὁμόφρονα
3524 5327 3656 5404 ἕξειν
3685 5339 3811 5403 τῆς

2123 5421 2319 5485 οἰκείας
2375 5421 2713 5496 κακοδοξίας,
2771 5421 3095 5496 παρεγένετο
3142 5421 3192 5476 ἐν
3238 5424 3306 5495 τῇ
3363 5421 3416 5475 ἐν
3470 5419 3814 5489 Χαλκῆδόνι

2119 5513 2345 5587 τετάρτῃ
2404 5509 2635 5585 συνόδῳ’
2720 5511 2810 5566 καὶ
2897 5511 2987 5566 σὺν
3071 5517 3188 5573 τοῖς
3256 5511 3430 5587 ἁγίοις
3488 5509 3814 5582 ἑξακοσίοις

2117 5603 2409 5680 τριάκοντα
2492 5604 2758 5679 Πατρὰσιν
2844 5602 3240 5676 ἀναθεματίσας
3305 5605 3396 5658 τὸν
3459 5601 3806 5675 Διόσκορονο

2116 5693 2180 5749 τὸ
2209 5699 2305 5751 τοῦ
2338 5695 2491 5770 ἁγίου
2518 5687 2838 5751 Φλαὸιανοῦ
2888 5687 3064 5770 ὄνομα
3115 5693 3218 5748 ὑπὸ
3264 5691 3562 5766 Διοσκόρου
3593 5702 3804 5756 καθαι-
