4108 6466
264 464 380 524 521

1786 449 2084 518 JULIUS.

3578 461 3698 520 522

262 600 415 672 ρεθέν
485 596 540 654 έν
578 600 648 672 τῇ
708 597 917 676 Ἐφέσῳ
974 597 1240 673 λῃστρικῇ
1299 592 1535 668 συνόδῳ,
1591 595 1678 650 καὶ
1742 591 1926 648 ἄδικον

2060 587 2315 641 lantium
2340 585 2563 660 synodo
2587 603 2616 642 e
2641 587 2788 643 solio
2813 587 3129 658 deturbati,
3147 591 3489 666 injustaque
3511 600 3701 651 morte

264 690 498 744 θάνατον
557 687 707 762 παρὰ
792 693 897 743 τῶν
975 689 1263 762 αἱρετικῶν
1333 686 1753 760 ὒπομείναντος,
1810 687 1930 745 τοῖς

264 776 564 854 διπτύχοις
636 777 872 848 άνέταξε·
957 777 1045 832 καὶ
1127 775 1253 832 τοὺς
1341 773 1648 850 αἰρετικοῦς
1734 771 1932 834 πάντας

263 869 677 941 ἆνεθεμάτισεν.
735 867 866 924 Εἶτα
923 865 1273 943 πατριάρχης
1324 864 1735 942 προχειρισθεὶς
1777 865 1934 920 Κων-

262 953 798 1024 σταντινουπόλεως,
851 955 938 1010 καὶ
1000 952 1186 1018 καλῶς
1267 955 1330 1010 τὸ
1415 953 1674 1027 ποίμνιον
1733 949 1931 1022 ίθύνας,

259 1047 405 1122 πρὸς
439 1045 568 1101 Θεὸν
603 1043 755 1119 ἐξεδή
767 1066 959 1118 μησεν.

409 1189 514 1247 Καὶ
547 1186 779 1260 ἄθλησις
823 1193 921 1244 τοῦ
969 1189 1124 1266 ἁγίου
1180 1187 1452 1265 μάρτυρος
1487 1185 1792 1243 Ὑακίνθου.

337 1336 644 1404 Ὑάκινθος,
706 1335 734 1388 ὀ
791 1338 888 1388 τοῦ
945 1336 1185 1408 Χριστοῦ
1248 1335 1474 1409 μάρτυς,
1505 1333 1572 1403 ἦν
1621 1333 1714 1405 μὲν
1749 1330 1808 1385 ἐκ
1835 1331 1935 1393 τῆς

257 1423 486 1486 πόλεως
571 1421 894 1500 Καισαρείας
980 1421 1392 1486 Καππαδοκίαςο
1479 1416 1939 1496 κουϐικουλάριος

260 1513 323 1569 δὲ
385 1513 684 1588 ὑπάρχων,
743 1513 833 1567 καὶ
885 1511 1018 1588 ὑπὲρ
1074 1517 1186 1568 τῶν
1246 1518 1346 1581 τῆς
1401 1515 1676 1587 τραπέζης
1717 1505 1941 1578 δουλείᾳ

258 1608 543 1679 Τραϊανοῦ
573 1605 670 1656 τοῦ
722 1602 1045 1677 παρανόμου
1107 1602 1378 1677 βασιλέως
1439 1601 1493 1656 ἐν
1547 1603 1757 1674 Ῥώμῃ,
1790 1592 1941 1654 Eat-:66

265 1696 361 1750 τὸν
393 1691 650 1766 Χριστόν.
685 1687 1018 1760 Διαϐληθεές
1064 1693 1155 1746 οὗν
1211 1693 1313 1747 ὑπὸ
1343 1697 1450 1747 τῶν
1483 1688 1938 1764 είδωλολατρῶν,

275 1785 368 1839 καὶ
422 1781 736 1857 κρατηθεὶς,
797 1783 1118 1857 ἠναγκάσθη
1180 1787 1334 1846 θῦσαι
1383 1787 1500 1844 τοῖς
1541 1779 1818 1848 εἰδώλοις,
1849 1777 1940 1831 καὶ

287 1878 714 1948 μιαροφαγῆσαι.
772 1876 826 1924 '0
885 1867 942 1926 δὲ
998 1873 1135 1945 πρὸς
1189 1873 1251 1927 τὸ
1315 1872 1390 1944 μὴ
1449 1877 1736 1938 πεισθῆναι
1777 1871 1940 1923 τοῦτο

2040 677 2113 732 ab
2135 677 2432 734 hzereticis
2457 677 3015 752 multati,diptycbis
3040 681 3294 738 inseruit
3320 701 3333 751 ;
3368 700 3696 758 omnesque

2041 767 2353 823 haereticos
2365 768 2765 824 anathematis
2778 771 3074 826 sententia
3085 773 3704 844 perstrinxit.Demum

2040 856 2377 928 patriarcha
2398 856 3093 930 Constantinopolitanus
3113 868 3368 933 creatus,
3384 870 3700 936 postquam

2041 961 2278 1019 gregem
2307 950 2467 1002 recte
2496 946 2904 1021 gubernasset,
2937 948 3012 1005 ad
3055 955 3237 1007 Deum
3267 952 3556 1026 migravit.

2256 1185 2326 1238 Et
2356 1189 2629 1239 certamen
2657 1187 2836 1240 sancti
2867 1188 3128 1256 martyris
3157 1188 3488 1258 Hyacinthi,

2119 1329 2484 1400 Hyacinthus
2515 1329 2730 1384 Christi
2753 1334 2979 1402 martyr
3006 1331 3121 1387 fuit
3147 1348 3218 1387 ex
3249 1333 3482 1390 civitate
3512 1335 3705 1391 Cassa-

2046 1433 2162 1472 reaa
2193 1416 2602 1489 Cappadociaa.
2652 1419 2797 1473 Cum
2843 1424 3044 1475 autem
3093 1422 3496 1480 cubicularius
3527 1429 3706 1495 esset,

2049 1512 2106 1562 et
2123 1523 2326 1564 mense
2343 1508 2470 1579 Traj
2481 1508 2579 1563 ani
2596 1509 2763 1580 impii
2784 1509 3166 1581 imperatoris
3177 1512 3490 1584 praifectus
3508 1516 3708 1570 Romae

2049 1595 2392 1665 deserviret,
2426 1598 2726 1653 Christum
2754 1598 3004 1656 colebat.
3029 1600 3254 1657 Idcirco
3277 1602 3348 1657 ab
3375 1603 3712 1659 idololatris

2048 1692 2360 1743 accusatus
2392 1693 2449 1742 et
2479 1689 2970 1760 comprehensus,
3005 1689 3354 1759 adigebatur
3383 1693 3457 1748 ad
3489 1693 3712 1749 sacriﬁ-

2049 1777 2304 1832 candum
2332 1777 2530 1845 idolis,
2556 1781 2614 1831 et
2634 1777 2706 1833 ad
2730 1778 3130 1835 comedendos
3155 1781 3498 1838 immundos
3525 1782 3710 1839 cibos.

2051 1866 2162 1921 Sed
2197 1884 2332 1922 cum
2364 1867 2490 1938 ipse
2545 1867 2602 1922 id
2653 1884 2712 1922 se
2755 1869 3215 1925 commissurum
3250 1877 3513 1944 negaret,
3547 1873 3711 1928 Chri-

280 1969 524 2030 ποιῆσαι,
555 1959 648 2015 καὶ
705 1961 796 2015 τὸν
856 1963 1089 2036 Χριστὸν
1145 1958 1360 2033 μᾶλλον
1410 1959 1694 2033 ὡμολόγει
1738 1958 1932 2034 τρανό-

2060 1961 2332 2027 stumque
2358 1957 2542 2011 multo
2565 1957 2827 2028 apertius
2846 1958 3250 2026 conﬁteretur,
3277 1959 3710 2031 dicens,ipsum

273 2071 460 2124 τερον,
514 2049 642 2104 Θεὸν
700 2048 861 2104 αὐτὸν
918 2052 1051 2104 εἶναι
1112 2049 1287 2125 λέγων
1348 2050 1538 2122 μόνον,
1595 2049 1684 2103 καὶ
1737 2047 1931 2122 Κύριον

265 2145 367 2195 τοῦ
425 2138 646 2202 παντός·
705 2139 823 2192 ὅθεν
883 2139 1104 2216 τυφθεὶς
1193 2135 1463 2216 σκροδρώς,
1531 2135 1802 2212 παρεδόθη
1862 2139 1931 2208 τῇ

257 2228 518 2304 φυλακῇ.
576 2230 682 2280 Τοῦ
742 2223 799 2281 δὲ
860 2227 1130 2302 βασιλέως
1189 2226 1590 2303 προστάξαντος
1619 2231 1699 2298 τῷ
1729 2222 1931 2298 δεσμο-

253 2317 499 2394 φύλακι,
525 2314 794 2388 καθαροὺς
829 2319 926 2388 μὲν
975 2312 1169 2390 ἄρτους
1233 2317 1309 2388 μὴ
1360 2320 1726 2390 προσαγαγεῖν
1760 2315 1931 2386 αὐτῷ,

250 2405 322 2462 ἐκ
354 2403 415 2461 δέ
444 2409 558 2459 τῶν
615 2401 999 2460 εἰδωλοθύτων
1062 2405 1242 2477 μόνων
1300 2406 1564 2479 βρώματα
1590 2408 1928 2480 παραθεῖναι·

250 2496 434 2556 αὖτὸς
487 2493 576 2548 ἐπὶ
635 2492 921 2556 πλείσταις
979 2491 1212 2570 ἡμέραις
1267 2495 1475 2550 τούτων
1530 2495 1606 2567 μὴ
1666 2495 1935 2568 γευσάμε-

247 2607 380 2656 νος,
412 2582 546 2639 ἀλλ’
576 2580 759 2646 ἄσιτος
793 2580 1100 2656 διαμείνας,
1157 2585 1218 2638 τὸ
1275 2587 1490 2657 πνεῦμα
1518 2588 1596 2656 τῷ
1649 2588 1765 2656 Θεῷ
1793 2603 1933 2658 παρ-

253 2676 450 2730 έθετο.

385 2788 484 2846 Καὶ
512 2786 747 2858 ἄθλησις
777 2793 886 2845 τῶν
919 2789 1100 2882 ἁγίων⁵
1119 2789 1408 2882 μαρτύρων
1441 2787 1708 2846 Θεοδότου
1737 2786 1827 2842 καὶ

968 2859 1258 2932 Θεοδότης.

347 2977 448 3034 Καὶ
481 2979 632 3033 οὗτοι
697 2979 749 3032 οἱ
804 2979 948 3054 ἅγιοι
1009 2978 1276 3056 μάρτυρες
1331 2976 1420 3033 διὰ
1461 2979 1562 3049 τήν
1596 2976 1671 3041 εἷς
1704 2976 1936 3052 Χριστὸν

266 3067 585 3145 ὁμολογίαν
621 3068 978 3138 κρατηθέντες
1035 3070 1182 3143 παρὰ
1231 3072 1329 3124 τοῦ
1387 3064 1679 3130 δυσσεϐοῦς
1737 3069 1941 3143 Τραϊα-

267 3162 392 3226 νοῦ,
452 3157 547 3212 καὶ
638 3161 1165 3234 καταναγκασθέντες
1250 3159 1578 3234 ἀρνήσασθαι
1665 3159 1760 3231 μὶν
1837 3157 1938 3226 τὴν

267 3245 563 3319 ἀλήθειαν,
603 3250 760 3310 θῦσαι
802 3244 857 3302 δὲ
912 3254 1031 3310 τοῖς
1084 3247 1362 3312 εἰδώλοις·
1417 3248 1508 3303 καὶ
1568 3249 1646 3322 μή
1696 3244 1938 3310 πεισθέν-

2051 2045 2243 2101 solum
2279 2047 2461 2101 Deum
2495 2062 2622 2102 esse
2658 2052 2715 2101 et
2750 2047 3159 2104 universorum
3204 2051 3542 2118 Dominum,
3576 2067 3706 2123 gra-

2044 2138 2191 2192 viter
2223 2142 2535 2209 propterea
2566 2155 2776 2205 casus,
2812 2138 2871 2193 in
2905 2156 3203 2195 carcerem
3247 2141 3554 2214 conjectus
3596 2150 3704 2198 est.

2043 2228 2406 2298 Imperatore
2438 2231 2636 2281 autem
2664 2227 3049 2299 prmcipiente
3071 2230 3302 2285 custodi
3329 2232 3608 2299 carceris,
3631 2249 3706 2287 ne

2046 2316 2097 2371 ei
2121 2316 2375 2372 mundos
2399 2333 2582 2388 panes
2607 2317 2864 2383 aﬁ‘erret,
2892 2317 2995 2372 sed
3027 2317 3192 2374 cibos
3213 2318 3502 2376 duntaxat
3523 2321 3699 2377 idolis

2043 2406 2382 2462 immolatos
2413 2405 2723 2478 praeberet,
2771 2423 2907 2462 cum
2957 2407 3081 2480 ipse
3114 2425 3220 2480 per
3253 2408 3543 2480 plurimos
3575 2411 3702 2468 dies

2047 2513 2146 2551 eos
2177 2514 2298 2552 non
2331 2502 2644 2571 gustasset,
2670 2496 3034 2571 sedjejunus
3056 2501 3504 2572 permansisset,
3530 2503 3708 2575 spiri-

2046 2590 2171 2642 tum
2203 2588 2321 2642 Deo
2351 2587 2632 2643 reddidit.

2154 2803 2222 2856 Et
2250 2808 2526 2857 certam-en
2554 2808 2869 2928 sanctogzm
2881 2810 3226 2929 dmtartyrum
3259 2806 3524 2862 Theodoti
3552 2815 3605 2862 et

2817 2890 2878 2928 eo
2921 2891 2950 2929 ο
2981 2891 3046 2929 ω.

2817 2890 3025 2931 εοαοιω
3033 2917 3046 2931 .

2123 2990 2188 3042 Hi
2223 3005 2460 3060 quoque
2492 2991 2680 3045 sancti
2713 2995 3007 3060 martyres
3048 2996 3292 3063 propter
3319 2993 3532 3049 Christi
3566 3011 3710 3051 con-

2049 3075 2373 3134 fessionem
2395 3078 2469 3134 ab
2491 3079 2675 3150 impio
2697 3080 2948 3151 Trajano
2973 3082 3411 3152 comprehensi,
3436 3085 3709 3156 compul-

2051 3168 2218 3238 sique
2251 3169 2557 3224 veritatem
2589 3169 2905 3240 abnegare,
2936 3174 2996 3225 et
3024 3170 3200 3227 idolis
3231 3172 3706 3244 immolare,cum

2051 3257 2123 3313 ad
2145 3257 2205 3311 id
2231 3257 2444 3313 adduci
2466 3275 2587 3312 non
2609 3264 2873 3329 possent,
2893 3259 3141 3315 diversis
3165 3263 3476 3319 tormentis
3498 3279 3707 3319 excru-

261 3354 380 3399 τες,
471 3331 755 3410 διαφόρως
836 3336 1268 3409 τιμωρηθέντες,
1343 3333 1773 3404 ἀπεκλείσθησαν
1859 3330 1938 3393 εἷς

2060 3347 2274 3414 :iati,in
2298 3364 2434 3402 eum
2456 3363 2756 3403 carcerem
2778 3349 2909 3420 conj
2921 3350 3032 3404 ecti
3057 3355 3214 3413 sunt.
3240 3351 3300 3406 in
3325 3369 3441 3422 quo
3467 3359 3706 3409 sanctus

271 3421 482 3491 ἐκείνην
513 3422 617 3490 τήν
667 3418 940 3499 φυλακὴν,
992 3421 1068 3484 είς
1105 3422 1172 3492 ἢν
1227 3425 1474 3498 ὑπῆρχεν
1507 3420 1937 3492 ἀποκεκλεισμέο

278 3511 606 3585 νοςὸἅγιος
669 3511 874 3588 μάρτυς
928 3511 1228 3577 Ὑάκινθος.
1278 3511 1376 3569 Καὶ
1434 3509 1822 3584 διδασκόμενοι
1852 3509 1942 3564 ὑπ’

289 3597 520 3668 έκείνόυ,
546 3601 636 3654 καὶ
691 3600 780 3656 ἐπὶ
835 3600 1028 3657 πλεῖον
1088 3601 1164 3663 εἰς
1211 3603 1311 3672 τήν
1359 3606 1458 3656 τοῦ
1490 3605 1730 3674 Χριστοῦ
1759 3599 1940 3654 πίστιν

295 3687 700 3760 στηριζόμενοι,
782 3691 1238 3764 κατεμηνύθησαν
1322 3692 1426 3746 ὑπὸ
1492 3695 1604 3746 τῶν
1661 3687 1942 3766 φυλάκων,

298 3775 711 3851 εἷδωλολατρῶν
741 3775 939 3851 ὄντων,
985 3785 1067 3854 τῷ
1125 3779 1342 3856 βασιλεῖ
1369 3782 1644 3857 Τραῖάνῷ.
1677 3780 1780 3836 Καὶ
1810 3778 1947 3851 μετὰ

297 3863 396 3932 την
431 3863 680 3934 τελευτήν
733 3871 833 3922 τοῦ
888 3867 1045 3943 ἁγίου
1097 3868 1400 3934 Ὑακίνθου,
1459 3862 1814 3934 ἐκϐληθέντες
1843 3871 1942 3934 τῆς

297 3954 564 4031 φυλακῆς,
621 3958 966 4031 παρέστησαν
1028 3957 1196 4030 αὐτῷ.
1255 3957 1354 4013 Καὶ
1411 3956 1576 4013 πάλιν
1643 3956 1945 4032 βιασθέντες

287 4052 728 4122 μιαροφαγῆσαι,
797 4045 1032 4122 ἤλεγξαν
1117 4047 1300 4102 αὐτόν·
1383 4049 1473 4103 καὶ
1550 4047 1649 4116 τὴν
1735 4045 1949 4114 πλάνην

281 4133 578 4190 διέπτυσαν
610 4139 719 4190 τῶν
779 4133 1049 4193 εἰδώλων.
1111 4137 1253 4194 Τότε
1306 4137 1700 4211 κρεμασθέντες
1735 4135 1821 4190 ἐπὶ
1849 4135 1948 4205 ξύ-

279 4223 422 4293 λων,
484 4224 800 4298 ἐξέσθησαν,
857 4225 947 4280 καὶ
1005 4227 1254 4298 λαμπάσι
1314 4227 1675 4296 κατεκάησαν.
1710 4225 1807 4279 Καὶ
1838 4228 1946 4279 τῶν

278 4313 461 4384 ξύλων
519 4309 1031 4385 καταϐιϐασθέντες,
1080 4316 1144 4370 τὸ
1223 4313 1314 4370 δια
1371 4314 1557 4389 ξίφους
1613 4313 1774 4376 τέλος
1831 4311 1946 4369 ἐδέ-

273 4405 458 4475 ξαντο,
490 4404 592 4467 τὰς
623 4405 808 4479 ψυχας
836 4403 1011 4460 αὐτῶν
1038 4406 1118 4477 τῷ
1147 4409 1265 4476 Θεῷ
1289 4402 1645 4482 παραδόντες.

853 4524 1032 4579 ΜΗΝΙ
1067 4528 1152 4576 ΤΩ
1192 4525 1382 4578 ΑῙἼὮ.

1098 4612 1148 4665 Δ,

2048 3443 2274 3508 martyr
2304 3437 2667 3507 Hyacinthus
2699 3437 2968 3492 inclusus
2994 3438 3224 3494 fuerat:
3250 3456 3284 3495 a
3305 3458 3420 3512 quo
3451 3459 3585 3497 cum
3616 3442 3706 3498 illi

2047 3525 2303 3582 fuissent
2333 3526 2631 3592 instructi,
2665 3531 2723 3581 et
2759 3527 2821 3581 in
2852 3527 3069 3582 Christi
3124 3527 3238 3584 ﬁde
3271 3531 3457 3599 magis
3488 3532 3709 3587 conﬁr-

2051 3615 2214 3685 mati,
2229 3614 2621 3670 acustodibus
2639 3614 2972 3670 idololatris
2985 3616 3058 3671 ad
3074 3617 3494 3688 imperatorem
3509 3621 3708 3692 Traja-

2050 3721 2194 3759 num
2219 3703 2400 3759 delati
2419 3703 2659 3759 fuerunt
2691 3724 2705 3772 ;
2742 3709 2799 3760 et
2821 3709 2955 3776 post
2974 3712 3228 3761 mortem
3252 3708 3440 3764 sancti
3465 3710 3712 3780 Hyacin-

2052 3795 2137 3848 thi
2164 3811 2194 3849 e
2218 3810 2454 3849 carcere
2479 3794 2698 3860 educti,
2722 3810 2920 3849 coram
2946 3795 3074 3866 ipso
3098 3803 3426 3852 steterunt:
3451 3815 3714 3853 rursum~

2054 3899 2169 3955 que
2227 3883 2520 3955 compulsi
2578 3884 2839 3954 pollutos
2919 3885 3084 3940 cibos
3148 3887 3479 3954 comedere,
3539 3888 3712 3942 illum

2055 3974 2502 4044 increpuerunt.
2533 3973 2685 4029 152
2715 3978 2772 4027 et
2800 3972 3097 4029 idolorum
3125 3992 3390 4030 errorem
3424 3978 3712 4032 exsecrati

2057 4067 2214 4116 sunt.
2250 4063 2394 4116 Tum
2427 4077 2562 4116 vero
2597 4077 2626 4115 e
2659 4061 2837 4132 lignis
2870 4065 3143 4134 suspensi
3197 4072 3254 4119 et
3283 4067 3710 4130 excarniﬁcati,

2057 4149 2436 4222 lampadibus
2483 4149 2598 4205 usti
2647 4156 2806 4204 sunt.
2851 4151 3101 4206 Demum
3147 4169 3178 4206 e
3210 4153 3385 4224 lignis
3435 4154 3710 4224 depositi,

2054 4238 2291 4294 vivendi
2325 4239 2506 4294 ﬁnem
2562 4237 2755 4310 gladio
2816 4239 3105 4308 fecerunt,
3163 4242 3393 4296 animas
3425 4258 3562 4296 suas
3593 4243 3712 4297 Deo

2057 4328 2380 4385 tradentes.

2619 4515 2861 4571 EODEM
2901 4517 3153 4571 MENSE.

2700 4606 2803 4660 Die
2845 4612 3076 4676 quarta.

262 4725 565 4796 νΔθλησις
593 4729 691 4781 τοῦ
720 4725 878 4802 ἁγίου
909 4727 1305 4802 ἱερομάρτυρος
1333 4724 1618 4802 Θεοδώρου
1649 4724 1943 4782 ἐπισκόπου

2063 4714 2349 4772 Certamen
2405 4712 2746 4768 sacrosancti
2818 4716 3080 4784 martyris
3154 4715 3424 4771 Theodori
3490 4716 3722 4787 Cyrenes

986 4802 1262 4875 Κυρήνης.

361 4911 651 4989 Θεόδωρος
683 4915 712 4970 ὁ
744 4912 1089 4991 ῗερομάρτυς,
1147 4916 1213 4986 ἦν
1277 4917 1372 4990 μὲν
1425 4915 1511 4972 ἐπὶ
1540 4922 1640 4985 τῆς
1677 4913 1957 4992 βασιλείας

269 5004 725 5075 Διοκλητιανοῦ,
787 5005 846 5060 ἐκ
901 5004 1119 5069 πόλεως
1181 5007 1456 5082 Κυρὴνης³
1513 5007 1614 5074 τήν
1665 5002 1722 5060 δὲ
1752 5003 1953 5060 καλλι-

265 5095 571 5172 γραῳικήν
629 5095 814 5155 καλῶς
860 5094 1109 5167 ἐκμαθὼν
1167 5093 1388 5170 τέχνην,
1418 5094 1508 5149 καὶ
1552 5090 1781 5171 βίϐλους
1813 5091 1956 5148 πολ-

267 5183 395 5244 λὰξ
454 5184 893 5254 κατασκευάζων,
954 5189 1190 5260 παρεῖχε
1233 5190 1355 5247 τοῖς
1411 5185 1755 5260 Χριστιανοῖς
1789 5182 1864 5245 είς
1898 5181 1959 5237 τὸ

263 5271 619 5347 δοξολογεῖν
647 5272 740 5328 τὸν
773 5273 921 5330 Θεὸν.
982 5269 1309 5344 Διαϐληθεὶς
1361 5273 1452 5328 οὗν
1517 5273 1620 5327 ὑπὸ
1673 5277 1769 5328 τοῦ
1821 5268 1960 5326 ἰδίου

261 5366 412 5420 υἱοῦ
468 5368 554 5434 τῷ
605 5370 708 5432 τῆς
758 5364 974 5426 πόλεως
1033 5362 1286 5438 ἄρχοντι,
1355 5361 1626 5437 ἐκρατήθη
1691 5363 1824 5434 μετᾶ
1869 5361 1956 5415 καὶ

261 5452 484 5510 ἄλλων
539 5451 773 5508 πολλῶν
827 5457 1185 5527 Χριστιανῶν·
1249 5453 1365 5525 μεθ’
1425 5451 1499 5505 ὧν
1527 5451 1596 5520 ἦν
1626 5450 1715 5505 καὶ
1765 5452 1799 5519 ἡ
1832 5450 1962 5524 ἁγία

260 5542 527 5602 Λουκία.
591 5541 688 5598 Καὶ
747 5541 1100 5612 ἐπιζητηθεὶς
1157 5541 1252 5604 τὰς
1324 5536 1578 5618 βίϐλους,
1631 5538 1694 5604 ἃς
1744 5537 1963 5620 ἔγραψε,

259 5633 378 5690 καὶ
416 5632 499 5703 μὴ
533 5631 862 5706 παρασχὼν,
922 5629 1123 5708 ἐτύφθη
1178 5628 1447 5708 σφοδρῶς.
1508 5629 1612 5686 Καὶ
1664 5625 1744 5702 τῷ
1791 5630 1968 5704 βωμῷ

265 5721 649 5800 προσελθεῖν,
705 5722 794 5777 καὶ
851 5719 1161 5777 λιϐανωτὸν
1246 5717 1531 5778 ἐπιϐαλεῖν
1623 5722 1968 5796 βιαζόμενος,

271 5811 462 5875 αὐτὸς
522 5808 751 5888 δραμὼν
808 5811 901 5866 καὶ
961 5810 1218 5874 λακτίσας
1283 5811 1444 5868 αὐτὸν
1502 5811 1780 5886 ἀνέτρεψε.
1834 5809 1972 5868 Τότε

594 5935 861 5997 Panos.
909 5936 1026 5998 GI.
1073 5933 1314 6000 CXVII.

2761 4845 3021 4901 episcopi.

2134 4917 2477 4975 Theodorus
2507 4925 2908 4992 sacromartyr
2929 4937 2998 4976 ex
3019 4922 3165 4979 urbe
3192 4924 3437 4996 Cyrene,
3463 4927 3723 5000 impera-

2066 5014 2192 5065 tore
2217 5008 2604 5076 Diocletiano,
2624 5009 3074 5082 calligrapbiam
3092 5012 3243 5069 bene
3265 5014 3725 5085 doctus,multos

2068 5099 2305 5154 codices
2339 5113 2446 5152 sua
2476 5113 2654 5152 manu
2687 5104 2957 5154 exaratos
2988 5099 3339 5159 Christianis
3367 5104 3440 5160 ad
3473 5105 3721 5161 laudan-

2070 5188 2212 5243 dum
2247 5187 2428 5241 Deum
2492 5187 2926 5258 suppeditabat.
2986 5190 3212 5247 Idcirco
3242 5209 3277 5248 a
3320 5193 3444 5249 ﬁlio
3495 5193 3728 5249 delatus

2071 5276 2235 5332 urbis
2259 5275 2519 5347 praisidi.
2535 5292 2654 5330 una
2675 5292 2807 5332 cum
2832 5278 2966 5333 aliis
2989 5281 3193 5336 multis
3213 5282 3726 5348 Cbristianis,cum

2073 5365 2289 5436 quibus
2322 5369 2448 5420 erat
2496 5371 2701 5421 sancta
2753 5367 2949 5434 Lucia,
3003 5371 3471 5441 comprehensus
3503 5377 3625 5424 est:
3661 5369 3730 5423 1i-

2073 5455 2352 5526 brosque,
2388 5471 2537 5525 quos
2569 5454 2989 5528 descripserat.
3022 5465 3281 5531 rogatus.
3317 5475 3450 5515 cum
3484 5477 3583 5514 eos
3618 5465 3733 5514 tra-

2076 5543 2215 5599 dere
2247 5543 2455 5611 nollet,
2480 5545 2735 5616 graviter
2764 5562 2951 5602 cmsus
2976 5547 3106 5601 fuit.
3145 5548 3399 5604 Adactus
3431 5555 3628 5604 autem
3662 5548 3736 5604 ad

2077 5649 2241 5690 aram
2266 5633 2569 5703 accedere,
2591 5634 2766 5705 eique
2797 5636 2931 5691 thus
2955 5636 3212 5701 adolere,
3236 5650 3593 5708 procurrens
3619 5637 3737 5692 cal-

2080 5720 2249 5780 cibus
2285 5722 2451 5778 illam
2503 5724 2728 5780 evertit.
2775 5727 2919 5780 Tum
2966 5741 3098 5780 vero
3132 5743 3162 5780 e
3193 5727 3354 5799 ligno
3387 5735 3737 5808 suspensus,

2081 5813 2383 5887 clavisque
2413 5815 2682 5870 conﬁxus
2713 5815 3004 5888 est,eique
3052 5815 3257 5890 lingua
3294 5817 3578 5876 abscissa.
3612 5819 3741 5875 Mox

3379 5941 3456 6001 17
