4108 6434
373 385 492 448 523

1660 380 2096 443 MENOLOGII
2140 380 2342 444 PARS
2386 383 2491 443 Ill.

3668 395 3789 454 524

367 535 397 572 e
425 519 585 590 ligno
616 517 943 590 depositus,
967 518 1028 570 in
1056 532 1353 572 carcerem
1380 516 1714 588 conjicitur.
1741 515 1997 570 Vidente:

2132 515 2459 587 κρεμασθεὶς
2512 515 2599 572 ἐπὶ
2655 517 2822 590 ξύλου
2874 520 3200 592 καθηλώθη,
3259 523 3348 577 καὶ
3406 525 3505 592 τὴν
3539 524 3794 599 γλῶτταν

366 614 564 663 autem
597 608 766 663 illum
799 623 1010 663 sanum
1062 612 1122 661 et
1169 606 1556 674 incolumem,
1611 605 1782 661 multi
1817 605 1922 659 viri
1955 621 2022 660 ac

366 698 648 754 mulieres
698 698 758 752 in
813 697 1134 752 Dominum
1190 695 1592 765 crediderunt,
1645 696 1746 767 qui
1797 701 1856 751 et
1901 711 2024 750 una

367 802 502 842 cum
531 786 636 841 illo
664 786 855 858 capite
886 785 1044 858 plexi
1075 792 1234 842 sunt.

433 965 502 1020 Et
530 965 1016 1020 commemoratio
1067 965 1256 1021 sancti
1307 965 1498 1020 Patris
1546 964 1733 1020 nostri
1766 963 2018 1019 Andrem

365 1054 916 1127 Hierosolymitani.
949 1054 1380 1127 archiepiscOpi
1439 1056 1671 1111 Cretas:
1731 1060 1786 1110 et
1832 1054 2020 1110 sancti

361 1145 641 1217 Lampadi
677 1145 1123 1218 lrenopolitani.

920 1253 1161 1308 EODEM
1203 1253 1454 1308 MENSE.

1005 1343 1109 1398 Die
1149 1343 1376 1415 quinta.

360 1431 513 1489 I58
547 1432 1001 1488 Commemoratio
1055 1440 1261 1489 sanctae
1317 1431 1551 1488 Marthae
1606 1433 1798 1487 matris
1837 1435 2016 1488 sancti

671 1504 957 1561 Simeonis‘
997 1507 1055 1560 in
1115 1512 1296 1562 monte
1350 1503 1699 1560 Admirabili.

431 1620 644 1677 Sancta
693 1623 917 1678 Martha
975 1623 1167 1678 sancti
1222 1622 1412 1679 Patris
1474 1624 1660 1678 nostri
1722 1623 2014 1679 Simeonis

357 1709 848 1768 Thaumastoritm
877 1719 1070 1768 mater
1099 1729 1336 1769 omnem
1389 1713 1662 1768 virtutem
1712 1730 1817 1786 per
1849 1731 2012 1768 sum-

356 1817 516 1856 mam
549 1803 1036 1859 exercitationem
1067 1809 1386 1860 consecuta
1409 1809 1516 1858 est.
1539 1803 1780 1858 Multam
1811 1809 2012 1859 autem

2129 601 2427 676 έξετμήθη,
2483 606 2574 662 καὶ
2631 612 2728 663 τοῦ
2781 607 2946 682 ξόλου
3004 607 3445 682 καταϐιϐασθεῖς,
3497 613 3575 676 εἰς
3608 613 3794 692 φυλα-

2128 697 2229 762 κήν
2285 693 2633 767 ἀπεκλείσθη.
2699 698 2796 753 Καὶ
2857 696 3058 763 ἰδόντες
3125 700 3284 757 αὐτὸν
3373 699 3793 778 θεραπευθέντα,

2127 781 2336 840 πολλοί
2367 783 2680 843 ἐπίστευσαν
2731 787 2819 845 ἐπὶ
2863 791 2954 846 τὸν
3005 790 3228 865 Κύριον,
3262 788 3454 868 ἄνδρες
3483 815 3542 848 τε
3571 793 3662 849 καὶ
3692 817 3796 870 γυ-

2126 877 2327 936 ναῖκες’
2362 875 2560 939 οἳτινες
2591 877 2679 932 καὶ
2712 877 2806 934 σὺν
2831 878 2980 953 αὐτῷ
3010 879 3541 956 ἀπεκεφαλίσοησαν.

2198 963 2300 1019 Καὶ
2355 967 2549 1039 μνήμη
2607 971 2705 1022 τοῦ
2763 967 2914 1024 ὁσίου
3001 971 3211 1046 Πατρὸς
3279 974 3444 1044 ἡμῶν
3530 969 3792 1048 Ἀνδρέου

2124 1050 2563 1129 ἀρχιεπισκόπου
2616 1059 2861 1134 Κρήτης,
2920 1065 3016 1115 τοῦ
3073 1061 3537 1137 Ἰεροσολυμίτου’
3571 1062 3661 1118 καὶ
3693 1067 3794 1118 τοῦ

2125 1141 2279 1198 ὁσίου
2312 1143 2615 1220 Λαμπὰδου
2642 1151 2740 1203 τοῦ
2769 1146 2821 1203 έν
2856 1147 3282 1224 Είρηνουπόλει.

2676 1267 2860 1322 ΜΗΝΙ
2897 1271 2985 1321 ΤΩ
3021 1268 3224 1325 ΑΥΤΩ.

2909 1355 2972 1413 Ε,

2123 1443 2328 1516 Μνήμη
2387 1450 2487 1526 τῇς
2545 1443 2696 1526 ὁρίας
2740 1445 2975 1526 εΜάρθας
3021 1449 3149 1526 Δτῆς
3208 1448 3416 1526 μητρ-ὁς
3471 1453 3569 1505 τοῦ
3627 1449 3787 1526 ἁγίου

2412 1517 2641 1590 Συμεὼν
2670 1517 2767 1573 τοῦ
2808 1516 2861 1574 ἒν
2908 1523 2987 1592 τῷ
3018 1516 3485 1595 θαυμαστῷ’δρει.

2194 1635 2257 1690 Ἡ
2313 1635 2434 1690 ὁσία
2491 1637 2708 1714 Μάρθα,
2771 1640 2957 1714 μήτηρ
3039 1640 3135 1712 μὲν
3191 1641 3409 1717 ὑπῆρχε
3464 1639 3566 1697 τοῦ
3628 1641 3784 1697 ὁσίου

2124 1728 2336 1802 Πατρός
2396 1730 2560 1800 ἡμῶν
2620 1729 2847 1802 Συμεὼν
2906 1734 3004 1785 τοῦ
3063 1729 3115 1785 ἐν
3174 1735 3255 1803 τῷ
3305 1737 3610 1804 Θαυμαστῷ
3643 1727 3786 1806 ὄρει,

2120 1823 2292 1872 πᾶσαν
2325 1819 2521 1890 ἀρετὴν
2557 1819 2646 1874 διά
2695 1827 2795 1889 τῆς
2836 1819 3002 1897 ἄκρας
3057 1822 3335 1892 ἀσκήσεως
3369 1823 3784 1897 κατορθώσαστ

355 1890 634 1947 fiduciam
666 1893 727 1947 in
759 1893 1074 1965 Deiparam
1109 1893 1410 1966 Virginem
1443 1893 1691 1962 habens,
1725 1900 1997 1966 perpetuc

2119 1908 2301 1962 πίστιν
2335 1905 2392 1962 δὲ
2421 1905 2640 1978 πολλὴν
2670 1908 2879 1985 ἔχουσα
2923 1911 3059 1985 πρὸς
3118 1912 3216 1980 τήν
3277 1914 3601 1990 Θεομήτορα
3631 1917 3783 1990 Παρ-

355 1981 418 2035 in
448 1981 637 2053 ipsius
671 1984 892 2055 templo
921 1983 1218 2055 assidens,
1249 2001 1378 2040 eam
1422 2001 1527 2056 pro
1559 1985 1822 2039 universi
1853 1984 2014 2039 orbis

354 2070 543 2128 salute
576 2072 801 2129 orabat.
831 2073 1116 2140 Quocirca
1158 2079 1296 2130 ante
1346 2089 1520 2130 suum
1552 2090 1582 2128 e
1613 2090 1860 2146 corpore
1893 2073 2017 2129 dis-

355 2177 590 2218 cessum
648 2164 1014 2235 sempiterna
1072 2165 1183 2220 sibi
1242 2165 1502 2236 reposita
1542 2164 1700 2219 bona
1731 2163 2014 2219 divinitus

355 2249 548 2319 docta,
584 2258 813 2308 secreto
845 2253 1164 2308 intellexit.
1207 2257 1398 2325 Atque
1432 2260 1570 2308 tunc
1603 2253 1844 2324 quidem
1875 2269 2013 2308 cum

351 2339 512 2396 bona
534 2357 638 2413 spe
660 2342 765 2398 illa
785 2341 1064 2398 discessit
1088 2360 1100 2397 :
1126 2343 1503 2414 postmodum
1528 2359 1661 2397 vero
1681 2342 1755 2398 ad
1777 2348 2012 2398 sanctas

348 2428 539 2502 ipsius
561 2429 848 2501 reliquias
870 2430 1318 2485 accurrentibus
1339 2437 1720 2502 apparens,et
1735 2429 1837 2485 illa
1858 2429 2014 2485 bona

353 2533 662 2589 enarrans,
713 2536 844 2590 qum
893 2520 1101 2575 oculus
1147 2536 1466 2592 corporeus
1513 2536 1634 2575 non
1683 2519 1845 2588 vidit,
1881 2536 2011 2591 qum

352 2608 705 2680 praeparavit
735 2609 889 2664 Deus
915 2609 1298 2682 diligentibus
1318 2609 1836 2679 se,incredibilem
1863 2615 2012 2664 attu-

352 2697 422 2754 lit
453 2698 742 2753 laetitiam.
768 2699 858 2754 Sic
891 2700 1178 2755 Dominus
1208 2699 1503 2772 glorificat
1534 2717 1654 2766 eos,
1683 2699 1784 2770 qui
1817 2700 2012 2771 ipsum

348 2789 688 2862 glorificant
713 2807 832 2847 una
865 2808 1002 2847 cum
1043 2792 1293 2847 Domina
1339 2798 1542 2848 nostra
1573 2792 1845 2863 Deipara,
1879 2809 2009 2863 quae

347 2878 517 2934 illum
551 2881 678 2936 sine
712 2881 940 2937 semine
973 2887 1031 2937 et
1060 2882 1187 2937 sine
1220 2883 1603 2954 corruptione
1642 2883 1896 2955 peperit.

583 3087 652 3142 Et
682 3093 952 3143 certamen
982 3094 1182 3144 sancta
1213 3089 1441 3158 Agnetis
1471 3089 1754 3158 martyris.

417 3205 640 3278 Martyr
661 3206 875 3262 Christi
894 3208 1087 3280 Agnes
1111 3206 1379 3263 moribus
1397 3208 1626 3263 nomini
1649 3206 2003 3263 convenien-

2119 1994 2292 2070 θένον,
2352 1996 2435 2052 ἀεὶ
2491 1995 2858 2074 προσήδρευεν
2915 1997 2968 2054 ἐν
3022 2003 3101 2072 τῷ
3155 1999 3359 2068 ταύτης
3403 2006 3546 2075 Δναῷ,
3601 2000 3786 2057 αἰτουι

2119 2084 2256 2158 μένη
2291 2085 2458 2155 αὐτὴν
2521 2087 2652 2164 ὑπὲρ
2699 2094 2799 2158 τῆς
2855 2092 2952 2143 τοῦ
2999 2088 3211 2162 κόσμου
3243 2090 3445 2152 παντὸς
3479 2089 3778 2166 σωτηρίας.

2115 2177 2277 2239 ’Όθεν
2335 2179 2441 2251 πρό
2497 2184 2596 2248 τῆς
2650 2181 2748 2233 τοῦ
2805 2177 3060 2251 σώματος
3116 2175 3500 2253 ἐκδημήσεως,
3542 2180 3606 2235 τά
3636 2177 3779 2235 ἀπο-ι

2115 2263 2338 2338 κείμενα
2369 2265 2506 2341 αὐτῇ
2537 2267 2733 2322 αἰώνια
2787 2267 2960 2342 ἀγαθά
3014 2265 3280 2344 ἐδιδάχθη
3321 2289 3381 2324 τε
3413 2269 3502 2323 καὶ
3535 2267 3784 2342 ἐμυήθη.

2115 2352 2222 2409 Καί
2266 2350 2390 2411 τότε
2449 2357 2585 2429 μετά
2639 2357 2852 2433 ἀγαθῶν
2915 2354 3153 2413 ἐλπίδων
3187 2358 3521 2427 ἀπελθοῦσα,
3554 2357 3781 2434 ὕστερον

2112 2449 2230 2507 τοῖς
2289 2442 2744 2520 προσεδρεύουσιν
2808 2445 2976 2516 αὐτῆς
3028 2451 3110 2518 τῷ
3166 2446 3306 2522 ἁγίῳ
3362 2446 3606 2520 λειψάνῳ
3657 2447 3786 2502 ἐπι-

2114 2539 2361 2612 φανεῖσα,
2418 2535 2508 2590 καὶ
2561 2535 2628 2590 τά
2684 2535 2856 2612 ἀγαθὰ
2913 2535 3089 2593 ἐκεῖνα
3151 2535 3557 2611 διηγησαμένη,
3607 2543 3786 2593 πᾶσαν

2115 2624 2289 2701 χαράν
2322 2623 2595 2696 ἐποίησεν·
2633 2627 2806 2702 ἀγαθά
2838 2625 3036 2697 ἐκεῖνα,
3095 2624 3127 2680 ἃ
3188 2625 3472 2704 ὀφθαλμὸς
3516 2625 3781 2697 αἰσθητὸς

2113 2714 2213 2769 οὐκ
2243 2711 2402 2783 εἶδεν,
2437 2714 2468 2770 ἃ
2499 2715 2796 2789 ἡτοίμασεν
2860 2717 2887 2771 ὁ
2946 2717 3078 2779 Θεὸς
3128 2723 3245 2780 τοῖς
3277 2717 3552 2792 ἀγαπῶσιν
3587 2717 3779 2775 αὐτόν.

2111 2804 2274 2861 Οὕτω
2306 2801 2515 2876 δοξάζει
2577 2804 2774 2881 Κύριος
2829 2806 2956 2869 τους
3015 2804 3336 2880 δοξάζοντας
3371 2807 3532 2861 αὐτὸν
3567 2828 3648 2877 τε,
3681 2810 3772 2863 καὶ

2105 2896 2206 2965 τὴν
2238 2894 2493 2970 ἀσπόρως
2531 2895 2620 2950 καὶ
2679 2896 2931 2973 ἀφθόρως
2989 2901 3247 2952 τεκοῦσαν
3278 2897 3442 2952 αὐτὸν
3473 2896 3775 2953 Δέσποιναν

2106 2987 2268 3058 ἡμῶν
2301 2982 2585 3040 Θεοτόκον.

2320 3100 2420 3155 Καὶ
2451 3099 2678 3168 ἄθλησις
2704 3107 2805 3172 τῆς
2832 3100 2989 3176 ἁγίας
3021 3102 3292 3178 μάρτυρος
3325 3103 3554 3177 Ἀγνῆς.

2175 3217 2240 3274 ἸΙ
2296 3221 2394 3272 τοῦ
2451 3220 2692 3290 Χριστοῦ
2773 3217 2978 3292 μάρτυς
3035 3219 3200 3294 Ἀγνή
3273 3219 3366 3273 τὸν
3425 3219 3622 3292 τρόπον
3681 3221 3763 3288 τῷ

345 3293 504 3350 tibus
534 3301 762 3366 ornata,
821 3295 1160 3368 complures
1216 3296 1550 3369 impudicas
1587 3297 1843 3352 feminas
1876 3297 1997 3352 suis

2456 3273 2512 3290 ,,,
2640 3273 2645 3274 ,
2773 3273 2784 3292 ο
2851 3273 2859 3287 ,
2963 3273 2976 3280 ,
3051 3273 3123 3294 ,η
3190 3273 3200 3287 ,
3457 3273 3466 3292 ι
3731 3273 3743 3288 _

2114 3305 2343 3381 ὀνόματι
2371 3306 2727 3379 κατάλληλον
2770 3304 2995 3384 ἔχουσα,
3047 3306 3262 3371 πολλάς
3310 3313 3416 3364 τῶν
3448 3304 3756 3362 ἀκολάστων

345 3383 856 3441 admonitionibus
905 3392 1082 3458 atque
1133 3386 1644 3442 cohortationibus
1689 3403 1725 3442 a
1764 3385 2000 3459 ﬂagitiis

340 3479 633 3544 avocatas,
665 3474 740 3530 ad
760 3474 977 3532 Christi
1011 3474 1190 3531 fidem
1222 3474 1486 3532 adduxit.
1523 3475 1746 3532 Idcirco
1777 3474 1848 3530 ab
1871 3475 2001 3547 ejus

340 3563 452 3621 loci
486 3564 764 3637 praefecto
813 3564 1268 3636 comprehensa,
1305 3565 1638 3622 excruciata
1669 3571 1796 3621 est:
1830 3582 1999 3620 cum-

340 3671 454 3726 que
485 3661 790 3710 recusaret
810 3654 987 3710 idolis
1012 3655 1346 3722 immolare,
1373 3656 1446 3711 ad
1472 3656 1728 3728 lupanar
1748 3655 1882 3711 duci
1901 3655 1999 3726 ju-

341 3744 534 3810 betur,
569 3750 633 3798 ut
663 3743 735 3799 ab
768 3744 1281 3801 incontinentibus
1331 3746 1668 3802 violaretur.
1703 3749 1776 3800 At
1807 3745 1910 3800 illa
1940 3744 2001 3800 in

340 3833 641 3888 Christum
672 3833 1031 3900 conﬁsa,cui
1055 3840 1114 3889 et
1135 3834 1313 3890 ﬁdem
1345 3851 1514 3890 suam
1547 3835 2001 3905 castitatemque

343 3920 713 3988 observabat,
774 3923 1246 3980 incontaminata
1301 3940 1570 3996 puraque
1629 3929 1858 3980 servata
1889 3928 1998 3989 est,

349 4027 383 4065 a
413 4010 610 4066 divino
641 4011 851 4083 angelo
884 4018 1168 4084 protecta,
1211 4030 1331 4069 non
1380 4014 1761 4085 permittente
1793 4028 1998 4084 quem-

347 4118 525 4173 quam
559 4103 634 4158 ad
663 4103 830 4159 illam
879 4104 1198 4160 accedere:
1258 4122 1329 4160 ex
1386 4105 1603 4177 quibus
1635 4122 1791 4162 unus
1821 4123 2000 4162 ausus

344 4192 899 4266 accedere,repente
921 4196 1293 4252 exanimatus
1315 4195 1730 4262 corruit.Quod
1751 4195 2000 4252 audiens

341 4282 676 4354 praefectus,
712 4283 877 4340 illam
909 4284 982 4340 ad
1015 4302 1076 4340 se
1126 4285 1477 4341 accersitam
1510 4285 1715 4354 oravit,
1746 4292 1812 4340 ut
1841 4302 1998 4340 mor-

342 4377 509 4428 tuum
541 4373 874 4429 suscitaret.
911 4375 1125 4431 Sancta
1181 4375 1383 4446 itaque
1441 4381 1668 4442 orante,
1701 4375 1998 4446 extemplo

337 4455 654 4517 defunctus
675 4461 902 4516 revixit.
943 4464 1126 4518 Batus
1151 4467 1350 4519 autem
1383 4462 1697 4535 praefectus
1727 4461 2000 4517 malefica

338 4553 464 4604 arte
495 4549 662 4606 illam
718 4550 780 4606 id
834 4551 1122 4622 effecisse,
1170 4551 1429 4608 flammis
1461 4550 1845 4608 cremandam
1878 4557 1998 4606 tra-

335 4633 505 4692 didit.

479 4745 636 4802 154
660 4751 733 4802 Et
751 4755 1034 4804 certamen
1053 4755 1253 4804 sanctae
1277 4751 1540 4822 martyris
1564 4752 1840 4823 Cyprilla.

403 4871 665 4942 Cyprilla
694 4872 908 4928 Christi
958 4879 1205 4946 martyr,
1237 4876 1600 4934 Diocletiano
1631 4878 1984 4950 imperante,

329 4957 556 5030 Cyrene
587 4967 744 5026 nata,
777 4962 1130 5019 Christianis
1161 4966 1527 5037 parentibus,
1560 4969 1812 5041 conjuge
1851 4975 1988 5040 post

327 5047 638 5106 biennium
671 5051 972 5118 defuncto,
1031 5071 1137 5126 per
1194 5061 1327 5112 octo
1375 5063 1434 5112 et
1465 5057 1667 5130 viginti
1699 5074 1888 5114 annos
1918 5059 1982 5114 in

323 5137 606 5196 viduitate
637 5141 877 5197 mansit.
911 5141 1057 5198 Cum
1088 5150 1286 5200 autem
1312 5145 1652 5201 Theodorus
1684 5148 1983 5204 sanctissi-

323 5244 456 5283 mus
487 5229 746 5301 Cyrenes
773 5233 1086 5304 episcopus
1107 5241 1334 5306 captus,
1369 5235 1429 5289 in
1459 5252 1759 5292 carcerem
1783 5237 1981 5294 detru-

323 5333 424 5372 sus
443 5316 573 5380 fuit.
599 5319 831 5384 accidit,
855 5326 921 5375 ut
941 5322 1150 5392 capitis
1173 5322 1375 5377 dolore
1399 5323 1629 5389 affecta,
1653 5325 1978 5382 curationis

318 5407 508 5477 gratia
538 5407 611 5463 ad
643 5407 815 5464 illum
848 5410 1110 5477 veniret;
1163 5409 1236 5466 ab
1295 5427 1484 5482 eoque
1523 5418 1748 5480 curata,
1781 5413 1975 5470 eidem

317 5495 658 5553 ministrare
691 5501 868 5572 ccepit
897 5517 1030 5556 cum
1067 5500 1263 5564 Lucia,
1297 5505 1356 5556 et
1385 5503 1537 5556 Aroa
1566 5501 1680 5573 piis
1710 5503 1970 5561 feminis.

316 5585 451 5640 Post
474 5585 704 5644 obitum
734 5606 870 5646 vero
905 5589 1096 5645 sancti
1118 5588 1408 5645 Theodori
1431 5589 1504 5646 ad
1526 5592 1843 5663 prmsidem
1874 5593 1972 5651 ad-

315 5667 512 5740 ducta,
572 5677 991 5750 Christumque
1047 5679 1338 5750 professa,
1395 5680 1654 5752 primum
1687 5681 1969 5741 caeditur:

314 5755 529 5816 deinde
559 5764 757 5835 palma
787 5785 1010 5839 prunas
1033 5769 1358 5844 excipiens,
1381 5786 1416 5827 a
1441 5770 1751 5830 lictoribus
1780 5773 1970 5846 ipsius

2109 3403 2379 3473 γυναικῶν
2424 3395 2514 3454 διά
2552 3399 2834 3463 νουθεσίας
2888 3400 2977 3454 καὶ
3037 3399 3423 3476 παραινέσεως,
3451 3403 3555 3454 τῶν
3587 3417 3764 3466 πονη-

2109 3492 2220 3563 ρῶν
2251 3484 2457 3545 ἔπειθεν
2508 3487 2805 3564 ἀπέχεσθαι
2845 3491 3204 3564 πραγμάτων,
3253 3489 3346 3545 καὶ
3390 3485 3657 3544 πιστεύειν
3693 3485 3771 3548 εἷς

2111 3578 2366 3654 Χριστόν.
2400 3578 2497 3634 Διά
2551 3583 2719 3634 ταῦτα
2774 3586 3108 3655 κρατηθεῖσα
3147 3579 3294 3654 παρὰ
3319 3584 3417 3635 τοῦ
3446 3586 3544 3649 τῆς
3574 3579 3770 3654 χώρας

2110 3669 2402 3744 ἄρχοντος,
2457 3663 2781 3740 ἐϐασανίσθη
2842 3667 3116 3748 σφοδρῶς.
3195 3671 3292 3724 Καὶ
3353 3671 3431 3742 μὴ
3491 3673 3776 3732 πεισθεῖσα

2111 3763 2266 3823 θῦσαι
2297 3765 2412 3821 τοῖς
2473 3756 2753 3829 εἰδώλοις,
2813 3758 2890 3822 είς
2949 3765 3209 3835 πορνεῖον
3265 3758 3519 3837 ἐπέμφθη
3571 3757 3663 3813 ἐπὶ
3694 3761 3776 3830 τῷ

2113 3855 2403 3920 μιανθῆναι
2458 3849 2606 3923 παρά
2660 3853 2768 3903 τῶν
2829 3847 3173 3908 ἀκολάστων.
3235 3847 3414 3906 ’Δλλά
3441 3853 3522 3920 τῷ
3550 3851 3776 3923 Χριστῷ

2108 3939 2442 4016 θαῤῥήσασα,
2493 3940 2539 4011 ᾧ
2595 3941 2684 3994 καὶ
2721 3941 2821 4009 τὴν
2879 3941 3060 3997 πίστιν
3121 3941 3210 3996 καὶ
3269 3941 3366 4009 τήν
3422 3940 3635 4016 ἁγνείαν
3689 3937 3773 3994 δι-

2109 4031 2315 4101 ετήρει,
2373 4027 2606 4091 ἅσπιλος
2663 4030 2752 4084 καὶ
2804 4030 3010 4105 καθαρὰ
3066 4028 3434 4107 διεφυλᾶχθη,
3482 4029 3588 4084 ὑπὸ
3621 4028 3772 4084 θείου

2108 4119 2344 4193 ἀγγέλου
2373 4123 2707 4191 σκεπομένη,
2765 4124 2863 4174 τοῦ
2924 4121 3000 4193 μή
3035 4119 3231 4181 ἐῶντός
3262 4141 3383 4173 τινα
3408 4117 3771 4194 προσεγγίσαι

2107 4208 2268 4282 αὐτῇ.
2331 4209 2419 4278 Ἐξ
2474 4209 2546 4263 ὧν
2607 4211 2687 4271 εἷς
2743 4206 3032 4282 τολμήσας
3081 4208 3430 4283 προσελθεῖν,
3464 4211 3773 4283 παραυτίκα

2107 4297 2403 4373 ὲνεκρώθη.
2445 4298 2532 4359 Ὠς
2591 4295 2648 4352 δὶ
2694 4302 2857 4354 τοῦτο
2888 4297 3120 4368 ἤκουσεν
3175 4300 3203 4353 ὁ
3253 4295 3465 4372 ἅρχων,
3496 4317 3776 4371 προσεκα-

2106 4383 2303 4441 λέσατο
2361 4386 2556 4458 αὐτὴν,
2611 4386 2703 4441 καὶ
2760 4386 3004 4461 ᾐτήσατο
3063 4387 3362 4456 ἀναστῆσαι
3417 4387 3510 4442 τὸν
3553 4387 3766 4462 νεκρόν.

2105 4477 2208 4531 Καὶ
2237 4481 2336 4544 τῆς
2368 4473 2526 4550 ἁγίας
2555 4474 2873 4548 εὐξαμένης,
2921 4475 3120 4540 εὐθέως
3165 4477 3370 4552 ἠγέρθη
3405 4475 3432 4530 ὁ
3464 4476 3770 4546 τεθνηκώς.

2104 4563 2208 4618 Καὶ
2240 4561 2471 4636 νομίσας
2513 4563 2541 4617 ὁ
2595 4559 2781 4638 ἅρχων
2843 4561 2926 4617 ὅτι
2987 4560 3076 4618 δια
3133 4563 3387 4640 γοητείας
3418 4561 3632 4640 ἤγειρεν
3671 4561 3773 4618 αὖ·

2015 4647 2062 4712 D
2100 4651 2216 4720 τὸν,
2249 4651 2379 4725 πυρὶ
2411 4648 2722 4727 παρέδωκεν
2749 4649 2937 4722 αὐτήν.

2243 4750 2344 4808 Καὶ
2371 4748 2603 4822 ἄθλησις
2630 4757 2730 4820 τῆς
2763 4750 2919 4826 ἁγίας
2954 4753 3229 4828 μάρτυρος
3262 4751 3612 4828 Κυπρίλλης.

2166 4864 2455 4943 Κυπρίλλα
2509 4868 2544 4936 ἡ
2596 4871 2694 4921 τοῦ
2751 4867 2988 4944 Χριστοό
3052 4870 3256 4944 μάρτυς
3315 4869 3535 4945 ὑπῆρχε
3573 4868 3666 4942 μὶν
3702 4866 3766 4924 ἐκ

2093 4965 2192 5028 τῆς
2220 4956 2439 5018 πόλεως
2471 4957 2724 5032 Κυρήνης
2754 4955 2841 5011 ἐπὶ
2884 4961 2986 5023 τῆς
3023 4957 3306 5033 βασιλείας
3337 4957 3761 5029 Διοκλητιανοῦ.

2094 5048 2383 5122 Προγόνων
2447 5042 2504 5100 δὲ
2562 5045 2693 5100 οὗσα
2756 5047 3077 5120 Χριπιανή,
3145 5049 3453 5120 συνῴκησεν
3485 5045 3638 5122 ἀνδρὶ
3668 5047 3761 5104 ἐπὶ

2092 5135 2240 5192 δυσὶν
2298 5134 2488 5192 ἔτεσιν.
2555 5135 2654 5192 Καὶ
2711 5140 2809 5191 τοῦ
2865 5133 3060 5213 ἀνδρὸς
3109 5137 3278 5206 αὐτῆς
3308 5137 3759 5208 τελευτήσαντος,

2089 5223 2294 5302 ἔμεινεν
2328 5226 2378 5282 έν
2414 5225 2615 5301 χηρείᾳ
2672 5223 2763 5298 ἔτη
2825 5225 2996 5282 εἷ’κοσι
3030 5228 3196 5284 ὀκτώ.
3229 5229 3354 5284 Ὃτε
3386 5226 3444 5283 δὲ
3481 5226 3759 5304 ἐκρατήθη

2089 5315 2371 5392 Θεόδωρος
2439 5317 2466 5371 ὁ
2534 5315 2837 5392 ἁγιώτατος

2087 5404 2419 5476 ἀπεκλείσθη
2472 5403 2549 5466 εἷς
2612 5403 2880 5483 φυλακην,
2940 5409 3078 5462 κατά
3137 5406 3430 5482 συγκυρίαν
3467 5405 3763 5482 ἀλγήσασα

2084 5499 2182 5567 τήν
2215 5493 2486 5573 κεφαλήν,
2514 5494 2732 5565 ἀπῆλθε
2787 5496 2922 5570 πρὸς
2981 5496 3166 5567 αὐτὸν,
3202 5498 3362 5572 χάριν
3399 5495 3614 5559 ἰάσεως.
3652 5496 3760 5552 Καὶ

2083 5587 2468 5664 θεραπευθεῖσα
2524 5581 2768 5654 διηκόνει
2822 5582 2971 5656 αὐτῷ
3030 5584 3124 5640 σὺν
3181 5585 3394 5658 Λουκίᾳ
3443 5582 3536 5640 καί
3588 5585 3761 5660 Ἀρὸᾳ

2079 5681 2200 5740 ταῖς
2254 5674 2430 5739 ὁσίαις
2481 5673 2744 5750 γυναιξίν.
2806 5674 2960 5732 Μετά
3014 5673 3072 5738 δὲ
3124 5675 3226 5745 τὴν
3270 5679 3368 5731 τοῦ
3417 5674 3576 5751 ἁγίου
3607 5682 3748 5730 Θεο·

2083 5767 2264 5845 δώρου
2318 5763 2624 5835 τελείωσιν,
2683 5768 3000 5840 παραστᾶσα
3055 5768 3136 5838 τῷ
3195 5766 3455 5841 ἡγεμόνι,
3507 5765 3599 5821 καὶ
3655 5766 3752 5822 τὸν

2923 5317 3218 5380 ἐπίσκοπος
3304 5320 3583 5393 Κυρήνης,
3665 5333 3761 5388 καὶ
