4108 6428
253 444 373 504 5‘25
1804 450 2101 513 IULIUS.
3562 470 3681 529 526

251 606 485 674 Χριστὸν
519 606 938 683 ὁμολογήσασα,
996 607 1261 686 πρότερον
1322 609 1563 696 ἐτύφθη.Δ
1611 612 1744 668 Εἶτα
1815 611 1892 666 ἀνι

2029 629 2275 671 manum
2299 617 2885 689 apprehendentibus
2908 622 3228 696 cogebatur
3249 625 3386 683 thus
3413 626 3528 684 diis
3549 627 3688 685 ado-

255 697 459 772 θρακας
516 696 605 752 ἐπὶ
661 704 763 768 τῆς
818 696 1084 772 παλάμης
1142 695 1433 774 δεξαμένη,
1507 693 1753 789 ἐϐιάζετο
1815 702 1892 789 ὑπ

2026 701 2171 758 lere.
2192 703 2302 760 Illa
2331 713 2540 765 contra
2569 709 2864 767 clamabat
2889 728 2902 766 :
2937 693 3063 768 Non
3085 718 3176 769 est
3201 714 3350 787 hac,
3380 716 3682 789 inquiens,

254 788 367 842 τῶν
403 781 619 860 δημίων
647 788 996 862 κρατούντων
1026 789 1126 859 τήν
1159 788 1328 859 αὐτῆς
1373 793 1555 865 χεῖρα,
1608 783 1892 845 λιϐανωτὸε

2027 799 2361 865 spontanee.
2385 796 2647 855 oblatio:
2681 817 2786 874 ego
2818 801 2976 857 enim
3035 803 3266 859 Christo
3321 822 3453 862 meo
3503 808 3690 864 sacri-

251 882 637 953 προσενεγκεῖν
669 882 787 940 τοῖς
819 877 986 940 θεοῖς.
1015 878 1077 936 ἹΙ
1114 875 1172 933 δὲ
1219 874 1368 933 ἐϐόα⁸
1424 877 1540 936 Ούκ
1586 873 1698 934 ἔστι
1750 882 1892 934 τοῦτι

2026 883 2163 939 ﬁco.
2195 885 2328 942 Haec
2360 886 2580 956 locuta,
2614 890 2677 946 in
2709 873 3031 964 equuleum
3072 894 3327 952 sublime
3376 897 3684 972 arripitur,

252 965 509 1029 ἑκούσιος
545 965 726 1031 θυσία.
759 965 908 1043 Ἐγὼ
938 966 1041 1042 γὰρ
1073 972 1153 1041 τῷ
1196 967 1416 1043 Χριστῷ
1468 988 1578 1041 μου
1627 967 1759 1025 θύω.
1811 969 1892 1054 Κα

2025 972 2229 1046 ibique
2262 980 2706 1054 excarniﬁcata,
2748 982 3027 1054 spiritum
3058 984 3321 1042 tradidit.

250 1060 426 1112 ταῦτα
472 1055 723 1123 εἰποῦσα,
780 1054 1087 1131 ἰκρεμάσθη
1148 1054 1236 1112 ἐπὶ
1295 1056 1481 1129 ξύλοψ
1532 1056 1623 1112 καὶ
1682 1053 1914 1131 ξεομένη

254 1141 547 1222 παρέδωκε
573 1145 637 1200 τὸ
658 1149 890 1221 πνεῦμα.

334 1261 429 1317 Καὶ
461 1261 659 1336 μνήμη
691 1266 789 1318 τοῦ
819 1262 970 1319 ὁσίου
997 1260 1317 1340 Ἱλαρίωνος
1347 1269 1454 1334 τῆς
1486 1261 1801 1337 Δαλμάτου.

2090 1245 2162 1299 Et
2218 1249 2510 1306 memoria
2567 1252 2759 1309 sancti
2820 1253 3143 1310 Hilarionis
3201 1255 3264 1311 in
3316 1259 3682 1315 monasterio

2020 1333 2328 1391 Dalmatae.
3052 1356 3062 1369 ·

2068 1349 2328 1395 almam.
3052 1356 3062 1369 ·

811 1408 989 1465 MHNI
1028 1413 1117 1500 Tn
1155 1411 1352 1486 arra.

2582 1441 2824 1498 EODEM
2863 1444 3118 1500 MENSE.

1058 1499 1100 1567 ζ,

2699 1535 2802 1592 Die
2831 1542 2996 1594 sexta

245 1593 462 1667 Μνήμη
517 1599 617 1651 τοῦ
673 1595 824 1652 ὁσίου
884 1596 1095 1724 Harpe}:
1139 1598 1302 1670 ἡμῶν
1393 1595 1594 1652 Σισόου
1649 1599 1753 1651 τοῦ
1808 1600 1890 1652 Με

983 1689 1056 1744 γα
1099 1689 1183 1726 ου.

2170 1619 2440 1679 Memoria
2467 1624 2652 1681 sancti
2689 1593 2881 1683 Patris
2904 1629 3082 1683 nostri
3109 1628 3280 1684 Sisois
3302 1631 3517 1700 Magni.

316 1764 384 1822 Ὁ
418 1766 686 1841 μακάριος
740 1765 965 1839 Σισόης,
1024 1767 1084 1822 ἐκ
1143 1765 1376 1845 βρέφους
1432 1765 1526 1822 τὸν
1585 1766 1716 1822 Θεὸν
1776 1766 1910 1841 ἀγα·

239 1853 453 1923 πήσας,
510 1853 601 1910 καὶ
656 1855 748 1911 τὸν
806 1855 1008 1911 τούτου
1067 1856 1295 1933 σταυρὸν
1357 1854 1440 1910 ἐπ’
1524 1851 1692 1929 ὢμων
1749 1851 1905 1927 ἄρας,

239 1942 624 2016 ἠκολούθησεν
645 1946 814 2018 αὐτῷ.
849 1945 956 2003 Καὶ
984 1945 1083 2009 τὰς
1112 1944 1437 2020 παρατάξεις
1490 1949 1600 2001 τῶν
1646 1943 1897 2019 ἀοράτων

239 2031 466 2109 ἒχθρῶν
543 2031 992 2111 τροπωσᾶμενος,
1048 2033 1262 2113 χαίρων
1332 2033 1589 2112 ἐχώρησε
1643 2033 1784 2110 πρὸς
1837 2033 1907 2088 τά

239 2120 480 2180 ἐπίπονα
515 2131 620 2195 τῆς
676 2124 957 2197 ἀσκήσεως
1016 2124 1330 2199 σκάμματα.
1386 2122 1905 2202 Ταπεινοφροσύνης

240 2209 302 2267 εὶ
332 2212 413 2274 εἷς
443 2208 617 2290 ἄκρον
671 2213 987 2290 γενόμενος,
1048 2213 1262 2288 ἐδέξατο
1319 2212 1638 2290 χαρίσματα
1692 2213 1906 2286 θαυμα-

236 2302 520 2379 τουργίας.
567 2303 672 2361 Καὶ
729 2305 834 2381 γὰρ
880 2304 971 2361 καὶ
1027 2302 1253 2382 νεκροὺς
1306 2302 1582 2375 ἀνέστησε,
1634 2323 1725 2358 και
1783 2300 1902 2358 δαί-

238 2407 417 2467 μονας
456 2391 509 2464 ἑξ
549 2393 851 2469 ἀνθρώπων
903 2393 1175 2467 ἀπήλασε,
1237 2396 1324 2451 καὶ
1379 2397 1671 2458 νοσοῦντας
1716 2392 1905 2467 ἐθερά-

234 2502 423 2555 πευσε,
454 2482 545 2538 καὶ
604 2480 752 2538 ἄλλα
806 2481 994 2539 πολλά
1049 2483 1300 2559 θαύματα
1355 2482 1628 2554 ἐποίησεν.
1692 2483 1792 2539 ἸΙν
1843 2479 1903 2537 δὲ

232 2572 331 2628 καὶ
377 2573 484 2642 τὴν
543 2571 796 2650 ἐντυχίαν
855 2575 1165 2648 προσηνὴς,
1222 2574 1310 2630 καὶ
1376 2574 1745 2650 μετριόφρων,
1803 2570 1900 2626 καὶ

231 2659 375 2732 ἡδὺς
406 2659 462 2716 ἐν
492 2667 611 2725 τοῖς
655 2662 1095 2739 ἀποφθέγμασιν,
1155 2661 1207 2735 ἐξ
1266 2664 1340 2718 ὧν
1398 2661 1586 2719 πολλὰ
1639 2660 1900 2737 συνεγρά-

233 2771 416 2829 φησαν
451 2753 529 2815 είς
559 2752 659 2823 τήν
688 2755 799 2809 τῶν
830 2750 1039 2808 λοιπῶν
1071 2751 1363 2831 ὠφέλειαν.
1419 2752 1534 2811 Ούκ
1577 2750 1801 2828 ὀλίγους
1839 2749 1899 2806 δὲ

233 2841 465 2897 καὶτῶν
496 2841 803 2898 πταιόντων
831 2839 1081 2920 ἀδελφῶν
1131 2840 1221 2898 διὰ
1269 2838 1727 2918 παραδειγμάτων
1775 2839 1896 2895 ἑπι-

227 2928 494 3004 τηόεἱων,
526 2932 664 3007 πρὸς
717 2932 998 3006 μετάνοιαν
1058 2932 1395 3008 ἐπιστρέφων
1447 2930 1705 3007 διώρθου.
1759 2929 1899 3006 Εἶχε

231 3018 289 3076 δὶ
338 3020 435 3077 καὶ
493 3026 682 3092 τοῦτο,
743 3021 809 3077 τὸ
868 3019 1144 3096 μηδέποτε
1194 3020 1537 3095 κατακρίνειν
1589 3019 1891 3094 ἄνθρωπον.

230 3108 390 3168 Οὕτω
421 3107 483 3166 δὶ
516 3109 727 3187 βιώσας
758 3111 1085 3187 ἆγγελικῶς,
1117 3112 1255 3185 πρὸς
1284 3111 1438 3181 Θεὸν,
1470 3106 1529 3166 ὅν
1561 3109 1892 3184 ἐπεθύμησε,

227 3199 441 3276 χαίρων
501 3196 863 3273 ἐξεδήμησεν,
952 3196 1251 3259 ἀπολαϐὼν
1304 3201 1406 3271 τὴν
1473 3202 1891 3278 ἡτοιμασμένην

2091 1822 2305 1879 Beatus
2333 1825 2528 1883 Sisoes
2558 1844 2695 1884 cum
2728 1829 2801 1885 ab
2834 1830 3087 1888 infantia
3117 1833 3304 1888 Deum
3344 1832 3674 1908 dilexisset,

1935 1928 1978 1994 Β
2018 1909 2252 1968 sublata
2281 1913 2548 1972 humeris
2578 1934 2753 1975 cruce
2790 1919 2963 1976 illum
3022 1926 3261 1977 secutus
3310 1927 3437 1981 est:
3493 1929 3673 1996 atque

2014 1998 2405 2060 invisibilium
2429 2004 2693 2063 hostium
2724 2008 3011 2066 conﬂictu
3059 2013 3358 2082 superato,
3392 2010 3565 2067 Iustus
3596 2011 3671 2068 ad

2013 2092 2358 2148 monasticae
2372 2095 2816 2153 exercitationis
2829 2097 3128 2155 laboriosa
3139 2100 3461 2157 certamina
3472 2118 3672 2159 seces-

2015 2180 2112 2238 sit.
2147 2181 2454 2240 Summam
2484 2190 2685 2242 autem
2720 2188 2904 2243 animi
2935 2187 3362 2245 demissionem
3394 2190 3666 2263 adeptus,

2012 2269 2441 2328 miraculorum
2465 2275 2717 2347 gratiam
2739 2278 2987 2350 accepit.
3013 2280 3158 2334 Nam
3177 2284 3236 2334 et
3255 2284 3522 2337 mortuos
3545 2298 3668 2337 sus-

2010 2358 2231 2429 citavit,
2258 2361 2634 2421 etdaemones
2652 2366 2724 2422 ab
2748 2366 3092 2424 hominibus
3115 2367 3361 2441 expulit,
3394 2374 3454 2425 et
3478 2387 3664 2443 aegros

2012 2449 2261 2518 sanavit,
2291 2455 2350 2506 et
2378 2450 2553 2524 plura
2581 2454 2700 2511 alia
2728 2455 3019 2512 miracula
3047 2455 3206 2513 fecit.
3241 2459 3380 2513 Erat
3398 2457 3577 2515 etiam
3600 2458 3664 2515 in

2007 2536 2407 2596 familiaribus
2437 2544 2855 2617 congressibus
2876 2552 3078 2602 mente
3103 2547 3435 2619 perspicax,
3461 2548 3666 2604 etani-

2007 2642 2105 2682 mo
2137 2629 2481 2687 moderatus
2534 2632 2892 2707 lepidusque
2916 2636 2979 2690 in
3000 2636 3328 2708 responsis,
3354 2653 3423 2693 ex
3445 2637 3665 2709 quibus

2008 2717 2199 2774 multa
2229 2725 2371 2775 sunt
2397 2720 2473 2777 ad
2505 2722 2758 2779 aliorum
2792 2725 3111 2781 utilitatem
3143 2727 3501 2799 conscripta.
3535 2729 3662 2784 Non

2008 2822 2229 2877 paucos
2260 2825 2394 2864 vero
2427 2827 2496 2865 ex
2522 2809 2708 2884 lapsis
2736 2812 3024 2874 fmtribus
3053 2831 3162 2887 per
3200 2822 3339 2886 apta
3391 2817 3662 2889 exemplo

2006 2904 2327 2969 correctos,
2357 2900 2434 2955 ad
2462 2903 2878 2973 pmnitentiam
2909 2905 3216 2960 convertit.
3244 2905 3461 2961 Habuit
3483 2907 3662 2964 etiam

2004 2986 2117 3042 hoc
2148 2988 2478 3061 proprium,
2514 2996 2583 3044 ut
2610 2990 2847 3046 nullum
2894 3009 3161 3065 unquam
3209 2993 3661 3054 condemnaret.

2003 3076 2158 3134 155
2192 3078 2361 3134 Hunc
2408 3078 2472 3134 in
2518 3079 2765 3136 modum
2803 3082 3134 3155 angelicam
3183 3082 3363 3139 vitam
3412 3083 3659 3153 ducens,

2002 3165 2078 3222 ad
2108 3167 2317 3237 Deum,
2350 3185 2529 3240 quem
2560 3174 2886 3243 optaverat,
2915 3172 3209 3245 migravit,
3240 3178 3517 3246 paratum
3546 3173 3660 3231 sibi

2004 3260 2299 3313 aeternum
2323 3274 2575 3331 regnum
2605 3259 2926 3333 accipiens.

223 3289 373 3361 αύτῷ
402 3287 628 3344 αἰώνιον
666 3288 972 3364 βασιλείαν.
1925 3299 1969 3366 C

225 3387 324 3443 Καὶ
381 3386 617 3460 ἄθλησις
686 3394 789 3458 τῆς
872 3387 1032 3476 άγίας
1111 3390 1387 3482 μάρτυρος
1456 3389 1715 3460 Λουκίας,
1794 3392 1883 3447 καὶ

839 3480 951 3517 των
984 3481 1077 3516 συν
1113 3482 1275 3537 αυτ-ῃ.

2068 3444 2135 3499 Et
2162 3451 2433 3501 certamen
2462 3452 2672 3505 sanctae
2698 3449 2963 3518 martyris
2990 3449 3171 3506 Luciaz
3205 3456 3260 3507 et
3284 3453 3577 3509 sociorum.

305 3583 373 3637 ’Π
398 3587 496 3637 τοῦ
542 3589 780 3661 Χριστοῦ
832 3585 1038 3662 μάρτυς
1091 3592 1299 3643 Λουκια
1330 3589 1365 3657 ἠ
1398 3589 1680 3663 παρθένος,
1732 3587 1887 3661 ἑτέρα

237 3669 355 3725 ἐστὶ
400 3670 544 3745 παρᾶ
591 3674 682 3743 τὴν
741 3674 794 3731 ἐν
858 3673 1088 3748 Σικελίᾳ
1143 3677 1378 3732 Λουκίαν
1432 3678 1535 3747 τήν
1592 3677 1881 3750 παρθένον.

235 3760 341 3817 Ἢν
373 3760 480 3836 γάρ
509 3760 638 3834 αὕτη
668 3763 725 3820 ἐκ
778 3771 881 3836 τῆς
942 3767 1131 3841 χώρας
1186 3765 1534 3841 Καμπανίας.
1589 3765 1693 3824 Καὶ
1749 3787 1885 3842 κρα-

228 3856 462 3920 τηθεῖσα
518 3853 657 3928 παρά
714 3859 811 3910 τοῦ
864 3861 969 3925 τῆς
1020 3853 1285 3926 τοιαύτης
1338 3854 1530 3931 χώρας
1589 3852 1881 3933 ἄρχοντος,

224 3937 574 4015 ἐτιμωρήθη.
646 3943 745 4001 Καὶ
830 3946 1359 4023 θαυματουργήσασα
1439 3942 1651 4000 ’ἔπεισεν
1718 3947 1880 4003 αὐτὸν

215 4041 505 4093 πιστεῦσαι
539 4042 787 4114 Χριστῷ*
842 4040 931 4096 καὶ
986 4040 1050 4096 ού
1099 4040 1265 4113 μόνον
1318 4037 1565 4112 ἀπελύθη
1619 4042 1748 4117 παρ’
1780 4042 1883 4098 αὖ·

212 4129 339 4192 τοῦ,
370 4126 519 4183 ἀλλᾶ
548 4129 641 4183 καὶ
684 4128 834 4184 οἶκον
878 4129 967 4185 καὶ
1028 4127 1228 4192 δούλας
1286 4124 1532 4185 λαϐοῦσα
1579 4130 1879 4206 ἡσύχαζεν,

219 4215 506 4291 εὐχομένη
537 4222 620 4291 τῷ
668 4219 786 4292 Θεῷ
840 4219 972 4294 ὑπὲρ
1015 4218 1201 4275 αὐτοῦ.
1256 4218 1405 4275 Μετὰ
1453 4216 1511 4275 δὲ
1560 4219 1882 4297 παρέλευσιν

218 4300 355 4357 ἐτῶν
406 4302 608 4377 εἴκοσι,
667 4305 966 4384 ἀμφότεροι
1027 4306 1463 4380 ἐπιθυμήσαντες
1515 4310 1613 4362 τοῦ
1674 4328 1882 4382 μαρτυ-

218 4394 382 4467 ρῆσαι
412 4393 551 4469 ῦπὶρ
601 4399 843 4470 Χριστοῦ
898 4394 1195 4453 κατέλιπον
1241 4392 1469 4453 ἅπαντα.
1520 4397 1619 4451 Καὶ
1676 4396 1883 4453 ἀναλα-

217 4476 453 4556 ϐόμενοι
485 4482 615 4547 τοῦς
666 4484 899 4549 οἷκείους
954 4483 1251 4563 ὑπηρέτας,
1301 4483 1550 4558 ἀπῆλθον
1601 4486 1738 4562 πρὸς
1785 4488 1879 4542 τὸν

216 4571 479 4648 ἡγεμόνα
507 4580 609 4644 τῆς
646 4575 860 4652 χώρας,
907 4575 998 4632 καὶ
1055 4572 1374 4651 παρέδωκαν
1434 4575 1696 4638 ἑκουσίως
1753 4576 1878 4632 sau-

214 4662 375 4724 τούς.
440 4663 540 4720 Καὶ
598 4662 961 4738 ἐρωτηθέντες
1005 4663 1097 4721 καὶ
1153 4665 1244 4720 τὸν
1298 4664 1534 4741 Χριστὸν
1591 4664 1882 4740 ὁμολογή-
1914 4679 1960 4743 [)

217 4772 437 4823 σαντες,
511 4751 936 4829 ἐτιμωρήθησαν
1022 4751 1320 4832 διαφὸρῶς.
1378 4754 1465 4817 Ὠς
1524 4752 1582 4809 δὲ
1641 4752 1884 4810 ἐπιπολὺ

219 4839 482 4913 ἱνέμενον
511 4844 583 4916 τῇ
612 4846 712 4898 τοῦ
739 4844 975 4921 Χριστοῦ
1012 4843 1214 4915 πίστει,
1242 4845 1344 4914 τήν
1378 4841 1468 4899 διὰ
1517 4842 1702 4922 ξίφους
1756 4843 1888 4899 ἀπό-

219 4950 386 5007 φασιν
474 4927 755 5006 δεξάμενοι
833 4931 1342 5008 ἆπεκεφαλίσθησαν
1417 4934 1532 5007 ἅμα
1583 4938 1653 5008 τῇ
1710 4932 1884 5008 λοιπῇ

221 5018 457 5092 συνοδίᾳ
485 5021 684 5078 αὐτῶνθ
727 5022 817 5078 καὶ
872 5021 1016 5078 οὕτω
1061 5021 1465 5096 τελειωθέντες,
1513 5022 1886 5098 ἐστεφανώθη-

220 5131 322 5166 σαν
350 5109 406 5166 ἒν
438 5112 681 5187 Χριστῷ.

217 5211 333 5268 Καὶ
407 5209 643 5281 ἄθλησις
726 5216 823 5289 τοῦ
899 5211 1061 5289 άγίου
1140 5211 1545 5289 ξερομάρτυρος
1620 5211 1887 5284 ’Δστείου,

2005 5199 2067 5253 Et
2123 5204 2396 5254 certamen
2450 5195 2787 5289 sacrosancti
2840 5203 3105 5289 martyris
3187 5201 3355 5269 Astii,
3414 5199 3656 5270 episcopi

721 5269 1021 5341 ὶπισκόπόυ
1053 5269 1385 5362 Δυῤῥαχξίού.
1449 5269 1459 5289 ⁸
1529 5269 1542 5278 ’
1642 5269 1675 5271 ἡ
1872 5269 1886 5284 ’

2666 5269 2978 5340 Dyrrachii.

297 5413 548 5477 Ἀστεῖος
581 5414 610 5470 ὁ
642 5412 995 5490 ἱερομάρτυς,
1042 5417 1111 5485 ἦν
1155 5413 1249 5488 μὲν
1304 5412 1393 5470 ἐπὶ
1450 5414 1549 5485 τῆς
1609 5412 1889 5490 βασιλείας

2069 5414 2271 5470 Astius
2290 5414 3051 5487 sacromartyr,imperante
3063 5414 3338 5487 Trajano,
3363 5414 3435 5469 ab
3466 5411 3661 5468 idolo-

212 5505 525 5579 Τραῖανοῦο
582 5505 877 5580 κρατηθεὶς
928 5502 988 5559 δὲ
1041 5504 1192 5581 παρὰ
1272 5507 1383 5559 τῶν
1442 5500 1890 5579 εἷδωλολατρῶν,

2005 5503 2168 5559 [atris
2190 5508 2419 5575 captus,
2444 5502 2754 5576 Agricolao
2778 5502 3013 5575 praesidi
3038 5502 3290 5559 traditus
3321 5503 3460 5558 fuit:
3494 5517 3659 5556 cum-

206 5592 501 5670 παρεδόθη
582 5590 941 5669 ’Δγρικολάῳ
1026 5592 1293 5669 ἡμεμόνιο
1379 5591 1472 5647 καὶ
1557 5592 1892 5667 προτραπεὶς

2005 5608 2118 5664 que
2146 5597 2461 5666 urgeretur
2490 5591 2794 5648 Christum
2826 5592 3121 5666 abuegare
3152 5597 3211 5647 et
3240 5591 3422 5647 idolis
3452 5590 3661 5644 immo-

211 5683 568 5756 ἆρνήσασθαι
597 5683 695 5739 τὸν
748 5683 1009 5756 Χριστὸν,
1069 5681 1161 5737 καὶ
1218 5685 1374 5746 θῦσαι
1430 5686 1550 5743 τοῖς
1611 5678 1890 5752 εἰδώλοις,

2005 5683 2148 5748 lare,
2181 5698 2294 5738 nec
2324 5682 2385 5738 id
2416 5681 2613 5737 facere
2644 5687 2959 5740 annueret.
2983 5681 3045 5735 in
3073 5695 3372 5736 carcerem
3387 5679 3665 5773 detrusus

203 5774 306 5829 καὶ
347 5775 428 5850 μὴ
458 5771 736 5842 πεισθεὶς,
766 5770 1124 5848 παρεπέμφθη
1153 5768 1396 5849 φυλακῇ.
1453 5771 1566 5845 Πρὸ
1610 5767 1709 5826 τοῦ
1760 5790 1892 5847 κρα·

2005 5777 2114 5829 est.
2146 5775 2486 5844 Antequam
2516 5787 2655 5827 vero
2679 5761 3666 5842 comprehenderetur,hujusmodi

2066 3631 2285 3713 Christi
2316 3640 2543 3706 martyr
2586 3635 2764 3692 Lucia
2794 3637 2976 3711 virgo,
3008 3638 3127 3695 alia
3154 3655 3191 3696 a
3219 3640 3397 3697 Lucia
3425 3640 3650 3715 virgine

1993 3721 2210 3791 Sicula,
2244 3722 2358 3778 fuit
2396 3740 2466 3779 ex
2512 3724 2757 3798 regione
2802 3725 3160 3799 Campania.
3204 3728 3651 3803 Comprehensa

1993 3816 2193 3868 autem
2222 3811 2296 3867 ab
2328 3812 2508 3885 hujus
2538 3813 2799 3887 regionis
2830 3816 3132 3888 praafecto,
3168 3819 3476 3891 suppliciis
3512 3819 3648 3876 affi-

1991 3901 2165 3957 citur.
2193 3904 2339 3960 Cum
2369 3919 2505 3959 vero
2530 3904 2818 3961 miracula
2833 3910 3146 3977 patrasset,
3167 3925 3302 3964 eum
3330 3907 3405 3964 ad
3426 3909 3642 3966 Christi

1991 3990 2172 4046 fidem
2199 3992 2505 4047 convertit.
2534 3993 2931 4059 Quamobrem
2977 4013 3098 4053 non
3147 3997 3342 4053 solum
3390 3997 3462 4054 ab
3511 3998 3641 4072 ipso

1990 4079 2265 4136 absoluta
2292 4080 2423 4145 fuit.
2460 4081 2564 4138 sed
2591 4083 2771 4138 etiam
2828 4083 3074 4141 domum
3123 4102 3439 4159 servasque
3487 4089 3643 4144 acci-

1991 4169 2180 4243 piens,
2216 4171 2278 4225 in
2309 4169 2509 4241 quiete
2541 4170 2719 4244 degit,
2752 4190 2860 4244 pro
2891 4174 3022 4246 ipso
3055 4175 3240 4230 Deum
3272 4192 3471 4232 orans.
3497 4179 3645 4236 Exa-

1990 4260 2102 4317 ctis
2127 4265 2329 4316 autem
2352 4258 2553 4332 viginti
2576 4261 2773 4330 annis,
2803 4279 2938 4318 cum
2962 4263 3136 4319 ambo
3151 4264 3504 4336 martyrium
3537 4283 3646 4338 pro

1991 4350 2222 4407 Christo
2242 4349 2441 4406 subire
2466 4356 2777 4422 cuperent,
2809 4351 2987 4408 rebus
3010 4353 3289 4409 omnibus
3320 4353 3644 4425 derelictis,

1992 4439 2352 4497 domesticos
2368 4439 2626 4495 famulos
2644 4447 3041 4509 assumentes,
3075 4441 3148 4497 ad
3171 4441 3516 4514 praefectum
3548 4461 3645 4500 re-

1990 4529 2185 4602 gionis
2207 4534 2609 4595 accesserunt,
2634 4529 2866 4602 seipsos
2888 4537 3098 4603 sponte
3122 4531 3444 4589 tradentes.
3470 4533 3647 4589 Cum-

1993 4636 2130 4692 que,
2162 4620 2534 4694 interrogati,
2567 4620 2869 4676 Christum
2899 4622 3347 4694 profiterentur,
3399 4624 3648 4681 diversis

1995 4709 2310 4765 tormentis
2341 4709 2663 4765 excruciati
2694 4715 2853 4766 sunt.
2904 4712 2972 4766 In
3022 4711 3239 4769 Christi
3285 4718 3483 4771 autem
3533 4713 3649 4770 ﬁde

1998 4799 2222 4855 diutius
2251 4804 2702 4871 permanentes,
2757 4802 3119 4858 sententiam
3152 4802 3366 4875 capitis
3404 4819 3651 4876 accepe-

1994 4893 2153 4944 runt.
2214 4887 2504 4945 Decollati
2546 4889 2749 4960 itaque
2789 4906 2910 4947 una
2957 4907 3093 4948 cum
3141 4891 3395 4964 reliquis
3451 4893 3651 4962 sociis,

1996 4979 2174 5036 vitam
2230 4978 2392 5035 hunc
2448 4978 2511 5034 in
2567 4977 2814 5036 modum
2875 4980 3184 5052 ﬁnierunt,
3244 4999 3530 5040 coronam
3588 4983 3651 5039 in

1996 5069 2228 5125 Christo
2256 5067 2477 5141 adepti.
