4108 6446
407 433 529 492 527

1732 423 2148 489 MENOLOGII
2195 423 2403 488 PARS
2446 423 2560 487 lll.

3728 426 3853 486 528

416 564 718 622 somnium
738 562 901 619 vidit.
936 562 1208 636 Seipsum
1225 560 1464 618 videbat
1486 576 1666 634 super
1682 567 1915 633 petram
1940 560 2059 633 pice

2182 561 2419 627 τηθῆναι
2452 553 2533 629 δὲ,
2564 555 2821 621 έθεάσατο
2847 562 3095 614 τοιοῦτον
3128 553 3279 633 ίίνιιιρ⁵
3339 557 3561 616 ⁹Ῐῖιαυτὸν
3614 551 3845 613 ἔϐλεπεν

413 654 665 726 oleoque
695 652 1019 709 delibutum
1050 658 1227 709 stare.
1262 652 1304 706 E
1331 667 1540 707 somno
1595 651 1796 721 itaque
1847 649 2066 705 excita-

411 748 529 812 tus,
563 743 711 798 dixit
738 742 972 799 clericis
1004 742 1165 798 suis:
1228 742 1486 808 Fratres,
1536 745 1771 812 oportet
1817 755 1913 795 me
1961 754 2067 810 pro

411 833 643 889 Christo
665 832 809 905 pati.
842 832 1133 887 Caeterum
1161 830 1575 902 unusquisque
1617 833 1879 885 vestrum
1929 843 2068 883 eum

410 922 608 977 locum
638 925 821 993 petat,
853 921 955 977 ubi
987 920 1164 977 saluti
1197 936 1320 976 sum
1351 918 1666 975 consulere
1723 916 1932 991 possit.
1968 916 2068 972 llis

407 1011 582 1068 dictis
614 1017 842 1084 captus,
892 1018 959 1067 ut
1009 1028 1190 1082 supra
1238 1015 1546 1066 narratum
1598 1015 1708 1075 est,
1762 1016 1821 1063 et
1866 1023 2067 1063 coram

409 1100 720 1174 Agricolao
755 1100 1066 1168 adductus,
1101 1116 1234 1155 cum
1268 1100 1565 1155 Christum
1589 1097 1899 1154 confessus
1919 1096 2063 1152 fuis-

411 1190 591 1260 set,in
613 1205 914 1246 carcerem
935 1189 1067 1261 conj
1079 1195 1262 1258 ectus,
1287 1187 1545 1258 indeque
1569 1186 1836 1254 eductus,
1869 1185 2067 1258 plum-

410 1279 779 1336 batisczesus
816 1279 948 1335 fuit.
1000 1279 1128 1333 Mox
1174 1277 1353 1334 melle
1402 1277 1556 1335 150
1611 1280 1956 1349 perunctus,
2004 1273 2068 1330 in

411 1369 738 1442 equuleum
763 1368 1027 1425 fervente
1055 1375 1202 1424 aestu
1253 1384 1580 1440 suspensus
1611 1371 1723 1437 est,
1751 1371 1817 1421 ut
1859 1381 2068 1437 vespa—

409 1475 545 1519 rum
575 1475 1035 1530 muscarumque
1086 1457 1383 1513 morsibus
1442 1456 1735 1512 interiret.
1796 1454 1962 1520 Quod
2010 1459 2070 1509 et

407 1549 688 1622 contigit:
722 1548 784 1604 id
815 1548 979 1605 enim
1014 1546 1376 1620 supplicium
1426 1563 1561 1602 cum
1605 1544 1929 1619 gratiarum
1969 1560 2068 1600 ac-

410 1639 574 1695 tione
604 1637 826 1707 ferens,
860 1638 1137 1711 spiritum
1168 1637 1403 1693 Christo
1436 1634 1700 1692 tradidit.

410 1757 483 1813 Et
507 1757 948 1812 commemoratio
967 1756 1145 1811 sancti
1166 1755 1428 1824 martyris
1444 1752 1656 1820 Phoce,
1684 1756 1737 1806 et
1757 1750 1896 1821 ejus,
1921 1748 2071 1821 quod

969 1825 1196 1894 accidit,
1238 1824 1514 1880 miraculi.

2181 642 2272 699 ἐπὶ
2322 646 2527 720 πέτρας
2585 646 2792 702 ἑστῶτα
2847 646 3209 725 κεχρισμένον
3270 647 3437 721 πίσσῃ
3496 646 3589 701 καὶ
3647 644 3847 719 ἐλαίῳ.

2181 734 2286 791 Καὶ
2325 732 2551 810 ἔξυπνος
2580 736 2873 812 γενόμενος
2923 741 3042 792 εῖπε
3096 742 3217 800 τοῖς
3268 737 3463 792 ἑαυτοῦ
3523 734 3843 811 κληρικοῖς·

2181 819 2466 903 ’Δδελφοῂ
2499 821 2583 880 δεῖ
2614 847 2682 899 με
2727 827 2916 882 παθεῖν
2976 825 3112 904 ὑπὲρ
3168 829 3267 881 τοῦ
3323 828 3583 900 Χριστοῦο
3642 821 3845 881 λοιπὸν

2179 912 2337 986 ὑμεῖς
2366 912 2625 970 ἀπέλθετε
2669 910 2892 978 ἕκαστος
2945 915 3119 989 ὑμῶν,
3177 914 3315 971 ὅπου
3371 912 3593 970 δύναται
3633 910 3843 969 διασω-

2178 1007 2360 1072 θῆναι.
2418 1004 2598 1061 Tauro
2655 1002 2849 1076 εἷπὼν,
2934 1004 3234 1077 ἐκρατήθη,
3297 1003 3373 1068 ὡς
3438 1004 3673 1078 εἴρηται.
3736 1005 3839 1059 Καὶ

2175 1093 2451 1164 παραστὰς
2483 1096 2564 1166 τῷ
2604 1093 2982 1169 Ἀγρικολάῳ,
3032 1096 3121 1150 καὶ
3180 1094 3272 1149 τὸν
3334 1094 3563 1168 Χριστὸν
3622 1091 3843 1167 ὁμολο-

2174 1180 2371 1252 γήσας,
2422 1177 2755 1252 ἀπεκλείσθη
2811 1180 2887 1244 εἷς
2941 1180 3212 1259 φυλακήν.
3274 1180 3372 1237 Καὶ
3426 1186 3530 1252 τῆς
3589 1179 3844 1259 φυλακῆς

2176 1262 2489 1340 ἐκϐληθεὶς,
2531 1268 2736 1348 ἐτύφθη
2788 1272 3041 1350 σφαίραις
3092 1265 3476 1344 μολυϐδίναις.
3531 1270 3661 1327 Εἶτα
3714 1269 3841 1327 ἀλι-

2177 1357 2296 1435 φεὶς
2331 1356 2539 1431 μέλιτι,
2572 1358 2880 1434 ἐκρεμάσθη
2914 1359 3003 1415 έπί
3053 1359 3220 1434 ξύλου
3270 1358 3323 1414 έν
3371 1357 3489 1435 ὥρᾳ
3538 1357 3841 1434 καύματος,

2177 1444 2328 1512 ὅπως
2358 1447 2463 1503 ὑπὸ
2496 1453 2719 1527 σφηκῶν
2757 1450 2848 1505 καὶ
2907 1453 3084 1523 μυιῶν
3133 1444 3511 1527 καταϐρωθεὶς
3567 1448 3835 1525 ἀποθάνῃ.

2176 1534 2281 1592 Καὶ
2336 1535 2536 1592 τούτου
2593 1537 2914 1612 γενομένου,
2976 1537 3313 1614 εὐχαρίστως
3370 1536 3547 1615 Ῠέρων
3595 1539 3697 1608 τὴν
3750 1559 3839 1594 τι-

2180 1625 2414 1702 μωρίαν,
2446 1624 2730 1704 παρέδωκε
2754 1628 2856 1697 τήν
2884 1627 3095 1702 ψυχήν.

2178 1751 2282 1810 Καὶ
2343 1756 2539 1830 μνήμη
2596 1758 2694 1811 τοῦ
2753 1756 2911 1832 άγίου
2969 1754 3046 1829 μά
3082 1775 3244 1831 τυρος
3305 1760 3496 1827 Φωκᾶ,
3562 1756 3653 1813 καὶ
3711 1755 3837 1813 ἂνά-

2513 1848 2709 1884 μνησις
2741 1832 2840 1883 τοῦ
2869 1775 3158 1884 γεγονόῗτος
3186 1826 3486 1884 θαύματος.

2512 1848 2709 1902 μνησις
2741 1826 2840 1883 τοῦ
2869 1826 3160 1905 γεγονότος
3186 1826 3486 1902 θαύματος.

442 2020 447 2025 _
484 1955 752 2014 Narravit
771 1954 883 2009 Leo
906 1956 1299 2026 cognomento
1318 1951 1669 2015 Pontianus,
1693 1947 1854 2021 quod
1879 1948 2059 2003 Sisin-

2245 1952 2585 2028 ,Εξηγήπτο
2645 1954 2795 2009 Λὲων
2855 1954 2885 2009 ὁ
2945 1952 3430 2028 ἐπονομαζόμενος
3514 1954 3836 2025 Ποντιανὸς,

412 2046 550 2102 nius
571 2045 699 2112 ille,
723 2043 826 2115 qui
848 2041 1117 2097 Stibarus
1148 2040 1345 2097 dictus
1377 2045 1487 2109 est,
1509 2039 1573 2093 in
1595 2039 1758 2110 regia
1787 2037 2059 2109 navigans

2179 2043 2265 2097 δτι
2297 2042 2570 2106 Σισίννιος
2597 2042 2803 2106 ἐκεῖνος
2836 2045 2865 2099 ὸ
2895 2042 3128 2114 ἐπίκλην
3163 2045 3193 2100 ὁ
3224 2038 3516 2116 Στίϐαρος,
3564 2042 3751 2099 πλέων
3786 2043 3839 2098 έν

409 2135 623 2203 classe,
659 2151 695 2190 a
725 2131 1035 2189 Saracenis
1065 2136 1301 2202 captus,
1334 2135 1395 2184 et
1421 2128 1661 2201 gemina
1709 2127 1944 2182 vinctus
1975 2142 2069 2182 ca-

409 2231 569 2292 tena,
604 2225 667 2279 in
696 2238 999 2279 carcerem
1030 2219 1389 2275 detruditur.
1414 2219 1532 2272 Hac
1555 2232 1692 2288 ergo
1717 2215 2070 2271 necessitate

410 2314 791 2377 constrictus,
823 2310 898 2367 ad
924 2311 1111 2365 Deum
1153 2309 1403 2379 ejusque
1436 2311 1710 2361 sanctum
1743 2311 2069 2376 martyrem

409 2404 671 2460 Phocum
701 2400 984 2473 confugit.
1030 2398 1271 2458 Sancte,
1321 2395 1540 2460 aiebat,
1592 2400 1821 2466 martyr
1853 2394 2066 2460 Phoca,

411 2493 701 2550 miserere
731 2489 869 2558 mei,
906 2493 964 2543 et
992 2486 1065 2542 ab
1097 2486 1192 2542 his
1225 2483 1479 2540 vinculis
1510 2483 1669 2539 solve
1700 2499 1816 2538 me.
1850 2483 2067 2540 Somno

409 2581 627 2639 deinde
653 2584 982 2650 correptus,
1003 2581 1275 2632 sanctum
1306 2572 1511 2628 habitu
1535 2571 1865 2644 presbyteri
1892 2571 2065 2627 indu-

409 2678 537 2729 tum
577 2669 692 2727 sibi
742 2672 1098 2742 praesentem
1155 2664 1318 2733 vidit,
1366 2661 1675 2733 audiilque
1726 2661 2064 2718 dicentem:

407 2762 611 2834 Surge,
645 2764 702 2814 et
724 2756 957 2814 recede.
990 2756 1119 2810 Mox
1142 2752 1607 2826 expergefactus,
1641 2756 1883 2807 catenas
1904 2765 2069 2822 repe-

402 2850 484 2906 rit
513 2849 822 2914 contritas,
855 2860 1039 2916 seque
1071 2843 1355 2911 solutum,
1380 2846 1438 2895 et
1467 2855 1765 2896 carcerem
1800 2838 2061 2912 patefac-

404 2945 553 2996 tum.
587 2940 777 3005 Quare
807 2935 1007 3008 fugam
1037 2932 1354 3004 arripiens,
1389 2947 1519 2985 sese
1553 2929 1796 2985 domum
1853 2933 2062 2985 contu-

404 3029 511 3084 lit:
547 3026 894 3099 acceptique
926 3021 1204 3079 beneﬁcii
1238 3036 1487 3089 memor,
1519 3035 1659 3075 cum
1699 3018 1889 3074 multa
1930 3034 2060 3090 gra-

403 3118 621 3181 tiarum
642 3115 876 3172 actione
897 3110 1247 3168 memoriam
1279 3109 1469 3165 sancti
1493 3125 1731 3181 semper
1753 3122 2058 3181 peragere,

406 3209 711 3277 Deumque
741 3203 1076 3277 glorificare
1104 3199 1386 3272 perrexit,
1409 3198 1511 3269 qui
1535 3197 1759 3253 sanctis
1779 3197 1903 3253 suis
1922 3195 2062 3253 talia

404 3294 767 3359 charismata
789 3291 1151 3364 impertitur.

501 3498 569 3561 Et
597 3506 869 3558 certamen
896 3496 1074 3553 sancti
1096 3494 1281 3551 Isauri
1307 3493 1572 3565 martyris
1603 3497 1656 3546 et
1682 3491 1972 3547 sociorum.

472 3670 736 3738 Isaurus,
771 3665 1184 3740 mysteriorum
1218 3662 1437 3718 Christi
1465 3660 1773 3725 diaconus,
1808 3665 1868 3716 et
1888 3659 2055 3728 socii,

401 3760 598 3835 patria
618 3752 1402 3824 Athenienses,Numeriano
1415 3750 1794 3822 imperatore,
1810 3749 2059 3804 Athenis

404 3853 468 3907 in
498 3848 709 3905 urbem
769 3842 1222 3917 Apolloniadem
1281 3839 1766 3912 commigrarunt.
1812 3838 1940 3894 Illic
1984 3838 2057 3894 ab

405 3940 618 4012 angelo
651 3938 751 3995 Dei
786 3934 1017 4001 moniti,
1051 3949 1294 4005 specum
1325 3932 1644 3998 intrarunt,
1675 3930 1777 3987 ubi
1794 3930 1976 4001 Felix,
2000 3934 2060 3985 et

400 4030 781 4104 Peregrinus,
841 4032 900 4082 et
960 4022 1250 4091 Hermias,
1295 4021 1613 4077 Christiani
1678 4021 1857 4077 etiam
1918 4019 2054 4092 ipsi,

400 4120 752 4178 habitabant
775 4134 787 4171 :
814 4116 917 4190 qui
945 4119 1218 4169 sanctum
1242 4113 1511 4168 Isaurum
1534 4110 1857 4178 intuentes,
1891 4114 2057 4164 tanta

398 4211 607 4269 lmtitia
636 4207 831 4265 affecti
864 4210 1023 4275 sunt,
1047 4210 1114 4258 ut
1135 4201 1469 4258 distributis
1491 4201 1552 4255 in
1570 4198 2056 4273 pauperesfacul-

398 4302 642 4367 tatibus,
674 4300 873 4372 ipsum
920 4294 1113 4365 sequi,
1159 4298 1219 4347 et
1260 4290 1369 4347 sub
1421 4289 1692 4363 ejusdem
1735 4288 2055 4361 disciplina

398 4395 589 4449 vivere
611 4385 1005 4446 decreverint.
1037 4384 1120 4437 Ea
1146 4398 1210 4437 re
1242 4385 1548 4453 comperta
1578 4395 1785 4434 eorum
1813 4379 2053 4452 propin-

399 4484 525 4556 qui,
583 4494 717 4537 cum
775 4471 1311 4544 illosaproposito
1371 4469 1693 4533 dimovere,
1751 4474 1930 4539 atque
1977 4467 2053 4524 ad

396 4570 641 4647 propria
669 4578 943 4622 revocare
972 4561 1195 4616 frustra
1239 4561 1592 4626 tentassent,
1637 4556 1794 4629 apud
1841 4557 2046 4630 praesi-

2173 2135 2254 2203 τῷ
2286 2130 2557 2206 βασιλικῷ
2596 2132 2801 2205 στόλῳ,
2861 2131 3136 2207 ἐκρατήθη
3198 2133 3347 2205 παρά
3400 2137 3508 2188 τῶν
3569 2139 3838 2203 Σαρακη-

2174 2224 2303 2275 νῶν·
2334 2220 2425 2275 καὶ
2474 2218 2644 2284 δεθεὶς
2703 2220 2927 2277 ἁλύσεσι
2982 2218 3156 2290 δυσὶν,
3218 2221 3550 2291 ἀπεκλείσθη
3611 2221 3689 2284 εἷς
3731 2243 3840 2299 φυ-

2176 2307 2369 2379 λακήν.
2403 2309 2498 2374 Εἰς
2553 2310 2812 2382 τοιαύτην
2874 2309 2932 2367 δὲ
2995 2310 3232 2388 ἀνάγκην
3294 2312 3666 2386 περισχεθεὶς,
3732 2310 3841 2367 έπ-

2178 2397 2429 2455 εκαλεῖτο
2484 2399 2578 2455 τὸν
2637 2400 2791 2470 Θεὸν,
2868 2400 2960 2455 καὶ
3042 2403 3135 2455 τὸν
3218 2398 3385 2456 αὐτοῦ
3468 2401 3849 2476 ἱερομάρτυρα

2176 2493 2367 2544 Φωκᾶ’
2427 2494 2587 2565 ¹¹Λγιε
2642 2490 2973 2564 ἱερομάρτυς
3054 2495 3245 2559 Φωκᾶ,
3327 2489 3527 2566 λέγων,
3611 2489 3841 2561 ἐλέησόν

2179 2597 2266 2650 με,
2319 2577 2412 2633 καὶ
2464 2576 2746 2655 λύτρωσαί
2800 2598 2870 2652 με
2923 2580 3023 2648 τῆς
3081 2577 3423 2654 κατεχούσης
3488 2599 3556 2652 με
3598 2578 3844 2654 ἀνάγκης

2174 2671 2285 2724 τῶν
2314 2663 2552 2741 δεσμῶν.
2584 2668 2864 2733 Ὑπνώσας
2901 2688 2993 2723 ουν
3026 2666 3138 2724 εἶδε
3184 2669 3274 2723 τὸν
3326 2667 3482 2744 ἅγιον
3543 2669 3843 2725 ἐπιστάντα

2175 2755 2324 2829 αύτῷ
2367 2758 2420 2812 έν
2480 2758 2728 2832 σχήματι
2787 2752 3181 2833 πρεσϐυτέρου,
3238 2758 3330 2813 καὶ
3385 2757 3607 2813 εἰπόντα
3662 2759 3834 2831 αὐτῷ·

2178 2845 2471 2919 Ἐγέρθητι
2501 2844 2591 2901 καὶ
2646 2844 3034 2923 ἀναχώρησον.
3086 2846 3187 2902 Καὶ
3238 2844 3462 2917 ἔξυπνος
3511 2846 3835 2922 γενόμενος,

2177 2931 2299 3008 εὗρε
2326 2934 2421 2997 τὰς
2455 2933 2673 2998 ἁλύσεις
2731 2934 3213 3010 συντετριμμένας,
3272 2936 3362 2991 καὶ
3424 2936 3612 2992 ἑαυτὸν
3665 2935 3837 2993 λελυ-

2175 3019 2360 3095 μένον,
2418 3023 2508 3079 καὶ
2566 3025 2666 3093 τὴν
2723 3023 2973 3102 φυλακὴν
3053 3023 3426 3101 ἀνεῳγμένην.
3487 3024 3586 3081 Καὶ
3644 3028 3831 3104 φυγὼν

2172 3108 2407 3183 διεσώθη
2438 3109 2542 3176 ἕως
2574 3116 2672 3169 τοῦ
2704 3111 2858 3169 οἷ’κου
2911 3115 3100 3170 αὐτοῦ·
3158 3114 3248 3170 καὶ
3302 3115 3369 3185 ἦν
3419 3113 3686 3171 ἐπιτελῶν
3743 3116 3830 3172 ἀεὶ

2168 3200 2271 3270 τὴν
2323 3201 2549 3274 μνήμην
2605 3201 2771 3257 αὐτοῦ
2828 3201 2963 3276 μετά
3020 3201 3377 3278 εὐχαριστίας
3431 3201 3669 3272 πολλῆς’
3728 3205 3826 3260 καί

2101 3299 2143 3366 c
2170 3288 2263 3344 τὸν
2295 3289 2424 3345 Θεὸν
2457 3287 2720 3361 δοξάζων,
2748 3291 2840 3347 τὸν
2881 3291 3107 3348 τοιαῦτα
3151 3292 3461 3368 χαρίσματα
3505 3292 3817 3367 παρέχοντα

2169 3384 2287 3442 τοῖς
2316 3380 2501 3456 ἁγίοις
2523 3381 2712 3439 αὐτοῦ.

2166 3493 2267 3553 Καὶ
2319 3494 2550 3569 ἄθλησις
2602 3502 2702 3554 τοῦ
2783 3498 2952 3589 ἁγίου
3041 3500 3316 3591 μάρτυρος
3403 3498 3669 3574 Ἱσαύρου,
3724 3499 3824 3553 καὶ

2768 3592 2878 3627 των
2905 3591 3000 3627 συν
3027 3592 3194 3645 αυτῳ.

2241 3670 2511 3744 Ἴσαυρος,
2546 3669 2574 3724 ὁ
2604 3674 2712 3725 τῶν
2748 3670 3066 3746 μυστηρίων
3120 3674 3218 3726 τοῦ
3265 3671 3502 3745 Χριστοῦ
3551 3667 3829 3741 διάκονος,

2175 3759 2265 3812 καί
2297 3758 2348 3812 οἳ
2382 3756 2475 3812 σὺν
2506 3757 2672 3832 αὐτῷ,
2729 3759 2976 3837 ἐγένοντο
3011 3760 3107 3834 μὶν
3141 3760 3200 3815 ἐκ
3244 3767 3345 3831 τῆς
3393 3758 3613 3822 πόλεως
3670 3761 3833 3833 Ἀθη-

2171 3850 2301 3900 νῶν·
2370 3846 2459 3902 ἐπὶ
2519 3845 2577 3903 δὲ
2625 3855 2726 3919 τῆς
2788 3849 3065 3925 βασιλείας
3148 3852 3552 3925 Νουμιριανοῦ,
3614 3849 3675 3905 ἐκ
3724 3856 3828 3921 τῆς

2167 3934 2305 3998 ἰδίας
2362 3934 2626 4011 πατρίδος
2683 3937 3160 4013 ἀναχωρήσαντες,
3214 3936 3464 4007 ἀπῆλθον
3495 3937 3548 3993 ἐν
3611 3935 3828 3995 Ἀπολ-

2162 4020 2393 4080 λωνιάδι
2448 4028 2518 4098 τῇ
2577 4023 2760 4081 πόλει·
2816 4027 2905 4082 καὶ
2968 4023 3036 4082 δι’
3097 4025 3497 4101 ἀποκαλύψεως
3581 4024 3825 4101 ἀγγέλου

2161 4117 2296 4169 θεοῦ
2354 4113 2606 4184 εἰσῆλθον
2666 4113 2720 4169 ἐν
2776 4115 3058 4188 σπηλαίῳ,
3112 4115 3163 4171 ἐν
3212 4114 3258 4190 ᾧ
3290 4113 3569 4188 κατῴκουν
3631 4113 3823 4187 Φίλιξ,

2160 4203 2250 4257 καὶ
2287 4208 2630 4279 Περεγρῖνος,
2660 4204 2750 4259 καὶ
2812 4205 3089 4280 Ἑρμείας,
3148 4205 3466 4282 Χριστιανοὶ
3522 4200 3671 4269 ὄντες
3731 4205 3824 4260 καὶ

2159 4291 2333 4349 αὐτοί.
2397 4292 2610 4355 Οἳτινες
2673 4291 2879 4357 ἰδόντες
2934 4294 3025 4349 τὸν
3089 4296 3238 4369 ἅγιον
3320 4298 3591 4369 νισαυρον,
3648 4294 3828 4359 οὕτως

2160 4379 2461 4458 ἐχάρησαν,
2522 4381 2598 4445 ὡς
2647 4383 2735 4438 καὶ
2815 4383 2886 4438 τὰ
2964 4383 3284 4459 ὑπάρχοντα
3361 4383 3548 4445 αὐτοῖς
3636 4379 3827 4438 δοῦναι

2158 4472 2432 4547 πτωχοῖς,
2471 4472 2562 4526 καὶ
2614 4470 2937 4535 ἀκολουθεῖν
2997 4472 3169 4545 αὐτῷ,
3212 4474 3301 4528 καὶ
3355 4469 3699 4528 διδάσκεσθαι
3734 4473 3829 4528 ὑπ’

2159 4558 2348 4615 αὐτοῦ.
2381 4559 2444 4613 Οἱ
2496 4555 2555 4615 δὲ
2616 4565 2887 4634 συγγενεῖς
2945 4559 3126 4615 αὐτῶν
3186 4555 3530 4636 πειραθέντες
3591 4581 3828 4638 μεταγα·

397 4643 535 4719 dem
567 4654 961 4712 accusarunt:
994 4648 1095 4721 qui
1127 4663 1232 4704 eos
1261 4644 1733 4717 comprehensos
1764 4645 2049 4704 decollari

2173 4652 2274 4722 γεῖν
2303 4645 2502 4710 αὐτοὺς
2536 4647 2612 4711 ε²ς
2654 4647 2723 4703 τά
2776 4645 2893 4704 ἴδια
2947 4647 3039 4703 καὶ
3097 4648 3176 4722 μή
3236 4644 3577 4720 δυνηθέντες,
3638 4643 3826 4705 διέόαο

390 4748 593 4823 jussit.
624 4745 866 4799 Isaurus
894 4756 1035 4795 vero
1059 4737 1274 4792 Christi
1308 4735 1617 4804 diaconus,
1652 4740 1713 4792 et
1742 4738 1872 4810 ejus
1903 4736 2049 4792 socii

399 4835 627 4896 catenis
657 4831 985 4898 constricti,
1018 4828 1092 4885 ad
1125 4827 1317 4883 illium
1358 4826 1634 4898 praesidis
1667 4826 1741 4881 ad
1771 4827 2050 4899 quaestio-

397 4944 539 4986 nem
570 4924 737 4983 missi
769 4927 944 4978 sunt:
976 4936 1012 4976 a
1040 4934 1156 4991 quo
1189 4918 1252 4973 in
1284 4916 1554 4973 flammas
1582 4918 1857 4988 conjecti,
1914 4935 2051 4973 cum

396 5014 537 5076 inde
567 5013 742 5071 illaesi
802 5010 1149 5074 evasissent,
1207 5006 1428 5063 multos
1485 5005 1560 5062 ad
1618 5006 1768 5062 157
1833 5008 2051 5063 Christi

396 5108 578 5168 ﬁdem
607 5101 929 5161 adduxere.
979 5099 1061 5153 Ea
1106 5112 1170 5152 re
1229 5099 1565 5152 commotus
1620 5110 1863 5165 praeses,
1915 5096 2052 5152 illos

395 5196 588 5272 capite
617 5191 799 5266 plecti
819 5188 1015 5262 jubet.

960 5372 1203 5430 EODEM
1233 5369 1487 5426 MENSE.

1022 5461 1129 5517 Die
1160 5459 1418 5531 septima

430 5580 502 5635 Et
522 5579 795 5633 certamen
822 5565 1002 5622 sancti
1032 5563 1293 5632 martyris
1316 5560 1608 5629 Peregrini
1635 5565 1688 5615 et
1722 5565 2009 5620 sociorum.

471 5775 752 5841 Martyres
809 5760 1026 5818 Christi
1085 5756 1459 5831 Peregrinus,
1508 5756 1820 5828 Lucianus,
1876 5763 2046 5818 Pom-

2162 4731 2260 4790 λον
2293 4739 2371 4807 τῷ
2416 4741 2516 4804 τῆς
2575 4734 2793 4801 πόλεως
2849 4736 3104 4812 ἄρχοντι.
3159 4737 3217 4790 Ὀ
3278 4734 3337 4792 δὲ
3393 4739 3666 4813 κρατήσας
3730 4739 3831 4793 αύ-

2157 4823 2306 4894 τοὺς,
2393 4823 2807 4901 ἀπεκεφάλισεν.
2898 4832 3151 4902 Ἵσαυρος
3239 4824 3298 4881 δὲ
3355 4828 3383 4881 ὸ
3429 4830 3526 4882 τοῦ
3583 4830 3829 4899 Χριστοῦ

2162 4911 2432 4985 διάκονος,
2463 4914 2553 4972 καὶ
2581 4917 2632 4971 οἱ
2664 4915 2758 4971 σὺν
2786 4917 2953 4989 αὐτῷ,
2987 4914 3372 4987 ἀπεστάλησαν
3416 4913 3633 4989 δέσμιοι
3683 4919 3828 4991 πρὸς

2159 5005 2251 5060 τὸν
2285 5006 2399 5061 υἱὸν
2432 5006 2600 5061 αὐτοῦ
2632 5005 2719 5060 ἐπὶ
2748 5010 2830 5079 τῷ
2879 5013 3292 5081 τιμωρηθῆναι.
3352 5007 3460 5062 Καὶ
3520 5003 3823 5082 βληθέντες

2161 5091 2215 5148 έν
2256 5093 2409 5170 πυρὶ,
2458 5093 2551 5149 καὶ
2604 5089 2867 5157 ἀϐλαϐεῖς
2922 5093 3248 5165 ἐξελθόντες,
3301 5081 3527 5149 ἔπεισαν
3564 5081 3827 5159 πολλὸὺς

2160 5187 2440 5239 πιστεῦσαι
2499 5188 2737 5260 Χριστῷ.
2800 5183 2904 5240 Καὶ
2980 5181 3072 5239 διὰ
3149 5181 3317 5239 τοῦτο
3388 5182 3824 5261 παροργίσαντες

2158 5270 2252 5331 τὸν
2284 5271 2549 5351 ἄρχοντα,
2579 5274 3118 5354 ἀπεκεφαλίσθησαν.

2708 5374 2892 5433 ΜΗΝΙ
2931 5377 3016 5428 ΤΩ
3053 5374 3264 5431 ΔΪἼὯ.

2955 5463 3007 5517 Ζ,

2157 5559 2425 5633 ,Λθλησις
2472 5568 2570 5621 τοῦ
2623 5564 2781 5639 ἁγίου
2840 5563 3116 5656 μάρτυρος
3162 5561 3519 5638 Περεγρίνου,
3569 5561 3663 5617 καὶ
3714 5565 3833 5618 τῶν

2819 5654 2913 5690 συν
2947 5654 3123 5707 αυτῳ.

2231 5768 2299 5824 Οἱ
2327 5771 2424 5823 τοῦ
2472 5764 2712 5841 Χριστοῦ
2762 5759 3029 5837 μάρτυρες
3081 5763 3436 5838 Περεγρῖνος,
3492 5762 3830 5836 Λουκιανὸς,
