4108 6482
246 479 342 540 529

1741 477 2038 540 JUHUS.

3521 477 3641 537 530

243 614 530 686 Πομπήϊος,
570 612 859 688 Ἠσύχιος,
921 610 1154 682 Παπίας,
1205 610 1560 687 Σατορνίλος,
1611 612 1698 666 καὶ
1745 617 1861 684 Γερ-

1986 613 2175 686 peius,
2211 613 2556 685 Hesychius,
2583 613 2812 684 Papias,
2843 611 3180 668 Saturnilus
3203 617 3260 666 et
3285 614 3634 667 Germanus.

243 705 403 776 μανὸς,
439 703 697 778 ὑπῆρχον
732 702 792 757 ἐκ
813 709 912 771 τῆς
954 703 1144 777 χώρης
1196 701 1456 763 Ἰταλίας.
1512 699 1635 758 Ἐπὶ
1689 698 1744 755 δὲ
1773 706 1874 768 τῆς

243 791 498 868 βασιλείας
555 796 827 866 Τραῖινςῦ
886 789 978 846 διὰ
1032 792 1124 846 τὸν
1183 792 1322 846 κατὰ
1375 795 1484 846 τῶν
1539 794 1872 866 Χριστιανῶν

238 879 458 956 διωγμὸν
519 876 780 954 ἐμϐάντες
840 881 916 943 εἷς
974 880 1200 946 πλοῖον,
1282 883 1624 951 κατήντησαν
1676 878 1752 942 είς
1809 879 1873 933 τὸ

237 970 543 1048 Δυρέὰχιον·
629 971 721 1026 καὶ
811 968 1016 1032 ἰδόντες
1101 971 1195 1024 τὸν
1283 971 1438 1045 ἅγιον
1501 971 1873 1045 ἱερομάρτυρα

236 1062 457 1117 Ἀστεῖον
513 1061 883 1136 κεχρισμένον
971 1057 1178 1131 μέλιτι,
1236 1061 1326 1114 καὶ
1383 1058 1726 1132 κρεμάμενον
1783 1056 1871 1113 ἐπὶ

231 1150 400 1224 ξύλου,
430 1152 520 1206 καὶ
557 1152 660 1206 ὑπὸ
704 1154 927 1228 σφηκῶν
987 1151 1078 1204 καὶ
1144 1154 1316 1222 μυιῶν
1367 1148 1867 1220 κατακεντούμενον

230 1239 312 1298 διὰ
337 1243 429 1310 τήν
475 1240 551 1303 εἷς
609 1241 843 1313 Χριστὸν
899 1238 1234 1314 ὁμολογίαν,
1293 1238 1624 1314 ἐμακάρισαν
1681 1239 1864 1294 αὐτόν·

229 1332 310 1388 καὶ
366 1330 694 1406 γνωσθέντες
752 1329 1126 1405 ἐκρατήθησαν
1186 1329 1332 1404 παρᾶ
1388 1332 1496 1384 τῶν
1560 1329 1864 1398 ταξεωτῶν·

227 1420 310 1475 καὶ
365 1419 749 1495 ἐρωτηθέντες,
816 1419 904 1474 καὶ
959 1419 1050 1474 τὸν
1106 1418 1344 1492 Χριστὸν
1403 1416 1868 1494 ὁμολογήσαντες,

222 1506 584 1584 παρεδόθησαν
675 1505 1022 1583 Ἀγρικολάῳ
1100 1511 1181 1578 τῷ
1257 1505 1510 1583 ἡγεμόνι,
1589 1505 1680 1560 καὶ
1740 1507 1866 1582 παρ’

219 1598 416 1655 ἐκείνου
445 1593 811 1673 ἐμϐληθέντες
864 1597 937 1660 εἷς
996 1595 1196 1653 πλοῖον
1255 1593 1494 1670 δὲσμιοι,
1551 1595 1641 1651 καὶ
1700 1595 1752 1651 ὲν
1790 1601 1868 1668 τῷ

215 1693 308 1744 τοῦ
361 1685 577 1763 Ἀδρίας
637 1687 867 1764 πελάγει
929 1685 1195 1763 ῥιφέντες,
1253 1685 1318 1741 τὸ
1379 1686 1644 1760 μακάριον
1706 1683 1866 1748 τέλος

219 1776 476 1849 ἐδέξαντο.
533 1779 629 1833 Ὧν
685 1776 753 1832 τὰ
829 1773 1064 1850 λείψανα
1146 1770 1453 1831 ἐκϐαλοόσα
1507 1777 1544 1845 ἡ
1603 1773 1863 1842 θάλασσα,

222 1866 438 1942 ἔκρυψεν
469 1866 519 1922 ἐν
550 1871 618 1942 τῇ
680 1863 875 1941 ἅμμῳ.
930 1865 1026 1922 Καὶ
1075 1866 1211 1940 μετὰ
1253 1869 1424 1920 ταῦτα
1479 1864 1867 1944 ἱμφανισθὲντα

215 1962 294 2032 τῷ
348 1956 765 2033 ἀρχιεπισκόπφ
849 1951 1282 2030 Ἀλεξανδρείας,
1366 1954 1722 2026 κατετέθησαν
1781 1954 1945 2056 ἐν-Β

212 2048 265 2104 τί
274 2070 406 2122 μως.

214 2157 309 2213 Καὶ
370 2156 560 2229 μνήμη
622 2158 721 2209 τοῦ
780 2153 934 2208 ὁσίου
972 2157 1184 2240 νΘωμᾶ
1257 2157 1356 2208 to?»
1415 2151 1466 2207 ἐν
1528 2157 1606 2224 τῷ
1665 2151 1864 2224 Μαλεῷ

969 2245 1102 2297 ορει.

279 2328 338 2384 Ὀ
368 2324 419 2379 ἐν
453 2323 630 2400 ἁγίοις
687 2324 873 2398 Πατὴρ
924 2325 1085 2397 ἡμῶν
1134 2327 1356 2396 Θωμᾶς,
1408 2321 1496 2378 ὅτε
1549 2323 1641 2396 μὶν
1691 2324 1757 2393 ἦν
1809 2321 1859 2377 ἐν

210 2421 289 2489 τῷ
348 2417 562 2487 κόσμῳ,
625 2412 834 2487 ἐγένετο
921 2413 1247 2490 περιφανὴς,
1335 2413 1422 2466 καὶ
1502 2407 1865 2486 περίϐλεπτος

219 2504 439 2576 πλούτῳ
510 2503 599 2557 καὶ
660 2499 962 2572 δυναστεία
1021 2501 1167 2556 ἀλλὰ
1224 2501 1307 2556 καὶ
1371 2501 1506 2555 κατὰ
1563 2496 1862 2577 Βαρϐάρων

217 2593 397 2650 πολλὰ
446 2592 682 2668 τρόπαια
729 2589 972 2661 ἔστησεν.
1029 2593 1159 2649 Ὅτε
1209 2589 1265 2646 δὲ
1312 2591 1574 2646 κατέλιπε
1624 2591 1715 2645 τὸν
1769 2590 1866 2646 κό-

210 2708 345 2759 σμον
379 2683 469 2740 διὰ
495 2684 588 2738 τὸν
626 2682 701 2745 εἷς
736 2684 972 2758 Χριστὸν
1007 2683 1202 2753 πόθον,
1234 2681 1323 2736 καὶ
1354 2682 1416 2736 τὸ
1463 2685 1560 2736 τοῦ
1604 2682 1725 2758 βίου
1773 2703 1863 2736 πι-

208 2777 333 2851 κρὸν
370 2772 460 2828 διὰ
489 2773 581 2828 τὸν
617 2771 692 2834 είς
728 2772 960 2842 Χριστὸν
1011 2773 1205 2839 πόθον,
1247 2771 1428 2827 καὶτὸ
1455 2777 1552 2826 τοῦ
1601 2771 1723 2848 βίου
1773 2793 1863 2826 πι-

210 2866 335 2942 κρὸν
366 2861 698 2932 κλυδώνιον,
727 2860 817 2917 καὶ
851 2860 1062 2937 ἐγένετο
1117 2863 1380 2938 μοναχὸς,
1428 2861 1600 2924 οὕτως
1653 2860 1863 2936 ἐγένετο

211 2951 685 3033 περιφανέστερος,
747 2951 822 3013 ὡς
885 2951 1158 3029 φαίνεσθαι
1217 2951 1271 3006 ἐν
1326 2952 1480 3006 νυκτῖ
1535 2950 1612 3013 ὡς
1669 2949 1866 3014 στύλος

213 3045 378 3119 πυρὸς
405 3046 477 3116 τῇ
511 3039 791 3114 ἐπισκέψει
849 3046 947 3096 τοῦ
1006 3040 1247 3117 μεγάλου
1305 3043 1592 3118 προφήτου
1649 3040 1864 3111 Ἠλίου,

213 3136 271 3192 οὗ
298 3132 514 3190 καὶτὸν
557 3131 762 3206 τρόπον
813 3129 1112 3202 ἐζήλωσεν
1161 3133 1457 3208 ἡσυχάζων
1510 3130 1615 3200 ἀεὶ,
1665 3132 1866 3204 καὶτῷ

211 3227 321 3295 Θεῷ
367 3219 794 3296 ἀπερισπάστως
848 3219 1316 3295 προσευχόμενος,
1377 3219 1429 3274 ἐν
1480 3218 1593 3295 ὄρει
1644 3223 1721 3292 τῷ
1769 3241 1860 3276 κα-

209 3311 464 3385 λουμένῳ
526 3306 754 3381 Μαλεῷ·
813 3309 971 3373 Ὅθεν
1053 3311 1142 3364 καὶ
1219 3308 1532 3385 χαρίσματα
1618 3307 1862 3383 ίαμύίτων

207 3395 417 3468 λαϐὼν,
474 3396 744 3470 δαίμονας
799 3395 1071 3469 ἀπήλασε·
1128 3399 1219 3453 καὶ
1272 3400 1458 3474 πηγὴν
1520 3396 1730 3454 ὑδάτων
1777 3397 1864 3454 διὰ

205 3494 522 3566 προσευχῆς
553 3490 722 3545 αὑτοῦ
757 3489 956 3564 βλῦσαι
1010 3489 1327 3560 πεποίηκεν·
1383 3490 1468 3545 καὶ
1523 3488 1752 3569 τυφλοῖς
1802 3495 1863 3546 τὸ

217 3581 466 3653 βλίεπειν,
495 3580 584 3633 καὶ
632 3584 846 3655 χωλοῖς
895 3581 995 3647 τὴν
1052 3577 1342 3655 εὖὸρομίαν
1391 3579 1706 3656 ἐχαρίσατο.
1760 3581 1861 3636 Καὶ

212 3665 374 3740 ἵτερα
403 3667 646 3739 θαύματα
667 3667 871 3741 ιπολλὰ
927 3668 1014 3723 ἐπὶ
1066 3673 1144 3742 τῷ
1196 3669 1424 3742 ὀνόματι
1475 3673 1571 3724 τοῦ
1630 3673 1861 3745 Χριστοῦ

209 3758 488 3827 ποιήσας,
536 3758 619 3810 καὶ
673 3758 982 3832 θαυμαστὸς
1034 3765 1150 3820 τοῖς
1210 3765 1338 3814 πᾶσι
1399 3761 1710 3836 γενόμενος,
1771 3761 1860 3815 καὶ

198 3848 303 3901 τὸν
339 3846 494 3917 Θεὸν,
545 3847 616 3908 ὡς
665 3847 940 3922 ἀνθρώπῳ
999 3845 1248 3919 δυνατὸν,
1307 3849 1660 3925 θεραπεύσας,
1723 3851 1857 3926 πρὸς

196 3935 364 3992 αὐτὸν
399 3934 606 4012 χαίρων
637 3937 725 3992 καὶ
757 3936 1141 4012 ἀγαλλόμενος
1168 3935 1318 4010 ἐξεδή
1329 3960 1518 4012 μησεν.

753 4037 938 4095 MuNI
979 4039 1071 4116 Τᾳ
1109 4039 1306 4116 Αντᾳ.

1002 4128 1063 4183 Il'

263 4214 549 4287 νΔθλησις
579 4219 677 4271 τοῦ
709 4217 868 4292 ἁγίου
903 4216 1397 4294 μεγαλομάρτυρος
1431 4218 1767 4296 ῐῐροκοπίου.

259 4322 580 4396 Ιιροκόπιος
629 4323 657 4378 ὁ
719 4323 1140 4402 μεγαλομάρτυς
1199 4325 1456 4400 ἐγεννήθη
1521 4328 1616 4401 μὶν
1675 4327 1727 4384 ἰν
1785 4335 1854 4403 τῇ

177 4410 352 4466 πόλει
417 4411 644 4483 Αἴλίας,
705 4413 764 4469 ἐκ
820 4413 1026 4490 πατρὸς
1086 4418 1436 4492 Χριστιανοῐὶ⁸
1496 4417 1584 4472 καὶ
1646 4421 1854 4495 μητρὸς

175 4497 553 4571 Ἑλληνίδος,
586 4502 673 4557 ἐπὶ
705 4509 804 4572 τῆς
841 4502 1124 4579 βασιλείας
1157 4511 1576 4576 Διοκλητιανοῦ·
1623 4507 1855 4584 ἀνατρα-

161 4589 295 4665 φεῖς
355 4592 510 4664 παρᾶ
560 4598 661 4660 τῆς
721 4596 930 4666 μητρὸς
993 4593 1129 4667 μετὰ
1184 4594 1444 4665 τελευτήν
1496 4600 1594 4650 τοῦ
1651 4599 1855 4671 πατρὸς

1987 703 2115 758 Itali
2151 702 2408 757 fuerunt.
2446 703 2777 774 lmperante
2811 705 3005 756 autem
3039 701 3290 773 Trajano
3340 707 3639 757 commota

1981 793 2042 847 in
2093 791 2460 848 Christianos
2519 792 2957 864 persecutione,
3017 807 3343 847 conscenso
3404 791 3634 864 navigio

1982 883 2368 953 Dyrrachium
2393 882 2662 954 profecti,
2692 899 2824 937 cum
2852 886 3633 953 sanctumsacromartyrem

1981 973 2208 1027 Astium
2242 970 2530 1028 vidissent
2566 971 2639 1027 ob
2683 972 2901 1028 Christi
2960 971 3393 1026 confessionem
3455 970 3631 1026 melle

1979 1061 2330 1130 delibutum,
2368 1068 2423 1117 et
2456 1080 2523 1117 ex
2579 1062 2833 1134 equuleo
2885 1077 3263 1132 suspensum,
3315 1076 3630 1132 vesparum

1979 1169 2439 1224 muscarumque
2468 1153 2768 1209 morsibus
2800 1153 3152 1224 expositum.
3188 1151 3358 1206 illum
3389 1151 3630 1207 beatum

1978 1239 2277 1297 dixerunt.
2311 1242 2710 1308 Quamobrem
2741 1241 2947 1312 agniti,
2982 1245 3040 1294 et
3068 1256 3103 1294 a
3131 1239 3405 1311 prmsidis
3445 1255 3630 1310 appa-

1978 1331 2261 1386 ritoribus
2291 1331 2734 1403 comprehensi,
2769 1346 2903 1384 cum
2939 1328 3282 1400 interrogati
3327 1329 3628 1384 Christum

1976 1421 2234 1476 confessi
2265 1421 2542 1486 fuissent,
2576 1420 2884 1493 Agricolao
2935 1418 3175 1490 praasidi
3229 1417 3561 1480 traduntur,
3594 1434 3629 1473 a

1976 1526 2094 1580 quo
2117 1511 2317 1574 vincti,
2345 1511 2527 1582 inque
2545 1509 2844 1582 navigium
2877 1509 3154 1580 conjecti,
3179 1508 3240 1562 in
3260 1506 3625 1562 Adriaticum

1976 1615 2140 1654 mare
2171 1601 2427 1655 demersi
2460 1606 2619 1661 sunt.
2652 1600 3010 1668 beatumque
3031 1599 3213 1653 ﬁnem
3244 1601 3624 1666 acceperunt.

1974 1689 2220 1744 Illorum
2247 1689 2517 1760 reliquias
2536 1688 2743 1761 pelago
2768 1689 3332 1758 rejectaa,arenaque
3355 1685 3624 1756 sepultas,

1973 1784 2180 1848 postea
2236 1778 2483 1834 detecta:
2536 1777 2608 1832 ab
2664 1777 3114 1848 archiepiscopo
3199 1772 3623 1842 Alexandrino,

1972 1868 2301 1924 honoriﬁce
2329 1867 2582 1923 conditas
2606 1867 2792 1923 fuere.

2122 2157 2194 2209 Et
2223 2156 2488 2210 memoria
2525 2155 2704 2209 sancti
2733 2154 2941 2209 Thomas
2975 2155 3032 2209 in
3062 2159 3246 2208 monte
3284 2151 3475 2207 Maleo.

2041 2334 2291 2389 Sanctus
2323 2335 2497 2389 Pater
2526 2338 2732 2389 noster
2761 2334 3014 2388 Thomas
3045 2333 3107 2387 in
3141 2331 3358 2388 saeculo
3381 2331 3626 2404 quidem

1969 2423 2221 2478 illustris
2247 2423 2380 2490 fuit,
2404 2427 2581 2495 atque
2609 2423 2820 2495 opibus
2839 2422 3364 2494 dominationeque
3386 2419 3628 2494 conspi-

1970 2531 2117 2571 cuus
2148 2533 2160 2570 :
2195 2515 2301 2571 sed
2332 2521 2390 2570 et
2420 2515 2492 2570 de
2525 2515 2804 2583 Barbaris,
2829 2514 3030 2586 plures
3061 2513 3334 2570 victorias
3358 2517 3626 2584 reporta-

1968 2607 2071 2661 vit.
2103 2607 2246 2660 Cum
2271 2612 2466 2659 autem
2493 2605 2566 2659 ob
2589 2605 2803 2660 Christi
2827 2621 3087 2659 amorem
3115 2603 3418 2664 sreculum,
3446 2607 3622 2670 atque

1971 2696 2275 2752 saecularis
2290 2697 2421 2751 vitae
2439 2696 2925 2751 molestissimam
2946 2695 3330 2768 agitationem
3356 2693 3624 2749 abdicas-

1971 2792 2076 2841 set.
2111 2785 2303 2840 factus
2335 2786 2682 2851 monachus,
2743 2785 2888 2840 adeo
2948 2784 3240 2839 illustrior
3297 2783 3503 2844 evasit,
3560 2788 3627 2836 ut

1969 2873 2130 2928 velut
2159 2873 2440 2928 columna
2479 2873 2632 2946 ignis
2664 2874 2822 2929 inter
2851 2874 3044 2929 noctis
3078 2871 3376 2937 tenebras,
3423 2872 3623 2944 magni

1969 2963 2275 3035 prophetae
2296 2963 2435 3017 Eliaa
2459 2962 2991 3032 visitatione,cujus
3009 2963 3188 3017 etiam
3212 2977 3407 3016 mores
3429 2976 3623 3016 aemu-

1969 3052 2226 3120 labatur,
2250 3052 2470 3109 micare
2502 3053 2817 3108 videretur.
2846 3052 3161 3107 Silentium
3193 3051 3392 3122 itaque
3413 3065 3625 3122 perpe-

1971 3148 2074 3200 tuo
2107 3141 2311 3210 coluit,
2344 3147 2403 3197 et
2431 3140 2507 3197 ad
2537 3142 2720 3196 Deum
2753 3141 3166 3196 orationemin
3192 3145 3417 3205 monte,
3446 3155 3624 3210 quem

1971 3232 2225 3289 Maleum
2255 3231 2582 3304 appellant.
2617 3231 2903 3297 Quocirca
2931 3230 3308 3285 curationum
3342 3227 3492 3286 158
3523 3243 3624 3284 ac-

1895 3360 1939 3424 c
1971 3327 2142 3394 cepto
2176 3319 2354 3388 dono,
2387 3320 2688 3376 daemones
2720 3320 2966 3392 expulit,
2999 3324 3059 3374 et
3085 3319 3312 3374 fontem
3333 3334 3626 3390 aquarum

1969 3411 2119 3466 fusis
2151 3410 2224 3466 ad
2284 3411 2468 3466 Deum
2526 3409 2803 3482 precibus
2862 3409 3149 3464 scaturire
3205 3408 3385 3464 fecit:
3449 3408 3622 3464 caacis

1970 3503 2185 3563 visum,
2219 3499 2448 3555 claudis
2481 3499 2822 3572 expeditum
2854 3515 3094 3557 cursum
3127 3499 3406 3563 restituit,
3429 3497 3626 3569 plura-

1971 3608 2085 3662 que
2117 3590 2237 3645 alia
2266 3589 2555 3646 miracula
2582 3589 2642 3644 in
2673 3587 2888 3644 Christi
2912 3589 3156 3644 nomine
3209 3587 3481 3660 patravit,
3516 3586 3621 3641 ad-

1970 3679 2265 3736 mirabilis
2324 3677 2604 3734 omuibus
2657 3677 3001 3733 hominibus
3059 3677 3268 3733 factus.
3331 3677 3498 3731 Hunc
3558 3675 3621 3730 in

1970 3769 2214 3825 modum
2246 3769 2385 3839 Deo,
2420 3773 2708 3840 quantum
2733 3765 2962 3822 homini
2985 3766 3144 3835 licet,
3169 3765 3521 3834 inserviens,
3545 3765 3620 3821 ad

1965 3865 2169 3931 ipsum
2198 3857 2371 3914 last-as
2403 3863 2462 3913 et
2489 3856 2755 3932 gaudens
2787 3857 3059 3930 migravit

2523 4019 2765 4076 EODEM
2810 4019 3062 4075 MENSE.

2614 4118 2716 4174 Die
2748 4123 2975 4175 octava.

2122 4219 2411 4276 Certamen
2441 4221 2618 4275 sancti
2646 4221 2837 4288 magni
2866 4220 3127 4289 martyris
3161 4218 3466 4286 Proscopi-i.

2035 4340 2277 4410 Magnus
2308 4339 2534 4406 martyr
2566 4333 2888 4404 Procopius
2943 4333 3004 4386 in
3058 4331 3204 4386 urbe
3256 4331 3405 4385 Elia
3450 4331 3620 4386 Chri-

1967 4429 2158 4484 stiano
2177 4431 2561 4498 patre,matre
2589 4439 2817 4494 pagana
2837 4421 3372 4492 natus,imperante
3388 4419 3615 4476 Diocle-

1965 4517 2153 4577 tiano.
2188 4522 2322 4586 post
2353 4515 2538 4584 patris
2570 4513 2798 4568 obitum
2825 4528 2860 4566 a
2880 4517 3066 4566 matre
3099 4508 3614 4574 educatus,eidem

1966 4606 2331 4661 Diocletiano
2365 4604 2602 4658 oblatus
2633 4609 2743 4668 est,
2778 4608 2842 4657 ut
2871 4601 2943 4658 ad
2991 4602 3249 4656 honores
3297 4615 3616 4670 promove-

157 4681 372 4748 αὖτοῦ,
438 4682 738 4756 προσήχθη
798 4681 1178 4755 Διοκλητιανῷ
1235 4683 1321 4738 ἐπὶ
1379 4689 1460 4757 τῷ
1525 4689 1845 4758 τιμηθῆναυ

1970 4700 2145 4750 retur.
2182 4695 2374 4760 Quare
2405 4693 2780 4748 Alexandria)
2804 4692 2922 4746 dux
2942 4689 3347 4759 creatus,illuc
3360 4690 3619 4745 mittitur

153 4768 263 4823 K1?
304 4769 732 4844 προχειρισθεὶς
774 4767 898 4844 δοῦξ
960 4769 1393 4846 Ἀλεξανδρείας,
1453 4772 1731 4844 ἀπεστάλη
1785 4775 1847 4829 οὔ

153 4857 351 4930 μόνον
445 4857 744 4932 πολεμίοις
830 4859 1052 4935 ἐχθρὸς,
1113 4859 1260 4917 ἀλλὰ
1313 4863 1402 4918 καὶ
1477 4864 1845 4939 Χριστιανοῖς.

149 4945 601 5022 Ἀπερχόμενος
635 4945 692 5004 δὶ
720 4951 856 5017 πρὸς
885 4950 978 5005 τὸν
1036 4953 1190 5006 οἷκον
1245 4951 1432 5022 αὐτοῦ,
1477 4949 1645 5024 ἦλθεν
1696 4955 1846 5028 αὐτῷ

140 5036 326 5112 φωνὴ
359 5035 420 5107 ἐξ
458 5036 693 5108 ούρανοῦ
726 5038 983 5114 λέγουσα·
1017 5040 1239 5110 Νεανία,
1271 5045 1470 5097 παῦσαι
1528 5047 1624 5098 τοῦ
1677 5043 1844 5102 πολε-

132 5130 283 5198 μεῖν
319 5125 461 5188 τοὺς
490 5123 725 5190 δούλους
760 5149 887 5203 μου,
919 5131 1003 5184 ἱνα
1033 5131 1111 5204 μὴ
1161 5132 1460 5207 ἀποθάνῃς.
1512 5131 1836 5210 Ὑπεδείχθη

124 5213 197 5270 δὲ
236 5215 345 5270 καὶ
381 5214 537 5288 αὖτῷ
573 5225 766 5293 σχῆμα
797 5225 1050 5294 σταυροῦ.
1099 5220 1202 5279 Καὶ
1259 5222 1512 5286 ἅπελθὼν
1566 5224 1642 5287 εἷς
1697 5231 1839 5280 Σκυ-

124 5304 429 5372 θόπολιν,
493 5306 583 5360 καὶ
644 5315 958 5385 χρυσοχόον
1009 5309 1546 5383 προσκαλεσάμενος,
1619 5311 1844 5385 ἐποίησε

120 5394 340 5450 τύπον
375 5399 618 5470 σταυροῦ
649 5398 785 5452 κατᾶ
817 5399 878 5453 τὸ
915 5396 1242 5474 ὑποδειχθὲν
1293 5399 1439 5472 αύτῷ
1489 5405 1705 5478 σχῆμα,
1751 5405 1836 5459 καὶ

117 5483 349 5558 ἐφόρει
384 5484 578 5540 αὑτόν.
619 5488 828 5558 Στήσοις
861 5486 918 5544 δὲ
943 5487 1182 5564 τρόπαια
1235 5490 1370 5545 κατᾶ
1421 5495 1528 5546 τῶν
1587 5499 1841 5568 Σαρακη-

113 5578 279 5640 νῶν,
322 5575 427 5630 καῖ
478 5575 838 5651 ὑποστρέψας,
897 5579 1245 5651 κατεμηνύθη
1299 5585 1378 5651 τῷ
1431 5582 1647 5657 βασιλεῖ
1694 5587 1840 5658 παρὰ

101 5669 230 5732 τῆς
271 5665 536 5736 μητρὸς,
571 5667 646 5728 ὡς
681 5668 1028 5741 Χριστιανός.
1093 5669 1188 5724 Καὶ
1245 5672 1588 5746 τιμωρηθεὶς
1643 5669 1837 5750 διαφό-

99 5773 273 5825 ρως,
334 5755 439 5809 καὶ
501 5759 998 5830 θαυματουργήσας
1059 5757 1121 5812 οὐ
1190 5759 1357 5832 μόνον
1421 5761 1636 5836 ἑτέρους
1698 5763 1832 5819 πολι

97 5842 274 5908 λοὺς
316 5839 518 5902 ἔπεισε
549 5851 829 5903 πιστεῦσαι
865 5851 1111 5922 Χριστῷ,
1165 5845 1314 5904 ἀλλᾶ
1365 5849 1455 5904 καὶ
1509 5850 1676 5923 αὐτὴν
1732 5854 1831 5923 τήν

1960 4799 2082 4838 non
2115 4783 2291 4838 modo
2323 4781 2600 4838 hostibus
2631 4782 2855 4836 bellum
2879 4781 3174 4845 illaturus,
3200 4795 3404 4834 verum
3436 4779 3617 4836 etiam

1959 4870 2336 4928 Christianis.
2368 4872 2617 4926 Domum
2652 4873 2851 4942 itaque
2884 4886 3051 4924 suam
3101 4884 3376 4942 pergens,
3429 4868 3620 4925 audiit

1961 4977 2163 5018 vocem
2190 4979 2219 5017 e
2245 4961 2391 5018 cmlo
2414 4959 3386 5033 lapsam,diccntem:Adolescens,
3406 4957 3616 5016 desine

1957 5068 2218 5126 pugnare
2243 5053 2523 5108 adversus
2537 5069 2738 5107 servos
2763 5067 3029 5119 meos,ne
3043 5050 3340 5106 moriaris.
3366 5051 3616 5106 Ostensa

1954 5141 2335 5214 insuperipsi
2359 5143 2658 5198 estcrucis
2693 5142 2898 5213 ﬁgura.
2933 5139 3329 5205 Quamobrem
3363 5137 3610 5210 Scytho-

1954 5232 2137 5304 polim
2157 5232 2480 5304 profectus,
2507 5233 2815 5287 auriﬁcem
2838 5231 2912 5286 ad
2940 5246 3001 5285 se
3022 5229 3221 5285 venire
3226 5227 3611 5298 jussit,eique

1951 5324 2257 5394 praecepit,
2291 5328 2355 5378 ut
2387 5321 2718 5376 secundum
2740 5327 3042 5376 ostensam
3066 5319 3178 5373 sibi
3207 5318 3456 5390 ﬁguram
3475 5331 3609 5370 cru-

1952 5427 2085 5466 cem
2121 5411 2450 5483 efﬁngeret,
2485 5427 2665 5481 quam
2697 5410 2978 5479 deinceps
3009 5406 3272 5480 gestavit.
3308 5405 3454 5459 Cum
3477 5419 3612 5458 vero

1951 5499 2024 5555 de
2056 5500 2364 5556 Saracenis
2422 5501 2691 5572 trophaea
2757 5499 3078 5560 retulisset,
3137 5501 3314 5564 atque
3368 5493 3612 5548 domum

1950 5590 2250 5656 rediisset,
2283 5608 2316 5646 a
2366 5599 2556 5648 matre
2608 5590 2681 5646 ad
2741 5591 3160 5660 imperatorem
3206 5582 3438 5636 delatus
3499 5586 3609 5647 est,

1949 5679 2111 5750 quod
2144 5680 2518 5737 Christianus
2551 5685 2726 5735 esset.
2765 5679 2988 5734 Idcirco
3020 5673 3196 5728 variis
3245 5670 3608 5726 cruciatibus

1945 5770 2218 5835 allectus,
2247 5772 2494 5841 palratis
2519 5771 2590 5826 ab
2620 5770 2746 5840 ipso
2775 5764 3076 5821 miraculis
3101 5779 3220 5816 non
3248 5759 3424 5815 modo
3458 5759 3609 5814 alios

1944 5859 2283 5932 complures
2305 5859 2378 5915 ai
2403 5860 2618 5916 Christi
2645 5857 2824 5913 ﬁdem
2847 5853 3155 5920 convertit,
3183 5867 3385 5906 verum
3417 5850 3594 5905 etiam
