4108 6430
404 422 519 484 531

1702 406 2145 470 MENOLOGII
2190 404 2400 467 PARS
2445 404 2553 464 IlI.

3724 397 3845 459 532

411 557 664 610 matrem
697 552 909 624 ipsam,
943 552 1002 603 et
1031 544 1265 618 aliquot
1306 543 1614 612 mulieres,
1674 558 1806 598 cum
1854 538 2072 614 quibus

2213 534 2422 612 ιητέρα,
2452 535 2542 590 καί
2570 554 2719 597 τινας
2759 537 3040 609 γυναῖκας,
3076 532 3192 606 μεθ’
3229 532 3305 588 ὧν
3363 528 3843 610 ἀποκεφαλισθεὶς,

414 641 606 717 capite
636 641 869 715 plexus,
901 636 975 694 ad
1006 637 1193 691 Deum
1224 633 1517 708 migravit.

977 754 1221 810 EODEM
1261 751 1513 807 MENSE.

1094 842 1197 899 Die
1229 857 1409 898 nona.

555 936 708 995 159
742 934 1028 991 Certamen
1066 932 1409 989 sacrosancti
1438 930 1703 1000 martyris
1735 927 1949 999 Cyrilli.

496 1066 893 1136 Sacromartyr
922 1061 1180 1134 Cyrillus
1210 1058 1548 1116 Christiana
1578 1055 1694 1113 fide
1741 1054 2077 1126 divinisque

423 1160 633 1212 auctus
662 1154 996 1217 virtutibus,
1030 1149 1330 1206 Cretensis
1352 1147 1628 1204 Ecclesiaa
1649 1145 1914 1219 pontifex
1938 1160 2078 1200 con-

424 1245 667 1302 stitutus
696 1243 828 1299 fuit.
862 1244 1128 1313 Cumque
1176 1254 1413 1313 gregem
1466 1237 1618 1293 bene
1667 1234 2078 1309 gubernasset,

425 1341 604 1408 atque
637 1332 873 1390 Domini
904 1331 1140 1404 plebem
1172 1328 1443 1387 doctrina
1474 1333 1534 1382 et
1561 1323 2080 1383 adhortationibus

427 1424 1019 1491 auxisset,commota
1038 1416 1552 1492 persecutione,ab
1580 1414 2082 1471 idololatriscom-

429 1511 762 1586 prehensus
781 1506 1334 1584 etligatus,prmsidi
1352 1506 1789 1576 sistitur:atque
1806 1503 1869 1558 in
1883 1502 2083 1576 ignem

430 1601 758 1674 projectus,
790 1598 1051 1671 indeque
1082 1597 1308 1653 illaasus
1340 1610 1634 1669 egressus,
1667 1592 1921 1649 vinculis
1952 1592 2081 1664 qui-

433 1691 545 1747 bus
574 1689 962 1757 vinciebatur,
996 1685 1414 1752 concrematis,
1444 1688 1504 1740 et
1538 1700 1660 1739 una
1687 1699 1824 1739 cum
1882 1681 2082 1755 lignis,

436 1780 652 1854 quibus
682 1779 927 1836 ﬂamma
965 1777 1255 1845 alebatur,
1310 1775 1373 1830 in
1429 1775 1693 1830 cinerem
1741 1772 2019 1842 redactis,
2052 1787 2087 1827 a

434 1869 687 1945 praeside
719 1870 1004 1924 dimissus
1036 1867 1168 1936 fuit,
1200 1866 1421 1922 factum
1451 1864 1728 1932 mirante,
1760 1864 2083 1935 imperato-

431 1961 636 2032 risque
665 1958 859 2015 edicta
887 1957 1053 2013 velut
1081 1956 1288 2028 iniqua
1317 1955 1774 2011 condemnante.
1828 1953 1898 2008 Et
1944 1956 2087 2007 tunc

434 2049 674 2121 quidem
699 2065 795 2105 res
816 2049 899 2104 ita
930 2064 992 2103 se
1024 2046 1249 2102 habuit.
1286 2043 1673 2101 Postmodum
1695 2058 1833 2098 vero
1865 2058 2086 2114 praeses

434 2155 688 2196 cernens
708 2137 1046 2210 complures
1072 2135 1291 2191 Christi
1322 2134 1500 2190 ﬁdem
1523 2132 1871 2205 amplexari,
1894 2131 2087 2203 impe-

431 2231 648 2288 ratoris
662 2230 1136 2303 indignationem
1156 2224 1680 2293 veritus,sanctum
1704 2241 1833 2281 com
1843 2224 2085 2297 prehen-

436 2339 566 2379 sum
600 2322 779 2378 etiam
810 2321 1052 2389 invitus,
1086 2322 1278 2393 capite
1310 2319 1649 2375 damnavit:
1692 2321 1752 2373 et
1780 2332 1886 2389 per
1931 2316 2090 2371 hunc

437 2411 684 2471 modum
716 2413 891 2468 vitam
924 2410 1350 2477 immortalem,
1403 2414 1875 2482 perpetuamque
1921 2405 2091 2480 regni

440 2501 699 2559 cmlestis
729 2500 1162 2558 beatitudinem
1193 2500 1387 2556 eidem
1420 2497 1805 2570 comparavit.

440 2691 512 2748 Et
538 2695 813 2747 certamen
842 2690 1023 2745 sancti
1051 2689 1316 2760 martyris
1339 2684 1709 2743 Patermuthii
1730 2692 1783 2741 et
1797 2686 2089 2741 sociorum.

513 2869 958 2925 Patermuthius
990 2872 1049 2924 et
1073 2867 1238 2934 socii,
1269 2866 1505 2923 Iuliano
1529 2867 1814 2938 Apostata
1828 2863 2095 2936 tyranni-

443 2958 578 3016 dem
610 2963 945 3027 exercente,
981 2959 1044 3014 in
1072 2958 1412 3031 Egyptiaca
1455 2971 1654 3011 eremo
1706 2970 2007 3011 secessum
2038 2958 2098 3009 et

441 3052 705 3122 quietam
736 3052 915 3107 vitam
937 3050 1316 3122 queesierant.
1339 3049 1545 3105 Eidem
1569 3052 1768 3105 autem
1801 3049 2097 3119 Apostatse

440 3140 723 3199 adversus
754 3143 964 3197 Persas
997 3140 1436 3213 expeditionem
1468 3138 1703 3212 paranti
1736 3138 1807 3194 ab
1837 3136 2091 3193 idolola-

441 3231 550 3287 tris
580 3230 784 3298 delati,
813 3235 871 3286 et
901 3230 1659 3302 comprehensi,sistuntur.
1694 3229 1761 3283 Et
1790 3228 2095 3282 Patermu-

2120 1914 2167 1981 Β

2187 624 2327 697 πρὸς
2358 624 2487 680 Θεὸν
2519 620 2669 698 ἐξεδή
2681 643 2874 698 μησεν.

2742 753 2920 806 MIINI
2959 752 3049 829 T9
3089 753 3282 828 arm.

2347 929 2614 1000 Ἀθλησις
2643 932 2742 985 τοῦ
2774 926 2927 1004 ἁγίου
2958 846 3356 1005 ἱῗρομάρτυρος
3386 925 3688 1005 Κυρίλλου.

2264 1041 2554 1117 Κύριλλος
2610 1044 2639 1099 ὁ
2698 1044 3052 1119 ἱερομάρτυς,
3110 1047 3181 1118 τῇ
3235 1042 3312 1106 είς
3369 1043 3602 1117 Χριστὸν
3663 1041 3845 1099 πίστει

2190 1132 2282 1188 καὶ
2350 1137 2472 1197 ταῖς
2554 1131 2724 1198 θείαις
2805 1132 3021 1208 ἀρεταῖς
3107 1132 3474 1206 συναυξηθεὶς,
3558 1130 3850 1209 ἀρχιερεὺς

2190 1224 2419 1295 κατέστη
2469 1230 2568 1295 τῆς
2625 1222 2677 1279 ἐν
2731 1226 2914 1299 Κρήτῃ
2972 1221 3325 1295 Ἐκκλησίας.
3380 1224 3484 1280 Καὶ
3548 1222 3738 1286 καλῶς
3782 1224 3847 1280 τὸ

2191 1315 2451 1388 ποίμνιον
2485 1314 2695 1385 ῗθύνας,
2728 1317 2817 1371 καὶ
2848 1316 2940 1371 τὸν
2971 1313 3104 1371 λαὸν
3169 1314 3369 1391 Κυρίου
3419 1312 3705 1386 πληθύνας
3756 1312 3850 1370 διὰ

2196 1401 2571 1476 διδασκαλίας,
2602 1406 2692 1462 καὶ
2750 1408 3141 1483 παραινέσεως,
3198 1403 3453 1481 διωγμοῦ
3508 1406 3849 1477 κινηθέντος,

2192 1491 2466 1567 ἐκρατήθη
2501 1494 2648 1573 παρὰ
2691 1499 2802 1551 τῶν
2850 1492 3290 1572 εἶδωλολατρῶν,
3337 1494 3429 1551 καὶ
3481 1491 3651 1559 δεθεὶς
3706 1515 3850 1571 παρ-

2194 1581 2357 1654 εδόθη
2389 1589 2470 1658 τῷ
2499 1582 2748 1662 ἄρχοντι·
2800 1585 2904 1644 Καὶ
2963 1579 3266 1659 ἐμϐληθεὶς
3327 1584 3404 1650 είς
3457 1588 3586 1661 πῦρ,
3646 1585 3737 1640 καὶ
3796 1582 3850 1657 ἐξ

2196 1673 2361 1729 αὑτοῦ
2408 1669 2660 1744 ἀϐλαϐὴς
2717 1674 2968 1747 ἐξελθὼν,
3024 1679 3129 1730 τῶν
3193 1671 3428 1749 δεσμῶν,
3488 1677 3572 1738 οἷς
3630 1671 3849 1731 ἐδέδετο

2194 1764 2575 1835 καέντων,καὶ
2632 1770 2741 1822 τῶν
2799 1765 2999 1837 ξύλων,
3059 1767 3205 1836 οίςὴ
3240 1763 3375 1841 φλόξ
3436 1763 3709 1842 ἐτρέφετο,
3768 1763 3849 1820 εἷς

2195 1858 2346 1912 κόνιν
2404 1856 2829 1931 λεπτυνθέντων,
2889 1856 3137 1930 ἀπελύθη
3194 1859 3341 1933 παρά
3395 1855 3493 1914 τοῦ
3550 1855 3851 1934 ἄρχοντος,

2196 1948 2571 2020 θαυμάσαντος
2624 1948 2686 2003 τὸ
2741 1948 2985 2025 γεγονὸς,
3055 1948 3146 2003 καὶ
3202 1945 3318 2010 τοῖς
3403 1951 3501 2003 τοῦ
3582 1945 3858 2023 βασιλέως

2195 2035 2606 2113 προστάγμασιν
2684 2037 2760 2100 ὡς
2840 2034 3048 2100 ἀδίκοις
3137 2037 3287 2093 οὖσιν
3373 2033 3852 2111 ἐπιμεμψαμένου.

2198 2128 2299 2184 Καὶ
2324 2128 2443 2183 νότε
2476 2128 2573 2202 μὶν
2608 2127 2804 2191 οὕτως.
2837 2135 3091 2205 Ὕστερον
3145 2125 3203 2184 δὲ
3245 2125 3376 2184 ῗδὼν
3413 2128 3441 2184 ὁ
3472 2125 3661 2204 ἅρχων
3710 2126 3859 2184 πολ-

2198 2217 2330 2281 λοὺς
2358 2219 2458 2287 τήν
2517 2218 2594 2283 εἲς
2646 2218 2881 2295 Χριστὸν
2939 2218 3119 2274 πίστιν
3177 2218 3613 2292 ἀσπαζομένους,
3670 2213 3854 2298 φοϐη-

2200 2305 2311 2372 θεὶς
2341 2306 2434 2362 τὸν
2462 2310 2561 2362 τοῦ
2595 2305 2865 2381 βασιλέως
2900 2306 3090 2381 θυμὸν,
3124 2307 3401 2379 κρατήσας
3429 2308 3523 2363 τὸν
3553 2306 3711 2383 ἆγιον
3761 2306 3857 2362 καὶ

2199 2395 2371 2463 ἄκων,
2404 2393 2793 2477 ἀπεκεφάλισε,
2844 2395 3179 2473 προξενήσας
3236 2395 3384 2469 αὐτῷ
3438 2395 3582 2466 ζωήν
3641 2394 3855 2452 ἀθάνα-

2197 2508 2291 2544 τον
2318 2488 2409 2543 καὶ
2437 2484 2614 2544 ἀΐδιον
2669 2486 3046 2563 μακαριότητα
3098 2492 3200 2557 τῆς
3259 2484 3535 2562 βασιλείας
3591 2488 3703 2541 τῶν
3760 2484 3857 2542 ού·

2200 2598 2400 2655 ράνων.

2202 2694 2305 2753 Καὶ
2390 2692 2622 2767 ἄθλησις
2700 2697 2796 2749 τοῦ
2830 2767 2841 2769 _
2882 2693 3064 2769 ἁγίουῇ
3114 2692 3388 2769 μάρτυρος
3476 2691 3858 2768 Πατερμυθίου

2756 2767 2847 2821 καὶ
2879 2763 2986 2821 τῶν
3019 2763 3124 2821 σὺν
3145 2763 3313 2838 αὐτῷ’.

2274 2865 2704 2942 Πατερμούθιος,
2737 2864 2826 2921 καὶ
2873 2867 2925 2921 οἱ
2957 2864 3049 2921 σὺν
3102 2864 3271 2939 αὐτῷ,
3321 2864 3573 2942 ὑπῆρχον
3625 2864 3712 2921 ἐπὶ
3755 2869 3864 2933 τῆς

2200 2956 2517 3035 τυραννίδος
2575 2958 2885 3013 ἸουΙιανοῦ
2933 2960 3031 3013 τοῦ
3107 2950 3458 3032 Παραϐάτου,
3518 2953 3570 3010 ἐν
3624 2957 3691 3030 τῇ
3741 2957 3866 3013 κατ’

2205 3046 2481 3126 Αἴγυπτον
2523 3046 2721 3127 ἐρήμῳ
2779 3048 3173 3124 ἡσυχάζοντες.
3229 3047 3632 3124 Ἀπερχομένῳ
3681 3044 3741 3103 δὶ
3785 3052 3870 3121 τῷ

2207 3133 2501 3215 Παραϐάτη
2558 3138 2695 3216 πρὸς
2748 3138 2841 3194 τὸν
2899 3138 3037 3194 κατά
3089 3141 3198 3194 τῶν
3283 3141 3504 3213 Περσῶν
3586 3134 3868 3212 πόλεμον,

2209 3229 2663 3302 κατεμηνύοησαν
2721 3228 2867 3304 παρᾶ
2917 3232 3027 3283 τῶν
3080 3224 3526 3305 εἷδωλολατρῶν.
3586 3226 3685 3283 Καὶ
3734 3248 3866 3301 κρα-

445 3321 606 3377 thius
633 3288 874 3393 quidem
907 3288 1132 3377 annum
1158 3288 1369 3392 agebat
1395 3319 1898 3392 septuagesimum
1925 3317 2095 3389 quin-

2213 3288 2467 3391 τηθὲντες
2499 3288 2756 3395 άςγθησαν
2799 3288 3047 3374 ιἐνώπιον
3100 3317 3285 3376 αὐτοῦ.
3330 3288 3429 3375 Ὶίν
3460 3315 3516 3373 δὲ
3547 3318 3575 3374 ὁ
3610 3318 3707 3393 μὶν
3757 3288 3865 3375 ila-

445 3417 614 3477 tum;
647 3413 863 3484 Copres
896 3427 1029 3466 vero
1062 3410 1337 3482 quintum
1369 3425 1549 3482 supra
1570 3409 2096 3482 quadragesimum.

449 3502 629 3559 Divisi
659 3503 861 3575 itaque
890 3502 963 3559 ab
995 3502 1270 3569 invicem,
1304 3502 1602 3557 Christum
1630 3500 1924 3575 abnegare
1940 3518 2100 3558 com-

451 3592 853 3666 pellebantur.
911 3594 1130 3665 Copres
1184 3597 1384 3648 autem
1443 3593 1743 3664 Aposlataa
1799 3590 2102 3648 illecebris

455 3689 683 3755 captus,
713 3701 748 3739 a
766 3682 884 3739 ﬁde
911 3681 1146 3738 defecit.
1163 3683 1287 3748 Quo
1310 3680 1613 3737 intellecto
1638 3682 2101 3751 Patermuthius,

453 3772 700 3844 plorans
719 3789 826 3844 pro
848 3771 952 3828 illo
973 3772 1160 3826 Deum
1183 3770 1405 3826 orabat.
1427 3772 1554 3825 Mox
1573 3769 1768 3842 etipse
1791 3770 2101 3838 adductus,

455 3866 515 3918 et
542 3864 771 3933 Copren
820 3860 1152 3933 splendidis
1204 3865 1478 3932 opertum
1522 3860 1783 3917 vestibus
1830 3860 2103 3930 intuitus,

451 3951 859 4022 illacrymatus
885 3955 992 4006 est.
1026 3954 1243 4021 Copres
1271 3965 1411 4005 vero
1444 3964 1647 4005 earum
1704 3949 2105 4023 lacrymarum

452 4056 693 4096 causam
725 4055 928 4095 casum
960 4055 1133 4095 suum
1188 4054 1318 4094 esse
1376 4054 1729 4109 agnoscens,
1790 4040 1910 4095 alta
1966 4056 2106 4096 voce

452 4129 710 4186 clamare
743 4129 959 4200 ccepit:
997 4128 1148 4184 160
1182 4128 1297 4201 Ego
1321 4127 1450 4199 jam
1481 4127 1765 4184 Julianita
1795 4145 1916 4184 non
1950 4146 2105 4197 sum,

454 4221 558 4279 sed
590 4221 804 4278 Christi
837 4237 1060 4277 servus.
1118 4223 1446 4292 Eapropter
1502 4220 1554 4276 ei
1610 4221 1813 4294 lingua
1870 4220 2105 4277 abscin-

454 4313 634 4378 ditur,
667 4318 845 4385 atque
876 4328 996 4368 una
1019 4328 1156 4369 cum
1188 4311 1594 4366 Patermuthio
1648 4311 1708 4367 in
1734 4312 1928 4384 ignem
1963 4327 2106 4368 con-

446 4403 657 4477 jicitur
681 4420 695 4460 :
729 4420 878 4475 quos
899 4420 1037 4460 cum
1060 4400 1398 4458 Alexander
1418 4400 1490 4457 ab
1512 4401 1646 4475 igne
1666 4402 1911 4457 minime
1935 4401 2109 4458 laesos

457 4500 748 4560 cerneret,
784 4493 999 4550 Christi
1032 4492 1212 4548 ﬁdem
1261 4491 1593 4564 amplexus,
1639 4507 1760 4548 una
1806 4507 1944 4549 cum
1987 4491 2111 4549 illis

459 4583 726 4658 gaudens
755 4583 953 4658 gladio
984 4583 1376 4640 obtruncatus
1407 4586 1517 4639 est.

2205 3408 2530 3486 τερμούθιος
2578 3407 2711 3464 ἐτῶν
2767 3402 3151 3482 ἐϐδομήκοντα
3207 3408 3386 3478 πέντε,
3448 3409 3476 3464 ὁ
3532 3405 3591 3463 δὲ
3644 3408 3868 3484 Κόπρης

2210 3497 2343 3554 ἐτῶν
2453 3497 2851 3574 τεσσαρακόντα
2954 3497 3133 3554 πέντε.
3221 3497 3321 3552 Καὶ
3409 3494 3865 3573 διαχωρισθέντες

2207 3588 2578 3666 ἠναγκάζοντο
2617 3586 2947 3663 ἀρνήσασθαι
3001 3587 3095 3643 τὸν
3154 3586 3414 3664 Χριστόν.
3474 3588 3714 3651 Πεισθεὶς
3768 3588 3862 3643 οὖν

2210 3679 2486 3755 ὁΚόπρης
2538 3683 2658 3741 ταῖς
2717 3677 2973 3741 θωπείαις
3028 3681 3127 3732 τοῦ
3185 3671 3863 3753 Παραὸἀτου,ἠρνήσατο.

2209 3768 2314 3826 Καὶ
2351 3769 2536 3842 μαθὼν
2567 3772 2729 3824 τοῦτο
2762 3768 2789 3824 ὁ
2815 3765 3249 3841 Πατερμούθιος,
3306 3766 3515 3825 κλαίων
3564 3764 3866 3841 παρεκάλει

2208 3861 2303 3915 τὸν
2334 3858 2463 3914 Θεὸν
2494 3857 2626 3933 ὑπὲρ
2670 3855 2856 3915 αὐτοῦ.
2906 3855 3199 3932 Είσαχθεὶς
3240 3855 3331 3911 οὖν
3377 3854 3467 3909 καὶ
3526 3854 3710 3926 αὐτὸς,
3772 3855 3867 3912 καὶ

2213 3946 2346 4004 ἰδὼν
2399 3949 2490 4004 τὸν
2552 3949 2773 4023 Κόπρην
2832 3946 3026 4019 ἱμάτια
3083 3943 3307 4022 Λαμπρᾶ
3361 3937 3863 4018 περιϐεϐλημένον,

2212 4036 2491 4114 ἐδάκρυσε.
2528 4038 2624 4093 Καὶ
2654 4037 2810 4113 γνοὺς
2844 4040 2872 4092 ὁ
2903 4036 3152 4113 Κόπρης,
3185 4036 3266 4092 δτι
3298 4031 3366 4090 δι’
3391 4032 3547 4089 αὐτὸν
3606 4030 3859 4103 ἕκλαυσε,

2214 4128 2511 4203 ἀνακράξας
2567 4123 2693 4206 ἔφη.
2748 4127 2862 4186 Οὐκ
2917 4124 2994 4183 ἔτι
3054 4126 3169 4199 εἶμί
3255 4122 3639 4196 Ἰουλιανίτης,
3716 4122 3868 4179 ἀλλὰ

2214 4220 2450 4290 Χριστοῦ
2481 4216 2701 4281 δοῦλος.
2731 4216 3015 4282 Ἐκκοπεῖς
3046 4215 3136 4271 οὗν
3169 4217 3270 4286 τήν
3325 4212 3601 4293 γλῶσσαν,
3652 4208 3867 4285 ἐϐλήθη

2216 4308 2294 4369 εἷς
2327 4307 2434 4383 πῦρ
2493 4308 2627 4382 μετᾶ
2684 4311 2782 4363 τοῦ
2834 4306 3270 4383 Πατερμουθίου·
3332 4304 3423 4360 καὶ
3482 4302 3610 4360 ἷδὼν
3670 4302 3871 4367 αὐτοὺς

2213 4394 2569 4474 Ἀλέξανδρός
2625 4419 2710 4461 τις
2767 4393 2937 4471 μηδὲν
2999 4393 3377 4468 ἀδικηθέντας,
3434 4395 3524 4450 καὶ
3580 4391 3875 4459 πιστεύσας

2215 4491 2294 4560 τῷ
2323 4490 2566 4564 Χριστῷ,
2598 4485 2690 4543 σὺν
2724 4486 2907 4549 αὐτοῖς
2939 4484 3149 4562 χαίρων
3181 4482 3614 4563 ἀπεκεφαλίσθη.

462 4684 535 4739 Et
590 4691 867 4740 certamen
949 4689 1268 4809 sanctmgqn
1350 4689 1660 4765 martyrum
1744 4686 1997 4741 Bianoris
2059 4696 2098 4740 ei

1194 4771 1213 4809 ι
1236 4771 1389 4809 vam.

2219 4682 2324 4741 Καὶ
2383 4679 2614 4752 ἄθλησις
2670 4686 2780 4738 τῶν
2839 4681 3377 4809 ἁγέέἰέυάμέιρτύρων
3463 4676 3728 4755 Βιάνορος
3782 4679 3878 4735 καὶ

1151 4754 1402 4812 Silvani;

535 4870 749 4927 Bianor
777 4875 1005 4944 martyr
1033 4872 1247 4928 Christi
1275 4872 1339 4928 in
1368 4870 1591 4930 Pisidia
1618 4876 1815 4943 natus,
1849 4872 1924 4931 ob
1949 4872 2111 4929 Chri-

464 4961 538 5017 sti
557 4960 995 5018 confessionem
1017 4978 1047 5018 a
1069 4962 1378 5019 Severiano
1397 4964 1637 5021 Isauriae
1654 4963 1932 5038 praefecto
1954 4981 2113 5021 com.

462 5050 795 5124 prehensus
826 5055 936 5119 est,
966 5051 1307 5123 frustraque
1366 5057 1650 5120 tentatus,
1695 5058 1762 5109 ut
1818 5054 2115 5111 Christum

465 5142 746 5216 ejuraret,
815 5141 877 5197 in
935 5140 1258 5212 equuleum
1316 5146 1543 5213 raptus,
1610 5142 1849 5217 ungulis
1905 5143 2115 5201 ferreis

467 5230 788 5288 saevissime
819 5230 1294 5286 excarnificatur.
1328 5232 1455 5286 Mox
1508 5231 1688 5288 etiam
1735 5232 1945 5290 ferreis
1992 5234 2116 5307 glo-

465 5320 625 5377 bulis
657 5320 1052 5376 candentibus
1083 5319 1277 5376 eidem
1312 5320 1655 5377 ustulantur
1693 5322 1910 5386 axillaz,
1965 5323 2116 5380 evel-

469 5409 677 5466 luntur
706 5410 935 5478 dentes,
969 5415 1027 5466 et
1050 5426 1223 5467 aures
1274 5416 1643 5467 truncantur.
1698 5412 1836 5477 Quas
1881 5429 2017 5469 cum
2048 5412 2121 5469 ah

472 5518 542 5557 eo
574 5499 806 5557 fortiter
837 5500 1077 5557 tolerari
1107 5500 1356 5557 vidisset
1376 5501 1548 5557 miles
1571 5500 1810 5573 quidam
1829 5502 2120 5575 Silvanus,

476 5591 538 5645 in
572 5591 870 5647 Christum
898 5590 1169 5655 credens,
1202 5591 1467 5647 abscissa
1506 5592 1560 5647 ei
1600 5598 1844 5664 repente
1895 5593 2121 5668 lingua,

480 5696 617 5736 mox
648 5681 828 5738 etiam
858 5682 1048 5756 capite
1078 5680 1377 5754 plectitur.
1413 5682 1631 5739 Bianor
1659 5689 1857 5739 autem
1906 5683 2126 5742 multo-

482 5783 614 5824 rum
644 5771 1039 5828 certaminum
1072 5771 1274 5840 victor,
1307 5771 1619 5844 perforatis
1652 5773 1807 5842 talis,
1848 5777 1908 5829 et
1959 5779 2126 5832 eruto

2930 4752 3209 4812 ιλουάνου.

2295 4870 2532 4946 Βιάνωρ,
2564 4871 2592 4926 ὁ
2638 4872 2846 4947 μάρτυς
2899 4874 2996 4926 τοῦ
3053 4873 3316 4947 Χριστοῦ,
3375 4870 3441 4940 ἧν
3505 4870 3601 4943 μὲν
3662 4866 3724 4924 ἐκ
3775 4874 3882 4938 τῆς

2224 4960 2412 5038 χώρας
2446 4958 2712 5026 Πισιδίας.
2746 4961 2844 5017 Διά
2888 4959 2946 5017 δὲ
2992 4962 3092 5030 τήν
3152 4959 3229 5024 εἷς
3277 4960 3509 5035 Χριστὸν
3569 4957 3879 5035 ὁμολογίαν

2223 5052 2519 5127 κρατηθεὶς
2571 5051 2673 5107 ὑπὸ
2721 5046 3059 5126 Σεϐηριανοῦ
3106 5049 3387 5127 ἡγεμόνος
3434 5056 3534 5120 τῆς
3583 5048 3883 5123 Ἰσαύρίας,

2226 5140 2316 5196 καὶ
2387 5141 2737 5216 ἀναγκασθεῖς
2795 5142 3127 5218 ἀρνήσασθαι
3180 5140 3269 5196 τὸν
3331 5140 3588 5216 Χριστὸν,
3645 5137 3736 5193 κάὶ
3800 5139 3883 5211 μὴ

2227 5230 2490 5301 πεισθεὶς,
2549 5230 2856 5307 ἐκρεμάσθη
2902 5230 2989 5288 ἐπὶ
3038 5228 3226 5302 ξύλου,
3270 5229 3360 5287 καὶ
3429 5228 3611 5301 ἐξέσθη
3669 5234 3891 5304 πικρῶς

2235 5323 2369 5396 μετᾶ
2399 5321 2636 5394 σιδηρῶν
2670 5321 2910 5398 ὀνύχων,
2944 5320 3033 5377 καί
3078 5316 3331 5396 σφαίραις
3387 5318 3750 5395 πυρωθείσαις
3804 5340 3885 5374 at»

2233 5408 2427 5488 δηραῖς
2457 5411 2589 5483 ἐκάη
2621 5414 2715 5473 τὰς
2751 5408 3066 5487 μασχάλας,
3124 5410 3217 5467 καὶ
3274 5409 3402 5474 τοὺς
3458 5407 3683 5473 ὀδόντας
3735 5408 3889 5487 ἐξερσ

2234 5501 2462 5579 ριζώθη,
2491 5502 2672 5557 καὶτὰ
2700 5502 2814 5557 ὦτα
2840 5500 3111 5579 ἀφῃρέθη.
3144 5500 3298 5558 Ἰδὼν
3345 5498 3403 5555 δὲ
3449 5499 3607 5556 αὐτὸν
3660 5503 3895 5555 τοιαῦτα

2237 5592 2579 5665 ὑπομένοντα
2635 5590 2973 5667 στρατιώτης
3032 5611 3112 5653 τις
3176 5588 3479 5654 Σιλουανὸς
3556 5588 3888 5664 λεγόμενος,

2234 5679 2513 5739 ἐπίστευσε
2539 5685 2621 5755 τῷ
2665 5682 2901 5757 Χριστῷ·
2953 5679 3043 5736 καὶ
3091 5680 3398 5756 παραυτίκα
3442 5679 3532 5735 καὶ
3581 5677 3745 5742 αὐτὸς
3792 5680 3897 5749 τήν

2232 5770 2483 5849 γλῶσσαν
2532 5770 2801 5841 ἐκκοπετς,
2860 5768 3286 5851 ἆπεκεφαλίσθη.
3337 5771 3399 5829 Ὀ
3449 5767 3507 5826 δὲ
3565 5766 3894 5835 πολύαθλος
