4108 6434
337 438 459 500 533

1868 447 2163 511 IULIUS.

3650 453 3769 510 534

337 570 557 646 Βιάνωρ
587 574 884 649 τρυπηθεὶς
938 574 1067 640 τοὺς
1125 576 1520 654 ἀστραγάλους,
1551 579 1643 634 καὶ
1699 579 1790 636 τὸν
1824 575 1975 650 δεξιὸι

2107 577 2278 636 oculo
2311 580 2576 647 dextero,
2605 580 2988 652 detractaque
3035 581 3246 653 capitis
3277 588 3431 651 cute,
3467 583 3530 638 in
3563 598 3766 639 carce-

337 659 628 748 όιρθαλμὸν
691 663 1024 739 ἐξορυχθείς,
1082 665 1175 723 καὶ
1230 669 1292 724 τὸ
1352 666 1526 744 δέρμα
1594 675 1694 739 τῆς
1747 666 1996 748 κεφαλῆς

336 747 610 826 ἐκδαρεῖς,
642 751 972 828 ἀπεκλείσθη
1009 757 1086 820 εἰς
1125 759 1397 836 ῳυλακήν.
1450 758 1558 816 Καὶ
1615 763 1684 834 τῇ
1743 747 1999 832 ἐπαύριον

338 842 534 914 μικρὸν
593 839 671 899 ἔτι
730 844 1003 919 ἐμπνέων,
1063 844 1357 920 ἐκϐληθεὶς
1412 855 1512 919 τῆς
1569 847 1844 928 φυλακῆς,
1904 851 1995 906 καὶ

336 931 742 1005 βασταζόμενος
775 934 878 991 ὕπὸ
909 940 1015 992 τῶν
1063 935 1310 1013 δημίων,
1343 938 1780 1020 ἀπεκεφαλίσθη.

445 1049 543 1105 Καὶ
569 1049 802 1121 ἄθλησις
829 1052 925 1108 τοῦ
969 1054 1131 1131 ἁγίου
1164 1055 1443 1133 μάρτυρος
1477 1054 1886 1114 Ἀπολλωνίου.

405 1164 465 1220 ’0
492 1171 590 1221 τοῦ
634 1169 874 1241 Χριστοῦ
930 1169 1136 1247 μάρτυς
1199 1171 1606 1244 Ἀπολλώνιος,
1661 1173 1728 1243 ἦν
1787 1175 1881 1248 μὶν
1938 1174 1997 1231 έκ

332 1259 438 1324 τῆς
467 1259 656 1332 χώρας
684 1256 904 1330 Λυδίας,
937 1261 1158 1325 πόλεως
1217 1260 1491 1339 Σάρδεων·
1545 1265 1884 1340 περιήρχετο
1939 1262 1995 1320 δὲ

331 1349 508 1400 πᾶσαν
567 1347 730 1403 πόλιν
785 1351 874 1404 καὶ
925 1351 1114 1427 χώραν
1176 1350 1447 1409 διδάσκων
1519 1354 1612 1409 τὸν
1669 1355 1834 1431 λόγον
1893 1359 1991 1425 τῆς

331 1435 615 1509 ἀληθείας,
639 1439 728 1495 καὶ
761 1441 1008 1505 πολλοὺς
1038 1448 1147 1499 τῶν
1207 1444 1448 1500 ἀπίστων
1508 1445 1846 1524 ἐπιστρέφων
1904 1445 1992 1502 ἐπὶ

327 1528 423 1581 τὸν
485 1529 704 1600 Κύριον.
756 1535 1172 1606 Καταμηνυθεῖς
1233 1533 1325 1590 οὖν
1379 1535 1524 1612 παρὰ
1581 1541 1690 1592 τῶν
1750 1534 1991 1593 εἰδωλο-

330 1615 550 1693 λατρῶν
578 1623 657 1692 τῷ
688 1627 790 1690 τῆς
818 1621 1040 1686 πόλεως
1071 1625 1308 1680 Ἰκονίου
1351 1626 1606 1701 ἄρχοντι,
1659 1628 1988 1703 κατεσχέθη·

326 1707 424 1764 καὶ
479 1704 706 1784 δέσμιος
739 1712 952 1789 ἀχθεὶς,
985 1717 1322 1790 παρέστησεν
1354 1715 1586 1774 ἐνώπιον
1646 1718 1835 1775 αὐτοῦ.
1892 1719 1990 1775 Καὶ

330 1797 654 1870 ἐρωτηθεὶς,
723 1799 923 1859 δοῦλον
1001 1804 1246 1882 Χριστοῦ
1333 1808 1522 1863 ἑαυτὸν
1602 1807 1987 1885 ὡμολόγησεν.

326 1889 498 1946 Ὀθεν
534 1889 887 1968 ἀναγκασθεὶς
919 1892 997 1957 εἷς
1055 1896 1157 1964 τήν
1185 1896 1362 1972 τύχην
1413 1901 1510 1952 τοῦ
1545 1896 1817 1973 βασιλέως
1849 1898 1992 1972 όμό-

331 2000 448 2048 σαι,
480 1977 603 2058 ἔφη,
641 1983 715 2054 μή
751 1984 886 2038 εἴναι
919 1985 1140 2058 θεμιτὸν
1176 1985 1254 2048 εἷς
1289 1984 1519 2062 βασιλέα
1575 1986 1798 2060 ὀμνύειν
1851 2000 1981 2058 θνη-

328 2071 450 2140 τὸν,
481 2069 571 2126 καὶ
606 2070 844 2144 μάλιστα
871 2073 965 2129 τὸν
1001 2076 1076 2148 μὴ
1109 2075 1538 2153 ἐπιγινώσκοντα
1590 2079 1682 2134 τὸν
1740 2080 1981 2150 ποιητὴν

323 2164 427 2216 τοῦ
457 2161 668 2234 κόσμου
713 2165 866 2222 Θεόν,
926 2167 1111 2222 Ταῦτα
1177 2165 1368 2237 εἰπὼν,
1424 2170 1494 2242 τῇ
1553 2169 1840 2244 προστάξει
1886 2173 1982 2224 τοῦ

325 2251 601 2328 ἄρχοντος
651 2252 852 2330 έτύφθη
914 2254 1188 2332 σφοδρῶς,
1246 2257 1334 2312 καὶ
1392 2258 1717 2334 κρεμασθεὶς
1755 2259 1842 2314 ἐπὶ
1901 2259 1984 2333 ξύ-

322 2341 454 2410 λου,
489 2342 576 2398 καὶ
608 2341 860 2418 σιδηροῖς
891 2343 1054 2415 ἥλοις
1099 2347 1466 2418 καθηλωθείς,
1524 2350 1587 2405 τὸ
1635 2352 1847 2421 πνεῦμα
1902 2353 1982 2422 τῷ

317 2437 442 2504 Θεῷ
472 2431 758 2507 παρέθετο.
792 2435 896 2491 Καὶ
925 2435 1069 2492 οὕτω
1110 2436 1202 2492 τὸν
1260 2443 1356 2493 τοῦ
1421 2438 1718 2514 μαρτυρίου
1775 2437 1981 2515 δρόμον

313 2523 568 2590 τελέσας,
599 2519 844 2581 ἀπέλαϐε
869 2527 968 2596 τὴν
1000 2531 1108 2582 τῶν
1145 2527 1392 2602 οὐρανῶν
1426 2529 1726 2603 βασιλείαν.

387 2612 498 2671 Καὶ
529 2616 725 2688 μνήμη
779 2619 888 2672 τῶν
953 2617 1162 2694 μυρίων
1224 2620 1393 2695 ἁγίων
1449 2621 1701 2695 Πατέρων
1757 2625 1865 2677 τῶν
1924 2619 1976 2676 ἐν

309 2709 434 2768 τοῖς
462 2704 763 2776 σπηλαίοις
787 2706 1027 2763 καέντων
1075 2711 1166 2764 καὶ
1223 2711 1516 2786 πνιγέντων
1591 2712 1738 2786 παρὰ
1793 2711 1980 2790 Θεοφί-

313 2795 422 2852 λου
502 2794 807 2854 ἐπισκόπου
891 2797 1307 2876 ἈΛεξανδρείας
1395 2799 1484 2857 διὰ
1547 2799 1824 2878 Ἰσίδωρον
1882 2805 1974 2859 τὸν

311 2881 711 2963 πρεσϐύτερον.

897 2989 1078 3049 ΜΗΝΙ
1106 2992 1198 3070 Τᾳ
1232 2994 1406 3049 Am:

1109 3091 1132 3144 Ι
1141 3089 1190 3145 E'

383 3175 667 3245 ’Ἂθλησις
697 3181 808 3231 τῶν
841 3176 1007 3255 ᾁγίων
1045 3179 1127 3250 με’
1159 3178 1466 3255 μαρτύρων,
1500 3181 1608 3237 τῶν
1651 3181 1704 3237 ἐν
1735 3183 1902 3239 Νικο-

797 3249 960 3305 πόλει
997 3249 1483 3326 μαρτυρησάντων.

2104 687 2228 727 rem
2252 670 2621 727 detruditur:
2645 675 2880 743 postem
2903 675 3101 726 autem
3124 671 3219 727 die
3243 671 3435 727 adhuc
3457 672 3764 746 paulisper

2106 761 2362 834 spirans,
2393 777 2423 816 e
2453 760 2722 818 custodia
2742 760 3012 830 eductus,
3037 767 3096 817 et
3125 777 3160 816 a
3189 761 3497 818 lictoribus
3528 763 3762 820 succol-

2104 850 2280 919 latus,
2316 851 2508 924 capite
2537 850 2946 907 obtruncatur.

2318 1043 2389 1097 Et
2420 1046 2695 1096 certamen
2723 1041 2904 1095 sancti
2941 1040 3200 1109 martyris
3233 1039 3540 1110 Apollonii.

2174 1151 2391 1221 Martyr
2421 1147 2636 1204 Christi
2666 1147 3020 1220 Apollonius
3041 1147 3322 1203 Sardibus
3352 1149 3412 1204 in
3446 1149 3625 1221 Lydia
3659 1167 3759 1207 na-

2101 1244 2219 1306 tus,
2260 1256 2469 1296 omnes
2499 1238 2679 1293 urbes
2737 1243 2796 1293 et
2848 1239 3122 1311 regiones
3153 1239 3665 1307 circumlustrans,
3699 1246 3759 1296 et

2099 1330 2363 1386 veritatis
2393 1345 2732 1385 sermonem
2754 1321 3000 1395 ducens,
3019 1329 3358 1400 complures
3388 1329 3660 1386 inﬁdeles
3682 1331 3756 1386 ad

2099 1420 2418 1475 Dominum
2437 1419 3078 1475 convertit.Accusatus
3096 1418 3317 1474 idcirco
3340 1419 3412 1474 ab
3429 1419 3759 1476 idololatria

2098 1511 2337 1582 praasidi
2371 1510 2575 1576 lconii,
2635 1511 3104 1582 comprehensus
3158 1511 3512 1582 vinctusque
3561 1508 3757 1566 eidem

2099 1602 2347 1658 sistitur.
2384 1604 2650 1672 Cumque
2679 1600 3099 1673 interrogatus,
3149 1617 3212 1656 se
3255 1600 3472 1656 Christi
3525 1616 3757 1655 servum

2098 1691 2407 1748 confessus
2439 1695 2613 1758 esset,
2649 1689 2994 1762 compulsus
3026 1706 3135 1762 per
3163 1689 3468 1746 fortunam
3500 1689 3758 1762 impera-

2098 1781 2245 1837 toris
2284 1781 2515 1854 jurare,
2567 1780 3036 1852 haudquaquam
3083 1778 3173 1835 fas
3222 1796 3376 1848 esse,
3425 1777 3753 1852 respondit,

2097 1887 2203 1943 per
2233 1870 2547 1926 mortalem
2563 1869 2790 1942 jurare,
2815 1885 2883 1925 ac
2904 1868 3238 1940 praesertim
3263 1885 3397 1924 cum
3420 1869 3521 1924 ille
3545 1867 3754 1924 mundi

2019 1961 2062 2026 B
2096 1966 2425 2017 creatorem
2455 1962 2637 2016 Deum
2659 1976 2778 2015 non
2803 1963 3100 2032 agnoscat.
3129 1959 3263 2014 Haac
3285 1958 3538 2025 locutus,
3556 1959 3755 2030 pressi-

2095 2051 2186 2107 dis
2210 2051 2385 2121 jussu
2432 2049 2778 2123 gravissime
2825 2049 3112 2104 caeditur:
3162 2064 3295 2104 mox
3336 2047 3398 2102 in
3431 2047 3754 2119 equuleum

2093 2147 2282 2211 actus,
2340 2146 2399 2196 et
2448 2140 2659 2196 ferreis
2719 2139 2864 2195 161
2933 2138 3112 2193 clavis
3153 2138 3442 2206 conﬁxus,
3477 2137 3755 2208 spiritum

2094 2233 2212 2288 Deo
2263 2231 2523 2288 reddidit
2567 2246 2581 2286 :
2641 2235 2820 2301 atque
2883 2229 2967 2284 ita
3019 2235 3431 2285 consummato
3486 2228 3756 2300 martyrii

2093 2338 2292 2391 cursu,
2325 2321 2563 2378 caeleste
2594 2336 2844 2394 regnum
2875 2318 3126 2390 adeptus
3158 2323 3266 2373 est.

2159 2597 2235 2649 Et
2287 2590 2773 2647 commemoratio
2833 2588 3365 2645 innumerabilium
3407 2593 3751 2646 sanctorum

2090 2683 2356 2750 Patrum,
2420 2682 2520 2753 qui
2579 2681 2642 2736 in
2699 2679 3001 2752 speluncis
3077 2678 3396 2745 combusti,
3478 2680 3748 2735 suifocati

2093 2777 2232 2827 sunt
2259 2789 2295 2827 a
2322 2770 2648 2844 Theophila
2671 2769 3044 2826 Alexandrina
3072 2769 3352 2842 episcopo
3375 2774 3618 2842 propter
3641 2770 3748 2826 lsi-

2092 2861 2302 2918 dorum
2334 2861 2773 2934 presbyterum.

2551 3017 2554 3019 μ
2651 2977 2893 3033 EODEM
2933 2976 3078 3030 ΜΕΝ
3085 2976 3188 3032 SE.

2725 3077 2828 3134 Die
2888 3077 3119 3133 decima

2093 3169 2383 3226 Certamen
2410 3173 2723 3226 sanctorum
2754 3169 3135 3238 quadraginta
3164 3169 3410 3238 quinque
3439 3173 3751 3238 martyrum

2409 3243 2509 3312 qui
2537 3241 2786 3313 Nicopoli
2831 3240 3163 3311 martyrium
3192 3241 3424 3295 subiere.

381 3364 452 3422 Ol
509 3365 910 3437 τεσσαράκοντα
966 3366 1125 3422 πέντε
1203 3371 1300 3422 τοῦ
1385 3371 1623 3443 Χριστοῦ
1707 3368 1972 3446 μάρτυρες

2156 3360 2428 3433 Quinque
2462 3364 2520 3415 et
2539 3358 2933 3431 quadraginta
2961 3358 3178 3413 Christi
3210 3361 3503 3428 martyres
3522 3356 3744 3412 Licinio

313 3453 574 3529 ὑπῆρχον
608 3452 694 3509 ἐπὶ
720 3461 820 3524 τῆς
861 3453 1142 3530 βασιλείας
1199 3458 1498 3524 Λικιννίουν
1557 3461 1646 3514 καὶ
1703 3464 1802 3527 τῆς
1845 3463 1970 3536 me.

322 3542 514 3614 μονίας
576 3543 795 3598 Λυσίουο
858 3545 932 3599 ὧν
1015 3545 1248 3623 ἐξῆρχον
1311 3547 1586 3619 Λεόντιος,
1647 3551 1970 3626 Μαυρίκιος,

324 3631 557 3702 Δανιὴλ,
586 3633 672 3687 καὶ
717 3635 1032 3697 Ἀντώνιος.
1097 3637 1459 3712 Κρατηθέντες
1493 3640 1582 3694 οὖν
1629 3643 1968 3715 παρέστησαν

323 3723 408 3791 τῷ
462 3717 613 3774 δουκὶ
666 3722 831 3796 Λυσίᾳ
889 3723 939 3778 ἐν
1006 3725 1303 3782 Νικοπόλει
1359 3735 1458 3793 τῆς
1491 3730 1805 3802 Ἀρμενίας.
1866 3733 1966 3788 Καὶ

323 3809 420 3864 τὸν
456 3811 552 3882 μὲν
576 3815 803 3888 Χριστὸν
839 3813 1313 3890 ὁμολογήσαντες,
1374 3818 1440 3872 τά
1499 3814 1555 3873 δὲ
1616 3816 1820 3874 εἷ’δωλα
1853 3817 1970 3876 δια-

318 3906 636 3973 πτύσαντες,
664 3904 974 3981 τυφθέντες,
1007 3905 1098 3960 καὶ
1139 3904 1316 3970 λίθοις
1377 3902 1742 3982 συντριϐέντες
1796 3911 1862 3965 τά
1913 3932 1971 3967 τε

312 3992 564 4065 στόματα
593 3994 682 4048 καὶ
726 3993 793 4049 τὰ
833 3995 1125 4067 πρόσωπα,
1183 3995 1614 4068 ἀπεκλείσθησαν
1669 3999 1744 4061 είς
1802 4000 1970 4078 φυλα-

304 4079 560 4153 κὴν,ὶπὶ
620 4080 864 4146 πολλαῖς
924 4085 1160 4158 ἡμέραις
1213 4085 1388 4142 ἄσιτοι
1439 4084 1806 4161 διαμένοντες.
1865 4092 1965 4148 Καὶ

309 4170 520 4234 team;
552 4173 654 4242 τὴν
714 4171 886 4229 αὐτῶν
945 4173 1230 4251 καρτερίαν
1315 4176 1369 4231 οἱ
1423 4181 1716 4250 τηροῦντες
1773 4178 1968 4245 αὐτοὺς

307 4266 666 4339 στρατιῶται,
699 4262 1012 4319 έπίστευσαν
1035 4268 1113 4336 τῷ
1144 4265 1386 4340 Χριστῷ.
1448 4267 1580 4322 Εἶτα
1633 4270 1732 4333 τῆς
1793 4267 1964 4346 φυλα-

303 4359 406 4422 κῆς
438 4347 817 4423 ἐκϐληθέντες,
848 4354 937 4409 καὶ
987 4353 1054 4408 τὰ
1111 4353 1280 4424 σκέλη
1336 4352 1617 4411 πελέκεσιν
1660 4356 1964 4414 ἀποκοπέν-

300 4464 415 4508 τες,
463 4443 518 4497 οἱ
578 4443 673 4516 μὶν
734 4441 843 4515 ἤδη
888 4443 1232 4514 τεθνηκότες,
1266 4445 1318 4501 οἱ
1366 4441 1425 4500 δὲ
1480 4440 1556 4502 ἔτι
1616 4443 1964 4521 ἐμπνέοντες,

301 4533 381 4595 εἰς
415 4533 652 4606 κάμινον
681 4533 851 4608 πυρὸς
908 4529 1298 4607 ἐμϐληθέντες,
1352 4532 1770 4608 ἐτελειώθησαν,
1827 4537 1968 4594 ἀπο-

302 4619 573 4686 λαϐόντες
621 4624 720 4693 τὴν
761 4625 1180 4698 ἡτοιμασμένην
1239 4624 1426 4688 αὐτοῖς
1485 4627 1592 4699 πρὸ
1648 4624 1964 4700 καταϐολῆς

300 4713 523 4788 κόσμου
549 4713 694 4791 παρὰ
724 4718 956 4790 Χριστοῦ
985 4712 1248 4770 ἀθάνατον
1298 4713 1602 4791 βασιλείαν.

850 4841 1036 4900 ΜΠΝΙ
1077 4844 1169 4899 Tu
1211 4844 1414 4901 ΑΥΤΩ.

487 5020 761 5092 ’Ἅθλησις
807 5020 907 5077 τοῦ
949 4933 1413 5098 ἁγίοιίῒιάρτυρος
1441 5024 1780 5101 Μαρκιανοῦ.

371 5167 689 5242 Μαρκιανὸς
746 5167 774 5222 ὁ
831 5171 929 5222 τοῦ
987 5171 1227 5244 Χριστοῦ
1306 5169 1533 5245 μάρτυς,
1596 5171 1842 5247 ὑπῆρχεν
1902 5171 1961 5229 ἐκ

293 5263 404 5328 τῆς
436 5255 656 5320 πόλεως
684 5257 934 5315 Ἰκονίου.
962 5255 1101 5319 Νέος
1123 5254 1214 5340 ,ιδὲ
1270 5252 1343 5312 ὥν
1396 5255 1661 5335 ἐδιδάχθη
1722 5262 1822 5330 τὴν
1882 5261 1960 5326 είς

293 5348 771 5422 Χριστθινπίστιν,
835 5348 940 5405 Καὶ
1003 5348 1318 5422 βατξῇσθεὶς
1371 5348 1634 5424 ἐκήρυσσε
1696 5353 1788 5426 μὲν
1857 5362 1958 5423 τὴν

293 5435 590 5509 ἀλήθειαν,
623 5437 841 5513 ἤλεγχε
874 5435 930 5493 δέ
986 5439 1085 5507 τήν
1137 5442 1244 5493 τῶν
1301 5435 1550 5494 εἰδώλων
1601 5443 1812 5511 ἀπάτην
1867 5443 1958 5498 καὶ

289 5531 398 5598 τὴν
448 5529 743 5599 ἀσθένειαν,
803 5529 895 5584 καὶ
953 5527 1082 5591 τοὺς
1145 5525 1555 5588 είδωλολάτοας
1612 5530 1953 5605 ἐπεστόμιζε.

296 5619 607 5694 Κρατηθεῖς
669 5617 761 5674 οὗν
823 5619 913 5674 ὑπ’
972 5617 1172 5688 αὐτῶν,
1223 5616 1501 5693 παρεδόθη
1562 5626 1642 5695 τῷ
1703 5619 1954 5699 ἄρχοντι.

300 5709 405 5767 Καὶ
467 5708 544 5772 εἷς
601 5707 838 5782 ἐξέτασιν
926 5707 1140 5785 ἀχθεὶς,
1223 5709 1582 5784 ἠναγκάζετο,
1658 5712 1793 5768 ποτε
1863 5714 1956 5786 μὲν

303 5800 632 5877 ὑποσχέσεσι
695 5802 939 5879 φθαρτῆς
1018 5798 1108 5854 καὶ
1167 5797 1502 5876 προσκαίρου
1578 5805 1768 5874 τιμῆς,
1829 5805 1959 5860 ποτὲ

2079 3451 2439 3522 imperatore
2498 3454 2557 3503 et
2606 3448 2776 3521 Lysia
2832 3446 3084 3519 praeside
3134 3446 3501 3512 claruernut,
3525 3446 3742 3516 quibus

2079 3546 2375 3616 praeerant
2407 3539 2703 3608 Leontius,
2734 3539 3071 3605 Mauricius,
3104 3537 3312 3594 Daniel
3341 3543 3400 3592 et
3432 3536 3738 3592 Antonius.

2080 3629 2506 3700 Comprehensi
2532 3646 2688 3701 ergo,
2716 3627 2981 3700 Nicopoli
3006 3628 3067 3682 in
3092 3627 3369 3682 Armenia
3393 3626 3575 3698 Lysim
3602 3625 3736 3682 (luci

2080 3719 2417 3783 sistuntur;
2451 3717 2552 3790 qui
2587 3718 2876 3774 christum
2910 3718 3284 3782 confitentes,
3320 3725 3378 3772 et
3404 3716 3564 3771 idola
3593 3733 3735 3772 con-

2080 3814 2383 3880 spuentes,
2407 3807 2751 3863 verberibus
2775 3808 3030 3879 primum
3056 3807 3367 3862 creduntur
3391 3824 3403 3860 :
3429 3824 3565 3862 mox
3585 3806 3740 3878 lapi-

2079 3897 2254 3952 dibus
2285 3914 2350 3952 os
2381 3901 2439 3952 et
2475 3896 2659 3952 facies
2692 3897 2777 3951 eis
2826 3896 3308 3952 contunduntur:
3343 3902 3641 3968 postremo
3673 3897 3737 3951 in

2077 3987 2410 4042 custodiam
2441 3985 2862 4042 detruduntur.
2896 3987 3041 4041 Cum
3079 4001 3215 4041 vero
3249 4002 3353 4057 per
3376 3985 3578 4058 plures
3612 3985 3738 4042 dies

2077 4076 2205 4131 sine
2238 4075 2370 4131 cibo
2417 4075 2805 4144 mansissent,
2860 4075 3097 4148 cognita
3158 4091 3366 4131 eorum
3405 4075 3742 4130 constantia

2075 4165 2299 4222 milites
2328 4166 2584 4222 carceris
2634 4165 2934 4232 custodes,
2983 4164 3202 4221 Christi
3245 4163 3426 4220 ﬁdem
3459 4182 3737 4238 suscepe-

2075 4261 2236 4310 runt.
2298 4257 2439 4311 Post
2495 4272 2526 4310 e
2585 4255 2856 4310 custodia
2915 4253 3144 4310 eductis
3202 4269 3378 4308 crura
3429 4253 3737 4310 securibus

2075 4349 2431 4399 truncantur
2449 4361 2468 4398 :
2493 4347 2551 4399 et
2570 4343 2855 4398 continuo
2879 4342 2980 4398 alii
3012 4341 3252 4413 quidem
3284 4342 3557 4396 exstincti
3583 4360 3598 4408 ;
3633 4341 3737 4396 alii

2076 4449 2212 4488 vero
2231 4432 2424 4488 adhuc
2446 4431 2742 4505 spirantes
2763 4432 2824 4487 in
2848 4430 3157 4487 ardentem
3180 4429 3482 4484 fornacem
3505 4430 3734 4501 injecti,

2077 4523 2472 4580 consummati
2526 4527 2685 4589 sunt,
2736 4521 3099 4594 accipientes
3149 4524 3420 4592 paratum
3454 4518 3568 4574 sibi
3599 4523 3736 4574 ante

2076 4613 2286 4668 mundi
2345 4612 2836 4669 constitutionem
2876 4627 2912 4666 a
2957 4610 3188 4668 Christo
3247 4609 3584 4666 immortale
3640 4625 3737 4664 re-

1994 4708 2043 4773 D
2073 4719 2276 4776 gnum.

2657 4830 2898 4886 EODEM
2938 4827 3171 4885 MENSE

2719 4919 2822 4976 Die
2855 4917 3087 4975 decima

2252 5009 2408 5066 102
2439 5009 2725 5067 Certamen
2753 5010 2932 5065 sancti
2962 5009 3218 5079 mrrtyris
3255 5009 3551 5066 Marciani.

2145 5163 2363 5234 Martyr
2418 5162 2634 5218 Christi
2689 5163 3020 5219 Marcianus
3050 5163 3243 5234 patria
3281 5159 3632 5225 lconiensis,
3659 5155 3731 5213 ab

2073 5251 2478 5308 adolescentia
2520 5252 2700 5308 fidem
2751 5253 2966 5309 Christi
3017 5252 3262 5309 edoctus
3295 5257 3355 5306 et
3381 5247 3729 5319 baptizatus,

2069 5343 2376 5396 veritatem
2426 5341 2806 5415 praedicabat,
2867 5348 2925 5398 et
2982 5341 3278 5397 idolorum
3318 5337 3731 5408 deceptionem

2071 5426 2665 5512 imbecillitatemque
2697 5440 3078 5513 redarguens,
3116 5437 3460 5493 idololatras
3493 5433 3732 5489 convin-

2069 5526 2257 5582 cebat.
2279 5528 2365 5583 Ab
2387 5529 2506 5584 illis
2531 5529 2750 5586 idcirco
2774 5529 3263 5602 comprehensus,
3291 5523 3529 5596 praesidi
3557 5521 3731 5577 tradi-

2069 5632 2226 5694 tur,a
2256 5645 2371 5699 quo
2404 5631 2716 5702 quaestioni
2751 5630 3075 5702 subjectus,
3110 5623 3582 5696 compellebatur
3612 5638 3729 5693 qua

2069 5733 2266 5772 rerum
2301 5718 2659 5774 caducarum
2684 5727 2860 5791 atque
2895 5715 3236 5789 temporarii
3269 5713 3514 5768 honoris
3545 5711 3720 5785 polli-

2069 5806 2472 5877 citationibus,
2525 5826 2642 5881 qua
2691 5809 2891 5875 minis,
2947 5823 3163 5880 negare
3213 5804 3510 5862 Christum
3542 5810 3722 5875 atque
