4108 6428
377 377 496 437 535

1666 377 2102 440 MENOLOGII
2149 384 2242 443 PA
2261 385 2348 444 BS
2394 387 2504 448 III.

3676 381 3797 443 536

376 508 556 565 idolis
587 507 916 562 immolare.
952 506 1218 575 Cumque
1241 510 1486 576 negaret
1507 522 1569 560 se
1590 507 1650 561 id
1681 509 2027 566 commissu-

2149 509 2207 567 δὲ
2236 513 2512 588 ἀπειλαῖς,
2568 517 2900 588 ἀρνήσασθαι
2963 515 3056 588 μὶν
3105 514 3200 568 τὸν
3231 513 3496 588 Χριστὸν,
3529 517 3684 576 θῦσαι
3740 511 3801 569 δδ

375 615 531 663 rum,
565 603 625 652 et
654 595 925 668 praesidis
975 593 1130 648 dicto
1181 593 1428 648 minime
1469 595 1896 665 acquiesceret,
1931 599 2034 654 sed

377 687 572 759 potius
603 701 800 740 coram
835 683 1052 754 populo
1077 682 1376 737 Christum
1406 683 1813 752 confiteretur,
1846 703 2036 742 caesus

374 777 434 832 in
466 789 764 831 carcerem
793 771 1151 827 detruditur.
1179 771 1306 826 Mox
1331 771 1560 827 vinctus
1592 773 1730 829 inde
1763 774 2031 843 eductus,

374 883 582 922 rursus
614 862 853 937 praesidi
889 861 1156 918 sistitur:
1193 878 1446 934 cumque
1475 863 1535 918 in
1569 863 1775 920 eadem
1810 866 2037 922 confes-

378 956 544 1010 sione
567 954 931 1026 persisteret,
953 951 1110 1007 ferro
1134 951 1315 1007 facies
1347 954 1476 1024 ejus
1497 951 1847 1024 depectitur,
1871 955 2033 1010 nervi

371 1043 836 1109 interciduntur,
897 1046 956 1095 et
1002 1041 1197 1113 gladio
1254 1040 1456 1113 lingua
1485 1047 1810 1114 amputata,
1857 1061 2036 1116 super

371 1133 651 1190 ardentes
671 1132 963 1186 carbones
981 1131 1320 1202 deponitur.
1345 1132 1651 1187 Postremo
1677 1131 2029 1201 decollatus,

374 1221 645 1292 martyrii
677 1236 920 1278 cursum
953 1218 1407 1275 consummavit.

440 1523 510 1578 Et
535 1519 808 1575 memoria
851 1517 1518 1642 miraculihceleberrimae
1557 1519 1822 1588 martyris
1847 1518 1957 1572 Eu-

1070 1605 1107 1642 υ
1151 1603 1330 1642 θγηιέε.

1066 1603 1330 1659 ρηθγηιέε.

445 1707 772 1764 Theodosio
796 1707 1037 1779 juniore
1097 1705 1450 1778 imperante,
1484 1704 1706 1778 prodiit
1734 1705 2028 1778 Eutyches

372 1799 702 1854 monachus
733 1802 791 1853 et
831 1797 1160 1870 presbyter,
1207 1795 1503 1851 haareseos
1547 1801 1774 1864 auctor,
1807 1796 2027 1852 docens

2143 608 2260 666 τοῖς
2312 602 2588 666 εἰδώλοις.
2645 607 2734 674 Μὴ
2795 603 3032 669 πεισθεὶς
3082 601 3140 658 δὲ
3194 607 3314 664 τοῖς
3370 607 3468 656 τοῦ
3527 603 3798 678 ἄρχοντος

2146 691 2354 768 λόγοις,
2412 694 2558 750 ἀλλά
2619 695 2832 768 μᾶλλον
2893 693 3124 749 ἐνώπιον
3172 691 3356 766 δήμου
3413 693 3505 747 τὸν
3557 693 3794 768 Χριστὸν

2144 781 2521 860 ὁμολογήσας,
2574 786 2792 861 τυφθεὶς
2845 783 3178 854 ἀπεκλείσθη
3239 783 3316 844 είς
3361 781 3634 861 φυλακήν.
3688 781 3795 838 Καὶ

2148 872 2281 943 μετά
2308 877 2472 928 τοῦτο
2531 881 2630 944 τῆς
2683 873 2933 950 φυλακῆς
2994 871 3216 946 δέσμιος
3264 871 3523 944 ἐξελθὼν,
3571 871 3662 927 καὶ
3716 876 3800 944 τῷ

2141 956 2376 1036 ἄρχοντι
2425 965 2728 1037 παραστάς,
2781 963 2871 1018 καὶ
2928 965 3026 1032 τῆς
3080 963 3251 1033 αὐτῆς
3310 961 3616 1037 ὁμολογίας
3667 961 3800 1037 ἐχό-

2145 1070 2325 1122 μενος,
2360 1051 2543 1123 ἐξέσθη
2605 1054 2667 1108 τὸ
2727 1054 3022 1126 πρόσωπον
3083 1049 3354 1126 σιδήροις·
3404 1051 3493 1107 καὶ
3535 1052 3604 1107 τὰ
3633 1056 3798 1122 νεῦρα

2143 1135 2395 1209 διεκόπη,
2426 1141 2515 1195 καὶ
2540 1143 2612 1213 τῇ
2643 1142 2889 1218 μαχαίρᾳ
2915 1144 3016 1211 τήν
3076 1140 3331 1218 γλῶσσαν
3391 1139 3645 1213 ἐξεκόπη,
3703 1142 3798 1196 καὶ

2140 1226 2229 1282 ἐπὶ
2315 1227 2553 1307 ἐσχάρας
2610 1232 3115 1308 πεπυρακτωμένης
3197 1231 3374 1302 ἐτέθη.
3463 1231 3561 1286 Καὶ
3632 1227 3798 1294 τέλος

2140 1317 2274 1394 ξίφει
2306 1322 2408 1390 τήν
2457 1322 2703 1400 κεφαλήν
2763 1325 3130 1398 ἀποτμηθεὶς,
3190 1324 3280 1379 τὸν
3337 1327 3436 1380 τοῦ
3492 1321 3795 1400 μαρτυρίου

2140 1403 2346 1484 δρόμον
2374 1409 2714 1488 ἐπλήρωσεν.

2139 1523 2243 1580 Καὶ
2273 1523 2574 1600 ἀνάμνησις
2599 1534 2696 1584 τοῦ
2725 1531 3011 1607 γεγονότος
3044 1530 3320 1607 θᾼαύματρς
3351 1537 3454 1602 τῆς
3508 1531 3793 1607 πανευφῆ’

2567 1621 2672 1675 μου
2708 1602 2980 1680 μάρτυρος
3046 1602 3200 1682 Εὐφη
3211 1602 3358 1677 μίας.

2209 1715 2332 1772 Ἐπὶ
2356 1723 2456 1786 τῆς
2491 1717 2767 1794 βασιλείας
2823 1717 3113 1776 Θεοδοσίου
3166 1723 3386 1796 μικροῦ,
3420 1719 3676 1794 Εὐτυχής
3704 1740 3794 1782 τις

2139 1804 2383 1880 μοναχὸς
2414 1807 2503 1862 καὶ
2561 1805 2927 1886 πρεσϐύτερος
2956 1810 3174 1886 γέγονεν
3228 1809 3484 1885 αἱρέσεως
3518 1809 3792 1884 ἀρχηγὸς,

371 1888 602 1945 Christo
640 1889 886 1944 Domino
919 1893 1122 1943 nostro
1154 1903 1336 1941 unam
1367 1891 1643 1942 naturam
1676 1888 1892 1942 inesse.
1929 1888 2024 1942 Se-

2138 1891 2308 1967 λέγων
2369 1895 2457 1951 ἐπὶ
2513 1899 2744 1974 Χριστοῦ
2799 1899 2997 1976 Κυρίου
3057 1902 3218 1972 ἡμῶν
3278 1897 3408 1972 μίαν
3439 1898 3617 1974 φύσιν.
3651 1901 3794 1963 Καθ-

369 1984 642 2052 gregatus
694 1977 914 2033 idcirco
967 1993 997 2032 e
1049 1976 1316 2031 ﬁdelium
1374 1977 1797 2032 communione
1833 1977 2028 2032 aFla—

377 2070 544 2125 viano
577 2068 1236 2141 Constantinopolitano
1287 2068 1644 2140 patriarcha,
1678 2085 1798 2123 non
1830 2074 2032 2124 tamen

375 2160 627 2219 cessavit
654 2159 976 2215 Ecclesiam
1006 2157 1374 2229 perturbare.
1395 2159 1538 2213 Cum
1560 2163 1759 2214 autem
1791 2163 2033 2214 sanctus

377 2249 707 2304 Marcianus
754 2248 1072 2320 imperium
1113 2247 1363 2318 adeptus
1395 2244 1690 2319 synodum
1721 2252 2032 2303 sexcento-

375 2355 507 2393 rum
535 2355 601 2394 ac
635 2338 874 2409 triginta
904 2339 1146 2392 Patrum
1169 2343 1570 2401 convocasset,
1597 2343 1812 2392 etcum
1843 2337 2034 2391 haare-

375 2427 506 2483 ticis
536 2427 986 2498 disceptaretur,
1019 2425 1243 2498 placuit
1284 2425 1597 2489 universis,
1631 2425 1780 2481 duos
1820 2432 2032 2493 tomos,

374 2516 626 2572 alterum
659 2515 1148 2581 orthodoxorum,
1181 2515 1438 2570 alterum
1482 2515 1899 2571 haereticorum
1933 2531 2030 2570 ex-

371 2606 512 2680 poni
567 2611 889 2678 apertaque
943 2606 1220 2675 martyris
1285 2621 1456 2671 urna,
1517 2609 1705 2659 tomos
1763 2604 2032 2676 ejusdem

369 2695 593 2768 pectori
629 2695 1056 2766 superimponi,
1103 2699 1160 2748 et
1208 2693 1279 2748 ab
1335 2693 1440 2748 illa
1469 2693 1783 2765 probatum
1818 2694 2030 2750 teneri.

371 2785 525 2840 108
557 2785 677 2839 Hoc
709 2784 862 2839 facto
892 2787 1026 2855 post
1083 2799 1184 2838 sex
1240 2783 1368 2838 dies
1425 2799 1638 2839 urnam
1672 2787 2028 2852 reserantes,

369 2877 724 2945 repererunt
755 2873 1169 2928 haereticorum
1206 2871 1446 2943 quidem
1471 2877 1696 2926 tomum
1730 2872 1838 2926 sub
1871 2872 2032 2944 pedi-

372 2964 481 3019 bus
531 2963 660 3036 ejus
709 2963 990 3035 positum,
1042 2962 1508 3017 orthodoxorum
1565 2979 1700 3017 vero
1759 2962 2029 3034 ejusdem

371 3069 555 3108 manu
584 3052 862 3107 retinere.
897 3053 1088 3123 Atque
1147 3052 1230 3106 ita
1286 3051 1550 3106 hmretici
1607 3051 1836 3107 confusi
1869 3057 2027 3120 sunt,

372 3142 686 3200 orthodoxi
717 3159 850 3198 vero
882 3158 1115 3197 summo
1145 3141 1359 3214 gaudio
1391 3142 1606 3198 affecti.

623 3370 690 3424 Et
719 3375 989 3423 certamen
1034 3369 1214 3423 sancti
1253 3365 1462 3422 Cindzi
1492 3371 1774 3438 martyris.

444 3490 659 3560 Martyr
688 3487 904 3543 Christi
930 3487 1203 3542 Cindaaus
1226 3487 1535 3559 presbyter
1563 3487 1830 3543 ecclesiae
1859 3489 2028 3544 urbis

369 3577 557 3644 Sides,
589 3577 947 3648 imperatore
980 3575 1370 3640 Diocletiano,
1404 3576 1635 3633 delatus
1680 3577 1835 3650 apud
1871 3580 2026 3634 Stra—

367 3668 634 3724 tonicum
667 3667 1035 3739 praefectum.
1070 3666 1228 3738 quod
1261 3667 1554 3722 Christum
1588 3668 1828 3724 coleret.
1865 3687 2028 3725 com-

366 3759 698 3831 prehensus
723 3762 846 3811 est:
873 3761 930 3809 et
951 3755 1372 3810 calceamentis
1399 3756 1608 3812 ferreis
1636 3758 1824 3812 acutis
1847 3758 2028 3813 clavis

373 3847 623 3904 confixis
653 3845 973 3906 calceatus.
1008 3850 1186 3915 atque
1231 3862 1266 3900 a
1321 3845 1632 3901 lictoribus
1663 3847 2026 3915 verberatus,

365 3951 604 3992 currere
637 3933 1017 4006 compellitur
1048 3949 1153 4004 per
1201 3933 1378 4001 viam,
1413 3951 1544 4005 quae
1572 3935 1736 3989 ducit
1765 3935 1839 3990 ad
1871 3952 2022 4004 eam,

366 4041 544 4097 quam
594 4028 806 4078 vocant
863 4022 1098 4077 Sacram
1162 4025 1409 4079 Portam.
1467 4022 1733 4095 Cumque
1787 4025 2027 4080 lictores

366 4114 714 4172 mandatum
746 4112 1054 4178 haberent,
1087 4116 1154 4168 ut
1185 4127 1319 4166 eum
1370 4111 1628 4167 flammis
1659 4113 2024 4185 addicerent,

367 4204 597 4260 obviam
628 4203 767 4258 facti
798 4201 1032 4257 cuidam
1057 4201 1324 4274 pauperi,
1348 4202 1447 4274 qui
1473 4201 1768 4273 lignorum
1801 4211 2026 4260 struem

364 4294 613 4359 ferebat,
643 4299 708 4348 ut
735 4292 840 4348 illa
868 4290 1105 4347 vendita
1134 4291 1331 4346 cibum
1365 4292 1474 4346 sibi
1509 4300 1900 4364 compararet,
1935 4313 2027 4350 vo-

365 4385 569 4441 lebant
596 4399 726 4440 eam
768 4381 977 4437 tollere
1023 4397 1143 4436 non
1194 4380 1387 4437 soluto
1420 4383 1633 4454 pretio,
1668 4389 1726 4438 et
1756 4391 2025 4440 sanctum

366 4473 819 4530 comburere.At
848 4470 949 4526 ille
982 4471 1237 4542 pretium
1272 4472 1515 4542 pauperi
1549 4472 1744 4527 dedit:
1780 4479 1834 4527 et
1867 4473 2028 4548 ligna

366 4562 631 4618 humeris
663 4561 788 4616 suis
815 4561 1155 4631 imponens,
1208 4560 1281 4614 ad
1330 4561 1528 4617 locum
1581 4563 1854 4636 supplicii
1888 4582 2022 4637 per-

2139 1987 2371 2059 αιρεθεὶς
2405 1988 2496 2042 οὗν
2531 1987 2621 2044 διὰ
2648 1995 2811 2045 τοῦτο
2869 1991 2974 2046 ὐπὸ
3014 1986 3332 2046 Φλαϐιανοῦ
3362 1987 3459 2046 τοῦ
3498 1993 3789 2047 Κωνσταν-

2135 2076 2508 2140 τινουπόλεως
2567 2081 2936 2156 πατριάρχου,
2997 2080 3151 2154 ὅμως
3230 2080 3329 2135 οὐκ
3414 2080 3640 2136 ἐπαύετο
3685 2085 3788 2136 τοῦ

2135 2167 2416 2242 ταράσσειν
2449 2170 2548 2239 τὴν
2603 2169 2954 2241 Ἐκκλησίαν.
3014 2172 3300 2247 Κρατήσας
3361 2167 3419 2226 δὲ
3469 2177 3570 2240 τῆς
3631 2171 3789 2246 βασι⁹

2139 2253 2292 2319 λείας
2353 2259 2380 2312 ὁ
2439 2259 2491 2313 ἐν
2545 2260 2722 2335 ἁγίοις
2781 2262 3113 2336 Μαρκιανὸς,
3149 2261 3498 2331 ἐξεκαλέσατο
3559 2259 3788 2316 σύνοδον

2139 2346 2427 2417 ἑξακοσίων
2489 2351 2776 2425 τριάκοντα
2835 2352 3113 2426 Πατάρων.
3173 2350 3272 2406 Καὶ
3329 2351 3630 2424 γενομένης
3691 2357 3794 2421 ζη-

2136 2440 2346 2505 τήσεως
2380 2438 2514 2510 μετά
2544 2443 2650 2494 τῶν
2711 2441 3019 2513 αἱρετικῶν,
3069 2437 3232 2516 ἤρεσε
3292 2444 3475 2510 πᾶσιν,
3510 2439 3795 2509 ἐκτεθῆναι

2140 2522 2235 2580 δύο
2266 2527 2491 2599 τόμους,
2523 2525 2616 2584 ἕνα
2672 2534 2781 2584 τῶν
2842 2526 3170 2604 ὀρθοδόξων,
3227 2528 3318 2584 καὶ
3375 2525 3467 2584 ’ἕνα
3503 2534 3610 2584 τῶν
3642 2529 3797 2603 αἱρε-

2136 2621 2325 2671 τικῶν⁹
2385 2618 2477 2673 καὶ
2535 2617 2816 2695 ἀνοιγῆναι
2875 2622 2975 2689 τὴν
3037 2617 3276 2696 λάρνακα
3329 2626 3429 2689 τῆς
3493 2625 3795 2696 μάρτυρος,

2135 2708 2225 2760 καὶ
2255 2713 2476 2776 τεθῆναι
2511 2707 2637 2772 τοὺς
2676 2709 2881 2782 τόμους
2914 2708 3000 2764 ἐπὶ
3032 2713 3130 2764 τοῦ
3189 2711 3422 2780 στήθους
3480 2709 3666 2779 αὐτῆς,
3699 2709 3794 2764 καὶ

2132 2797 2225 2853 τὸν
2259 2797 2625 2871 ἐκθησόμενον
2658 2803 2786 2873 παρ’
2843 2800 3056 2872 ἐκείνης
3114 2803 3392 2876 κρατῦναι.
3437 2799 3534 2856 Καὶ
3589 2799 3790 2856 τούτου

2133 2887 2452 2963 γενομένου,
2510 2891 2643 2963 μετὰ
2694 2891 2755 2945 ού
2807 2887 3024 2953 πολλὰς
3082 2890 3175 2952 τὰς
3232 2888 3442 2965 ἡμέρας
3487 2889 3793 2960 ἀνοίξαντες

2134 2979 2233 3047 τήν
2268 2977 2531 3054 λάρνακα,
2589 2978 2744 3055 εὗρον
2800 2981 2889 3036 τὸν
2949 2981 3046 3054 μέν
3100 2985 3208 3036 τῶν
3265 2982 3550 3053 αἱρετικῶν
3609 2980 3782 3052 τόμον

2138 3067 2241 3122 ὑπὸ
2271 3067 2400 3132 τοὺς
2429 3066 2599 3132 πόδας
2632 3069 2801 3141 αὐτῆς
2829 3069 3104 3143 κείμενον,
3135 3071 3226 3126 τὸν
3275 3066 3332 3124 δὲ
3385 3074 3494 3125 τῶν
3554 3065 3789 3146 ὀρθοδό-

2139 3158 2240 3229 ξων
2275 3158 2327 3214 ἐν
2363 3163 2432 3233 τῇ
2466 3159 2616 3236 χειρὶ
2649 3159 3044 3236 κατεχόμενον.
3081 3161 3178 3215 Καὶ
3220 3159 3363 3216 οὕτω
3427 3161 3520 3234 μὶν
3580 3157 3794 3235 ᾐσχύν-

2057 3271 2100 3340 C
2141 3258 2309 3320 θησαν
2343 3249 2396 3303 οἱ
2426 3250 2713 3325 αἱρετικοὶ,
2745 3249 3114 3328 εὐφράνθησαν
3149 3248 3207 3305 δὲ
3246 3251 3299 3306 οἱ
3335 3247 3642 3326 ὀρθόδοξοι.

2312 3369 2412 3426 Καὶ
2447 3366 2676 3440 ἄθλησις
2696 3375 2792 3425 τοῦ
2823 3371 2979 3448 ἁγίου
3019 3371 3294 3446 μάρτυρος
3328 3368 3605 3430 Κινδαίου.

2201 3487 2263 3542 Ὀ
2292 3489 2387 3540 τοῦ
2419 3488 2654 3560 Χριστοῦ
2698 3487 2904 3563 μάρτυς
2965 3484 3220 3550 Κινδαῖος
3269 3489 3335 3558 ἧν
3401 3489 3496 3560 μὶν
3548 3485 3791 3560 πρεσϐύ-

2128 3595 2284 3650 τερος
2315 3582 2414 3644 τῆς
2445 3574 2496 3630 ἐν
2535 3573 2668 3650 Σίδῃ
2729 3579 2796 3649 τῇ
2861 3574 3020 3631 πόλει
3082 3575 3394 3646 ἐκκλησίας·
3431 3576 3519 3632 ἐπὶ
3573 3575 3630 3633 δὲ
3685 3583 3789 3644 τῆς

2135 3663 2416 3740 βασιλείας
2476 3662 2872 3743 Διοκλητιανοῦ
2958 3667 3357 3739 καταμηνυθεῖς
3439 3671 3791 3744 Στρατονίκῳ

2129 3758 2207 3825 τῷ
2263 3754 2517 3830 ἡγεμόνι,
2586 3756 2668 3810 ὅτι
2724 3755 2817 3810 τὸν
2879 3757 3108 3830 Χριστὸν
3197 3751 3433 3825 σέϐεται,
3483 3756 3783 3831 ἐκρατήθη·

2129 3842 2217 3897 καὶ
2253 3841 2538 3906 ὑποδεθεὶς
2572 3840 2900 3916 ὑποδήματα
2931 3841 3129 3918 σιδηρᾶ
3189 3845 3325 3918 μετὰ
3383 3845 3534 3916 ἥλων
3593 3847 3782 3919 ὀξέων,

2129 3932 2442 4007 ἠναγκάσθη
2512 3934 2731 4008 τρέχειν
2791 3935 2928 3988 κατᾶ
2983 3936 3083 4004 τὴν
3143 3933 3268 3990 ὁδὸν
3355 3936 3452 4003 τήν
3510 3937 3776 4010 φέρουσαν

2130 4022 2267 4096 πρὸς
2297 4021 2396 4088 τὴν
2430 4019 2734 4094 λεγομένην
2795 4023 2962 4097 Ἱερὰν
3007 4022 3220 4094 Πύλην,
3279 4022 3606 4095 τυπτόμενος
3666 4023 3770 4077 ὑπὸ

2129 4114 2236 4166 τῶν
2270 4108 2507 4182 δημίων.
2567 4112 2716 4168 Έπεὶ
2777 4108 2832 4166 δὲ
2886 4111 3212 4188 πρόσταγμα
3261 4112 3412 4188 εἶχον
3469 4113 3519 4167 οἳ
3579 4108 3774 4184 δήμιοι

2130 4204 2323 4254 καῦσαι
2384 4199 2565 4266 αὐτὸν,
2623 4201 2939 4272 ὑπήντησαν
2998 4198 3055 4256 δέ
3111 4223 3218 4256 τινι
3278 4203 3472 4274 πένητι
3550 4203 3777 4281 φορτίον

2134 4291 2470 4365 βαστάζοντα
2528 4289 2731 4362 ξύλων,
2825 4288 3088 4363 μέλλοντι
3158 4293 3294 4348 αύτά
3357 4292 3636 4363 ⁴ιἰωλῆσαι,
3692 4297 3783 4349 καὶ

2129 4383 2416 4458 τραφῆναιο
2456 4380 2545 4435 καὶ
2605 4375 2903 4435 ἐϐούλοντο
2961 4381 3195 4454 ἁρπάσαι
3251 4379 3480 4455 δωρεὰν,
3514 4383 3600 4437 καὶ
3655 4389 3790 4438 καῦ-

2131 4490 2218 4523 σαι
2249 4471 2342 4524 τὸν
2372 4468 2546 4542 ἅγιον’
2573 4468 2734 4530 αὐτὸς
2794 4468 2851 4524 δὲ
2910 4465 3158 4524 ἐκϐαλὼν
3217 4472 3279 4525 τὸ
3307 4471 3550 4545 τίμημα,
3583 4471 3792 4530 δέδωκε

2131 4562 2208 4630 τῷ
2238 4559 2456 4627 πένητι,
2489 4558 2578 4612 καὶ
2603 4559 2714 4622 θεὶς
2758 4561 2825 4614 τὰ
2873 4557 3007 4626 ξύλα
3067 4557 3155 4613 ἐπὶ
3210 4564 3320 4614 τῶν
3380 4559 3532 4617 ἰδίων
3590 4562 3785 4636 ὤμων,

364 4651 538 4718 rexit,
573 4665 1011 4719 accensumque
1053 4665 1260 4722 rogum
1313 4651 1512 4705 subiit.
1565 4651 1675 4707 Sed
1709 4652 2027 4710 incolumis

2138 4646 2401 4704 κατέλαϐε
2431 4650 2523 4704 τὸν
2553 4649 2721 4704 τόπον
2772 4657 2872 4718 τῆς
2900 4647 3235 4714 τελεώσεως.
3298 4651 3401 4708 Καὶ
3454 4651 3786 4729 ἀναφθείσης

364 4739 638 4806 evadens,
671 4738 1040 4794 sacerdotem
1071 4737 1518 4796 idolorum‘una
1547 4757 1681 4796 cum
1715 4758 1894 4798 uxore
1925 4745 2021 4799 in-

360 4826 549 4893 duxit,
572 4833 639 4883 ut
663 4826 879 4884 Christi
912 4826 1092 4882 fidem
1122 4827 1644 4898 amplecterentur.
1675 4833 1924 4889 Demum
1957 4834 2017 4889 in

360 4917 631 4973 oratione
664 4915 940 4988 spiritum
974 4914 1250 4971 reddidit.
1284 4919 1426 4990 Ejus
1451 4935 1585 4974 vero
1613 4921 1881 4992 reliquiaa
1910 4923 2018 4978 ho-

360 5005 607 5062 norifice
640 5003 895 5062 condita;
927 5009 1086 5060 sunt.

947 5275 1049 5333 Die
1082 5277 1437 5336 duodecima

432 5369 716 5424 Certamen
745 5373 1058 5421 sanctorum
1089 5375 1394 5436 martyrum
1426 5367 1610 5423 Procli
1634 5375 1687 5422 et
1708 5370 1937 5427 Hilarii.

432 5576 677 5631 Proclus
729 5581 788 5631 et
843 5574 1101 5630 Hilarius
1156 5574 1374 5629 Christi
1431 5582 1723 5648 martyres
1767 5596 1837 5634 ex
1867 5581 2012 5636 urbe

363 5669 594 5737 Ancyra
624 5665 882 5732 oriundi,
942 5665 1193 5737 Trajano
1252 5665 1604 5738 imperante,
1666 5686 1800 5726 cum
1849 5670 2015 5727 Chri-

363 5750 536 5808 stiani
561 5759 779 5824 essent,
799 5753 1218 5825 Christumque
1241 5754 1658 5826 praedicantes,
1679 5759 2013 5831 complurec

2129 4738 2393 4812 καμίνου,
2428 4737 2677 4808 εἰσῆλθεν
2738 4738 2790 4792 ἐν
2846 4739 3008 4810 αὐτῇ⁸
3069 4741 3158 4794 καὶ
3209 4740 3334 4796 τότε
3394 4743 3488 4815 μὲν
3549 4741 3786 4812 ἐξελθὼν

2137 4822 2411 4896 ἀϐλαϐὴς,
2471 4827 2836 4900 παρεσκεύασε
2889 4828 2980 4882 τὸν
3069 4828 3215 4904 ἱερέα
3270 4834 3351 4902 τῷ
3409 4827 3655 4886 εἰδώλων
3689 4832 3786 4888 σὺν

2127 4921 2194 4990 τῇ
2252 4917 2464 4992 γυναικὶ
2533 4916 2697 4972 αὐτοῦ
2753 4917 3032 4972 πιστεῦσαι
3117 4921 3355 4993 Χριστῷ.
3411 4922 3666 4996 Ὕστερον
3726 4919 3788 4977 δὲ

2129 5006 2421 5079 εὐξάμενος
2449 5003 2735 5080 παρέδωκε
2790 5007 2852 5062 τὸ
2878 5010 3110 5080 πνεῦμα.
3145 5008 3218 5064 Τὸ
3250 5005 3308 5063 δὶ
3341 5007 3592 5084 λείψανον
3619 5010 3790 5067 αὐτοῦ

2131 5098 2304 5174 ἐτάφη
2338 5096 2594 5170 ἐντίμως.

2682 5213 2734 5270 Μ
2745 5216 2862 5270 HNI
2900 5219 2989 5291 To
3029 5216 3233 5294 ΛΥΤῼ·

2272 5393 2543 5462 ’Λθλησις
2601 5399 2709 5448 τῶν
2741 5395 2913 5472 ἁγίων
2947 5395 3236 5472 μαρτύρων
3274 5399 3530 5470 Πρόκλου
3562 5403 3651 5455 καὶ

2828 5465 3090 5541 Ὶλαρίου.

2205 5582 2460 5657 Πρόκλος
2490 5585 2576 5639 καῗ
2610 5582 2876 5658 Ἱλάριος,
2935 5584 2986 5636 οἱ
3043 5585 3145 5638 τοῦ
3200 5584 3436 5660 Χριστοῦ
3497 5586 3791 5662 μάρτυρες,

2135 5674 2389 5750 ὑπῆρχον
2421 5673 2507 5729 ἐπὶ
2537 5677 2634 5742 τῆς
2680 5672 2960 5749 βασιλείας
3005 5677 3274 5748 Τραϊανοῦ
3331 5674 3389 5730 ἐκ
3435 5682 3532 5745 τῆς
3568 5676 3792 5742 πόλεως

2132 5765 2420 5838 Ἀγκύρας.
2457 5763 2775 5841 Χριστιανοὶ
2833 5759 2889 5817 δὶ
2948 5757 3095 5824 ὄντες
3149 5761 3441 5840 ἐκήρυττον
3503 5767 3592 5821 τὸν
3649 5769 3789 5844 Χρι-
