4108 6462
311 389 436 448 537

1883 384 1913 444 J
1924 382 2048 446 UL!
2061 386 2172 448 US-

3627 408 3747 468 538

319 519 474 584 στὸν,
529 518 619 574 καὶ
677 517 926 581 πολλοὺς
980 522 1090 574 τῶν
1147 520 1388 575 ἀπίστων
1457 519 1785 595 ἐπέστρεφον
1845 517 1950 592 πρὸ

2094 523 2431 582 inﬁdelium
2460 530 2534 584 ad
2565 531 2736 588 illum
2785 533 3205 603 traducerent;
3236 537 3466 609 primus
3498 541 3740 596 Proclus

319 607 506 664 αὐτόν.
541 613 770 683 Πρῶτος
829 608 918 664 οὗν
978 609 1267 684 κρατηθεὶς
1319 612 1467 684 παρὰ
1519 613 1629 664 τῶν
1671 605 1954 662 εἷ’δωλολαη

2089 614 2161 668 ab
2193 616 2528 675 idololatris
2560 625 3046 694 comprehensus,
3092 605 3436 700 imperatori
3471 629 3737 687 sistitur:

312 703 460 771 τρῶν
513 701 541 755 ὁ
599 698 874 772 Πρόκλος,
930 699 1173 773 παρέστη
1239 698 1468 754 ἐνώπιον
1524 701 1620 753 τοῦ
1683 697 1975 773 βασιλέως.

312 791 421 850 Καὶ
453 789 775 862 ἐξετασθεὶς,
833 789 923 844 καὶ
978 790 1070 845 τὸν
1131 791 1367 866 Χριστὸν
1417 790 1503 844 ἐπὶ
1536 789 1726 845 πλεῖον
1756 786 1976 860 ὁμολο-

309 883 510 957 γήσας,
568 877 788 954 ἐξεδόθη
849 879 1138 954 Μαξιμίνῳ
1196 884 1276 952 τῷ
1329 879 1582 957 ἡγεμόνι.
1631 879 1737 936 Καὶ
1765 897 1974 954 κρεμα-

303 971 452 1033 σθεὶς
501 968 686 1041 ἐξέσθη
750 967 1022 1042 σιδήροις,
1081 970 1171 1025 καὶ
1232 969 1482 1043 λαμπάσι
1513 970 1688 1044 πυρὸς
1740 968 1842 1036 τὴν
1873 987 1976 1040 γα-

305 1060 472 1135 στὲρα
526 1059 617 1114 καὶ
673 1058 770 1120 τὰς
831 1058 1072 1132 πλευρὰς
1131 1060 1389 1129 κατεκάη.
1453 1057 1555 1115 Καὶ
1619 1058 1753 1132 μετᾶ
1806 1060 1975 1111 ταῦτα

304 1145 600 1220 δεξάμενος
686 1148 958 1226 ἀπόφασιν
1061 1152 1163 1202 τοῦ
1243 1149 1718 1218 κατατοξευθῆναι,
1802 1145 1972 1220 ἤγετο

297 1239 514 1314 γυμνὸς
574 1235 662 1292 ἐπὶ
720 1237 812 1292 τὸν
872 1237 1045 1292 τόπον
1111 1243 1213 1307 τῆς
1267 1235 1624 1302 τελειώσεως.
1687 1235 1783 1290 Καὶ
1835 1235 1972 1289 κατὰ

295 1327 398 1394 τήν
448 1325 574 1381 ὁδὸν
627 1327 962 1397 συναντήσας
1009 1326 1236 1402 Ἱλαρίῳ
1284 1330 1364 1398 τῷ
1400 1326 1607 1399 ἀνεψιῷ
1656 1325 1847 1394 αὐτοῦ,
1879 1322 1969 1379 καὶ

293 1415 682 1488 ἀσπασάμενος
737 1413 921 1483 αὐτὸν,
979 1413 1194 1490 ἐγένετο
1248 1413 1423 1478 αἶ’τιος
1478 1419 1577 1470 τοῦ
1628 1419 1968 1489 κρατηθῆναι

301 1503 488 1559 αὐτόν.
550 1503 657 1559 Καὶ
718 1503 876 1566 αὐτὸς
936 1505 1030 1576 μὶν
1103 1503 1428 1580 κρεμασθεὶς
1481 1503 1570 1558 ἰπὶ
1637 1502 1824 1574 ξύλου,
1877 1501 1967 1556 καὶ

297 1593 550 1669 σαγίταις
609 1593 1017 1664 κατατοξευθεὶς
1077 1591 1362 1669 παρέδωκε
1415 1595 1480 1650 τὸ
1530 1597 1763 1668 πνεῦμα.
1797 1593 1858 1650 Ὀ
1911 1589 1969 1647 δὲ

291 1684 542 1761 Ἱλάριος
570 1686 791 1750 τυφθεὶς
840 1686 932 1740 καὶ
991 1685 1216 1756 ξεσθεὶς,
1275 1686 1364 1741 καὶ
1415 1684 1504 1740 ἐπὶ
1567 1685 1728 1758 μίλια
1757 1683 1968 1759 γυμνὸς

294 1775 644 1845 κπασυρείς,
667 1778 979 1830 τελευταῖον
1011 1773 1152 1852 ξίφει
1181 1776 1282 1844 τῆν
1307 1775 1549 1853 κεφαλὴν
1583 1773 1822 1847 ἐτμήθη.

441 1891 545 1947 Καὶ
579 1887 812 1962 ἄθλησις
861 1889 959 1957 τῆς
991 1889 1146 1966 ἁγίας
1178 1889 1454 1967 μάρτυρος
1484 1887 1818 1965 Γολινδούχ.

367 2008 432 2064 Ἦ
462 2011 563 2063 τοῦ
594 2008 836 2083 Χριστοῦ
870 2007 1078 2082 μάρτυς
1137 2003 1474 2081 Γολινδοὺχ,
1525 2005 1742 2082 ὑπῆρχε
1777 2005 1873 2079 μὶν
1907 2006 1966 2062 ἐκ

282 2103 392 2165 τῆς
427 2093 688 2171 Περσίδος
743 2094 832 2151 ἐπὶ
882 2102 981 2166 τῆς
1038 2094 1316 2172 βασιλείας
1363 2094 1690 2170 Μαυρικίου·
1733 2095 1962 2168 συνῴκει

288 2184 352 2242 δὲ
412 2182 566 2259 ἀνδρὶ
627 2184 950 2262 άρχιμάγῳ.
1029 2186 1126 2241 Καὶ
1207 2185 1307 2260 ὁρᾷ
1362 2182 1592 2261 ἄγγελον
1656 2189 1789 2241 Θεοῦ
1843 2192 1963 2250 καθ’

288 2276 496 2338 ὕπνους
557 2272 870 2330 δεικνύοντα
947 2273 1083 2349 αὐτῇ
1157 2273 1326 2330 τόπον
1384 2274 1667 2353 φωτεινὸν,
1727 2269 1851 2329 ἔνθα
1909 2274 1961 2328 οἳ

289 2361 496 2420 δίκαιοι
528 2363 810 2440 ἐχόρευον,
857 2363 948 2418 γαὶ
994 2360 1178 2438 ἕτερον
1230 2364 1526 2435 σκοτεινὸν,
1557 2362 1608 2418 ἐν
1639 2363 1684 2436 ᾧ
1716 2363 1768 2418 οί
1800 2359 1960 2418 εἰδω-

289 2451 565 2530 λολάτραι
596 2453 988 2529 ἐτιμωροῦντο.
1037 2453 1143 2509 Καὶ
1193 2449 1534 2524 δοκιμάσασα
1588 2451 1847 2517 εἰσελθεῖν
1882 2452 1960 2515 εἷς

287 2549 385 2600 τὸν
417 2544 682 2616 φωτεινὸν
730 2545 928 2612 τόπον,
961 2541 1239 2614 ἐκωλὺθη,
1295 2542 1540 2606 εἰπόντος
1569 2547 1666 2598 τοῦ
1698 2544 1956 2618 ἀγγέλου,

287 2639 377 2693 δτι
411 2635 534 2693 Ἐὰν
573 2636 649 2708 μὴ
709 2634 842 2710 γένῃ
899 2634 1222 2708 Χριστιανή,
1281 2632 1380 2688 οὐκ
1428 2631 1668 2709 είσέρχῃ.
1697 2634 1959 2706 Ἔξυπνος

290 2721 354 2779 δὶ
381 2722 678 2800 γενομένη,
738 2723 866 2798 παρ’
923 2720 1059 2777 αὐτὰ
1115 2715 1440 2792 ἐϐαπτίσθη.
1502 2720 1601 2776 Καὶ
1656 2725 1960 2796 γνωσθεῖσα

289 2817 443 2888 παρὰ
469 2817 569 2868 τοῦ
599 2810 798 2887 ἀνδρὸς
828 2811 999 2876 αὐτῆς
1041 2811 1134 2866 καὶ
1161 2815 1264 2865 τοῦ
1295 2809 1590 2886 βασιλέως,
1622 2810 1952 2882 ἀπεκλείσθη

284 2905 366 2969 εἰς
396 2908 499 2976 τὴν
531 2912 631 2976 τῆς
688 2903 868 2976 λήθης
926 2902 1200 2983 φυλακὴν,
1258 2903 1348 2958 καὶ
1407 2902 1572 2959 πάλιν
1620 2903 1696 2966 εἰς
1730 2902 1954 2976 λάκκον,

284 2990 410 3060 ἔνθα
441 2996 507 3064 ἧν
543 2991 780 3069 δράκων·
833 2991 924 3048 καὶ
992 2993 1130 3064 μετὰ
1175 2986 1412 3067 χρόνους
1462 2990 1709 3053 πολλοὺς
1746 2986 1952 3063 ἐκϐλη-

286 3091 462 3158 θεῖσα,
525 3083 848 3159 ἐτιμωρήθη
909 3077 1208 3159 διαφόρως·
1269 3082 1357 3136 καὶ
1422 3079 1804 3154 βουλλωθεῖσα
1857 3085 1952 3137 τὸν

283 3175 602 3252 τράχηλον,
659 3171 825 3248 ἤγετο
892 3171 1340 3249 άποκεφισθῆναι.
1401 3167 1682 3227 Ἐκϐαλὼν
1740 3169 1799 3225 δὲ
1853 3173 1954 3238 τήν

2087 706 2523 781 (ιιιωειὶοηὶᾳυθ
2543 711 3007 784 subjectus,cum
3033 717 3218 772 multo
3240 705 3740 791 magisChristum

2087 796 2487 866 profiteretur,
2545 803 2861 858 Maximino
2915 807 3151 876 praesidi
3213 809 3501 864 traditur:
3548 827 3581 865 a
3622 828 3738 882 quo

2084 888 2240 943 164
2272 906 2618 962 suspensus,
2649 895 2885 967 ungulis
2929 896 3137 952 ferreis
3177 900 3651 970 excarniﬁcatur,
3685 907 3744 958 et

2082 977 2433 1036 ardentibus
2456 982 2683 1038 facibus
2707 985 2900 1039 eidem
2923 993 3132 1041 venter
3161 993 3218 1043 et
3247 989 3435 1046 latera
3465 992 3738 1048 ustulan-

2083 1070 2197 1122 tur.
2230 1069 2499 1126 Posthaec
2530 1072 2650 1128 lata
2682 1075 2996 1141 sententia,
3029 1081 3098 1130 ut
3127 1078 3356 1150 sagittis
3386 1081 3737 1137 confodere-

2080 1159 2197 1223 tur,
2229 1159 2426 1214 nudus
2457 1160 2530 1215 ad
2563 1161 2758 1217 locum
2809 1164 3087 1236 supplicii
3132 1165 3388 1222 ducitur.
3423 1171 3568 1224 Cum
3599 1187 3735 1226 vero

2079 1257 2490 1306 occurrentem
2522 1253 2634 1308 sibi
2675 1255 2736 1309 in
2786 1255 2879 1310 via
2931 1257 3221 1313 Hilarium
3252 1265 3531 1331 nepotem
3563 1278 3737 1317 suum

2081 1338 2416 1405 salutasset,
2443 1342 2505 1397 in
2537 1359 2716 1399 causa
2740 1344 2874 1412 fuit,
2906 1351 2972 1400 ut
3002 1353 3060 1400 et
3090 1346 3192 1401 ille
3220 1356 3549 1419 caperetur.
3583 1353 3653 1405 Et
3685 1353 3735 1407 is

2077 1428 2319 1498 quidem
2348 1429 2424 1485 ad
2452 1432 2654 1502 palum
2687 1433 2984 1506 alligatus,
3016 1436 3365 1508 sagittisque
3403 1440 3734 1504 confossus,

2079 1518 2355 1590 spiritum
2387 1521 2664 1576 reddidit.
2701 1524 2960 1579 Hilarius
2989 1542 3124 1580 vero
3156 1543 3344 1582 caasus
3375 1534 3433 1583 et
3463 1531 3734 1585 excarni-

2079 1607 2310 1676 ficatus,
2345 1615 2403 1664 et
2453 1609 2528 1665 ad
2583 1611 2813 1684 aliquot
2867 1614 3150 1671 milliaria
3197 1616 3395 1672 nudus
3445 1624 3732 1690 raptatus,

2077 1704 2444 1768 postremum
2479 1699 2826 1757 decollatur.

2288 1882 2358 1935 Et
2382 1887 2656 1937 certamen
2674 1891 2876 1940 sancta
2896 1890 3160 1957 martyris
3181 1887 3514 1945 Golinduch.

2144 1997 2361 2068 Martyr
2389 1998 2601 2053 Christi
2647 2000 2980 2057 Golinduch
3031 2003 3090 2057 in
3141 2005 3403 2072 Perside,
3453 2007 3732 2064 Mauricio

2074 2083 2426 2156 imperante,
2459 2087 2698 2143 ﬂoruit:
2760 2107 2891 2162 qum
2949 2077 3082 2146 cum
3133 2093 3370 2149 cuidam
3420 2111 3730 2167 magorum

2075 2175 2331 2247 principi
2362 2176 2424 2231 in
2457 2178 2900 2235 matrimonium
2939 2181 3228 2238 collocata
3249 2184 3478 2252 fuisset,
3508 2185 3597 2239 illi
3625 2185 3731 2241 ali-

2069 2266 2309 2338 quando
2341 2269 2587 2341 angelus
2612 2271 2711 2325 Dei
2736 2271 2795 2326 in
2824 2272 3051 2327 somnis
3083 2275 3376 2346 apparuit,
3404 2274 3724 2348 locumque

2068 2356 2472 2428 splendidum,
2506 2365 2563 2414 et
2595 2361 2654 2414 in
2688 2376 2754 2415 eo
2779 2361 2976 2433 justos
3001 2363 3395 2435 tripudiantes
3430 2371 3723 2422 monstra-

2063 2447 2164 2513 vit,
2198 2453 2375 2520 atque
2400 2449 2656 2506 alterum
2678 2451 3138 2520 tenebricosum,
3168 2455 3228 2510 in
3252 2472 3368 2526 quo
3391 2455 3724 2514 idololatraa

2066 2537 2504 2596 cruciabantur.
2539 2541 2764 2597 Conata
2791 2548 2990 2598 autem
3023 2543 3288 2600 lucidum
3320 2545 3489 2600 illum
3522 2546 3721 2603 locum

2065 2627 2311 2697 intrare,
2337 2631 2640 2702 prohiberi
2663 2633 2974 2689 videbatur
3003 2635 3075 2690 ab
3106 2636 3316 2708 angelo
3338 2637 3534 2693 aiente
3561 2654 3574 2692 :
3599 2639 3722 2694 Nisi

2063 2719 2400 2776 Christiana
2459 2721 2586 2788 tias,
2651 2723 3114 2796 haudquaquam
3174 2726 3289 2781 huc
3348 2726 3724 2800 ingredieris.

2063 2810 2505 2882 Expergefacta,
2537 2813 2735 2869 statim
2795 2813 3160 2885 baptismum
3217 2817 3499 2888 suscepit.
3561 2818 3728 2882 Quod

2062 2916 2198 2956 cum
2227 2901 2314 2954 vir
2370 2902 2500 2972 ejus
2558 2907 2618 2958 et
2673 2918 2777 2957 rex
2833 2904 3288 2976 comperissent,
3322 2905 3383 2960 in
3424 2922 3726 2965 carcerem

2061 2990 2253 3045 letbes
2285 2991 2568 3062 primum,
2623 2991 2840 3050 deinde
2896 2993 2958 3048 in
3016 2993 3213 3051 lacum
3244 2997 3586 3068 conjicitur,
3620 2997 3722 3053 ubi

2063 3079 2239 3136 draco
2271 3085 2416 3137 erat.
2451 3082 2664 3137 Multos
2695 3087 2829 3153 post
2876 3098 3068 3139 annos
3099 3084 3237 3140 inde
3279 3084 3513 3150 educta,
3544 3087 3721 3142 variis

2060 3171 2272 3226 affecta
2302 3177 2393 3226 est
2413 3171 2792 3227 cruciatibus.
2820 3174 3128 3229 Postremo
3152 3173 3316 3230 bulla
3339 3174 3719 3248 obsignatum

283 3264 531 3342 βούλλαν
588 3261 733 3318 σώαν
794 3263 822 3316 ὁ
880 3259 1135 3336 ἄγγελος.
1211 3256 1381 3315 ἔδωκε
1436 3264 1518 3334 τῷ
1575 3258 1786 3333 δημίῳ.
1847 3261 1944 3316 Καὶ

2067 3261 2280 3316 collum
2305 3277 2539 3333 gerens.
2562 3261 2637 3316 ad
2659 3261 3018 3334 supplicium
3042 3263 3300 3318 ducitur.
3327 3264 3496 3320 Bulla
3520 3269 3721 3320 autem

279 3354 641 3426 λυπουμένην
717 3351 816 3419 τήν
892 3349 1076 3426 ἁγίαν,
1149 3345 1241 3404 διὰ
1293 3349 1358 3404 τὸ
1419 3349 1496 3422 μὴ
1563 3354 1752 3413 παθεῖν
1815 3349 1947 3424 ὑπὲρ

285 3446 552 3517 Χριστοῦ,
593 3441 809 3512 πλήξας
861 3439 995 3512 μετὰ
1043 3437 1273 3492 σπαθίου
1321 3439 1460 3492 κατὰ
1508 3437 1598 3492 τὸν
1631 3437 1946 3513 τράχηλον,

292 3533 477 3608 ῥεῦσαι
538 3531 630 3604 μὲν
691 3529 827 3603 αἷμα
884 3528 1208 3596 πεποίηκεν,
1271 3525 1370 3582 οὐκ
1424 3526 1814 3604 ἀπεκεφάλισεν
1866 3525 1946 3587 δὲ.

291 3621 448 3680 Μετὰ
471 3622 634 3676 ταῦτα
688 3622 918 3690 ζήσασα,
971 3618 1062 3673 καὶ
1120 3615 1370 3679 πολλοὺς
1421 3616 1775 3694 ὠφελήσασα,
1807 3618 1946 3693 πρὸς

290 3711 497 3784 Κύριον
528 3707 666 3780 ὲξεδή
677 3729 872 3783 μησεν.

849 3915 1034 3973 MHNI
1063 3918 1150 3974 ΤΩ
1184 3917 1379 3974 ΑΥΤΩ.

1057 4004 1160 4064 ΙΓ’.

454 4093 728 4168 Ἀθλησις
754 4097 851 4151 τοῦ
883 4092 1038 4171 ἁγίου
1073 4113 1347 4170 μαρτυρος
1392 4091 1762 4167 Σεραπίωνος.

349 4213 659 4290 Σεραπίων,
692 4215 721 4269 ὁ
749 4217 847 4269 τοῦ
904 4215 1145 4288 Χριστοῦ
1206 4210 1430 4286 μάρτυς,
1473 4211 1692 4286 ὑπῆρχε
1727 4210 1814 4266 ἐπὶ
1843 4217 1940 4281 τῆς

279 4305 565 4382 βασιλείας
620 4306 890 4379 Σευήρου,
943 4303 1082 4374 ἀνὴρ
1136 4296 1395 4370 θεοσεϐὴς
1451 4300 1541 4356 καὶ
1593 4300 1684 4355 τὸν
1736 4300 1937 4375 τρόπον

2058 3350 2130 3406 ab
2153 3351 2362 3423 angelo
2382 3367 2527 3407 sana
2544 3352 2892 3424 integraque
2915 3353 3171 3423 sublata,
3189 3359 3247 3408 et
3264 3354 3456 3410 lictori
3480 3355 3716 3421 tradita,

2056 3440 2106 3495 is
2139 3447 2405 3496 sanctam
2445 3457 2597 3514 aegre
2623 3443 2936 3508 ferentem,
2971 3443 3130 3513 quod
3175 3459 3282 3514 pro
3326 3443 3554 3498 Christo
3595 3461 3717 3499 non

2057 3535 2382 3601 pateretur,
2412 3531 2609 3601 gladio
2657 3531 2832 3596 ferit;
2893 3548 3010 3602 quo
3061 3532 3300 3602 quidem
3354 3549 3423 3589 ex
3471 3533 3715 3590 vulnere

2055 3622 2294 3692 sanguis
2316 3620 2630 3692 proﬂuxit;
2651 3627 2829 3691 caput
2851 3625 3049 3676 tamen
3071 3622 3320 3676 minime
3339 3626 3429 3677 est
3449 3628 3714 3694 amputa-

2055 3714 2219 3764 tum:
2254 3709 2399 3779 quin
2449 3715 2585 3780 post
2628 3710 2755 3764 hac
2798 3715 3121 3780 superstes,
3167 3726 3303 3766 cum
3333 3710 3538 3766 multis
3569 3728 3710 3783 pro-

2051 3797 2280 3862 fuisset,
2313 3799 2388 3854 ad
2422 3800 2740 3854 Dominum
2771 3800 3062 3871 migravit.

2623 3915 2862 3971 EODEM
2911 3915 3142 3971 MENSE

2580 4005 2682 4061 Die
2723 4006 2954 4062 decima
2995 4007 3189 4064 tertia.
3457 4065 3460 4069 λ

2195 4096 2343 4153 165
2385 4096 2668 4152 Certamen
2711 4098 2890 4152 sancti
2933 4099 3194 4167 martyris
3224 4097 3566 4170 Serapionis.

2122 4212 2404 4285 Serapion
2437 4210 2654 4267 Christi
2687 4217 2912 4283 martyr
2958 4213 3325 4284 temporibus
3367 4214 3561 4268 Severi
3594 4214 3708 4270 im-

2049 4303 2340 4375 peratoris
2374 4301 2533 4370 vixit,
2561 4301 2645 4355 vir
2675 4301 2893 4372 pietate
2924 4317 2992 4356 ac
3023 4300 3318 4373 probitate
3350 4318 3584 4358 morum
3613 4304 3706 4359 in~

273 4396 503 4472 ἁγαθός.
561 4393 866 4469 Κρατηθεές
926 4390 984 4448 δὲ
1043 4392 1145 4447 ὑπὸ
1203 4395 1309 4446 τῶν
1370 4387 1792 4464 εἶδωλολατρῶν
1853 4388 1942 4446 διὰ

2067 4392 2251 4466 signis.
2288 4392 2505 4464 Captus
2553 4395 2754 4446 autem
2808 4389 2881 4446 ab
2940 4390 3237 4446 idolorum
3271 4391 3600 4447 cultoribus
3632 4393 3706 4448 ob

270 4489 372 4556 τὴν
408 4485 488 4550 εἰς
522 4484 749 4560 Χριστὸν
782 4481 1113 4558 ὁμολογίαν,
1167 4479 1441 4557 παρεδόθη
1492 4481 1702 4553 Ακύλᾳ,
1732 4483 1811 4552 τῷ
1841 4484 1939 4548 τῆς

2067 4482 2263 4546 Ξιιι-ἱδιί
2291 4481 2751 4551 confessionem,
2783 4481 3009 4555 Aquilia
3040 4481 3169 4552 ejus
3213 4481 3327 4536 loci
3360 4481 3598 4554 praesidi
3630 4484 3709 4537 δὶα

275 4577 473 4654 χώρας
539 4573 747 4644 ἐκείνης
815 4571 1062 4649 ἄρχοντι.
1169 4572 1267 4627 Καὶ
1352 4571 1626 4646 παραστὰς
1698 4570 1938 4626 ἀνώπιον

2049 4573 2261 4628 stitur:
2293 4589 2328 4628 a
2357 4590 2472 4645 quo
2505 4578 2766 4646 rogatus,
2820 4588 2999 4644 quam
3051 4571 3403 4644 religionem
3463 4571 3707 4638 coleret,

275 4644 470 4736 26:35,
548 4666 636 4720 καὶ
707 4661 1002 4739 ἐρωτηθεὶς
1068 4661 1230 4724 ποίας
1307 4661 1593 4737 Θρησκείας
1656 4671 1940 4737 τυγχάνει,

2067 4661 2237 4717 ibere
2268 4644 2906 4718 Christum—confessus
2936 4665 3043 4716 est.
3069 4660 3462 4727 Quamobrem
3494 4662 3714 4718 acriter

273 4757 615 4833 ὡμολόγησε
659 4753 937 4831 παρρησίᾳ
982 4754 1072 4808 τὸν
1126 4753 1379 4828 Χριστόν.
1431 4751 1666 4827 Τυφθεὶς
1715 4751 1806 4806 οὗν
1853 4749 1942 4806 διὰ

271 4853 439 4906 τοῦτο
469 4843 746 4924 σφοδρῶς,
803 4845 893 4899 καὶ
938 4841 1190 4917 σιδήροις
1240 4843 1382 4914 ὀξέσι
1439 4843 1502 4897 τὸ
1550 4847 1712 4914 σῶμα
1741 4841 1942 4912 ξεσθείς

275 4937 438 5009 ὅλον,
470 4935 833 5014 παρεπέμφθη
884 4932 1126 5012 φυλακῇ,
1185 4933 1335 5007 λιμῷ
1381 4933 1472 4988 καὶ
1506 4931 1649 5006 δίψει
1683 4930 1943 5002 πιεζόμε-

270 5052 389 5092 νος.
441 5028 589 5085 Μετᾶ
637 5023 696 5081 δὶ
745 5023 974 5080 πολλῶν
1028 5025 1250 5098 ἡμερῶν
1303 5022 1666 5098 παραδρομὴν
1707 5027 1810 5088 τῆς
1842 5043 1943 5099 φυ-

275 5121 460 5190 λακῆς
528 5115 832 5185 ὶλκυσθεὶς,
899 5112 1140 5190 παρέστη
1211 5110 1498 5186 δεδεμένος
1559 5117 1638 5186 τῷ
1685 5111 1938 5187 ἄρχοντι.

280 5210 382 5266 Καὶ
436 5203 713 5282 μηδεμίαν
763 5202 1012 5279 πληγὴν,
1063 5201 1100 5272 ἢ
1137 5201 1451 5278 τραύματος
1520 5201 1690 5272 οὐλὴν
1762 5201 1939 5278 φέρων

273 5299 364 5356 ἰπὶ
414 5301 514 5354 τοῦ
563 5295 843 5368 σώματος,
903 5289 994 5347 διὰ
1047 5293 1110 5347 τὸ
1175 5295 1571 5366 θεραπευθῆναι
1639 5292 1942 5366 παραυτίκα

279 5392 389 5446 ὑπὸ
452 5389 710 5461 Χριστοῦ,
781 5382 858 5442 εἰς
922 5376 1184 5455 ἔκπληξιν
1253 5381 1468 5458 ἢγαγεν
1524 5381 1783 5451 ἅπαντας,
1852 5379 1940 5435 καὶ

269 5476 530 5538 πολλοὺς
578 5469 947 5547 παρεσκεύασε
991 5474 1270 5526 πιστεῦσαι
1322 5471 1563 5543 Χριστῷ,
1615 5470 1720 5526 Καὶ
1762 5463 1938 5547 φοϐη.

269 5572 386 5632 θεὶς
420 5570 447 5624 ὁ
480 5569 690 5642 ἄρχων,
733 5559 830 5616 ’ἶνα
882 5562 958 5632 μὴ
1012 5561 1272 5624 πλείονας
1322 5563 1644 5635 προσαγάγῃ
1697 5562 1937 5635 Χριστῷ,

272 5660 408 5737 πυρὶ
456 5653 771 5732 παρέδωκεν
816 5649 998 5707 αὐτὸν.
1052 5649 1156 5708 Καὶ
1206 5649 1350 5707 οὕτω
1388 5653 1479 5706 τὸν
1516 5657 1618 5719 τῆς
1649 5650 1942 5714 ἀθανασίας

278 5748 577 5821 διαθλήσας
610 5745 820 5818 ἀγῶνα,
853 5737 1169 5810 ἰτελειώθη.

2055 4751 2416 4820 verberatur,
2451 4757 2509 4807 et
2539 4751 2780 4824 ungulis
2802 4751 3010 4806 ferreis
3043 4751 3234 4806 eidem
3270 4755 3457 4807 totum
3493 4768 3710 4823 corpus

2053 4842 2546 4898 excarnificatur:
2597 4847 2899 4914 postremo
2948 4842 3011 4896 in
3041 4857 3339 4898 carcerem
3372 4841 3712 4898 detruditur

2051 4932 2205 4988 fame
2238 4931 2453 5003 sitique
2485 4931 3180 4986 conﬁciendus.Evolutis
3215 4937 3414 4986 autem
3435 4931 3710 5003 pluribus

2051 5022 2263 5078 diebus
2286 5037 2316 5076 e
2337 5020 2610 5076 custodia.
2630 5024 2949 5087 extractus,
2972 5019 3204 5075 vinctus
3223 5019 3463 5092 praesidi
3489 5021 3707 5077 iterum

2053 5111 2301 5167 sistitur.
2336 5114 2598 5181 (.umque
2656 5107 2891 5164 nullum
2949 5109 3212 5164 vulneris
3259 5109 3571 5180 vestigium
3610 5115 3713 5164 aut

2052 5202 2390 5258 cicatricem
2414 5205 2536 5254 toto
2558 5215 2803 5270 corpore
2821 5199 3222 5270 prmierret,eo
3247 5198 3405 5270 quod
3426 5213 3459 5252 a
3480 5197 3711 5253 Christo

2052 5295 2296 5364 repente
2326 5295 2569 5345 sanatus
2599 5287 2811 5354 fuerat,
2840 5303 3050 5342 omnes
3075 5285 3489 5357 obstupefecit,
3523 5284 3714 5355 pluri-

2052 5397 2299 5452 mosque
2331 5379 2404 5434 ad
2433 5378 2650 5435 Christi
2693 5377 2871 5432 [idem
2923 5377 3216 5448 perduxit.
3258 5377 3449 5439 Quare
3488 5390 3709 5444 praises

2051 5469 2290 5534 veritus,
2318 5484 2392 5523 ne
2423 5466 2626 5538 plures
2646 5465 2720 5521 ad
2747 5466 3044 5522 Christum
3068 5464 3422 5527 traduceret,
3448 5460 3707 5516 flammis

2051 5555 2439 5613 cremandum
2471 5554 2750 5610 tradidit:
2785 5560 2962 5624 atque
2993 5568 3099 5624 per
3129 5552 3285 5606 hunc
3317 5547 3561 5604 modum
3592 5550 3708 5604 im-

2051 5645 2432 5701 mortalitatis
2463 5645 2734 5699 confecto
2766 5641 3565 5710 certamine,consummatus
3594 5638 3709 5693 fuit
