4108 6456
407 417 526 477 539

624 551 689 606 Et
720 556 989 606 certamen
1034 557 1237 607 sancta
1273 551 1532 621 martyris
1561 548 1824 620 Mympes.

476 673 693 742 Martyr
717 669 928 724 Christi
959 670 1216 740 Myrope,
1249 668 1580 740 imperante
1627 664 1826 734 Decio,
1859 663 1921 718 in
1955 662 2057 717 in-

404 761 534 818 sula
566 761 705 816 Chio
737 766 876 816 nata
920 766 1041 815 est:
1092 760 1250 815 unde
1289 760 1589 831 Ephesum
1620 756 1904 829 profecta,
1937 772 2057 812 un-

400 859 619 928 guenta
640 870 710 909 ex
733 852 1003 924 reliquiis
1025 859 1369 909 sanctorum
1397 857 1724 923 martyrum
1751 854 1809 903 et
1829 853 2060 921 aposto-

401 943 596 1000 lorum
625 943 934 999 manantia
972 943 1279 1015 colligens,
1331 948 1582 1015 aagrotos
1615 939 1881 996 sanabat.
1911 939 2060 993 Hinc

406 1035 600 1092 eidem
656 1033 912 1106 Myrodis
970 1049 1187 1088 nomen
1257 1030 1516 1086 inhaesit.
1576 1030 1786 1084 Chium
1842 1027 2060 1083 deinde

404 1124 666 1180 insulam
723 1138 977 1188 reversa,
1038 1137 1172 1176 cum
1244 1125 1516 1175 sanctum
1602 1117 1896 1174 Isidorum
1955 1133 2060 1188 pro

403 1213 636 1270 Christo
686 1211 973 1282 martyrio
1031 1211 1302 1265 functum
1363 1207 1861 1278 interfectumque
1888 1222 2059 1277 repe-

400 1305 598 1372 risset,
627 1304 890 1360 sublatas
913 1301 1182 1374 ejusdem
1205 1301 1489 1373 reliquias
1511 1300 1666 1374 apud
1689 1317 1751 1355 se
1774 1298 2058 1355 condidit.

404 1401 479 1454 At
527 1413 662 1452 cum
713 1394 788 1449 ob
835 1393 986 1450 illud
1024 1393 1415 1464 reliquiarum
1463 1391 1689 1450 furtum
1723 1389 2061 1462 complures

407 1483 560 1556 capti
586 1481 1020 1554 quaestionique
1043 1479 1292 1552 subjecti
1319 1478 1676 1544 luissent,sei
1686 1493 1850 1549 psam
1869 1475 2063 1531 mani-

405 1572 659 1638 festavit,
693 1571 1083 1642 confessaque
1108 1575 1216 1636 est,
1241 1573 1298 1624 et
1319 1585 1380 1624 se
1412 1568 1698 1640 reliquias
1725 1565 2060 1634 sustulisse,

410 1668 469 1719 et
499 1660 656 1734 apud
688 1677 748 1716 se
780 1659 1117 1715 reconditas
1149 1659 1386 1714 habere.
1431 1657 1720 1723 Quocirca
1746 1671 1782 1711 a
1809 1654 2060 1728 praeside

410 1752 770 1808 Numeriano
799 1749 1248 1821 comprehensa,
1266 1747 1364 1819 qui
1390 1753 1447 1802 et
1467 1752 1737 1802 sanctum
1768 1745 2060 1800 Isidorum

406 1841 865 1907 excruciaverat,
925 1839 1384 1909 immaniterque
1435 1853 1608 1907 caesa,
1643 1837 1705 1892 in
1761 1851 2060 1892 carcerem

1694 410 2128 472 MENOLOGII
2179 409 2378 472 PARS
2431 414 2530 474 Ill.

2088 543 2139 611 A

3701 418 3832 476 54‘)

2316 543 2411 598 Kal
2447 543 2680 618 ἄθλησις
2709 552 2808 617 τῆς
2842 545 2999 622 ἁγίας
3053 548 3327 623 μάρτυρος
3377 549 3683 624 Μυρώπης.

2240 660 2301 716 Ἡ
2331 665 2427 716 τοῦ
2458 663 2692 738 Χριστοῦ
2754 663 2958 738 μάρτυς
3018 664 3296 738 Μυρώπη,
3357 666 3574 743 ὑπῆρχε
3608 668 3706 742 μέν
3741 668 3841 723 έτί

2169 755 2270 819 τῆς
2303 751 2584 827 βασιλείας
2643 754 2856 825 Δεκίου,
2915 754 2974 810 ἐκ
3027 762 3128 826 τῆς
3184 757 3357 827 νήσου
3390 756 3547 814 Χίου·
3599 760 3838 833 περιήρ-

2171 857 2302 915 χετο
2363 839 2420 897 δὲ
2474 843 2573 912 τὴν
2627 843 2890 922 Ἐφεσίων
2949 845 3138 916 πόλιν,
3192 845 3260 900 τὰ
3304 844 3364 901 ἐκ
3405 851 3514 902 τῶν
3548 845 3830 922 λειψάνων

2167 939 2277 990 τῶν
2332 935 2501 1012 ἁγίων
2559 938 2849 1014 μαρτύρων
2923 939 3014 994 καὶ
3087 938 3411 996 ἀποστόλων
3472 938 3844 1016 προχεόμενα

2174 1023 2317 1098 μόρα
2375 1027 2699 1102 συνάγουσα,
2785 1028 2876 1084 καὶ
2965 1027 3175 1102 ἰωμένη
3240 1028 3370 1092 τοὺς
3449 1028 3841 1090 ἀσθενοῦντας

2171 1112 2290 1179 ὅθεν
2323 1116 2411 1171 καὶ
2451 1115 2790 1195 φερωνύμως
2849 1117 3058 1190 ἐκλήθη
3119 1121 3397 1195 Μυρώπη.
3433 1114 3848 1176 Καταλαϐοῦσα

2172 1201 2230 1259 δὶ
2257 1205 2357 1273 τὴν
2388 1212 2554 1275 νῆσον
2599 1207 2753 1277 Χίον,
2797 1207 2887 1262 καὶ
2939 1207 3170 1282 εὑροῦσα
3211 1211 3300 1265 τὸν
3353 1211 3507 1285 ἅγιον
3551 1207 3846 1284 Ἰσίδωρον

2171 1290 2262 1348 διὰ
2306 1297 2540 1369 Κριστὸν
2605 1300 3053 1373 μαρτυρήσαντα,
3113 1299 3204 1354 καὶ
3259 1298 3635 1367 τελειωθέντα,
3704 1295 3853 1355 ἀνεί-

2172 1381 2298 1438 λετο
2356 1383 2417 1439 τὸ
2475 1384 2726 1460 λείψανον
2800 1388 2990 1460 αὐτοῦ,
3057 1387 3148 1443 καὶ
3205 1387 3402 1465 ἔκρυψε
3459 1389 3587 1465 παρ’
3645 1389 3852 1461 ἑαυτῇ,

2173 1472 2271 1528 Καὶ
2298 1471 2526 1530 πολλῶν
2557 1476 2939 1551 κρατουμένων
2987 1475 3076 1533 διὰ
3121 1479 3220 1548 τήν
3253 1483 3349 1534 τοῦ
3379 1478 3638 1554 λειψάνου
3675 1477 3852 1559 ἀφαί-

2175 1582 2345 1639 ρεσιν,
2391 1565 2482 1619 καὶ
2539 1566 2998 1643 τιμωρουμένων,
3055 1566 3388 1646 ἐφανέρωσεν
3457 1569 3677 1639 ἑαυτὴν,
3743 1567 3840 1624 λὲο

2171 1673 2341 1728 γουσα
2399 1649 2586 1710 λαϐεῖν
2645 1655 2737 1711 καὶ
2795 1656 2996 1732 κρύψαι
3047 1658 3110 1714 τὸ
3166 1657 3443 1732 λείψανον.
3487 1662 3842 1734 Κρατηθεῖσα

2175 1741 2266 1798 οῦν
2313 1745 2459 1820 παρὰ
2514 1749 2610 1800 τοῦ
2667 1747 2937 1822 ἡγεμόνος
2997 1751 3396 1822 Νουμεριανοῦ,
3451 1753 3550 1803 τοῦ
3597 1749 3690 1804 καὶ
3740 1748 3840 1804 τὸν

2175 1833 2328 1908 ἅγιον
2391 1830 2663 1908 Ἰσίδωρον
2724 1835 3130 1910 βασανίσαντος,
3179 1835 3382 1915 ἐτιὸιρθη
3435 1835 3708 1914 σφοδρῶς,
3741 1835 3838 1891 καὶ

407 1929 778 1986 detruditur:
812 1927 913 1984 ubi
960 1907 1304 2000 apparente
1344 1931 1548 1982 sancto
1607 1925 1855 1994 Isidoro,
1885 1929 2056 1998 atque

2171 1921 2500 1993 ἀπεκλείσθη
2538 1923 2612 1986 είς
2661 1907 2932 2002 φυλακήν.
2993 1907 3125 1981 Καὶν
3158 1923 3230 1980 δι’
3261 1907 3522 1988 ὀπτασίας
3547 1907 3643 1980 τοῦ
3673 1925 3837 2002 ἁγίου

403 2019 803 2091 repositorum
852 2016 964 2072 sibi
1024 2015 1318 2071 bonorum
1381 2015 1701 2088 sponsione
1746 2013 1818 2071 ab
1852 2013 2060 2070 eodem

403 2109 576 2178 facta,
611 2108 885 2180 spiritum
921 2107 1033 2161 Deo
1065 2105 1344 2161 reddidit.

965 2224 1207 2278 EODEM
1245 2221 1496 2278 MENSE.

922 2313 1026 2368 Die
1060 2311 1292 2368 decima
1320 2316 1551 2382 quarta.

647 2404 802 2461 166
834 2403 1117 2462 Certamen
1147 2405 1326 2458 sancti
1360 2403 1505 2457 Justi
1534 2402 1817 2472 martyris.

472 2521 672 2578 Justus
701 2519 918 2575 Christi
948 2522 1174 2589 martyr
1215 2534 1285 2574 ex
1319 2517 1464 2573 urbe
1515 2519 1718 2585 Roma,
1749 2515 1813 2571 in
1844 2516 2062 2570 Nume-

405 2626 609 2668 rorum
622 2607 832 2664 ordine
845 2608 1106 2679 primum
1120 2605 1570 2662 militavit.Cum
1585 2621 1720 2661 vero
1742 2604 2062 2676 aliquando

407 2718 439 2758 e
470 2699 677 2774 praalio
721 2715 991 2754 reversus
1043 2713 1281 2754 crucem
1340 2696 1749 2769 crystallinam
1797 2695 2060 2765 vidisset,

405 2805 729 2862 vocemque
745 2788 882 2845 inde
898 2788 1291 2861 prodeuntem
1315 2786 1600 2856 audisset,
1615 2786 2062 2860 praecipientem

409 2883 523 2940 sibi
565 2881 726 2938 idola
783 2880 1080 2949 deserere,
1131 2879 1468 2951 Christique
1501 2879 1680 2935 ﬁdem
1737 2879 2061 2952 suscipere.

410 2975 656 3030 Romam
689 2971 1004 3028 confestim
1033 2969 1224 3028 redit:
1259 2969 1358 3025 ubi
1406 2969 1721 3025 distributo
1745 2969 1806 3024 in
1837 2986 2062 3042 paupe-

407 3081 504 3121 res
534 3063 917 3136 patrimonio,
939 3062 1159 3119 Christi
1192 3060 1308 3116 ﬁde
1339 3062 1512 3117 lmtus
1542 3067 1602 3116 et
1631 3066 1966 3128 contentus,
2002 3061 2064 3115 in

409 3153 734 3210 domestico
766 3168 1004 3209 secessu
1054 3151 1166 3206 sibi
1198 3150 1481 3222 deinceps
1510 3151 1700 3206 vivere
1731 3149 2063 3206 constituit.

406 3245 528 3311 Quo
584 3247 888 3315 comperto
973 3241 1248 3297 tribunus
1329 3241 1559 3296 Justum
1638 3239 2063 3311 comprehendi

398 3334 618 3407 jussit:
652 3332 992 3404 frustraque
1022 3336 1337 3396 tentatum,
1370 3337 1438 3385 ut
1466 3329 1763 3386 Christum
1794 3333 2060 3402 negaret,

405 3425 632 3482 catenis
689 3423 1098 3486 constrictum,
1159 3421 1233 3477 ad
1290 3420 1688 3494 Magnentium
1745 3419 2058 3492 prmsidem

405 3515 561 3570 mitti
587 3531 599 3569 :
633 3530 668 3570 a
691 3529 829 3585 quo,
853 3528 990 3567 cum
1013 3511 1073 3566 in
1097 3511 1314 3566 Christi
1341 3510 1455 3566 llde
1477 3509 1846 3566 constantior
1874 3511 2060 3581 persi-

407 3609 610 3669 steret,
668 3603 865 3658 nervis
923 3601 1122 3657 crudis
1151 3601 1534 3655 verberatur:
1593 3599 1808 3656 deinde
1868 3600 2061 3658 ferrea

405 3693 590 3749 cassis
638 3693 903 3748 candens
950 3692 1216 3764 ejusdem
1266 3690 1444 3763 capiti
1509 3690 1874 3762 imponitur:
1923 3707 2061 3746 mox

401 3783 610 3853 prunis
631 3780 981 3837 ardentibus
1003 3781 1198 3836 nudus
1219 3780 1722 3853 supersternitur:
1757 3784 2058 3851 postremo

403 3872 466 3925 in
500 3872 803 3943 ingentem
826 3870 984 3942 ignis
1003 3871 1305 3926 fornacem
1331 3870 1608 3942 injectus,
1634 3870 1752 3924 Deo
1783 3869 2057 3941 spiritum

401 3959 680 4016 reddidit.

471 4109 538 4163 Et
583 4108 1026 4162 commemoratio
1073 4107 1252 4161 sancti
1300 4103 1481 4160 Patris
1528 4104 1703 4161 nostri
1743 4105 1986 4162 Onesimi

1017 4175 1440 4247 Thaumaturgi.

471 4325 720 4382 Sanctus
751 4321 1064 4380 Onesimus
1113 4323 1175 4378 in
1223 4321 1491 4377 Caesarea
1523 4319 1855 4376 Palaestinae
1885 4319 2055 4389 urbe,

402 4415 766 4472 Diocletiano
798 4415 1152 4486 imperante,
1213 4417 1391 4467 natus
1447 4415 1533 4466 est
1591 4410 1727 4483 piis,
1760 4414 1960 4481 atque,
1992 4414 2059 4466 ut

397 4507 556 4563 fama
589 4510 698 4573 est,
722 4503 794 4559 ab
825 4503 1032 4577 angelo
1058 4501 1367 4576 baptizatis
1387 4499 1756 4573 parentibus,
1780 4504 1957 4572 atque
1983 4499 2054 4556 ab

400 4595 608 4651 eodem
639 4593 712 4649 de
745 4593 854 4648 ﬁlii
887 4592 975 4647 sui
1020 4591 1412 4663 conceptione
1443 4595 1501 4644 et
1531 4589 1774 4645 nomine
1806 4588 2050 4645 edoctis.

2165 2009 2450 2086 Ἰσιδωρου
2474 2017 2580 2067 τῶν
2617 2011 2993 2088 ἀποκειμένων
3045 2014 3182 2088 αὐτῇ
3243 2017 3454 2091 ἀγαθῶν
3507 2017 3608 2085 τήν
3654 2013 3841 2089 ἐπαγ-

2166 2100 2354 2177 γελίαν
2390 2097 2657 2176 λαϐοῦσα,
2690 2107 2771 2176 τῷ
2801 2108 2919 2176 Θεῷ
2947 2104 3009 2160 τὸ
3040 2107 3253 2177 πνεῦμα
3281 2101 3614 2181 παρέδωκεν.

2725 2221 2904 2277 nam
2945 2223 3030 2299 Τῼ
3069 2223 3264 2298 ΑΥΤῼ.

2943 2310 3042 2368 ΙΔ“.

2413 2397 2676 2470 ’Ἂθλησις
2704 2402 2802 2455 τοῦ
2835 2399 2992 2475 ἁγίου
3018 2398 3290 2477 μάρτυρος
3314 2398 3576 2458 Ἰούστου.

2238 2515 2301 2571 Ὀ
2355 2518 2458 2569 τοῦ
2517 2516 2752 2589 Χριστοῦ
2813 2518 3018 2590 μάρτυς
3078 2518 3314 2580 Ἰουστος
3379 2519 3598 2592 ὑπῆρχε
3643 2517 3737 2590 μὶν
3774 2514 3838 2571 ἐκ

2167 2607 2266 2670 τῆς
2323 2601 2542 2670 πόλεως
2593 2606 2833 2682 Ῥώμης·
2895 2607 3243 2682 ἐστρατεύετο
3276 2607 3334 2664 δὲ
3362 2606 3414 2663 ἐν
3469 2611 3549 2680 τῷ
3591 2607 3835 2684 τάγματι

2165 2699 2276 2751 τῶν
2307 2696 2634 2771 Νουμέρων.
2668 2699 3044 2775 ’Υποστρέφων
3105 2697 3162 2755 δὲ
3218 2721 3350 2755 ποτε
3398 2698 3504 2754 ἀπὸ
3531 2703 3628 2754 τοῦ
3661 2695 3839 2754 πολὲ-

2173 2806 2300 2859 μου,
2361 2787 2462 2862 ὁρᾷ
2515 2789 2744 2860 σταυρὸν
2811 2786 3273 2862 κρυσταλλοειδῆ
3329 2789 3418 2844 καὶ
3451 2787 3512 2844 ὲκ
3538 2792 3636 2844 τοῦ
3667 2808 3838 2843 σταυ-

2169 2879 2268 2950 ροῦ
2325 2876 2507 2932 ἀκούει
2568 2879 2755 2955 φωνὴν
2816 2876 3138 2950 ἐξελθοῦσαν
3213 2878 3304 2935 καὶ
3366 2878 3620 2934 εἰποῦσαν
3681 2877 3834 2948 αὐτῷ

2169 2965 2491 3021 καταλιπεῖν
2524 2966 2590 3022 τὰ
2646 2964 2853 3024 εἶ’δωλα
2909 2967 3000 3024 καὶ
3052 2967 3335 3024 πίστεῦσαι
3371 2971 3610 3042 Χριστῷ.
3644 2973 3833 3025 Κατα-

2171 3053 2357 3114 λαϐὼν
2388 3059 2480 3113 οὗν
2510 3059 2609 3127 τήν
2642 3060 2892 3132 Ῥώμην,
2948 3061 3036 3115 καὶ
3099 3057 3489 3134 διασκορπίσας
3527 3061 3618 3114 τὸν
3652 3059 3835 3116 πλοῦ-

2169 3168 2262 3203 τον
2315 3148 2484 3203 αὐτοῦ
2538 3153 2656 3210 τοῖς
2714 3154 2991 3223 πτωχοῖς,
3047 3147 3297 3224 ἡσύχαζε
3351 3151 3472 3204 καθ’
3520 3150 3835 3222 ἑαυτὸν,τῇ

2175 3236 2252 3299 εἲς
2283 3238 2509 3312 Χριστὸν
2566 3235 3015 3313 ἐπαγαλλόμενος
3066 3238 3264 3294 πίστει.
3308 3239 3570 3300 Γνωσθεὶς
3602 3236 3658 3292 δὲ
3688 3237 3839 3312 παρὰ

2172 3331 2270 3382 τοῦ
2324 3321 2638 3400 τριϐούνου,
2699 3325 2970 3402 ἐκρατήθη
3032 3328 3158 3402 παρ’
3215 3327 3401 3386 αὐτοῦ.
3461 3326 3560 3382 Καὶ
3604 3329 3680 3400 μή
3713 3347 3840 3382 πει-

2171 3412 2315 3475 σθεὶς
2349 3414 2681 3485 ἀρνήσασθαι
2738 3413 2830 3469 τὸν
2889 3415 3148 3489 Χριστὸν,
3209 3413 3382 3477 δεθεὶς
3442 3413 3663 3470 ἄλύσεσι
3691 3435 3834 3488 παρ-

2169 3501 2420 3581 επέμφθη
2481 3503 2796 3578 Μαγνεντίῳ
2851 3508 2930 3576 τῷ
2983 3503 3236 3579 ἡγεμόνι.
3299 3504 3400 3561 Καὶ
3459 3503 3709 3578 ἐμμένων
3747 3503 3837 3560 ἐπὶ

2166 3591 2335 3649 πλέον
2358 3598 2426 3667 τῇ
2462 3594 2538 3658 είς
2590 3593 2831 3668 Χριστὸν
2883 3594 3084 3665 πίστει,
3117 3594 3319 3668 ἑτῦφθη
3380 3596 3584 3670 λώροις
3624 3594 3828 3668 ὠμοῖς·

2166 3683 2256 3737 καὶ
2323 3686 2826 3757 πεπυρακτωμένην
2897 3685 3325 3764 περικεφαλαίαν
3393 3685 3678 3761 περιετέοη
3757 3689 3830 3760 τῇ

2163 3771 2398 3850 κεφαλῇ.
2461 3773 2592 3829 Εἶτα
2650 3773 2736 3828 ἐπὶ
2795 3775 3031 3849 ἐσχάρας
3087 3775 3518 3848 ἡνθρακωμένης
3583 3774 3825 3848 ἡπλώθη

2165 3864 2396 3938 γυμνός·
2455 3865 2543 3918 καὶ
2598 3862 2760 3945 τέλος
2813 3864 2867 3921 ἐν
2921 3865 3137 3939 καμίνῳ
3193 3865 3364 3940 πυρὸς
3407 3865 3648 3939 μεγάλου
3679 3863 3829 3942 βλη-

2168 3951 2299 4023 θεὶς,
2330 3953 2392 4007 τὸ
2424 3952 2614 4008 ἑαυτοῦ
2645 3957 2859 4027 πνεῦμα
2889 3949 3172 4030 παρέδωκε
3199 3958 3280 4026 τῷ
3313 3958 3450 4026 Θεῷ.

2164 4095 2261 4150 Καὶ
2327 4096 2520 4169 μνήμη
2578 4099 2676 4152 τοῦ
2733 4095 2890 4227 ὁσίοό
2929 4097 3142 4186 Ηατρὸς
3200 4097 3363 4170 ἡμῶν
3393 4098 3819 4174 Θαυματουργοῦ

2894 4188 3154 4227 νησιμου.

2894 4188 3154 4242 νησιμου.

2235 4319 2533 4391 Ὀνήσιμος
2595 4321 2623 4376 ὁ
2684 4321 2832 4382 ὅσιος
2881 4320 3126 4398 ὑπῆρχεν
3179 4320 3239 4377 ἐκ
3289 4327 3390 4390 τῆς
3439 4320 3656 4384 πόλεως
3689 4327 3826 4376 Και-

2163 4410 2378 4484 σαρείας
2402 4417 2502 4479 τῆς
2538 4408 2903 4483 Παλαιστίνης
2961 4411 3048 4467 ἐπὶ
3103 4418 3204 4482 τῆς
3260 4409 3538 4487 βασιλείας
3584 4409 3827 4481 Διοκλη-

2159 4502 2367 4568 τιανοῦ,
2427 4499 2543 4564 υἱὸς
2599 4505 2804 4576 γονέων
2863 4495 3120 4570 εὐσεϐῶν,
3187 4501 3612 4576 βαπτισθέντων,
3672 4499 3747 4564 ὡς
3797 4499 3828 4555 ὁ

2161 4587 2350 4665 λόγος,
2438 4589 2540 4644 ὑπὸ
2617 4589 2764 4653 θείου
2844 4588 3103 4666 ἀγγέλου,
3181 4590 3270 4645 καὶ
3330 4589 3824 4666 εὐαγγελισθέντων

399 4685 578 4739 Natus
609 4689 806 4738 autem
841 4681 1245 4753 educatusque
1296 4680 1357 4734 in
1405 4677 1721 4751 disciplina
1758 4683 1816 4734 et
1845 4695 2051 4736 corre-

2170 4679 2249 4733 ul
2300 4680 2399 4748 τὴν
2463 4678 2740 4756 σύλληψιν
2798 4684 2897 4736 τοῦ
2956 4681 3076 4736 υἳοῦ
3134 4681 3335 4753 αὐτῶν,
3379 4680 3470 4737 καὶ
3526 4681 3588 4736 τὸ
3646 4679 3826 4756 ὄνομα

398 4773 601 4846 ptione
656 4772 913 4842 Domini,
975 4770 1049 4827 ad
1104 4786 1289 4825 unum
1343 4785 1414 4824 ex
1469 4768 1850 4824 monasteriis
1895 4767 2052 4840 apud

396 4862 696 4934 Ephesum
728 4862 960 4933 positis,
993 4861 1054 4915 in
1088 4877 1204 4931 quo
1243 4859 1566 4932 octingenti
1599 4860 1825 4915 Ascetae
1857 4875 2049 4915 mora-

397 4953 634 5021 bantur,
668 4949 989 5025 profectus,
1023 4949 1224 5021 ibique
1270 4947 1602 5004 monachus
1630 4947 1841 5017 factus,
1876 4965 2055 5021 supra

394 5043 672 5100 humanas
705 5046 934 5096 naturas
983 5039 1136 5094 vires
1193 5037 1474 5110 deinceps
1511 5042 1738 5093 certare
1769 5038 2047 5094 instituit.

392 5135 532 5206 Ejus
565 5149 741 5204 porro
779 5129 1033 5185 orbitate
1055 5128 1249 5184 Incesti
1272 5127 1868 5200 parentes,caasifacti
1892 5133 2049 5184 sunt.

390 5226 606 5280 Exorta
635 5220 874 5276 interim
909 5219 1322 5291 persecutione
1355 5217 1634 5274 adversus
1664 5218 2048 5282 Christianos,

391 5319 449 5368 et
479 5313 757 5368 omnibus
790 5310 1018 5366 Ascetis
1048 5309 1186 5381 fuga
1215 5307 1483 5380 dilapsis,
1527 5313 1837 5379 paternam
1871 5309 2048 5366 etiam

388 5405 516 5476 ipse
548 5401 813 5469 domum,
839 5407 1123 5471 tanquam
1146 5397 1514 5470 peregrinus,
1539 5398 1710 5466 petiit
1735 5414 1747 5453 :
1773 5404 1830 5453 et
1861 5399 2050 5454 visum

389 5493 632 5566 quidem
657 5491 1002 5565 parentibus
1030 5489 1253 5546 orando
1277 5487 1826 5560 restituit,seipsum
1849 5494 2047 5546 autem

387 5583 510 5638 illis
567 5581 1030 5654 haudquaquam
1084 5578 1519 5645 manifestavit;
1579 5579 1683 5634 sed
1741 5579 1870 5635 vitae
1928 5598 2049 5637 sum

389 5686 629 5725 cursum
661 5671 721 5725 in
753 5672 956 5726 charta
980 5668 1368 5741 descriptum,
1391 5673 1449 5722 et
1469 5667 1526 5723 in
1552 5669 1809 5739 quadam
1835 5670 2048 5725 domus

389 5757 650 5812 fenestra
671 5760 998 5831 repositum
1018 5759 1389 5834 relinquens,
1416 5760 1776 5835 Magnesiam
1798 5769 2043 5818 conten-

2161 4766 2553 4847 διδαχθέντων.
2609 4771 2760 4828 Μετᾶ
2820 4768 2878 4827 δὲ
2933 4772 2998 4827 τὸ
3053 4777 3379 4848 γεννηθῆναι
3436 4774 3527 4827 καί
3584 4771 3823 4845 ἀνατρα-

2161 4867 2351 4939 φῆναι,
2408 4858 2463 4916 ἒν
2522 4861 2741 4934 παιδείᾳ
2797 4861 2888 4918 καὶ
2942 4862 3192 4936 νουθεσίᾳ
3243 4862 3333 4932 ἡν-
3366 4861 3620 4920 ἀπελθὼν
3658 4861 3736 4926 είς
3767 4861 3822 4919 ἓν

2158 4954 2267 5005 τῶν
2317 4951 2454 5006 κατᾶ
2498 4951 2597 5020 τὴν
2660 4953 2896 5030 Ἔφεσον
2951 4951 3357 5029 μοναστηρίων,
3393 4953 3444 5008 ἐν
3473 4953 3519 5026 ᾧ
3552 4947 3821 5030 διέτριϐον

2163 5038 2485 5104 ὀκτακόσιος
2566 5041 2817 5113 ἀσκηταὶ,
2908 5038 3118 5118 ἐγένετο
3207 5043 3469 5118 μοναχός.
3557 5041 3658 5100 Καὶ
3755 5043 3824 5114 ἦν

2161 5130 2562 5205 ἀγωνιζόμενος
2626 5131 2759 5206 ὑπὲρ
2827 5129 2986 5188 φύσιν
3054 5132 3422 5204 ἀνθρωπίνην.
3492 5136 3824 5208 Θρηνοῦντες

2161 5217 2218 5275 δὲ
2274 5221 2374 5291 τὴν
2460 5219 2623 5276 αὐτοῦ
2712 5222 2966 5296 στέρησιν
3039 5222 3091 5276 οἱ
3160 5226 3339 5299 γονεῖς
3405 5221 3818 5297 ἐτυφλώθησαν.

2159 5309 2265 5367 Καὶ
2327 5307 2580 5384 δ.ωγμοῦ
2673 5310 2991 5382 κινηθέντος
3083 5310 3220 5366 κατά
3282 5311 3389 5368 τῶν
3457 5316 3819 5389 Χριστιανῶν,

2158 5398 2248 5455 καὶ
2331 5404 2439 5456 τῶν
2528 5400 2778 5472 ἀσκητῶν
2856 5400 3070 5457 πάντων
3126 5403 3432 5480 ιευγόντων,
3493 5402 3820 5480 παρεγένετο

2157 5489 2248 5544 καὶ
2281 5487 2442 5552 αὐτὸς
2502 5491 2578 5553 εἷς
2633 5491 2726 5546 τὸν
2786 5491 2932 5547 οἶκον
2991 5491 3160 5547 αὐτοῦ
3219 5491 3294 5554 ὡς
3352 5491 3522 5563 ξένος.
3571 5493 3669 5549 Καὶ
3698 5493 3827 5558 τοὺς

2163 5579 2257 5652 μὶν
2313 5584 2492 5656 γονεῖς
2553 5578 2776 5650 ἐποίησε
2833 5579 2903 5635 δι’
2961 5579 3132 5657 εὐχῆς
3186 5576 3508 5657 ἀναϐλέψαι·
3551 5583 3738 5640 ἑαυτὸν
3769 5580 3827 5640 δὶ

2159 5667 2257 5724 οὐκ
2305 5668 2650 5744 ἀπεκάλυψεν
2708 5670 2916 5734 αὐτοῖς·
2974 5669 3121 5728 ἀλλὰ
3171 5672 3379 5747 γράψας
3438 5673 3489 5728 ἐν
3537 5673 3817 5752 χάρτῃητά

2155 5760 2274 5816 κατ’
2304 5758 2487 5833 αὐτὸν,
2543 5761 2633 5817 καὶ
2691 5761 2803 5825 θεὶς
2862 5761 2914 5818 ἐν
2957 5761 3236 5837 ’μιᾷτῶν
3279 5747 3814 5839 θυρίδωνίάπὴλθεν
