  <div class='ocr_page' id='page_1' title='image "/cluster/home/n/w/nwhite01/storage/ocr_20150623/117/coo.31924054870211/280.png"; bbox 0 0 4108 6454; ppageno 0'>
   <div class='ocr_carea' id='block_1_1' title="bbox 359 398 490 456">
    <p class='ocr_par' dir='ltr' id='par_1_1' title="bbox 359 398 490 456">
     <span class='ocr_line' id='line_1_1' title="bbox 359 398 490 456; baseline 0.008 -1"><span class='ocrx_word' id='word_1_1' title='bbox 359 398 490 456; x_wconf 74' lang='grc'>541</span> 
     </span>
    </p>
   </div>
   <div class='ocr_carea' id='block_1_2' title="bbox 1933 393 2230 457">
    <p class='ocr_par' dir='ltr' id='par_1_2' title="bbox 1933 393 2230 457">
     <span class='ocr_line' id='line_1_2' title="bbox 1933 393 2230 457; baseline -0.007 -2"><span class='ocrx_word' id='word_1_2' title='bbox 1933 393 2230 457; x_wconf 86' lang='lat' dir='ltr'>JULIUS.</span> 
     </span>
    </p>
   </div>
   <div class='ocr_carea' id='block_1_3' title="bbox 3683 397 3803 461">
    <p class='ocr_par' dir='ltr' id='par_1_3' title="bbox 3683 397 3803 461">
     <span class='ocr_line' id='line_1_3' title="bbox 3683 397 3803 461; baseline 0.025 -3"><span class='ocrx_word' id='word_1_3' title='bbox 3683 397 3803 461; x_wconf 65' lang='grc' dir='ltr'>5ιέ</span> 
     </span>
    </p>
   </div>
   <div class='ocr_carea' id='block_1_4' title="bbox 359 527 2034 606">
    <p class='ocr_par' dir='ltr' id='par_1_4' title="bbox 359 527 2026 606">
     <span class='ocr_line' id='line_1_4' title="bbox 359 527 2026 606; baseline -0.001 -22"><span class='ocrx_word' id='word_1_4' title='bbox 359 528 446 591; x_wconf 79' lang='grc' dir='ltr'>είς</span> <span class='ocrx_word' id='word_1_5' title='bbox 479 527 824 606; x_wconf 75' lang='grc' dir='ltr'>Μαγνησίαν,</span> <span class='ocrx_word' id='word_1_6' title='bbox 857 530 1021 596; x_wconf 82' lang='grc' dir='ltr'>Ἔνθα</span> <span class='ocrx_word' id='word_1_7' title='bbox 1069 528 1256 587; x_wconf 84' lang='grc' dir='ltr'>πολλά</span> <span class='ocrx_word' id='word_1_8' title='bbox 1296 530 1548 604; x_wconf 88' lang='grc' dir='ltr'>θαύματα</span> <span class='ocrx_word' id='word_1_9' title='bbox 1601 530 1856 603; x_wconf 86' lang='grc' dir='ltr'>ποιήσας,</span> <span class='ocrx_word' id='word_1_10' title='bbox 1888 528 2026 604; x_wconf 85' lang='grc' dir='ltr'>πρὸς</span> 
     </span>
    </p>
   </div>
   <div class='ocr_carea' id='block_1_5' title="bbox 2149 527 3802 606">
    <p class='ocr_par' dir='ltr' id='par_1_5' title="bbox 2149 528 3802 604">
     <span class='ocr_line' id='line_1_5' title="bbox 2149 528 3802 604; baseline 0.002 -18"><span class='ocrx_word' id='word_1_11' title='bbox 2149 528 2268 599; x_wconf 86' lang='lat' dir='ltr'>dit;</span> <span class='ocrx_word' id='word_1_12' title='bbox 2301 528 2402 586; x_wconf 93' lang='lat' dir='ltr'>ubi</span> <span class='ocrx_word' id='word_1_13' title='bbox 2435 529 2640 586; x_wconf 89' lang='lat' dir='ltr'>multis</span> <span class='ocrx_word' id='word_1_14' title='bbox 2671 531 2919 604; x_wconf 78' lang='lat' dir='ltr'>patratis</span> <span class='ocrx_word' id='word_1_15' title='bbox 2970 532 3299 602; x_wconf 84' lang='lat' dir='ltr'>miraculis,</span> <span class='ocrx_word' id='word_1_16' title='bbox 3351 534 3427 590; x_wconf 87' lang='lat' dir='ltr'>ad</span> <span class='ocrx_word' id='word_1_17' title='bbox 3472 535 3658 590; x_wconf 89' lang='lat' dir='ltr'>Deum</span> <span class='ocrx_word' id='word_1_18' title='bbox 3690 535 3802 590; x_wconf 88' lang='lat' dir='ltr'>mi-</span> 
     </span>
    </p>
   </div>
   <div class='ocr_carea' id='block_1_6' title="bbox 362 617 901 694">
    <p class='ocr_par' dir='ltr' id='par_1_6' title="bbox 362 617 901 694">
     <span class='ocr_line' id='line_1_6' title="bbox 362 617 901 694; baseline 0.004 -19"><span class='ocrx_word' id='word_1_19' title='bbox 362 619 506 675; x_wconf 82' lang='grc' dir='ltr'>Θεὸν</span> <span class='ocrx_word' id='word_1_20' title='bbox 541 617 690 694; x_wconf 83' lang='grc' dir='ltr'>ἐξεδή</span> <span class='ocrx_word' id='word_1_21' title='bbox 700 640 901 693; x_wconf 84' lang='grc' dir='ltr'>μησεν.</span> 
     </span>
    </p>
   </div>
   <div class='ocr_carea' id='block_1_7' title="bbox 372 788 2034 922">
    <p class='ocr_par' dir='ltr' id='par_1_7' title="bbox 372 788 2034 922">
     <span class='ocr_line' id='line_1_7' title="bbox 372 788 2034 922; baseline -0.004 -73"><span class='ocrx_word' id='word_1_22' title='bbox 372 792 486 849; x_wconf 76' lang='grc' dir='ltr'>Καὶ</span> <span class='ocrx_word' id='word_1_23' title='bbox 525 792 720 866; x_wconf 90' lang='grc' dir='ltr'>μνήμη</span> <span class='ocrx_word' id='word_1_24' title='bbox 751 795 849 848; x_wconf 89' lang='grc' dir='ltr'>τοῦ</span> <span class='ocrx_word' id='word_1_25' title='bbox 882 790 1034 847; x_wconf 83' lang='grc' dir='ltr'>όσίου</span> <span class='ocrx_word' id='word_1_26' title='bbox 1081 791 1294 922; x_wconf 44' lang='lat' dir='ltr'>illatis:</span> <span class='ocrx_word' id='word_1_27' title='bbox 1335 793 1497 866; x_wconf 79' lang='grc' dir='ltr'>ἡμῶν</span> <span class='ocrx_word' id='word_1_28' title='bbox 1529 791 1619 847; x_wconf 82' lang='grc' dir='ltr'>καὶ</span> <span class='ocrx_word' id='word_1_29' title='bbox 1674 788 2034 867; x_wconf 88' lang='grc' dir='ltr'>ὁμολογητοῦ</span> 
     </span>
     <span class='ocr_line' id='line_1_8' title="bbox 1147 885 1329 922; baseline 0.011 -3"><span class='ocrx_word' id='word_1_30' title='bbox 1147 885 1191 918; x_wconf 90' lang='grc' dir='ltr'>ω</span> <span class='ocrx_word' id='word_1_31' title='bbox 1251 886 1329 922; x_wconf 74' lang='grc' dir='ltr'>,φ-</span> 
     </span>
    </p>
   </div>
   <div class='ocr_carea' id='block_1_8' title="bbox 1147 885 1329 942">
    <p class='ocr_par' dir='ltr' id='par_1_8' title="bbox 1147 885 1329 942">
     <span class='ocr_line' id='line_1_9' title="bbox 1147 885 1329 942; baseline 0.005 -24"><span class='ocrx_word' id='word_1_32' title='bbox 1147 885 1329 942; x_wconf 75' lang='grc' dir='ltr'>ωσηφ.</span> 
     </span>
    </p>
   </div>
   <div class='ocr_carea' id='block_1_9' title="bbox 449 997 2034 1078">
    <p class='ocr_par' dir='ltr' id='par_1_9' title="bbox 449 997 2034 1078">
     <span class='ocr_line' id='line_1_10' title="bbox 449 997 2034 1078; baseline -0.004 -20"><span class='ocrx_word' id='word_1_33' title='bbox 449 1001 657 1078; x_wconf 73' lang='grc' dir='ltr'>Ἰωσὴφ</span> <span class='ocrx_word' id='word_1_34' title='bbox 703 1001 731 1056; x_wconf 91' lang='lat'>6</span> <span class='ocrx_word' id='word_1_35' title='bbox 789 999 843 1056; x_wconf 86' lang='grc' dir='ltr'>ἐν</span> <span class='ocrx_word' id='word_1_36' title='bbox 902 997 1081 1075; x_wconf 82' lang='grc' dir='ltr'>ἁγίοις</span> <span class='ocrx_word' id='word_1_37' title='bbox 1142 1001 1332 1074; x_wconf 78' lang='grc' dir='ltr'>Πατὴρ</span> <span class='ocrx_word' id='word_1_38' title='bbox 1389 1001 1553 1072; x_wconf 80' lang='grc' dir='ltr'>ἡμῶν</span> <span class='ocrx_word' id='word_1_39' title='bbox 1639 1000 1890 1076; x_wconf 77' lang='grc' dir='ltr'>ὑπῆρχεν</span> <span class='ocrx_word' id='word_1_40' title='bbox 1943 997 2034 1052; x_wconf 87' lang='grc' dir='ltr'>ἐπὶ</span> 
     </span>
    </p>
   </div>
   <div class='ocr_carea' id='block_1_10' title="bbox 365 1082 2030 1169">
    <p class='ocr_par' dir='ltr' id='par_1_10' title="bbox 365 1082 2030 1169">
     <span class='ocr_line' id='line_1_11' title="bbox 365 1082 2030 1169; baseline -0.004 -20"><span class='ocrx_word' id='word_1_41' title='bbox 365 1100 476 1163; x_wconf 79' lang='grc' dir='ltr'>τῆς</span> <span class='ocrx_word' id='word_1_42' title='bbox 515 1091 799 1169; x_wconf 79' lang='grc' dir='ltr'>βασιλείας</span> <span class='ocrx_word' id='word_1_43' title='bbox 828 1091 1099 1169; x_wconf 72' lang='grc' dir='ltr'>ΘεοφίΛου</span> <span class='ocrx_word' id='word_1_44' title='bbox 1139 1095 1237 1146; x_wconf 88' lang='grc' dir='ltr'>τοῦ</span> <span class='ocrx_word' id='word_1_45' title='bbox 1294 1082 1714 1164; x_wconf 58' lang='grc' dir='ltr'>Εἶκονομάχου,</span> <span class='ocrx_word' id='word_1_46' title='bbox 1760 1090 1876 1152; x_wconf 73' lang='grc' dir='ltr'>υἱὸς</span> <span class='ocrx_word' id='word_1_47' title='bbox 1935 1089 2030 1162; x_wconf 70' lang='grc' dir='ltr'>μὲν</span> 
     </span>
    </p>
   </div>
   <div class='ocr_carea' id='block_1_11' title="bbox 375 1175 2033 1257">
    <p class='ocr_par' dir='ltr' id='par_1_11' title="bbox 375 1175 2033 1257">
     <span class='ocr_line' id='line_1_12' title="bbox 375 1175 2033 1257; baseline -0.003 -20"><span class='ocrx_word' id='word_1_48' title='bbox 375 1184 664 1237; x_wconf 82' lang='grc' dir='ltr'>Φωτεινοῦ</span> <span class='ocrx_word' id='word_1_49' title='bbox 728 1181 820 1236; x_wconf 85' lang='grc' dir='ltr'>καὶ</span> <span class='ocrx_word' id='word_1_50' title='bbox 906 1179 1256 1251; x_wconf 85' lang='grc' dir='ltr'>Θεοκτίστης,</span> <span class='ocrx_word' id='word_1_51' title='bbox 1317 1177 1552 1257; x_wconf 78' lang='grc' dir='ltr'>ἀδελφὸς</span> <span class='ocrx_word' id='word_1_52' title='bbox 1631 1177 1689 1234; x_wconf 75' lang='grc' dir='ltr'>δὲ</span> <span class='ocrx_word' id='word_1_53' title='bbox 1747 1175 2033 1254; x_wconf 75' lang='grc' dir='ltr'>Θεοδώρου</span> 
     </span>
    </p>
   </div>
   <div class='ocr_carea' id='block_1_12' title="bbox 370 1265 2034 1347">
    <p class='ocr_par' dir='ltr' id='par_1_12' title="bbox 370 1265 2034 1347">
     <span class='ocr_line' id='line_1_13' title="bbox 370 1265 2034 1347; baseline -0.003 -20"><span class='ocrx_word' id='word_1_54' title='bbox 370 1269 694 1347; x_wconf 81' lang='grc' dir='ltr'>ἡγουμένου</span> <span class='ocrx_word' id='word_1_55' title='bbox 723 1274 834 1326; x_wconf 82' lang='grc' dir='ltr'>τῶν</span> <span class='ocrx_word' id='word_1_56' title='bbox 870 1267 1157 1325; x_wconf 81' lang='grc' dir='ltr'>Στουδίου’</span> <span class='ocrx_word' id='word_1_57' title='bbox 1191 1269 1250 1332; x_wconf 75' lang='grc' dir='ltr'>ὅς</span> <span class='ocrx_word' id='word_1_58' title='bbox 1299 1265 1388 1324; x_wconf 79' lang='grc' dir='ltr'>διὰ</span> <span class='ocrx_word' id='word_1_59' title='bbox 1421 1271 1523 1338; x_wconf 79' lang='grc' dir='ltr'>τήν</span> <span class='ocrx_word' id='word_1_60' title='bbox 1585 1267 1836 1343; x_wconf 84' lang='grc' dir='ltr'>ἐνάρετον</span> <span class='ocrx_word' id='word_1_61' title='bbox 1870 1267 2034 1323; x_wconf 85' lang='grc' dir='ltr'>αὑτοῦ</span> 
     </span>
    </p>
   </div>
   <div class='ocr_carea' id='block_1_13' title="bbox 375 1357 2036 1435">
    <p class='ocr_par' dir='ltr' id='par_1_13' title="bbox 375 1357 2036 1435">
     <span class='ocr_line' id='line_1_14' title="bbox 375 1357 2036 1435; baseline -0.003 -18"><span class='ocrx_word' id='word_1_62' title='bbox 375 1359 668 1417; x_wconf 82' lang='grc' dir='ltr'>πολιτείαν</span> <span class='ocrx_word' id='word_1_63' title='bbox 703 1363 875 1435; x_wconf 75' lang='grc' dir='ltr'>ψήφῳ</span> <span class='ocrx_word' id='word_1_64' title='bbox 895 1363 1055 1435; x_wconf 81' lang='grc' dir='ltr'>κοινῇ</span> <span class='ocrx_word' id='word_1_65' title='bbox 1106 1359 1504 1435; x_wconf 82' lang='grc' dir='ltr'>χειροτονεῖται</span> <span class='ocrx_word' id='word_1_66' title='bbox 1552 1357 1848 1420; x_wconf 84' lang='grc' dir='ltr'>ἐπίσκοπος</span> <span class='ocrx_word' id='word_1_67' title='bbox 1902 1365 2036 1413; x_wconf 83' lang='grc' dir='ltr'>Θεσ-</span> 
     </span>
    </p>
   </div>
   <div class='ocr_carea' id='block_1_14' title="bbox 375 1445 2031 1526">
    <p class='ocr_par' dir='ltr' id='par_1_14' title="bbox 375 1445 2031 1526">
     <span class='ocr_line' id='line_1_15' title="bbox 375 1445 2031 1526; baseline -0.003 -19"><span class='ocrx_word' id='word_1_68' title='bbox 375 1451 699 1520; x_wconf 80' lang='grc' dir='ltr'>σαλονίκης·</span> <span class='ocrx_word' id='word_1_69' title='bbox 735 1448 860 1506; x_wconf 82' lang='grc' dir='ltr'>ἔνθα</span> <span class='ocrx_word' id='word_1_70' title='bbox 919 1450 1119 1526; x_wconf 87' lang='grc' dir='ltr'>χρόνον</span> <span class='ocrx_word' id='word_1_71' title='bbox 1177 1447 1369 1524; x_wconf 82' lang='grc' dir='ltr'>ὀλίγον</span> <span class='ocrx_word' id='word_1_72' title='bbox 1425 1445 1732 1522; x_wconf 80' lang='grc' dir='ltr'>διατρίψας,</span> <span class='ocrx_word' id='word_1_73' title='bbox 1788 1447 1877 1503; x_wconf 87' lang='grc' dir='ltr'>καὶ</span> <span class='ocrx_word' id='word_1_74' title='bbox 1932 1449 2031 1518; x_wconf 78' lang='grc' dir='ltr'>τὴν</span> 
     </span>
    </p>
   </div>
   <div class='ocr_carea' id='block_1_15' title="bbox 379 1534 2029 1618">
    <p class='ocr_par' dir='ltr' id='par_1_15' title="bbox 379 1534 2029 1618">
     <span class='ocr_line' id='line_1_16' title="bbox 379 1534 2029 1618; baseline -0.003 -20"><span class='ocrx_word' id='word_1_75' title='bbox 379 1538 676 1618; x_wconf 80' lang='grc' dir='ltr'>ὁρθόδοξον</span> <span class='ocrx_word' id='word_1_76' title='bbox 738 1538 919 1595; x_wconf 88' lang='grc' dir='ltr'>πίστιν</span> <span class='ocrx_word' id='word_1_77' title='bbox 969 1536 1209 1612; x_wconf 79' lang='grc' dir='ltr'>διδάξας,</span> <span class='ocrx_word' id='word_1_78' title='bbox 1287 1539 1424 1614; x_wconf 87' lang='grc' dir='ltr'>πρὸς</span> <span class='ocrx_word' id='word_1_79' title='bbox 1479 1539 1576 1608; x_wconf 78' lang='grc' dir='ltr'>τήν</span> <span class='ocrx_word' id='word_1_80' title='bbox 1641 1534 2029 1613; x_wconf 76' lang='grc' dir='ltr'>βασιλεύουσαν</span> 
     </span>
    </p>
   </div>
   <div class='ocr_carea' id='block_1_16' title="bbox 379 1625 2035 1705">
    <p class='ocr_par' dir='ltr' id='par_1_16' title="bbox 379 1625 2035 1705">
     <span class='ocr_line' id='line_1_17' title="bbox 379 1625 2035 1705; baseline -0.003 -18"><span class='ocrx_word' id='word_1_81' title='bbox 379 1632 686 1705; x_wconf 72' lang='grc' dir='ltr'>ὑπέστρεψε</span> <span class='ocrx_word' id='word_1_82' title='bbox 715 1628 881 1686; x_wconf 87' lang='grc' dir='ltr'>πόλιν</span> <span class='ocrx_word' id='word_1_83' title='bbox 923 1625 1166 1684; x_wconf 78' lang='grc' dir='ltr'>κελεύσει</span> <span class='ocrx_word' id='word_1_84' title='bbox 1231 1627 1513 1704; x_wconf 76' lang='grc' dir='ltr'>βασιλικῇ.</span> <span class='ocrx_word' id='word_1_85' title='bbox 1575 1626 1672 1682; x_wconf 79' lang='grc' dir='ltr'>Καὶ</span> <span class='ocrx_word' id='word_1_86' title='bbox 1727 1629 2035 1702; x_wconf 77' lang='grc' dir='ltr'>παραστάν-</span> 
     </span>
    </p>
   </div>
   <div class='ocr_carea' id='block_1_17' title="bbox 371 1716 2033 1796">
    <p class='ocr_par' dir='ltr' id='par_1_17' title="bbox 371 1716 2033 1796">
     <span class='ocr_line' id='line_1_18' title="bbox 371 1716 2033 1796; baseline -0.004 -18"><span class='ocrx_word' id='word_1_87' title='bbox 371 1743 468 1786; x_wconf 87' lang='grc' dir='ltr'>τες</span> <span class='ocrx_word' id='word_1_88' title='bbox 500 1721 661 1776; x_wconf 81' lang='grc' dir='ltr'>αύτός</span> <span class='ocrx_word' id='word_1_89' title='bbox 693 1741 752 1775; x_wconf 92' lang='grc' dir='ltr'>τε</span> <span class='ocrx_word' id='word_1_90' title='bbox 808 1719 897 1774; x_wconf 88' lang='grc' dir='ltr'>καὶ</span> <span class='ocrx_word' id='word_1_91' title='bbox 959 1720 988 1773; x_wconf 97' lang='lat'>6</span> <span class='ocrx_word' id='word_1_92' title='bbox 1027 1716 1264 1796; x_wconf 72' lang='grc' dir='ltr'>ἀδελφὸς</span> <span class='ocrx_word' id='word_1_93' title='bbox 1323 1717 1489 1773; x_wconf 82' lang='grc' dir='ltr'>αὑτοῦ</span> <span class='ocrx_word' id='word_1_94' title='bbox 1541 1722 1621 1791; x_wconf 79' lang='grc' dir='ltr'>τῷ</span> <span class='ocrx_word' id='word_1_95' title='bbox 1682 1717 2033 1792; x_wconf 81' lang='grc' dir='ltr'>εἶκονομάχῳ</span> 
     </span>
    </p>
   </div>
   <div class='ocr_carea' id='block_1_18' title="bbox 380 1809 2031 1889">
    <p class='ocr_par' dir='ltr' id='par_1_18' title="bbox 380 1809 2031 1889">
     <span class='ocr_line' id='line_1_19' title="bbox 380 1809 2031 1889; baseline -0.004 -21"><span class='ocrx_word' id='word_1_96' title='bbox 380 1811 622 1889; x_wconf 81' lang='grc' dir='ltr'>βασιλεῖ,</span> <span class='ocrx_word' id='word_1_97' title='bbox 683 1811 1058 1886; x_wconf 76' lang='grc' dir='ltr'>ἠναγκάζοντο</span> <span class='ocrx_word' id='word_1_98' title='bbox 1113 1809 1450 1882; x_wconf 79' lang='grc' dir='ltr'>ἀρνήσασθαι</span> <span class='ocrx_word' id='word_1_99' title='bbox 1504 1809 1605 1877; x_wconf 77' lang='grc' dir='ltr'>τήν</span> <span class='ocrx_word' id='word_1_100' title='bbox 1664 1809 2031 1886; x_wconf 76' lang='grc' dir='ltr'>προσκύνησιν</span> 
     </span>
    </p>
   </div>
   <div class='ocr_carea' id='block_1_19' title="bbox 2142 621 2351 694">
    <p class='ocr_par' dir='ltr' id='par_1_19' title="bbox 2142 621 2351 694">
     <span class='ocr_line' id='line_1_20' title="bbox 2142 621 2351 694; baseline 0 -18"><span class='ocrx_word' id='word_1_101' title='bbox 2142 621 2351 694; x_wconf 81' lang='lat' dir='ltr'>gravit.</span> 
     </span>
    </p>
   </div>
   <div class='ocr_carea' id='block_1_20' title="bbox 2144 783 3805 924">
    <p class='ocr_par' dir='ltr' id='par_1_20' title="bbox 2144 783 3805 924">
     <span class='ocr_line' id='line_1_21' title="bbox 2144 783 3805 924; baseline 0.003 -87"><span class='ocrx_word' id='word_1_102' title='bbox 2144 783 2292 838; x_wconf 75' lang='grc'>167</span> <span class='ocrx_word' id='word_1_103' title='bbox 2326 784 2398 838; x_wconf 87' lang='lat' dir='ltr'>Et</span> <span class='ocrx_word' id='word_1_104' title='bbox 2427 785 2871 838; x_wconf 84' lang='lat' dir='ltr'>commemoratio</span> <span class='ocrx_word' id='word_1_105' title='bbox 2899 787 3100 924; x_wconf 62' lang='lat' dir='ltr'>fsancti</span> <span class='ocrx_word' id='word_1_106' title='bbox 3155 786 3343 840; x_wconf 82' lang='lat' dir='ltr'>Patris</span> <span class='ocrx_word' id='word_1_107' title='bbox 3387 787 3562 840; x_wconf 78' lang='lat' dir='ltr'>nostri</span> <span class='ocrx_word' id='word_1_108' title='bbox 3604 787 3805 859; x_wconf 74' lang='lat' dir='ltr'>Ioseph</span> 
     </span>
     <span class='ocr_line' id='line_1_22' title="bbox 2797 871 3140 912; baseline 0.006 -3"><span class='ocrx_word' id='word_1_109' title='bbox 2797 871 2896 910; x_wconf 89' lang='lat' dir='ltr'>con</span> <span class='ocrx_word' id='word_1_110' title='bbox 2929 872 3140 912; x_wconf 80' lang='lat' dir='ltr'>essorzs.</span> 
     </span>
    </p>
   </div>
   <div class='ocr_carea' id='block_1_21' title="bbox 2797 871 3140 912">
    <p class='ocr_par' dir='ltr' id='par_1_21' title="bbox 2797 871 3140 912">
     <span class='ocr_line' id='line_1_23' title="bbox 2797 871 3140 912; baseline 0.006 -2"><span class='ocrx_word' id='word_1_111' title='bbox 2797 871 3140 912; x_wconf 71' lang='lat' dir='ltr'>confessoris.</span> 
     </span>
    </p>
   </div>
   <div class='ocr_carea' id='block_1_22' title="bbox 2214 1000 3809 1074">
    <p class='ocr_par' dir='ltr' id='par_1_22' title="bbox 2214 1000 3809 1074">
     <span class='ocr_line' id='line_1_24' title="bbox 2214 1000 3809 1074; baseline 0.003 -20"><span class='ocrx_word' id='word_1_112' title='bbox 2214 1000 2462 1054; x_wconf 87' lang='lat' dir='ltr'>Sanctus</span> <span class='ocrx_word' id='word_1_113' title='bbox 2487 1001 2663 1055; x_wconf 89' lang='lat' dir='ltr'>Pater</span> <span class='ocrx_word' id='word_1_114' title='bbox 2690 1004 2897 1055; x_wconf 88' lang='lat' dir='ltr'>noster</span> <span class='ocrx_word' id='word_1_115' title='bbox 2922 1000 3159 1073; x_wconf 73' lang='lat' dir='ltr'>Ioseph,</span> <span class='ocrx_word' id='word_1_116' title='bbox 3193 1001 3518 1073; x_wconf 89' lang='lat' dir='ltr'>Theophilo</span> <span class='ocrx_word' id='word_1_117' title='bbox 3551 1001 3809 1074; x_wconf 87' lang='lat' dir='ltr'>impera-</span> 
     </span>
    </p>
   </div>
   <div class='ocr_carea' id='block_1_23' title="bbox 2141 1089 3808 1162">
    <p class='ocr_par' dir='ltr' id='par_1_23' title="bbox 2141 1089 3808 1162">
     <span class='ocr_line' id='line_1_25' title="bbox 2141 1089 3808 1162; baseline 0.002 -18"><span class='ocrx_word' id='word_1_118' title='bbox 2141 1094 2268 1144; x_wconf 82' lang='lat' dir='ltr'>tore</span> <span class='ocrx_word' id='word_1_119' title='bbox 2307 1089 2717 1157; x_wconf 89' lang='lat' dir='ltr'>iconomacho,</span> <span class='ocrx_word' id='word_1_120' title='bbox 2777 1090 3030 1145; x_wconf 81' lang='lat' dir='ltr'>claruit:</span> <span class='ocrx_word' id='word_1_121' title='bbox 3087 1096 3146 1145; x_wconf 92' lang='lat' dir='ltr'>et</span> <span class='ocrx_word' id='word_1_122' title='bbox 3201 1091 3358 1145; x_wconf 86' lang='lat' dir='ltr'>ﬁlius</span> <span class='ocrx_word' id='word_1_123' title='bbox 3417 1091 3660 1162; x_wconf 89' lang='lat' dir='ltr'>quidem</span> <span class='ocrx_word' id='word_1_124' title='bbox 3692 1091 3808 1148; x_wconf 88' lang='lat' dir='ltr'>fuit</span> 
     </span>
    </p>
   </div>
   <div class='ocr_carea' id='block_1_24' title="bbox 2140 1179 3802 1246">
    <p class='ocr_par' dir='ltr' id='par_1_24' title="bbox 2140 1179 3802 1246">
     <span class='ocr_line' id='line_1_26' title="bbox 2140 1179 3802 1246; baseline 0.002 -12"><span class='ocrx_word' id='word_1_125' title='bbox 2140 1179 2378 1234; x_wconf 89' lang='lat' dir='ltr'>Photini</span> <span class='ocrx_word' id='word_1_126' title='bbox 2438 1196 2507 1235; x_wconf 88' lang='lat' dir='ltr'>ac</span> <span class='ocrx_word' id='word_1_127' title='bbox 2562 1179 2951 1246; x_wconf 84' lang='lat' dir='ltr'>Theoctistes,</span> <span class='ocrx_word' id='word_1_128' title='bbox 3011 1179 3195 1236; x_wconf 82' lang='lat' dir='ltr'>frater</span> <span class='ocrx_word' id='word_1_129' title='bbox 3253 1187 3452 1236; x_wconf 90' lang='lat' dir='ltr'>autem</span> <span class='ocrx_word' id='word_1_130' title='bbox 3510 1180 3802 1237; x_wconf 91' lang='lat' dir='ltr'>Theodori</span> 
     </span>
    </p>
   </div>
   <div class='ocr_carea' id='block_1_25' title="bbox 2141 1270 3804 1344">
    <p class='ocr_par' dir='ltr' id='par_1_25' title="bbox 2141 1270 3804 1344">
     <span class='ocr_line' id='line_1_27' title="bbox 2141 1270 3804 1344; baseline 0.001 -19"><span class='ocrx_word' id='word_1_131' title='bbox 2141 1271 2328 1326; x_wconf 88' lang='lat' dir='ltr'>Studii</span> <span class='ocrx_word' id='word_1_132' title='bbox 2347 1270 2633 1343; x_wconf 82' lang='lat' dir='ltr'>praefecti,</span> <span class='ocrx_word' id='word_1_133' title='bbox 2655 1271 2756 1343; x_wconf 89' lang='lat' dir='ltr'>qui</span> <span class='ocrx_word' id='word_1_134' title='bbox 2779 1272 2852 1326; x_wconf 92' lang='lat' dir='ltr'>ob</span> <span class='ocrx_word' id='word_1_135' title='bbox 2870 1272 3166 1344; x_wconf 83' lang='lat' dir='ltr'>insignem</span> <span class='ocrx_word' id='word_1_136' title='bbox 3189 1287 3423 1327; x_wconf 75' lang='lat' dir='ltr'>morum</span> <span class='ocrx_word' id='word_1_137' title='bbox 3447 1272 3804 1344; x_wconf 83' lang='lat' dir='ltr'>probitatem</span> 
     </span>
    </p>
   </div>
   <div class='ocr_carea' id='block_1_26' title="bbox 2141 1363 3803 1435">
    <p class='ocr_par' dir='ltr' id='par_1_26' title="bbox 2141 1363 3803 1435">
     <span class='ocr_line' id='line_1_28' title="bbox 2141 1363 3803 1435; baseline 0 -17"><span class='ocrx_word' id='word_1_138' title='bbox 2141 1363 2444 1418; x_wconf 86' lang='lat' dir='ltr'>communi</span> <span class='ocrx_word' id='word_1_139' title='bbox 2472 1363 2750 1434; x_wconf 80' lang='lat' dir='ltr'>suffragio</span> <span class='ocrx_word' id='word_1_140' title='bbox 2775 1363 3089 1435; x_wconf 92' lang='lat' dir='ltr'>episcopus</span> <span class='ocrx_word' id='word_1_141' title='bbox 3109 1363 3545 1418; x_wconf 62' lang='lat' dir='ltr'>Thessalonica</span> <span class='ocrx_word' id='word_1_142' title='bbox 3568 1368 3803 1418; x_wconf 88' lang='lat' dir='ltr'>creatus</span> 
     </span>
    </p>
   </div>
   <div class='ocr_carea' id='block_1_27' title="bbox 2139 1451 3808 1509">
    <p class='ocr_par' dir='ltr' id='par_1_27' title="bbox 2139 1451 3808 1509">
     <span class='ocr_line' id='line_1_29' title="bbox 2139 1451 3808 1509; baseline 0.001 -3"><span class='ocrx_word' id='word_1_143' title='bbox 2139 1451 2488 1509; x_wconf 84' lang='lat' dir='ltr'>fuit.Paucis</span> <span class='ocrx_word' id='word_1_144' title='bbox 2509 1457 2708 1508; x_wconf 88' lang='lat' dir='ltr'>autem</span> <span class='ocrx_word' id='word_1_145' title='bbox 2731 1453 2906 1508; x_wconf 87' lang='lat' dir='ltr'>annis</span> <span class='ocrx_word' id='word_1_146' title='bbox 2926 1452 3243 1508; x_wconf 81' lang='lat' dir='ltr'>transactis</span> <span class='ocrx_word' id='word_1_147' title='bbox 3262 1469 3398 1508; x_wconf 89' lang='lat' dir='ltr'>cum</span> <span class='ocrx_word' id='word_1_148' title='bbox 3416 1453 3808 1508; x_wconf 82' lang='lat' dir='ltr'>orthodoxam</span> 
     </span>
    </p>
   </div>
   <div class='ocr_carea' id='block_1_28' title="bbox 2141 1541 3809 1615">
    <p class='ocr_par' dir='ltr' id='par_1_28' title="bbox 2141 1541 3809 1615">
     <span class='ocr_line' id='line_1_30' title="bbox 2141 1541 3809 1615; baseline 0.001 -19"><span class='ocrx_word' id='word_1_149' title='bbox 2141 1541 2320 1597; x_wconf 84' lang='lat' dir='ltr'>ﬁdem</span> <span class='ocrx_word' id='word_1_150' title='bbox 2374 1541 2697 1610; x_wconf 85' lang='lat' dir='ltr'>docuisset,</span> <span class='ocrx_word' id='word_1_151' title='bbox 2755 1541 2830 1598; x_wconf 89' lang='lat' dir='ltr'>ad</span> <span class='ocrx_word' id='word_1_152' title='bbox 2881 1542 3105 1615; x_wconf 82' lang='lat' dir='ltr'>regiam</span> <span class='ocrx_word' id='word_1_153' title='bbox 3164 1541 3375 1597; x_wconf 83' lang='lat' dir='ltr'>urbem</span> <span class='ocrx_word' id='word_1_154' title='bbox 3430 1542 3809 1613; x_wconf 84' lang='lat' dir='ltr'>imperatoris</span> 
     </span>
    </p>
   </div>
   <div class='ocr_carea' id='block_1_29' title="bbox 2133 1630 3809 1704">
    <p class='ocr_par' dir='ltr' id='par_1_29' title="bbox 2133 1630 3809 1704">
     <span class='ocr_line' id='line_1_31' title="bbox 2133 1630 3809 1704; baseline -0.001 -17"><span class='ocrx_word' id='word_1_155' title='bbox 2133 1631 2309 1704; x_wconf 92' lang='lat' dir='ltr'>jussu</span> <span class='ocrx_word' id='word_1_156' title='bbox 2342 1632 2696 1687; x_wconf 86' lang='lat' dir='ltr'>revertitur:</span> <span class='ocrx_word' id='word_1_157' title='bbox 2730 1631 2978 1704; x_wconf 90' lang='lat' dir='ltr'>ipseque</span> <span class='ocrx_word' id='word_1_158' title='bbox 3001 1647 3071 1686; x_wconf 87' lang='lat' dir='ltr'>ac</span> <span class='ocrx_word' id='word_1_159' title='bbox 3096 1630 3282 1687; x_wconf 84' lang='lat' dir='ltr'>frater</span> <span class='ocrx_word' id='word_1_160' title='bbox 3307 1630 3653 1703; x_wconf 88' lang='lat' dir='ltr'>imperatori</span> <span class='ocrx_word' id='word_1_161' title='bbox 3685 1631 3809 1686; x_wconf 91' lang='lat' dir='ltr'>ico-</span> 
     </span>
    </p>
   </div>
   <div class='ocr_carea' id='block_1_30' title="bbox 2140 1720 3802 1794">
    <p class='ocr_par' dir='ltr' id='par_1_30' title="bbox 2140 1720 3802 1794">
     <span class='ocr_line' id='line_1_32' title="bbox 2140 1720 3802 1794; baseline 0 -18"><span class='ocrx_word' id='word_1_162' title='bbox 2140 1721 2434 1776; x_wconf 86' lang='lat' dir='ltr'>nomacho</span> <span class='ocrx_word' id='word_1_163' title='bbox 2459 1720 2663 1788; x_wconf 89' lang='lat' dir='ltr'>oblati,</span> <span class='ocrx_word' id='word_1_164' title='bbox 2686 1721 2760 1777; x_wconf 90' lang='lat' dir='ltr'>ad</span> <span class='ocrx_word' id='word_1_165' title='bbox 2784 1720 3137 1794; x_wconf 81' lang='lat' dir='ltr'>ejurandam</span> <span class='ocrx_word' id='word_1_166' title='bbox 3156 1720 3632 1776; x_wconf 80' lang='lat' dir='ltr'>venerandarum</span> <span class='ocrx_word' id='word_1_167' title='bbox 3654 1721 3802 1776; x_wconf 88' lang='lat' dir='ltr'>ima-</span> 
     </span>
    </p>
   </div>
   <div class='ocr_carea' id='block_1_31' title="bbox 2141 1809 3800 1884">
    <p class='ocr_par' dir='ltr' id='par_1_31' title="bbox 2141 1809 3800 1884">
     <span class='ocr_line' id='line_1_33' title="bbox 2141 1809 3800 1884; baseline 0 -18"><span class='ocrx_word' id='word_1_168' title='bbox 2141 1811 2345 1884; x_wconf 80' lang='lat' dir='ltr'>ginum</span> <span class='ocrx_word' id='word_1_169' title='bbox 2377 1811 2788 1866; x_wconf 89' lang='lat' dir='ltr'>adorationem</span> <span class='ocrx_word' id='word_1_170' title='bbox 2841 1811 3062 1866; x_wconf 84' lang='lat' dir='ltr'>frustra</span> <span class='ocrx_word' id='word_1_171' title='bbox 3108 1810 3424 1882; x_wconf 90' lang='lat' dir='ltr'>compulsi.</span> <span class='ocrx_word' id='word_1_172' title='bbox 3457 1809 3800 1866; x_wconf 89' lang='lat' dir='ltr'>Theodorus</span> 
     </span>
    </p>
   </div>
   <div class='ocr_carea' id='block_1_32' title="bbox 372 1896 2034 1972">
    <p class='ocr_par' dir='ltr' id='par_1_32' title="bbox 372 1896 2034 1972">
     <span class='ocr_line' id='line_1_34' title="bbox 372 1896 2034 1972; baseline -0.002 -15"><span class='ocrx_word' id='word_1_173' title='bbox 372 1908 486 1958; x_wconf 81' lang='grc' dir='ltr'>τῶν</span> <span class='ocrx_word' id='word_1_174' title='bbox 521 1905 732 1957; x_wconf 82' lang='grc' dir='ltr'>σεπτῶν</span> <span class='ocrx_word' id='word_1_175' title='bbox 767 1899 1015 1956; x_wconf 81' lang='grc' dir='ltr'>εἷ’κόνων.</span> <span class='ocrx_word' id='word_1_176' title='bbox 1075 1897 1173 1954; x_wconf 83' lang='grc' dir='ltr'>Καὶ</span> <span class='ocrx_word' id='word_1_177' title='bbox 1235 1899 1314 1972; x_wconf 86' lang='grc' dir='ltr'>μή</span> <span class='ocrx_word' id='word_1_178' title='bbox 1368 1896 1690 1966; x_wconf 74' lang='grc' dir='ltr'>πεισθέντες,</span> <span class='ocrx_word' id='word_1_179' title='bbox 1747 1899 1774 1953; x_wconf 90' lang='grc' dir='ltr'>ὁ</span> <span class='ocrx_word' id='word_1_180' title='bbox 1837 1899 1930 1970; x_wconf 71' lang='grc' dir='ltr'>μὲν</span> <span class='ocrx_word' id='word_1_181' title='bbox 1986 1897 2034 1954; x_wconf 83' lang='grc' dir='ltr'>ἐν</span> 
     </span>
    </p>
   </div>
   <div class='ocr_carea' id='block_1_33' title="bbox 2149 1896 3807 1972">
    <p class='ocr_par' dir='ltr' id='par_1_33' title="bbox 2149 1899 3807 1972">
     <span class='ocr_line' id='line_1_35' title="bbox 2149 1899 3807 1972; baseline 0.001 -17"><span class='ocrx_word' id='word_1_182' title='bbox 2149 1899 2392 1972; x_wconf 90' lang='lat' dir='ltr'>quidem</span> <span class='ocrx_word' id='word_1_183' title='bbox 2427 1900 2501 1955; x_wconf 86' lang='lat' dir='ltr'>ad</span> <span class='ocrx_word' id='word_1_184' title='bbox 2527 1900 2940 1972; x_wconf 85' lang='lat' dir='ltr'>Apolloniadis</span> <span class='ocrx_word' id='word_1_185' title='bbox 2976 1905 3251 1972; x_wconf 84' lang='lat' dir='ltr'>stagnum</span> <span class='ocrx_word' id='word_1_186' title='bbox 3274 1899 3546 1956; x_wconf 81' lang='lat' dir='ltr'>exsulare</span> <span class='ocrx_word' id='word_1_187' title='bbox 3565 1904 3657 1956; x_wconf 91' lang='lat' dir='ltr'>est</span> <span class='ocrx_word' id='word_1_188' title='bbox 3678 1901 3807 1972; x_wconf 88' lang='lat' dir='ltr'>jus-</span> 
     </span>
    </p>
   </div>
   <div class='ocr_carea' id='block_1_34' title="bbox 370 1985 2032 2066">
    <p class='ocr_par' dir='ltr' id='par_1_34' title="bbox 370 1985 2032 2066">
     <span class='ocr_line' id='line_1_36' title="bbox 370 1985 2032 2066; baseline -0.003 -18"><span class='ocrx_word' id='word_1_189' title='bbox 370 1995 441 2066; x_wconf 74' lang='grc' dir='ltr'>τῇ</span> <span class='ocrx_word' id='word_1_190' title='bbox 476 1994 578 2058; x_wconf 79' lang='grc' dir='ltr'>τῆς</span> <span class='ocrx_word' id='word_1_191' title='bbox 614 1985 1068 2051; x_wconf 84' lang='grc' dir='ltr'>Ἀπολλωνιάδος</span> <span class='ocrx_word' id='word_1_192' title='bbox 1119 1987 1387 2062; x_wconf 76' lang='grc' dir='ltr'>ἐξωρίσθη</span> <span class='ocrx_word' id='word_1_193' title='bbox 1449 1985 1621 2063; x_wconf 76' lang='grc' dir='ltr'>λίμνῃ</span> <span class='ocrx_word' id='word_1_194' title='bbox 1655 1988 1683 2042; x_wconf 91' lang='lat'>6</span> <span class='ocrx_word' id='word_1_195' title='bbox 1730 1985 2032 2063; x_wconf 85' lang='grc' dir='ltr'>Θεόδωρος·</span> 
     </span>
    </p>
   </div>
   <div class='ocr_carea' id='block_1_35' title="bbox 377 2074 2033 2156">
    <p class='ocr_par' dir='ltr' id='par_1_35' title="bbox 377 2074 2033 2156">
     <span class='ocr_line' id='line_1_37' title="bbox 377 2074 2033 2156; baseline 0.025 -22"><span class='ocrx_word' id='word_1_196' title='bbox 377 2083 405 2137; x_wconf 75' lang='grc' dir='ltr'>δ</span> <span class='ocrx_word' id='word_1_197' title='bbox 442 2079 502 2137; x_wconf 75' lang='grc' dir='ltr'>δὲ</span> <span class='ocrx_word' id='word_1_198' title='bbox 557 2079 831 2156; x_wconf 76' lang='grc' dir='ltr'>φυλακαῖς</span> <span class='ocrx_word' id='word_1_199' title='bbox 889 2077 1173 2155; x_wconf 76' lang='grc' dir='ltr'>διαφόροις</span> <span class='ocrx_word' id='word_1_200' title='bbox 1231 2074 1654 2152; x_wconf 63' lang='grc' dir='ltr'>προσομιλήσας</span> <span class='ocrx_word' id='word_1_201' title='bbox 1715 2079 1742 2133; x_wconf 77' lang='grc' dir='ltr'>δ</span> <span class='ocrx_word' id='word_1_202' title='bbox 1801 2079 2033 2156; x_wconf 51' lang='lat' dir='ltr'>&quot;Mt,</span> 
     </span>
    </p>
   </div>
   <div class='ocr_carea' id='block_1_36' title="bbox 368 2165 2031 2245">
    <p class='ocr_par' dir='ltr' id='par_1_36' title="bbox 368 2165 2031 2245">
     <span class='ocr_line' id='line_1_38' title="bbox 368 2165 2031 2245; baseline -0.002 -19"><span class='ocrx_word' id='word_1_203' title='bbox 368 2173 463 2227; x_wconf 80' lang='grc' dir='ltr'>καὶ</span> <span class='ocrx_word' id='word_1_204' title='bbox 500 2174 570 2245; x_wconf 79' lang='grc' dir='ltr'>τῇ</span> <span class='ocrx_word' id='word_1_205' title='bbox 628 2169 804 2244; x_wconf 78' lang='grc' dir='ltr'>λοιπῇ</span> <span class='ocrx_word' id='word_1_206' title='bbox 863 2167 1201 2239; x_wconf 79' lang='grc' dir='ltr'>κακοπαθείᾳ</span> <span class='ocrx_word' id='word_1_207' title='bbox 1252 2165 1672 2242; x_wconf 73' lang='grc' dir='ltr'>ἐγκαρτερήσας,</span> <span class='ocrx_word' id='word_1_208' title='bbox 1718 2167 1808 2222; x_wconf 86' lang='grc' dir='ltr'>καὶ</span> <span class='ocrx_word' id='word_1_209' title='bbox 1865 2166 2031 2222; x_wconf 88' lang='grc' dir='ltr'>πάλιν</span> 
     </span>
    </p>
   </div>
   <div class='ocr_carea' id='block_1_37' title="bbox 368 2253 2030 2332">
    <p class='ocr_par' dir='ltr' id='par_1_37' title="bbox 368 2253 2030 2332">
     <span class='ocr_line' id='line_1_39' title="bbox 368 2253 2030 2332; baseline -0.002 -16"><span class='ocrx_word' id='word_1_210' title='bbox 368 2258 465 2316; x_wconf 84' lang='grc' dir='ltr'>διά</span> <span class='ocrx_word' id='word_1_211' title='bbox 484 2281 635 2324; x_wconf 85' lang='grc' dir='ltr'>τινος</span> <span class='ocrx_word' id='word_1_212' title='bbox 662 2265 770 2316; x_wconf 80' lang='grc' dir='ltr'>τῶν</span> <span class='ocrx_word' id='word_1_213' title='bbox 806 2254 1076 2314; x_wconf 76' lang='grc' dir='ltr'>δυσσεϐὦν</span> <span class='ocrx_word' id='word_1_214' title='bbox 1136 2253 1537 2318; x_wconf 73' lang='grc' dir='ltr'>ἀποσταλέντος</span> <span class='ocrx_word' id='word_1_215' title='bbox 1593 2258 1742 2332; x_wconf 87' lang='grc' dir='ltr'>παρά</span> <span class='ocrx_word' id='word_1_216' title='bbox 1776 2261 1873 2313; x_wconf 90' lang='grc' dir='ltr'>τοῦ</span> <span class='ocrx_word' id='word_1_217' title='bbox 1932 2261 2030 2331; x_wconf 85' lang='grc' dir='ltr'>βα·-</span> 
     </span>
    </p>
   </div>
   <div class='ocr_carea' id='block_1_38' title="bbox 367 2343 2032 2424">
    <p class='ocr_par' dir='ltr' id='par_1_38' title="bbox 367 2343 2032 2424">
     <span class='ocr_line' id='line_1_40' title="bbox 367 2343 2032 2424; baseline -0.002 -18"><span class='ocrx_word' id='word_1_218' title='bbox 367 2349 600 2419; x_wconf 85' lang='grc' dir='ltr'>σιλέως,</span> <span class='ocrx_word' id='word_1_219' title='bbox 636 2348 986 2424; x_wconf 75' lang='grc' dir='ltr'>ἀναγκασθεὶς</span> <span class='ocrx_word' id='word_1_220' title='bbox 1039 2348 1355 2422; x_wconf 80' lang='grc' dir='ltr'>ὑπογράψαι</span> <span class='ocrx_word' id='word_1_221' title='bbox 1411 2348 1491 2418; x_wconf 78' lang='grc' dir='ltr'>τῷ</span> <span class='ocrx_word' id='word_1_222' title='bbox 1544 2343 1704 2420; x_wconf 84' lang='grc' dir='ltr'>τόμῳ</span> <span class='ocrx_word' id='word_1_223' title='bbox 1751 2349 1850 2413; x_wconf 79' lang='grc' dir='ltr'>τῆς</span> <span class='ocrx_word' id='word_1_224' title='bbox 1883 2347 2032 2422; x_wconf 76' lang='grc' dir='ltr'>αἱρέο</span> 
     </span>
    </p>
   </div>
   <div class='ocr_carea' id='block_1_39' title="bbox 365 2433 2030 2514">
    <p class='ocr_par' dir='ltr' id='par_1_39' title="bbox 365 2433 2030 2514">
     <span class='ocr_line' id='line_1_41' title="bbox 365 2433 2030 2514; baseline -0.002 -18"><span class='ocrx_word' id='word_1_225' title='bbox 365 2461 530 2507; x_wconf 85' lang='grc' dir='ltr'>σεως,</span> <span class='ocrx_word' id='word_1_226' title='bbox 589 2439 682 2494; x_wconf 79' lang='grc' dir='ltr'>καὶ</span> <span class='ocrx_word' id='word_1_227' title='bbox 744 2438 823 2512; x_wconf 84' lang='grc' dir='ltr'>μή</span> <span class='ocrx_word' id='word_1_228' title='bbox 883 2435 1276 2514; x_wconf 73' lang='grc' dir='ltr'>ἀνασχόμενος,</span> <span class='ocrx_word' id='word_1_229' title='bbox 1336 2433 1744 2498; x_wconf 83' lang='grc' dir='ltr'>κατακλεισθεὶς</span> <span class='ocrx_word' id='word_1_230' title='bbox 1791 2435 1867 2499; x_wconf 81' lang='grc' dir='ltr'>εἷς</span> <span class='ocrx_word' id='word_1_231' title='bbox 1911 2457 2030 2492; x_wconf 85' lang='grc' dir='ltr'>σκο-</span> 
     </span>
    </p>
   </div>
   <div class='ocr_carea' id='block_1_40' title="bbox 361 2527 1326 2608">
    <p class='ocr_par' dir='ltr' id='par_1_40' title="bbox 361 2527 1326 2608">
     <span class='ocr_line' id='line_1_42' title="bbox 361 2527 1326 2608; baseline -0.001 -23"><span class='ocrx_word' id='word_1_232' title='bbox 361 2529 674 2608; x_wconf 81' lang='grc' dir='ltr'>τεινοτέραν</span> <span class='ocrx_word' id='word_1_233' title='bbox 707 2528 978 2608; x_wconf 73' lang='grc' dir='ltr'>φυλακὴν,</span> <span class='ocrx_word' id='word_1_234' title='bbox 1011 2527 1326 2599; x_wconf 88' lang='grc' dir='ltr'>ἐτελειώθη.</span> 
     </span>
    </p>
   </div>
   <div class='ocr_carea' id='block_1_41' title="bbox 934 2649 1466 2708">
    <p class='ocr_par' dir='ltr' id='par_1_41' title="bbox 934 2649 1466 2708">
     <span class='ocr_line' id='line_1_43' title="bbox 934 2649 1466 2708; baseline 0.006 -4"><span class='ocrx_word' id='word_1_235' title='bbox 934 2649 1116 2706; x_wconf 83' lang='grc' dir='ltr'>ΜΗΝΙ</span> <span class='ocrx_word' id='word_1_236' title='bbox 1147 2651 1232 2705; x_wconf 86' lang='grc' dir='ltr'>ΤΩ</span> <span class='ocrx_word' id='word_1_237' title='bbox 1267 2651 1466 2708; x_wconf 78' lang='grc' dir='ltr'>ΑΥΤΩ.</span> 
     </span>
    </p>
   </div>
   <div class='ocr_carea' id='block_1_42' title="bbox 1138 2740 1239 2796">
    <p class='ocr_par' dir='ltr' id='par_1_42' title="bbox 1138 2740 1239 2796">
     <span class='ocr_line' id='line_1_44' title="bbox 1138 2740 1239 2796; baseline -0.01 0"><span class='ocrx_word' id='word_1_238' title='bbox 1138 2740 1239 2796; x_wconf 84' lang='grc' dir='ltr'>ΙΕ“.</span> 
     </span>
    </p>
   </div>
   <div class='ocr_carea' id='block_1_43' title="bbox 479 2826 1918 2906">
    <p class='ocr_par' dir='ltr' id='par_1_43' title="bbox 479 2826 1918 2906">
     <span class='ocr_line' id='line_1_45' title="bbox 479 2826 1918 2906; baseline -0.002 -21"><span class='ocrx_word' id='word_1_239' title='bbox 479 2826 744 2900; x_wconf 75' lang='grc' dir='ltr'>’Λθλησις</span> <span class='ocrx_word' id='word_1_240' title='bbox 776 2831 886 2882; x_wconf 80' lang='grc' dir='ltr'>τῶν</span> <span class='ocrx_word' id='word_1_241' title='bbox 946 2829 1113 2906; x_wconf 71' lang='grc' dir='ltr'>ἁγίων</span> <span class='ocrx_word' id='word_1_242' title='bbox 1147 2830 1470 2906; x_wconf 37' lang='grc' dir='ltr'>,μαρτύρων</span> <span class='ocrx_word' id='word_1_243' title='bbox 1532 2827 1770 2906; x_wconf 91' lang='grc' dir='ltr'>Κυρίκου</span> <span class='ocrx_word' id='word_1_244' title='bbox 1825 2828 1918 2883; x_wconf 85' lang='grc' dir='ltr'>καὶ</span> 
     </span>
    </p>
   </div>
   <div class='ocr_carea' id='block_1_44' title="bbox 1038 2899 1363 2974">
    <p class='ocr_par' dir='ltr' id='par_1_44' title="bbox 1038 2899 1363 2974">
     <span class='ocr_line' id='line_1_46' title="bbox 1038 2899 1363 2974; baseline 0.006 -16"><span class='ocrx_word' id='word_1_245' title='bbox 1038 2899 1363 2974; x_wconf 69' lang='grc' dir='ltr'>Ἰουλίττης.</span> 
     </span>
    </p>
   </div>
   <div class='ocr_carea' id='block_1_45' title="bbox 461 3013 2030 3096">
    <p class='ocr_par' dir='ltr' id='par_1_45' title="bbox 461 3013 2030 3096">
     <span class='ocr_line' id='line_1_47' title="bbox 461 3013 2030 3096; baseline -0.001 -24"><span class='ocrx_word' id='word_1_246' title='bbox 461 3013 723 3072; x_wconf 74' lang='grc' dir='ltr'>’ἱουλίττα</span> <span class='ocrx_word' id='word_1_247' title='bbox 802 3019 838 3087; x_wconf 76' lang='grc' dir='ltr'><strong>ἡ</strong></span> <span class='ocrx_word' id='word_1_248' title='bbox 893 3020 990 3072; x_wconf 91' lang='grc' dir='ltr'>τοῦ</span> <span class='ocrx_word' id='word_1_249' title='bbox 1043 3019 1276 3092; x_wconf 80' lang='grc' dir='ltr'>Χριστοῦ</span> <span class='ocrx_word' id='word_1_250' title='bbox 1364 3021 1594 3096; x_wconf 82' lang='grc' dir='ltr'>μάρτυς,</span> <span class='ocrx_word' id='word_1_251' title='bbox 1639 3018 1884 3093; x_wconf 78' lang='grc' dir='ltr'>ὑπῆρχεν</span> <span class='ocrx_word' id='word_1_252' title='bbox 1940 3017 2030 3072; x_wconf 78' lang='grc' dir='ltr'>ἐπὶ</span> 
     </span>
    </p>
   </div>
   <div class='ocr_carea' id='block_1_46' title="bbox 399 3102 2028 3182">
    <p class='ocr_par' dir='ltr' id='par_1_46' title="bbox 399 3102 2028 3182">
     <span class='ocr_line' id='line_1_48' title="bbox 399 3102 2028 3182; baseline 0.001 -23"><span class='ocrx_word' id='word_1_253' title='bbox 399 3102 773 3174; x_wconf 82' lang='grc' dir='ltr'>Διοκλητιανοῦ</span> <span class='ocrx_word' id='word_1_254' title='bbox 802 3110 901 3162; x_wconf 88' lang='grc' dir='ltr'>τοῦ</span> <span class='ocrx_word' id='word_1_255' title='bbox 935 3106 1226 3182; x_wconf 74' lang='grc' dir='ltr'>βασιλέως,</span> <span class='ocrx_word' id='word_1_256' title='bbox 1263 3106 1323 3164; x_wconf 90' lang='grc' dir='ltr'>ἐκ</span> <span class='ocrx_word' id='word_1_257' title='bbox 1369 3115 1470 3178; x_wconf 85' lang='grc' dir='ltr'>τῆς</span> <span class='ocrx_word' id='word_1_258' title='bbox 1501 3107 1720 3171; x_wconf 88' lang='grc' dir='ltr'>πόλεως</span> <span class='ocrx_word' id='word_1_259' title='bbox 1777 3108 2028 3166; x_wconf 86' lang='grc' dir='ltr'>Ἰκονίου·</span> 
     </span>
    </p>
   </div>
   <div class='ocr_carea' id='block_1_47' title="bbox 389 3192 2029 3274">
    <p class='ocr_par' dir='ltr' id='par_1_47' title="bbox 389 3192 2029 3274">
     <span class='ocr_line' id='line_1_49' title="bbox 389 3192 2029 3274; baseline 0 -24"><span class='ocrx_word' id='word_1_260' title='bbox 389 3192 479 3250; x_wconf 79' lang='grc' dir='ltr'>διά</span> <span class='ocrx_word' id='word_1_261' title='bbox 508 3192 562 3250; x_wconf 77' lang='grc' dir='ltr'>δὲ</span> <span class='ocrx_word' id='word_1_262' title='bbox 589 3196 672 3250; x_wconf 82' lang='grc' dir='ltr'>τὸν</span> <span class='ocrx_word' id='word_1_263' title='bbox 705 3194 1102 3272; x_wconf 87' lang='grc' dir='ltr'>ἐπικρατοῦντα</span> <span class='ocrx_word' id='word_1_264' title='bbox 1161 3195 1408 3274; x_wconf 86' lang='grc' dir='ltr'>διωγμὸν</span> <span class='ocrx_word' id='word_1_265' title='bbox 1464 3197 1517 3254; x_wconf 87' lang='grc' dir='ltr'>ἐν</span> <span class='ocrx_word' id='word_1_266' title='bbox 1605 3195 1840 3270; x_wconf 81' lang='grc' dir='ltr'>Ἰκονίῳ,</span> <span class='ocrx_word' id='word_1_267' title='bbox 1903 3197 2029 3251; x_wconf 87' lang='grc' dir='ltr'>ἀνα-</span> 
     </span>
    </p>
   </div>
   <div class='ocr_carea' id='block_1_48' title="bbox 2143 1989 3805 2063">
    <p class='ocr_par' dir='ltr' id='par_1_48' title="bbox 2143 1989 3805 2063">
     <span class='ocr_line' id='line_1_50' title="bbox 2143 1989 3805 2063; baseline -0.001 -17"><span class='ocrx_word' id='word_1_268' title='bbox 2143 2008 2263 2046; x_wconf 88' lang='lat' dir='ltr'>sus.</span> <span class='ocrx_word' id='word_1_269' title='bbox 2296 1990 2511 2063; x_wconf 72' lang='lat' dir='ltr'>Ioseph</span> <span class='ocrx_word' id='word_1_270' title='bbox 2533 2007 2669 2046; x_wconf 82' lang='lat' dir='ltr'>vero</span> <span class='ocrx_word' id='word_1_271' title='bbox 2718 2008 2824 2062; x_wconf 91' lang='lat' dir='ltr'>per</span> <span class='ocrx_word' id='word_1_272' title='bbox 2860 1990 3052 2045; x_wconf 84' lang='lat' dir='ltr'>varios</span> <span class='ocrx_word' id='word_1_273' title='bbox 3082 2006 3352 2045; x_wconf 90' lang='lat' dir='ltr'>carceres</span> <span class='ocrx_word' id='word_1_274' title='bbox 3384 1989 3711 2054; x_wconf 89' lang='lat' dir='ltr'>traductus,</span> <span class='ocrx_word' id='word_1_275' title='bbox 3747 1995 3805 2045; x_wconf 91' lang='lat' dir='ltr'>et</span> 
     </span>
    </p>
   </div>
   <div class='ocr_carea' id='block_1_49' title="bbox 2142 2078 3806 2152">
    <p class='ocr_par' dir='ltr' id='par_1_49' title="bbox 2142 2078 3806 2152">
     <span class='ocr_line' id='line_1_51' title="bbox 2142 2078 3806 2152; baseline -0.001 -16"><span class='ocrx_word' id='word_1_276' title='bbox 2142 2079 2392 2152; x_wconf 90' lang='lat' dir='ltr'>reliquis</span> <span class='ocrx_word' id='word_1_277' title='bbox 2409 2081 2693 2136; x_wconf 66' lang='lat' dir='ltr'>aerumnis</span> <span class='ocrx_word' id='word_1_278' title='bbox 2715 2086 2892 2152; x_wconf 88' lang='lat' dir='ltr'>atque</span> <span class='ocrx_word' id='word_1_279' title='bbox 2916 2079 3314 2135; x_wconf 88' lang='lat' dir='ltr'>incommodis</span> <span class='ocrx_word' id='word_1_280' title='bbox 3336 2078 3567 2134; x_wconf 87' lang='lat' dir='ltr'>fortiter</span> <span class='ocrx_word' id='word_1_281' title='bbox 3591 2079 3806 2134; x_wconf 85' lang='lat' dir='ltr'>exhau-</span> 
     </span>
    </p>
   </div>
   <div class='ocr_carea' id='block_1_50' title="bbox 2143 2168 3804 2243">
    <p class='ocr_par' dir='ltr' id='par_1_50' title="bbox 2143 2168 3804 2243">
     <span class='ocr_line' id='line_1_52' title="bbox 2143 2168 3804 2243; baseline -0.002 -16"><span class='ocrx_word' id='word_1_282' title='bbox 2143 2171 2271 2239; x_wconf 86' lang='lat' dir='ltr'>stis,</span> <span class='ocrx_word' id='word_1_283' title='bbox 2313 2188 2521 2227; x_wconf 88' lang='lat' dir='ltr'>rursus</span> <span class='ocrx_word' id='word_1_284' title='bbox 2541 2171 2614 2227; x_wconf 87' lang='lat' dir='ltr'>ab</span> <span class='ocrx_word' id='word_1_285' title='bbox 2637 2171 2823 2243; x_wconf 91' lang='lat' dir='ltr'>impio</span> <span class='ocrx_word' id='word_1_286' title='bbox 2852 2170 3112 2242; x_wconf 89' lang='lat' dir='ltr'>quodam</span> <span class='ocrx_word' id='word_1_287' title='bbox 3135 2168 3209 2225; x_wconf 88' lang='lat' dir='ltr'>ad</span> <span class='ocrx_word' id='word_1_288' title='bbox 3245 2171 3669 2242; x_wconf 87' lang='lat' dir='ltr'>imperatorem</span> <span class='ocrx_word' id='word_1_289' title='bbox 3700 2186 3804 2224; x_wconf 89' lang='lat' dir='ltr'>re-</span> 
     </span>
    </p>
   </div>
   <div class='ocr_carea' id='block_1_51' title="bbox 2142 2260 3801 2332">
    <p class='ocr_par' dir='ltr' id='par_1_51' title="bbox 2142 2260 3801 2332">
     <span class='ocr_line' id='line_1_53' title="bbox 2142 2260 3801 2332; baseline -0.002 -14"><span class='ocrx_word' id='word_1_290' title='bbox 2142 2261 2361 2318; x_wconf 87' lang='lat' dir='ltr'>missus</span> <span class='ocrx_word' id='word_1_291' title='bbox 2395 2266 2521 2317; x_wconf 89' lang='lat' dir='ltr'>est:</span> <span class='ocrx_word' id='word_1_292' title='bbox 2558 2260 2897 2332; x_wconf 84' lang='lat' dir='ltr'>frustraque</span> <span class='ocrx_word' id='word_1_293' title='bbox 2927 2265 3213 2327; x_wconf 88' lang='lat' dir='ltr'>tentatus,</span> <span class='ocrx_word' id='word_1_294' title='bbox 3237 2265 3304 2314; x_wconf 91' lang='lat' dir='ltr'>ut</span> <span class='ocrx_word' id='word_1_295' title='bbox 3324 2260 3619 2315; x_wconf 71' lang='lat' dir='ltr'>haareseos</span> <span class='ocrx_word' id='word_1_296' title='bbox 3641 2263 3801 2314; x_wconf 88' lang='lat' dir='ltr'>tomo</span> 
     </span>
    </p>
   </div>
   <div class='ocr_carea' id='block_1_52' title="bbox 2141 2348 3792 2419">
    <p class='ocr_par' dir='ltr' id='par_1_52' title="bbox 2141 2348 3792 2419">
     <span class='ocr_line' id='line_1_54' title="bbox 2141 2348 3792 2419; baseline -0.001 -12"><span class='ocrx_word' id='word_1_297' title='bbox 2141 2350 2566 2419; x_wconf 85' lang='lat' dir='ltr'>subscriberet,</span> <span class='ocrx_word' id='word_1_298' title='bbox 2605 2351 2668 2406; x_wconf 90' lang='lat' dir='ltr'>in</span> <span class='ocrx_word' id='word_1_299' title='bbox 2710 2350 3081 2406; x_wconf 87' lang='lat' dir='ltr'>teterrimam</span> <span class='ocrx_word' id='word_1_300' title='bbox 3108 2348 3443 2406; x_wconf 85' lang='lat' dir='ltr'>custodiam</span> <span class='ocrx_word' id='word_1_301' title='bbox 3493 2348 3792 2419; x_wconf 85' lang='lat' dir='ltr'>detrusus,</span> 
     </span>
    </p>
   </div>
   <div class='ocr_carea' id='block_1_53' title="bbox 2137 2440 2559 2498">
    <p class='ocr_par' dir='ltr' id='par_1_53' title="bbox 2137 2440 2559 2498">
     <span class='ocr_line' id='line_1_55' title="bbox 2137 2440 2559 2498; baseline 0 -2"><span class='ocrx_word' id='word_1_302' title='bbox 2137 2441 2316 2498; x_wconf 87' lang='lat' dir='ltr'>vitam</span> <span class='ocrx_word' id='word_1_303' title='bbox 2351 2440 2559 2498; x_wconf 82' lang='lat' dir='ltr'>ﬁnivit.</span> 
     </span>
    </p>
   </div>
   <div class='ocr_carea' id='block_1_54' title="bbox 2699 2608 3232 2704">
    <p class='ocr_par' dir='ltr' id='par_1_54' title="bbox 2699 2608 3232 2704">
     <span class='ocr_line' id='line_1_56' title="bbox 2699 2608 3232 2704; baseline -0.006 0"><span class='ocrx_word' id='word_1_304' title='bbox 2699 2608 2942 2704; x_wconf 80' lang='lat' dir='ltr'><strong>EODEM</strong></span> <span class='ocrx_word' id='word_1_305' title='bbox 2980 2645 3232 2702; x_wconf 84' lang='lat' dir='ltr'>MENSE.</span> 
     </span>
    </p>
   </div>
   <div class='ocr_carea' id='block_1_55' title="bbox 2635 2736 3292 2808">
    <p class='ocr_par' dir='ltr' id='par_1_55' title="bbox 2635 2736 3292 2808">
     <span class='ocr_line' id='line_1_57' title="bbox 2635 2736 3292 2808; baseline -0.005 -14"><span class='ocrx_word' id='word_1_306' title='bbox 2635 2737 2740 2794; x_wconf 91' lang='lat' dir='ltr'>Die</span> <span class='ocrx_word' id='word_1_307' title='bbox 2787 2737 3021 2794; x_wconf 88' lang='lat' dir='ltr'>decima</span> <span class='ocrx_word' id='word_1_308' title='bbox 3063 2736 3292 2808; x_wconf 90' lang='lat' dir='ltr'>quinta.</span> 
     </span>
    </p>
   </div>
   <div class='ocr_carea' id='block_1_56' title="bbox 2210 2823 3722 2895">
    <p class='ocr_par' dir='ltr' id='par_1_56' title="bbox 2210 2823 3722 2895">
     <span class='ocr_line' id='line_1_58' title="bbox 2210 2823 3722 2895; baseline -0.005 -9"><span class='ocrx_word' id='word_1_309' title='bbox 2210 2831 2498 2886; x_wconf 81' lang='lat' dir='ltr'>Certamen</span> <span class='ocrx_word' id='word_1_310' title='bbox 2526 2833 2846 2884; x_wconf 78' lang='lat' dir='ltr'>sanctorum</span> <span class='ocrx_word' id='word_1_311' title='bbox 2869 2831 3179 2894; x_wconf 78' lang='lat' dir='ltr'>martyrum</span> <span class='ocrx_word' id='word_1_312' title='bbox 3201 2823 3386 2895; x_wconf 69' lang='grc' dir='ltr'>ϐψ·ίοὶ</span> <span class='ocrx_word' id='word_1_313' title='bbox 3406 2831 3460 2880; x_wconf 85' lang='lat' dir='ltr'>et</span> <span class='ocrx_word' id='word_1_314' title='bbox 3488 2823 3722 2880; x_wconf 78' lang='lat' dir='ltr'>Julittae.</span> 
     </span>
    </p>
   </div>
   <div class='ocr_carea' id='block_1_57' title="bbox 2211 3002 3797 3081">
    <p class='ocr_par' dir='ltr' id='par_1_57' title="bbox 2211 3002 3797 3081">
     <span class='ocr_line' id='line_1_59' title="bbox 2211 3002 3797 3081; baseline -0.004 -16"><span class='ocrx_word' id='word_1_315' title='bbox 2211 3010 2428 3081; x_wconf 85' lang='lat' dir='ltr'>Martyr</span> <span class='ocrx_word' id='word_1_316' title='bbox 2457 3005 2676 3062; x_wconf 85' lang='lat' dir='ltr'>Christi</span> <span class='ocrx_word' id='word_1_317' title='bbox 2694 3004 2900 3062; x_wconf 86' lang='lat' dir='ltr'>Julitta</span> <span class='ocrx_word' id='word_1_318' title='bbox 2920 3020 2990 3060; x_wconf 82' lang='lat' dir='ltr'>ex</span> <span class='ocrx_word' id='word_1_319' title='bbox 3011 3003 3160 3059; x_wconf 91' lang='lat' dir='ltr'>urbe</span> <span class='ocrx_word' id='word_1_320' title='bbox 3180 3003 3402 3071; x_wconf 88' lang='lat' dir='ltr'>Iconio,</span> <span class='ocrx_word' id='word_1_321' title='bbox 3430 3002 3797 3059; x_wconf 79' lang='lat' dir='ltr'>Diocletiano</span> 
     </span>
    </p>
   </div>
   <div class='ocr_carea' id='block_1_58' title="bbox 2139 3093 3803 3171">
    <p class='ocr_par' dir='ltr' id='par_1_58' title="bbox 2139 3093 3803 3171">
     <span class='ocr_line' id='line_1_60' title="bbox 2139 3093 3803 3171; baseline -0.004 -16"><span class='ocrx_word' id='word_1_322' title='bbox 2139 3096 2761 3171; x_wconf 87' lang='lat' dir='ltr'>imperatore,claruit.</span> <span class='ocrx_word' id='word_1_323' title='bbox 2783 3095 3078 3152; x_wconf 90' lang='lat' dir='ltr'>Gliscente</span> <span class='ocrx_word' id='word_1_324' title='bbox 3100 3098 3301 3150; x_wconf 89' lang='lat' dir='ltr'>autem</span> <span class='ocrx_word' id='word_1_325' title='bbox 3320 3093 3505 3149; x_wconf 91' lang='lat' dir='ltr'>Iconii</span> <span class='ocrx_word' id='word_1_326' title='bbox 3525 3109 3803 3164; x_wconf 85' lang='lat' dir='ltr'>persecu-</span> 
     </span>
    </p>
   </div>
   <div class='ocr_carea' id='block_1_59' title="bbox 2141 3183 3798 3260">
    <p class='ocr_par' dir='ltr' id='par_1_59' title="bbox 2141 3183 3798 3260">
     <span class='ocr_line' id='line_1_61' title="bbox 2141 3183 3798 3260; baseline -0.005 -15"><span class='ocrx_word' id='word_1_327' title='bbox 2141 3189 2447 3260; x_wconf 87' lang='lat' dir='ltr'>tione,una</span> <span class='ocrx_word' id='word_1_328' title='bbox 2466 3203 2601 3242; x_wconf 91' lang='lat' dir='ltr'>cum</span> <span class='ocrx_word' id='word_1_329' title='bbox 2632 3185 2756 3240; x_wconf 82' lang='lat' dir='ltr'>ﬁlio</span> <span class='ocrx_word' id='word_1_330' title='bbox 2779 3184 2984 3256; x_wconf 84' lang='lat' dir='ltr'>Cyrico</span> <span class='ocrx_word' id='word_1_331' title='bbox 3007 3183 3228 3239; x_wconf 87' lang='lat' dir='ltr'>trienni</span> <span class='ocrx_word' id='word_1_332' title='bbox 3251 3199 3435 3255; x_wconf 90' lang='lat' dir='ltr'>puero</span> <span class='ocrx_word' id='word_1_333' title='bbox 3468 3183 3798 3238; x_wconf 90' lang='lat' dir='ltr'>Seleuciam</span> 
     </span>
    </p>
   </div>
   <div class='ocr_carea' id='block_1_60' title="bbox 377 3273 2034 3364">
    <p class='ocr_par' dir='ltr' id='par_1_60' title="bbox 377 3279 2028 3364">
     <span class='ocr_line' id='line_1_62' title="bbox 377 3279 2028 3364; baseline 0 -22"><span class='ocrx_word' id='word_1_334' title='bbox 377 3279 664 3358; x_wconf 71' lang='grc' dir='ltr'>λαϐομένη</span> <span class='ocrx_word' id='word_1_335' title='bbox 738 3287 832 3342; x_wconf 86' lang='grc' dir='ltr'>τὸν</span> <span class='ocrx_word' id='word_1_336' title='bbox 889 3287 1005 3342; x_wconf 78' lang='grc' dir='ltr'>υἱὸν</span> <span class='ocrx_word' id='word_1_337' title='bbox 1087 3288 1259 3359; x_wconf 75' lang='grc' dir='ltr'>αὐτῆς</span> <span class='ocrx_word' id='word_1_338' title='bbox 1340 3287 1570 3364; x_wconf 80' lang='grc' dir='ltr'>Κύρικον</span> <span class='ocrx_word' id='word_1_339' title='bbox 1631 3295 1816 3360; x_wconf 84' lang='grc' dir='ltr'>τριετῆ</span> <span class='ocrx_word' id='word_1_340' title='bbox 1879 3283 2028 3355; x_wconf 75' lang='grc' dir='ltr'>ὅντα,</span> 
     </span>
    </p>
   </div>
   <div class='ocr_carea' id='block_1_61' title="bbox 2149 3273 3801 3364">
    <p class='ocr_par' dir='ltr' id='par_1_61' title="bbox 2149 3273 3801 3346">
     <span class='ocr_line' id='line_1_63' title="bbox 2149 3273 3801 3346; baseline -0.005 -11"><span class='ocrx_word' id='word_1_341' title='bbox 2149 3278 2497 3344; x_wconf 85' lang='lat' dir='ltr'>contendit;</span> <span class='ocrx_word' id='word_1_342' title='bbox 2556 3275 2946 3346; x_wconf 88' lang='lat' dir='ltr'>eamdemque</span> <span class='ocrx_word' id='word_1_343' title='bbox 3023 3273 3247 3330; x_wconf 90' lang='lat' dir='ltr'>ibidem</span> <span class='ocrx_word' id='word_1_344' title='bbox 3322 3273 3801 3346; x_wconf 87' lang='lat' dir='ltr'>persecutionem</span> 
     </span>
    </p>
   </div>
   <div class='ocr_carea' id='block_1_62' title="bbox 378 3374 2031 3454">
    <p class='ocr_par' dir='ltr' id='par_1_62' title="bbox 378 3374 2031 3454">
     <span class='ocr_line' id='line_1_64' title="bbox 378 3374 2031 3454; baseline 0.001 -23"><span class='ocrx_word' id='word_1_345' title='bbox 378 3374 620 3446; x_wconf 77' lang='grc' dir='ltr'>ἀπῆλθεν</span> <span class='ocrx_word' id='word_1_346' title='bbox 673 3376 750 3439; x_wconf 84' lang='grc' dir='ltr'>εἷς</span> <span class='ocrx_word' id='word_1_347' title='bbox 821 3374 1165 3434; x_wconf 87' lang='grc' dir='ltr'>Σελεύκειαν·</span> <span class='ocrx_word' id='word_1_348' title='bbox 1225 3378 1315 3434; x_wconf 84' lang='grc' dir='ltr'>καὶ</span> <span class='ocrx_word' id='word_1_349' title='bbox 1378 3378 1609 3454; x_wconf 75' lang='grc' dir='ltr'>εὑροῦσα</span> <span class='ocrx_word' id='word_1_350' title='bbox 1667 3379 1723 3434; x_wconf 72' lang='grc' dir='ltr'>δὲ</span> <span class='ocrx_word' id='word_1_351' title='bbox 1781 3377 1892 3434; x_wconf 79' lang='grc' dir='ltr'>ἐκεῖ</span> <span class='ocrx_word' id='word_1_352' title='bbox 1940 3378 2031 3433; x_wconf 79' lang='grc' dir='ltr'>τὸν</span> 
     </span>
    </p>
   </div>
   <div class='ocr_carea' id='block_1_63' title="bbox 375 3462 2033 3542">
    <p class='ocr_par' dir='ltr' id='par_1_63' title="bbox 375 3462 2033 3542">
     <span class='ocr_line' id='line_1_65' title="bbox 375 3462 2033 3542; baseline 0.001 -22"><span class='ocrx_word' id='word_1_353' title='bbox 375 3465 538 3520; x_wconf 86' lang='grc' dir='ltr'>αὑτὸν</span> <span class='ocrx_word' id='word_1_354' title='bbox 586 3462 856 3540; x_wconf 84' lang='grc' dir='ltr'>διωγμὸν,</span> <span class='ocrx_word' id='word_1_355' title='bbox 916 3468 1241 3542; x_wconf 73' lang='grc' dir='ltr'>παρεγένετο</span> <span class='ocrx_word' id='word_1_356' title='bbox 1300 3467 1377 3530; x_wconf 82' lang='grc' dir='ltr'>είς</span> <span class='ocrx_word' id='word_1_357' title='bbox 1432 3469 1660 3542; x_wconf 85' lang='grc' dir='ltr'>Ταρσόν,</span> <span class='ocrx_word' id='word_1_358' title='bbox 1719 3469 1887 3532; x_wconf 84' lang='grc' dir='ltr'>Ἔνθα</span> <span class='ocrx_word' id='word_1_359' title='bbox 1944 3467 2033 3522; x_wconf 85' lang='grc' dir='ltr'>καὶ</span> 
     </span>
    </p>
   </div>
   <div class='ocr_carea' id='block_1_64' title="bbox 378 3553 2034 3634">
    <p class='ocr_par' dir='ltr' id='par_1_64' title="bbox 378 3553 2034 3634">
     <span class='ocr_line' id='line_1_66' title="bbox 378 3553 2034 3634; baseline 0 -23"><span class='ocrx_word' id='word_1_360' title='bbox 378 3553 798 3631; x_wconf 76' lang='grc' dir='ltr'>Ἀλέξανδροςὸ</span> <span class='ocrx_word' id='word_1_361' title='bbox 831 3558 1078 3634; x_wconf 80' lang='grc' dir='ltr'>ἡγεμὼν,</span> <span class='ocrx_word' id='word_1_362' title='bbox 1134 3557 1292 3630; x_wconf 80' lang='grc' dir='ltr'>ὠμὸς</span> <span class='ocrx_word' id='word_1_363' title='bbox 1345 3559 1436 3612; x_wconf 80' lang='grc' dir='ltr'>καὶ</span> <span class='ocrx_word' id='word_1_364' title='bbox 1491 3555 1773 3632; x_wconf 84' lang='grc' dir='ltr'>θηριώδης</span> <span class='ocrx_word' id='word_1_365' title='bbox 1831 3557 2034 3628; x_wconf 78' lang='grc' dir='ltr'>ἄνθρω-</span> 
     </span>
    </p>
   </div>
   <div class='ocr_carea' id='block_1_65' title="bbox 377 3639 2035 3722">
    <p class='ocr_par' dir='ltr' id='par_1_65' title="bbox 377 3639 2035 3722">
     <span class='ocr_line' id='line_1_67' title="bbox 377 3639 2035 3722; baseline 0 -22"><span class='ocrx_word' id='word_1_366' title='bbox 377 3666 503 3714; x_wconf 88' lang='grc' dir='ltr'>πος,</span> <span class='ocrx_word' id='word_1_367' title='bbox 563 3639 846 3715; x_wconf 72' lang='grc' dir='ltr'>ἐϐασάνιζε</span> <span class='ocrx_word' id='word_1_368' title='bbox 900 3645 1028 3711; x_wconf 78' lang='grc' dir='ltr'>τοὺς</span> <span class='ocrx_word' id='word_1_369' title='bbox 1084 3646 1286 3722; x_wconf 83' lang='grc' dir='ltr'>ἁγίους.</span> <span class='ocrx_word' id='word_1_370' title='bbox 1350 3648 1453 3704; x_wconf 81' lang='grc' dir='ltr'>Καὶ</span> <span class='ocrx_word' id='word_1_371' title='bbox 1535 3649 1888 3722; x_wconf 78' lang='grc' dir='ltr'>κρατηθεῖσα,</span> <span class='ocrx_word' id='word_1_372' title='bbox 1945 3647 2035 3701; x_wconf 82' lang='grc' dir='ltr'>καὶ</span> 
     </span>
    </p>
   </div>
   <div class='ocr_carea' id='block_1_66' title="bbox 375 3731 2036 3812">
    <p class='ocr_par' dir='ltr' id='par_1_66' title="bbox 375 3731 2036 3812">
     <span class='ocr_line' id='line_1_68' title="bbox 375 3731 2036 3812; baseline 0.001 -22"><span class='ocrx_word' id='word_1_373' title='bbox 375 3737 478 3790; x_wconf 87' lang='grc' dir='ltr'>τοῦ</span> <span class='ocrx_word' id='word_1_374' title='bbox 503 3731 700 3798; x_wconf 86' lang='grc' dir='ltr'>παιδὸς</span> <span class='ocrx_word' id='word_1_375' title='bbox 733 3734 1205 3811; x_wconf 84' lang='grc' dir='ltr'>ἀποχωρισθεῖσα,</span> <span class='ocrx_word' id='word_1_376' title='bbox 1240 3737 1586 3812; x_wconf 80' lang='grc' dir='ltr'>ἐτιμωρεῖτο.</span> <span class='ocrx_word' id='word_1_377' title='bbox 1622 3738 1694 3793; x_wconf 89' lang='grc' dir='ltr'>Τὸ</span> <span class='ocrx_word' id='word_1_378' title='bbox 1729 3734 1788 3792; x_wconf 76' lang='grc' dir='ltr'>δὲ</span> <span class='ocrx_word' id='word_1_379' title='bbox 1816 3733 2036 3792; x_wconf 89' lang='grc' dir='ltr'>παιδίον</span> 
     </span>
    </p>
   </div>
   <div class='ocr_carea' id='block_1_67' title="bbox 382 3821 2040 3905">
    <p class='ocr_par' dir='ltr' id='par_1_67' title="bbox 382 3821 2040 3905">
     <span class='ocr_line' id='line_1_69' title="bbox 382 3821 2040 3905; baseline 0.001 -25"><span class='ocrx_word' id='word_1_380' title='bbox 382 3825 552 3880; x_wconf 84' lang='grc' dir='ltr'>αὑτοῦ</span> <span class='ocrx_word' id='word_1_381' title='bbox 612 3821 798 3882; x_wconf 79' lang='grc' dir='ltr'>λαϐὼν</span> <span class='ocrx_word' id='word_1_382' title='bbox 859 3825 946 3883; x_wconf 81' lang='grc' dir='ltr'>ἐπὶ</span> <span class='ocrx_word' id='word_1_383' title='bbox 1003 3831 1111 3884; x_wconf 84' lang='grc' dir='ltr'>τῶν</span> <span class='ocrx_word' id='word_1_384' title='bbox 1171 3827 1416 3903; x_wconf 81' lang='grc' dir='ltr'>γονάτων</span> <span class='ocrx_word' id='word_1_385' title='bbox 1469 3830 1496 3884; x_wconf 93' lang='lat'>6</span> <span class='ocrx_word' id='word_1_386' title='bbox 1555 3829 1801 3905; x_wconf 79' lang='grc' dir='ltr'>ἡγεμὼν.</span> <span class='ocrx_word' id='word_1_387' title='bbox 1849 3826 2040 3884; x_wconf 83' lang='grc' dir='ltr'>ἐκολά·</span> 
     </span>
    </p>
   </div>
   <div class='ocr_carea' id='block_1_68' title="bbox 375 3914 2038 3995">
    <p class='ocr_par' dir='ltr' id='par_1_68' title="bbox 375 3914 2038 3995">
     <span class='ocr_line' id='line_1_70' title="bbox 375 3914 2038 3995; baseline 0 -24"><span class='ocrx_word' id='word_1_388' title='bbox 375 3935 521 3972; x_wconf 89' lang='grc' dir='ltr'>κευε·</span> <span class='ocrx_word' id='word_1_389' title='bbox 553 3915 618 3972; x_wconf 87' lang='grc' dir='ltr'>τὸ</span> <span class='ocrx_word' id='word_1_390' title='bbox 674 3917 733 3972; x_wconf 73' lang='grc' dir='ltr'>δὲ</span> <span class='ocrx_word' id='word_1_391' title='bbox 788 3915 890 3973; x_wconf 77' lang='grc' dir='ltr'>οὐκ</span> <span class='ocrx_word' id='word_1_392' title='bbox 942 3916 1296 3993; x_wconf 73' lang='grc' dir='ltr'>ἐπεστρέφετο</span> <span class='ocrx_word' id='word_1_393' title='bbox 1356 3919 1493 3995; x_wconf 87' lang='grc' dir='ltr'>πρὸς</span> <span class='ocrx_word' id='word_1_394' title='bbox 1545 3918 1729 3974; x_wconf 77' lang='grc' dir='ltr'>αὐτόν’</span> <span class='ocrx_word' id='word_1_395' title='bbox 1763 3916 1910 3975; x_wconf 83' lang='grc' dir='ltr'>ἀλλὰ</span> <span class='ocrx_word' id='word_1_396' title='bbox 1967 3914 2038 3972; x_wconf 80' lang='grc' dir='ltr'>δι’</span> 
     </span>
    </p>
   </div>
   <div class='ocr_carea' id='block_1_69' title="bbox 379 4001 2036 4085">
    <p class='ocr_par' dir='ltr' id='par_1_69' title="bbox 379 4001 2036 4085">
     <span class='ocr_line' id='line_1_71' title="bbox 379 4001 2036 4085; baseline 0 -24"><span class='ocrx_word' id='word_1_397' title='bbox 379 4005 521 4061; x_wconf 77' lang='grc' dir='ltr'>ὅλου</span> <span class='ocrx_word' id='word_1_398' title='bbox 551 4001 779 4062; x_wconf 81' lang='grc' dir='ltr'>ἔϐλεπεν</span> <span class='ocrx_word' id='word_1_399' title='bbox 811 4007 1008 4071; x_wconf 79' lang='grc' dir='ltr'>ἀτενῶς</span> <span class='ocrx_word' id='word_1_400' title='bbox 1060 4008 1197 4083; x_wconf 87' lang='grc' dir='ltr'>πρὸς</span> <span class='ocrx_word' id='word_1_401' title='bbox 1251 4009 1350 4079; x_wconf 74' lang='grc' dir='ltr'>τήν</span> <span class='ocrx_word' id='word_1_402' title='bbox 1416 4007 1645 4085; x_wconf 70' lang='grc' dir='ltr'>μητέραο</span> <span class='ocrx_word' id='word_1_403' title='bbox 1704 4009 1792 4064; x_wconf 85' lang='grc' dir='ltr'>καὶ</span> <span class='ocrx_word' id='word_1_404' title='bbox 1847 4006 2036 4081; x_wconf 78' lang='grc' dir='ltr'>ψελλι-</span> 
     </span>
    </p>
   </div>
   <div class='ocr_carea' id='block_1_70' title="bbox 382 4094 2037 4174">
    <p class='ocr_par' dir='ltr' id='par_1_70' title="bbox 382 4094 2037 4174">
     <span class='ocr_line' id='line_1_72' title="bbox 382 4094 2037 4174; baseline 0.002 -25"><span class='ocrx_word' id='word_1_405' title='bbox 382 4094 552 4172; x_wconf 77' lang='grc' dir='ltr'>ζούσῃ</span> <span class='ocrx_word' id='word_1_406' title='bbox 579 4100 651 4171; x_wconf 80' lang='grc' dir='ltr'>τῇ</span> <span class='ocrx_word' id='word_1_407' title='bbox 681 4101 859 4174; x_wconf 78' lang='grc' dir='ltr'>φωνῇ,</span> <span class='ocrx_word' id='word_1_408' title='bbox 890 4098 952 4153; x_wconf 90' lang='grc' dir='ltr'>τὸ</span> <span class='ocrx_word' id='word_1_409' title='bbox 997 4098 1091 4171; x_wconf 75' lang='grc' dir='ltr'>μὲν</span> <span class='ocrx_word' id='word_1_410' title='bbox 1150 4097 1247 4154; x_wconf 79' lang='grc' dir='ltr'>τοῦ</span> <span class='ocrx_word' id='word_1_411' title='bbox 1304 4101 1541 4172; x_wconf 78' lang='grc' dir='ltr'>Χριστοῦ</span> <span class='ocrx_word' id='word_1_412' title='bbox 1601 4097 1918 4155; x_wconf 84' lang='grc' dir='ltr'>ἀνεκαλεῖτο</span> <span class='ocrx_word' id='word_1_413' title='bbox 1973 4098 2037 4152; x_wconf 84' lang='grc' dir='ltr'>τὸ</span> 
     </span>
    </p>
   </div>
   <div class='ocr_carea' id='block_1_71' title="bbox 377 4183 2036 4265">
    <p class='ocr_par' dir='ltr' id='par_1_71' title="bbox 377 4183 2036 4265">
     <span class='ocr_line' id='line_1_73' title="bbox 377 4183 2036 4265; baseline 0.001 -23"><span class='ocrx_word' id='word_1_414' title='bbox 377 4183 580 4261; x_wconf 73' lang='grc' dir='ltr'>ὄνομα,</span> <span class='ocrx_word' id='word_1_415' title='bbox 613 4188 748 4264; x_wconf 86' lang='grc' dir='ltr'>πρὸς</span> <span class='ocrx_word' id='word_1_416' title='bbox 781 4185 963 4258; x_wconf 75' lang='grc' dir='ltr'>δὲτὴν</span> <span class='ocrx_word' id='word_1_417' title='bbox 1027 4187 1237 4265; x_wconf 82' lang='grc' dir='ltr'>μητέρα</span> <span class='ocrx_word' id='word_1_418' title='bbox 1285 4185 1536 4246; x_wconf 80' lang='grc' dir='ltr'>ἔσπευδεν</span> <span class='ocrx_word' id='word_1_419' title='bbox 1599 4189 1877 4254; x_wconf 80' lang='grc' dir='ltr'>ἀπελθεῖν.</span> <span class='ocrx_word' id='word_1_420' title='bbox 1938 4188 2036 4244; x_wconf 81' lang='grc' dir='ltr'>Καὶ</span> 
     </span>
    </p>
   </div>
   <div class='ocr_carea' id='block_1_72' title="bbox 376 4277 2037 4357">
    <p class='ocr_par' dir='ltr' id='par_1_72' title="bbox 376 4277 2037 4357">
     <span class='ocr_line' id='line_1_74' title="bbox 376 4277 2037 4357; baseline 0.001 -25"><span class='ocrx_word' id='word_1_421' title='bbox 376 4279 644 4354; x_wconf 82' lang='grc' dir='ltr'>χολώσας</span> <span class='ocrx_word' id='word_1_422' title='bbox 670 4283 698 4334; x_wconf 88' lang='lat'>&#39;0</span> <span class='ocrx_word' id='word_1_423' title='bbox 729 4277 970 4350; x_wconf 76' lang='grc' dir='ltr'>ἀνηλεής</span> <span class='ocrx_word' id='word_1_424' title='bbox 1022 4281 1150 4355; x_wconf 83' lang='grc' dir='ltr'>θήρ,</span> <span class='ocrx_word' id='word_1_425' title='bbox 1211 4278 1487 4336; x_wconf 82' lang='grc' dir='ltr'>ἐλάκτισεν</span> <span class='ocrx_word' id='word_1_426' title='bbox 1520 4280 1700 4348; x_wconf 82' lang='grc' dir='ltr'>αὑτὸν,</span> <span class='ocrx_word' id='word_1_427' title='bbox 1737 4279 1899 4357; x_wconf 78' lang='grc' dir='ltr'>ῥίψας</span> <span class='ocrx_word' id='word_1_428' title='bbox 1932 4280 2037 4334; x_wconf 85' lang='grc' dir='ltr'>ἀπὸ</span> 
     </span>
    </p>
   </div>
   <div class='ocr_carea' id='block_1_73' title="bbox 376 4364 2034 4446">
    <p class='ocr_par' dir='ltr' id='par_1_73' title="bbox 376 4364 2034 4446">
     <span class='ocr_line' id='line_1_75' title="bbox 376 4364 2034 4446; baseline -0.001 -22"><span class='ocrx_word' id='word_1_429' title='bbox 376 4373 494 4424; x_wconf 80' lang='grc' dir='ltr'>τῶν</span> <span class='ocrx_word' id='word_1_430' title='bbox 531 4365 837 4444; x_wconf 86' lang='grc' dir='ltr'>βαθμίδων.</span> <span class='ocrx_word' id='word_1_431' title='bbox 879 4369 983 4427; x_wconf 86' lang='grc' dir='ltr'>Καὶ</span> <span class='ocrx_word' id='word_1_432' title='bbox 1013 4364 1390 4446; x_wconf 77' lang='grc' dir='ltr'>συντριϐείσης</span> <span class='ocrx_word' id='word_1_433' title='bbox 1440 4374 1511 4446; x_wconf 77' lang='grc' dir='ltr'>τῇ</span> <span class='ocrx_word' id='word_1_434' title='bbox 1569 4367 1739 4446; x_wconf 82' lang='grc' dir='ltr'>πέτρᾳ</span> <span class='ocrx_word' id='word_1_435' title='bbox 1790 4376 1889 4439; x_wconf 79' lang='grc' dir='ltr'>τῆς</span> <span class='ocrx_word' id='word_1_436' title='bbox 1948 4389 2034 4423; x_wconf 85' lang='grc' dir='ltr'>κε-</span> 
     </span>
    </p>
   </div>
   <div class='ocr_carea' id='block_1_74' title="bbox 2144 3363 3805 3438">
    <p class='ocr_par' dir='ltr' id='par_1_74' title="bbox 2144 3363 3805 3438">
     <span class='ocr_line' id='line_1_76' title="bbox 2144 3363 3805 3438; baseline -0.006 -11"><span class='ocrx_word' id='word_1_437' title='bbox 2144 3369 2476 3437; x_wconf 63' lang='lat' dir='ltr'>offendens,</span> <span class='ocrx_word' id='word_1_438' title='bbox 2497 3370 2738 3424; x_wconf 90' lang='lat' dir='ltr'>Tarsum</span> <span class='ocrx_word' id='word_1_439' title='bbox 2765 3365 3029 3438; x_wconf 80' lang='lat' dir='ltr'>profecta</span> <span class='ocrx_word' id='word_1_440' title='bbox 3049 3372 3138 3421; x_wconf 90' lang='lat' dir='ltr'>est</span> <span class='ocrx_word' id='word_1_441' title='bbox 3162 3381 3174 3418; x_wconf 90' lang='lat'><strong>:</strong></span> <span class='ocrx_word' id='word_1_442' title='bbox 3203 3364 3304 3420; x_wconf 91' lang='lat' dir='ltr'>ubi</span> <span class='ocrx_word' id='word_1_443' title='bbox 3337 3365 3516 3420; x_wconf 89' lang='lat' dir='ltr'>etiam</span> <span class='ocrx_word' id='word_1_444' title='bbox 3547 3363 3805 3419; x_wconf 79' lang='lat' dir='ltr'>Alexan-</span> 
     </span>
    </p>
   </div>
   <div class='ocr_carea' id='block_1_75' title="bbox 2143 3455 3802 3533">
    <p class='ocr_par' dir='ltr' id='par_1_75' title="bbox 2143 3455 3802 3533">
     <span class='ocr_line' id='line_1_77' title="bbox 2143 3455 3802 3533; baseline -0.005 -16"><span class='ocrx_word' id='word_1_445' title='bbox 2143 3463 2249 3518; x_wconf 90' lang='lat' dir='ltr'>der</span> <span class='ocrx_word' id='word_1_446' title='bbox 2274 3477 2516 3533; x_wconf 79' lang='lat' dir='ltr'>praeses,</span> <span class='ocrx_word' id='word_1_447' title='bbox 2539 3459 2718 3514; x_wconf 90' lang='lat' dir='ltr'>homo</span> <span class='ocrx_word' id='word_1_448' title='bbox 2742 3456 3002 3512; x_wconf 90' lang='lat' dir='ltr'>crudelis</span> <span class='ocrx_word' id='word_1_449' title='bbox 3034 3461 3091 3510; x_wconf 90' lang='lat' dir='ltr'>et</span> <span class='ocrx_word' id='word_1_450' title='bbox 3119 3455 3301 3525; x_wconf 84' lang='lat' dir='ltr'>ferus,</span> <span class='ocrx_word' id='word_1_451' title='bbox 3336 3460 3572 3510; x_wconf 88' lang='lat' dir='ltr'>sanctos</span> <span class='ocrx_word' id='word_1_452' title='bbox 3608 3455 3802 3521; x_wconf 74' lang='lat' dir='ltr'>exagi-</span> 
     </span>
    </p>
   </div>
   <div class='ocr_carea' id='block_1_76' title="bbox 2145 3549 3802 3622">
    <p class='ocr_par' dir='ltr' id='par_1_76' title="bbox 2145 3549 3802 3622">
     <span class='ocr_line' id='line_1_78' title="bbox 2145 3549 3802 3622; baseline -0.005 -13"><span class='ocrx_word' id='word_1_453' title='bbox 2145 3553 2324 3609; x_wconf 89' lang='lat' dir='ltr'>tabat.</span> <span class='ocrx_word' id='word_1_454' title='bbox 2373 3551 2815 3622; x_wconf 86' lang='lat' dir='ltr'>Comprehensa</span> <span class='ocrx_word' id='word_1_455' title='bbox 2862 3549 3085 3618; x_wconf 87' lang='lat' dir='ltr'>itaque,</span> <span class='ocrx_word' id='word_1_456' title='bbox 3118 3553 3178 3602; x_wconf 89' lang='lat' dir='ltr'>et</span> <span class='ocrx_word' id='word_1_457' title='bbox 3219 3563 3253 3602; x_wconf 88' lang='lat' dir='ltr'>a</span> <span class='ocrx_word' id='word_1_458' title='bbox 3291 3563 3475 3619; x_wconf 90' lang='lat' dir='ltr'>puero</span> <span class='ocrx_word' id='word_1_459' title='bbox 3509 3551 3802 3617; x_wconf 89' lang='lat' dir='ltr'>separata,</span> 
     </span>
    </p>
   </div>
   <div class='ocr_carea' id='block_1_77' title="bbox 2146 3633 3800 3712">
    <p class='ocr_par' dir='ltr' id='par_1_77' title="bbox 2146 3633 3800 3712">
     <span class='ocr_line' id='line_1_79' title="bbox 2146 3633 3800 3712; baseline -0.007 -13"><span class='ocrx_word' id='word_1_460' title='bbox 2146 3642 2462 3700; x_wconf 83' lang='lat' dir='ltr'>tormentis</span> <span class='ocrx_word' id='word_1_461' title='bbox 2494 3639 2830 3712; x_wconf 86' lang='lat' dir='ltr'>subjicitur.</span> <span class='ocrx_word' id='word_1_462' title='bbox 2880 3640 3070 3693; x_wconf 88' lang='lat' dir='ltr'>Puero</span> <span class='ocrx_word' id='word_1_463' title='bbox 3108 3642 3308 3692; x_wconf 88' lang='lat' dir='ltr'>autem</span> <span class='ocrx_word' id='word_1_464' title='bbox 3342 3652 3520 3708; x_wconf 90' lang='lat' dir='ltr'>super</span> <span class='ocrx_word' id='word_1_465' title='bbox 3548 3633 3800 3707; x_wconf 79' lang='lat' dir='ltr'>genibus</span> 
     </span>
    </p>
   </div>
   <div class='ocr_carea' id='block_1_78' title="bbox 2144 3725 3804 3808">
    <p class='ocr_par' dir='ltr' id='par_1_78' title="bbox 2144 3725 3804 3808">
     <span class='ocr_line' id='line_1_80' title="bbox 2144 3725 3804 3808; baseline -0.007 -18"><span class='ocrx_word' id='word_1_466' title='bbox 2144 3735 2338 3808; x_wconf 88' lang='lat' dir='ltr'>posito</span> <span class='ocrx_word' id='word_1_467' title='bbox 2371 3748 2591 3805; x_wconf 75' lang='lat' dir='ltr'>praeses</span> <span class='ocrx_word' id='word_1_468' title='bbox 2622 3729 2860 3786; x_wconf 89' lang='lat' dir='ltr'>interim</span> <span class='ocrx_word' id='word_1_469' title='bbox 2891 3727 3328 3784; x_wconf 90' lang='lat' dir='ltr'>blandiebatur.</span> <span class='ocrx_word' id='word_1_470' title='bbox 3363 3729 3439 3782; x_wconf 82' lang='lat' dir='ltr'>At</span> <span class='ocrx_word' id='word_1_471' title='bbox 3466 3725 3568 3781; x_wconf 88' lang='lat' dir='ltr'>ille</span> <span class='ocrx_word' id='word_1_472' title='bbox 3597 3741 3804 3781; x_wconf 82' lang='lat' dir='ltr'>averso</span> 
     </span>
    </p>
   </div>
   <div class='ocr_carea' id='block_1_79' title="bbox 2146 3815 3802 3892">
    <p class='ocr_par' dir='ltr' id='par_1_79' title="bbox 2146 3815 3802 3892">
     <span class='ocr_line' id='line_1_81' title="bbox 2146 3815 3802 3892; baseline -0.007 -11"><span class='ocrx_word' id='word_1_473' title='bbox 2146 3825 2218 3881; x_wconf 88' lang='lat' dir='ltr'>ab</span> <span class='ocrx_word' id='word_1_474' title='bbox 2241 3824 2344 3879; x_wconf 93' lang='lat' dir='ltr'>illo</span> <span class='ocrx_word' id='word_1_475' title='bbox 2368 3821 2812 3892; x_wconf 81' lang='lat' dir='ltr'>ore,deﬁxoque</span> <span class='ocrx_word' id='word_1_476' title='bbox 2834 3820 2899 3874; x_wconf 91' lang='lat' dir='ltr'>in</span> <span class='ocrx_word' id='word_1_477' title='bbox 2921 3823 3176 3874; x_wconf 81' lang='lat' dir='ltr'>matrem</span> <span class='ocrx_word' id='word_1_478' title='bbox 3192 3815 3802 3884; x_wconf 88' lang='lat' dir='ltr'>obtutu,balbutiente</span> 
     </span>
    </p>
   </div>
   <div class='ocr_carea' id='block_1_80' title="bbox 2146 3901 3807 3978">
    <p class='ocr_par' dir='ltr' id='par_1_80' title="bbox 2146 3901 3807 3978">
     <span class='ocr_line' id='line_1_82' title="bbox 2146 3901 3807 3978; baseline -0.008 -10"><span class='ocrx_word' id='word_1_479' title='bbox 2146 3929 2283 3969; x_wconf 82' lang='lat' dir='ltr'>voce</span> <span class='ocrx_word' id='word_1_480' title='bbox 2315 3925 2535 3967; x_wconf 90' lang='lat' dir='ltr'>nomen</span> <span class='ocrx_word' id='word_1_481' title='bbox 2565 3907 2783 3966; x_wconf 87' lang='lat' dir='ltr'>Christi</span> <span class='ocrx_word' id='word_1_482' title='bbox 2811 3905 3238 3978; x_wconf 88' lang='lat' dir='ltr'>appellabat,et</span> <span class='ocrx_word' id='word_1_483' title='bbox 3258 3903 3333 3960; x_wconf 88' lang='lat' dir='ltr'>ad</span> <span class='ocrx_word' id='word_1_484' title='bbox 3358 3907 3612 3959; x_wconf 85' lang='lat' dir='ltr'>matrem</span> <span class='ocrx_word' id='word_1_485' title='bbox 3645 3901 3807 3956; x_wconf 90' lang='lat' dir='ltr'>abire</span> 
     </span>
    </p>
   </div>
   <div class='ocr_carea' id='block_1_81' title="bbox 2145 3993 3804 4065">
    <p class='ocr_par' dir='ltr' id='par_1_81' title="bbox 2145 3993 3804 4065">
     <span class='ocr_line' id='line_1_83' title="bbox 2145 3993 3804 4065; baseline -0.009 -4"><span class='ocrx_word' id='word_1_486' title='bbox 2145 4002 2492 4060; x_wconf 85' lang='lat' dir='ltr'>conabatur.</span> <span class='ocrx_word' id='word_1_487' title='bbox 2525 4001 2714 4065; x_wconf 87' lang='lat' dir='ltr'>Quare</span> <span class='ocrx_word' id='word_1_488' title='bbox 2745 3996 2817 4052; x_wconf 88' lang='lat' dir='ltr'>ab</span> <span class='ocrx_word' id='word_1_489' title='bbox 2849 3996 3068 4052; x_wconf 87' lang='lat' dir='ltr'>immiti</span> <span class='ocrx_word' id='word_1_490' title='bbox 3112 3995 3239 4051; x_wconf 86' lang='lat' dir='ltr'>fera</span> <span class='ocrx_word' id='word_1_491' title='bbox 3288 3993 3552 4051; x_wconf 87' lang='lat' dir='ltr'>calcibus</span> <span class='ocrx_word' id='word_1_492' title='bbox 3583 3997 3804 4060; x_wconf 86' lang='lat' dir='ltr'>trusus,</span> 
     </span>
    </p>
   </div>
   <div class='ocr_carea' id='block_1_82' title="bbox 2147 4081 3803 4166">
    <p class='ocr_par' dir='ltr' id='par_1_82' title="bbox 2147 4081 3803 4166">
     <span class='ocr_line' id='line_1_84' title="bbox 2147 4081 3803 4166; baseline -0.008 -15"><span class='ocrx_word' id='word_1_493' title='bbox 2147 4100 2206 4151; x_wconf 90' lang='lat' dir='ltr'>et</span> <span class='ocrx_word' id='word_1_494' title='bbox 2234 4111 2340 4166; x_wconf 90' lang='lat' dir='ltr'>per</span> <span class='ocrx_word' id='word_1_495' title='bbox 2368 4091 2587 4166; x_wconf 82' lang='lat' dir='ltr'>gradus</span> <span class='ocrx_word' id='word_1_496' title='bbox 2629 4089 2920 4161; x_wconf 89' lang='lat' dir='ltr'>dejectus,</span> <span class='ocrx_word' id='word_1_497' title='bbox 2972 4085 3180 4143; x_wconf 91' lang='lat' dir='ltr'>colliso</span> <span class='ocrx_word' id='word_1_498' title='bbox 3231 4085 3306 4141; x_wconf 90' lang='lat' dir='ltr'>ad</span> <span class='ocrx_word' id='word_1_499' title='bbox 3353 4090 3584 4158; x_wconf 87' lang='lat' dir='ltr'>petram</span> <span class='ocrx_word' id='word_1_500' title='bbox 3611 4081 3803 4156; x_wconf 88' lang='lat' dir='ltr'>capite</span> 
     </span>
    </p>
   </div>
   <div class='ocr_carea' id='block_1_83' title="bbox 2145 4174 3805 4254">
    <p class='ocr_par' dir='ltr' id='par_1_83' title="bbox 2145 4174 3805 4254">
     <span class='ocr_line' id='line_1_85' title="bbox 2145 4174 3805 4254; baseline -0.01 -12"><span class='ocrx_word' id='word_1_501' title='bbox 2145 4185 2540 4254; x_wconf 90' lang='lat' dir='ltr'>contritoque,</span> <span class='ocrx_word' id='word_1_502' title='bbox 2601 4178 2977 4236; x_wconf 87' lang='lat' dir='ltr'>exanimatus</span> <span class='ocrx_word' id='word_1_503' title='bbox 3033 4181 3144 4245; x_wconf 89' lang='lat' dir='ltr'>est.</span> <span class='ocrx_word' id='word_1_504' title='bbox 3218 4177 3401 4230; x_wconf 88' lang='lat' dir='ltr'>Mater</span> <span class='ocrx_word' id='word_1_505' title='bbox 3456 4174 3610 4231; x_wconf 77' lang='lat'>168</span> <span class='ocrx_word' id='word_1_506' title='bbox 3666 4188 3805 4227; x_wconf 81' lang='lat' dir='ltr'>vero</span> 
     </span>
    </p>
   </div>
   <div class='ocr_carea' id='block_1_84' title="bbox 2147 4263 3808 4346">
    <p class='ocr_par' dir='ltr' id='par_1_84' title="bbox 2147 4263 3808 4346">
     <span class='ocr_line' id='line_1_86' title="bbox 2147 4263 3808 4346; baseline -0.009 -13"><span class='ocrx_word' id='word_1_507' title='bbox 2147 4278 2333 4332; x_wconf 87' lang='lat' dir='ltr'>Deum</span> <span class='ocrx_word' id='word_1_508' title='bbox 2363 4271 2727 4346; x_wconf 84' lang='lat' dir='ltr'>gloriﬁcans,</span> <span class='ocrx_word' id='word_1_509' title='bbox 2750 4272 2886 4340; x_wconf 90' lang='lat' dir='ltr'>post</span> <span class='ocrx_word' id='word_1_510' title='bbox 2913 4266 3118 4339; x_wconf 85' lang='lat' dir='ltr'>plures</span> <span class='ocrx_word' id='word_1_511' title='bbox 3141 4264 3437 4322; x_wconf 88' lang='lat' dir='ltr'>cruciatus</span> <span class='ocrx_word' id='word_1_512' title='bbox 3471 4263 3650 4320; x_wconf 89' lang='lat' dir='ltr'>etiam</span> <span class='ocrx_word' id='word_1_513' title='bbox 3681 4263 3808 4334; x_wconf 83' lang='lat' dir='ltr'>ipsa</span> 
     </span>
    </p>
   </div>
   <div class='ocr_carea' id='block_1_85' title="bbox 2146 4359 2702 4438">
    <p class='ocr_par' dir='ltr' id='par_1_85' title="bbox 2146 4359 2702 4438">
     <span class='ocr_line' id='line_1_87' title="bbox 2146 4359 2702 4438; baseline -0.022 -14"><span class='ocrx_word' id='word_1_514' title='bbox 2146 4366 2338 4438; x_wconf 87' lang='lat' dir='ltr'>capite</span> <span class='ocrx_word' id='word_1_515' title='bbox 2369 4362 2542 4436; x_wconf 82' lang='lat' dir='ltr'>plexa</span> <span class='ocrx_word' id='word_1_516' title='bbox 2571 4359 2702 4414; x_wconf 88' lang='lat' dir='ltr'>fuit.</span> 
     </span>
    </p>
   </div>
   <div class='ocr_carea' id='block_1_86' title="bbox 378 4440 3806 4536">
    <p class='ocr_par' dir='ltr' id='par_1_86' title="bbox 378 4440 3806 4536">
     <span class='ocr_line' id='line_1_88' title="bbox 378 4440 3806 4536; baseline -0.004 -22"><span class='ocrx_word' id='word_1_517' title='bbox 378 4440 567 4536; x_wconf 46' lang='lat' dir='ltr'>(pallii:</span> <span class='ocrx_word' id='word_1_518' title='bbox 631 4440 818 4529; x_wconf 84' lang='grc' dir='ltr'>αὑτοῦ,</span> <span class='ocrx_word' id='word_1_519' title='bbox 862 4459 1038 4536; x_wconf 74' lang='grc' dir='ltr'>ἀφῆκε</span> <span class='ocrx_word' id='word_1_520' title='bbox 1095 4440 1194 4530; x_wconf 59' lang='grc' dir='ltr'>την</span> <span class='ocrx_word' id='word_1_521' title='bbox 1255 4440 1623 4536; x_wconf 41' lang='grc' dir='ltr'>ψυχήν.’Καὶ</span> <span class='ocrx_word' id='word_1_522' title='bbox 1673 4440 1945 4534; x_wconf 45' lang='grc' dir='ltr'>’δοξάσασα</span> <span class='ocrx_word' id='word_1_523' title='bbox 1989 4459 2081 4515; x_wconf 85' lang='grc' dir='ltr'>τὸν</span> <span class='ocrx_word' id='word_1_524' title='bbox 2160 4455 2288 4512; x_wconf 86' lang='grc' dir='ltr'>Θεὸν</span> <span class='ocrx_word' id='word_1_525' title='bbox 2317 4455 2352 4522; x_wconf 82' lang='grc' dir='ltr'><strong>ἡ</strong></span> <span class='ocrx_word' id='word_1_526' title='bbox 2407 4452 2593 4525; x_wconf 85' lang='grc' dir='ltr'>μήτηρ</span> <span class='ocrx_word' id='word_1_527' title='bbox 2651 4445 2841 4516; x_wconf 76' lang='grc' dir='ltr'>αὖτοῦ,</span> <span class='ocrx_word' id='word_1_528' title='bbox 2892 4445 3030 4518; x_wconf 80' lang='grc' dir='ltr'>μετὰ</span> <span class='ocrx_word' id='word_1_529' title='bbox 3084 4440 3300 4504; x_wconf 84' lang='grc' dir='ltr'>πολλὰς</span> <span class='ocrx_word' id='word_1_530' title='bbox 3384 4441 3480 4503; x_wconf 77' lang='grc' dir='ltr'>τὰς</span> <span class='ocrx_word' id='word_1_531' title='bbox 3543 4440 3806 4517; x_wconf 81' lang='grc' dir='ltr'>βασάνους</span> 
     </span>
    </p>
   </div>
   <div class='ocr_carea' id='block_1_87' title="bbox 382 4547 1096 4626">
    <p class='ocr_par' dir='ltr' id='par_1_87' title="bbox 382 4547 1096 4626">
     <span class='ocr_line' id='line_1_89' title="bbox 382 4547 1096 4626; baseline 0.006 -22"><span class='ocrx_word' id='word_1_532' title='bbox 382 4547 790 4626; x_wconf 69' lang='grc' dir='ltr'>ἀπεκεφαλίσθη</span> <span class='ocrx_word' id='word_1_533' title='bbox 816 4549 905 4604; x_wconf 79' lang='grc' dir='ltr'>καὶ</span> <span class='ocrx_word' id='word_1_534' title='bbox 936 4549 1096 4622; x_wconf 83' lang='grc' dir='ltr'>αὐτή.</span> 
     </span>
    </p>
   </div>
   <div class='ocr_carea' id='block_1_88' title="bbox 499 4662 1927 4744">
    <p class='ocr_par' dir='ltr' id='par_1_88' title="bbox 499 4662 1927 4744">
     <span class='ocr_line' id='line_1_90' title="bbox 499 4662 1927 4744; baseline 0.001 -21"><span class='ocrx_word' id='word_1_535' title='bbox 499 4664 602 4723; x_wconf 82' lang='grc' dir='ltr'>Καὶ</span> <span class='ocrx_word' id='word_1_536' title='bbox 633 4662 864 4736; x_wconf 78' lang='grc' dir='ltr'>ἄθλησις</span> <span class='ocrx_word' id='word_1_537' title='bbox 889 4668 988 4722; x_wconf 89' lang='grc' dir='ltr'>τοῦ</span> <span class='ocrx_word' id='word_1_538' title='bbox 1046 4664 1201 4741; x_wconf 80' lang='grc' dir='ltr'>ἁγίου</span> <span class='ocrx_word' id='word_1_539' title='bbox 1236 4667 1510 4744; x_wconf 85' lang='grc' dir='ltr'>μάρτυρος</span> <span class='ocrx_word' id='word_1_540' title='bbox 1567 4662 1927 4741; x_wconf 75' lang='grc' dir='ltr'>Ἀϐουδίμου.</span> 
     </span>
    </p>
   </div>
   <div class='ocr_carea' id='block_1_89' title="bbox 461 4777 2040 4860">
    <p class='ocr_par' dir='ltr' id='par_1_89' title="bbox 461 4777 2040 4860">
     <span class='ocr_line' id='line_1_91' title="bbox 461 4777 2040 4860; baseline -0.001 -22"><span class='ocrx_word' id='word_1_541' title='bbox 461 4785 522 4841; x_wconf 86' lang='grc' dir='ltr'><strong>Ὀ</strong></span> <span class='ocrx_word' id='word_1_542' title='bbox 543 4785 642 4838; x_wconf 88' lang='grc' dir='ltr'>τοῦ</span> <span class='ocrx_word' id='word_1_543' title='bbox 680 4781 922 4856; x_wconf 82' lang='grc' dir='ltr'>Χριστοῦ</span> <span class='ocrx_word' id='word_1_544' title='bbox 977 4781 1182 4858; x_wconf 79' lang='grc' dir='ltr'>μάρτυς</span> <span class='ocrx_word' id='word_1_545' title='bbox 1238 4777 1597 4858; x_wconf 82' lang='grc' dir='ltr'>’Λϐούδιμος,</span> <span class='ocrx_word' id='word_1_546' title='bbox 1652 4784 1895 4860; x_wconf 76' lang='grc' dir='ltr'>ὑπῆρχεν</span> <span class='ocrx_word' id='word_1_547' title='bbox 1950 4781 2040 4838; x_wconf 82' lang='grc' dir='ltr'>ἐπὶ</span> 
     </span>
    </p>
   </div>
   <div class='ocr_carea' id='block_1_90' title="bbox 385 4868 2036 4947">
    <p class='ocr_par' dir='ltr' id='par_1_90' title="bbox 385 4868 2036 4947">
     <span class='ocr_line' id='line_1_92' title="bbox 385 4868 2036 4947; baseline 0.001 -19"><span class='ocrx_word' id='word_1_548' title='bbox 385 4869 790 4942; x_wconf 86' lang='grc' dir='ltr'>Διοκλητιανοῦ</span> <span class='ocrx_word' id='word_1_549' title='bbox 837 4875 932 4926; x_wconf 87' lang='grc' dir='ltr'>τοῦ</span> <span class='ocrx_word' id='word_1_550' title='bbox 995 4868 1286 4947; x_wconf 74' lang='grc' dir='ltr'>βασιλέως,</span> <span class='ocrx_word' id='word_1_551' title='bbox 1353 4871 1410 4927; x_wconf 90' lang='grc' dir='ltr'>ἐκ</span> <span class='ocrx_word' id='word_1_552' title='bbox 1461 4880 1562 4942; x_wconf 80' lang='grc' dir='ltr'>τῆς</span> <span class='ocrx_word' id='word_1_553' title='bbox 1593 4875 1756 4944; x_wconf 86' lang='grc' dir='ltr'>νήσου</span> <span class='ocrx_word' id='word_1_554' title='bbox 1788 4869 2036 4931; x_wconf 86' lang='grc' dir='ltr'>Τενέδου.</span> 
     </span>
    </p>
   </div>
   <div class='ocr_carea' id='block_1_91' title="bbox 380 4957 2040 5037">
    <p class='ocr_par' dir='ltr' id='par_1_91' title="bbox 380 4957 2040 5037">
     <span class='ocr_line' id='line_1_93' title="bbox 380 4957 2040 5037; baseline -0.001 -20"><span class='ocrx_word' id='word_1_555' title='bbox 380 4961 691 5033; x_wconf 80' lang='grc' dir='ltr'>Κρατηθεὶς</span> <span class='ocrx_word' id='word_1_556' title='bbox 722 4957 798 5032; x_wconf 78' lang='grc' dir='ltr'>δὶ,</span> <span class='ocrx_word' id='word_1_557' title='bbox 831 4961 922 5016; x_wconf 88' lang='grc' dir='ltr'>καὶ</span> <span class='ocrx_word' id='word_1_558' title='bbox 952 4959 1142 5017; x_wconf 88' lang='grc' dir='ltr'>πολλά</span> <span class='ocrx_word' id='word_1_559' title='bbox 1196 4962 1648 5037; x_wconf 81' lang='grc' dir='ltr'>καταναγκασθεὶς</span> <span class='ocrx_word' id='word_1_560' title='bbox 1705 4964 2040 5037; x_wconf 85' lang='grc' dir='ltr'>ἀρνήσασθαι</span> 
     </span>
    </p>
   </div>
   <div class='ocr_carea' id='block_1_92' title="bbox 380 5049 2041 5127">
    <p class='ocr_par' dir='ltr' id='par_1_92' title="bbox 380 5049 2041 5127">
     <span class='ocr_line' id='line_1_94' title="bbox 380 5049 2041 5127; baseline -0.001 -18"><span class='ocrx_word' id='word_1_561' title='bbox 380 5053 481 5109; x_wconf 85' lang='grc' dir='ltr'>τὸν</span> <span class='ocrx_word' id='word_1_562' title='bbox 514 5051 773 5126; x_wconf 83' lang='grc' dir='ltr'>Χριστὸν,</span> <span class='ocrx_word' id='word_1_563' title='bbox 807 5049 905 5107; x_wconf 81' lang='grc' dir='ltr'>οὐκ</span> <span class='ocrx_word' id='word_1_564' title='bbox 961 5049 1205 5122; x_wconf 81' lang='grc' dir='ltr'>ἐπείσθη·</span> <span class='ocrx_word' id='word_1_565' title='bbox 1235 5049 1381 5108; x_wconf 75' lang='grc' dir='ltr'>ἀλλὰ</span> <span class='ocrx_word' id='word_1_566' title='bbox 1432 5051 1646 5126; x_wconf 79' lang='grc' dir='ltr'>μᾶλλον</span> <span class='ocrx_word' id='word_1_567' title='bbox 1703 5051 2041 5127; x_wconf 83' lang='grc' dir='ltr'>ὡμολόγησε</span> 
     </span>
    </p>
   </div>
   <div class='ocr_carea' id='block_1_93' title="bbox 381 5139 2039 5218">
    <p class='ocr_par' dir='ltr' id='par_1_93' title="bbox 381 5139 2039 5218">
     <span class='ocr_line' id='line_1_95' title="bbox 381 5139 2039 5218; baseline -0.002 -18"><span class='ocrx_word' id='word_1_568' title='bbox 381 5141 668 5218; x_wconf 73' lang='grc' dir='ltr'>παρῥησίᾳ</span> <span class='ocrx_word' id='word_1_569' title='bbox 691 5140 792 5209; x_wconf 79' lang='grc' dir='ltr'>τὴν</span> <span class='ocrx_word' id='word_1_570' title='bbox 827 5139 1056 5211; x_wconf 88' lang='grc' dir='ltr'>θεότητα</span> <span class='ocrx_word' id='word_1_571' title='bbox 1104 5141 1290 5198; x_wconf 81' lang='grc' dir='ltr'>αὑτοῦ.</span> <span class='ocrx_word' id='word_1_572' title='bbox 1351 5143 1508 5201; x_wconf 86' lang='grc' dir='ltr'>Ὃθεν</span> <span class='ocrx_word' id='word_1_573' title='bbox 1569 5141 1760 5199; x_wconf 80' lang='grc' dir='ltr'>πάλων</span> <span class='ocrx_word' id='word_1_574' title='bbox 1795 5143 2039 5214; x_wconf 69' lang='grc' dir='ltr'>πηχθένι</span> 
     </span>
    </p>
   </div>
   <div class='ocr_carea' id='block_1_94' title="bbox 378 5228 2041 5308">
    <p class='ocr_par' dir='ltr' id='par_1_94' title="bbox 378 5228 2041 5308">
     <span class='ocr_line' id='line_1_96' title="bbox 378 5228 2041 5308; baseline -0.001 -18"><span class='ocrx_word' id='word_1_575' title='bbox 378 5255 520 5293; x_wconf 83' lang='grc' dir='ltr'>των,</span> <span class='ocrx_word' id='word_1_576' title='bbox 554 5231 631 5296; x_wconf 67' lang='grc' dir='ltr'>εἷς</span> <span class='ocrx_word' id='word_1_577' title='bbox 668 5232 930 5308; x_wconf 82' lang='grc' dir='ltr'>μάστιγας</span> <span class='ocrx_word' id='word_1_578' title='bbox 968 5231 1211 5303; x_wconf 81' lang='grc' dir='ltr'>ἐξετάθη,</span> <span class='ocrx_word' id='word_1_579' title='bbox 1269 5233 1359 5289; x_wconf 85' lang='grc' dir='ltr'>καὶ</span> <span class='ocrx_word' id='word_1_580' title='bbox 1418 5232 1675 5289; x_wconf 72' lang='grc' dir='ltr'>τύπτεται</span> <span class='ocrx_word' id='word_1_581' title='bbox 1737 5235 1840 5289; x_wconf 86' lang='grc' dir='ltr'>ὑπὸ</span> <span class='ocrx_word' id='word_1_582' title='bbox 1893 5228 2041 5288; x_wconf 74' lang='grc' dir='ltr'>ἐννέα</span> 
     </span>
    </p>
   </div>
   <div class='ocr_carea' id='block_1_95' title="bbox 387 5320 2037 5397">
    <p class='ocr_par' dir='ltr' id='par_1_95' title="bbox 387 5320 2037 5397">
     <span class='ocr_line' id='line_1_97' title="bbox 387 5320 2037 5397; baseline -0.002 -17"><span class='ocrx_word' id='word_1_583' title='bbox 387 5326 764 5396; x_wconf 75' lang='grc' dir='ltr'>στρατιωτῶν·</span> <span class='ocrx_word' id='word_1_584' title='bbox 855 5322 1195 5397; x_wconf 72' lang='grc' dir='ltr'>βιασαμὲνων</span> <span class='ocrx_word' id='word_1_585' title='bbox 1275 5320 1332 5378; x_wconf 69' lang='grc' dir='ltr'>δὲ</span> <span class='ocrx_word' id='word_1_586' title='bbox 1415 5323 1574 5379; x_wconf 81' lang='grc' dir='ltr'>αὑτὸν</span> <span class='ocrx_word' id='word_1_587' title='bbox 1642 5329 1751 5379; x_wconf 81' lang='grc' dir='ltr'>τῶν</span> <span class='ocrx_word' id='word_1_588' title='bbox 1820 5321 2037 5396; x_wconf 83' lang='grc' dir='ltr'>δημίων</span> 
     </span>
    </p>
   </div>
   <div class='ocr_carea' id='block_1_96' title="bbox 393 5411 2040 5490">
    <p class='ocr_par' dir='ltr' id='par_1_96' title="bbox 393 5411 2040 5490">
     <span class='ocr_line' id='line_1_98' title="bbox 393 5411 2040 5490; baseline 0.001 -22"><span class='ocrx_word' id='word_1_589' title='bbox 393 5418 610 5490; x_wconf 84' lang='grc' dir='ltr'>μιαρῶν</span> <span class='ocrx_word' id='word_1_590' title='bbox 693 5411 1088 5488; x_wconf 86' lang='grc' dir='ltr'>ἀπογεύσασθαι</span> <span class='ocrx_word' id='word_1_591' title='bbox 1147 5417 1369 5484; x_wconf 84' lang='grc' dir='ltr'>θυσιῶν,</span> <span class='ocrx_word' id='word_1_592' title='bbox 1442 5414 1544 5469; x_wconf 83' lang='grc' dir='ltr'>οὑκ</span> <span class='ocrx_word' id='word_1_593' title='bbox 1601 5412 1893 5489; x_wconf 77' lang='grc' dir='ltr'>ἠνεσχέθη.</span> <span class='ocrx_word' id='word_1_594' title='bbox 1947 5414 2040 5469; x_wconf 84' lang='grc' dir='ltr'>Διὸ</span> 
     </span>
    </p>
   </div>
   <div class='ocr_carea' id='block_1_97' title="bbox 381 5500 2040 5578">
    <p class='ocr_par' dir='ltr' id='par_1_97' title="bbox 381 5500 2040 5578">
     <span class='ocr_line' id='line_1_99' title="bbox 381 5500 2040 5578; baseline 0 -18"><span class='ocrx_word' id='word_1_595' title='bbox 381 5507 596 5578; x_wconf 76' lang='grc' dir='ltr'>ξὲουσιν</span> <span class='ocrx_word' id='word_1_596' title='bbox 656 5500 816 5557; x_wconf 84' lang='grc' dir='ltr'>αὑτὸν</span> <span class='ocrx_word' id='word_1_597' title='bbox 877 5502 1036 5578; x_wconf 85' lang='grc' dir='ltr'>χερσὶ</span> <span class='ocrx_word' id='word_1_598' title='bbox 1095 5506 1369 5578; x_wconf 71' lang='grc' dir='ltr'>σιδηραῖςο</span> <span class='ocrx_word' id='word_1_599' title='bbox 1427 5503 1517 5559; x_wconf 79' lang='grc' dir='ltr'>καὶ</span> <span class='ocrx_word' id='word_1_600' title='bbox 1606 5504 1741 5577; x_wconf 73' lang='grc' dir='ltr'>μετὰ</span> <span class='ocrx_word' id='word_1_601' title='bbox 1824 5503 2040 5566; x_wconf 83' lang='grc' dir='ltr'>πολλὰς</span> 
     </span>
    </p>
   </div>
   <div class='ocr_carea' id='block_1_98' title="bbox 381 5591 2039 5671">
    <p class='ocr_par' dir='ltr' id='par_1_98' title="bbox 381 5591 2039 5671">
     <span class='ocr_line' id='line_1_100' title="bbox 381 5591 2039 5671; baseline -0.002 -19"><span class='ocrx_word' id='word_1_602' title='bbox 381 5596 571 5671; x_wconf 70' lang='grc' dir='ltr'>ἐτέρας</span> <span class='ocrx_word' id='word_1_603' title='bbox 651 5593 918 5668; x_wconf 85' lang='grc' dir='ltr'>βασάνους</span> <span class='ocrx_word' id='word_1_604' title='bbox 980 5592 1057 5663; x_wconf 77' lang='grc' dir='ltr'>μὴ</span> <span class='ocrx_word' id='word_1_605' title='bbox 1116 5594 1400 5648; x_wconf 64' lang='grc' dir='ltr'>πεισθέντα</span> <span class='ocrx_word' id='word_1_606' title='bbox 1459 5591 1881 5667; x_wconf 80' lang='grc' dir='ltr'>ἀπεκεφάλισαν.</span> <span class='ocrx_word' id='word_1_607' title='bbox 1934 5595 2039 5650; x_wconf 86' lang='grc' dir='ltr'>Καὶ</span> 
     </span>
    </p>
   </div>
   <div class='ocr_carea' id='block_1_99' title="bbox 379 5679 2040 5759">
    <p class='ocr_par' dir='ltr' id='par_1_99' title="bbox 379 5679 2040 5759">
     <span class='ocr_line' id='line_1_101' title="bbox 379 5679 2040 5759; baseline 0 -21"><span class='ocrx_word' id='word_1_608' title='bbox 379 5683 506 5741; x_wconf 55' lang='grc' dir='ltr'>ἔδοὺ</span> <span class='ocrx_word' id='word_1_609' title='bbox 542 5681 713 5758; x_wconf 83' lang='grc' dir='ltr'>μέσης</span> <span class='ocrx_word' id='word_1_610' title='bbox 742 5681 953 5757; x_wconf 65' lang='grc' dir='ltr'>ἡμέρας</span> <span class='ocrx_word' id='word_1_611' title='bbox 985 5679 1152 5759; x_wconf 72' lang='grc' dir='ltr'>ἐφάνη</span> <span class='ocrx_word' id='word_1_612' title='bbox 1188 5683 1216 5737; x_wconf 88' lang='lat'>6</span> <span class='ocrx_word' id='word_1_613' title='bbox 1250 5683 1456 5758; x_wconf 86' lang='grc' dir='ltr'>μάρτυς</span> <span class='ocrx_word' id='word_1_614' title='bbox 1511 5687 1591 5756; x_wconf 80' lang='grc' dir='ltr'>τῷ</span> <span class='ocrx_word' id='word_1_615' title='bbox 1658 5682 2040 5757; x_wconf 75' lang='grc' dir='ltr'>Διοκλητιανῷ</span> 
     </span>
    </p>
   </div>
   <div class='ocr_carea' id='block_1_100' title="bbox 387 5768 2038 5851">
    <p class='ocr_par' dir='ltr' id='par_1_100' title="bbox 387 5768 2038 5851">
     <span class='ocr_line' id='line_1_102' title="bbox 387 5768 2038 5851; baseline -0.002 -20"><span class='ocrx_word' id='word_1_616' title='bbox 387 5773 527 5851; x_wconf 81' lang='grc' dir='ltr'>μετά</span> <span class='ocrx_word' id='word_1_617' title='bbox 606 5769 850 5850; x_wconf 68' lang='grc' dir='ltr'>ἀγγὶλων</span> <span class='ocrx_word' id='word_1_618' title='bbox 907 5770 1252 5850; x_wconf 84' lang='grc' dir='ltr'>κατεχόντων</span> <span class='ocrx_word' id='word_1_619' title='bbox 1340 5771 1632 5851; x_wconf 62' lang='grc' dir='ltr'>ῥομφαίας⁸</span> <span class='ocrx_word' id='word_1_620' title='bbox 1726 5773 1816 5829; x_wconf 84' lang='grc' dir='ltr'>καὶ</span> <span class='ocrx_word' id='word_1_621' title='bbox 1881 5768 2038 5848; x_wconf 77' lang='grc' dir='ltr'>φόϐῳ</span> 
     </span>
    </p>
   </div>
   <div class='ocr_carea' id='block_1_101' title="bbox 2067 4649 2114 4713">
    <p class='ocr_par' dir='ltr' id='par_1_101' title="bbox 2067 4649 2114 4713">
     <span class='ocr_line' id='line_1_103' title="bbox 2067 4649 2114 4713; baseline 0 0"><span class='ocrx_word' id='word_1_622' title='bbox 2067 4649 2114 4713; x_wconf 92' lang='lat' dir='ltr'><strong>D</strong></span> 
     </span>
    </p>
   </div>
   <div class='ocr_carea' id='block_1_102' title="bbox 2355 4647 3581 4730">
    <p class='ocr_par' dir='ltr' id='par_1_102' title="bbox 2355 4647 3581 4730">
     <span class='ocr_line' id='line_1_104' title="bbox 2355 4647 3581 4730; baseline -0.008 -17"><span class='ocrx_word' id='word_1_623' title='bbox 2355 4658 2444 4730; x_wconf 87' lang='lat' dir='ltr'>[Et</span> <span class='ocrx_word' id='word_1_624' title='bbox 2474 4661 2747 4712; x_wconf 81' lang='lat' dir='ltr'>certamen</span> <span class='ocrx_word' id='word_1_625' title='bbox 2774 4650 2957 4708; x_wconf 81' lang='lat' dir='ltr'>sancti</span> <span class='ocrx_word' id='word_1_626' title='bbox 2997 4650 3257 4720; x_wconf 74' lang='lat' dir='ltr'>martyris</span> <span class='ocrx_word' id='word_1_627' title='bbox 3293 4647 3581 4705; x_wconf 73' lang='lat' dir='ltr'>Abudimt.</span> 
     </span>
    </p>
   </div>
   <div class='ocr_carea' id='block_1_103' title="bbox 2222 4775 3808 4856">
    <p class='ocr_par' dir='ltr' id='par_1_103' title="bbox 2222 4775 3808 4856">
     <span class='ocr_line' id='line_1_105' title="bbox 2222 4775 3808 4856; baseline -0.008 -14"><span class='ocrx_word' id='word_1_628' title='bbox 2222 4786 2445 4856; x_wconf 84' lang='lat' dir='ltr'>Martyr</span> <span class='ocrx_word' id='word_1_629' title='bbox 2458 4781 2672 4838; x_wconf 90' lang='lat' dir='ltr'>Christi</span> <span class='ocrx_word' id='word_1_630' title='bbox 2685 4776 3408 4844; x_wconf 82' lang='lat' dir='ltr'>Abudimus,Diocletiano</span> <span class='ocrx_word' id='word_1_631' title='bbox 3430 4775 3808 4848; x_wconf 88' lang='lat' dir='ltr'>imperatore,</span> 
     </span>
    </p>
   </div>
   <div class='ocr_carea' id='block_1_104' title="bbox 2152 4866 3810 4940">
    <p class='ocr_par' dir='ltr' id='par_1_104' title="bbox 2152 4866 3810 4940">
     <span class='ocr_line' id='line_1_106' title="bbox 2152 4866 3810 4940; baseline -0.007 -6"><span class='ocrx_word' id='word_1_632' title='bbox 2152 4895 2221 4933; x_wconf 83' lang='lat' dir='ltr'>ex</span> <span class='ocrx_word' id='word_1_633' title='bbox 2244 4875 2443 4932; x_wconf 90' lang='lat' dir='ltr'>insula</span> <span class='ocrx_word' id='word_1_634' title='bbox 2462 4872 2717 4938; x_wconf 90' lang='lat' dir='ltr'>Tenedo,</span> <span class='ocrx_word' id='word_1_635' title='bbox 2748 4885 2883 4926; x_wconf 90' lang='lat' dir='ltr'>cum</span> <span class='ocrx_word' id='word_1_636' title='bbox 2906 4868 3397 4940; x_wconf 88' lang='lat' dir='ltr'>comprehensus,</span> <span class='ocrx_word' id='word_1_637' title='bbox 3417 4866 3810 4939; x_wconf 90' lang='lat' dir='ltr'>pluribusque</span> 
     </span>
    </p>
   </div>
   <div class='ocr_carea' id='block_1_105' title="bbox 2151 4958 3815 5035">
    <p class='ocr_par' dir='ltr' id='par_1_105' title="bbox 2151 4958 3815 5035">
     <span class='ocr_line' id='line_1_107' title="bbox 2151 4958 3815 5035; baseline -0.008 -10"><span class='ocrx_word' id='word_1_638' title='bbox 2151 4966 2366 5035; x_wconf 88' lang='lat' dir='ltr'>modis,</span> <span class='ocrx_word' id='word_1_639' title='bbox 2398 4969 2463 5020; x_wconf 92' lang='lat' dir='ltr'>ut</span> <span class='ocrx_word' id='word_1_640' title='bbox 2493 4961 2792 5018; x_wconf 88' lang='lat' dir='ltr'>Christum</span> <span class='ocrx_word' id='word_1_641' title='bbox 2827 4959 3108 5031; x_wconf 87' lang='lat' dir='ltr'>ejuraret,</span> <span class='ocrx_word' id='word_1_642' title='bbox 3139 4958 3506 5030; x_wconf 85' lang='lat' dir='ltr'>compulsus,</span> <span class='ocrx_word' id='word_1_643' title='bbox 3537 4962 3815 5032; x_wconf 89' lang='lat' dir='ltr'>negasset</span> 
     </span>
    </p>
   </div>
   <div class='ocr_carea' id='block_1_106' title="bbox 2152 5048 3812 5124">
    <p class='ocr_par' dir='ltr' id='par_1_106' title="bbox 2152 5048 3812 5124">
     <span class='ocr_line' id='line_1_108' title="bbox 2152 5048 3812 5124; baseline -0.006 -10"><span class='ocrx_word' id='word_1_644' title='bbox 2152 5059 2210 5115; x_wconf 93' lang='lat' dir='ltr'>id</span> <span class='ocrx_word' id='word_1_645' title='bbox 2229 5075 2291 5114; x_wconf 90' lang='lat' dir='ltr'>se</span> <span class='ocrx_word' id='word_1_646' title='bbox 2307 5052 2782 5124; x_wconf 88' lang='lat' dir='ltr'>facturum,quin</span> <span class='ocrx_word' id='word_1_647' title='bbox 2797 5050 2974 5106; x_wconf 89' lang='lat' dir='ltr'>etiam</span> <span class='ocrx_word' id='word_1_648' title='bbox 2988 5048 3240 5104; x_wconf 90' lang='lat' dir='ltr'>liberius</span> <span class='ocrx_word' id='word_1_649' title='bbox 3258 5049 3422 5105; x_wconf 89' lang='lat' dir='ltr'>illius</span> <span class='ocrx_word' id='word_1_650' title='bbox 3439 5048 3812 5105; x_wconf 85' lang='lat' dir='ltr'>divinitatem</span> 
     </span>
    </p>
   </div>
   <div class='ocr_carea' id='block_1_107' title="bbox 2151 5138 3810 5221">
    <p class='ocr_par' dir='ltr' id='par_1_107' title="bbox 2151 5138 3810 5221">
     <span class='ocr_line' id='line_1_109' title="bbox 2151 5138 3810 5221; baseline -0.007 -17"><span class='ocrx_word' id='word_1_651' title='bbox 2151 5147 2570 5221; x_wconf 75' lang='lat' dir='ltr'>proﬁteretur;</span> <span class='ocrx_word' id='word_1_652' title='bbox 2597 5141 2749 5215; x_wconf 89' lang='lat' dir='ltr'>palis</span> <span class='ocrx_word' id='word_1_653' title='bbox 2771 5140 2895 5196; x_wconf 86' lang='lat' dir='ltr'>solo</span> <span class='ocrx_word' id='word_1_654' title='bbox 2917 5139 3117 5195; x_wconf 81' lang='lat' dir='ltr'>inﬁxis</span> <span class='ocrx_word' id='word_1_655' title='bbox 3141 5138 3416 5208; x_wconf 78' lang='lat' dir='ltr'>alligatus</span> <span class='ocrx_word' id='word_1_656' title='bbox 3434 5144 3490 5192; x_wconf 87' lang='lat' dir='ltr'>et</span> <span class='ocrx_word' id='word_1_657' title='bbox 3508 5145 3810 5205; x_wconf 87' lang='lat' dir='ltr'>extensus,</span> 
     </span>
    </p>
   </div>
   <div class='ocr_carea' id='block_1_108' title="bbox 2152 5227 3810 5302">
    <p class='ocr_par' dir='ltr' id='par_1_108' title="bbox 2152 5227 3810 5302">
     <span class='ocr_line' id='line_1_110' title="bbox 2152 5227 3810 5302; baseline -0.008 -7"><span class='ocrx_word' id='word_1_658' title='bbox 2152 5255 2186 5294; x_wconf 87' lang='lat' dir='ltr'>a</span> <span class='ocrx_word' id='word_1_659' title='bbox 2205 5254 2417 5294; x_wconf 83' lang='lat' dir='ltr'>novem</span> <span class='ocrx_word' id='word_1_660' title='bbox 2440 5232 2732 5290; x_wconf 89' lang='lat' dir='ltr'>mililibus</span> <span class='ocrx_word' id='word_1_661' title='bbox 2754 5229 3386 5302; x_wconf 68' lang='lat' dir='ltr'>casditur.Cogentibus</span> <span class='ocrx_word' id='word_1_662' title='bbox 3408 5227 3654 5298; x_wconf 88' lang='lat' dir='ltr'>insuper</span> <span class='ocrx_word' id='word_1_663' title='bbox 3675 5240 3810 5282; x_wconf 87' lang='lat' dir='ltr'>eum</span> 
     </span>
    </p>
   </div>
   <div class='ocr_carea' id='block_1_109' title="bbox 2150 5316 3809 5385">
    <p class='ocr_par' dir='ltr' id='par_1_109' title="bbox 2150 5316 3809 5385">
     <span class='ocr_line' id='line_1_111' title="bbox 2150 5316 3809 5385; baseline -0.008 0"><span class='ocrx_word' id='word_1_664' title='bbox 2150 5327 2461 5385; x_wconf 89' lang='lat' dir='ltr'>lictoribus</span> <span class='ocrx_word' id='word_1_665' title='bbox 2505 5322 2847 5380; x_wconf 91' lang='lat' dir='ltr'>immundas</span> <span class='ocrx_word' id='word_1_666' title='bbox 2889 5337 3100 5377; x_wconf 89' lang='lat' dir='ltr'>carnes</span> <span class='ocrx_word' id='word_1_667' title='bbox 3132 5319 3308 5375; x_wconf 91' lang='lat' dir='ltr'>idolis</span> <span class='ocrx_word' id='word_1_668' title='bbox 3338 5316 3676 5373; x_wconf 87' lang='lat' dir='ltr'>immolatas</span> <span class='ocrx_word' id='word_1_669' title='bbox 3706 5332 3809 5371; x_wconf 84' lang='lat' dir='ltr'>eo-</span> 
     </span>
    </p>
   </div>
   <div class='ocr_carea' id='block_1_110' title="bbox 2150 5405 3819 5484">
    <p class='ocr_par' dir='ltr' id='par_1_110' title="bbox 2150 5405 3819 5484">
     <span class='ocr_line' id='line_1_112' title="bbox 2150 5405 3819 5484; baseline -0.008 -9"><span class='ocrx_word' id='word_1_670' title='bbox 2150 5419 2412 5484; x_wconf 89' lang='lat' dir='ltr'>medere,</span> <span class='ocrx_word' id='word_1_671' title='bbox 2436 5413 2671 5470; x_wconf 89' lang='lat' dir='ltr'>restitit.</span> <span class='ocrx_word' id='word_1_672' title='bbox 2697 5410 3090 5478; x_wconf 90' lang='lat' dir='ltr'>Quamobrem</span> <span class='ocrx_word' id='word_1_673' title='bbox 3115 5408 3353 5480; x_wconf 84' lang='lat' dir='ltr'>ungulis</span> <span class='ocrx_word' id='word_1_674' title='bbox 3374 5406 3584 5461; x_wconf 87' lang='lat' dir='ltr'>ferreis</span> <span class='ocrx_word' id='word_1_675' title='bbox 3603 5405 3673 5461; x_wconf 91' lang='lat' dir='ltr'>ab</span> <span class='ocrx_word' id='word_1_676' title='bbox 3693 5406 3819 5462; x_wconf 78' lang='lat' dir='ltr'>eis-</span> 
     </span>
    </p>
   </div>
   <div class='ocr_carea' id='block_1_111' title="bbox 2151 5495 3810 5578">
    <p class='ocr_par' dir='ltr' id='par_1_111' title="bbox 2151 5495 3810 5578">
     <span class='ocr_line' id='line_1_113' title="bbox 2151 5495 3810 5578; baseline -0.009 -12"><span class='ocrx_word' id='word_1_677' title='bbox 2151 5509 2286 5565; x_wconf 89' lang='lat' dir='ltr'>dem</span> <span class='ocrx_word' id='word_1_678' title='bbox 2318 5505 2689 5578; x_wconf 88' lang='lat' dir='ltr'>depectitur:</span> <span class='ocrx_word' id='word_1_679' title='bbox 2732 5501 2985 5572; x_wconf 86' lang='lat' dir='ltr'>aliisque</span> <span class='ocrx_word' id='word_1_680' title='bbox 3029 5497 3300 5570; x_wconf 90' lang='lat' dir='ltr'>pluribus</span> <span class='ocrx_word' id='word_1_681' title='bbox 3343 5496 3656 5551; x_wconf 84' lang='lat' dir='ltr'>tormentis</span> <span class='ocrx_word' id='word_1_682' title='bbox 3684 5495 3810 5552; x_wconf 87' lang='lat' dir='ltr'>fru-</span> 
     </span>
    </p>
   </div>
   <div class='ocr_carea' id='block_1_112' title="bbox 2151 5588 3808 5666">
    <p class='ocr_par' dir='ltr' id='par_1_112' title="bbox 2151 5588 3808 5666">
     <span class='ocr_line' id='line_1_114' title="bbox 2151 5588 3808 5666; baseline -0.007 -12"><span class='ocrx_word' id='word_1_683' title='bbox 2151 5603 2273 5654; x_wconf 87' lang='lat' dir='ltr'>stra</span> <span class='ocrx_word' id='word_1_684' title='bbox 2305 5601 2583 5660; x_wconf 88' lang='lat' dir='ltr'>tentatus,</span> <span class='ocrx_word' id='word_1_685' title='bbox 2603 5597 2970 5666; x_wconf 88' lang='lat' dir='ltr'>postremum</span> <span class='ocrx_word' id='word_1_686' title='bbox 3002 5588 3330 5645; x_wconf 87' lang='lat' dir='ltr'>decollatus</span> <span class='ocrx_word' id='word_1_687' title='bbox 3353 5590 3477 5641; x_wconf 88' lang='lat' dir='ltr'>est:</span> <span class='ocrx_word' id='word_1_688' title='bbox 3507 5602 3643 5641; x_wconf 89' lang='lat' dir='ltr'>cum</span> <span class='ocrx_word' id='word_1_689' title='bbox 3673 5603 3808 5642; x_wconf 92' lang='lat' dir='ltr'>ecce</span> 
     </span>
    </p>
   </div>
   <div class='ocr_carea' id='block_1_113' title="bbox 2151 5675 3812 5755">
    <p class='ocr_par' dir='ltr' id='par_1_113' title="bbox 2151 5675 3812 5755">
     <span class='ocr_line' id='line_1_115' title="bbox 2151 5675 3812 5755; baseline -0.008 -10"><span class='ocrx_word' id='word_1_690' title='bbox 2151 5688 2258 5745; x_wconf 89' lang='lat' dir='ltr'>sub</span> <span class='ocrx_word' id='word_1_691' title='bbox 2281 5685 2594 5744; x_wconf 88' lang='lat' dir='ltr'>meridiem</span> <span class='ocrx_word' id='word_1_692' title='bbox 2619 5697 2914 5755; x_wconf 89' lang='lat' dir='ltr'>apparens</span> <span class='ocrx_word' id='word_1_693' title='bbox 2934 5684 3157 5751; x_wconf 87' lang='lat' dir='ltr'>martyr</span> <span class='ocrx_word' id='word_1_694' title='bbox 3178 5675 3562 5745; x_wconf 87' lang='lat' dir='ltr'>Diocletiano,</span> <span class='ocrx_word' id='word_1_695' title='bbox 3584 5676 3812 5751; x_wconf 83' lang='lat' dir='ltr'>angelis</span> 
     </span>
    </p>
   </div>
   <div class='ocr_carea' id='block_1_114' title="bbox 2151 5765 3810 5852">
    <p class='ocr_par' dir='ltr' id='par_1_114' title="bbox 2151 5765 3810 5852">
     <span class='ocr_line' id='line_1_116' title="bbox 2151 5765 3810 5852; baseline -0.007 -20"><span class='ocrx_word' id='word_1_696' title='bbox 2151 5775 2404 5852; x_wconf 87' lang='lat' dir='ltr'>istpatus</span> <span class='ocrx_word' id='word_1_697' title='bbox 2425 5775 2653 5851; x_wconf 82' lang='lat' dir='ltr'>gladios</span> <span class='ocrx_word' id='word_1_698' title='bbox 2675 5789 2856 5832; x_wconf 90' lang='lat' dir='ltr'>manu</span> <span class='ocrx_word' id='word_1_699' title='bbox 2880 5765 3560 5843; x_wconf 74' lang='lat' dir='ltr'>stringentibus,cmlesti</span> <span class='ocrx_word' id='word_1_700' title='bbox 3584 5771 3810 5824; x_wconf 87' lang='lat' dir='ltr'>terrore</span> 
     </span>
    </p>
   </div>
  </div>
