4108 6504
283 415 401 475 διδ

1569 369 2006 480 ΜΕΝΟΕΟΘῙΙ
2052 413 2254 476 PARS
2298 415 2406 475 lll.

3585 417 3709 478 διε

281 551 454 606 illum
485 553 758 624 perculit,
794 553 886 608 his
939 555 1152 609 atratus
1203 554 1437 609 verbis:
1491 557 1577 609 En
1613 553 1935 608 Abudimus

2055 547 2292 623 οὐρανίῳ
2346 545 2634 620 ἐξέπληξεν
2687 547 2866 616 αύτὸν,
2925 546 3015 601 καί
3074 567 3260 620 φησιν·
3295 546 3424 616 Ἴδε,
3460 544 3708 606 Ἀϐούδι-

284 641 463 698 homo
484 643 600 697 veri
625 643 747 706 Dei,
769 660 946 714 quem
973 649 1032 698 tu
1057 645 1419 700 exstinctum
1445 653 1648 717 putas:
1675 646 1828 698 Deus
1849 659 1947 698 au-

283 736 402 786 tem
438 731 540 785 tibi
575 733 853 798 ostendit,
880 732 1048 787 illum
1075 733 1262 804 ipsius
1287 735 1477 806 gratia
1507 735 1780 806 adjutum
1804 749 1943 787 con-

281 824 372 875 tra
396 827 810 892 cooperatores
835 826 965 876 tuos
989 822 1312 890 damones,
1338 831 1395 879 et
1416 831 1622 878 contra
1645 829 1698 877 te
1722 839 1943 894 prava-

278 909 423 965 lere.
453 915 527 964 At
553 909 861 972 scelestus,
895 929 1072 982 quem
1124 913 1225 967 Dei
1278 913 1566 984 patientia
1597 919 1942 968 convertere

275 999 579 1064 debuerat,
605 1006 663 1054 et
683 999 756 1054 ad
784 1001 995 1056 Christi
1024 1002 1202 1057 ﬁdem
1225 1002 1542 1066 adducere,
1568 1001 1628 1055 in
1651 1003 1941 1072 majorem

273 1088 536 1144 furorem
569 1094 755 1153 actus,
790 1107 1008 1163 corpus
1050 1091 1331 1164 martyris
1381 1091 1640 1147 ﬂammis
1673 1089 1938 1146 tradidit.

274 1207 342 1261 Et
387 1215 663 1262 certamen
709 1214 1022 1263 sanctorum
1067 1215 1378 1292 martyrum
1426 1207 1696 1263 Antiochi
1725 1213 1777 1262 et
1827 1209 1932 1278 Cy-

1027 1297 1189 1335 νιιιοι.

351 1396 676 1451 Antiochus
705 1396 921 1451 Christi
953 1401 1180 1468 martyr
1199 1397 1392 1468 patria
1422 1396 1943 1466 Sebastenus,pro-

274 1483 535 1540 fessione
593 1485 884 1552 medicus,
935 1485 1114 1541 urbes
1163 1501 1372 1540 omnes
1422 1485 1938 1553 circumlustrans,

277 1591 464 1645 agros
494 1574 759 1629 curabat.
791 1574 876 1629 Ab
909 1575 1169 1630 Adriano
1201 1581 1401 1630 autem
1424 1574 1678 1646 praside
1707 1580 1936 1644 captus,

275 1663 550 1734 pluribus
572 1664 832 1734 primum
851 1663 1211 1719 cruciatibus
1231 1664 1515 1719 afficitur:
1540 1668 1675 1735 post
1695 1662 1756 1717 in
1777 1663 1936 1718 lebe-

276 1759 397 1808 tem
431 1753 755 1820 immissus,
779 1770 892 1808 nec
909 1760 1222 1817 crematus,
1247 1753 1320 1808 ad
1341 1753 1563 1808 bestias
1594 1753 1932 1808 damnatur:

281 1859 413 1912 qua
436 1842 830 1897 nihilominus
852 1843 1047 1898 eidem
1072 1842 1330 1897 blandiri
1352 1844 1488 1898 visa
1511 1848 1670 1906 sunt,
1688 1842 1938 1913 ejusque

2057 659 2160 711 μος
2194 640 2221 694 ὁ
2259 643 2357 693 τοῦ
2390 638 2660 708 ἀληθινοῦ
2692 637 2825 693 Θεοῦ
2858 637 3168 712 ἅνθρωπος,
3201 638 3258 694 ὃν
3293 639 3355 694 σὺ
3391 641 3486 710 μὲν
3547 643 3708 714 νομί-

2055 733 2164 797 ζεις
2195 729 2463 791 τεθνάναι’
2497 729 2525 782 ὁ
2584 724 2642 782 δὲ
2710 727 2838 787 Θεὸς
2895 731 2964 801 τῇ
3024 727 3188 782 αὐτοῦ
3223 730 3450 804 βοηθείᾳ
3471 728 3708 786 δείκνυσί

2054 838 2164 888 σοι,
2199 815 2283 871 ὅτι
2328 816 2509 892 ’ίσχύει
2565 817 2701 872 κατὰ
2745 821 2855 870 τῶν
2915 816 3190 891 συνεργῶν
3255 839 3351 872 σου
3405 817 3711 892 δαιμόνων,

2050 906 2141 962 καὶ
2171 906 2308 961 κατά
2336 911 2460 965 σοῦ.
2501 908 2561 964 Ὀ
2593 904 2650 960 δὲ
2680 904 2908 977 ἄνομος,
2942 907 2971 961 ὅ
3003 909 3068 980 [ς]
3101 907 3282 982 ἀνοχῇ
3339 913 3474 963 Θεοῦ
3506 907 3714 986 ὤφειλε

2055 990 2479 1069 μεταϐαλέσθαι,
2511 996 2602 1051 καὶ
2633 1000 2916 1051 πιστεῦσαι
2967 1002 3211 1072 Χριστῷ,
3247 1000 3461 1071 μᾶλλον
3501 999 3712 1071 μανεὶς,

2049 1086 2113 1140 τὸ
2145 1088 2307 1158 σῶμα
2335 1090 2432 1140 τοῦ
2459 1087 2735 1161 μάρτυρος
2767 1085 2898 1160 πυρὶ
2929 1083 3267 1161 παρεδωκεν.

2125 1203 2226 1259 Kal
2260 1200 2494 1272 ἂθλησις
2535 1206 2642 1257 τῶν
2676 1201 2843 1279 ἁγίων
2879 1201 3168 1278 μαρτύρων
3221 1202 3517 1279 ’Δντιόχου
3547 1203 3638 1259 καὶ

2730 1277 3025 1349 Κυριακοῦ.

2124 1391 2475 1464 Ἀντιοχος,ὁ
2498 1393 2596 1444 τοῦ
2628 1393 2870 1462 Χριστοῦ
2887 1389 3194 1466 μάρτυς,ἦν
3225 1391 3328 1446 ἀπὸ
3363 1387 3710 1462 Σεϐαστείας,

2049 1479 2233 1553 ἰατρὸς
2302 1481 2405 1549 τὴν
2457 1482 2686 1554 τεχνην,
2745 1480 3180 1554 περιερχόμενος
3241 1477 3298 1535 δὲ
3363 1481 3460 1545 τὰς
3513 1482 3703 1546 πόλεις

2045 1567 2218 1631 πάσας
2272 1568 2362 1622 καὶ
2422 1568 2687 1644 ἰατρεύων
2736 1569 2864 1630 τοὺς
2926 1569 2978 1622 ἐν
3049 1569 3371 1636 ἀσθενείαις,
3433 1572 3705 1646 ἐκρατήθη

2051 1659 2155 1714 ὑπὸ
2183 1655 2473 1731 Ἀδριανοῦ
2528 1661 2626 1712 τοῦ
2685 1657 2980 1733 ἡγεμόνος.
3016 1659 3120 1715 Καὶ
3180 1659 3399 1721 πολλὰς
3439 1662 3707 1735 βασάνους

2048 1747 2346 1821 ὑπομεινας
2374 1746 2662 1822 πρότερον,
2697 1747 2918 1821 ὕστερον
2989 1748 3068 1813 εἷς
3123 1744 3330 1819 λέϐητα
3377 1746 3704 1824 ἐμϐληθεὶς,

2045 1838 2133 1892 καὶ
2173 1838 2248 1910 μή
2283 1834 2570 1915 φλεχθεὶς,
2600 1836 2784 1912 ἄγεται
2834 1841 3277 1914 θηριομαχῆσαι,
3333 1839 3488 1914 ᾧτινι
3540 1861 3705 1917 προσ-

279 1930 532 2002 pedibus
565 1931 888 2001 provoluta
910 1931 1108 2002 ipsum
1133 1931 1487 1987 deosculari.
1513 1932 1675 1985 Inter
1696 1937 1935 1986 cateras

2050 1925 2276 2002 έχαιρον
2334 1927 2401 1981 τὰ
2451 1927 2635 2002 θηρία·
2696 1927 2788 1981 καὶ
2843 1927 3150 2000 κυνούμενα
3207 1931 3344 2004 πρὸς
3367 1937 3485 1994 τοῖς
3543 1932 3700 1987 ποσὶν

275 2021 433 2076 feras
463 2021 722 2092 pardalis
775 2027 920 2088 erat,
973 2038 1105 2092 qua
1155 2023 1418 2078 humana
1456 2039 1596 2077 voce
1624 2022 1942 2094 prasidem

278 2110 624 2182 increpavit.
649 2113 880 2166 Interea
897 2117 1137 2167 sanctus
1156 2111 1382 2181 orabat,
1404 2113 1649 2184 suisque
1668 2111 1943 2184 precibus

275 2199 480 2254 omnia
508 2199 670 2255 idola
693 2200 755 2254 in
784 2200 1088 2272 pulverem
1112 2200 1399 2256 dissolvit.
1435 2203 1808 2256 Postremum
1841 2217 1940 2257 ca-

275 2288 396 2359 pite
428 2286 638 2358 plexus
665 2294 773 2353 est,
807 2294 867 2343 et
895 2290 986 2344 lac
1039 2305 1158 2344 una
1189 2306 1324 2344 cum
1357 2291 1643 2364 sanguine
1679 2306 1748 2345 ex
1779 2289 1932 2345 collo

276 2377 555 2432 manavit.
589 2379 711 2443 Quo
742 2378 1031 2433 miraculo
1083 2386 1416 2435 commotus
1448 2380 1709 2435 carnifex
1740 2381 1942 2452 Cyria-

277 2483 403 2532 cus,
465 2468 567 2538 qui
628 2475 900 2522 sanctum
970 2469 1112 2523 £09
1171 2469 1586 2532 decollaverat,
1633 2475 1937 2542 resumpto

278 2557 478 2611 animo
504 2573 565 2610 se
588 2555 775 2610 libere
799 2555 1108 2612 confessus
1131 2563 1219 2613 est
1240 2558 1666 2627 Christianum,
1693 2573 1722 2612 Α
1739 2560 1936 2615 driani

279 2644 456 2702 idolis
483 2645 868 2701 maledicens.
907 2646 1298 2712 Quamobrem
1333 2649 1460 2718 ipse
1491 2649 1713 2720 pariter
1745 2650 1937 2722 capite

275 2737 508 2810 plexus,
544 2742 747 2791 sancto
781 2737 1068 2793 Antiocho
1125 2737 1442 2810 adjunctus
1474 2739 1600 2794 fuit.
1635 2745 1825 2810 Atque
1857 2740 1940 2796 ita

275 2826 449 2882 ambo
499 2827 918 2897 consummati,
967 2844 1001 2882 a
1055 2827 1278 2884 calesti
1313 2833 1370 2884 et
1399 2845 1612 2902 magno
1646 2831 1798 2902 Rege
1831 2846 1934 2886 re-

273 2933 454 2990 gnum
489 2916 773 2971 calorum
799 2933 1102 2989 accepere.

378 3139 448 3192 Et
479 3144 754 3193 certamen
783 3140 961 3194 sancti
989 3140 1252 3220 martyris
1273 3139 1440 3193 Pauli
1469 3145 1520 3192 et
1550 3141 1822 3195 sociorum

1032 3226 1172 3280 ejus.

2047 2017 2236 2086 αὐτοῦ,
2264 2015 2590 2095 κατεφίλουν
2650 2016 2834 2073 αὐτόν.
2877 2017 2986 2073 Μία
3045 2016 3103 2073 δὶ
3160 2017 3431 2094 πάρδαλις
3488 2022 3698 2098 ἀνθρω-

2046 2105 2174 2180 πίνῃ
2231 2110 2387 2179 φωνῇ
2437 2104 2638 2180 ἤλεγξε
2691 2106 2783 2160 τὸν
2845 2109 3111 2182 ἡγεμόνα.
3200 2110 3336 2163 Εἶτα
3413 2107 3614 2181 ηὔξατο
3673 2112 3701 2166 ὁ

2047 2195 2225 2268 ἅγιος,
2257 2195 2344 2248 καὶ
2381 2190 2707 2264 διελύθησαν
2765 2193 2841 2255 εἰς
2897 2196 3123 2268 ψὶμμον
3159 2195 3328 2251 πάντα
3378 2198 3446 2253 τά
3476 2195 3700 2257 εἷ’δωλα.

2047 2283 2149 2340 Καὶ
2184 2283 2321 2354 μετὰ
2349 2287 2516 2337 ταῦτα
2541 2284 2833 2355 ἀπετμήθη
2893 2285 2993 2352 τήν
3053 2283 3322 2362 κεφαλὴν,
3363 2288 3453 2342 καὶ
3511 2285 3698 2365 ἔρῥευ-

2047 2392 2132 2426 σεν
2162 2371 2221 2427 ἐκ
2257 2376 2354 2426 τοῦ
2385 2370 2673 2447 τραχήλου
2733 2372 2896 2428 αὐτοῦ
2959 2372 3050 2428 σὺν
3112 2375 3304 2447 αἳματι
3365 2376 3528 2450 γάλα.
3582 2379 3697 2435 Κυ-

2046 2462 2231 2538 ριακὸς
2264 2459 2320 2516 δὲ
2353 2463 2380 2516 ὁ
2403 2463 2494 2517 τὸν
2524 2463 2674 2538 ἅγιον
2709 2463 3136 2538 ἀποκεφαλίσας,
3193 2463 3322 2520 ἰδὼν
3381 2468 3444 2521 τὸ
3497 2468 3701 2540 θαῦμα,

2042 2553 2132 2607 καὶ
2184 2552 2723 2628 παρρησιασάμενος,
2775 2554 2962 2608 ἑαυτὸν
3023 2555 3343 2631 Χριστιανὸν
3404 2557 3700 2632 ἀνωμολό-

2043 2663 2200 2719 γησεο
2261 2642 2349 2697 καὶ
2408 2641 2651 2716 ἀνάθεμα
2698 2643 2864 2700 εἰπὼν
2923 2650 3040 2707 τοῖς
3102 2643 3358 2710 εἰδώλοις
3389 2646 3700 2720 Ἀδριανοῦ,

2042 2731 2255 2805 ἱτμήθη
2303 2733 2391 2788 καὶ
2451 2732 2616 2796 αὐτὸς
2668 2734 2767 2803 τήν
2829 2731 3099 2810 κεφαλὴν,
3150 2734 3239 2790 καί
3272 2736 3570 2810 προσετέθη
3622 2743 3704 2812 τῷ

2043 2820 2180 2897 ἁγίῳ
2241 2816 2535 2895 Ἀντιόχῳ.
2600 2821 2698 2878 Καὶ
2760 2822 2903 2880 οὕτω
2953 2823 3362 2891 τελειωθέντες,
3421 2823 3700 2883 ἀπέλαϐον

2041 2910 2190 2980 παρά
2217 2915 2314 2966 τοῦ
2346 2910 2608 2986 οὐρανίου
2665 2913 2753 2967 καὶ
2817 2911 3064 2989 μεγάλου
3126 2912 3405 2979 Βασιλέως
3463 2918 3697 2986 τὴντῶν

2043 2999 2288 3076 οὐρανῶν
2323 2999 2625 3075 βασιλείαν.

2114 3119 2214 3172 Καὶ
2246 3113 2480 3186 ἄθλησις
2510 3121 2609 3171 τοῦ
2639 3115 3104 3209 ἁγίοριμάρτυρος
3139 3118 3357 3174 Παύλου
3388 3127 3479 3175 καὶ
3523 3130 3624 3192 τῆς

2629 3204 2790 3243 συνοο
2801 3204 2883 3251 ιας
2916 3204 3103 3247 αὐτου.

344 3324 445 3379 Isti
477 3339 695 3396 genere
715 3325 964 3396 Egyptii
988 3324 1153 3380 fuere
1179 3345 1192 3391 ;
1214 3325 1513 3397 captique,
1537 3331 1596 3381 et
1620 3325 1693 3381 ad
1717 3325 1926 3381 urbem

2112 3301 2278 3360 Οὗτοι
2312 3304 2564 3380 ὑπῆρχον
2621 3303 2920 3380 Αἰγύπτιοι
2978 3307 3041 3360 τὸ
3092 3307 3266 3382 γένος.
3327 3307 3695 3382 Κρατηθὲντες

269 3411 699 3466 Diocasaream
733 3411 914 3477 ducti,
949 3412 1186 3483 prasidi
1214 3413 1542 3476 sistuntur;
1576 3413 1924 3483 quastioni-

271 3515 386 3569 que
419 3497 693 3569 subjecti,
721 3515 924 3553 verum
960 3499 1143 3552 Deum
1185 3506 1454 3554 nostrum
1487 3499 1734 3570 professi
1767 3505 1924 3557 sunt.

272 3587 461 3652 Quare
485 3585 711 3641 sinistri
733 3584 913 3656 pedes
935 3584 1056 3640 illis
1073 3585 1428 3650 aduruntur,
1450 3593 1508 3640 et
1525 3587 1681 3642 oculi
1699 3586 1925 3642 dexteri

277 3678 594 3728 eruuntur:
632 3689 768 3727 mox
787 3671 944 3726 ferro
971 3677 1029 3727 et
1049 3673 1169 3744 igni
1192 3681 1719 3729 consummantur:
1752 3680 1928 3746 atque

277 3775 397 3815 una
413 3775 548 3813 cum
571 3759 717 3829 ipsis
739 3758 1076 3828 complures
1091 3758 1191 3813 alii
1212 3760 1319 3813 viri
1335 3760 1692 3832 feminaque
1713 3761 1928 3816 Christi

279 3861 501 3900 nomen
533 3844 785 3916 professi
812 3859 824 3898 :
858 3860 1006 3915 quos
1045 3845 1203 3899 inter
1233 3852 1437 3901 sancta
1463 3848 1621 3902 Thea
1647 3847 1709 3901 in
1743 3863 1932 3918 equu-

279 3931 441 3986 leum
464 3937 728 3999 extensa,
753 3929 1013 3985 lacerata
1031 3929 1174 3985 fuit:
1200 3931 1507 4004 ipsiusque
1529 3951 1698 3990 soror
1721 3933 1930 3989 Valen-

277 4020 405 4074 tina
453 4018 722 4091 judicem
781 4035 1074 4092 aggressa,
1134 4035 1298 4076 aram
1362 4021 1628 4079 calcibus
1687 4023 1930 4078 evertit:

276 4109 668 4181 quamobrem
696 4108 826 4180 ipsa
847 4108 1024 4165 etiam
1055 4109 1343 4166 dilaniata
1366 4110 1478 4166 fuit
1497 4111 1928 4168 crudelissime.

280 4200 529 4255 Sanctus
561 4204 760 4254 autem
789 4199 1008 4254 Paulus
1040 4205 1264 4273 martyr
1294 4205 1429 4274 post
1466 4201 1647 4257 latam
1679 4205 1932 4256 senten-

277 4289 440 4354 tiam,
467 4293 533 4344 ut
556 4289 749 4360 capite
781 4289 1162 4361 plecteretur,
1204 4297 1369 4347 stans
1419 4291 1607 4346 oravit
1631 4307 1737 4362 pro
1764 4288 1931 4344 Chri-

279 4380 509 4447 stianis,
559 4379 798 4447 Judais,
848 4381 1250 4450 Samaritanis,
1303 4381 1540 4447 Gracis,
1600 4386 1659 4433 et
1704 4378 1935 4434 Galeris

277 4469 653 4544 gentibus,ad
675 4475 740 4524 ut
760 4471 861 4525 Dei
883 4471 1246 4543 agnitionem
1266 4470 1622 4534 venirent,et
1640 4473 1938 4523 commota

275 4559 556 4615 adversus
587 4559 954 4616 Christianos
977 4560 1313 4632 persecutio
1339 4557 1755 4622 cessaret.Quo
1780 4557 1934 4612 facto

2045 3390 2123 3462 δὲ,
2154 3392 2246 3448 καὶ
2278 3393 2352 3454 εἷς
2407 3399 2506 3462 τήν
2567 3393 2731 3450 πόλιν
2792 3395 3196 3470 Διοκαισάρειαν
3245 3397 3524 3473 ἀχθέντες,
3557 3420 3696 3475 παρ-

2044 3481 2273 3554 ἐστησαν
2298 3484 2376 3556 τῷ
2426 3482 2673 3560 ἄρχοντι.
2729 3485 2832 3542 Καὶ
2891 3485 3276 3557 ἐρωτηθάντες,
3334 3489 3424 3542 καὶ
3484 3487 3696 3561 ὁμολο-

2046 3577 2302 3649 γήσαντες
2329 3575 2420 3630 τὸν
2453 3572 2713 3646 ἀληθινδν
2759 3577 2921 3646 ἡμῶν
2979 3577 3132 3640 Θεὸν,
3190 3576 3318 3640 τοὺς
3379 3579 3696 3654 ἀριστεροὺς

2046 3661 2215 3726 πόδας
2259 3666 2618 3734 κατεκάησαν·
2680 3665 2770 3720 καὶ
2837 3665 2967 3727 τοὺς
3076 3663 3286 3737 δεξιοὺς
3371 3667 3694 3743 ὀφθαλμοὺς

2047 3750 2451 3828 ἐξωρύχθησαν·
2513 3755 2602 3808 καὶ
2669 3753 2840 3832 ξίφεσι
2905 3755 2997 3810 καὶ
3075 3757 3206 3822 πυρὶ
3279 3755 3696 3826 ἐτελειώθησαν

2045 3844 2137 3898 καὶ
2193 3843 2310 3915 μετ’
2378 3844 2554 3898 αὐτῶν
2616 3839 2790 3916 ἕτεροι
2841 3842 3048 3899 πολλοὶ
3107 3842 3299 3918 ἄνδρες
3351 3866 3430 3911 τε,
3489 3849 3702 3923 καὶγυ-

2047 3935 2226 3992 ναῖκες
2255 3930 2712 4005 ὁμολογήσαντες
2741 3931 2803 3986 τὸ
2862 3927 3039 4003 ὄνομα
3067 3935 3164 3987 τοῦ
3194 3933 3460 4005 Χριστοῦ.
3501 3935 3605 3991 Καὶ
3668 3939 3697 4005 ἢ

2052 4021 2147 4092 μὲν
2209 4019 2332 4095 ἁγία
2387 4019 2493 4091 Θέη
2554 4019 2644 4075 ἐπὶ
2696 4017 2862 4090 ξύλου
2918 4024 3238 4082 τανυσθεῖσα
3291 4020 3498 4092 ἐξέσθη’
3548 4025 3583 4092 ἡ
3644 4021 3702 4079 δὲ

2048 4105 2258 4186 ἀδελφὴ
2330 4107 2497 4178 αὐτῆς
2553 4105 2880 4166 Οὗαλεντίνα
2935 4113 3014 4180 τῷ
3071 4105 3299 4183 δικαστῇ
3381 4107 3699 4186 ἐπιθεμένη,

2047 4195 2374 4270 κατέστρεψε
2418 4198 2511 4252 τὸν
2577 4197 2766 4273 βωμὸν
2853 4201 2930 4268 τῷ
2990 4195 3139 4252 ποδί.
3205 4197 3302 4253 Καὶ
3361 4197 3546 4274 ἐξὲσθη
3606 4203 3700 4258 καὶ

2049 4285 2182 4353 αύτή
2215 4284 2470 4361 ἀφειδῶς.
2506 4287 2726 4349 Παῦλος
2777 4283 2835 4342 δὲ
2894 4288 2922 4341 ὁ
2962 4289 3117 4362 ἅγιος
3179 4289 3382 4361 μάρτυς
3434 4292 3534 4360 τήν
3613 4291 3702 4350 διὰ

2047 4379 2146 4432 τοῦ
2175 4377 2361 4448 ξίφους
2390 4376 2660 4455 ἀπόφασιν
2716 4374 2922 4446 λαϐὼν,
2980 4378 3070 4432 καὶ
3124 4380 3271 4447 στάς,
3329 4383 3701 4455 προσευξάμε-

2049 4487 2139 4528 νος
2171 4466 2302 4539 ’ὅπερ
2340 4468 2699 4540 Χριστιανῶν,
2761 4467 2893 4540 ὑπὲρ
2951 4466 3252 4539 Ἰουδαίων,
3315 4472 3447 4545 ὑπὲρ
3508 4479 3696 4544 Σαμα-

2053 4560 2265 4630 ρειτῶν,
2305 4555 2435 4624 ὑπὲρ
2466 4555 2779 4626 Ἑλλήνων,
2803 4558 2893 4612 καὶ
2927 4559 3060 4632 ὑπὲρ
3094 4559 3291 4634 ἑτέρων
3324 4559 3512 4628 ἐθνῶν,
3549 4562 3700 4624 ὅπως

274 4648 348 4704 ad
367 4649 948 4706 commiserationem
971 4657 1030 4705 et
1051 4651 1343 4720 lacrymas
1364 4647 1685 4701 commovit
1703 4645 1932 4701 univer-

2050 4643 2115 4705 εἰς
2141 4649 2341 4719 γνῶσιν
2377 4650 2510 4700 Θεοῦ
2544 4643 2801 4712 ἔλθωσιν,
2825 4648 2912 4701 καὶ
2947 4649 3128 4720 παυθῇ
3161 4649 3189 4702 ὁ
3245 4651 3383 4703 κατὰ
3411 4654 3520 4704 τῶν
3570 4656 3700 4725 Χρι-

279 4754 376 4793 sos
407 4743 466 4793 et
494 4745 630 4809 post
659 4738 782 4795 hac
813 4741 1003 4811 capite
1036 4739 1244 4811 plexus
1286 4740 1395 4790 est.

841 4943 1079 4998 EODEM
1119 4941 1263 4996 MEN
1269 4939 1370 4995 SE.

811 5033 914 5089 Die
955 5031 1186 5086 decima
1216 5035 1399 5086 sexta.

273 5125 728 5179 Commemoratz'o
791 5127 996 5176 sancta
1059 5119 1507 5175 Chalcedonensis
1554 5119 1750 5188 synodi
1801 5135 1934 5175 sea:-

686 5199 966 5248 centorum
997 5193 1234 5261 triginta
1271 5193 1521 5248 Patrum.

350 5315 669 5383 Postquam
693 5311 914 5381 impius
937 5311 1110 5366 Arius
1132 5326 1166 5365 a
1189 5313 1469 5366 trecentis
1502 5314 1725 5368 sanctis
1753 5314 1936 5368 Patri-

276 5401 388 5455 bus
420 5402 626 5457 Nicaa
659 5399 1188 5455 anathematizatus
1217 5399 1348 5462 fuit,
1377 5402 1670 5473 Eutyches
1699 5401 1935 5458 hareti-

275 5506 378 5544 cus
410 5490 630 5545 diaboli
657 5488 862 5543 afﬂatu
885 5488 1222 5561 instigatus,
1247 5489 1523 5545 haresim
1557 5491 1720 5545 illius
1752 5491 1937 5546 voluit

279 5577 632 5644 instaurare,
680 5578 907 5644 dicens,
959 5593 1141 5633 unam
1189 5577 1422 5632 Christo
1473 5585 1607 5650 post
1648 5580 1932 5636 unionem

277 5663 471 5720 inesse
503 5674 798 5723 naturam.
847 5666 958 5722 Sed
1017 5672 1150 5737 post
1205 5666 1517 5722 Theodosii
1553 5669 1659 5722 filii
1693 5669 1931 5725 Arcadii

2045 4740 2272 4790 στιανῶν
2335 4733 2605 4811 διωγμὸς,
2686 4738 2761 4796 εἰς
2846 4737 3027 4792 οἶκτον
3077 4739 3169 4793 καὶ
3241 4736 3447 4813 δάκρυα
3495 4743 3698 4804 πάντας

2043 4821 2279 4895 ἐκίνησε,
2303 4823 2393 4879 καὶ
2429 4825 2563 4898 μετά
2592 4828 2762 4880 ταῦτα
2791 4823 3006 4897 ἐτμήθη
3039 4829 3139 4896 τήν
3169 4824 3434 4904 κεφαλήν.

2582 4943 2768 5000 MHNl
2825 4945 2916 5002 ΤΩ
2966 4947 3157 5002 ΑΥΤΩ.

2830 5036 2899 5102 ις

2043 5121 2107 5177 Ἥ
2141 5120 2447 5198 ἀνάμνησις
2497 5129 2620 5198 τῆς,
2655 5123 2708 5178 ἐν
2767 5120 3086 5198 Χαλκηδόνι
3117 5123 3273 5198 ἁγίας
3331 5121 3561 5180 συνόδου
3591 5131 3697 5181 τῶν

2409 5192 2697 5267 ἑξακοσίων
2738 5192 3033 5271 τριάκοντα
3065 5202 3101 5249 Π
3113 5192 3341 5270 ατὲρων.

2118 5312 2269 5369 Μετά
2300 5313 2399 5380 τὴν
2457 5311 2767 5386 καθαίρεσιν
2825 5314 2923 5366 τοῦ
2983 5305 3273 5371 δυσσεϐοῦς
3333 5311 3570 5388 Ἀρείου,
3601 5318 3702 5387 τήν

2047 5400 2150 5455 ὑπὸ
2179 5404 2286 5455 τῶν
2315 5399 2646 5476 τριακοσίων
2703 5401 2869 5476 ἁγίων
2934 5401 3186 5476 [Ιατὲρῶν
3247 5400 3299 5455 ὲν
3357 5403 3561 5476 Νικαίᾳ
3606 5427 3696 5482 γε-

2043 5492 2376 5567 γενημένην,
2411 5490 2765 5562 ἐμπνευσθεὶς
2814 5490 2918 5545 ὑπὸ
2975 5494 3074 5545 τοῦ
3116 5486 3381 5547 διαϐόλου
3439 5492 3698 5572 Εύτυχὴς

2043 5580 2380 5654 ὁαῖρετικὸς,
2409 5575 2678 5636 ἐϐούλετο
2709 5581 3007 5635 ἀνανεῶσαι
3050 5581 3148 5650 τήν
3204 5582 3410 5638 ἐκείνου
3466 5583 3694 5658 αἵρεσιν,

2043 5667 2356 5746 λέγων,ὲπῖ
2401 5672 2635 5744 Χριστοῦ
2673 5670 2821 5743 ,μίαν
2879 5669 3036 5748 φύσιν
3093 5673 3335 5748 γενέσθαι
3401 5675 3535 5747 μετὰ
3591 5678 3688 5746 τήν

278 5752 506 5832 obitum
528 5755 778 5826 imperio
798 5760 1020 5829 potitus
1041 5763 1282 5813 sanctus
1303 5758 1654 5827 Marcianus,
1680 5776 1930 5834 congre-

2050 5754 2248 5827 ἕνωσιν,
2287 5759 2466 5817 Ἀλλά
2492 5768 2594 5831 τῆς
2653 5758 2935 5838 βασιλείας
2985 5764 3261 5836 κρατήσας
3319 5764 3347 5817 ὁ
3405 5761 3460 5818 ἕν
3513 5764 3692 5840 ἁγίοις
