4108 6436
274 412 412 473 545

1839 402 2139 474 IULIUS.

3603 427 3724 486 546
3763 431 3770 437 ’

275 542 628 616 Μαρκιανὸς,
665 541 802 614 μετὰ
849 538 1106 608 τελευτὴν
1159 535 1451 595 Θεοδοσίου
1481 539 1602 594 υἱοῦ
1634 533 1945 611 ἈρκιιιδίουΙ

2068 542 2202 625 gata
2222 538 2596 599 Chalcedone
2619 559 2788 600 sacra
2806 553 3219 604 sexcentorum
3245 567 3312 606 ac
3335 552 3576 625 triginta
3597 556 3724 611 dei-

275 635 592 708 συνήγαγεν
668 630 721 688 ἑν
794 627 1112 701 Χαλκηδόνι
1173 627 1398 685 σύνοδον
1454 630 1603 705 ἱερὰν
1661 627 1954 700 ἑξακοσίων

270 722 579 794 τριάκοντα
634 717 912 796 θεοφόρων
968 719 1244 792 Πατὲρων,
1303 716 1394 773 καὶ
1447 715 1699 773 καθεῖλεν
1750 715 1812 770 οὐ
1851 714 1956 787 μό-

274 831 378 866 νον
413 809 662 884 Εὐτυχῆ,
700 806 913 877 μᾶλλον
943 805 1001 862 δὶ
1031 805 1277 883 δυστυχῆ
1323 807 1414 862 καὶ
1464 807 1676 874 ἄθλιον,
1707 804 1798 860 καὶ
1826 803 1954 866 τοὺς

277 897 599 976 ὁμόφρονας
657 897 843 953 αὐτοῦ·
904 895 1051 952 ἀλλὰ
1105 896 1196 951 καὶ
1253 897 1346 951 τὸν
1409 895 1782 970 Ἀρειανισμὸν
1815 914 1954 948 παν-

274 987 464 1051 τελῶς
521 988 774 1065 ἠφάνισε,
833 985 1099 1060 κρατύνεις
1157 986 1220 1041 τὸ
1277 985 1428 1062 ἃγιον
1501 979 1784 1058 σύμϐολον
1842 987 1948 1037 τῶν

279 1079 462 1152 ἁγίων
521 1077 804 1151 Ηατὲρων,
858 1077 948 1132 καὶ
1000 1069 1422 1143 ἐπιϐεϐαιώσας,
1481 1073 1570 1130 καὶ
1623 1071 1952 1147 ἀναθεματί-

278 1187 383 1228 σας
465 1166 703 1226 ἅπαντας
782 1163 910 1225 τοὺς
995 1163 1322 1237 αἱρετικούς.
1385 1158 1792 1237 συνεργησόίσης
1869 1159 1948 1222 είς

275 1260 450 1311 τοῦτο
478 1255 699 1324 καὶτῆς
753 1254 905 1328 ἁγίας
965 1250 1462 1328 μεγαλομάρτυρος
1520 1251 1827 1330 Εὐφημίας,
1860 1248 1946 1304 καὶ

275 1346 376 1399 τὸν
407 1345 534 1419 ὅρον
563 1349 664 1413 τῆς
695 1339 1036 1418 όρθοδοξίας,
1095 1342 1338 1418 καθάπερ
1391 1348 1556 1411 ζῶσα,
1591 1342 1950 1416 παρασχοῦσα

272 1440 398 1496 τοῖς
430 1429 764 1508 ὀρθοδόξοις.

275 1549 383 1606 Καὶ
418 1545 649 1618 ἄθλησις
710 1552 820 1602 τῶν
879 1548 1052 1623 ἁγίων
1117 1545 1408 1624 μαρτύρων
1459 1544 1826 1624 Ὀνησιφόρου
1856 1543 1946 1599 καὶ

952 1621 1288 1697 Πορφυρίου.

1731 1735 1948 1810 ὑπῆρχε

282 1829 382 1897 μὲν
418 1828 476 1884 ἐκ
501 1835 602 1897 τῆς
659 1826 881 1890 πόλεως
935 1825 1192 1892 Ἰκονίου,
1251 1826 1510 1901 συγγενὴς
1562 1822 1634 1878 ὢν
1663 1830 1762 1894 τῆς
1792 1824 1948 1900 βασι-

352 1741 412 1792 '0
496 1742 592 1793 τοῦ
676 1739 915 1811 Χριστοῦ
994 1736 1200 1811 μάρτυς
1285 1735 1648 1813 Ὀνησιφόρος

2061 624 2323 682 ferorum
2383 632 2622 686 Patrum
2683 635 2931 704 synodo,
3003 654 3124 693 non
3182 640 3359 695 modo
3418 624 3722 700 infelicem

2063 717 2101 769 ‘I
2120 717 2218 771 πο
2247 733 2316 773 ac
2339 719 2624 775 miserum
2649 723 2972 793 Eutychen,
3002 727 3252 798 ejusque
3273 732 3532 788 asseclas
3565 750 3722 789 ever-

2061 804 2168 871 tit;
2202 822 2406 862 verum
2466 810 2644 865 etiam
2703 814 3106 870 Arianismum
3138 818 3375 887 penitus
3405 819 3719 893 destruxit,

2063 909 2296 949 sacrum
2330 904 2673 954 sanctorum
2707 902 2948 958 Patrum
2981 903 3314 974 symbolum
3353 910 3720 968 conﬁrmans

2060 998 2128 1037 ac
2181 984 2512 1055 stabiliens,
2570 987 3004 1063 hasreticosque
3064 1010 3272 1051 omnes
3327 1000 3720 1056 anathemati-

2061 1091 2219 1139 zans,
2251 1093 2386 1132 cum
2440 1079 2501 1133 in
2561 1079 2622 1134 id
2680 1097 2922 1151 operam
2974 1100 3141 1139 suam
3175 1092 3232 1140 et
3261 1095 3467 1145 sancta
3505 1107 3720 1163 magna

2060 1169 2288 1234 martyr
2315 1166 2644 1236 Euphemia
2672 1171 3081 1244 conjungeret,
3115 1180 3175 1229 et
3203 1176 3545 1234 orthodoxae
3577 1179 3715 1234 ﬁdei

2063 1253 2499 1325 definitionem,
2562 1263 2846 1329 tanquam
2903 1262 3129 1331 vivens,
3182 1264 3523 1323 orthodoxis
3554 1285 3714 1339 prae-

2058 1341 2248 1399 beret.

2060 1551 2130 1604 Et
2185 1555 2460 1605 certamen
2516 1559 2830 1631 sanctorum
2883 1562 3210 1631 martyrum
3289 1559 3615 1631 Onesiphori
3665 1569 3721 1617 et

2722 1627 3046 1697 Porphyrii.

2133 1729 2540 1801 Onesiphorus
2588 1732 2804 1787 Christi
2884 1739 3130 1807 martyr,
3191 1753 3260 1792 ex
3309 1737 3456 1794 urbe
3514 1741 3717 1797 Iconio

2060 1817 2372 1886 oriundus,
2424 1819 2622 1876 afﬁnis
2679 1823 3022 1894 Tryphaenae
3083 1825 3500 1896 imperatricis,
3533 1829 3719 1884 Iconii

279 1919 483 1988 λίσσης
514 1916 843 1996 Τρυφαίνης·
876 1916 1110 1989 κατῴκει
1168 1913 1225 1970 δὲ
1281 1913 1334 1970 ἐν
1387 1917 1455 1988 τῇ
1505 1912 1666 1969 πόλει
1699 1912 1945 1971 Ἰκονίου.

2062 1906 2365 1972 habitavit,
2398 1907 2500 1964 ubi
2560 1916 2619 1964 et
2676 1911 3008 1983 suscipiens
3065 1929 3347 1986 magnum
3379 1917 3717 1987 apostolum

275 2010 452 2064 ’Ἔνθα
480 2006 568 2062 καὶ
621 2004 910 2079 δεξάμενος
955 2006 1046 2060 τὸν
1105 2003 1274 2080 μέγαν
1332 2003 1638 2058 ἀπόστολον
1701 2002 1940 2072 Παῦλον,

275 2095 551 2172 ἐδιδάχθη
605 2096 694 2152 ὑπ’
751 2095 959 2150 ἐκείνου
1011 2093 1105 2149 τὸν
1164 2091 1332 2168 λόγον
1388 2099 1493 2162 τῆς
1537 2091 1820 2164 ἀληθείας,
1851 2093 1939 2147 καὶ

278 2187 598 2263 βαπτισθεὶς
656 2185 903 2255 πανοικὶ,
957 2183 1218 2257 ἐκήρυττε
1267 2183 1358 2238 τὸν
1417 2183 1680 2256 Χριστόν.
1714 2182 1812 2237 Καὶ
1854 2179 1944 2238 διὰ

267 2282 440 2333 τοῦτο
472 2274 756 2351 διωχθεὶς,
815 2273 875 2329 ἐκ
929 2277 1025 2328 τοῦ
1077 2272 1304 2330 Ἰκονίου
1361 2271 1636 2340 ἀπελθὼν,
1683 2271 1942 2345 κατῴκηο

273 2389 364 2424 σεν
393 2367 470 2429 εἰς
502 2367 566 2422 τὸ
598 2364 818 2439 Πάριον.
854 2359 1106 2440 Εὕπορος
1163 2359 1220 2418 δὶ
1273 2357 1371 2433 ὥν,
1403 2359 1624 2430 πολλὴν
1656 2366 1764 2416 τῶν
1792 2383 1940 2417 πτω-

275 2463 396 2534 χῶν
430 2458 671 2512 ἐποιεῖτο
715 2462 999 2527 πρόνοιαν.
1057 2449 1235 2509 Ἀλλᾶ
1284 2451 1375 2506 καὶ
1430 2456 1510 2524 τῷ
1569 2450 1772 2523 Παύλῳ
1803 2452 1940 2527 πρὸς

270 2550 342 2604 τα
397 2544 761 2616 Ἱεροσόλυμα
816 2543 1186 2618 ἀπερχομένῳ
1267 2540 1456 2597 πολλὰ
1539 2543 1808 2616 χρήματα
1866 2540 1942 2604 είς

278 2635 557 2693 διακονίαν
617 2638 726 2689 τῶν
779 2629 1031 2709 ἀδελφῶν
1090 2629 1313 2700 δέδωκε,
1371 2630 1461 2686 καὶ
1522 2631 1658 2707 πρὸς
1716 2631 1941 2703 Ῥώμην

281 2724 614 2799 ἀπαγομὲνῳ
654 2719 864 2794 δεσμίῳ
918 2717 1393 2791 κατηκολούθησε.
1454 2719 1554 2774 Καὶ
1607 2720 1941 2795 προτραπεὶς

286 2816 375 2869 ὑπ’
410 2814 636 2881 ἆκείνου,
687 2809 854 2866 πάλιν
913 2806 1182 2865 κατέλαϐε
1236 2810 1299 2863 τὸ
1353 2810 1572 2883 Πάριονο
1607 2807 1705 2864 Καὶ
1737 2829 1940 2884 κρατη-

287 2903 404 2965 θεὶς
437 2903 538 2957 ὑπὸ
565 2906 658 2956 τοῦ
689 2898 962 2976 ἄρχοντος
1007 2900 1122 2972 ἅμα
1175 2902 1254 2970 τῷ
1313 2895 1498 2971 δούλῳ
1527 2898 1692 2953 αὐτοῦ
1725 2903 1940 2974 Πορφυ-

299 2992 427 3061 ρὶῳ,
479 2983 807 3058 ὲῦασανίσθη.
874 2988 1008 3044 Εἶτα
1059 2985 1274 3062 ἀγρίοις
1354 2985 1545 3050 ίπποις
1599 2982 1941 3060 προσδεθεὶς,

304 3077 398 3129 καὶ
431 3075 601 3148 συρεὶς
643 3075 797 3146 μίλια
857 3072 1241 3149 δεκατέσσαρα,
1300 3071 1584 3148 παρέδωκε
1611 3066 1674 3128 τὸ
1705 3076 1937 3147 πνεῦμα·

301 3167 782 3240 Συγκακοπαθήσας
876 3161 934 3218 δὲ
1028 3162 1177 3235 αὐτῷ
1251 3162 1341 3216 καὶ
1407 3164 1434 3217 ὁ
1517 3163 1823 3240 [Ιορφύριος
1885 3161 1938 3218 ἐν

2056 1996 2327 2062 Paulum,
2350 1997 2422 2053 ab
2442 2014 2509 2053 eo
2531 1998 2774 2055 verbum
2797 2001 3062 2056 veritatis
3088 2002 3353 2072 edoctus,
3377 2009 3554 2076 atque
3579 2023 3715 2062 cum

2053 2091 2177 2141 tota
2207 2087 2382 2142 domo
2414 2087 2764 2159 baptizatus,
2799 2091 3094 2146 Christum
3137 2092 3516 2164 praedicabat.
3550 2095 3714 2160 Qua-

2052 2184 2297 2249 propter
2317 2179 2666 2252 exagitatus,
2690 2182 2891 2237 lconio
2913 2182 3198 2254 migrans,
3224 2184 3285 2238 in
3307 2185 3522 2239 Parum
3545 2185 3713 2254 abiit,

2052 2266 2255 2338 ibique
2282 2274 2685 2324 commoratus
2736 2277 2844 2326 est.
2900 2272 3043 2327 Cum
3101 2279 3300 2328 autem
3331 2273 3714 2330 facultatibus

2051 2356 2325 2412 afﬂueret
2368 2358 2688 2430 plurimam
2710 2377 3040 2432 pauperum
3071 2379 3275 2419 curam
3305 2363 3567 2436 gerebat.
3603 2364 3714 2420 Sed

2053 2451 2112 2500 et
2166 2447 2344 2502 Paulo
2396 2449 2806 2520 Hierosolyma
2846 2450 3110 2519 abeunti,
3158 2453 3377 2508 multas
3425 2470 3569 2524 opes
3610 2470 3714 2525 pro

2049 2535 2301 2591 fratrum
2335 2537 2668 2593 ministerio
2711 2540 2984 2607 contulit,
3027 2542 3426 2613 eamdemque
3451 2543 3713 2598 vinctum

2053 2626 2298 2680 Romam
2333 2627 2580 2681 missum
2613 2635 2850 2683 secutus
2882 2635 2992 2696 est,
3026 2631 3196 2702 cujus
3227 2632 3462 2686 hortatu
3495 2632 3712 2686 iterum

2052 2714 2113 2768 in
2147 2717 2362 2769 Parum
2393 2715 2592 2771 rediit.
2624 2718 3102 2788 Comprehensus
3151 2727 3350 2776 autem
3383 2737 3414 2776 a
3457 2721 3710 2792 prasside

2051 2817 2172 2858 una
2192 2819 2327 2857 cum
2359 2820 2525 2858 servo
2549 2821 2655 2859 suo
2681 2807 3030 2879 Porphyrio,
3057 2809 3372 2864 tormentis
3404 2809 3708 2881 subjectus

2054 2897 2175 2946 est:
2211 2892 2348 2946 dein
2379 2892 2677 2948 ferocibus
2709 2896 2880 2966 equis
2925 2895 3226 2968 alligatus.
3261 2903 3318 2952 et
3349 2897 3712 2954 milliaribus

2053 2979 2505 3050 quatuordecim
2565 2988 2853 3053 raptatus,
2915 2983 3190 3055 spiritum
3251 2986 3514 3041 tradidit.
3575 2988 3717 3042 Por-

2051 3069 2300 3140 phyrius
2329 3075 2527 3124 autem
2554 3087 2675 3126 una
2705 3088 2841 3126 cum
2874 3071 2978 3127 illo
3009 3073 3071 3127 in
3105 3073 3407 3141 omnibus,
3443 3090 3574 3146 quae
3607 3092 3713 3146 pro

2052 3157 2170 3212 Deo
2195 3157 2496 3224 sustinuit,
2524 3159 2955 3216 certaminibus
2977 3166 3276 3218 tormenta
3294 3163 3715 3235 passus,vitam

287 3259 446 3308 πᾶσιν
519 3253 678 3309 αὐτοῦ
751 3258 868 3318 τοῖς
942 3255 1079 3308 κατὰ
1153 3252 1282 3306 Θεὸν
1359 3251 1751 3329 ἀγωνίσμασιν,
1829 3251 2018 3352 ἔτει-α
2056 3246 2265 3301 ﬁniVit-

285 3342 512 3415 λειώθη.

1025 3457 1182 3534 ἁγίου
1287 3459 1560 3534 μάρτυρος
1665 3461 1940 3534 Δθηνογὲ-

1042 3551 1191 3593 νους.

274 3461 383 3517 Καὶ
485 3458 716 3532 ἄθλησις
813 3463 910 3515 τοῦ
1025 3458 1182 3534 ἁγίου
1287 3459 1560 3534 μάρτυρος

350 3647 717 3725 Ἀθηνογένης
767 3649 796 3703 ὁ
852 3648 1182 3723 ἱερομάρτυς
1237 3645 1303 3714 ἦν
1370 3645 1464 3719 μὶν
1520 3645 1580 3701 ἐκ
1630 3653 1732 3716 τῆς
1765 3641 1939 3702 Σεϐα-

279 3741 458 3800 στείας
491 3737 578 3793 ἐπὶ
613 3736 1008 3808 Διοκλητιανοῦ
1054 3739 1152 3790 τοῦ
1205 3733 1494 3810 βασιλέως.
1547 3736 1846 3810 Κρατηθεὶς
1885 3733 1942 3790 δὶ

286 3827 394 3882 ὑπὸ
446 3831 542 3882 τοῦ
592 3826 862 3901 ἡγεμόνος
921 3823 1054 3898 μετὰ
1109 3827 1217 3878 τῶν
1279 3821 1404 3878 δέκα
1462 3828 1722 3896 μαθητῶν
1757 3823 1942 3896 αὐτοῦ,

282 3917 374 3973 καέ
411 3915 628 3978 πολλᾶς
665 3913 930 3992 βασάνους
990 3913 1083 3968 σὺν
1147 3912 1329 3974 αὐτοῖς
1391 3912 1690 3985 ὑπομείνας
1726 3912 1815 3969 διὰ
1842 3915 1944 3983 τὴν

283 4006 365 4070 ei;
412 4009 640 4076 Χριστὸν
688 4003 928 4080 ἀγάπην,
985 4002 1298 4058 τελευταῖον
1347 4004 1447 4072 τὴν
1501 4001 1587 4057 διὰ
1632 4008 1730 4058 τοῦ
1761 4004 1947 4082 ξίφους

281 4093 500 4165 ἐδέξατο
555 4093 838 4163 τελευτήν.
900 4091 1126 4166 Λέγεται
1185 4088 1242 4145 δὲ
1295 4089 1420 4166 περὶ
1480 4089 1666 4161 αὐτοῦ,
1718 4093 1800 4148 ὅτι
1840 4093 1947 4168 πρὸ

278 4189 380 4240 τοῦ
411 4184 774 4259 κρατηθῆναι,
833 4179 1084 4243 ἀπελθὼν
1145 4179 1220 4242 εἷς
1274 4180 1337 4235 τὸ
1398 4183 1788 4254 μοναστήριον,
1822 4181 1950 4246 τοὺς

285 4273 535 4348 μαθητὰς
597 4271 698 4346 οὐχ
761 4271 928 4348 εὗρεν·
990 4270 1501 4344 προκατεσχέθησαν
1559 4272 1686 4344 γάρ·
1746 4273 1846 4342 τὴν
1895 4269 1952 4328 δὲ

283 4366 665 4435 ὑπαντήσασαν
744 4360 891 4433 αὐτῷ
973 4356 1197 4438 ἔλαφον,
1277 4357 1344 4428 ἦν
1433 4359 1717 4435 ἀνέθρεψεν
1772 4361 1822 4416 ἐν
1881 4365 1950 4436 τῇ

287 4456 458 4527 μονῇ,
517 4449 835 4528 εὐλόγησεν,
921 4448 1012 4504 καὶ
1102 4445 1392 4521 ἒπηύξατο,
1451 4449 1529 4522 μὴ
1598 4451 1951 4523 κυριευθῆναι

285 4544 393 4598 ὑπὸ
454 4547 561 4597 τῶν
615 4543 926 4614 κυνηγετῶν
985 4540 1078 4594 καὶ
1148 4539 1212 4592 τὸ
1279 4538 1494 4613 σπέρμα
1552 4539 1742 4608 αύτῆς’
1803 4539 1948 4596 ἀλλὰ

2053 3445 2200 3498 171
2260 3443 2547 3499 Certamen
2599 3451 2942 3503 sacrosancti
2996 3450 3260 3518 martyris
3318 3450 3713 3520 Athenogenis.

2129 3648 2544 3722 Athenogenes
2576 3651 2792 3706 Christi
2825 3659 3223 3727 sacromartyr
3252 3655 3492 3712 Sebaste
3525 3662 3712 3726 ortus,

2055 3737 2420 3794 Diocletiano
2453 3740 2807 3813 imperante,
2842 3759 2961 3799 una
2991 3761 3125 3799 cum
3167 3744 3372 3801 decem
3404 3745 3715 3819 discipulis

2056 3827 2179 3882 suis
2203 3827 2378 3898 jussu
2437 3829 2706 3901 praesidis
2762 3833 3254 3905 comprehensus,
3298 3853 3433 3891 cum
3495 3837 3716 3893 multos

2055 3917 2353 3972 cruciatus
2384 3935 2489 3989 pro
2523 3920 2738 3975 Christi
2772 3938 2974 3977 amore
3003 3923 3184 3979 simul
3213 3941 3348 3980 cum
3382 3925 3502 3981 illis
3535 3928 3718 3982 susti-

2055 4006 2306 4070 nuisset,
2340 4014 2706 4079 postremum
2739 4011 2936 4083 gladio
2965 4012 3146 4068 finem
3177 4015 3720 4086 accepit.Narratur

2055 4102 2252 4148 autem
2287 4095 2359 4150 de
2392 4096 2517 4166 illo,
2545 4098 2703 4170 quod
2734 4105 3057 4171 antequam
3084 4103 3715 4174 comprehenderetur,

2055 4183 2127 4239 ad
2165 4187 2592 4242 monasterium
2630 4189 2953 4260 profectus,
2987 4190 3312 4263 discipulos
3338 4209 3718 4266 nequaquam

2053 4272 2282 4328 invenit
2307 4291 2320 4328 :
2353 4275 2576 4330 detenti
2603 4277 2765 4332 enim
2787 4277 3045 4334 fuerant.
3075 4280 3495 4337 Occurrentem
3519 4288 3719 4338 autem

2053 4362 2166 4415 sibi
2198 4378 2640 4434 cervam,quam
2666 4366 2730 4419 in
2762 4368 3123 4422 monasterio
3155 4368 3720 4437 educaverat,bene-

2053 4449 2222 4520 dixit,
2255 4453 2648 4524 promisitque
2678 4455 2827 4519 fore,
2861 4463 2927 4510 ut
2957 4461 3268 4512 venatores
3298 4473 3496 4528 neque
3528 4458 3717 4530 illam,

2052 4556 2248 4611 neque
2281 4542 2408 4612 ejus
2441 4559 2646 4597 semen
2678 4543 2739 4598 in
2773 4561 2940 4600 suam
2973 4552 3328 4616 potestatem
3357 4547 3718 4621 redigerent,

280 4635 406 4690 καθ’
440 4629 659 4687 ’ἑκαστον
695 4631 897 4705 χρόνον
925 4626 1071 4704 ἄγειν
1129 4628 1183 4683 ἐν
1235 4632 1302 4701 τῇ
1347 4630 1539 4702 μνήμῃ
1568 4628 1736 4684 αὐτοῦ
1768 4631 1938 4700 αὐτήν

2061 4629 2152 4683 sed
2167 4629 2228 4683 in
2244 4629 2429 4701 ipsius
2443 4633 2790 4688 memoriam
2803 4635 3014 4705 quovis
3029 4641 3295 4708 tempore
3311 4644 3579 4709 ageretet
3591 4639 3723 4709 ipsa

277 4743 364 4791 τε,
412 4720 502 4775 καὶ
557 4720 652 4782 τὰς
707 4717 759 4789 ἐξ
808 4717 974 4787 αὐτῆς
1035 4713 1348 4788 μελλούσας
1404 4714 1678 4771 τίκτεσθαι
1736 4717 1949 4794 μόσχον

280 4810 401 4866 ⁹ἐντι.
433 4811 500 4867 ’Ὁ
530 4809 622 4864 καὶ
677 4809 918 4883 γεγονεν-
965 4807 1182 4881 Ὀρᾶται
1221 4805 1320 4880 γὰρ
1357 4805 1490 4878 μετὰ
1542 4806 1646 4874 τήν
1698 4806 1948 4882 ἀναγνω-

280 4923 369 4955 σιν
423 4903 534 4954 τῶν
573 4898 742 4973 ἁγίων
780 4891 1125 4972 Εὐαγγελίων
1179 4894 1230 4949 ἐν
1284 4898 1353 4969 τῇ
1407 4891 1673 4966 ἐκκλησίᾳ
1701 4895 1948 4972 εἰσερχο-

286 4989 424 5064 μὲνη
459 4991 494 5058 ἡ
525 4985 754 5060 ἔλαφος,
785 4985 876 5041 καὶ
932 4985 1027 5040 τὸν
1089 4984 1300 5060 μόσχον
1334 4983 1504 5052 αὐτῆς
1557 4984 1841 5056 ἀνατίθησι
1869 4991 1951 5060 τῷ

278 5081 446 5156 ἁγίῳ,
476 5077 569 5134 καὶ
600 5076 766 5131 πάλιν
817 5073 1114 5151 ἐξέρχεται.
1165 5075 1263 5131 ’ον
1312 5073 1532 5138 θύοντες
1564 5075 1616 5129 οἱ
1648 5075 1949 5152 συλλελεγο

278 5173 468 5244 μενοι,
503 5167 846 5244 εὐωχοῦνται
903 5164 979 5227 εἷς
1029 5162 1184 5235 δόξαν
1242 5170 1340 5219 τοῦ
1397 5165 1815 5242 ἱερομάρτυρος,
1858 5163 1949 5220 καὶ

270 5262 480 5336 τιμήν.

855 5403 1036 5456 ΜΗΝΙ
1063 5403 1147 5454 ΤΩ
1176 5400 1376 5458 ΛΥΤΩ.

1085 5494 1161 5545 IZ'

494 5581 764 5653 ’Λθλησις
788 5587 887 5650 τῆς
920 5578 1073 5656 ἁγίας
1124 5577 1398 5656 μάρτυρος
1458 5579 1730 5653 Μαρινης.

345 5733 408 5789 Ἣ
471 5730 571 5783 τοῦ
627 5727 866 5802 Χριστοῦ
923 5722 1129 5798 μάρτυς
1184 5722 1400 5799 Μαρίνα
1454 5719 1701 5796 ὑπῆρχεν
1761 5720 1821 5778 ἐκ
1847 5731 1949 5796 τῆς

2061 4724 2118 4771 et
2135 4735 2266 4788 quas
2282 4736 2351 4773 ex
2371 4720 2500 4791 ipsa
2522 4723 2785 4777 catulum
2809 4723 3088 4795 pariturae
3104 4727 3499 4792 essent.Quod
3518 4735 3720 4783 etcon-

2061 4807 2207 4879 tigit.
2233 4809 2368 4863 Visa
2399 4817 2487 4864 est
2517 4812 2677 4866 enim
2708 4819 2842 4884 post
2891 4819 3236 4870 sanctorum
3267 4816 3723 4890 Evangeliorum

2058 4896 2376 4952 lectionem
2406 4899 2466 4953 in
2499 4900 2813 4957 ecclesiam
2838 4901 3182 4974 ingrediens
3209 4922 3399 4968 cerva,
3423 4923 3555 4978 quae
3587 4924 3723 4962 cum

2058 4987 2308 5042 vitulum
2327 5005 2500 5043 suum
2525 4997 2729 5045 sancto
2753 4990 3090 5062 obtulisset,
3109 5011 3316 5050 rursus
3341 5011 3577 5067 egressa
3597 5001 3719 5051 est:

2059 5082 2119 5131 at
2153 5076 2321 5131 illum
2355 5079 2456 5150 qui
2488 5079 2547 5133 in
2583 5079 2836 5136 ecclesia
2880 5081 3115 5138 collecti
3147 5090 3337 5152 erant,
3370 5091 3721 5154 mactantes,

2061 5166 2312 5238 gloriam
2344 5167 2756 5241 honoremque
2807 5172 2958 5226 sacri
3011 5174 3290 5246 martyris
3319 5172 3720 5228 celebrarunt.

2623 5441 2862 5496 EODEM
2903 5442 3156 5497 MENSE.

2557 5529 2663 5584 Die
2695 5530 2928 5586 decima
2968 5532 3223 5602 septima

2346 5614 2629 5672 Certamen
2658 5625 2862 5674 sanctae
2886 5621 3150 5688 martyris
3180 5620 3432 5674 Marine.

2131 5731 2356 5790 Marine.
2385 5733 2600 5792 Christi
2631 5741 2857 5809 martyr
2886 5751 2956 5791 ex
2980 5735 3126 5792 urbe
3149 5735 3466 5793 Antiochia
3487 5736 3720 5795 Pisidia
