4108 6432
369 405 484 463 547

1663 404 2106 467 MENOLOGII
2151 402 2351 465 PARS
2397 404 2502 464 lll.

3675 413 3792 471 548

369 538 501 608 fuit,
563 537 688 594 ﬁlia
744 538 1022 594 .Edesimi
1098 536 1397 594 idolorum
1475 537 1820 595 sacerdotis.
1873 540 2006 594 Cum

2132 533 2349 596 πόλεως
2382 533 2727 594 Ἀντιοχείας
2788 542 2890 606 τῆς
2947 533 3217 606 Πισιδίας,
3277 539 3517 616 θυγάτηρ
3575 539 3795 596 Δίδεσί-

368 637 565 688 antem
597 631 927 686 Christiana
958 636 1135 699 esset,
1165 632 1618 703 comprehensa,
1643 637 1700 685 et
1729 632 1802 686 ad
1834 631 2020 686 Olim-

366 723 560 778 brium
593 720 906 793 praesidem
965 721 1241 790 adducta,
1275 722 1601 793 multisque
1659 721 2020 777 cruciatibus

363 817 593 881 affecta,
627 815 922 869 Christum
957 830 1336 885 nequaquam
1368 813 1694 885 abnegavit,
1721 812 2020 867 idolorum

360 903 769 958 inﬁrmitatem
800 903 1244 973 vanitatemque
1275 901 1575 956 deridens.
1609 902 1675 955 In
1720 917 2019 956 carcerem

357 993 558 1062 itaque
590 991 942 1062 conjicitur:
975 989 1076 1045 ubi
1101 991 1376 1062 apparuit
1406 989 1459 1044 ei
1490 989 1788 1044 maximus
1818 988 2016 1054 draco,

358 1087 670 1153 serpentes
699 1081 858 1136 circa
886 1080 1108 1136 collum
1140 1081 1388 1148 habens,
1421 1079 1522 1150 qui
1564 1079 1722 1134 circa
1753 1084 2018 1133 sanctam

360 1170 630 1239 sibilans,
689 1171 857 1226 illam
912 1171 1193 1226 devorare
1255 1169 1616 1226 minabatur.
1651 1171 1724 1223 At
1755 1168 1858 1224 illa
1889 1183 2020 1224 sese

358 1260 702 1333 obsignans,
735 1260 1046 1331 crucisque
1089 1262 1337 1332 ﬁguram
1376 1259 1662 1327 formans,
1698 1275 1833 1313 eum
1865 1259 2020 1313 inte-

357 1351 553 1407 remit.
588 1353 801 1406 Postea
825 1351 887 1404 in
917 1351 1112 1404 lacum
1154 1367 1322 1420 aquas
1377 1349 1642 1420 projecta
1674 1355 1800 1404 est:
1835 1365 2018 1420 appa-

355 1456 614 1511 rensque
639 1439 918 1495 columba
942 1443 982 1494 'l
999 1441 1096 1496 72
1117 1456 1333 1511 aquam
1355 1438 1678 1505 benedixit,
1706 1438 2016 1508 ipsamque

364 1529 696 1602 baptizavit.
728 1532 978 1603 Egressa
1007 1536 1206 1586 autem
1238 1547 1310 1586 ex
1341 1529 1492 1594 lacu,
1519 1533 1579 1584 et
1603 1527 1675 1582 ad
1700 1527 2015 1599 praesidem

355 1637 567 1676 rursus
599 1620 874 1687 adducta,
901 1620 1323 1690 Christumque
1345 1619 1531 1674 libere
1559 1618 1850 1684 confessa,
1877 1633 2013 1672 sen-

357 1710 606 1765 tentiam
638 1710 849 1781 capitis
880 1709 1126 1780 accepit.
1152 1710 1296 1765 Cum
1320 1709 1522 1779 itaque
1547 1707 1621 1762 ad
1645 1707 1844 1762 locum
1866 1723 2018 1762 mor-

359 1799 434 1854 tis
465 1800 725 1856 venisset
749 1805 808 1855 et
826 1799 929 1854 diu
960 1804 1208 1866 orasset,
1237 1799 1427 1871 capite
1451 1798 1623 1870 plexa
1655 1803 1764 1854 est.

919 2080 1160 2136 EODEM
1200 2079 1343 2132 ΜΕΝ
1351 2077 1456 2133 SE.

889 2169 992 2224 Die
1023 2168 1253 2223 decima
1291 2172 1495 2222 octava

611 2259 896 2314 Certamen
941 2260 1122 2314 sancti
1158 2258 1422 2326 martyris
1458 2255 1765 2311 Emiliani.

429 2376 779 2431 .Emilianus
801 2375 1016 2430 Christi
1041 2380 1268 2446 martyr
1288 2373 1401 2427 fuit
1429 2390 1497 2428 ex
1527 2371 1673 2426 urbe
1707 2369 2015 2425 Dorostolo

358 2465 552 2538 Mysia;
577 2466 637 2520 in
659 2465 906 2520 Thracia
923 2463 1292 2535 temporibus
1306 2461 1524 2516 Iuliani
1548 2459 2016 2531 Apostatai.Cum

358 2562 557 2612 autem
590 2557 773 2613 Graeci
807 2555 1120 2626 cujusdam
1181 2569 1382 2608 servus
1423 2557 1598 2620 esset,
1643 2550 2014 2622 professione

357 2663 493 2702 vero
525 2646 923 2709 Christianus,
956 2644 1458 2716 opportunitatem
1509 2647 1738 2707 nactus,
1773 2646 2012 2710 accepto

357 2735 573 2792 malleo
595 2736 800 2792 fanum
817 2734 1116 2790 idolorum
1138 2730 1791 2805 ingressus,simulacra
1811 2730 2014 2784 omnia

355 2827 650 2894 contrivit,
685 2832 743 2881 et
771 2825 1042 2880 victimas
1073 2823 1371 2894 dispersit.
1408 2823 1550 2875 Cum
1595 2837 1730 2876 vero
1758 2819 2012 2874 idolola-

355 2922 460 2971 traa
519 2922 822 2972 auctorem
881 2916 1010 2987 ejus
1062 2913 1201 2968 facti
1259 2913 1623 2984 ignorarent,
1685 2909 2007 2982 agricolam

352 3003 670 3074 quemdam
720 3000 1326 3074 comprehenderunt,
1387 3015 1642 3068 eumque
1697 2997 2007 3052 verberare

350 3101 675 3168 cmperunt,
702 3100 760 3149 et
789 3093 860 3150 ad
883 3092 1197 3166 praesidem
1221 3096 1551 3162 raptarunt.
1578 3089 1743 3156 Quod
1766 3095 2007 3145 sanctus

346 3185 621 3254 intuitus,
646 3185 906 3256 seipsum
931 3181 1196 3247 tradidit,
1217 3181 1450 3236 dicens:
1476 3181 1590 3252 Ego
1613 3195 1744 3235 sum
1769 3180 1868 3250 qui
1895 3178 2006 3234 hoc

2135 645 2245 696 μου
2275 625 2464 699 ίερέως
2515 628 2624 680 τῶν
2679 622 2950 684 εἰδώλων.
3011 629 3310 702 Χριστιανή
3373 627 3431 682 δὲ
3479 629 3610 684 οῦσα
3641 629 3793 706 ἐκρα-

2127 716 2294 786 τήθη,
2319 715 2408 770 καὶ
2442 721 2819 790 προσαχθεῖσα
2849 710 3164 789 Ὀλιμϐρίῳ
3195 716 3445 793 ἐπάρχῳ,
3477 727 3568 773 καί
3607 719 3798 776 πολλὰ

2133 803 2536 879 βασανισθεῖσα,
2592 804 2686 858 τὸν
2748 805 2842 876 μὲν
2899 806 3132 880 Χριστὸι
3195 805 3293 860 οὐκ
3349 809 3654 882 ἠρνήσατο,
3681 814 3790 864 τῶν

2131 890 2187 946 δὲ
2236 890 2483 948 εἰδώλων
2535 893 2638 961 τήν
2697 893 2968 949 ἄσθένειαν
3025 893 3117 948 καὶ
3173 896 3272 964 τήν
3335 897 3677 969 ματαιότητα
3710 895 3794 953 δι-

2129 978 2444 1054 εχλεύασεν.
2474 980 2836 1055 Ἀπεκλεὶσθη
2897 983 2988 1038 οὗν
3048 983 3126 1048 είς
3183 984 3459 1060 φυλακὴν,
3502 988 3594 1042 καὶ
3627 987 3795 1066 ἐφάνη

2127 1068 2264 1144 αὐτῇ
2333 1068 2546 1146 δράκων
2623 1072 3006 1149 παμμεγέθης,
3086 1071 3232 1149 ἔχων
3295 1070 3446 1152 ὄφεις
3509 1076 3636 1152 περῖ
3703 1078 3798 1132 τὸν

2125 1157 2413 1234 τράχηλον
2445 1160 2634 1230 αὑτοῦ,
2667 1161 2756 1215 καὶ
2789 1161 3019 1234 συρίζων
3069 1162 3222 1238 πέριξ
3271 1167 3372 1228 τῆς
3417 1165 3596 1240 ἁγίας,
3629 1165 3795 1236 ἠπεί-

2129 1247 2215 1303 λει
2283 1255 2564 1304 καταπιεῖν
2635 1250 2825 1322 αὑτήν.
2906 1251 3002 1306 Καὶ
3078 1256 3628 1330 κατασφραγισαμένη
3703 1255 3795 1311 καὶ

2127 1339 2402 1408 ποιήσασα
2453 1339 2543 1394 τὸν
2601 1338 2775 1394 τύπον
2835 1344 2933 1395 τοῦ
2991 1347 3248 1416 σταυροῦ,
3283 1343 3573 1417 ἐνέκρωσεν
3601 1345 3795 1402 αὐτόν.

2126 1430 2261 1482 Εἶτα
2319 1427 2514 1506 ἐρρίφη
2576 1429 2652 1492 είς
2712 1427 2915 1484 λάκκον
2975 1428 3190 1493 ὕδατος
3251 1433 3338 1487 καὶ
3391 1439 3611 1512 φανεῖσα
3641 1456 3798 1513 περι-

2126 1517 2287 1591 στερᾶ
2317 1516 2590 1593 εύλόγησε
2638 1519 2702 1574 τὸ
2761 1516 2932 1595 ὕδωρ,
2994 1523 3082 1576 καὶ
3133 1516 3418 1578 ἐϐάπτισεν
3471 1524 3667 1596 αὑτήν.
3697 1527 3797 1582 Καὶ

2123 1613 2225 1676 τῆς
2256 1606 2461 1680 λίμνης
2495 1607 2813 1680 ἐξελθοῦσα,
2845 1609 2934 1666 καὶ
2992 1611 3158 1667 πάλιν
3213 1617 3294 1686 τῷ
3352 1612 3584 1690 ἐπάρχῳ
3614 1636 3792 1690 παρα-

2126 1702 2312 1766 στᾶσα,
2379 1697 2472 1752 καὶ
2537 1698 2628 1753 τὸν
2706 1701 2936 1774 Χριστὸν
3013 1701 3294 1777 παρῥησίᾳ
3369 1703 3795 1779 ὀμολογησασα,

2126 1781 2289 1841 ἔλαϐε
2351 1789 2451 1857 τήν
2519 1785 2610 1843 διὰ
2666 1789 2854 1866 ξίφους
2911 1789 3202 1867 ἀπόφασιν.
3256 1792 3357 1847 Καὶ
3405 1789 3792 1850 καταλαϐοῦσα

2047 1874 2215 1974 Βτὸν
2263 1875 2430 1931 τόπον
2480 1883 2580 1947 τῆς
2631 1875 2993 1951 τελειώσεως,
3044 1880 3134 1935 καὶ
3203 1879 3444 1936 ἐπιπολὺ
3493 1883 3791 1958 προσεύξα-

2127 1965 2286 2037 μένη,
2321 1963 2638 2038 ἐτελειώθη.

2677 2088 2860 2144 MHNI
2897 2094 2982 2166 ro
3028 2091 3228 2167 ΑΥἹᾨ.

2301 2264 2570 2336 Ἀθλησις
2599 2269 2696 2320 τοῦ
2725 2264 2880 2340 ἁγίου
2908 2179 3206 2341 Ιἓάρτυρος
3251 2267 3601 2341 Αἰμιλιανοῦ.

2193 2380 2254 2436 Ὀ
2319 2384 2413 2434 τοῦ
2475 2383 2709 2458 Χριστοῦ
2779 2383 2987 2457 μάρτυς
3054 2383 3387 2455 Αἱμιλιανὸς
3444 2384 3687 2460 ὑπῆρχεν
3723 2384 3786 2440 ἐκ

2119 2468 2339 2532 πόλεως
2381 2468 2726 2545 Δοροστόλου
2777 2470 2986 2534 Μυσίας
3031 2479 3132 2542 τῆς
3183 2472 3398 2549 Θρᾴκης
3427 2473 3514 2528 ἐπὶ
3548 2471 3788 2531 Ἰουλια-

2118 2563 2212 2613 νοῦ
2240 2565 2342 2614 τοῦ
2375 2555 2718 2633 Παραϐάτου,
2777 2557 2977 2624 δοῦλος
3041 2562 3134 2634 μὲν
3193 2565 3485 2639 τυγχάνων
3529 2563 3788 2634 Ελληνός

2118 2669 2284 2713 νινος,
2335 2650 2659 2722 Χριστιανὸς
2715 2647 2773 2705 δὲ
2836 2649 3124 2726 ὑπάρχων’
3183 2652 3272 2706 καὶ
3329 2648 3515 2708 λαϐὼν
3565 2655 3781 2728 καιρὸν,

2117 2737 2381 2813 ἐκράτησε
2449 2744 2675 2816 σφῦραν,
2744 2739 2836 2794 καὶ
2905 2739 3158 2811 εἷσῆλθεν
3228 2741 3304 2805 εἷς
3366 2743 3459 2798 τὸν
3508 2747 3635 2798 ναὸν
3668 2749 3779 2798 τῶν

2116 2826 2389 2900 εἰδώλων,
2421 2830 2510 2884 καὶ
2542 2825 2826 2904 συνέτριψε
2865 2829 3038 2886 πάντα
3081 2831 3150 2886 τά
3199 2831 3514 2907 ἀγάλματα,
3565 2833 3782 2896 καὶτὰς

2115 2918 2298 2982 θυσίας
2333 2915 2731 2994 διεσκόρπισεν.
2767 2921 2834 2977 Οἱ
2883 2917 2941 2975 δὲ
2995 2918 3422 2997 εἰδωλολάτραι,
3455 2923 3778 2997 ἀγνοοῦντες

2110 3008 2204 3063 τὸν
2259 3011 2421 3064 τοῦτο
2475 3011 2797 3081 ποιῆσαντα,
2860 3009 3160 3082 ἐκράτησαν
3217 3012 3458 3085 γηπόνον
3516 3013 3655 3081 τινὰ,
3687 3010 3776 3067 καὶ

2111 3096 2345 3172 ἤρξαντο
2410 3097 2628 3154 τύπτειν
2700 3099 2887 3168 αὑτὸν,
2955 3101 3044 3154 καὶ
3114 3099 3292 3174 σύρειν
3342 3101 3478 3176 πρὸς
3518 3102 3610 3156 τὸν
3652 3105 3774 3177 ἡγεο

2114 3186 2273 3259 μόνα.
2326 3187 2464 3244 Τότε
2510 3188 2537 3242 6
2590 3188 2742 3263 ἅγιος
2785 3185 2935 3258 ίδὼν,
2987 3185 3298 3262 παρέδωκεν
3331 3190 3542 3258 ἑαυτὸν,
3577 3188 3775 3264 λὲγων·

346 3274 482 3330 feci.
509 3273 811 3330 Adductus
841 3273 1022 3345 igitur
1068 3270 1142 3326 ad
1174 3269 1511 3341 praesidem,
1546 3269 1675 3340 ejus
1713 3269 2004 3339 insipien-

2119 3277 2261 3352 Ἐγώ
2293 3275 2406 3349 είμι
2455 3277 2482 3330 6
2529 3280 2693 3331 τοῦτο
2743 3271 3084 3348 πεποιηκώς.
3138 3278 3359 3354 Ἀχθεὶς
3391 3279 3484 3334 οῦν
3516 3277 3654 3354 πρὸς
3682 3279 3774 3333 τὸν

347 3365 490 3418 tiam
523 3363 810 3435 coarguit,
841 3366 1046 3433 utpote
1087 3360 1186 3430 qui
1217 3358 1382 3414 vanis
1413 3357 1587 3412 idolis
1619 3357 1798 3413 ﬁdem
1828 3357 2001 3413 adhi-

344 3454 532 3510 beret.
562 3453 958 3521 Quamobrem
986 3451 1060 3507 ad
1090 3449 1461 3506 iracundiam
1491 3449 1660 3504 illum
1689 3449 1999 3518 excitavit;

345 3543 643 3616 virgisque
700 3543 1020 3598 durissime
1077 3557 1286 3604 caesus,
1321 3555 1457 3594 cum
1508 3538 1569 3593 in
1627 3537 2000 3594 confessione

346 3632 562 3687 Christi
592 3637 989 3704 permaneret,
1044 3629 1164 3702 igni
1224 3627 1499 3693 traditus,
1535 3627 1596 3681 in
1639 3626 1837 3682 medio
1870 3628 2001 3700 ejus

343 3721 707 3777 benedicens
764 3726 823 3774 et
875 3718 1130 3775 laudans
1186 3719 1392 3785 Deum,
1437 3723 1704 3772 sanctam
1735 3717 2000 3772 animam

343 3809 591 3865 dimisit.

417 3929 490 3982 Et
519 3933 792 3982 certamen
834 3927 1318 4053 sanctiAmarttyzlis
1361 3925 1666 3994 Hyacinthi
1709 3927 1766 3979 in
1797 3925 1929 3980 urbe

1060 4013 1173 4052 mas
1199 4014 1249 4051 νι
1293 4013 1339 4052 e.

1060 3999 1339 4052 mastride.

418 4115 780 4188 Hyacinthus
801 4115 1012 4170 Christi
1035 4118 1281 4186 martyr,
1301 4114 1415 4184 piis
1432 4113 1778 4184 parentibus
1800 4117 1996 4178 natus,

344 4211 574 4276 patrem
588 4204 1451 4262 habuitTheoclitum.matrem
1466 4202 2002 4270 Neouillam,llera-

345 4295 458 4350 clio
472 4295 827 4351 Amastridis
842 4295 1138 4368 episcopo.
1158 4293 1303 4348 Huic
1326 4309 1546 4348 nomen
1563 4292 1635 4348 ab
1652 4291 1861 4364 angelo
1883 4290 1997 4344 im-

341 4387 601 4458 positum
634 4392 743 4443 est.
775 4385 1048 4442 Triennis
1101 4390 1300 4440 autem
1351 4383 1565 4451 factus,
1609 4396 1860 4454 puerum
1893 4379 1998 4433 de-

338 4473 610 4531 functum
632 4475 861 4530 Christo
885 4474 1155 4530 invocato
1172 4473 1245 4528 ad
1267 4472 1445 4528 vitam
1465 4466 2001 4526 revocavit.Adulta

343 4582 479 4622 cum
503 4567 719 4622 virtute
751 4571 945 4635 aetate,
968 4566 1247 4622 canitiem
1278 4562 1582 4636 praevenit,
1614 4559 1818 4616 multis
1841 4559 1989 4612 inte-

2110 3365 2376 3441 ἡγεμόνα,
2426 3362 2624 3439 ἤλεγξε
2675 3365 2774 3435 τήν
2825 3364 3007 3422 ἄνοιαν
3060 3366 3249 3437 αὑτοῦ,
3283 3367 3358 3430 ὡς
3400 3366 3486 3423 ἐπὶ
3524 3369 3776 3441 ματαίοις

2107 3455 2406 3510 πεποιθότα
2455 3451 2732 3517 εἰδώλοις.
2784 3456 2884 3512 Καὶ
2939 3453 3028 3511 διὰ
3072 3460 3238 3513 τοῦτο
3287 3455 3368 3519 εἷς
3418 3457 3587 3532 ὀργὴν
3618 3460 3775 3529 κινή-

2107 3565 2199 3606 σας
2256 3544 2440 3612 αὑτὸν,
2499 3543 2698 3624 ἐτύφθη
2761 3543 3020 3622 σφοδρῶς
3079 3546 3214 3620 μετᾶ
3272 3541 3535 3623 ῥαϐδίων,
3567 3547 3658 3602 καὶ
3691 3544 3768 3602 ἔτι

2104 3630 2357 3704 ἐμμενων
2417 3635 2485 3707 τῇ
2545 3633 2620 3695 εἰς
2675 3634 2905 3710 Χριστὸν
2968 3635 3271 3710 ὁμολογίᾳ,
3304 3634 3582 3709 παρεδόθη
3614 3635 3766 3711 πυρί.

2106 3722 2208 3778 Καὶ
2278 3723 2438 3795 μέσον
2509 3722 2675 3778 αὑτοῦ
2741 3724 2834 3779 τὸν
2902 3724 3034 3780 Θεὸν
3100 3725 3346 3800 εὐλογῶν
3385 3726 3475 3782 καὶ
3507 3723 3771 3797 δοξάζων,

2103 3811 2280 3887 ἀφῆκε
2309 3813 2406 3881 τήν
2441 3813 2600 3887 ἁγίαν
2636 3815 2846 3887 ψυχήν.

2103 3926 2201 3982 Καὶ
2234 3925 2464 3996 ἄθλησις
2524 3931 2622 3981 τοῦ
2681 3928 2841 4001 ἁγίου
2894 3929 3181 4001 ,μάρτυρος
3243 3922 3540 3998 Ὑακίνθου,
3579 3933 3676 3982 τοῦ
3709 3927 3761 3982 ἐν

2760 3999 2817 4052 Ἀ
2832 3995 3110 4073 μάστριδι,

2171 4113 2448 4175 Ὑάκινθος
2498 4113 2526 4167 6
2574 4115 2671 4167 τοῦ
2731 4113 2971 4187 Χριστοῦ
3031 4113 3257 4187 μάρτυς,
3286 4113 3352 4182 ἦν
3386 4111 3591 4187 γονέων
3623 4111 3765 4168 εὐσε-

2103 4199 2214 4258 ϐῶν
2248 4204 2388 4269 υίὸς,
2449 4200 2766 4271 Θεοκλήτοῦ
2824 4201 2913 4256 καὶ
2975 4199 3283 4274 Νεονίλλης
3318 4202 3404 4257 ἐπὶ
3435 4203 3765 4276 Ἡρακλείου

2100 4291 2400 4346 ἐπισκόπου
2455 4287 2844 4364 Ἀμάστριδος.
2903 4293 3089 4353 Ὀστις
3144 4287 3320 4366 ὄνομα
3377 4293 3481 4348 ὑπὸ
3537 4297 3636 4348 τοῦ
3668 4293 3769 4370 ἀγ-

2099 4382 2264 4456 γέλου
2314 4380 2549 4454 ἐδέξατο.
2603 4381 2707 4439 Καὶ
2753 4383 2972 4456 τριετὴς
3028 4383 3348 4459 γενόμενος,
3395 4387 3464 4457 τῇ
3515 4388 3613 4438 τοῦ
3643 4385 3770 4456 Χρι-

2103 4475 2230 4526 στοῦ
2287 4469 2575 4541 ἐπικλήσει
2635 4468 2852 4526 παιδίον
2933 4473 3192 4544 ἀνέστησε
3247 4469 3504 4538 τεθνειὸς.
3569 4479 3771 4528 Συναυ-

2103 4562 2402 4635 ξανομένης
2469 4559 2526 4616 δὲ
2590 4564 2660 4636 τῇ
2727 4561 2925 4635 ἡλικιᾳ
2990 4570 3090 4633 τῆς
3160 4565 3378 4639 ἀρετῆς,
3448 4562 3562 4617 ἐπεὶ
3625 4563 3763 4638 πρὸς

342 4656 457 4710 rim
474 4656 778 4711 miraculis
795 4656 1169 4728 perpetratis.
1194 4635 1412 4709 Videns
1430 4657 1624 4708 autem
1651 4648 1892 4704 idololat
1903 4664 1998 4702 ras

2119 4650 2304 4706 πολιὰν
2362 4646 2578 4729 ἔφθασε,
2637 4651 2856 4715 πολλάς
2930 4653 3123 4727 μεταξὺ
3180 4651 3622 4728 θαυματουργίας
3682 4673 3771 4707 πε-

345 4741 588 4797 arbores
641 4743 1051 4814 superstitiose
1104 4742 1372 4808 adorare,
1418 4753 1728 4810 proceram
1777 4750 1993 4806 nempe

341 4832 684 4904 cultamque
716 4833 967 4900 ulmum,
1001 4834 1168 4888 illam
1201 4830 1438 4887 excidit.
1473 4831 1761 4884 Retentus
1792 4826 1992 4897 igitur,

340 4920 630 4977 adductus
661 4928 750 4978 est
779 4924 853 4978 ad
882 4923 1221 4994 praesidem,
1258 4927 1315 4975 et
1343 4919 1417 4975 ad
1448 4917 1613 4974 urbis
1643 4915 1994 4971 Amastridis

340 5012 676 5082 optimates.
703 5013 966 5084 Cumque
987 5012 1239 5085 graviter
1256 5008 1616 5080 vapulasset,
1651 5004 1868 5060 evulsis
1901 5021 1987 5060 ra-

340 5100 556 5158 dicitus
589 5105 743 5159 I13
777 5103 1078 5163 dentibus.
1103 5101 1346 5157 funibus
1377 5099 1675 5170 alligatus,
1702 5103 1867 5151 extra
1897 5113 1998 5151 ur-

339 5191 474 5247 bem
504 5200 773 5264 raptatus
803 5200 913 5261 est,
946 5193 1252 5263 acutisque
1293 5187 1687 5245 arundinibus
1720 5192 1992 5258 punctus.

339 5281 562 5338 Deinde
595 5283 658 5338 in
688 5300 986 5340 carcerem
1036 5283 1363 5355 conjectus,
1413 5278 1687 5350 spiritum
1730 5277 1846 5330 Deo
1879 5282 1996 5331 tra-

340 5368 508 5425 didit.
533 5372 673 5443 Ejus
691 5379 888 5428 autem
913 5371 1181 5442 reliquiae
1205 5371 1265 5423 in
1290 5367 1498 5423 eadem
1518 5366 1664 5422 urbe
1687 5363 1995 5436 depositae,

334 5461 673 5517 curationes
705 5469 991 5535 perpetuo
1022 5460 1300 5516 fundunt.

519 5659 594 5711 Et
623 5665 896 5713 certamen
939 5665 1139 5715 sancta:
1185 5656 1446 5724 martyris
1491 5651 1817 5708 Theodosia.

415 5750 745 5810 Theodosia
800 5757 1016 5812 Christi
1073 5762 1319 5828 martyr,
1350 5755 1680 5825 imperante
1711 5751 1996 5809 Constan-

2105 4741 2376 4813 ποιηκὼς,
2410 4741 2552 4816 ὁρῶν
2596 4742 2725 4805 τοὺς
2772 4739 3182 4820 εἶδωλολᾶτρας
3217 4740 3410 4818 δένδρα
3440 4742 3773 4818 θρησκεύον-

2103 4851 2218 4893 τας·
2253 4835 2413 4886 τοῦτο
2448 4828 2504 4885 δὲ
2532 4830 2600 4899 ἦν
2646 4829 2880 4886 πτελαία
2928 4829 3246 4910 διάκουφος,
3279 4832 3369 4887 καὶ
3398 4828 3758 4906 τετριμμένη,

2104 4920 2346 4993 ἐξέτεμεν
2404 4918 2556 4976 αὑτό.
2632 4921 3003 4996 Κατασχεθεὶς
3091 4921 3183 4976 οῦν
3271 4922 3423 4995 ἢχθη
3484 4919 3622 4993 πρὸς
3677 4917 3768 4972 τὸν

2107 5008 2367 5087 ἄρχοντα,
2419 5010 2510 5065 καὶ
2568 5011 2708 5086 πρὸς
2763 5013 2891 5074 τοὺς
2968 5020 3068 5083 τῆς
3129 5012 3344 5074 πόλεως
3405 5006 3770 5084 Ἀμάστριδος

2110 5099 2501 5174 ὑπερέχοντας.
2600 5098 2698 5156 Καὶ
2789 5100 3011 5177 τυφθεὶς
3097 5098 3371 5179 σφοδρῶς,
3440 5097 3767 5173 ἐξερῥιζώθη

2106 5187 2234 5253 τοὺς
2265 5187 2507 5252 ὀδόντας
2559 5189 2650 5244 καὶ
2710 5186 2885 5252 δεθεὶς
2943 5189 3238 5265 σχοινίοις,
3293 5187 3511 5264 ἐσύρετο
3544 5185 3644 5258 ἔξω
3673 5193 3773 5257 τῆς

2108 5277 2351 5346 πόλεως,
2384 5277 2474 5334 καὶ
2505 5277 2781 5353 καλάμοις
2833 5275 2974 5350 ὀξέσι
3033 5285 3424 5335 κατεκεντεῖτο.
3456 5281 3595 5336 Εἶτα
3629 5277 3769 5353 βλη-

2109 5368 2220 5432 θεὶς
2253 5365 2306 5422 ἐν
2337 5370 2407 5440 τῇ
2438 5365 2680 5444 φυλακῇ,
2712 5373 2792 5441 τῷ
2840 5374 2957 5441 Θεῷ
3011 5369 3073 5422 τὸ
3128 5372 3344 5441 πνεῦμα
3373 5367 3659 5443 παρέθετο.
3694 5365 3773 5422 Τὸ

2109 5455 2168 5512 δὲ
2199 5457 2454 5530 λείψανον
2486 5455 2651 5512 αὑτοῦ
2681 5459 2939 5529 κατετέθη
3000 5458 3052 5515 ἐν
3113 5459 3252 5533 αὐτῇ
3282 5462 3350 5534 τῇ
3391 5457 3576 5530 πόλει,
3607 5453 3772 5532 βρύον

2109 5545 2350 5611 ἀεννάως
2381 5545 2606 5620 ἰάματα.

2254 5653 2357 5710 Καὶ
2387 5649 2624 5724 ἄθλησις
2666 5660 2769 5724 τῆς
2817 5652 2969 5716 ὁσίας
3003 5655 3276 5728 μάρτυρος
3305 5651 3627 5715 Θεοδοσίας.

2181 5751 2241 5809 Ἣ
2300 5755 2400 5807 τοῦ
2468 5755 2710 5826 Χριστοῦ
2780 5752 2986 5830 μάρτυς
3048 5750 3310 5811 Θεοδοσία
3373 5753 3620 5825 ὑπῆρχεν
3683 5747 3770 5802 ἐπὶ
