4108 6440
351 413 466 475 551

1635 399 2078 464 MENOLOGII
2124 398 2325 462 PARS
2371 399 2480 461 III.

3657 402 3778 462 551

351 551 704 613 accesserat,
739 543 1156 616 philosopliata
1187 545 1278 595 est
1301 540 1373 595 de
1406 540 1627 606 anima,
1652 537 1844 608 deque
1867 535 2000 590 aliis

2115 529 2338 610 ἀδελφῷ
2370 531 2538 602 αὐτῆς
2569 530 2859 607 Γρηγορίῳ
2915 536 2996 604 τῷ
3047 531 3292 602 Νύσσης,
3352 531 3643 596 ἂπελθόντι
3703 534 3780 597 εἷς

353 635 707 708 quibusdam
741 633 1056 704 Scripturzn
1081 630 1513 701 quaestionibus
1539 646 1550 683 :
1577 634 1753 700 atque
1770 626 2004 682 huncin

351 726 595 780 modum
628 740 762 779 cum
790 727 1039 789 orasset,
1075 720 1148 776 ad
1209 722 1418 789 Deum,
1478 719 1572 774 cui
1622 716 2005 782 deservierat,

351 813 642 885 migravit.

910 920 1152 976 EODEM
1191 919 1443 974 MENSE.

977 1019 1077 1073 Die
1108 1017 1390 1072 vicesima

420 1111 571 1168 115
607 1111 858 1179 Ignifera
889 1109 1022 1163 Elim
1051 1109 1339 1178 praphetae
1371 1109 1429 1162 in
1461 1105 1620 1162 caelos
1663 1107 1931 1161 ascensio.

423 1272 581 1327 Elias
602 1271 896 1344 propheta
925 1289 995 1328 ex
1026 1273 1268 1342 regione
1298 1271 1524 1326 Thesbe
1558 1271 1620 1324 in
1673 1275 1833 1323 terra
1865 1275 2003 1321 Ara-

350 1360 491 1414 bum
523 1361 655 1425 fuit,
690 1360 761 1416 de
796 1361 953 1415 tribu
983 1365 1179 1416 Aaron
1210 1362 1302 1415 :in
1323 1359 1541 1415 Galaad
1572 1365 1769 1414 autem
1784 1356 2009 1412 habita-

345 1450 450 1504 vit.
513 1451 776 1521 Cumque
833 1450 1031 1521 ipsum
1084 1456 1272 1505 mater
1322 1454 1579 1521 pareret,
1640 1447 1785 1502 vidit.
1839 1451 2007 1516 pater

348 1539 664 1606 visionem,
700 1539 858 1610 quod
884 1539 1115 1594 scilicet
1145 1540 1247 1594 viri
1279 1539 1521 1609 quidam
1557 1537 1618 1591 in
1650 1536 1803 1592 albis
1826 1551 2002 1606 appa-

351 1631 555 1684 r'entes
586 1630 782 1700 ipsum
809 1629 1583 1700 compellabant,igneisque
1606 1624 2004 1681 fasciisinvol-

349 1724 576 1784 ventes,
631 1717 934 1773 flammam
961 1719 1112 1790 ignis
1143 1717 1545 1773 devorandam
1585 1716 1777 1772 eidem
1811 1714 2004 1770 trade-

350 1807 516 1862 bant.
541 1807 950 1878 Hierosolyma
967 1808 1166 1878 itaque
1181 1808 1501 1879 prolectus,
1521 1806 1580 1860 id
1594 1805 2004 1860 sacerdotibus

2111 618 2388 694 ἐπίσκεψιν
2439 619 2631 691 αὐτῆς,
2689 620 2812 692 περί
2869 641 2928 675 τε
2985 623 3195 695 ψυχῆς,
3251 621 3343 674 καὶ
3389 620 3574 676 ἄλλων
3606 625 3771 676 τινῶν

2109 713 2394 787 Γραφικῶν
2431 710 2781 782 ζητημάτων.
2817 709 2914 764 Καὶ
2966 708 3109 765 οὕτω
3165 710 3604 785 προσευξαμένη,
3636 709 3773 784 πρὸς

2109 799 2264 868 Θεὸν,
2296 798 2354 855 ὅν
2387 800 2760 877 ἐθεράπευσεν,
2795 797 3148 873 ἐξεδήμησεν.

2610 911 2790 965 ΜΗΝΙ
2826 912 2915 962 ΤΩ
2955 913 3158 964 ΑΥΤΩ.

2893 991 2956 1052 Κ,

2216 1097 2282 1154 Ἦ
2313 1094 2591 1174 πυρφόρος
2618 1090 2878 1156 ἀνάϐασις
2911 1095 2988 1174 είς
3034 1095 3302 1172 οὐρανοὺς
3333 1095 3534 1152 Ἠλιοῦ
3561 1093 3661 1151 τοῦ

2771 1188 2844 1243 πρ
2855 1169 3084 1246 υφήτου.

2179 1264 2369 1328 Ἠλίας
2403 1267 2430 1320 ὁ
2456 1267 2744 1344 προφήτης
2797 1267 2863 1335 ἦν
2930 1267 3023 1338 μὲν
3085 1265 3146 1320 ἑκ
3199 1273 3302 1336 τῆς
3330 1267 3518 1342 χώρας
3548 1260 3760 1335 Θέσϐης

2109 1355 2168 1410 ἐκ
2215 1363 2320 1432 γῆς
2361 1351 2636 1431 Ἀράϐων,
2701 1355 2761 1411 ἐκ
2817 1354 2998 1432 φυλῆς
3029 1357 3265 1431 ⁹Ααρών·
3299 1359 3532 1430 κατῴκει
3587 1355 3644 1414 δὶ
3708 1357 3760 1413 ἐν

2111 1441 2348 1499 Γαλαάὸ’
2383 1446 2483 1500 Καὶ
2518 1445 2608 1500 ὅτε
2665 1439 2841 1500 ἔτεκεν
2901 1445 3062 1501 αὐτὸν
3117 1449 3152 1516 ἠ
3191 1447 3376 1523 μήτηρ
3409 1446 3594 1515 αὐτοῦ,
3629 1444 3769 1503 εἶδεν

2111 1537 2138 1589 6
2196 1535 2378 1608 πατήρ
2436 1534 2603 1589 αὐτοῦ
2663 1533 2947 1603 ὀπτασίαν,
3024 1531 3106 1590 ὅτι
3167 1534 3355 1612 ἂνδρες
3413 1534 3771 1608 λευκοφανεῖς

2109 1623 2266 1678 αὐτὸν
2327 1625 2767 1699 προσηγόρευον,
2846 1625 2936 1679 καὶ
3007 1626 3140 1700 πυρὶ
3225 1624 3620 1702 ἐσπαργάνουν,
3677 1627 3768 1682 καὶ

2109 1712 2286 1790 φλόγα
2317 1711 2487 1785 πυρὸς
2534 1709 2748 1768 ἐδίδουν
2807 1713 2958 1785 αὖτῷ
3018 1719 3233 1791 φαγεῖν.
3297 1715 3394 1770 Καὶ
3457 1713 3634 1779 ἐλθὼν
3693 1714 3769 1778 εἷς

2110 1799 2496 1876 Ἰερουσαλὴμ,
2585 1799 2880 1876 ἀνήγγειλε
2953 1808 3071 1864 τοῖς
3167 1804 3389 1879 ἱερεῦσι.
3453 1805 3549 1860 Καὶ
3627 1805 3772 1859 εἶπεν

353 1897 749 1968 signiﬁcavit:
783 1897 876 1952 cui
910 1897 1020 1952 hac
1052 1895 1317 1951 divinum
1367 1895 1674 1951 oraculum
1706 1893 2001 1950 redditum

2117 1890 2263 1959 αὐτῷ
2293 1891 2321 1944 ὁ
2355 1891 2770 1964 χρηματισμός·
2807 1891 2900 1960 Μὴ
2937 1888 3244 1967 δειλιάσῃς,
3307 1890 3578 1968 ἂνθρωπε·
3623 1891 3772 1948 ἔσται

352 1991 480 2040 est:
515 1986 593 2040 Ne
627 1984 858 2051 timeas,
893 1984 1107 2056 inquit,
1143 2002 1174 2040 ο
1208 1984 1420 2039 homo:
1455 1985 1567 2039 erit
1589 1983 1748 2038 enim
1772 1981 2002 2038 habita-

349 2073 553 2128 culum
585 2073 831 2129 infantis
853 2074 1078 2140 lumen,
1105 2081 1164 2129 et
1194 2074 1434 2129 verbum
1460 2074 1648 2145 ipsius
1681 2072 2000 2142 sententia,

349 2167 410 2217 et
433 2161 732 2234 judicabit
759 2163 1041 2218 Israelem
1076 2164 1138 2217 in
1168 2163 1366 2236 gladio
1402 2170 1460 2217 et
1488 2164 1641 2233 igne.
1678 2163 1793 2216 lste
1825 2161 2005 2233 igitur

347 2253 927 2324 prophetavitannos
940 2254 1142 2326 viginti
1167 2254 1672 2324 quinque,Cbristi
1687 2253 2002 2308 adventum

349 2342 709 2398 antecedens
737 2343 910 2398 annis
951 2343 1307 2416 octingentis
1340 2342 1660 2398 sexdecim.
1694 2344 1896 2412 Ignem
1930 2341 2001 2396 de

346 2431 494 2487 coelo
525 2431 770 2487 detulit:
797 2433 1053 2503 pluviam
1079 2433 1255 2487 annis
1310 2431 1519 2496 tribus,
1551 2431 1859 2487 mensibus
1901 2448 2002 2486 sex

343 2519 650 2575 cohibuit:
695 2520 1131 2594 quinquaginta
1195 2522 1448 2577 miseros
1505 2521 1881 2576 combussit:
1938 2519 2000 2574 in

343 2613 547 2664 monte
581 2608 772 2663 Horeb
796 2609 983 2664 Deum
1007 2608 1180 2663 vidit:
1210 2608 1530 2664 .lordanem
1553 2608 1767 2662 melote
1789 2606 2002 2662 scidit:

344 2698 406 2752 in
441 2697 620 2753 caelos
652 2697 909 2769 denique
944 2699 1005 2753 in
1036 2715 1214 2753 curru
1265 2698 1435 2770 igneo
1470 2702 1832 2768 assumptus,
1864 2695 2001 2751 vivit

345 2787 540 2843 adhuc
569 2803 758 2859 usque
788 2787 850 2842 in
873 2793 1232 2859 prmsentem
1267 2787 1450 2843 diem.

908 2903 1147 2958 EODEM
1183 2902 1432 2957 MENSE.

849 2991 951 3047 Die
985 2993 1264 3048 vicesima
1310 2992 1501 3063 prima

347 3080 802 3136 Commemoratio
830 3089 1145 3137 sanctorum
1172 3085 1406 3137 Patrum
1465 3082 1734 3137 Simeo-nis
1766 3087 2000 3150 prapter

774 3153 1053 3210 Christum
1086 3154 1205 3210 Sali
1235 3161 1285 3209 et
1316 3156 1568 3209 Joannis.

2115 1979 2218 2054 γάρ
2250 1982 2284 2048 ἡ
2320 1979 2533 2050 οἴκησις
2589 1983 2687 2034 τοῦ
2746 1977 2972 2034 παιδίου
3005 1985 3139 2059 φῶς·
3194 1981 3285 2035 καὶ
3313 1981 3340 2035 6
3374 1979 3542 2056 λόγος
3605 1982 3772 2037 αὐτοῦ

2115 2067 2403 2148 ἀπόφασις
2448 2067 2537 2125 καί
2597 2076 2770 2146 κρινεῖ
2826 2073 2916 2126 τὸν
2982 2070 3200 2144 Ἰσραήλ
3264 2072 3315 2127 ἐν
3377 2071 3622 2150 ῥομφαίᾳ
3679 2076 3770 2130 καὶ

2112 2160 2262 2234 πυρί.
2323 2159 2498 2222 Οὗτος
2557 2158 2650 2214 οὖν
2707 2162 3111 2239 προεφήτευσεν
3194 2155 3287 2232 ἔτη
3349 2161 3522 2216 εἴκοσι
3583 2161 3763 2218 πέντε·

2113 2243 2414 2322 προλαϐὼν
2445 2250 2544 2318 τήν
2597 2253 2694 2304 τοῦ
2727 2253 2966 2324 Χριστοῦ
2998 2250 3292 2321 παρουσίαν
3344 2247 3438 2320 ἔτη
3473 2251 3769 2308 ὀκτακόσια

2114 2337 2244 2394 δέκα
2271 2335 2344 2412 ἓξ.
2406 2337 2509 2395 Καὶ
2565 2342 2672 2411 πῦρ
2732 2337 2781 2412 ἐξ
2842 2337 3075 2413 οὐρανοῦ
3131 2341 3482 2417 κατήνεγκεν,
3531 2340 3620 2395 καὶ
3672 2343 3765 2398 τὸν

2113 2428 2265 2484 ὑετὸν
2346 2425 2574 2503 ἐπέσχεν
2636 2427 2723 2483 ἐπὶ
2787 2421 2880 2498 ἔτη
2939 2427 3063 2503 τρία
3119 2429 3206 2483 καὶ
3301 2435 3478 2502 μῆνας
3538 2426 3612 2500 ἓξ·
3672 2431 3765 2486 καὶ

2110 2519 2449 2589 πεντήκοντα
2507 2515 2735 2578 δυσσοὺς
2790 2517 3102 2573 κατέκαυσε·
3162 2516 3252 2573 καὶ
3326 2517 3378 2574 ἑν
3430 2523 3512 2591 τῷ
3556 2515 3764 2596 Χωρήϐ

2111 2604 2224 2680 ὄρει
2263 2607 2358 2662 τὸν
2412 2607 2540 2662 Θεὸν
2602 2605 2729 2662 εἶδεο
2789 2606 2879 2661 καὶ
2935 2607 3027 2662 τὸν
3087 2603 3370 2684 Ἰορδάνην
3427 2603 3613 2684 ἔσχισε
3695 2612 3764 2684 τῇ

2112 2695 2485 2771 μηλωτῇοκαὶ
2520 2697 2598 2758 εἱς
2647 2695 2910 2773 οὐρανοὺς
2969 2695 3022 2752 ἐν
3078 2695 3279 2773 ἆρματι
3332 2698 3503 2774 πυρὸς
3555 2695 3764 2769 ἀναληο

2108 2786 2282 2864 φθεὶς,
2317 2789 2381 2860 ζῇ
2419 2783 2708 2861 μὲχριτῆς
2734 2787 3002 2862 σήμερον.

2651 2916 2704 2968 Μ
2715 2913 2835 2969 ΗΝΙ
2875 2914 2964 2969 ΤΩ
3003 2914 3206 2970 ΑΥΤΩ.

2892 3003 3005 3058 KA'

2105 3089 2313 3160 Μνήμη
2368 3087 2701 3174 τῶνῃάγίων
2749 3088 3014 3174 ματέρων
3058 3090 3234 3174 ιὴιμῶν
3286 3091 3516 3162 Συμεὼν
3543 3095 3640 3146 τοῦ
3673 3088 3762 3145 διὰ

2470 3158 2708 3235 Χριστὸν
2746 3158 2953 3228 Σαλοῦ,
2983 3158 3075 3214 καὶ
3106 3158 3374 3218 Ἰωάννου,

419 3268 487 3322 Hi
517 3268 762 3323 Emessa
792 3268 935 3324 urbe
964 3269 1455 3334 oriundi,Justino
1487 3270 1841 3341 imperante.
1875 3267 1995 3322 cla-

2186 3267 2352 3324 Οὗτοι
2384 3265 2443 3321 ἐκ
2471 3265 2690 3328 πόλεως
2725 3267 2960 3339 Ἐμέσης
3003 3267 3320 3342 ὁρμώμενοι
3353 3265 3439 3322 ἐπὶ
3499 3275 3598 3338 τῆς
3660 3268 3760 3343 βα-

345 3363 616 3414 ruerunt.
649 3358 793 3412 Cum
825 3364 1024 3412 autem
1055 3357 1127 3413 ad
1187 3365 1454 3414 sanctam
1486 3359 1783 3413 civitatem
1815 3357 1999 3413 abiis-

345 3452 501 3514 sent,
525 3451 584 3502 et
609 3447 908 3502 vivificum
941 3447 1169 3520 lignum
1201 3447 1572 3514 adorassent,
1596 3465 1716 3503 non
1740 3446 1999 3518 amplius

345 3534 422 3590 ad
453 3535 695 3607 propria
747 3537 964 3591 reversi
1020 3542 1159 3590 sunt
1203 3555 1216 3604 ;
1281 3536 1383 3592 sed
1435 3536 1508 3591 ad
1564 3536 1999 3591 monasterium

344 3626 534 3680 sancti
567 3625 852 3682 Gerasimi
885 3626 1156 3698 digressi,
1189 3626 1468 3681 monachi
1519 3625 1656 3681 facti
1714 3631 1854 3681 sunt
1891 3642 1903 3680 :
1941 3630 2000 3679 et

343 3716 708 3770 monasterio
761 3716 1004 3787 egressi,
1061 3733 1326 3771 eremum
1385 3717 1703 3788 petierunt,
1760 3733 1999 3771 omnem

345 3803 834 3858 exercitationem
857 3804 1385 3876 austeritatemque
1413 3822 1518 3877 per
1530 3822 1720 3862 annos
1744 3804 1998 3876 quadra-

343 3893 508 3964 ginta
533 3893 1183 3965 excogitantes.Postea
1213 3896 1472 3950 Joannes
1505 3895 1747 3966 quidem
1783 3895 1843 3949 in
1871 3911 2001 3950 ere-

347 3998 446 4036 mo
471 3982 780 4050 remansit,
814 3981 1052 4038 Simeon
1084 4001 1218 4038 vero
1267 3985 1327 4039 in
1381 3991 1649 4041 sanctam
1700 3984 1999 4040 civitatem

346 4087 673 4144 regressus,
737 4071 1168 4144 stultitiamque
1202 4073 1513 4140 simulans,
1547 4075 1736 4129 multa
1792 4075 1852 4128 in
1891 4074 1999 4128 hac

347 4161 730 4217 simulatione
762 4162 1053 4218 miracula
1085 4165 1351 4235 patravit.
1390 4164 1535 4219 Cum
1567 4170 1766 4219 autem
1805 4169 1999 4218 extre-

343 4267 509 4305 mum
533 4251 689 4306 diem
723 4252 1057 4322 obiisset,et
1078 4269 1111 4308 a
1141 4253 1372 4308 duobus
1402 4254 1763 4326 pauperibus
1794 4253 1996 4308 homi-

345 4339 522 4396 nibus
553 4340 624 4396 ad
654 4342 995 4413 sepulcrum
1023 4344 1354 4410 efferretur,
1383 4345 1534 4399 176
1568 4343 1848 4399 Hebraaus
1867 4341 1997 4412 qui-

346 4431 482 4486 dam
514 4431 737 4487 audivit
766 4432 1088 4504 plurimam
1119 4433 1516 4506 psalmodiam
1556 4433 1908 4506 angelicam,
1941 4437 2000 4486 et

347 4539 418 4577 ex
447 4521 672 4576 uadibus
705 4521 828 4575 suis
872 4522 1265 4594 prospiciens,
1299 4523 1444 4578 vidit
1499 4523 1648 4578 duos
1682 4521 1860 4587 solos,
1896 4520 1996 4591 qui

345 4610 632 4681 reliquias
651 4610 780 4680 ejus
813 4611 1166 4682 portabant:
1200 4617 1260 4668 et
1282 4611 1771 4683 intellexit,quod
1803 4611 1996 4684 angeli

2111 4629 2195 4663 νον
2256 4607 2424 4663 αὐτοῦ
2507 4606 2892 4683 βαστάζοντας
2953 4605 3043 4663 καὶ
3105 4606 3301 4679 συνεὶς,

346 4698 694 4770 psallerent,
751 4704 928 4769 atque
959 4700 1044 4755 ait
1085 4717 1098 4754 :
1149 4702 1362 4756 Beatus
1412 4717 1496 4772 es,
1543 4701 1782 4755 Simeon
1819 4717 1830 4754 :
1861 4701 2000 4770 quia

347 4802 482 4842 cum
516 4803 634 4840 non
666 4786 884 4842 habeas
915 4793 1224 4843 cantantes
1255 4788 1741 4856 homines,habes
1758 4787 2000 4860 angelos

345 4875 600 4946 hymnos
631 4882 934 4933 canentes.
969 4878 1218 4933 Sanctus
1278 4883 1476 4934 autem
1530 4879 1786 4933 Joannes
1819 4877 2000 4933 ﬁnem

347 4981 583 5037 quoque
612 4966 843 5021 vivendi
868 4967 929 5022 in
955 4984 1100 5039 pace
1135 4968 1293 5024 fecit.

565 5083 636 5137 Et
670 5085 1117 5137 commemoratio
1150 5084 1450 5140 Ezechielis
1474 5083 1785 5155 prophetae.

419 5189 684 5244 Ezechiel
697 5189 990 5261 gloriosus
1005 5196 1062 5245 et
1077 5207 1320 5262 magnus
1336 5191 1764 5263 propheta,fuit
1781 5192 2007 5262 quidem

353 5276 619 5349 flliuscuj
632 5277 840 5332 usdam
863 5277 1188 5334 sacerdotis
1208 5297 1277 5334 ex
1297 5279 1454 5334 tribu
1473 5279 2008 5352 Levi;prophetavit

350 5371 548 5421 autem
567 5383 756 5422 annos
789 5367 1031 5439 viginti;
1083 5369 1407 5424 antecessit
1449 5386 1584 5424 vero
1635 5369 2004 5424 incarnatio-

349 5469 489 5511 nem
514 5456 749 5511 Domini
770 5458 957 5511 nostri
974 5458 1111 5512 Jesu
1133 5457 1348 5512 Christi
1363 5459 1537 5513 annis
1555 5458 2006 5530 quadringentis

351 5545 730 5618 septuaginta
762 5551 1011 5618 septem.
1045 5547 1312 5618 Cumque
1340 5548 1698 5619 captivitatis
1721 5549 2004 5621 tempori-

354 5631 464 5688 bus
495 5635 557 5690 in
591 5641 810 5691 terram
859 5636 1271 5692 Chaldaeorum
1334 5639 1670 5711 migrasset,
1728 5656 2008 5712 magnum

356 5728 699 5790 portentum
757 5725 938 5794 dedit,
1001 5745 1136 5785 cum
1184 5735 1492 5801 serpentes
1551 5747 1770 5803 pueros
1802 5748 2008 5787 eorum

2105 3355 2316 3418 σιλείας
2375 3355 2673 3412 Ὶουστίνου
2734 3355 3116 3432 ἐγνωρίζοντο.
3177 3355 3537 3420 Ἀπελθόντες
3571 3355 3629 3412 δὶ
3686 3356 3766 3418 εἰς

2103 3447 2203 3514 τὴν
2232 3445 2381 3523 ἁγίαν
2411 3446 2599 3518 πόλιν,
2631 3447 2722 3501 καὶ
2780 3447 2843 3501 τὸ
2917 3445 3190 3514 ζωοποιὸν
3238 3442 3397 3516 ξύλον
3453 3448 3766 3520 προσκυνή-

2106 3557 2315 3606 σαντες,
2375 3533 2556 3592 οὐκέτι
2615 3539 2754 3610 πρὸς
2822 3538 2893 3592 τὰ
2947 3536 3122 3593 οἰκεῖα
3203 3536 3561 3611 ὑπέστρεψαν
3622 3536 3769 3592 ἀλλὰ

2102 3617 2201 3695 τῆν
2237 3627 2407 3696 μονὴν
2439 3631 2536 3681 τοῦ
2567 3627 2728 3701 ἁγίου
2791 3627 3099 3701 Γερασίμου
3148 3621 3574 3697 καταλαϐόντες,
3606 3625 3768 3703 γεγό-

2101 3737 2222 3770 νασι
2258 3716 2518 3792 μοναχοί.
2554 3717 2653 3772 Καὶ
2687 3719 2785 3772 τοῦ
2843 3717 3217 3791 μοναστηρίου
3277 3714 3601 3788 ἐξελθόντες,
3659 3716 3760 3783 τήν

2103 3804 2310 3880 ἔρημον
2371 3801 2695 3874 κατέλαϐον,
2756 3813 2928 3860 πᾶσαν
2990 3805 3216 3876 ἄσκησιν
3266 3807 3355 3861 καὶ
3429 3805 3764 3880 σκληραγω-

2103 3895 2224 3972 γίαν
2285 3893 2372 3949 ἐπὶ
2423 3895 2824 3969 τεσσαράκοντα
2909 3892 3046 3949 ἔτεσι
3107 3893 3470 3954 διανύσαντες.
3533 3896 3768 3950 Ἔπειτα

2103 3985 2132 4040 6
2168 3983 2262 4057 μὶν
2294 3981 2551 4053 Ἰωάννης
2583 3983 2634 4036 ἐκ
2669 3985 2738 4056 τῇ
2774 3980 2972 4054 ἐρήμῳ
3029 3980 3381 4058 κατελείφθη’
3445 3981 3472 4034 6
3534 3977 3592 4035 δὲ
3659 3986 3766 4034 Συ-

2104 4074 2248 4146 μεὼν
2281 4071 2606 4145 ὑπέστρεψεν
2637 4071 2713 4133 εἷς
2757 4071 2856 4138 τήν
2922 4069 3082 4143 ἁγίαν
3141 4069 3323 4125 πόλιν’
3386 4069 3478 4125 καὶ
3538 4070 3767 4143 ὑποκρι-

2101 4163 2210 4223 Osi:
2271 4162 2506 4234 μωρίαν,
2569 4158 2755 4214 πολλᾶ
2840 4157 3092 4232 Θαύματα
3153 4157 3204 4213 ἐν
3267 4162 3336 4233 τῇ
3396 4161 3767 4234 προσποιήσει

2099 4249 2268 4325 ταύτῃ
2302 4249 2610 4325 εἶ’ργάσατο.
2644 4248 2828 4304 Θανὼν
2863 4244 2921 4303 δὲ
2977 4247 3066 4302 καὶ
3127 4247 3430 4325 φερόμενος
3460 4251 3558 4303 τοῦ
3588 4250 3768 4326 ταφῆ-

2101 4362 2188 4396 ναι
2251 4339 2354 4396 ὑπὸ
2411 4336 2507 4393 δύο
2595 4341 2867 4413 πενικρῶν
2954 4337 3282 4414 ἀνθρώπων,
3367 4333 3626 4412 Ἐϐραῖός
3681 4359 3766 4400 τις

2100 4426 2301 4499 ἤκουσε
2329 4423 2665 4502 ψαλμῳδίας
2713 4424 2981 4497 πλείστης
3037 4427 3361 4502 άγγελικῆς.
3422 4427 3526 4485 Καὶ
3558 4426 3765 4502 προκύ-

2099 4522 2202 4593 ψας
2234 4521 2330 4573 τοῦ
2361 4516 2694 4590 οίκήματος,
2728 4517 2829 4593 ὁρᾷ
2887 4514 2984 4572 δύο
3048 4516 3249 4591 μόνους
3313 4515 3444 4580 τοὺς
3473 4516 3537 4571 τὸ
3568 4513 3764 4590 λείψα-

3399 4605 3486 4662 ὅτι
3544 4603 3770 4682 ἄγγελοι

2108 4696 2436 4772 ψάλλουσιν,
2470 4693 2594 4774 ἔφη’
2631 4698 2915 4772 Μακάριος
2945 4700 3013 4769 εἴ,
3050 4697 3302 4770 Συμεὼν,
3332 4693 3438 4766 ὅτι,
3501 4697 3578 4770 μὴ
3612 4693 3758 4770 ἔχων

2112 4788 2433 4864 ἀνθρώπους
2487 4783 2817 4859 ψάλλοντας,
2869 4781 3030 4861 ἔσχες
3088 4784 3360 4862 ἀγγέλους
3437 4784 3756 4859 ὑμνοῦντας.

2118 4876 2436 4947 Ετελειώθη
2473 4871 2529 4930 δὲ
2558 4873 2647 4929 καὶ
2681 4875 2708 4929 ὁ
2736 4876 2886 4938 ὅσιος
2918 4874 3204 4946 Ἰωάννης.
3261 4921 3266 4924 .

2367 5071 2470 5129 Καὶ
2533 5073 2728 5145 μνήμη
2787 5069 3053 5142 Ἰεζεκιήλ
3085 5075 3182 5126 τοῦ
3215 5072 3524 5148 προφήτου.

2183 5186 2452 5259 Ἰεζεκιὴλ
2485 5189 2512 5241 6
2574 5182 2792 5257 ἔνδοξος
2848 5188 2938 5242 καὶ
2988 5188 3172 5259 μέγας
3223 5187 3539 5262 προφήτης,
3571 5187 3639 5255 ἦν
3677 5187 3773 5260 μὲν

2112 5279 2229 5340 υἱὸς
2291 5277 2407 5338 ἑνὸς
2465 5279 2574 5330 τῶν
2639 5277 2850 5350 ἱερέων,
2912 5275 2972 5331 ἐκ
3025 5281 3128 5344 τῆς
3183 5281 3362 5348 σειρᾶς
3438 5279 3534 5331 τοῦ
3620 5277 3774 5337 Λευῒ.

2111 5368 2491 5444 Προεφήτευσε
2523 5362 2582 5419 δὲ
2640 5359 2732 5430 ἔτη
2783 5364 2977 5436 εἴκοσι,
3036 5361 3336 5441 προλαϐὼν
3365 5367 3464 5434 τήν
3501 5367 3770 5441 σάρκωσιν

2111 5463 2209 5514 τοῦ
2240 5461 2449 5530 Κυρίου
2471 5459 2634 5529 ἡμῶν
2694 5458 2874 5526 Ἰησοῦ
2931 5459 3165 5532 Χριστοῦ
3227 5455 3324 5528 ἔτη
3379 5458 3777 5530 τεσσαρακόσια

2117 5543 2504 5620 ἑϐδομήκοντα
2560 5546 2715 5604 ἑπτά.
2758 5544 2860 5602 Καὶ
2911 5544 3004 5600 ἐπὶ
3065 5550 3175 5601 τῶν
3232 5553 3334 5617 τῆς
3393 5545 3786 5624 αἰχμαλωσίας

2115 5641 2344 5710 καιρῶν,
2405 5633 2656 5690 ἀπελθὼν
2716 5634 2767 5688 ἐν
2832 5639 2903 5710 γῇ
2963 5634 3282 5709 Χαλδαίων,
3366 5634 3538 5692 ἔδωκε
3619 5638 3782 5711 τέρας

2125 5725 2407 5803 μεγα,ὅτι
2437 5725 2489 5779 οἳ
2521 5720 2671 5802 ὄφεις
2728 5723 2796 5779 τὰ
2851 5725 3025 5802 βρέφη
3088 5727 3268 5782 αὐτῶν
3328 5725 3418 5781 καὶ
3475 5726 3544 5780 τά
3603 5726 3773 5793 κτήνη
