4108 6436
243 413 380 478 853
465 477 478 485 .

1825 411 2129 474 JULIUS.

3569 421 3690 480 554

242 543 580 616 ἀνήλισκον.
613 546 708 602 Διὸ
738 545 829 601 καὶ
859 546 912 620 ἐξ
961 546 1136 604 αὗτῶν
1197 546 1434 622 ἀνῃρέθη
1468 543 1560 602 διὰ
1610 547 1710 616 τὴν
1733 542 1918 601 τοιαύ-

2038 546 2210 614 atque
2235 543 2513 615 jumenta
2550 549 2992 601 consumerent.
3026 547 3113 602 Ab
3143 547 3266 603 illis
3308 553 3510 605 autem
3541 551 3695 608 hanc

247 657 358 706 την
391 633 598 693 αἰτίαν.
629 637 970 694 Ἀντὲκειντο
1037 639 1141 714 γὰρ
1202 637 1348 710 αὐτῷ
1403 639 1579 699 πάσας
1636 638 1732 698 τὰς
1786 633 1925 708 ἠμέ-

253 745 381 802 ρας·
445 726 538 781 καί
597 725 905 782 ἀπέκτεινεν
964 726 1123 782 αὐτὸν
1175 728 1204 782 ὁ
1260 727 1574 803 ἡγούμενος
1623 729 1718 781 τοῦ
1767 723 1927 795 λαοῦ,

248 818 330 878 ὡς
365 813 749 892 ἐλεγχόμενος
780 817 869 872 ὑπ’
914 817 1101 876 αὐτοῦ.
1163 817 1265 875 Καὶ
1327 816 1497 894 ἐτάφη
1550 815 1603 872 ἐν
1661 814 1800 889 αὐτῇ
1857 817 1927 888 τῇ

253 905 428 982 χώρᾳ
464 907 572 962 ὑπὸ
612 911 721 961 τῶν
778 911 1044 983 συγγενῶν
1106 904 1367 980 ἐντίμως,
1417 902 1743 981 ἀναδραμὼν
1789 913 1928 979 πρὸς

250 999 416 1062 Θεὸν,
449 993 522 1052 δι’
577 996 638 1052 δν
675 995 803 1059 τοὺς
859 996 1107 1060 πολλοὺς
1167 997 1369 1068 ὑπέστη
1424 995 1762 1073 πειρασμοὺς
1824 994 1928 1051 ὑπὸ

249 1091 366 1141 τῶν
395 1085 768 1161 παρανόμων,
796 1086 888 1142 καὶ
921 1081 1220 1143 ἀπολαϐὼν
1279 1086 1344 1141 τὰ
1402 1085 1594 1162 ἀγαθὰ,
1628 1087 1662 1140 ἅ
1717 1082 1927 1162 ὀφθαλ-

257 1178 369 1250 μὸς
403 1177 510 1233 οὐκ
541 1174 672 1246 εἶδε,
702 1177 793 1232 καὶ
851 1178 946 1240 οῦς
1005 1177 1105 1234 οὐκ
1161 1174 1386 1247 ἤκουσε,
1444 1174 1533 1232 καί
1565 1174 1653 1231 ἐπὶ
1698 1171 1924 1250 καρδίαν

254 1269 562 1339 ἀνθρώπου
593 1268 693 1324 οὐκ
725 1263 907 1344 ἀνέϐη,
939 1267 972 1325 ἅ
999 1267 1301 1342 ἡτοίμασεν
1359 1268 1388 1322 ὁ
1447 1267 1578 1329 Θεὸς
1630 1271 1749 1328 τοῖς
1798 1266 1928 1340 ἀγα-

256 1363 443 1413 πῶσιν
477 1357 637 1414 αὐτὸν
660 1358 858 1435 ἁγίοις.

821 1478 999 1534 ΜΗΝΙ
1037 1479 1123 1534 ΤΩ
1167 1478 1372 1535 ΑΥΤΩ.

406 1657 620 1729 Μνήμη
654 1662 756 1727 τῆς
788 1655 942 1735 ἁγίας
973 1568 1190 1732 Mign:
1231 1661 1334 1728 τῆς
1382 1652 1780 1730 Μαγδαληνῆς.

335 1793 594 1867 Μαρίαὴ
644 1790 991 1868 Μαγδαληνή
1048 1791 1108 1848 lx
1164 1796 1272 1848 τῶν
1334 1789 1641 1868 Μαγδάλων
1698 1792 1765 1862 ἦν
1818 1795 1927 1846 τῶν

255 1879 434 1955 ὁρίων
474 1883 580 1934 τῶν
607 1878 831 1955 Συρίας.
869 1879 1218 1956 ὈχΛουμδνη
1254 1877 1310 1935 δὲ
1341 1879 1444 1936 ὑπὸ
1476 1877 1748 1953 δαιμόνων
1769 1877 1924 1948 ἔπτὰ,

2037 633 2111 688 ob
2147 649 2390 690 causam
2420 634 2815 706 interemptus
2845 635 2978 691 fuit.
3011 637 3695 696 Contradicebantenim

2037 725 2089 781 ei
2126 725 2360 782 cunctis
2391 725 2639 781 diebus:
2675 726 3013 798 occiditque
3043 746 3182 785 eum
3225 730 3543 802 praefectus
3596 750 3698 805 po-

2036 812 2353 884 puli,quod
2387 813 2458 868 ab
2492 830 2560 868 eo
2593 813 3027 888 obiurgaretur.
3065 817 3343 888 Sepultus
3365 824 3562 875 autem
3581 821 3694 875 fuit

2037 902 2368 958 honoriﬁce
2401 919 2435 958 a
2463 903 2818 974 pr0pinquis
2849 904 2911 958 in
2944 905 3050 959 illa
3078 907 3343 979 regione,
3377 925 3511 963 cum
3535 909 3584 964 is
3617 910 3691 965 ad

2037 993 2223 1048 Deum
2273 993 2582 1054 avolasset,
2645 1011 2752 1065 pro
2808 1011 2924 1066 quo
3003 996 3220 1052 multas
3277 998 3692 1056 tribulationes

2037 1083 2108 1139 ab
2132 1084 2334 1155 impiis
2383 1085 2770 1144 sustinuerat.
2803 1085 2964 1142 bona
2982 1093 3350 1159 recepturus,
3388 1107 3520 1161 quas
3551 1108 3691 1147 ocu-

2034 1172 2132 1228 lus
2162 1190 2284 1228 non
2314 1173 2482 1239 vidit,
2515 1191 2626 1230 nec
2659 1168 2819 1230 auris
2849 1175 3094 1245 audivit,
3127 1194 3239 1234 nec
3271 1179 3333 1233 in
3364 1197 3466 1234 cor
3496 1181 3690 1236 homi-

2036 1261 2129 1318 nis
2160 1263 2593 1335 ascendit,quaa
2616 1265 2839 1320 sanctis
2871 1282 2932 1320 se
2967 1264 3353 1339 diligentibus
3375 1270 3689 1342 Deusprae-

2034 1353 2284 1423 paravit.

2597 1461 2839 1518 EODEM
2869 1464 3127 1519 MENSE.

2535 1551 2640 1606 Die
2659 1550 2943 1608 vicesima
2963 1553 3228 1610 secunda

2207 1640 2659 1696 Commemoratio
2688 1648 2890 1697 sanctae
2920 1645 3114 1700 Maria:
3142 1645 3508 1714 Magdalenen.

2108 1783 2290 1839 Maria
2350 1784 2694 1855 Magdalena
2749 1785 2861 1841 fuit
2923 1802 2994 1841 ex
3053 1788 3333 1860 Magdalis
3394 1791 3456 1846 in
3509 1790 3692 1862 Syria)

2035 1872 2360 1928 montibus.
2394 1872 2539 1928 Cum
2567 1879 2766 1928 autem
2797 1892 2830 1929 a
2861 1881 3086 1946 septem
3108 1875 3422 1932 daemoniis
3443 1896 3692 1934 vexare-

253 1968 600 2044 ἐθεραπεύθη
683 1970 788 2025 tua
844 1974 1106 2046 Χριστοῦ·
1164 1971 1252 2025 καὶ
1333 1967 1423 2024 διὰ
1478 1971 1580 2040 τήν
1665 1967 1923 2039 τοιαύτην

2038 1967 2151 2030 tur,
2180 1978 2214 2017 a
2239 1963 2473 2018 Christo
2506 1969 2711 2019 curata
2743 1963 2952 2020 est.Ob
2985 1965 3098 2020 hoc
3129 1965 3489 2022 beneficium
3516 1968 3686 2023 illum

255 2059 576 2133 εὐεργεσίαν
657 2056 1077 2131 ἀκολουθήσασα
1142 2059 1309 2133 αὐτῷ,
1369 2058 1558 2135 γέγονε
1645 2059 1924 2134 μαθήτρια

247 2152 446 2209 αὐτοῦ.
482 2151 586 2212 Καὶ
627 2154 697 2222 ἦν
760 2150 1084 2208 διακονοῦσα
1142 2153 1291 2225 αύτῷ
1352 2149 1518 2229 μέχρι
1557 2155 1658 2208 τοῦ
1715 2151 1923 2216 πάθους

250 2241 447 2297 αὐτοῦ.
483 2242 589 2299 Καὶ
625 2241 820 2318 πρώτη
872 2243 970 2311 τὴν
1003 2241 1286 2297 ἀνάστασιν
1316 2243 1430 2315 ἅμα
1474 2245 1544 2316 τῇ
1604 2239 1749 2315 ἄλλῃ
1801 2242 1919 2298 Μα-

251 2333 373 2407 ρίᾳ,
423 2332 572 2406 μύρα
631 2331 954 2405 κομίζουσα,
1013 2329 1276 2402 κατεῖδεν,
1329 2329 1492 2402 ἡνίκα
1549 2330 1648 2405 ὀψὲ
1704 2324 1922 2385 Σαϐϐά-

246 2444 360 2478 των
387 2419 533 2477 εἶδον
567 2423 660 2477 τὸν
705 2419 958 2498 ἄγγελον⁸
1020 2419 1234 2494 πρωίας
1291 2418 1350 2477 δε
1408 2418 1503 2476 δύο
1557 2419 1818 2498 ἀγγέλους
1870 2420 1922 2476 ἐν

253 2511 480 2574 λευκοῖς
510 2512 929 2584 καθεζομένους·
973 2511 1062 2567 καὶ
1116 2510 1280 2566 πάλιν
1331 2509 1489 2566 αὐτὸν
1548 2510 1638 2565 τὸν
1701 2509 1920 2585 Κύριον,

257 2601 320 2658 δν
352 2603 446 2658 καὶ
475 2602 759 2676 κηπουρὸν
794 2601 1126 2676 λογιζομὲνη
1188 2598 1392 2671 ἤκουσε
1447 2601 1574 2676 παρ’
1611 2600 1796 2672 αὐτοῦ,
1829 2605 1917 2672 Μή

260 2712 371 2766 μου
400 2692 596 2750 ἅπτου.
630 2689 784 2748 Μετά
824 2689 920 2746 οὖν
949 2693 1049 2760 τήν
1081 2690 1222 2755 θείαν
1274 2695 1372 2746 τοῦ
1431 2692 1663 2766 Χριστοῦ
1712 2688 1921 2760 ἀνάλη-

259 2785 380 2855 ψιν,
413 2778 727 2837 ἀπελθοῦσα
758 2779 837 2844 εἷς
869 2781 1098 2857 Ἔφεσον
1133 2780 1272 2855 πρὸς
1321 2779 1412 2836 τὸν
1465 2784 1607 2844 θεῖον
1659 2780 1919 2850 Ἰωάννην

262 2871 359 2926 τὸν
398 2869 700 2926 ἀπόστολον
759 2871 850 2926 καὶ
907 2869 1314 2948 εὖαγγελιστήν,
1356 2868 1468 2925 ἐκεῖ
1518 2868 1682 2932 ὁσίως
1739 2869 1924 2925 κεκοί-

279 2963 605 3033 μηται.Καὶ
653 2961 805 3032 ὶτὲθη
856 2963 995 3037 πρὸς
1051 2963 1150 3030 τήν
1203 2957 1411 3018 εἷ’σοδον
1464 2965 1562 3018 τοῦ
1620 2960 1922 3030 σπηλαίου,

284 3048 340 3102 ὲν
374 3047 423 3120 ᾧ
452 3048 503 3102 οἳ
533 3050 667 3122 ἅγιοι
695 3051 780 3107 καὶ
815 3052 1074 3128 μακάριοι
1109 3050 1246 3107 ἔπτὰ
1301 3052 1660 3124 κεκοίμηνται
1709 3047 1919 3114 παῖδες.

291 3143 536 3213 Ὕστερον
567 3136 618 3194 δὲ
655 3139 739 3196 ἐπὶ
796 3143 1024 3204 Λέοντος
1079 3145 1177 3198 τοῦ
1246 3142 1566 3217 σοφωτάτου
1626 3139 1920 3218 βασιλέως,

278 3228 342 3285 τό
422 3227 616 3301 ταύτης
665 3230 816 3306 ’ὰγιον
900 3232 1158 3306 κομισθὲν
1239 3228 1522 3306 λείψανον,
1583 3230 1636 3286 ἐν
1694 3234 1762 3305 τῇ
1835 3231 1923 3286 ὑπ’

2030 2057 2321 2116 secuta,et
2350 2052 2644 2124 discipula
2665 2053 2855 2124 ipsius
2887 2053 3061 2121 facta,
3083 2053 3278 2110 eidem
3309 2056 3692 2112 ministrabat

2028 2156 2219 2211 usque
2245 2138 2319 2194 ad
2351 2140 2481 2212 ejus
2513 2141 3149 2212 passionem.Cumque
3180 2151 3550 2216 unguentum
3567 2161 3687 2200 una

2029 2245 2165 2283 cum
2189 2229 2377 2285 altera
2413 2230 2593 2285 Maria
2623 2230 2904 2294 deferret,
2939 2231 3133 2301 prima
3183 2233 3684 2289 resurrectionem

2027 2318 2192 2384 vidit,
2250 2336 2385 2375 cum
2434 2336 2680 2393 vespere
2741 2321 3130 2377 Sabbatorum
3187 2322 3334 2377 vidit
3383 2323 3684 2396 angelum,

2028 2426 2204 2464 mane
2228 2415 2427 2466 autem
2457 2410 2605 2466 duos
2665 2411 2909 2484 angelos
2957 2411 3018 2466 in
3051 2412 3204 2468 albis
3258 2415 3574 2470 sec‘entes:
3627 2419 3685 2469 et

2028 2515 2265 2555 rursum
2298 2499 2494 2571 ipsum
2529 2502 3055 2572 Dominum,quem
3080 2502 3380 2557 hortulam
3410 2521 3466 2558 λη
3487 2504 3686 2559 existi-

2028 2588 2251 2654 mabat,
2287 2588 2511 2644 audivit
2561 2589 2672 2644 sibi
2734 2590 3071 2646 dicentem:
3107 2592 3236 2646 Noli
3268 2609 3361 2647 me
3423 2600 3687 2667 tangere.

2028 2680 2169 2734 Post
2199 2678 2458 2734 divinam
2489 2679 2672 2752 igitur
2693 2681 2842 2735 177
2897 2681 3113 2736 Christi
3144 2684 3585 2747 ascensionem,
3617 2684 3693 2740 ad

2031 2767 2296 2823 divinum
2354 2770 2683 2836 Joannem,
2735 2771 3072 2842 apostolum
3152 2776 3210 2824 et
3263 2773 3690 2845 evangelistam

2031 2857 2331 2928 Ephesum
2363 2857 2740 2929 profecta,ibi
2771 2866 2972 2915 sancte
2991 2859 3373 2928 obdormivit,
3411 2867 3465 2915 et
3495 2862 3688 2935 depo-

2031 2948 2144 3002 sita
2165 2947 2280 3001 fuit
2309 2946 2385 3003 ad
2416 2947 2753 3019 ingressum
2779 2949 3103 3019 speluncae,
3137 2951 3199 3004 in
3249 2968 3368 3021 qua
3400 2952 3591 3006 sancti
3625 2970 3693 3010 ac

2029 3037 2186 3093 bcati
2210 3041 2439 3108 septem
2470 3037 2638 3109 pueri
2671 3037 3143 3095 obdormierunt.
3170 3041 3475 3095 Postremo
3489 3046 3690 3096 autem

2031 3126 2139 3182 sub
2172 3127 2364 3182 Leone
2399 3126 2676 3198 Sapiente
2708 3127 3069 3199 imperatore
3103 3129 3524 3200 sanctaaipsius
3545 3130 3688 3184 reli-

2032 3217 2186 3289 quiaa
2218 3216 2520 3284 delataa,iu
2551 3217 2916 3272 monasterio
2942 3217 3138 3273 Sancti
3162 3217 3379 3286 Lazari,
3403 3219 3561 3290 quod
3584 3219 3686 3276 ille

263 3317 435 3377 αὐτοῦ
483 3321 801 3397 συσταθείσῃ
863 3325 1006 3397 μονῇ
1061 3323 1163 3376 τοῦ
1221 3320 1381 3396 ἁγίου
1449 3322 1704 3396 Λαζάρου
1762 3342 1920 3377 κατε-

2038 3311 2427 3378 exstruxerat,
2458 3307 2742 3380 depositas
2774 3307 3036 3364 fuerunt.

260 3408 424 3482 τέθη.

806 3520 986 3578 ΜΠΝῙ
1020 3521 1113 3577 ΤΩ
1138 3521 1349 3578 ΑΥΤΩ.

1034 3609 1139 3667 ΚΓ*

466 3697 740 3770 ’Δθλησις
765 3701 868 3756 τοῦ
899 3697 1054 3776 ἁγίου
1085 3700 1482 3776 ἱερομάρτυρος
1516 3704 1704 3756 Φωκᾶ.

339 3837 540 3897 Φωκᾶς
569 3834 598 3888 ὁ
623 3834 956 3910 ίερομάρτυρ
987 3833 1056 3904 ἦν
1114 3832 1203 3889 ἐπὶ
1255 3840 1357 3904 τῆς
1411 3831 1700 3909 βασιλείας
1731 3839 1924 3910 Τραϊα-

261 3928 387 3994 νοῦ,
448 3921 500 3978 ἐν
556 3923 832 3997 ἀμέμπτῳ
883 3921 1159 3996 πολιτείᾳ,
1219 3924 1310 3979 καὶ
1370 3923 1657 3985 παντοίαις
1713 3925 1925 3999 ἀρεταῖς

263 4011 627 4085 διαλάμπων.
689 4013 998 4086 Κρατηθεὶς
1044 4015 1160 4082 οὖν,
1217 4009 1575 4089 προσηνέχθη
1614 4015 1926 4090 ’Λφρικανῷ

261 4108 350 4176 τῷ
404 4102 657 4178 ἐπάρχῳ.
714 4101 812 4157 Καὶ
870 4101 1191 4179 ἐρωτηθείς,
1249 4101 1589 4178 ὡμολόγησε
1644 4103 1737 4159 τὸν
1796 4107 1926 4178 Χρι·

265 4193 418 4248 στὸν.
476 4191 758 4256 Ἀντιστάς
816 4189 874 4246 δὶ
929 4190 1077 4264 αὐτῷ
1111 4192 1260 4248 καὶὸ
1317 4185 1562 4268 ἔπαρχος
1593 4192 1645 4247 ἐν
1706 4190 1922 4269 λόγοις,

266 4283 363 4339 καὶ
418 4282 732 4358 πειρασθείς
790 4281 1188 4361 βλασφημῆσαι
1250 4284 1344 4357 μὶν
1405 4285 1496 4339 τὸν
1538 4285 1922 4358 Χριστὸν,αύ-

263 4375 363 4428 τὸν
416 4369 477 4429 δί
524 4374 963 4446 τιμωρήσασθαι,
1025 4376 1251 4446 σεισμοῦ
1301 4373 1622 4448 γενομένου,
1673 4371 1922 4450 ἐξαίφνης

263 4464 452 4518 πεσὼν
511 4461 647 4535 μετὰ
691 4465 800 4516 τῶν
861 4462 951 4517 ὑπ’
1038 4461 1188 4535 αὐτῷ
1270 4466 1641 4536 στρατιωτῶν,
1725 4463 1926 4524 ἄπνους

260 4552 467 4609 ἔκειτο.
529 4548 708 4608 Ἀλλὰ
753 4551 1188 4626 προσευξάμενος
1266 4551 1294 4605 ὁ
1354 4552 1532 4626 ἅγιος,
1589 4548 1778 4629 ἤγειρε
1833 4553 1921 4608 καὶ

260 4642 430 4698 αὐτὸν
463 4641 552 4697 καὶ
611 4641 739 4704 τοὺς
802 4643 1161 4717 στρατιώτας.
1224 4640 1326 4700 Καὶ
1395 4641 1562 4697 πάλιν
1607 4642 1921 4718 κρατηθεὶς,

261 4729 549 4803 ἀπεστάλη
583 4728 806 4804 δέσμιος
858 4694 996 4805 ⁸πρὸς
1054 4732 1344 4800 Τραϊανόν.
1406 4733 1511 4788 Καὶ
1564 4694 1796 4786 ἐνιέζπιον
1826 4694 1922 4788 αὐί
1959 4694 2001 4760 D

260 4824 366 4876 τοῦ
395 4821 633 4895 κηρύξας
661 4822 752 4876 τὸν
812 4821 1065 4896 Χριστὸν,
1111 4820 1202 4875 καὶ
1257 4821 1358 4890 τὴν
1391 4819 1519 4897 περὶ
1577 4821 1741 4876 αὐτοῦ
1773 4820 1921 4878 οἷκο-

261 4911 466 4983 νομίαν
519 4917 691 4966 πᾶσαν
754 4907 1068 4982 διεξελθὼν,
1122 4911 1470 4985 κρεμασθεῖς,
1553 4909 1762 4983 ἑξὲσθη.
1823 4913 1922 4968 Καὶ

259 5002 357 5058 ἐπὶ
389 4999 558 5056 πλέον
601 4999 852 5074 ἐμμένων
916 5004 984 5074 τῇ
1043 4999 1120 5063 εἷς
1177 4999 1410 5073 Χριστὸν
1470 4999 1771 5078 ὁμολογίᾳ,
1851 5004 1924 5066 εἰς

258 5085 530 5147 ἄσϐεστον
597 5083 892 5161 ἐνεϐλήθη·
947 5090 1040 5146 καὶ
1097 5088 1148 5161 ἐξ
1204 5088 1372 5159 αὐτῆς
1434 5090 1593 5167 ὑγιὴς
1673 5089 1922 5163 ἐξελθὼν,

258 5181 345 5246 εἷς
374 5179 614 5255 λουτρὸν
672 5176 925 5259 σφοδρῶς
976 5179 1307 5255 ἐκπυρωθὶν,
1365 5178 1457 5235 καὶ
1518 5181 1779 5257 ὑπερκαὶν
1814 5181 1922 5238 εἴσ-

256 5273 449 5346 ήχθη.
479 5272 569 5328 ’Ev
598 5270 646 5342 ᾧ
675 5269 766 5324 τὸν
801 5270 930 5325 Θεὸν
964 5267 1294 5346 δοξολογῶν,
1329 5268 1570 5345 καθάπερ
1602 5270 1654 5326 ἐν
1700 5276 1769 5348 τῇ
1797 5269 1924 5349 δρο-

258 5356 495 5434 σοϐόλῳ
513 5358 732 5435 καμίνῳ
767 5358 819 5414 οἱ
849 5359 998 5437 ἅγιοι
1050 5362 1197 5435 τρεῖς
1254 5355 1466 5430 παῖδες,
1524 5358 1808 5437 παρέδωκε
1861 5366 1925 5420 τό

252 5471 499 5526 πνευμα.

249 5577 369 5640 Καὶ
402 5575 640 5649 ἄθλησις
668 5580 767 5633 τοῦ
828 5573 1319 5710 ἁγῗινιέδῇῗρὲρέἓ
1373 5575 1656 5655 Τροφίμου
1716 5579 1806 5636 καὶ
1831 5589 1931 5651 τῆς

337 5769 645 5850 τρόφιμος,
675 5764 766 5822 καὶ
799 5762 1065 5843 Θεόφιλος
1114 5765 1167 5820 οἳ
1222 5768 1320 5828 τοῦ
1375 5766 1612 5844 Χριστοῦ
1666 5768 1934 5850 μάρτυρες

587 5892 857 5956 Ρλῑῑω..
907 5889 1018 5952 GR.
1068 5889 1306 5954 CXVII.

2590 3508 2833 3565 EODEM
2868 3509 3121 3565 MENSE.

2550 3599 2652 3654 Die
2681 3599 2964 3655 vicesima
2995 3598 3171 3655 tertia

2254 3687 2541 3745 Certamen
2568 3691 2908 3745 sacrosancti
2962 3689 3226 3760 martyris
3257 3687 3472 3743 Phocas.

2107 3815 2334 3871 Phocas
2361 3819 2780 3886 sacromartyr,
2813 3814 3147 3885 imperante
3187 3812 3462 3885 Trajano,
3495 3812 3688 3869 incul-

2034 3905 2191 3978 patis
2227 3903 2498 3960 moribus
2558 3909 2618 3959 et
2675 3903 3011 3977 omnigenis
3066 3903 3385 3959 virtutibus
3444 3902 3688 3962 eﬂ‘ulsit.

2033 3994 2516 4066 Comprehensus
2546 3999 2746 4048 autem
2773 3999 2832 4048 et
2861 3993 2936 4048 ad
2967 3992 3316 4049 Africanum
3338 3991 3688 4064 praefectum

2034 4085 2348 4149 adductus,
2371 4083 2443 4139 ab
2469 4101 2660 4156 eoque
2681 4084 3102 4157 interrogatus,
3133 4084 3432 4140 Christum
3455 4083 3690 4140 confes-

2036 4192 2135 4230 sus
2167 4174 2385 4230 est.Cui
2415 4190 2551 4228 cum
2568 4173 2884 4244 praefectus
2909 4174 3102 4228 verbis
3126 4173 3562 4239 contradicens,
3589 4191 3689 4230 co-

2033 4268 2277 4319 naretur
2289 4263 2588 4320 Christum
2603 4263 3238 4335 blasphemare,ipsum
3248 4278 3361 4333 que
3375 4263 3691 4318 tormentis

2035 4353 2535 4426 subjicere,terraa
2555 4357 2720 4408 motu
2743 4353 3170 4424 facto,repente
3188 4351 3408 4407 cadens
3421 4367 3539 4406 una
3553 4368 3688 4406 cum

2036 4443 2326 4515 subjectis
2378 4441 2492 4497 sibi
2543 4441 2858 4508 militibus,
2920 4441 3294 4498 exanimatus
3335 4441 3549 4512 jacuit.
3577 4440 3689 4496 Sed

2034 4537 2312 4606 precatus
2344 4537 2608 4598 sanctus,
2642 4532 2816 4587 illum
2850 4533 3099 4606 ejusque
3132 4531 3356 4586 milites
3406 4529 3478 4586 ad
3510 4530 3690 4586 vitam

2033 4622 2347 4678 revocavit.
2405 4623 2632 4677 Rursus
2683 4627 2882 4677 autem
2931 4622 3427 4693 comprehensus,
3457 4621 3690 4676 vinctus

2034 4713 2109 4770 ad
2130 4712 2454 4784 Trajanum
2489 4711 2712 4768 missus
2744 4717 2869 4767 est:
2896 4727 3012 4783 quo
3034 4715 3334 4783 praesente
3359 4727 3494 4766 cum
3525 4710 3696 4766 Chri—

2035 4808 2192 4858 stum
2221 4799 2629 4873 praadicasset,
2665 4801 2857 4872 deque
2911 4801 3192 4856 universa
3214 4801 3346 4873 ejus
3381 4799 3695 4872 dispensa-

2035 4892 2195 4946 tione
2235 4889 2640 4959 disseruisset,
2691 4907 3018 4963 suspensus
3063 4890 3478 4962 despexusque
3533 4890 3693 4945 fuit:

2036 4995 2294 5051 cumque
2324 4980 2514 5054 magis
2546 4979 2608 5034 in
2641 4979 2859 5036 Christi
2889 4979 3271 5036 confessione
3293 4983 3692 5053 permaneret,

2035 5071 2098 5126 in
2130 5069 2442 5126 ardentem
2473 5069 2778 5126 fornacem
2813 5070 3089 5142 injectus,
3117 5087 3188 5126 ex
3231 5087 3420 5143 eaque
3463 5069 3695 5125 incolu-

2036 5160 2152 5216 mis
2181 5158 2527 5227 evadens,in
2554 5159 2837 5216 balneum
2860 5159 3026 5216 valde
3057 5160 3495 5216 inﬂammatum
3515 5162 3576 5212 et
3595 5173 3693 5212 su-

2036 5265 2148 5324 pra
2175 5249 2420 5306 modum
2447 5266 2771 5307 accensum
2831 5250 3160 5319 immissus,
3223 5251 3304 5307 ibi
3345 5251 3534 5306 Deum
3564 5248 3692 5304 lau-

2038 5341 2381 5410 dans,velut
2407 5345 2527 5398 tres
2550 5344 2739 5400 sancti
2752 5344 2923 5417 pueri
2937 5344 2998 5400 in
3009 5343 3246 5402 camino
3262 5357 3395 5397 rore
3425 5353 3693 5411 asperso,

2042 5431 2321 5506 spiritum
2351 5429 2618 5489 tradidit.

2041 5577 2115 5635 Et
2143 5580 2421 5634 certamen
2446 5577 2626 5634 sancti
2655 5579 2918 5649 martyris
2952 5575 3242 5650 Trophimi
3290 5581 3345 5632 et
3399 5572 3703 5630 sociorum.

2119 5782 2480 5855 Trophimus
2511 5801 2578 5841 ac
2609 5783 2974 5857 Theophilus
3004 5782 3219 5838 Christi
3245 5789 3540 5854 martyres
3572 5795 3709 5836 cum

3385 5907 3458 5963 18
