4108 6428
421 412 542 474 655

1749 408 2176 472 MENOLOGII
2220 410 2425 473 PARS
2467 412 2579 475 IIl.

3723 425 3845 489 556

416 545 645 601 sanctis
689 543 865 601 sociis
909 543 1202 606 vixerunt,
1225 543 1583 615 imperante,
1615 542 1719 599 Dei
1752 543 2050 615 permissu

2195 541 2330 615 μετά
2356 549 2458 611 τῆς
2490 543 2637 621 ἱερὰς
2666 544 2916 611 συνοδίας
2972 547 3158 617 αὐτοῦ,
3218 550 3477 629 ὑπῆρχον
3538 554 3656 628 μὶν,
3714 561 3851 615 κατά

416 634 775 707 impiissimo
808 639 1060 706 tyranno
1114 631 1506 687 Diocletiano.
1540 632 1839 688 Christum
1870 638 2068 687 autem

414 722 871 781 conﬁtentes.ad
900 738 963 776 se
989 720 1343 777 accedentes
1374 721 1436 775 in
1472 721 1601 793 ejus
1622 722 1867 777 nomine
1904 720 2072 777 doce-

413 812 562 867 bant
590 817 769 882 atque
798 809 1198 882 baptizabant.
1232 808 1461 880 Cogniti
1494 810 1675 881 igitur
1717 815 1777 864 et
1805 825 2070 881 compre-

413 902 609 967 hensi,
639 900 819 955 vincti
847 899 920 954 ad
950 898 1125 954 illum
1155 898 1396 954 adducti
1429 905 1573 953 sunt
1595 915 1608 953 :
1633 915 1889 970 cumque
1912 899 2072 953 chri-

413 997 570 1045 stum
602 989 898 1062 abnegare
931 994 990 1043 et
1045 987 1225 1043 idolis
1276 987 1614 1043 sacriﬁcare
1662 987 2067 1060 adigerentur,

411 1096 524 1135 nec
553 1079 969 1151 obtemperare
996 1077 1238 1145 vellent,
1274 1076 1427 1132 178
1457 1078 1711 1150 graviter
1752 1076 2066 1145 verberati,

412 1168 712 1241 lignisque
745 1167 1044 1238 suspensi,
1070 1166 1283 1238 depexi
1307 1171 1467 1233 sunt,
1495 1167 1771 1239 saxisque
1820 1166 2017 1222 obruti
2051 1183 2066 1225 :

412 1275 550 1313 mox
580 1273 610 1312 e
645 1256 823 1329 lignis
855 1255 1134 1327 depositi,
1154 1255 1733 1328 atqueiningentem
1765 1256 2068 1311 caminum

409 1346 640 1418 injecti,
660 1345 763 1400 Sed
786 1344 890 1400 Dei
915 1343 1106 1417 gratia
1118 1344 1191 1399 ab
1223 1360 1290 1399 eo
1306 1343 1629 1412 liberati,et
1657 1344 1829 1401 illaesi
1845 1360 2067 1401 exeun-

406 1437 773 1503 tes,itautne
789 1435 1075 1507 capillum
1100 1433 1345 1506 quidem
1358 1451 1565 1490 eorum
1590 1435 2069 1508 tetigissetignis,

406 1524 933 1597 obstupefecerant
982 1528 1327 1597 tyrannum.
1388 1525 1698 1579 Postremo
1760 1524 2067 1583 inclinatis

406 1614 758 1680 cervicibus,
791 1630 959 1669 sacra
990 1630 1196 1668 eorum
1230 1613 1425 1685 capita
1459 1613 1725 1669 abscissa
1755 1619 1914 1670 sunt.

2179 632 2536 709 συγχώρησιν
2587 641 2745 703 Θεοῦ,
2804 638 2895 693 ἐπὶ
2956 640 3242 714 βασιλείας
3301 643 3703 715 Διοκλητιανοῦ
3749 654 3849 705 τοῦ

2184 724 2655 797 παρανομωτάτου
2733 727 2823 782 καὶ
2895 730 3389 803 τυραννικωτᾶτου,
3455 738 3549 792 τὸν
3609 740 3847 815 Χριστὸν

2180 810 2605 887 ὁμολογοῦντες,
2634 815 2725 870 καὶ
2773 817 2902 880 τοὺς
2960 824 3445 897 προσερχομένους
3505 810 3720 900 αὐτοῖς,
3755 831 3844 886 ἐπὶ

2177 906 2258 973 τῷ
2290 901 2522 976 ὀνόματι
2554 904 2721 960 αὐτοῦ
2753 904 3100 972 διδάσκοντες
3151 913 3242 966 καί
3278 915 3657 989 βαπτίζοντες.
3717 929 3843 976 Δια-

2178 992 2501 1065 ⁸ίνιυσθέντες
2551 990 2611 1049 δὲ
2666 996 2757 1049 καὶ
2814 1000 3195 1072 κρατηθέντες,
3282 1007 3628 1078 παρέστησαν
3707 1008 3840 1065 ἐνώ-

2179 1100 2305 1133 πιον
2361 1080 2526 1136 αὐτοῦ
2587 1082 2829 1158 δέσμιον
2888 1086 2979 1142 καὶ
3037 1088 3462 1164 ἀναγκασθέντες
3504 1097 3841 1169 ἀρνήσασθαι

2183 1167 2279 1239 μὶν
2309 1169 2401 1261 τόν
2448 1173 2709 1261 Χριστὸν,
2769 1175 2923 1230 θῦσαι
2985 1172 3043 1232 δὶ
3092 1184 3211 1242 τοῖς
3268 1167 3549 1255 εἰδώλοις,
3608 1167 3697 1241 καὶ
3761 1191 3837 1261 μή

2178 1259 2510 1347 πεισθέντες,
2591 1259 2899 1337 ἐτύφθησαν
2951 1263 3227 1343 σφοδρῶς.
3291 1272 3387 1326 Καὶ
3447 1259 3837 1347 κρεμασθέντες

2177 1344 2266 1401 ἐπὶ
2324 1345 2512 1420 ξύλου,
2598 1350 2906 1423 ἐξέσθησαν.
2967 1355 3099 1411 Εἶτα
3173 1344 3673 1434 ἐλιθοϐολήθησαν.
3738 1370 3837 1424 Καὶ

2175 1436 2310 1508 μετὰ
2338 1438 2507 1493 ταῦτα
2534 1445 2632 1495 τοῦ
2684 1442 2852 1514 ξύλου
2906 1441 3415 1518 καταϐιϐασθέντες,
3477 1452 3554 1516 εἴς
3610 1454 3836 1531 κάμινον

2172 1522 2432 1623 μεγάλην,
2480 1526 2877 1623 ἐνεϐλήθησαν.
2960 1533 3140 1592 Ἀλλά
3186 1540 3276 1595 καὶ
3319 1548 3420 1611 τῆς
3474 1522 3711 1618 καμίνοῦ
3768 1553 3839 1623 τῇ

2167 1618 2269 1707 τοῦ
2302 1620 2436 1707 θεοῦ
2468 1616 2753 1694 ῥυσθέντες
2785 1624 3000 1699 χάριτι,
3034 1626 3124 1681 καὶ
3181 1625 3445 1695 ἀϐλαϐεῖς
3502 1616 3836 1707 ἐξελθόντες,

407 1702 485 1764 ὡς
521 1698 664 1774 μηδὲ
691 1706 901 1776 τριχῶν
927 1702 1207 1800 ἀψαμένου
1240 1701 1418 1755 αὐτῶν
1448 1706 1547 1756 τοῦ
1576 1703 1769 1776 πυρὸς,
1804 1699 2101 1773 ἐξέπληξαν
2132 1703 2225 1757 τὸν
2258 1703 2537 1780 τύραννον.
2583 1711 2685 1765 Καὶ
2719 1698 2880 1775 τέλος
2927 1714 3211 1781 κλίναντες
3242 1719 3371 1784 τοὺς
3429 1698 3688 1800 αὐχένας,

405 1791 555 1865 ἱερὰς
580 1790 756 1846 αὐτῶν
789 1789 1030 1865 κεφαλὰς
1056 1790 1472 1863 ἀπετμήθησαν.

406 1910 470 1964 Et
500 1912 940 1965 commemoratio
976 1909 1221 2012 fratrurm
1245 1910 1691 1981 nostrorum,quz'
1705 1911 1763 1965 in
1787 1909 2056 1980 Bulgaria

992 1984 1139 2012 in...
1172 1981 1277 2012 ηηιέ
1318 1988 1445 2012 ...μηδ

2176 1911 2276 1967 Καὶ
2315 1914 2509 1987 μνήμη
2570 1920 2678 1973 τῶν
2738 1917 2789 1974 ἐν
2845 1920 3165 2012 Βοουλγαρίᾳ
3223 1927 3538 2006 σφαγέντων
3584 1928 3835 2012 ἀδελφῶν

992 1981 1277 2049 interfecti
1315 1988 1465 2037 sunt.

479 2102 816 2170 Imperante
848 2096 1178 2168 Nicephoro
1226 2096 1512 2152 Stauracii
1573 2101 1741 2168 patre
1800 2099 2069 2153 Bomseos

409 2187 566 2243 inter
587 2191 647 2243 et
669 2185 950 2259 Bulgaros
972 2185 1201 2241 bellum
1225 2185 1646 2257 contigit.Cum
1668 2189 1868 2241 autem
1886 2186 2066 2241 victo-

406 2277 560 2331 riam
591 2274 664 2330 de
696 2273 1315 2346 hostibusimperator
1336 2274 1665 2342 retulisset,
1699 2274 2068 2333 exhilaratus

404 2364 664 2438 populus
695 2364 843 2419 cibis
870 2368 926 2418 et
960 2363 1196 2435 potibus
1235 2363 1601 2436 indulgebat.
1637 2363 1751 2419 Sed
1784 2366 2066 2421 concitati

406 2472 441 2511 a
470 2453 710 2510 diabolo
740 2452 841 2525 qui
870 2452 1091 2524 reliqui
1122 2452 1359 2508 fuerant
1384 2452 1641 2525 Bulgari,
1675 2455 2067 2525 Romaaasque

408 2544 611 2617 copias
642 2547 824 2599 noctu
858 2542 1073 2611 adorti,
1101 2542 1522 2615 imperatorem
1556 2543 1797 2615 quidem
1829 2550 2067 2615 captum

408 2632 796 2698 occiderunt;
829 2638 1079 2687 casteros
1102 2648 1259 2695 vero,
1292 2633 1393 2704 qui
1445 2631 1553 2688 sub
1606 2649 1674 2688 eo
1708 2632 2064 2705 militabant,

404 2722 623 2796 partim
657 2720 1259 2793 interfecere,partim
1284 2721 1541 2793 captivos
1572 2720 1892 2777 abduxere.
1918 2723 2065 2779 Hinc

407 2811 508 2884 qui
530 2817 764 2884 tempus
786 2810 944 2867 nacti
968 2827 1087 2866 non
1119 2811 1484 2875 sunt,statim
1507 2811 1738 2883 periere
1766 2828 1777 2866 :
1805 2812 1905 2884 qui
1930 2829 2063 2868 vero

404 2902 480 2959 ad
510 2902 813 2974 proximos
846 2905 1079 2955 montes
1099 2900 1301 2973 fugere
1335 2905 1678 2972 potuerunt,
1732 2900 2063 2959 incolumes

405 3007 662 3047 evasere.
698 2990 741 3045 li
768 3006 928 3057 vero,
963 2989 1064 3060 qui
1097 2989 1160 3044 in
1193 2994 1547 3061 potestatem
1581 2990 1844 3046 hostium
1884 3008 2063 3047 vene-

400 3086 561 3146 runt,
586 3079 829 3151 impulsi
878 3080 1183 3135 Christum
1232 3079 1528 3153 abnegare
1578 3080 1866 3149 (nondum
1899 3082 2061 3136 enim

403 3187 540 3228 eum
571 3168 805 3241 Bulgari
833 3168 1235 3241 agnoverant),
1268 3185 1379 3224 nec
1426 3168 1485 3223 id
1544 3168 1737 3225 facere
1768 3170 2057 3239 volentes,

397 3252 577 3316 variis
608 3258 894 3331 durisque
925 3258 1134 3313 mortis
1195 3258 1513 3329 generibus
1565 3258 1815 3331 subjecti
1846 3259 2012 3316 fuere
2041 3277 2054 3316 :

398 3355 458 3406 et
484 3348 585 3404 alii
620 3347 865 3420 quidem
893 3346 1090 3420 gladio
1122 3346 1602 3414 obtruncati,alii
1624 3365 1760 3405 vero
1784 3350 2058 3421 suspensi

399 3442 458 3493 et
486 3437 778 3497 suﬂ‘ocati,
808 3437 911 3492 alii
945 3436 1080 3491 telis
1112 3436 1397 3504 confossi,
1422 3437 1521 3491 alui
1546 3437 1806 3510 denique
1838 3439 1913 3494 ad
1933 3457 2061 3496 car-

397 3544 597 3585 cerem
628 3526 971 3583 etinediam
998 3526 1295 3594 damnati,
1332 3528 1601 3600 martyrii
1626 3545 1871 3585 cursum
1918 3546 2060 3585 con-

401 3621 803 3676 summarunt.

470 3885 544 3940 Et
572 3889 875 3940 certamen
924 3889 1442 3941 sacrosanctorum
1468 3890 1796 3959 martyrum
1835 3888 2059 3960 Apolli-

403 3973 570 4031 naris
602 3979 660 4029 et
690 3974 885 4029 Vitalii
917 3974 1182 4047 episcOpi
1213 3976 1530 4039 Ravennae,
1567 3981 1624 4031 et
1646 3976 1972 4048 Apollonii,
2000 3982 2059 4033 et

405 4063 652 4138 Eugenii
683 4064 981 4137 martyris,
1017 4069 1077 4119 et
1102 4064 1388 4120 Susannaa
1419 4064 1481 4119 in
1516 4065 1791 4122 Leucate.

967 4248 1211 4305 EODEM
1240 4246 1493 4302 MENSE.

903 4336 1004 4392 Die
1035 4336 1318 4392 vicesima
1348 4341 1563 4407 quarta

533 4425 688 4482 I79
720 4426 1008 4485 Certamen
1035 4432 1239 4482 sanctas
1291 4426 1558 4494 martyris
1589 4425 1906 4482 Christinw.

464 4584 682 4641 Christi
717 4591 942 4657 martyr
971 4584 1271 4641 Christina
1304 4588 1431 4638 erat
1461 4599 1531 4638 ex
1566 4582 1712 4638 urbe
1742 4584 1911 4656 Tyro.
1938 4585 2050 4640 Pa-

2904 1996 2939 2063 ἡ
2950 1996 3087 2067 μῶνζ

2247 2101 2367 2155 Ἐπὶ
2401 2108 2500 2173 τῆς
2537 2104 2817 2193 βασιλείας
2876 2106 3197 2190 Νικηφόρου
3253 2120 3351 2171 τοῦ
3394 2118 3599 2193 πατρὸς
3655 2126 3832 2176 Σταυ-

2173 2196 2389 2282 ρακίου
2425 2188 2623 2265 συνέϐη
2685 2195 2930 2272 πόλεμον
3022 2188 3267 2275 γενέσθαι
3324 2188 3623 2280 Ῥωμαίοις
3686 2209 3823 2282 μετά

2172 2276 2533 2357 Βουλγάρων.
2589 2283 2688 2341 Καὶ
2736 2290 2833 2342 τοῦ
2894 2287 3165 2363 βασιλέως
3234 2292 3371 2349 κατά
3425 2296 3622 2370 κράτος
3675 2300 3835 2370 νική-

2173 2369 2494 2460 σαντοςηέν
2548 2380 2780 2453 τρυφαῖς
2836 2377 2929 2433 καὶ
2989 2380 3180 2444 πότοις
3236 2369 3532 2459 ἐσχόλαζεν
3592 2387 3619 2442 ὁ
3674 2385 3833 2460 λαὸς,

2173 2457 2384 2534 χαίρων
2418 2456 2508 2516 διὰ
2527 2463 2589 2518 τὸ
2622 2471 2864 2535 νικῆσαι.
2899 2465 3058 2525 Ἀλλ’
3095 2470 3200 2526 ὑπὸ
3255 2456 3355 2527 τοῖ’»
3406 2469 3672 2531 διαϐόλου
3722 2456 3838 2533 διε-λ

2170 2547 2450 2640 γερθέντες
2533 2553 2587 2607 οἱ
2669 2553 3111 2636 περιλειφθέντες
3191 2561 3531 2639 Βούλγαροι,
3608 2566 3699 2622 καὶ
3756 2572 3837 2640 τῷ

2170 2636 2470 2711 Ῥωμαϊκῷ
2527 2640 2874 2708 ἐπιπεσόντες
2930 2646 2983 2701 ἐν
3039 2649 3191 2705 νυκτὶ
3244 2652 3631 2727 στρατεύματι,
3672 2658 3832 2712 αὐτόν

2167 2746 2228 2781 τε
2247 2727 2340 2782 τὸν
2377 2727 2607 2805 βασιλέα
2637 2732 2938 2809 ἐκράτησαν
2970 2736 3060 2792 καὶ
3114 2738 3355 2811 ἀνεῖλον,
3413 2742 3505 2797 καὶ
3556 2744 3683 2808 τοὺς
3744 2747 3833 2803 ὑπ’

2170 2817 2352 2886 αὐτὸν,
2399 2818 2529 2883 τοὺς
2593 2821 2690 2897 μὶν
2750 2823 3193 2900 ἐφόνευσαν,τοὺς
3248 2827 3305 2885 δὲ
3361 2830 3830 2907 ᾐχμαλώτευσαν.

2171 2909 2441 2963 Ἐντεῦθεν
2483 2908 2600 2966 ὅσοι
2635 2913 2735 2986 μὲν
2766 2914 2979 2990 καιρίας
3034 2918 3140 2974 οὐκ
3196 2916 3467 2993 ἐδέξαντο,
3526 2926 3830 2997 παραυτίκα

2168 2997 2455 3063 ἀπέθανονο
2517 3000 2637 3057 ὅσοι
2708 2999 2765 3059 δὲ
2851 3002 3054 3061 δασέων
3126 3008 3297 3083 ὁρέων
3357 3007 3668 3087 ἐδράξαντο,
3720 3014 3827 3070 διε-

2168 3089 2536 3160 σώθησαν.οὶ
2603 3087 2661 3145 δέ
2714 3095 3074 3167 κρατηθέντες
3135 3102 3351 3167 ζῶντες,
3412 3100 3832 3176 ἀναγκασθέντες

2169 3177 2506 3253 ἀρνήσασθαι
2562 3179 2655 3234 τὸν
2715 3182 2979 3255 Χριστόν·
3040 3180 3194 3240 οὔπω
3243 3187 3347 3261 γὰρ
3407 3186 3720 3265 ἐπέγνωσαν
3777 3193 3828 3248 οἱ

2170 3266 2481 3345 Βούλγαροι
2534 3266 2717 3325 αὐτόν·
2770 3271 2862 3326 καὶ
2949 3274 3025 3347 μὴ
3084 3274 3415 3349 πεισθέντες,
3454 3277 3831 3356 πολυτρόποις

2169 3358 2259 3414 καὶ
2290 3356 2566 3450 χαλεποῖς
2613 3362 2865 3427 θανάτοις
2925 3355 3339 3439 ὑπεϐλήθησαν*
3392 3370 3446 3424 οἱ
3508 3372 3601 3443 μὲν
3641 3355 3645 3356 ί
3692 3372 3831 3450 ξίφει

2166 3450 2261 3510 τὰς
2312 3448 2552 3528 κεφαλὰς
2605 3452 3023 3527 ἀπετμήθησαν·
3087 3457 3145 3510 οἱ
3196 3454 3253 3511 δὶ
3306 3458 3664 3534 κρατηθέντες
3717 3448 3831 3517 ἐτε-

2169 3536 2507 3611 λειώθησαν,
2566 3542 2984 3619 κρεμασθέντες,
3042 3546 3133 3601 καὶ
3201 3546 3603 3625 ἀπεπνίγησαν·
3665 3550 3833 3607 ἀλλοι

2171 3624 2356 3718 βέλεσι
2434 3634 2923 3703 κατακεντηθέντες
3012 3624 3432 3709 ἐτελειώθησαν,
3490 3639 3597 3698 Καὶ
3656 3637 3835 3718 ἕτεροι

2165 3716 2382 3806 φυλακῇ
2410 3720 2500 3774 καὶ
2533 3718 2687 3794 λιμῷ
2714 3724 3214 3797 καταδικασθέντες,
3244 3728 3336 3783 τὸν
3388 3733 3487 3783 τοῦ
3521 3716 3823 3806 μαρτυρίου

2164 3802 2370 3880 δρόμον
2403 3807 2673 3867 ἐτέλεσαν.

2235 3895 2338 3953 Καὶ
2398 3893 2632 3967 ἄθλησις
2684 3904 2794 3954 τῶν
2851 3900 3018 3977 ἁγίων
3079 3904 3498 3979 ἱερομαρτύρων
3543 3906 3824 3964 Ἀπολλι-

2160 3984 2373 4059 ναρίου,
2432 3986 2523 4041 καὶ
2585 3986 2841 4045 Βιταλίου
2923 3990 3226 4046 ἐπισκόπου
3331 3987 3644 4063 Ῥαϐέννης,
3726 3996 3815 4050 καὶ

2158 4071 2577 4145 Ἀπολλωνίου,
2661 4077 2750 4131 καὶ
2842 4078 3118 4154 μάρτυρος
3195 4078 3472 4157 Εὖγενίου,
3544 4083 3635 4139 καὶ
3716 4091 3819 4155 τῆς

2162 4163 2455 4234 Σωσάννης
2482 4167 2581 4230 τῆς
2612 4164 2665 4220 ἐν
2695 4171 2775 4240 τῷ
2794 4168 3065 4245 Λευκάτη.

2708 4276 2895 4336 MHNI
2932 4279 3023 4334 ΤΩ
3062 4282 3263 4338 ΛΥΤΩ.

2375 4451 2647 4526 ’Άθλησις
2669 4462 2773 4528 τῆς
2804 4369 3270 4537 ἀγίαῗιῒάρτυρος
3297 4462 3610 4539 Χριστίνης.

2231 4587 2423 4645 Ἥτοῦ
2474 4591 2713 4662 Χριστοῦ
2774 4595 2983 4670 μάρτυς
3063 4596 3324 4669 Χριστίνα
3412 4599 3632 4676 ὑπῆρχε
3719 4604 3819 4675 μὲν

394 4680 546 4730 trem
569 4680 766 4729 autem
799 4675 1029 4729 militias
1060 4674 1406 4746 praefectum
1426 4678 1618 4738 nacta,
1654 4673 1715 4727 in
1756 4674 2052 4730 excelsam

2171 4676 2218 4732 ἐκ
2286 4685 2388 4748 τῆς
2447 4678 2664 4745 πόλεως
2739 4684 2943 4757 Τύρου·
3032 4684 3416 4760 στρατηλάτην
3483 4686 3540 4743 δὲ
3613 4692 3823 4762 πατέρα

393 4763 609 4818 turrim
639 4763 711 4819 ab
745 4764 848 4819 illo
879 4765 1189 4836 deportata
1219 4762 1431 4829 fuit,ue
1463 4778 1497 4818 a
1517 4762 1803 4835 quopiam
1820 4763 2052 4820 videre—

389 4859 509 4915 tur.
525 4870 661 4909 cum
693 4854 755 4910 in
788 4855 1061 4911 eamdem
1097 4854 1306 4909 turrim
1338 4854 1611 4925 proprios
1633 4854 2050 4911 deosadvexis-

389 4950 499 5000 set.
534 4945 708 5018 eique
730 4947 1135 5018 praecepisset,
1161 4951 1227 5000 ut
1256 4945 1378 5000 illis
1410 4944 1792 5007 sacrificaret.
1826 4963 2048 5019 eosque

390 5034 689 5091 adoraret.
730 5038 803 5091 At
851 5036 957 5091 illa
986 5034 1397 5091 inﬁrmitatem
1441 5051 1646 5090 eorum
1679 5035 2044 5108 intelligens,

383 5140 767 5197 nequaquam
813 5124 888 5180 iis
931 5125 1201 5179 animum
1255 5122 1554 5179 advertit:
1606 5122 1709 5178 sed
1740 5123 1870 5179 cceli
1912 5125 2043 5197 pul-

384 5214 792 5272 chritudinem
824 5230 893 5269 ex
924 5213 1190 5270 fenestra
1218 5212 1610 5284 prospiciens,
1634 5212 2041 5286 {actoremque

382 5320 454 5359 ex
486 5304 767 5377 operibus
790 5319 1176 5375 cognoscens,
1199 5301 1361 5357 idola
1382 5301 1660 5356 contrivit
1680 5300 1772 5374 dej
1784 5303 2038 5374 ecitque.

379 5393 765 5467 Deprehensa
794 5393 1065 5466 igitur.et
1094 5409 1164 5446 ex
1196 5391 1343 5445 turri
1377 5388 2040 5461 deposita,cruciatibus

378 5484 656 5539 omnibus
679 5500 713 5538 a
739 5483 979 5555 proprio
1006 5487 1172 5555 patre
1208 5479 1477 5551 subjecta
1538 5478 1664 5534 fuit.
1704 5480 1930 5536 Deinde
1976 5483 2037 5537 in

377 5573 711 5630 custodiam
743 5571 1006 5641 detrusa,
1039 5571 1239 5629 cibum
1272 5568 1345 5625 ab
1387 5568 1597 5643 angelo
1647 5571 1942 5643 sumpsit:
1976 5572 2037 5629 in

377 5677 540 5718 mare
572 5669 773 5720 autem
806 5664 1095 5737 projecta,
1131 5677 1347 5734 aquam
1397 5677 1504 5732 pro
1536 5660 1895 5733 baptismate
1929 5662 2032 5717 ha-

376 5746 525 5803 buit.
559 5751 770 5807 Postea
802 5768 871 5808 ex
892 5753 1043 5808 mari
1077 5766 1334 5823 egressa,
1370 5750 1709 5821 iterumque
1740 5750 1802 5806 in
1833 5767 2033 5808 carce-

2161 4761 2390 4840 ἔχουσα,
2440 4765 2519 4832 εἷς
2574 4769 2778 4845 πύργον
2846 4770 3057 4845 ὑψηλὸν
3118 4776 3374 4849 κατήχθη
3429 4778 3555 4848 παρ’
3612 4761 3821 4836 ἐκείνου

2160 4856 2300 4930 πρὸς
2357 4858 2418 4911 τὸ
2498 4860 2575 4929 μὴ
2630 4860 2887 4928 θεαθῆναι
2952 4861 3055 4916 ὑπό
3134 4884 3307 4932 τινος,
3387 4859 3821 4934 ἀναϐιϐάσαντος

2161 4944 2237 5008 εἷς
2268 4947 2358 4999 τὸν
2389 4945 2596 5021 πύργον
2631 4948 2721 5002 καὶ
2780 4947 2908 5011 τοὺς
2963 4951 3156 5005 ἐαυτοῦ
3216 4950 3393 5023 θεοὺς,
3432 4954 3522 5007 καὶ
3574 4958 3823 5028 προστά.

2156 5033 2346 5103 ξαντος
2395 5033 2532 5108 αὐτῇ
2602 5037 2746 5100 θύειν
2830 5037 2921 5093 καὶ
3006 5045 3331 5112 προσκυνεῖν
3388 5041 3593 5107 αὐτοῖς.
3655 5042 3824 5105 Ἀλλ’

2155 5121 2334 5194 ἐκείνη
2367 5125 2749 5195 κατανοήσασα
2803 5128 2904 5197 τὴν
2962 5127 3234 5183 ἀσθένειαν
3296 5129 3494 5198 αὐτῶν,
3554 5130 3820 5208 οὐδαμῶς

2152 5216 2451 5287 προσεῖχεν
2482 5213 2690 5278 αὐτοῖς.
2725 5218 2840 5273 Τοῦ
2869 5215 2926 5272 δέ
2980 5218 3217 5293 ούρανοῦ
3245 5220 3309 5274 τὸ
3339 5218 3546 5285 κάλλος
3578 5219 3667 5279 διὰ
3720 5238 3818 5291 ου-

2153 5298 2305 5377 ρίδος
2339 5301 2638 5377 βλέπουσα,
2668 5304 2759 5359 καὶ
2789 5304 2847 5361 έκ
2897 5310 3005 5361 τῶν
3037 5310 3365 5381 ποιημάτων
3418 5311 3508 5365 τὸν
3564 5320 3816 5386 Δημιου-

2150 5392 2282 5466 ργὸν
2315 5395 2718 5465 κατανοήσασα,
2767 5395 3053 5470 συνέτριψε
3103 5398 3170 5451 τὰ
3214 5396 3441 5468 εἶ’δωλα,
3475 5402 3565 5455 καὶ
3623 5399 3813 5481 ἔρρεψε

2149 5482 2318 5538 κάτω.
2376 5482 2474 5537 Καὶ
2534 5481 2947 5558 διαγνωσθεῖσα,
2996 5486 3087 5541 καὶ
3145 5492 3241 5543 τοῦ
3313 5489 3528 5566 πύργου
3584 5493 3810 5550 καταϐι-

2149 5563 2426 5637 ϐασθεῖσα,
2514 5583 2714 5636 πάσαις
2794 5574 3096 5650 τιμωρίαις
3181 5563 3598 5651 καθυπεϐλήθη,
3662 5590 3812 5657 παρὰ

2145 5665 2242 5715 τοῦ
2274 5661 2477 5718 οἰκείου
2508 5664 2735 5739 πατρός.
2792 5665 3251 5733 ’Δποκλεισοεῖσα
3307 5668 3365 5726 δὲ
3416 5671 3507 5726 καὶ
3569 5671 3647 5735 εἰς
3706 5695 3811 5750 φυ-

2146 5753 2345 5823 λακὴν,
2378 5750 2631 5833 ἐτρέφετο
2689 5754 2794 5811 ὑπὸ
2848 5757 3115 5835 ἀγγέλων
3171 5760 3261 5816 καὶ
3322 5760 3539 5841 ῥιφεῖσα
3596 5760 3649 5819 ἐν
3708 5773 3805 5826 θα-
