4108 6452
226 484 368 544 557

1777 479 2082 544 JULIUS.

3564 510 3684 568 558

223 615 448 690 lica-ﬁ,
486 613 702 686 ἐδέξατο
754 617 819 670 τὸ
873 613 1018 689 ὕδωρ
1077 614 1154 678 εἷς
1216 614 1516 691 βάπτισμα.
1555 613 1656 670 Καὶ
1684 615 1784 682 τῆς
1817 614 1881 667 θα

2028 633 2154 671 rem
2187 619 2478 691 conjecta,
2513 631 2649 695 post
2675 629 2860 698 patris
2884 631 2974 685 sui
3008 630 3317 689 interitum
3332 635 3409 690 ad
3430 637 3680 696 Dionem

227 707 464 778 λάσσης
524 705 836 777 ἐξελθοῦσα,
899 706 1232 775 ἀπεκλείσθη
1283 703 1448 760 πάλιν
1510 703 1585 763 εἷς
1643 703 1912 781 φυλακήν,

227 799 347 855 Καὶ
420 797 563 869 μετὰ
619 795 881 865 τελευτὴν
933 800 1030 851 τοῦ
1086 796 1293 870 πατρὸς
1335 796 1504 864 αὐτῆς
1553 793 1626 849 εἷς
1681 792 1914 864 ἐξέτασιν

225 891 486 963 ἀχθεῖσα
544 886 704 942 Δίωνι
763 891 843 958 τῷ
900 883 1150 960 ἄρχοντι,
1211 885 1411 962 ἐτύφθη
1474 881 1747 962 σφοδρῶς.
1808 882 1913 938 Καὶ

226 979 806 1054 θαυματουργήσασα,
858 975 1106 1039 πολλοὺς
1166 975 1392 1044 ἐποίησε
1447 980 1725 1030 πιστεῦσαι
1777 981 1911 1048 Χρι-

222 1073 371 1140 στῷ.
408 1067 514 1123 Καὶ
543 1066 672 1130 τοὺς
719 1065 956 1140 μαστοὺς
1014 1065 1326 1134 ἐκκοπεῖσα,
1377 1066 1467 1121 καὶ
1524 1064 1660 1119 κατά
1687 1060 1912 1139 καρδίας

220 1158 523 1235 πληγεῖσα
548 1163 668 1221 τοῖς
698 1156 1028 1234 κονταρίοις,
1056 1157 1374 1228 ἐτελειώθη.

803 1267 982 1324 ΜΗΝΙ
1021 1267 1111 1324 ΤΩ
1149 1267 1354 1324 ΑΥΤΩ.

1034 1361 1134 1416 KE'

342 1455 476 1526 MM
491 1475 565 1528 μη
596 1455 695 1522 τῆς
726 1452 880 1530 ἁγίας
926 1457 1146 1580 Ἃέόνέος)
1160 1458 1262 1521 τῆς
1305 1451 1512 1525 μητρὸς
1539 1457 1638 1520 τῆς
1669 1458 1798 1507 Θεο-

297 1648 508 1712 ¹Ἀννα,
539 1645 575 1713 ἡ
608 1637 878 1716 σεϐασμία
929 1644 1116 1718 μήτηρ
1173 1648 1274 1710 τῆς
1322 1638 1541 1712 ἐνδόξου
1599 1643 1903 1713 Δεσποίνης

218 1737 398 1808 ἡμῶν
456 1732 748 1801 Θεοτόκου,
807 1731 898 1787 καὶ
975 1731 1332 1806 ἀειπαρθένου
1389 1729 1621 1801 Μαρίας,
1679 1732 1745 1800 ἦν
1807 1733 1902 1804 μὲν

219 1825 283 1880 ἐκ
351 1823 537 1902 φυλῆς
595 1823 748 1891 Λευῒ,
807 1823 914 1877 ἀπὸ
974 1820 1232 1892 Βηθλεὲμ
1263 1819 1320 1876 δὲ
1349 1827 1448 1889 τῆς
1481 1817 1773 1890 Ἰουδαίας,
1810 1833 1894 1885 θυ-

216 1915 408 1988 γάτηρ
473 1913 692 1970 Ματθᾶν
747 1914 846 1966 τοῦ
901 1912 1112 1981 ἱερέως·
1173 1907 1320 1970 ὅστις
1377 1909 1598 1965 Ματθᾶν
1654 1909 1899 1985 ὑπῆρχεν

2034 707 2351 775 praesidem
2383 711 2442 764 in
2475 715 2867 783 quastionem
2890 717 3166 787 adducta,
3201 721 3521 780 dirissimis
3553 745 3683 783 ver-

2027 795 2271 853 beribus
2303 817 2456 856 czesa
2485 808 2591 857 est.
2620 806 2924 862 Postremo
2953 825 3090 864 cum
3131 810 3205 865 ob
3236 818 3468 882 patrata
3501 819 3675 873 mira-

2028 886 2158 942 cula
2187 890 2524 961 complures
2579 894 2652 948 ad
2703 896 2881 951 (idem
2939 899 3154 954 Christi
3195 903 3673 973 amplectendam

2025 975 2388 1049 adduxisset,
2451 985 2736 1040 mamillis
2785 987 3086 1058 abscissis,
3144 992 3449 1065 hastisque
3510 1000 3672 1053 cordi

2023 1062 2248 1135 inﬁxis,
2282 1067 2461 1125 vitam
2496 1072 2705 1126 ﬁnivit.

2574 1265 2815 1320 EODEM
2855 1267 3106 1327 MENSE.
3165 1315 3168 1318 .

2518 1362 2621 1416 Die
2652 1363 2934 1421 vicesima
2962 1369 3173 1438 quinta

2124 1454 2573 1514 Commemoratio
2597 1468 2808 1518 sancta:
2843 1465 3020 1521 Anna
3044 1471 3240 1524 matris
3272 1472 3548 1543 Deiparaa.

2014 1637 2186 1690 Anna
2215 1638 2574 1694 venerabilis
2606 1647 2797 1696 mater
2825 1643 3097 1715 gloriosas
3147 1650 3413 1708 Dominaa
3443 1659 3663 1710 nostris

2015 1725 2279 1796 Deiparae
2311 1743 2664 1800 semperque
2701 1732 2952 1804 Virginis
2984 1737 3200 1802 Marias,
3253 1746 3380 1795 erat
3405 1759 3475 1797 ex
3505 1745 3662 1799 tribu

2013 1814 2142 1867 Levi
2166 1815 2237 1869 de
2271 1817 2613 1872 Bethlehem
2627 1821 2860 1886 Judznm,
2881 1822 3004 1878 filia
3029 1827 3287 1882 Matthan
3313 1832 3659 1888 sacerdotis.

2013 1903 2115 1958 Hic
2145 1921 2280 1959 vero
2307 1907 2564 1962 Matthan
2597 1910 2928 1965 sacerdotio
2958 1913 3333 1986 fungebatur,
3367 1929 3656 1992 regnante

217 2002 526 2076 ἱερατεῦων
588 1999 673 2055 ἐπὶ
734 2007 837 2070 τῆς
897 1998 1178 2074 βασιλείας
1232 2005 1333 2066 τῆς
1381 1995 1752 2072 Κλεοπάτρας,
1794 1999 1881 2074 πρὲ

2010 1991 2339 2064 Cleopatra,
2372 2001 2694 2066 antequam
2727 1999 2988 2055 Herodes
3035 2005 3330 2074 Antipatri
3364 1987 3522 2064 ﬁlius
3553 2028 3657 2066 re-

215 2101 327 2162 τῆς
363 2090 648 2166 βασιλείας
705 2086 958 2165 Ἡρώδου
1016 2090 1136 2143 υἱοῦ
1196 2087 1575 2164 Ἀντιπάτρου.
1634 2088 1808 2163 Ἔσχε
1839 2087 1896 2143 δὲ

216 2183 531 2257 θυγατὲρας
629 2185 800 2255 τρεῖς,
879 2179 1114 2252 Μαρίαν,
1219 2173 1422 2248 Σόόην,
1507 2178 1597 2233 καὶ
1670 2181 1890 2236 ’¹Ανναν.

218 2272 453 2345 νεγημ,
485 2268 543 2324 δὶ
573 2270 608 2337 ἡ
668 2268 862 2342 πρώτη
927 2267 1164 2343 θυγάτηρ
1224 2265 1276 2320 ἐν
1319 2265 1596 2339 Βηθλεὲμ,
1627 2266 1715 2320 καὶ
1748 2264 1894 2322 ἔτεκε

221 2358 516 2430 Σαλώμην
572 2357 673 2427 την
729 2355 965 2429 Μαρίαν.
1019 2356 1084 2411 Ἡ
1142 2353 1200 2410 δὲ
1258 2352 1479 2429 δευτέρα
1529 2355 1619 2410 καὶ
1667 2355 1803 2424 αότή
1838 2355 1888 2411 ἐν

216 2446 509 2520 Βηθλεὲμ,
571 2446 660 2502 καὶ
721 2441 895 2501 ἔτεκεν
975 2442 1260 2500 Ἐλισάὅετ
1334 2446 1432 2513 τὴν
1514 2444 1724 2521 μητέρα
1795 2450 1890 2501 τοῦ

218 2534 587 2612 Προδρὸμου.
656 2537 718 2592 Ἦ
781 2533 840 2590 δὲ
891 2535 1061 2592 Ἀννα
1117 2533 1193 2596 εἷς
1250 2536 1352 2602 τῆν
1411 2537 1514 2610 γῆν
1574 2541 1675 2603 τῆς
1724 2541 1891 2590 Γαλι-

216 2624 412 2694 λαίας,
472 2625 563 2681 καὶ
621 2623 798 2680 ἔτεκεν
858 2622 1066 2699 Μαρίαν
1118 2625 1216 2693 τήν
1259 2622 1542 2680 Θεοτόκον.
1602 2628 1688 2686 Ὠς
1749 2626 1886 2678 εἶναι

212 2718 320 2784 τήν
358 2715 666 2788 Σαλώμην,
717 2713 808 2770 καὶ
860 2714 958 2783 τήν
1018 2709 1327 2780 Ἐλίσάϐετ,
1376 2712 1465 2766 καὶ
1494 2713 1594 2781 τήν
1628 2714 1888 2768 Θεοτόκον

216 2804 518 2880 θυγατέρας
575 2801 826 2882 ἀδελφῶν
886 2807 1051 2875 τριῶν
1107 2801 1370 2872 θηλειῶν.
1403 2803 1466 2858 Ἣ
1501 2800 1558 2856 δὲ
1588 2802 1778 2869 Ἀννα,
1810 2803 1886 2865 ὡς

217 2895 804 2972 εἴπομεν,γεννησασα
860 2895 923 2949 τὸ
983 2893 1118 2971 μέγα
1171 2889 1396 2970 ὄφελος,
1455 2894 1556 2962 τὴν
1609 2892 1882 2964 σωτηρίαν

220 2991 335 3038 τοῦ
359 2985 593 3054 κὺσμου,
642 2986 736 3054 τὴν
783 2986 1080 3060 ἄχραντον,
1136 2983 1226 3039 καὶ
1283 2983 1656 3058 ὑπεράμωμον
1689 2986 1878 3041 Θεοτό-

234 3093 367 3140 κον,
421 3071 509 3125 καὶ
560 3073 949 3149 ἀναθρεψαμένη
1009 3073 1100 3129 καὶ
1158 3074 1510 3147 ἀπαγάγοῦσα
1566 3073 1618 3128 ἐν
1663 3073 1743 3147 τῷ
1772 3081 1884 3149 ναῷ

236 3161 465 3234 Κυρίου,
522 3162 602 3216 καί
655 3163 910 3219 ἀναθεῖσα
969 3162 1136 3233 αὐτὴν
1187 3167 1266 3236 τῷ
1325 3167 1464 3235 Θεῷ,
1525 3163 1664 3240 πρὸς
1721 3165 1882 3220 αὐτὸν

223 3249 498 3326 χαίρουσα
527 3250 673 3324 ἐξεδη
683 3275 758 3326 μη
769 3275 853 3308 σεν
863 3299 875 3312 .

541 3363 638 3416 Καὶ
673 3365 864 3434 μνήμη
911 3367 1009 3429 τῆς
1049 3360 1198 3423 ὁσίας
1230 3360 1559 3438 Εὗπραξίας.

287 3471 350 3526 Ἦ
412 3469 534 3524 ὁσία
610 3468 885 3543 Εὐπραξία
957 3469 1023 3538 ἦν
1105 3471 1198 3542 μὲν
1259 3468 1347 3523 ἐπὶ
1421 3476 1522 3538 τῆς
1603 3468 1880 3545 βασιλείας

206 3558 527 3630 Θεοδοσίου,
607 3560 669 3614 οῦ
744 3559 832 3615 καὶ
909 3561 1171 3635 συγγενὴς
1248 3559 1560 3634 ἐτύγχανεν·
1640 3561 1877 3635 θυγάτηρ

207 3650 266 3707 δὲ
309 3653 626 3725 Ἀντιγόνου
683 3655 780 3705 τοῦ
842 3648 1230 3726 συγκλητικοῦ.
1289 3649 1366 3707 Οὗ
1423 3648 1874 3720 τελευτήσαντος,

206 3742 344 3810 αὖτή
379 3740 529 3814 παρᾶ
583 3747 683 3810 τῆς
748 3740 956 3814 μητρὸς
1019 3739 1324 3812 Εὐπραξίας
1358 3739 1576 3810 ἀνετέθη
1609 3743 1687 3812 τῷ
1723 3740 1873 3814 βασι-

204 3830 294 3886 λεῖ
327 3832 401 3892 ὡς
434 3835 702 3905 συγγενεῖ,
762 3828 851 3885 καὶ
913 3828 1193 3902 ἐπιτρόπῳ
1251 3828 1442 3899 αὐτῆς,
1496 3828 1872 3905 φροντίζεσθαι

205 3923 296 3976 ὑπ’
375 3920 564 3976 αὐτοῦ.
645 3918 749 3974 Καὶ
850 3922 1242 3990 μνηπευθεῖσα
1317 3915 1667 3993 συγκλητικῷ
1739 3940 1867 3986 τινι,

207 4010 430 4081 ἐπείπερ
488 4009 691 4072 ἐκεῖνος
746 4008 852 4080 πρὸ
908 4014 1006 4077 τῆς
1067 4007 1348 4085 συναφείας
1404 4006 1772 4078 ἐτελεύτησεν,
1803 4009 1870 4064 τὰ

208 4101 529 4174 ὑπάρχοντα
583 4097 720 4166 αὐτή
783 4095 948 4151 δοῦσα
999 4102 1272 4171 πτωχοῖς,
1335 4097 1472 4168 μετὰ
1527 4103 1626 4166 τῆς
1661 4099 1868 4173 μητρὸς

205 4189 374 4257 αὐτῆς
402 4181 675 4242 κατέλαϐε
730 4187 829 4254 τὴν
886 4184 937 4239 ἐν
998 4185 1263 4259 Αἰγύπτῳ
1308 4182 1471 4238 πόλιν
1519 4179 1733 4255 Θηϐῶν.
1770 4185 1866 4240 Καὶ

206 4275 529 4332 εἰσελθοῦσα
562 4275 638 4337 εἷς
665 4274 729 4329 τὸ
765 4276 1149 4348 μοναστήριον,
1183 4273 1234 4328 ἐν
1295 4274 1340 4346 ᾧ
1393 4275 1642 4349 ὑπῆρχον
1677 4275 1866 4330 ἑκατὸν

208 4367 562 4438 μονάζουσαι,
623 4364 960 4438 ἀπεκείρατο.
1021 4363 1128 4419 Καὶ
1185 4362 1321 4431 αὐτὴ
1385 4365 1480 4435 μὶν
1523 4362 1869 4440 προσήδρευ-

207 4477 288 4510 σεν
339 4459 422 4527 τῷ
486 4452 838 4527 μοναστηρίῳ
894 4453 993 4521 τὴν
1054 4451 1335 4527 ἷσάγγελον
1373 4452 1565 4526 βιοῦσα
1597 4455 1764 4522 ζωήν.
1806 4454 1866 4508 Ἡ

204 4543 258 4599 δὲ
293 4547 483 4617 μήτηρ
523 4543 693 4612 αὐτῆς
747 4544 1107 4617 περιελθοῦσα
1157 4542 1226 4596 τὰ
1279 4542 1397 4595 κατ’
1427 4540 1699 4610 ἀνατολὴν
1732 4543 1866 4611 κτή-

204 4655 344 4705 ματα
381 4631 575 4702 αὐτῆς,
607 4632 696 4686 καὶ
755 4631 823 4686 τὰ
859 4635 954 4704 μὲν
1014 4629 1343 4700 πωλήσασα,
1373 4629 1462 4684 καὶ
1519 4626 1683 4685 δοῦσα
1711 4652 1862 4686 πτω-

200 4729 350 4799 χοῖς,
407 4723 475 4776 τὰ
531 4719 588 4776 δὲ
638 4720 956 4790 ἐκκλησίαις
1007 4720 1282 4790 ἀναθεῖσα,
1344 4719 1668 4794 ὑπέστρεψεν
1701 4721 1777 4784 εἷς
1802 4723 1864 4776 τὸ
1898 4734 1944 4798 D

208 4813 600 4886 μοναστήριον,
658 4809 749 4865 καὶ
812 4809 994 4886 ὀλίγον
1056 4803 1393 4864 ἐπιϐιώσασα
1435 4808 1730 4882 ἐκοιμήθη.
1766 4810 1863 4864 Καὶ

209 4902 341 4975 μετᾶ
395 4905 566 4955 ταῦτα
620 4903 654 4970 ἠ
716 4899 988 4975 Εὐπραξία
1052 4898 1299 4973 μεγάλης
1359 4898 1556 4974 ἀρετῆς
1610 4898 1862 4970 ἐλθοῦσα,

204 4991 288 5045 καὶ
323 4989 576 5062 θαύματα
605 4991 900 5059 ποιήσασα,
923 4986 1261 5043 ἀνεπαύσατο
1289 4988 1340 5043 ἐν
1374 4987 1576 5063 Κυρίῳ.

457 5099 554 5152 Καὶ
603 5098 797 5170 μνήμη
856 5102 956 5166 τῆς
1017 5096 1167 5157 ὁσίας
1216 5093 1612 5169 Ὀλυμπιάδος.

269 5210 334 5265 Ἥ
399 5206 528 5264 ὁσία
584 5207 896 5280 Ὀλυμπιὰς
959 5208 1204 5283 ὑπῆρχεν
1267 5206 1353 5262 ἐπὶ
1420 5210 1522 5272 τῆς
1585 5205 1867 5283 βασιλείας

202 5295 504 5370 Ἀρκαδίου
561 5296 651 5351 καὶ
711 5295 1002 5370 Ὀνωρίου,
1062 5299 1168 5348 τῶν
1231 5295 1363 5350 υἱῶν
1427 5293 1720 5351 Θεοδοσίου
1773 5299 1868 5350 τοῦ

203 5359 490 5461 Μεγάλου.
563 5387 804 5460 θυγάτηρ
860 5359 997 5458 ’μὶνί
1059 5382 1356 5441 Ἀκούνδου
1421 5389 1517 5440 τοῦ
1600 5385 1866 5459 κόμητος,

197 5477 398 5554 ἐγγόνη
461 5475 522 5530 δὲ
579 5469 884 5532 Ἀϐλαὸίου
939 5479 1037 5530 τοῦ
1095 5472 1361 5551 ἐπάρχου·
1395 5473 1582 5554 νύμφη
1616 5473 1673 5530 δὲ
1706 5474 1870 5548 μόνον

195 5566 612 5642 γρηματίσασα,
669 5565 801 5639 γ’)νή
865 5562 923 5618 δὲ
975 5562 1218 5626 οὐδενός.
1277 5568 1385 5620 Τοῦ
1440 5564 1542 5638 γὰρ
1602 5560 1868 5626 λαϐόντος

197 5634 373 5725 αὑτὴν
438 5656 578 5732 πρὸς
645 5654 840 5730 Κὺριον
919 5651 1350 5726 ἐκδημήσαντος,
1437 5655 1700 5730 παρθένος
1760 5656 1874 5727 ἅμα

194 5747 281 5802 καὶ
351 5748 506 5822 χήρα
567 5741 821 5817 διέμεινε.
877 5742 1236 5798 Διατελὲσασα
1311 5741 1368 5796 δὲ
1425 5743 1598 5798 πάντα
1625 5744 1716 5798 τὸν
1753 5745 1873 5819 βίον

194 5836 370 5908 αὐτῆς
434 5834 488 5893 ὄν
553 5833 827 5906 νηστείαις
885 5834 972 5890 καὶ
1030 5838 1393 5910 προσευχαῖς,
1451 5833 1542 5890 καὶ
1596 5838 1715 5898 ταῖς
1766 5837 1872 5891 τῶν

2003 2089 2215 2151 gnaret
2247 2102 2259 2139 :
2294 2084 2500 2140 habuit
2530 2093 2728 2142 autem
2763 2095 2880 2144 tres
2931 2091 3108 2160 ﬁlias,
3165 2096 3426 2161 Mariam,
3456 2100 3652 2156 Soben

2004 2178 2062 2226 et
2091 2175 2344 2232 Annam.
2371 2176 2578 2247 Nupsit
2599 2185 2794 2233 autem
2813 2181 3007 2251 prima
3038 2183 3162 2239 ﬁlia
3193 2185 3252 2239 in
3281 2187 3651 2261 Bethlehem,

2000 2265 2322 2335 genuitque
2355 2265 2649 2331 Salomen,
2685 2285 2814 2340 quas
2848 2275 2906 2324 et
2933 2272 3131 2329 Maria.
3181 2275 3383 2331 Altera
3414 2293 3649 2350 quoque

2001 2356 2206 2427 nupsit
2254 2355 2314 2411 in
2347 2356 2712 2424 Bethlehem,
2749 2366 2809 2415 et
2832 2364 3038 2434 genuit
3067 2364 3366 2422 Elisabeth
3401 2375 3654 2426 matrem

2002 2444 2411 2503 Prcecursoris.
2455 2450 2626 2503 Anna
2673 2467 2806 2504 vero
2841 2453 3045 2522 nupsit
3074 2454 3133 2508 in
3184 2459 3342 2510 terra
3374 2459 3653 2527 Galilaeaa,

2003 2538 2062 2587 et
2088 2535 2294 2605 genuit
2315 2536 2556 2590 Mariam
2581 2538 2896 2608 Deiparam
2923 2557 2935 2594 :
2970 2541 3053 2596 ita
3078 2547 3144 2596 ut
3183 2543 3435 2614 Salome,
3463 2547 3623 2603 Elisa
3641 2579 3654 2589 -

1998 2621 2137 2676 beth
2177 2639 2242 2677 ac
2275 2623 2529 2694 Deipara
2585 2626 2732 2681 180
2767 2628 2887 2682 sint
2945 2630 3124 2684 trium
3158 2650 3430 2688 sororum
3490 2637 3651 2692 filias.

1997 2713 2200 2782 Itaque
2234 2715 2405 2768 Anna
2435 2731 2568 2768 cum
2596 2717 2992 2786 genuisset,ut
3026 2721 3252 2790 prmfati
3291 2741 3651 2787 sumus,ma-

1995 2817 2170 2872 gnam
2197 2802 2536 2862 utilitatem,
2555 2806 2882 2876 mundique
2917 2809 3280 2878 salutem,im
3292 2815 3646 2870 maculatam

1995 2891 2308 2961 omnisque
2332 2891 2483 2946 labis
2513 2900 2813 2963 expertem
2847 2898 3181 2968 Deiparam,
3215 2918 3465 2973 eamque
3513 2905 3650 2961 edu-

1995 2985 2206 3045 casset,
2228 2985 2405 3050 atque
2437 2982 2497 3035 in
2531 2983 2819 3053 templum
2853 2986 3089 3041 Domini
3120 2990 3645 3059 adduxisset,Deo-

1994 3086 2107 3140 que
2137 3071 2469 3141 obtulisset,
2504 3072 2577 3126 ad
2609 3073 2805 3144 ipsum
2837 3075 3104 3146 gaudens
3133 3079 3425 3151 migravit.

2239 3347 2304 3400 Et
2348 3349 2790 3401 commemoratio
2819 3355 3018 3404 sancte:
3062 3353 3384 3421 Eupraxiae.

2065 3453 2278 3507 Sancta
2307 3452 2620 3521 Eupraxia,
2652 3453 2981 3525 imperante
3021 3458 3371 3525 Theodosio,
3405 3463 3638 3534 claruit,

1991 3543 2162 3613 cujus
2196 3546 2254 3595 et
2284 3540 2480 3596 affinis
2511 3540 2773 3608 fuit,filia
2792 3549 2989 3599 autem
3012 3548 3289 3620 Antigoni
3313 3556 3636 3610 senatoris:

1989 3648 2104 3703 quo
2138 3630 2436 3692 defuncto,
2463 3630 2590 3701 ipsa
2621 3648 2654 3685 a
2679 3637 2866 3686 matre
2898 3635 3191 3704 Eupraxia
3210 3638 3282 3692 ad
3320 3641 3636 3712 imperato-

1985 3737 2111 3775 rem
2143 3719 2396 3775 adducta
2428 3725 2711 3790 tanquam
2762 3721 3002 3778 afﬁnem
3064 3731 3122 3779 et
3188 3738 3634 3798 procuratorem

1986 3809 2297 3875 suum,sub
2332 3809 2462 3880 ejus
2485 3809 2670 3864 tutela
2699 3809 3139 3868 vixit.Senatori
3174 3823 3373 3872 autem
3396 3822 3631 3880 cuidam

1985 3899 2300 3970 desponsa,
2326 3915 2461 3953 cum
2491 3900 2946 3971 hic,antequam
2971 3904 3024 3956 ei
3055 3906 3638 3976 copularetur,obiis-

1984 3995 2090 4054 set,
2127 3988 2440 4044 facultates
2495 4005 2632 4044 suas
2673 3992 3037 4062 pauperibus
3093 3995 3480 4066 distribuens,
3517 4020 3636 4060 una

1981 4095 2115 4134 cum
2146 4084 2336 4132 matre
2369 4079 2429 4132 in
2456 4078 2664 4132 urbem
2695 4080 2923 4152 Egypti
2951 4081 3177 4139 Thebas
3208 4090 3540 4145 concessit:
3577 4097 3636 4147 et

1980 4169 2410 4222 monasterium
2460 4168 2750 4240 ingressa,
2783 4170 2845 4224 in
2876 4187 2992 4240 quo
3025 4180 3264 4230 centum
3308 4180 3634 4236 sanctimo-

1979 4257 2167 4312 niales
2198 4256 2514 4329 degebant,
2574 4258 2752 4311 vitam
2811 4261 3037 4331 angelis
3095 4265 3388 4334 aequalem
3440 4268 3627 4327 duxit.

1978 4347 2160 4401 Mater
2187 4362 2321 4400 vero
2352 4361 2487 4399 cum
2515 4360 2652 4399 suas
2679 4347 3109 4417 possessiones,
3143 4367 3274 4420 qua)
3305 4353 3367 4406 in
3390 4355 3629 4412 Oriente

1977 4439 2167 4496 erant,
2193 4432 2552 4487 circumiens
2578 4432 2962 4499 vendidisset,
2992 4453 3212 4508 easque
3245 4443 3459 4510 partim
3484 4461 3630 4515 pau-

1978 4523 2219 4593 peribus
2251 4522 2533 4588 dedisset,
2567 4523 2782 4593 partim
2839 4525 3108 4580 ecclesiis
3167 4529 3498 4600 obtulisset,
3551 4534 3627 4590 ad

1976 4612 2406 4667 monasterium
2439 4613 2912 4684 regressa,paulo
2944 4620 3078 4686 post
3109 4616 3631 4679 obdormivit.Post

1977 4703 2102 4756 haec
2133 4700 2428 4772 Eupraxia
2458 4717 2592 4756 cum
2625 4702 2699 4756 ad
2730 4702 2967 4758 culmen
2999 4705 3235 4762 virtutis
3269 4709 3624 4782 devenisset,

1979 4798 2037 4847 et
2062 4789 2352 4846 miracula
2382 4795 2697 4860 patrasset,
2731 4793 3023 4863 requievit
3053 4795 3112 4850 in
3145 4797 3417 4854 Domino.

2189 5096 2256 5150 Et
2290 5099 2736 5152 commemoratio
2787 5107 2992 5156 sanctae
3044 5102 3408 5174 Olympiadis.

2050 5205 2263 5259 Sancta
2293 5201 2616 5274 Olympias,
2650 5203 3085 5276 imperantibus
3137 5211 3384 5267 Arcadio
3435 5217 3492 5267 et
3522 5214 3628 5268 Ho-

1979 5295 2149 5350 norio
2185 5292 2325 5346 ﬁliis
2357 5291 2672 5351 Theodosii
2701 5295 2916 5368 Magni,
2950 5297 3075 5354 ﬁlia
3101 5298 3214 5354 fuit
3251 5301 3479 5355 Acundi
3529 5319 3631 5356 co-

1981 5383 2166 5452 rnitis,
2203 5381 2400 5452 neptis
2427 5387 2626 5436 autem
2662 5382 2896 5439 Ablabii
2929 5386 3214 5456 prtefecti,
3250 5406 3469 5460 sponsa
3501 5396 3630 5445 tan-

1983 5478 2108 5527 tum
2139 5469 2460 5542 appellata,
2494 5469 2722 5526 nullius
2754 5477 2952 5528 tamen
2985 5491 3168 5530 uxor:
3203 5477 3305 5546 qui
3329 5477 3487 5532 enim
3503 5494 3635 5533 eam

1982 5562 2252 5626 duxerat,
2287 5576 2424 5614 cum
2465 5558 2540 5614 ad
2588 5561 2905 5618 Dominum
2939 5564 3270 5635 migrasset,
3307 5566 3436 5636 ipsa
3474 5567 3634 5639 virgo

1984 5649 2164 5705 simul
2186 5653 2245 5703 et
2271 5648 2447 5703 vidua
2479 5652 2783 5707 remansit.
2821 5654 3077 5708 Cunctos
3117 5658 3316 5708 autem
3348 5656 3478 5710 vitas
3512 5656 3638 5712 dies

1985 5743 2046 5796 in
2073 5739 2348 5812 jejuniis,
2373 5739 2746 5796 orationibus
2797 5747 2857 5795 et
2886 5758 3119 5798 summa
3148 5743 3208 5796 in
3240 5760 3535 5816 pauperes
3566 5746 3644 5801 li-

1992 5828 2308 5888 beralitate
2344 5829 2728 5902 transigebat.
2764 5831 2919 5896 Quas
2942 5846 3078 5886 vero
3103 5833 3451 5904 possidebat
3470 5835 3650 5892 facul-
