4108 6426
424 436 545 495 559

1728 413 2155 477 MENOLOGII
2201 411 2399 474 PARS
2439 412 2546 474 lIl.

3725 413 3846 471 560

425 575 581 624 tates
640 580 846 623 omnes
913 560 974 616 in
1016 556 1372 613 famulatum
1430 554 1785 627 pontiﬁcum
1859 547 2073 604 Christi

2199 540 2459 617 δεομένων
2516 542 2808 616 εὖποιΐαις,
2864 544 2955 599 καὶ
3008 546 3206 611 πᾶσαν,
3236 542 3302 613 ἥν
3357 542 3495 617 εἶχε,
3530 541 3843 613 περιουσίαν

426 655 833 720 exhauriens,
909 650 1150 706 beatum
1225 647 1515 701 Joannem
1586 644 2075 714 Chrysostomum

428 749 685 804 maxime
734 739 1089 807 honorabat,
1139 738 1331 794 eidem
1380 737 1442 791 in
1473 735 1596 791 suis
1624 730 2077 789 infirmitatibus

424 836 786 893 deserviens.
822 834 1145 902 Postquam
1175 834 1375 883 autem
1419 826 1521 881 ille
1580 825 1872 896 injustum
1919 819 2073 876 exsi-

422 929 571 983 lium
594 926 741 981 181
779 923 852 979 ab
878 920 1144 977 Eudoxia
1175 917 1555 991 imperatrice
1580 931 1791 988 passus
1841 912 2075 977 fuisset,

425 1016 664 1071 tandem
698 1018 756 1069 et
786 1013 915 1084 ipsa
945 1009 1341 1067 confessionis
1374 1021 1595 1063 corona
1646 1008 1931 1059 exornata
1966 1004 2074 1056 est.

422 1109 566 1162 Nam
610 1122 718 1177 pro
775 1103 1022 1158 veritate
1072 1099 1354 1173 relegata,
1406 1095 1626 1152 multas
1660 1091 2077 1148 tribulationes

424 1194 726 1250 sustinuit.
757 1191 869 1247 Sed
900 1207 1089 1262 usque
1120 1189 1183 1244 in
1216 1188 1398 1243 ﬁnem
1458 1187 1574 1241 Deo
1618 1183 1838 1257 gratias
1897 1197 2079 1254 agens

424 1285 702 1357 spiritum
740 1282 1006 1340 tradidit.

424 1511 487 1565 Et
519 1507 966 1565 commemoratio
994 1510 1307 1560 sanctorum
1340 1504 1410 1555 65
1460 1502 1689 1554 Patrum
1738 1501 2072 1564 nostrorum,

638 1582 738 1651 qui
776 1581 835 1632 in
868 1580 1065 1649 quinta
1106 1574 1319 1648 synodo
1359 1569 1686 1643 congregati
1713 1575 1861 1625 sunt.

497 1727 669 1780 Anno
701 1722 955 1793 septimo
975 1719 1297 1776 Iustiniani
1331 1714 1733 1788 imperatoris,
1760 1713 2080 1769 Anthimus

424 1812 744 1869 haereticus
775 1810 967 1866 factus
990 1813 1081 1865 est
1111 1802 1806 1874 Constantinopolitanus
1829 1802 2080 1873 patriar-

2179 635 2459 691 κενώσασα
2490 635 2567 698 εἰς
2600 635 2886 711 θεραπείαν
2936 639 3045 691 τῶν
3085 638 3182 690 τοῦ
3239 636 3482 707 Χριστοῦ
3515 633 3845 710 ἀρχιερέων,

2182 724 2269 780 καὶ
2324 726 2416 781 τὸν
2469 727 2732 800 μακάριον
2794 726 3050 795 Ἰωάννην
3118 724 3210 778 τὸν
3269 723 3659 799 Χρυσόστομον
3730 721 3848 779 δια-

2182 816 2455 892 φερόντως
2512 816 2812 890 τιμήσασα,
2870 815 2960 870 καὶ
3038 812 3091 870 έν
3151 820 3270 876 ταῖς
3328 813 3628 878 ἀσθενείαις
3688 826 3850 890 θερα-

2182 904 2443 975 πεύσασα,
2504 901 2799 979 ἐπειδήπερ
2885 903 3089 968 ἐκεῖνος
3165 900 3351 958 ἄδικον
3442 902 3649 980 έξορίαν
3704 904 3852 978 παρὰ

2180 999 2281 1063 τῆς
2318 994 2640 1069 βασιλίσσης
2680 990 2945 1065 Εύδοξίας
3006 993 3232 1064 ὑπέστη,
3292 992 3381 1048 ἰπὶ
3410 992 3557 1049 τέλει
3590 993 3681 1048 καὶ
3713 993 3850 1062 αύτὴ

2181 1087 2261 1155 τῷ
2317 1090 2417 1152 τῆς
2474 1083 2780 1158 ὁμολογίας
2854 1084 3243 1155 κατεκοσμήθη
3304 1081 3572 1156 στεφάνῳ.
3635 1083 3853 1158 Ἐξορι-

2184 1179 2368 1239 σθεῖσα
2395 1174 2496 1251 γὰρ
2551 1174 2683 1249 ὑπὲρ
2731 1176 2834 1244 τῆς
2892 1172 3178 1245 ἀληθείας,
3226 1170 3475 1235 πολλοὺς
3515 1175 3855 1249 πειρασμοὺς

2189 1262 2494 1337 ὑπέμεινεν.
2554 1262 2730 1321 Ἀλλὰ
2825 1263 2993 1339 μέχρι
3059 1262 3253 1326 τέλους
3311 1263 3709 1339 εὐχαριστοῦσα
3776 1267 3855 1336 τῷ

2184 1357 2302 1425 Θεῷ
2332 1354 2395 1409 τὸ
2426 1357 2637 1428 πνεῦμα
2667 1354 2953 1429 παρέθετο.

2185 1504 2288 1561 Καὶ
2323 1506 2516 1579 μνήμη
2565 1510 2676 1561 τῶν
2724 1502 2891 1580 ἁγίων
2943 1501 2997 1576 Ei
3033 1504 3324 1580 Euripum
3366 1508 3475 1560 τῶν
3507 1503 3558 1560 ἐν
3588 1509 3657 1580 τῇ
3690 1506 3728 1561 ε’
3766 1527 3856 1561 συ-

2732 1574 2877 1650 νόδῳ
2908 1574 3296 1634 συνελθόντων.

2259 1698 2349 1767 Τῷ
2392 1688 2615 1767 ἑϐδόμῳ
2675 1687 2781 1749 ἔτει
2836 1700 2939 1763 τῆς
2998 1695 3387 1752 Ἰουστινιανοῦ
3449 1692 3767 1770 βασιλείας,
3798 1697 3865 1765 ἦν

2182 1781 2536 1859 πατριάρχης
2595 1781 3230 1846 Κωνσταντινουπόλεως
3289 1784 3559 1856 Ἀνθιμος
3620 1785 3648 1839 ὁ
3706 1785 3861 1861 αἳρε-

427 1905 559 1969 cha,
593 1902 695 1973 qui
728 1900 873 1955 olim
899 1896 1278 1969 Trapezuntis
1314 1871 1629 1966 episcopus
1661 1871 1917 1953 eratsed
1939 1891 2078 1946 inde

2199 1872 2361 1942 τικὸς,
2414 1873 2652 1949 γεγονὼς
2706 1873 2801 1945 μὲν
2849 1874 3263 1948 Τραπεζοῦντος
3321 1871 3643 1944 ἐπίσκοπος,
3690 1895 3859 1945 μετα-

430 1992 779 2055 translatus,
835 1987 911 2043 ad
967 2002 1244 2059 magnam
1301 1984 1480 2055 regiae
1528 1983 1696 2038 urbis
1736 1981 2077 2037 cathedram

430 2079 719 2137 ascendit.
749 2079 894 2133 Cum
924 2093 1060 2132 vero
1083 2076 1401 2131 hmreticus
1433 2077 1609 2139 esset,
1642 2072 1715 2127 ab
1738 2071 2081 2126 orthodoxis

432 2173 659 2243 ejectus
691 2167 941 2234 est,etin
972 2166 1310 2238 ejuslocum
1343 2160 1785 2218 sanctissimum
1804 2161 2082 2217 Ecclesiae

433 2255 1108 2329 Constantinoriolitanaa
1162 2254 1599 2326 presbyterum,
1648 2257 1707 2306 et
1739 2251 2084 2321 Sampsonis

434 2346 818 2405 Xenodochio
848 2345 1199 2418 praefectum
1230 2345 1462 2398 Menam
1502 2344 1798 2413 Agapetus
1854 2356 2083 2412 magnae

435 2442 633 2495 Romae
650 2453 801 2509 papa
817 2435 1219 2491 ordinavit.Eo
1240 2432 1496 2505 praesule
1510 2431 1823 2487 innotuere
1842 2432 2087 2487 Severus

435 2533 493 2584 et
512 2530 743 2590 Petrus,
777 2525 1053 2581 homines
1084 2523 1361 2578 haeresim
1392 2537 1631 2577 omnem
1652 2521 1713 2575 in
1738 2521 1950 2592 seipsis
1972 2522 2083 2576 cir-

434 2616 858 2678 cumferentes,
894 2613 996 2683 qui
1027 2611 1354 2667 Ecclesiam
1385 2609 1599 2664 Christi
1640 2609 2086 2681 perturbarunt,

436 2703 800 2760 orthodoxos
830 2707 1129 2758 vexantes.
1163 2699 1560 2766 Quamobrem
1582 2699 1953 2755 Justinianus
1975 2700 2085 2755 im-

435 2799 676 2865 perator
688 2791 979 2864 synodum
999 2789 1307 2861 sexaginta
1336 2787 1602 2859 quinque
1624 2792 1965 2842 sanctorum
1988 2792 2087 2843 Pa-

437 2889 594 2938 trum
626 2880 1208 2952 Constantinopolim
1231 2878 1823 2948 convocavit,eosque
1844 2893 1982 2932 cum
1994 2894 2087 2933 as-

438 2972 633 3031 seclis.
668 2987 906 3026 necnon
937 2970 1246 3024 universas
1278 2966 2087 3023 haeresesanathematizavit.

436 3061 584 3116 Hinc
614 3060 878 3116 Ecclesia
922 3060 1023 3116 Dei
1059 3059 1412 3114 memoriam
1444 3058 1624 3131 hujus
1684 3057 1893 3130 synodi
1925 3074 2090 3113 reco-

435 3150 591 3217 lens,
624 3150 811 3206 Deum
844 3148 1158 3222 gloriﬁcat.

990 3329 1232 3385 EODEM
1262 3328 1513 3386 MENSE.

936 3418 1042 3476 Die
1096 3419 1380 3476 vicesima
1428 3424 1595 3475 sexta

507 3509 661 3567 182
684 3510 975 3570 Certamen
1000 3511 1341 3595 sacrosancti
1362 3512 1627 3581 martyris
1655 3511 1940 3568 Hermolai
1967 3517 2023 3567 et

1114 3598 1385 3639 δοσιοηιηι
1396 3623 1408 3636 .

508 3706 859 3764 Hermolaus
876 3707 1552 3779 sacromartyr,ejusque
1567 3707 1712 3763 socii
1736 3708 2092 3782 Hermippus

438 3802 498 3853 et
526 3798 961 3861 Hermocrates,
986 3813 1058 3852 ex
1089 3796 1249 3851 clero
1308 3796 1587 3851 Ecclesiae
1620 3798 2092 3853 Nicomediensis

438 3884 795 3957 presbyteri,
815 3884 1033 3954 reliqui
1064 3883 1303 3939 fuerant
1332 3900 1401 3939 ex
1432 3885 1635 3957 viginti
1666 3886 1933 3941 millibus
1953 3903 2090 3942 san-

440 3981 694 4040 ctorum,
728 3990 877 4044 quos
907 3974 968 4028 in
1000 3974 1256 4029 ecclesia
1276 3974 1497 4046 impius
1527 3976 2090 4032 Maximianuscom-

438 4063 653 4118 bussit.
687 4064 754 4117 In
785 4062 1043 4134 quadam
1093 4069 1293 4119 autem
1335 4063 1701 4119 domuncula
1755 4064 2092 4121 absconditi

441 4157 630 4207 erant.
664 4154 985 4224 Postquam
1015 4168 1153 4208 vero
1203 4158 1444 4208 sanctus
1476 4153 1900 4210 Panteleemon
1932 4171 2093 4211 com-

438 4241 793 4316 prehensus,
810 4248 870 4298 et
899 4243 959 4297 in
995 4243 1391 4314 quaastionem
1415 4243 1488 4298 ad
1516 4243 1765 4315 impium
1788 4246 2092 4301 Maximia-

438 4348 582 4387 num
613 4332 907 4389 adductus
962 4332 1196 4399 fuisset,
1254 4333 1601 4404 compulsus
1658 4338 1749 4388 est
1805 4333 2092 4404 indicare,

436 4422 683 4478 ubinam
707 4421 1060 4477 Hermolaus
1076 4421 1290 4476 lateret
1318 4438 1603 4492 :cumque
1633 4422 1877 4477 mentiri
1901 4423 2093 4479 nesci-

435 4516 548 4578 ret,
581 4511 781 4567 locum
805 4510 1117 4566 confessus
1157 4510 1286 4566 fuit.
1320 4511 1486 4582 Capti
1515 4512 1695 4583 igitur
1721 4511 2093 4581 Hermolaus,

436 4600 797 4671 Hermippus
847 4606 906 4654 et
937 4601 1374 4661 Hermocrates.
1429 4601 1753 4673 vinctique,
1814 4608 1873 4657 et
1902 4602 1975 4657 ad
2007 4606 2097 4675 ty-

2187 1961 2359 2023 τεθεὶς
2413 1958 2473 2017 δὲ
2525 1962 2616 2017 καὶ
2675 1962 3086 2036 προχειρισθεὶς
3142 1961 3433 2038 ἀρχιερεὺς
3462 1968 3560 2017 τοῦ
3608 1962 3853 2036 μεγάλου

2191 2051 2387 2126 θρόνου
2439 2057 2540 2120 τῆς
2603 2050 2957 2127 βασιλεύσης.
3018 2049 3179 2107 Ἀλλ’
3247 2053 3519 2128 αἱρετικὸς
3578 2050 3652 2107 ὢν
3714 2054 3852 2108 έκεῖο

2190 2161 2303 2209 νος,
2362 2135 2632 2211 ἐξεϐλήθη
2694 2140 2840 2215 παρὰ
2885 2144 2992 2195 τῶν
3051 2138 3381 2215 ὀρθοδόξων,
3437 2142 3527 2196 καὶ
3570 2141 3852 2215 ἐχειροτο-

2192 2231 2333 2300 νήθη
2394 2230 2506 2285 ἀντ’
2566 2228 2732 2285 αὐτοῦ
2789 2236 2981 2300 Μηνᾶς
3044 2231 3074 2285 ὁ
3130 2231 3430 2307 ἁγιώτατος
3489 2226 3854 2306 πρεσϐύτερος

2189 2326 2290 2388 τῆς
2320 2317 2651 2389 Ἐκκλησίας
2700 2318 3355 2387 Κωνσταντινουπόλεως,
3403 2321 3493 2375 καὶ
3560 2317 3854 2395 ξενοδὸχος

2190 2412 2298 2463 τῶν
2362 2408 2605 2482 Σαμψὼν
2660 2408 2764 2464 ὑπὸ
2838 2409 3153 2485 Ἀγαπητοῦ
3236 2409 3390 2464 πάπα
3444 2411 3543 2478 τῆς
3607 2411 3857 2485 μεγάλης

2192 2498 2440 2570 Ῥώμης.
2520 2497 2645 2555 Ἐπὶ
2727 2497 2924 2553 τούτου
2986 2494 3339 2574 ἀναφανέντας
3422 2499 3687 2574 Σεύηρος,
3765 2499 3857 2555 καὶ

2197 2587 2422 2661 Πέτρος,
2482 2584 2759 2661 ἅνθρωποι
2818 2592 2991 2642 πᾶσαν
3052 2587 3260 2663 αἳρεσιν
3320 2586 3373 2643 έν
3428 2589 3646 2650 έαυτοῖς
3703 2609 3861 2663 περι-

2198 2675 2472 2750 φέροντες,
2534 2676 2625 2733 καὶ
2681 2677 2782 2747 τήν
2840 2681 2941 2732 τοῦ
2996 2679 3231 2753 Χριστοῦ
3286 2675 3621 2748 Ἐκκλησίαν
3658 2679 3856 2754 capia-

2197 2786 2402 2833 σοντες,
2460 2763 2696 2821 ἐλύπουν
2753 2765 2883 2829 τοὺς
2944 2763 3293 2839 ὀρθοδόεους.
3356 2768 3464 2824 Καὶ
3528 2769 3861 2842 συγκαλέσας

2198 2852 2422 2910 σύνοδον
2480 2855 2899 2926 έξηκονταπέντε
2954 2856 3126 2930 ἁγίων
3187 2857 3437 2933 πατέρων
3481 2856 3863 2918 ἰουστινιανὸς

2198 2945 2226 2999 ὁ
2312 2942 2568 3021 βασιλεὺς
2629 2944 2681 3001 έν
2766 2941 3371 3015 Κωνσταντινουπόλει,
3476 2946 3861 3021 ἀναθεμάτισεν

2197 3033 2393 3097 αὒτους
2464 3054 2525 3090 τε
2578 3033 2669 3088 καὶ
2716 3032 2845 3096 τοὺς
2907 3033 3221 3111 ὁμόφρονας
3271 3034 3472 3103 αὐτῶν,
3532 3036 3624 3091 καὶ
3686 3041 3859 3091 πᾶσαν

2199 3124 2429 3196 αἳρεσιν.
2481 3124 2711 3180 Ἔκτοτε
2768 3121 2860 3178 οῦν
2920 3124 3250 3198 ἑορτάζουσα
3302 3126 3338 3194 ἡ
3391 3128 3488 3178 τοῦ
3552 3130 3686 3182 Θεοῦ
3736 3127 3863 3182 Ἐκ-

2200 3209 2405 3283 κλησία
2451 3212 2550 3280 τὴν
2618 3209 2880 3282 τοιαύτην
2944 3211 3263 3283 ἀνάμνησιν,
3310 3208 3519 3283 δοξάζει
3563 3212 3653 3267 τὸν
3703 3212 3859 3273 Θεὸν.

2749 3330 2903 3389 ΜΗΝ
2913 3330 2935 3387 Ι
2973 3333 3067 3388 ΤΩ
3103 3333 3308 3391 ΑΥΤΩ.

3002 3425 3039 3474 ῐί
3050 3421 3090 3489 ζ’

2195 3507 2466 3581 ’Ἀθλησις
2494 3513 2592 3566 τοῦ
2633 3508 2794 3587 ἁγίου
2843 3509 3242 3604 ἱερομάξτυρος
3286 3509 3604 3587 Ἐρμολάου
3638 3510 3727 3567 καὶ
3756 3515 3865 3568 τῶν

2871 3604 2967 3639 συν
3017 3604 3190 3656 αυτῳ.

2267 3695 2582 3770 Ἑρμόλαος
2631 3698 2661 3753 ὁ
2731 3696 3065 3774 ῖερομπὶρτυρ
3118 3697 3209 3754 καὶ
3262 3699 3316 3755 οἱ
3384 3697 3476 3754 σὺν
3530 3700 3682 3774 αὖτῷ
3732 3702 3868 3776 Ἐρ-

2201 3807 2432 3860 μιππος,
2501 3786 2593 3842 καὶ
2662 3787 3046 3861 Ἑρμοκράτῆς
3115 3787 3178 3843 ἑκ
3239 3792 3339 3843 τοῦ
3386 3788 3600 3860 κλήρου
3666 3797 3767 3859 τῆς
3817 3787 3870 3843 έν

2197 3873 2544 3948 Νικομηδείᾳ
2614 3875 2950 3947 Ἐκκλησίας
2994 3876 3248 3951 ὑπῆρχον
3296 3872 3658 3952 πρεσϐύτεροι
3711 3897 3867 3949 περι-

2200 3963 2511 4038 λειφθέντες
2567 3962 2626 4018 έκ
2678 3967 2787 4018 τῶν
2844 3962 3149 4018 καυθέντων
3215 3960 3525 4035 δυσμυρίων
3585 3963 3753 4039 ἁγίων
3815 3964 3868 4019 ἐν

2196 4056 2266 4126 τῇ
2329 4050 2596 4124 ἐκκλησίᾳ
2646 4050 2749 4106 ὑπὸ
2811 4051 3156 4123 Μαξιμιανοῦ
3224 4054 3321 4106 τοῦ
3389 4046 3705 4122 δυσσεϐοῦς,
3772 4052 3865 4108 καὶ

2197 4140 2570 4217 κρυπτόμενοι
2620 4136 2673 4194 ἔν
2720 4159 2825 4194 τινι
2873 4136 3160 4212 δωματίῳ.
3197 4138 3349 4196 Ἐπεὶ
3401 4136 3458 4195 δὶ
3486 4140 3513 4195 ὁ
3546 4141 3700 4216 ἅγιος
3733 4146 3874 4196 Παν·

2196 4230 2490 4303 τελεήμων
2537 4228 2853 4304 κρατηθεὶς,
2903 4228 2995 4283 καὶ
3066 4228 3146 4292 είς
3219 4228 3456 4299 ἓξέτασιν
3508 4231 3698 4305 ἀχθεὶς
3752 4233 3875 4287 Μα-

2202 4322 2434 4393 ξιμιανῷ
2489 4323 2568 4392 τῷ
2626 4313 2900 4388 δυσσεϐεῖ,
2976 4316 3286 4393 ἠναγκάσθη
3366 4319 3492 4391 περὶ
3556 4319 3876 4395 Ἐρμολάου

2204 4408 2399 4477 εἰπεῖν,
2463 4412 2574 4463 ποῦ
2635 4408 2953 4483 κρύπτεται·
3025 4408 3116 4462 καὶ
3190 4409 3265 4480 μή
3324 4405 3486 4473 εἰδὼς
3559 4407 3879 4484 ψεύδεσθαι,

2204 4496 2540 4573 ὡμολόγησε
2587 4498 2679 4553 τὸν
2728 4496 2920 4553 τόπον·
2989 4496 3363 4574 ἐκρατήθησαν
3414 4500 3506 4554 καὶ
3556 4499 3711 4555 αὐτοὶ
3761 4504 3880 4576 Ἑρ·

2211 4588 2444 4662 μόλαος,
2499 4589 2841 4664 Ἕρμιππος.
2897 4587 2986 4644 καὶ
3036 4589 3440 4664 Ἑρμοκράτης.
3497 4588 3598 4645 Καὶ
3655 4586 3877 4663 δέσμιοι

437 4651 792 4671 min”---
855 4651 902 4654 --
937 4651 1374 4661 ---η----μνη
1445 4651 1753 4673 .-η-ηπ,
1820 4651 1872 4657 --
1904 4651 1975 4657 η
2010 4651 2053 4675 η

435 4704 693 4742 rannum
720 4688 960 4744 adducti
1021 4689 1207 4744 libere
1235 4690 1533 4745 Christum
1566 4691 1821 4746 confessi
1847 4699 2016 4758 sunt;
2043 4701 2086 4749 e1

2208 4651 2724 4752 παραστάντες-τῷ
2795 4676 3058 4749 τυράννῳ,
3102 4651 3509 4751 ¹ὡμολόγησαν
3594 4651 3880 4756 παρῥησίᾳ

436 4776 603 4832 idola
634 4776 877 4848 quidem
904 4778 1240 4835 irridebant
1288 4779 1644 4852 probrisque
1676 4781 2097 4853 incessebant;

435 4881 539 4921 eos
568 4871 770 4921 autem
808 4867 910 4937 qui
943 4866 1005 4921 in
1039 4867 1145 4923 illa
1174 4868 1490 4925 crederent
1518 4870 1771 4927 miseros
1788 4872 2095 4929 vocabant.

2206 4769 2298 4825 τὸν
2348 4768 2605 4844 Χριστὸν,
2671 4766 2763 4821 καὶ
2811 4766 2879 4821 τὰ
2931 4762 3138 4821 εἴδωλα
3186 4762 3543 4839 διεχλεύασαν
3613 4768 3705 4822 καὶ
3775 4767 3881 4825 διέ-

2209 4878 2396 4933 συραν,
2432 4857 2522 4913 καί
2588 4854 2716 4917 τοὺς
2769 4853 2846 4917 είς
2892 4852 3025 4909 αὐτὰ
3073 4853 3426 4915 πιστεύοντας
3477 4854 3712 4918 ἀθλίους
3764 4856 3887 4913 ἐπε-

433 4956 842 5022 Quamobrem
870 4958 1120 5015 diversis
1154 4960 1468 5016 tormentis
1523 4962 1870 5031 excruciati,
1904 4965 2086 5036 capite

2206 4948 2460 5004 κάλεσαν.
2526 4947 2696 5036 Ὅθεν.
2754 4941 3034 5036 διαφόρως
3114 4941 3546 5036 τιμωρηθέντξς,
3614 4944 3887 5024 ἀπεκεφα·

437 5048 598 5121 plexi
632 5054 810 5105 sunt:
844 5056 1023 5123 atque
1054 5050 1140 5109 ita
1181 5054 1602 5121 consummati,
1635 5071 1887 5127 regnum
1910 5056 2096 5114 indis-

437 5138 691 5195 solubile
718 5140 1015 5214 vitamque
1049 5143 1476 5214 sempiternam
1506 5150 1883 5217 receperunt.

510 5282 579 5339 Et
615 5290 890 5341 certamen
920 5287 1102 5341 sancti
1132 5287 1399 5357 martyris
1426 5287 1621 5344 Sancti
1648 5295 1702 5345 et
1732 5291 2024 5348 sociorum.

504 5455 599 5515 Hi.
624 5456 818 5512 Marco
847 5456 1151 5513 Antonino
1183 5456 1620 5529 imperante,ex
1650 5459 1796 5517 urbe
1820 5465 2101 5522 Ravenna

432 5545 759 5617 provinciae
798 5547 986 5603 Italia;
1034 5547 1301 5604 fuerunt.
1344 5548 1511 5616 Quod
1564 5556 1763 5607 autem
1796 5553 2098 5614 Christum

438 5636 897 5695 confiterentur.
930 5655 964 5693 a
994 5638 1321 5709 provincias
1353 5638 1633 5711 prmfecto
1655 5645 2097 5715 comprehensi,

439 5722 699 5789 primum
729 5725 970 5796 quidem
1003 5727 1343 5785 durissimis
1378 5728 1686 5801 suppliciis
1718 5733 1911 5789 affecti
1936 5743 2095 5805 sunt,

2210 5037 2494 5106 λίσθησανι
2528 5033 2616 5089 καὶ
2649 5029 2793 5088 οὕτω
2841 5029 3223 5096 τελειωθέντες
3273 5027 3549 5088 ἀπέλαϐον
3597 5033 3881 5110 βασιλείαν

2206 5128 2307 5197 τὴν
2336 5120 2672 5181 ἆκατάλυτον
2702 5122 2795 5177 καὶ
2830 5121 2975 5191 ζωήν
3004 5117 3205 5178 ἀΐδιον.

2208 5278 2311 5339 Καὶ
2360 5274 2592 5348 ἄθλησις
2633 5277 2731 5331 τοῦ
2776 5270 3264 5351 ἁγίουμμάρτυροῌς
3317 5273 3583 5351 Σάγκτου,
3636 5278 3729 5333 καὶ
3782 5287 3887 5351 τῆς

2806 5341 3054 5407 συνοδίας
3070 5341 3273 5401 ἀύτοῦ.

2277 5468 2445 5526 Οὗτοι
2500 5465 2754 5540 ὑπῆρχον
2809 5461 2896 5518 έπὶ
2943 5468 3046 5532 τῆς
3103 5461 3386 5537 βασιλείας
3417 5465 3648 5540 Μάρκου
3680 5469 3888 5527 ’Δντω-

2206 5557 2378 5623 νίνου,
2446 5554 2505 5610 ἐκ
2566 5549 2862 5623 Ῥαϐέννης
2926 5555 3027 5621 τῆς
3096 5551 3314 5617 πόλεως
3371 5556 3561 5632 χώρας
3621 5559 3883 5626 Ἰταλίας.

2207 5646 2304 5702 Διᾶ
2328 5642 2385 5700 δὲ
2417 5645 2515 5713 τήν
2547 5642 2623 5705 εἰς
2657 5641 2888 5717 Χριστὸν
2943 5640 3249 5718 ὁμολογίαν
3314 5646 3673 5721 κρατηθέντες
3735 5652 3885 5725 παρὰ

2206 5740 2303 5792 τοῦ
2353 5743 2455 5806 τῆς
2517 5734 2707 5809 χώρας
2764 5729 3061 5809 ἄρχοντος,
3112 5738 3330 5812 πρῶτον
3385 5736 3482 5808 μέν
3515 5732 3880 5809 ἐϐασανίσθη-
