4108 6424
452 338 569 400 563

1007 473 1247 528 EODEM
1285 473 1431 528 ΜΕΝ
1438 473 1539 527 SE.

952 563 1052 617 Die
1074 562 1358 619 vicesima
1378 568 1604 619 octava.

599 653 885 709 Certamen
910 653 1088 709 sancti
1111 656 1374 724 martyris
1400 653 1677 709 Eustathii
1705 654 1959 722 Ancyrae.

521 850 860 906 Eustathius
881 851 1097 907 Christi
1121 858 1364 925 martyr,
1383 870 1518 908 cum
1542 850 1910 923 professione
1935 847 2105 902 miles

450 947 625 1006 esset,
657 958 723 995 ac
752 942 1041 1014 religione
1083 943 1474 1011 Christianus,
1506 943 1579 999 ad
1609 940 1951 998 Cornelium
1984 942 2107 993 An-

450 1047 603 1100 cyrm
634 1031 948 1102 przesidem
991 1031 1304 1100 adductus,
1364 1033 1900 1102 interrogatusque,
1935 1027 2103 1083 Chri-

450 1124 606 1173 stum
638 1120 823 1175 libere
881 1122 1188 1177 confessus
1248 1127 1357 1179 est.
1400 1121 1796 1187 Quamobrem
1849 1118 2107 1191 graviter

449 1209 792 1265 verberatus
824 1211 1250 1283 spondylisque
1305 1213 1640 1284 perforatis,
1697 1209 1941 1265 funibus
1971 1207 2108 1263 alli-

447 1305 638 1371 gatus,
672 1305 943 1371 raptatur
971 1301 1042 1357 ab
1097 1302 1243 1358 urbe
1301 1305 1536 1374 Ancyra
1564 1317 1752 1372 usque
1783 1298 1857 1355 ad
1887 1299 2107 1371 Sanga—

446 1405 582 1443 rum
612 1388 878 1456 ﬂuvium,
912 1396 1197 1462 sequente
1226 1408 1295 1448 ac
1324 1392 1557 1447 vidente
1589 1390 1798 1447 eodem
1830 1388 2103 1461 praeside.

452 1477 579 1533 lllic
610 1495 745 1533 vero
778 1480 839 1533 in
872 1480 1044 1536 theca
1090 1481 1379 1549 inclusus,
1432 1482 1493 1536 in
1552 1480 1829 1535 eumdem
1861 1478 2105 1532 {luvium

453 1567 835 1641 dcmergitur.
856 1569 989 1637 Sed,
1013 1571 1130 1625 Deo
1154 1570 1409 1636 volente,
1425 1569 1849 1641 superveniens
1873 1566 2106 1621 divinus

452 1657 721 1728 angelus,
743 1659 974 1713 thecam
996 1659 1069 1714 ad
1097 1665 1315 1715 terram
1347 1660 1567 1726 eduxit,
1593 1660 1985 1727 inventusque
2019 1660 2109 1710 est

451 1745 514 1800 in
548 1764 616 1802 ea
644 1754 884 1803 sanctus
914 1748 1139 1804 illwsus
1188 1754 1247 1803 et
1292 1748 1597 1820 psallens:
1633 1748 1739 1812 Qui
1788 1745 2016 1801 habitat
2045 1745 2106 1798 in

1732 333 2161 396 MENOLOGII
2202 329 2412 394 PARS
2455 329 2562 391 ῙΠ.

2133 472 2188 535 Α

3763 327 3881 389 σοι

2772 463 2955 520 MHNI
2991 465 3079 541 Τῼ
3118 464 3321 539 arra.

2989 554 3093 608 KH'

2283 648 2554 718 ,Αθλησις
2608 647 2707 698 τοῦ
2764 643 2923 718 ἁγίου
2983 640 3259 733 μάρτυρος
3316 640 3622 705 Εὐσταθίου
3677 642 3809 716 Ἀγ.

2946 733 3139 789 κυρας.

2282 833 2605 901 Εὐπάθιος,
2661 832 2690 886 ὀ
2744 836 2843 886 τοῦ
2925 832 3163 906 Χριστοῦ
3249 834 3477 905 μάρτυς,
3539 829 3883 903 στρατιώτης

2214 925 2312 997 μὲν
2359 923 2445 998 ᾖν,
2503 922 2820 997 χριστιανὸς
2881 919 2960 990 δὶ,
3018 919 3108 975 καὶ
3186 919 3525 996 προσαχθεὶς
3585 917 3883 992 Κορνηλίῳ

2208 1018 2287 1086 τῷ
2338 1013 2574 1087 ἡγεμόνι
2663 1010 2954 1085 ’Δγκόρας,
3033 1011 3122 1065 καὶ
3208 1009 3528 1084 ἐρωτηθεὶς,
3598 1006 3886 1085 παῤῥησίᾳ

2211 1100 2546 1177 ὡμολόγησε
2572 1100 2664 1155 τὸν
2715 1099 2971 1175 Χριστόν.
3029 1100 3184 1162 ’Ὀθεν
3242 1097 3445 1175 ἐτύφθη
3481 1094 3755 1176 σφοδρῶς,
3787 1098 3885 1151 καὶ

2208 1192 2339 1254 τοὺς
2398 1187 2772 1266 ἀστραγάλους
2848 1187 3169 1260 τρυπηθεῖς,
3248 1187 3339 1242 καὶ
3398 1187 3669 1263 σχοινίοις
3729 1206 3890 1260 περι-

2212 1278 2477 1358 λειφθεὶς,
2529 1278 2744 1353 σῦρεται
2794 1276 2901 1332 ἀπὸ
2948 1284 3048 1347 τῆς
3091 1276 3308 1341 πόλεως
3354 1277 3619 1353 ’Δγκύρας
3647 1274 3753 1340 ἓως
3779 1280 3883 1330 τοῦ

2214 1370 2501 1445 Σαγγάρου
2557 1372 2832 1442 ποταμοῦ,
2888 1366 3321 1429 ἀκολουθοῦντος
3370 1368 3460 1422 καὶ
3494 1368 3736 1441 ὁρῶντος
3775 1369 3882 1419 τοῦ

2212 1460 2512 1535 ἡγεμόνος.
2572 1461 2781 1516 Ἐκείσε
2841 1455 2900 1512 δὲ
2956 1457 3007 1512 ἐν
3064 1456 3451 1531 γλωσσοκόμῳ
3507 1454 3757 1529 βληθεὶς,
3793 1454 3881 1531 ὲρ-

2216 1549 2347 1627 ρίφη
2408 1547 2459 1603 ἐν
2519 1552 2598 1621 τῷ
2652 1551 2909 1620 ποταμῷ.
2973 1548 3100 1603 Κατ’
3184 1544 3429 1601 εὐδοκίαν
3487 1542 3545 1600 δὲ
3588 1549 3684 1600 τοῦ
3744 1548 3883 1599 Θεοῦ

2214 1638 2433 1701 ἐπιστὰς
2462 1639 2605 1700 θεῖος
2639 1634 2897 1712 ἅγγελος,
2958 1635 3187 1711 ἐξήγαγε
3244 1636 3304 1690 τὸ
3358 1634 3758 1710 γλωσσόκομον
3789 1632 3882 1689 ἐπὶ

2211 1731 2311 1798 τῂν
2370 1728 2559 1804 ξηράν,
2618 1728 2707 1781 καὶ
2761 1726 2952 1801 εὑρέθη
3017 1725 3068 1780 ἐν
3128 1724 3275 1797 αὐτῷ
3335 1727 3363 1781 ὁ
3415 1727 3568 1800 ἅγιος
3598 1720 3879 1794 ἀϐλαϐὴς,

450 1835 744 1905 adjutorio
776 1836 1090 1902 Altissimi,
1141 1844 1200 1891 et
1247 1814 1480 1892 caetera.
1514 1836 1681 1901 Quod
1718 1852 1851 1890 cum
1885 1851 2098 1906 praeses

2215 1817 2467 1892 ψάλλων·
2500 1818 2557 1872 Ὃ
2588 1822 2858 1872 κατοικῶν
2915 1815 2967 1871 ἐν
3032 1815 3262 1890 βοηθείᾳ
3316 1820 3412 1870 τοῦ
3468 1818 3742 1888 Ὑψίστου,
3783 1814 3877 1870 καὶ

448 1925 773 1992 didicisset,
798 1925 1024 1996 pudore
1051 1925 1347 1997 perfusus,
1373 1926 1584 1981 educto
1615 1924 1809 1997 gladio
1842 1924 2103 1995 seipsum

448 2013 507 2067 in
530 2015 785 2069 teremif.
822 2016 1069 2070 Sanctus
1092 2021 1292 2070 autem
1324 2021 1547 2085 martyr
1567 2031 1765 2079 orans,
1800 2013 2103 2084 divinique

444 2105 710 2161 muneris
744 2106 1038 2177 particeps
1067 2106 1258 2161 factus
1290 2123 1395 2177 per
1423 2106 1699 2160 emissam
1728 2104 1839 2159 sibi
1874 2103 2104 2159 coalitus

446 2194 805 2263 columbam,
839 2196 1116 2251 manibus
1174 2197 1515 2267 apparentis
1572 2195 1765 2267 angeli
1828 2194 2102 2266 spiritum

443 2282 726 2338 tradidit:
754 2284 882 2356 ejus
904 2302 1038 2339 vero
1071 2285 1341 2355 reliquias
1372 2285 1434 2340 in
1466 2284 1670 2340 eadem
1706 2283 1849 2338 urbe
1871 2287 2104 2356 Ancyra

444 2371 726 2442 depositaa
757 2373 945 2430 fuere.

614 2581 762 2638 185
797 2584 869 2636 Et
896 2589 1170 2637 certamen
1198 2585 1377 2638 sancti
1404 2585 1667 2653 martyris
1692 2582 1907 2640 Acacii.

516 2697 763 2751 Aeacius
779 2697 996 2775 Christi
1016 2704 1242 2770 martyr
1263 2699 1837 2771 claruit,imperante
1854 2698 2097 2753 Licinio:

444 2787 516 2841 ad
543 2803 719 2857 quem
743 2787 1195 2855 adductus,cum
1218 2789 1519 2844 Christum
1541 2790 1849 2844 confessus
1868 2788 2096 2855 fuisset,

444 2893 768 2946 suspensus
818 2882 875 2930 et
927 2879 1380 2934 excarniﬁcatus
1430 2885 1537 2936 est.
1572 2879 1796 2934 Deinde
1825 2878 2098 2934 Terentio

441 2965 718 3036 praefecto
768 2966 1041 3035 traditus,
1093 2969 1341 3039 ejusque
1386 2969 1564 3040 jussu
1612 2969 1674 3023 in
1740 2967 2096 3022 candentem

441 3054 620 3110 ollam
653 3056 802 3126 pice,
836 3056 966 3111 oleo
998 3056 1258 3127 seboque
1290 3057 1527 3128 plenam
1560 3058 1837 3130 injectus,
1866 3057 2098 3112 incolu-

443 3146 556 3201 mis
587 3146 788 3200 evasit.
838 3146 1187 3202 Praafectum
1227 3164 1362 3203 vero
1406 3152 1727 3220 Apameam
1759 3154 1819 3204 et
1854 3146 2097 3219 Apollo-

2212 1911 2278 1962 τά
2311 1908 2455 1980 ἑξῆς.
2492 1907 2689 1964 Μαθὼν
2747 1904 2804 1961 δὶ
2854 1910 3017 1960 τοῦτο
3077 1905 3105 1959 ὁ
3152 1907 3380 1981 ἡγεμὼν
3409 1905 3499 1961 καὶ
3538 1903 3877 1980 αἰσχυνθεὶς,

2216 1996 2562 2069 σπασάμενος
2626 1995 2925 2071 μάχαιραν,
2987 1992 3197 2050 ἀνεῖλεν
3257 1995 3466 2051 ἑαυτόν.
3517 1996 3575 2048 Ὃ
3623 1991 3681 2049 δὲ
3712 1992 3871 2068 ἃγιος

2218 2089 2420 2159 μάρτυς
2473 2086 2781 2158 εὐξάμενος,
2857 2086 2946 2140 καὶ
3031 2079 3356 2157 μεταλαϐὼν
3407 2091 3507 2154 τῆς
3561 2082 3707 2146 θείας
3764 2080 3877 2137 δω-

2214 2182 2337 2248 ρεᾶς
2404 2174 2493 2231 διά
2555 2177 2653 2244 τῆς
2719 2174 3122 2253 ἐκπεμφθείσης
3186 2174 3333 2246 αὐτῷ
3399 2174 3681 2248 οὐρανόθεν
3722 2192 3880 2246 περι-

2213 2271 2422 2341 στερᾶς,
2496 2270 2617 2329 ταῖς
2690 2263 2847 2340 χερσὶ
2924 2268 3019 2319 τοῦ
3096 2260 3442 2341 ἐπιφανέντος
3519 2260 3752 2338 ἀγγέλου
3806 2261 3875 2316 τὸ

2212 2361 2425 2430 πνεῦμα
2480 2357 2768 2432 παρέθετο.
2827 2356 2929 2412 Καὶ
2988 2356 3243 2427 κατετέθη
3283 2356 3345 2410 τὸ
3399 2353 3654 2428 λείψανον
3709 2351 3875 2407 αὐτοῦ

2213 2444 2264 2500 ἐν
2299 2445 2437 2520 αὐτῇ
2466 2449 2536 2519 τῇ
2566 2444 2730 2501 πόλει
2755 2443 3019 2521 Ἀγκύρᾳ.

2354 2570 2458 2628 Καὶ
2487 2567 2721 2641 ἃθ).ησις
2768 2575 2865 2627 τοῦ
2914 2570 3073 2648 ἁγίου
3134 2569 3408 2648 μάρτυρος
3443 2570 3728 2631 Ἀκακίου.

2283 2689 2554 2759 Ἀκάκιος,
2610 2690 2638 2744 ὁ
2695 2691 2791 2745 τοῦ
2850 2690 3089 2764 Χριστοῦ
3152 2692 3380 2764 μάρτυς,
3413 2696 3479 2760 ἧν
3530 2688 3619 2745 ἐπὶ
3651 2696 3752 2760 τῆς
3784 2689 3875 2765 βαι

2211 2777 2415 2841 σιλείας
2450 2778 2746 2850 Λικιννίου,
2790 2781 2835 2853 ᾧ
2879 2779 2970 2835 καὶ
3027 2779 3322 2857 παραστὰς,
3368 2782 3458 2836 καὶ
3515 2780 3606 2835 τὸν
3637 2779 3871 2856 Χριστὸν

2209 2866 2588 2941 ὁμολογήσας,
2643 2869 2731 2923 καὶ
2792 2868 3116 2943 κρεμασθεὶς
3172 2866 3380 2939 ἐξὲσθη.
3412 2870 3547 2923 Εἶτα
3594 2863 3867 2943 παρεδόθη

2208 2957 2481 3031 Τερεντίῳ
2534 2961 2616 3030 τῷ
2673 2956 2926 3033 ἐπάρχῳο
2990 2958 3077 3035 ὑφ’
3151 2956 3215 3015 οὗ
3273 2959 3350 3021 εἷς
3406 2961 3645 3034 τήγανον
3704 2978 3873 3013 πεπυ-

2208 3046 2454 3121 ρωμένον
2514 3043 2805 3118 ἐνεϐλήθη,
2865 3048 3062 3117 πίσσης
3119 3048 3209 3104 καὶ
3265 3048 3453 3103 ἐλαίου
3510 3050 3599 3104 καὶ
3652 3048 3871 3110 στέατος

2207 3135 2668 3210 πεπληρωμένον.
2715 3136 2822 3192 Καὶ
2884 3134 3042 3205 μνδὶν
3105 3134 3407 3207 ἀδικηθεὶς,
3437 3137 3515 3199 είς
3543 3137 3869 3211 Ἀπάμειαν,

441 3234 681 3290 niadem
698 3236 1016 3291 abeuntem
1037 3238 1204 3309 sequi
1219 3238 1794 3310 compulsus,ibique
1815 3238 1877 3292 in
1900 3236 2098 3293 fanum

2214 3225 2296 3280 καὶ
2364 3223 2790 3282 Ἀπολλωνιάδα
2861 3230 2942 3299 τῷ
2998 3225 3229 3303 ἡγεμόνι
3307 3227 3671 3302 ἀπερχοπὲνῳ
3746 3227 3871 3282 ἁκο-

441 3324 741 3380 idolorum
764 3325 1237 3389 adductus,fusis
1258 3327 1534 3398 precibus
1556 3328 1878 3383 simulacra
1898 3329 2099 3383 omnia

442 3415 732 3469 contrivit.
744 3416 953 3470 Postea
970 3415 1206 3471 tribuno
1220 3417 1872 3490 traditus,graviterque
1885 3435 2095 3487 cassus,

445 3519 579 3558 cum
609 3503 752 3558 feris
784 3506 1084 3577 pugnavit.
1146 3508 1276 3561 Mox
1335 3508 1396 3561 in
1455 3506 1759 3562 fornacem
1817 3508 2098 3580 injectus,

441 3593 667 3649 illaasus
698 3595 1044 3666 permansit.
1078 3596 1373 3652 Tribunus
1404 3613 1538 3652 vero
1570 3597 1937 3670 frigefactam
1977 3598 2097 3653 for-

440 3698 648 3737 nacem
682 3684 1050 3751 existimans,
1108 3702 1245 3741 cum
1304 3702 1435 3741 eam
1492 3687 1725 3741 visurus
1776 3687 2093 3759 appropin-

439 3777 670 3840 quaret,
702 3772 946 3828 ﬂamma
975 3774 1343 3845 combustus,
1377 3777 1439 3830 in
1488 3776 1791 3849 pulverem
1822 3776 2098 3832 redactus

440 3862 631 3914 est.At
660 3862 908 3917 Aeacius
938 3862 1287 3919 Possidonio
1318 3865 1559 3936 praasidi
1599 3866 1873 3933 traditus,
1905 3866 2098 3939 gravi-

437 3948 667 4019 busque
700 3951 925 4007 catenis
968 3952 1178 4007 ferreis
1231 3954 1654 4019 circumdatus,
1696 3956 1961 4010 Miletum
1993 3955 2097 4009 ab-

438 4036 651 4093 ductus
707 4037 858 4095 fuit:
916 4041 1015 4096 ubi
1075 4058 1212 4097 cum
1269 4041 1431 4099 idola
1460 4061 1667 4099 rursus
1698 4045 2094 4113 contrivisset,

437 4127 629 4198 capite
658 4129 1066 4200 obtruncatus,
1098 4132 1447 4205 sanguinem
1482 4139 1539 4188 et
1575 4134 1667 4189 lac
1697 4134 1913 4189 emisit.

506 4311 576 4365 Et
604 4316 908 4368 certamen
940 4317 1283 4369 sanctorum
1332 4314 1738 4386 apostolorum
1786 4314 2094 4383 Prochori,

433 4400 744 4458 Nicanoris
775 4408 836 4458 et
864 4404 1184 4460 sociorum.

991 4521 1233 4577 EODEM
1272 4523 1523 4579 MENSE.

930 4610 1034 4666 Die
1080 4611 1361 4669 vicesima
1412 4629 1588 4668 nona.

683 4698 968 4753 Certamen
1015 4701 1201 4755 sancti
1242 4704 1512 4771 martyris
1560 4703 1840 4759 Callinici.

506 4801 828 4861 Callinicus
859 4806 1075 4862 Christi
1137 4813 1363 4881 martyr
1420 4826 1490 4864 ex
1526 4810 1789 4881 regione
1849 4809 2088 4876 Ciliciaa,

433 4891 803 4949 Christianus
834 4912 968 4951 cum
1002 4902 1178 4964 esset,
1204 4897 1567 4970 verbumque
1590 4899 1805 4954 Christi
1830 4898 2088 4966 doceret,

433 4981 801 5052 hortabatur,
852 5002 886 5040 a
930 4986 1110 5041 rebus
1159 4986 1400 5057 quidem
1451 4987 1614 5043 vanis
1664 5004 1725 5043 se
1766 4987 2089 5057 abstinere,

431 5071 846 5128 universorum
878 5078 1076 5129 autem
1102 5074 1385 5131 factorem
1416 5076 1717 5132 Christum
1749 5091 2089 5148 agnoscere.

429 5161 825 5226 Quamobrem
859 5165 1349 5235 comprehensus,
1375 5170 1432 5219 et
1462 5164 1535 5219 ad
1564 5165 1880 5237 praesidem
1912 5166 2092 5222 addu-

431 5255 581 5320 ctus,
615 5252 950 5323 omnigenis
1008 5252 1080 5308 ab
1143 5270 1210 5308 eo
1264 5255 1579 5309 tormentis
1637 5254 1941 5325 subjectus
1968 5261 2089 5311 est:

432 5356 569 5395 mox
602 5340 811 5396 ferreis
843 5341 1262 5397 calceamentis
1294 5360 1432 5399 cum
1463 5343 1641 5399 clavis
1674 5344 1862 5399 acutis
1895 5345 2090 5400 subli-

432 5430 603 5501 gatis,
637 5435 775 5485 ante
799 5447 983 5501 equos
1005 5448 1196 5502 usque
1224 5432 1298 5487 ad
1318 5431 1529 5487 urbem
1562 5433 1849 5506 Gangram
1883 5433 2091 5490 stadiis

437 5519 741 5591 sexaginta
769 5518 1040 5575 dissitam
1067 5537 1305 5575 currere
1328 5520 1594 5591 adactus,
1619 5539 1754 5578 cum
1786 5524 2093 5596 sexaginta

437 5599 628 5654 stadia
641 5599 892 5669 pedibus
913 5600 1500 5668 confecisset,videns
1518 5602 1880 5659 abducentes
1894 5604 2089 5676 ipsum

438 5685 657 5743 milites
712 5704 834 5761 pra:
892 5690 990 5745 siti
1047 5691 1311 5747 animam
1367 5708 1563 5768 agere,
1609 5692 1759 5749 fusis
1814 5694 2090 5767 precibus

2210 3315 2430 3380 λουθεῖν
2488 3315 2827 3390 ἠναγκάσθη.
2903 3316 3071 3372 Ἔνθα
3144 3314 3197 3371 ἐν
3264 3314 3342 3388 τῷ
3416 3320 3530 3389 ναῷ
3593 3315 3871 3392 εἰσαχθεὶς

2207 3409 2314 3460 τῶν
2393 3403 2662 3477 εἰδώλων,
2722 3406 3168 3482 προσευχόμενος
3228 3407 3403 3461 πάντα
3464 3407 3747 3481 συνέτριψε
3803 3406 3871 3461 τὰ

2209 3491 2389 3566 ξόανα.
2459 3495 2611 3554 Μετά
2672 3494 2839 3552 ταῦτα
2904 3497 2983 3568 τῷ
3044 3491 3321 3573 τριϐούνῳ
3367 3492 3719 3573 παραδοθεὶς,
3775 3496 3867 3552 καὶ

2207 3586 2426 3663 τυφθεὶς
2480 3583 2733 3665 σφοδρῶς
2794 3587 3259 3664 ἐθηριομάχησεν.
3321 3587 3453 3643 Εἶτα
3509 3587 3585 3650 εὶς
3634 3591 3865 3665 φοῦρνον

2209 3672 2535 3750 ἐμϐληθεὶς,
2565 3673 2818 3747 ἀϐλαϐὴς
2878 3675 3167 3753 διέμεινεν.
3233 3679 3397 3750 Δόξας
3431 3676 3487 3733 δὲ
3517 3678 3545 3732 ὁ
3578 3673 3867 3754 τριϐοῦνος

2206 3766 2420 3841 ψυχρὸν
2482 3768 2616 3821 εἶναι
2670 3767 2762 3822 τὸν
2820 3772 3076 3844 φοῦρνον,
3132 3767 3221 3823 καὶ
3290 3767 3649 3842 προσεγγίσας
3707 3766 3863 3837 ἰδεῖν,

2208 3853 2366 3916 αὐτὸς
2434 3856 2531 3927 μὲν
2602 3857 2914 3923 κατακαεὶς,
2976 3856 3051 3918 εἷς
3112 3855 3394 3931 κονιορτὸν
3464 3855 3693 3929 ἐγένετο·
3738 3859 3765 3911 ὁ
3806 3854 3866 3912 δὲ

2206 3945 2455 4007 Ἀκάκιος
2486 3942 2761 4021 παρεδόθη
2814 3943 3136 4018 Ποσιδωνίῳ
3180 3950 3260 4016 τῷ
3308 3943 3553 4020 ἄρχοντι.
3589 3949 3686 4000 Καὶ
3716 3966 3868 4019 περι-

2202 4032 2375 4098 τεθεὶς
2409 4034 2577 4109 βαρέα
2633 4030 2851 4108 σίδηρα,
2908 4032 3061 4108 ἤχθη
3118 4031 3196 4096 εὶς
3251 4032 3521 4104 Μίλητονο
3555 4034 3645 4088 καὶ
3693 4033 3861 4090 πάλιν

2206 4122 2498 4199 συντρίψας
2523 4123 2593 4178 τὰ
2640 4119 2863 4193 εἴδωλα,
2924 4121 3139 4195 ἐτμήθη
3198 4123 3296 4193 τὴν
3351 4120 3619 4199 κεφαλὴν,
3647 4131 3750 4195 τῆς
3778 4145 3869 4180 το-

2207 4218 2316 4285 μῆς
2350 4210 2614 4288 ῥευσάσης
2644 4214 2783 4286 αἷμα
2810 4211 2901 4267 καὶ
2930 4210 3092 4287 γάλα.

2275 4301 2373 4357 Καὶ
2436 4300 2670 4374 ἄθλησις
2734 4306 2841 4357 τῶν
2914 4300 3084 4378 ἁγίων
3152 4303 3475 4361 ἂποστόλων
3549 4306 3866 4384 Προχόρου,

2201 4392 2546 4468 Νικάνωρος,
2577 4393 2668 4447 καὶ
2696 4396 2806 4447 τῶν
2839 4391 2933 4447 σὺν
2968 4392 3173 4458 αὐτοῖς.

2757 4511 2942 4568 ΜΗΝῙ
2980 4516 3064 4566 ΤΩ
3101 4514 3306 4571 ΑΥΤΩ.

2381 4689 2673 4763 Ἀθλησις,
2699 4694 2798 4746 τοῦ
2829 4603 3295 4767 άγίουΚμῗὶρτυρος
3326 4688 3679 4752 Καλλινίκου.

2275 4798 2601 4862 Καλλίνικος
2650 4801 2678 4854 ὁ
2736 4804 2832 4856 τοῦ
2881 4801 3118 4867 Χριστοῦ
3176 4803 3400 4875 μάρτυς,
3428 4803 3495 4872 ἦν
3544 4804 3642 4876 μὲν
3673 4802 3732 4857 ἐκ
3758 4810 3868 4874 τῆς

2203 4890 2392 4964 χώρας
2433 4887 2704 4951 Κιλικίας
2766 4890 3083 4964 Χριστιανὸς
3151 4888 3209 4945 δὶ
3275 4889 3371 4963 ὢν,
3439 4891 3527 4945 καὶ
3590 4888 3864 4948 διδάσκων

2200 4980 2292 5033 τὸν
2321 4976 2494 5053 λόγον
2554 4982 2650 5032 τοῦ
2704 4982 2949 5055 Χριστοῦ
3006 4980 3238 5057 παρῄνει
3302 4981 3395 5051 μὲν
3424 4979 3721 5054 ἀπέχεσθαι
3750 4987 3868 5039 τῶν

2207 5068 2476 5142 ματαίων,
2529 5070 2621 5124 τὸν
2678 5066 2737 5124 δὲ
2792 5072 3031 5140 ποιητὴν
3090 5074 3188 5125 τοῦ
3245 5071 3446 5132 παντὸς
3478 5068 3868 5147 ἐπιγινώσκειν

2202 5157 2455 5233 Χριστόν.
2505 5159 2661 5215 Ὃθεν
2712 5159 3023 5234 κρατηθεὶς,
3079 5159 3231 5233 ἢχθη
3278 5159 3414 5233 πρὸς
3458 5159 3550 5214 τὸν
3593 5162 3871 5236 ἡγεμόνα,

2205 5246 2295 5302 καὶ
2324 5248 2452 5323 παρ’
2484 5246 2649 5302 αὐτοῦ
2699 5247 2982 5309 παντοίαις
3037 5247 3297 5322 βασάνοις
3345 5242 3701 5318 ὑποϐληθεὶς,
3737 5251 3874 5309 ὑπο-

2202 5333 2421 5409 δήματα
2452 5333 2653 5411 σιδηρᾶ
2698 5337 2832 5410 μετά
2873 5334 3022 5405 ἢλων
3072 5334 3235 5406 ὀξέων
3296 5335 3548 5410 ὑπεδέθη,
3582 5338 3670 5394 καὶ
3702 5341 3874 5421 ἠναγ-

2200 5426 2368 5493 κάσθη
2430 5426 2647 5502 τρέχειν
2717 5423 3022 5500 ἔμπροσθε]
3085 5429 3193 5480 τῶν
3258 5426 3445 5482 ἳππων
3526 5429 3696 5505 μέχρι
3757 5433 3866 5502 τῆς

2200 5514 2415 5578 πόλεως
2474 5516 2713 5591 Γάγγρας
2764 5513 3081 5590 ἀπεχούσης
3131 5513 3379 5581 σταδίους
3429 5518 3707 5589 ἐξήκοντα.
3751 5521 3859 5576 Καὶ

2198 5604 2457 5674 πεζεόσας
2502 5603 2761 5674 ἑξήκοντα
2807 5600 3019 5673 στάδια,
3068 5605 3157 5659 καὶ
3207 5603 3341 5661 ἲδὼν
3387 5606 3515 5669 τοὺς
3547 5607 3855 5684 ἀπάγοντας

2198 5694 2355 5751 αὐτὸν
2390 5693 2723 5772 στρατιώτας
2768 5698 2850 5767 τῷ
2898 5690 3041 5771 δίψει
3088 5696 3589 5776 λειποψυχοῦντας,
3622 5717 3853 5774 προσευ-
