4128 6424
393 367 510 428 56⁸7

1681 362 2111 425 MENOLOGII
2158 361 2255 423 PA
2269 363 2360 425 BS
2402 366 2510 427 III.

3700 368 3821 430 568

399 501 632 557 claruit.
693 502 974 556 Parentes
1029 498 1408 571 Cappadoces
1463 499 1651 567 fuere,
1713 500 1813 570 qui
1847 498 2051 554 sasculi

2182 498 2329 575 ρίλου
2359 504 2456 554 τοῦ
2490 498 2871 574 μισοχρίστου.
2925 497 3003 555 Οὗ
3049 498 3102 553 οἷ
3153 498 3471 576 γεννήτορες
3501 496 3594 554 σὺν
3625 501 3694 574 τῇ
3723 504 3822 556 τοῦ

401 591 783 663 Splendorem
804 589 1059 661 (patricii
1083 590 1302 662 quippe
1342 591 1535 660 erant)
1558 606 1693 644 cum
1725 589 2054 644 orthodoxa

399 679 686 752 religione
711 679 1569 751 conjunxerant.Quamobrem
1601 679 1959 734 Eudocimus
1982 677 2053 733 ab

398 770 483 824 eis
541 768 614 824 ad
665 770 941 824 virtutem
994 769 1216 840 optime
1283 769 1588 835 educatus,
1621 769 1694 825 ad
1751 767 2060 824 Candidati

399 857 693 913 honorem
723 876 758 913 a
786 858 1109 930 TheOphilo
1143 865 1476 930 provectus.
1501 859 1730 914 militias
1755 858 2063 930 prefectu-

394 963 523 1002 ram
557 947 734 1002 etiam
765 947 1042 1014 obtinuit,
1072 948 1333 1018 primum
1371 947 1612 1018 quidem
1648 948 1804 1018 apud
1835 949 2060 1018 Cappa-

401 1035 615 1091 docum
648 1035 1034 1108 provinciam,
1061 1037 1275 1092 deinde
1299 1038 1455 1108 apud
1479 1037 2061 1093 CharsianumJusta

399 1125 624 1196 ubique
650 1132 870 1181 statera
891 1131 1037 1192 erat,
1059 1132 1117 1182 et
1140 1127 1730 1199 regula,omnemque
1752 1125 2062 1198 aequalita-

401 1219 521 1269 tem
573 1215 916 1283 observans,
978 1216 1268 1288 plurimas
1326 1218 1591 1288 quotidie
1651 1217 2062 1288 eleemosynas

404 1303 704 1376 erogabat,
737 1304 1020 1361 ecclesias
1066 1306 1406 1373 exornabat,
1457 1305 1662 1361 viduas
1694 1311 1752 1361 et
1804 1304 2064 1377 pupillos

402 1393 760 1461 vindicabat,
820 1394 974 1449 188
1033 1399 1092 1450 et
1149 1397 1418 1451 omnium
1469 1396 1737 1451 absolute
1776 1395 2063 1449 virtutum

407 1484 669 1555 speciem
699 1483 1018 1540 referebat.
1073 1487 1184 1540 Per
1241 1486 1399 1541 hunc
1454 1485 1698 1541 modum
1731 1483 2061 1540 secundum

405 1574 596 1627 Deum
626 1578 915 1639 versatus,
939 1575 1205 1646 corporis
1223 1574 1573 1648 aegritudine
1595 1574 1834 1631 tandem
1868 1591 2064 1629 corre-

406 1665 566 1732 ptus,
600 1661 872 1732 spiritum
893 1662 1012 1718 Deo
1044 1661 1324 1719 reddidit.
1345 1664 1486 1735 Ejus
1517 1670 1716 1719 autem
1745 1659 2066 1734 propinqui

406 1747 757 1804 mandatum
781 1750 968 1821 ipsius
990 1750 1330 1822 implentes,
1351 1751 1627 1807 eumdem
1649 1768 1784 1807 cum
1807 1749 2066 1806 vestibus

2166 587 2288 662 βίου
2342 590 2662 667 περιφανείᾳ
2719 589 3018 664 (πατρίκιοι
3071 586 3172 664 γὰρ
3259 588 3445 663 ἦσαν.)
3531 586 3824 664 ὀρθόδοξοι

2161 677 2548 754 ἐγνωρίζοντιν
2611 676 2968 741 Καππάδοκες
3030 679 3092 734 τὸ
3150 677 3328 753 γένος.
3389 677 3484 734 Διὸ
3553 678 3741 744 καλῶς
3796 681 3823 734 ὁ

2161 764 2479 840 Εὐδόκιμος
2565 767 2901 844 ἀναγόμενος
2971 768 3062 824 ὑπ’
3119 767 3298 823 αὐτῶν
3350 769 3419 823 τὰ
3467 768 3544 832 είς
3604 769 3820 844 ἀρετὴν,

2161 854 2484 920 κανδιδᾶτος
2545 858 2650 914 ὑπὸ
2705 857 2978 936 Θεοφίλου
3052 855 3316 931 ἐτιμήθη,
3375 856 3466 913 καὶ
3525 879 3824 934 στρατοπε-

2165 944 2390 1022 δάρχειν
2425 947 2652 1024 ἐτάχθη·
2703 949 2922 1023 πρῶτον
2987 947 3080 1022 μὲν
3135 947 3271 1003 κατὰ
3316 948 3414 1017 τὴν
3450 945 3825 1005 Καππαδοκῶν

2167 1038 2379 1112 χώραν,
2439 1035 2624 1094 ἔπειτα
2691 1040 2828 1093 κατά
2878 1039 2941 1093 τὸ
2999 1035 3318 1113 Χαρσιανόνο
3382 1037 3544 1112 ζυγός
3597 1059 3682 1101 τις
3743 1036 3825 1093 δίο

2165 1149 2324 1190 καιος
2386 1125 2458 1183 ὢν
2514 1127 2604 1183 καὶ
2635 1128 2834 1198 κανὼν,
2893 1128 2981 1182 καὶ
3048 1127 3275 1197 ἰσότητα
3305 1133 3478 1183 πᾶσαν
3512 1128 3825 1205 φυλάττων,

2167 1216 2539 1291 ἐλεημοσύνας
2613 1239 2671 1273 τε
2743 1215 3004 1282 πλείστας
3085 1216 3318 1273 ἐκτελῶν
3385 1219 3504 1273 καθ’
3573 1217 3823 1289 ἑκάστην,

2166 1307 2254 1362 καὶ
2293 1307 2388 1370 τὰς
2448 1307 2740 1380 ἐκκλησίας
2788 1305 3162 1383 καλλιεργῶν·
3222 1309 3402 1384 χήρας
3432 1308 3522 1363 καὶ
3560 1307 3828 1386 ὀρφανοὺς

2168 1394 2418 1467 ἐκδικῶν,
2481 1396 2571 1452 καὶ
2632 1396 2820 1460 ἁπλῶς
2865 1399 3044 1470 πάσης
3102 1400 3295 1474 ἀρετῆς
3357 1396 3498 1453 ἰδέαν
3559 1399 3827 1475 μετερχό-

2173 1505 2357 1556 μενος.
2417 1487 2568 1542 Κατὰ
2627 1487 2755 1542 Θεὸν
2817 1488 2910 1542 οὖν
2970 1487 3458 1561 πολιτευσάμενος,
3516 1488 3660 1561 νόσῳ
3719 1509 3827 1543 σω-

2173 1579 2378 1650 ματικῇ
2411 1577 2791 1652 κατασχεθεὶς,
2822 1579 2884 1632 τὸ
2919 1582 3131 1651 πνεῦμα
3189 1576 3354 1633 αὐτοῦ
3398 1582 3479 1650 τῷ
3517 1582 3634 1650 Θιῷ
3665 1577 3834 1652 παρέο

2172 1665 2319 1722 θετο.
2355 1665 2424 1722 Οἱ
2482 1662 2540 1720 δὶ
2597 1668 2968 1739 προσήκοντες
3025 1668 3123 1736 τήν
3183 1666 3350 1722 αὐτοῦ
3403 1666 3652 1723 κέλευσιν
3709 1665 3839 1722 ἁπο-

2172 1751 2539 1829 πληροῦντες,
2576 1756 2711 1828 μετὰ
2766 1760 2874 1811 τῶν
2933 1753 3272 1830 ἐνδυμάτων,
3303 1757 3394 1811 καὶ
3426 1753 3837 1830 ὑποδημάτων-

407 1843 466 1892 et
504 1839 922 1895 calceamentis
971 1841 1354 1913 sepelierunt,
1389 1858 1567 1914 quem
1606 1843 1761 1898 Deus
1791 1839 2066 1914 pluribus

2182 1839 2400 1917 ἔθαψαν,
2453 1843 2688 1918 θαύμασι
2745 1843 2985 1910 πολλοῖς
3039 1846 3133 1902 καὶ
3192 1845 3296 1901 ὑπὸ
3355 1849 3453 1902 τοῦ
3511 1849 3652 1902 Θεοῦ
3685 1843 3840 1919 δοξα-

408 1929 716 1986 miraculis
745 1929 1083 1987 illustravit.

723 2083 989 2179 ΜΕΝ
1002 2085 1150 2180 SE
1204 2083 1778 2181 AUGUSTO

1060 2248 1162 2304 Die
1193 2249 1407 2320 prima.

556 2335 708 2394 189
760 2339 1047 2394 Certamen
1094 2345 1417 2394 sancto-rum
1467 2339 1920 2394 Maccabaeorum.

479 2494 810 2562 Eleazarus,
844 2495 930 2549 vir
980 2495 1082 2550 ille
1131 2494 1624 2566 spectatissimus,
1660 2493 1761 2564 qui
1794 2493 2070 2547 Hieroso-

409 2584 586 2654 lymis
606 2584 931 2654 hatitabat,
957 2585 1241 2658 magister
1261 2590 1388 2640 erat
1405 2589 1634 2656 septem
1657 2589 1876 2639 sanctae
1905 2580 2068 2636 Solo-

411 2673 671 2728 monidis
726 2674 1006 2732 tliorum.
1063 2674 1488 2745 Hierosolymis
1540 2691 1675 2729 vero
1731 2689 1766 2728 a
1823 2671 2068 2726 Seleuco

412 2779 548 2836 rege
584 2763 979 2835 depopulatis,
1003 2770 1180 2836 atque
1215 2763 1596 2818 Hebraaorum
1627 2761 1846 2834 populo
1877 2761 1939 2816 in
1972 2777 2068 2816 ca-

414 2851 743 2922 ptivitatem
773 2854 1049 2923 adducto,
1092 2853 1316 2908 detenti
1356 2853 1600 2908 fuerunt
1646 2858 1705 2907 et
1751 2851 1870 2920 isti,
1899 2866 2071 2922 coge—

413 2943 747 3013 banturque
766 2962 836 2999 ex
849 2946 1115 3017 gentium
1133 2943 1386 3000 victimis
1399 2943 1797 3016 degustare.et
1812 2941 2071 3013 pollutos

415 3033 727 3088 comedere
764 3034 959 3098 cibos;
1020 3050 1329 3104 nunquam
1381 3039 1580 3088 autem
1612 3031 1792 3099 suasi,
1827 3029 1931 3085 sed
1963 3046 2069 3100 pro

415 3123 625 3191 patriis
655 3122 884 3193 legibus
917 3121 1311 3191 decertantes,
1363 3121 1612 3176 diversis
1671 3119 2073 3191 subjiciuntur

2175 1931 2382 1992 σθέντα.

2467 2105 2793 2201 ΜΗΝΙ
2874 2103 3537 2203 ΑΥΓΟΥΣΤΩ

2782 2260 2871 2318 Ἐν
2903 2263 2971 2334 τῇ
3015 2261 3227 2335 πρώτῃ.

2498 2349 2766 2422 ’Άθλησις
2794 2355 2901 2405 τῶν
2926 2351 3098 2426 ἆγίων
3125 2346 3510 2408 Μακκαόαίων.

2249 2492 2508 2569 Ἐλεάζαρ
2567 2494 2595 2548 ὁ
2651 2494 2986 2568 τιμιώτατος
3047 2492 3378 2558 διδάσκαλος
3434 2494 3502 2564 ἦν
3563 2496 3670 2547 τῶν
3704 2490 3839 2547 έπτᾶ

2175 2579 2415 2637 σπαίδων
2461 2589 2563 2652 τῆς
2614 2583 2772 2658 ἁγίας
2808 2582 3224 2658 Σολομωνίδος,
3282 2586 3552 2639 κατοιγῶν
3583 2580 3634 2636 ἐν
3670 2581 3838 2650 Ἰερο-

2177 2675 2467 2746 σολύμοις.
2498 2675 2884 2750 Πορθησαντος
2916 2671 2974 2730 δέ
3006 2672 3282 2730 Σελεύκου
3316 2676 3412 2729 τοῦ
3453 2671 3731 2748 βασιλέως
3756 2672 3846 2726 τὰ·

2177 2761 2568 2838 οῐεροσόλυμα,
2630 2765 2718 2820 καὶ
2775 2765 2838 2820 τὸ
2894 2769 3002 2820 τῶν
3059 2761 3332 2840 Ἑϐραίων
3367 2765 3524 2839 γένος
3566 2762 3838 2838 αἷχμαλω

2174 2853 2444 2920 τίσαντος,
2502 2855 2875 2930 ἐκρατήθησαν
2932 2855 3022 2910 καὶ
3094 2855 3271 2910 οὗτοι·
3339 2854 3430 2910 καὶ
3489 2853 3840 2929 ἠναγκάσθη-

2179 2963 2270 2997 σαν
2327 2941 2636 3015 ὲλληνιγῶν
2688 2941 3090 3019 ἀπογεύσασθαι
3161 2949 3358 3008 θυσιῶν
3416 2941 3506 2998 καὶ
3572 2961 3838 3018 μιαροφα-

2176 3041 2360 3108 γῆσαι.
2422 3035 2516 3103 Μὴ
2575 3036 2880 3099 πεισθέντες
2937 3033 3015 3104 δὲ,
3075 3033 3200 3089 ἀλλ’
3257 3034 3388 3107 ὑπὲρ
3428 3037 3539 3087 τῶν
3589 3032 3834 3102 πατρίων

2179 3124 2580 3197 ἀγωνισάμενοι
2629 3126 2836 3198 νόμων,
2887 3121 3172 3201 διαφόροις
3221 3117 3608 3193 ὑπεϐλήθησαν
3657 3142 3837 3194 τιμω-

415 3212 795 3267 cruciatibus.
817 3213 1013 3267 Primo
1033 3213 1273 3282 quidem
1298 3212 1601 3267 Eleazarus
1619 3210 1835 3266 acriter
1856 3225 2066 3276 caesus,

2187 3216 2348 3288 ρίαις.
2391 3216 2496 3270 Καὶ
2553 3219 2769 3290 πρῶτον
2834 3215 2927 3288 μὲν
2985 3215 3013 3268 ὁ
3073 3213 3398 3287 Ἐλεάζαρος
3452 3211 3671 3290 τυφθεὶς
3731 3231 3836 3287 σφο

413 3301 594 3372 inque
624 3301 821 3373 ignem
847 3302 1125 3373 injectus,
1151 3319 1326 3357 orans
1349 3302 1624 3373 spiritum
1656 3302 1772 3355 Deo
1803 3297 2065 3354 tradidit.

412 3391 587 3446 Pueri
621 3391 834 3447 deinde
867 3391 1076 3447 eodem
1107 3409 1224 3463 quo
1255 3391 1379 3447 nati
1409 3391 1647 3447 fuerant
1669 3389 1899 3455 ordine,
1919 3388 2072 3444 alius

411 3488 546 3553 post
592 3482 774 3537 alium
808 3483 1068 3551 adducti,
1117 3483 1449 3550 tormentis,
1485 3480 1777 3553 equuleis,
1809 3479 1976 3546 rotis,
2015 3482 2075 3532 et

413 3572 533 3643 igni
572 3573 844 3644 expositi,
879 3591 984 3644 pro
1035 3574 1254 3644 pietate
1288 3577 1429 3628 sunt
1458 3571 1819 3642 consumpti,
1854 3569 2073 3624 mentis

414 3662 677 3731 profecto
701 3662 994 3718 rationem
1013 3680 1133 3734 pra:
1147 3680 1208 3717 se
1221 3663 1480 3716 ferentes
1502 3676 1841 3732 supremam
1859 3659 2078 3714 haben-

417 3757 538 3805 tem
571 3751 631 3806 in
662 3752 972 3824 passiones
1004 3758 1381 3823 potestatem.
1413 3751 1604 3806 Tertio
1659 3751 1823 3812 190
1867 3765 2073 3804 eorum

417 3847 610 3897 mater
637 3843 972 3898 Solomonis
1005 3847 1215 3913 sponte
1242 3843 1545 3899 fornacem
1577 3842 1864 3914 ingressa,
1897 3855 2076 3913 super

417 3930 690 4001 proprios
722 3931 974 3987 moritur
1005 3931 1180 3988 filios.

487 4160 556 4216 Et
586 4165 857 4217 certamen
886 4158 1068 4215 sancti
1096 4161 1355 4230 martyris
1379 4161 1594 4215 Leontii
1624 4165 1676 4214 et
1705 4161 2002 4214 sociorum.

488 4395 708 4453 Christi
769 4402 1060 4468 martyres
1119 4395 1420 4461 Leontius,
1475 4399 1534 4448 et
1590 4392 1928 4448 Alexander
1957 4409 2079 4448 una

419 4503 555 4542 cum
587 4486 808 4542 sanctis
831 4487 954 4541 suis
986 4484 1184 4552 sociis,
1206 4482 1830 4555 fuerunttemporibus
1847 4481 2080 4536 Diocle-

419 4577 568 4631 tiani
591 4577 972 4647 imperatoris
993 4594 1064 4632 ex
1093 4574 1456 4646 Pamphyliae
1479 4571 1996 4646 regione,diversis
2018 4573 2077 4626 in

420 4664 569 4719 locis
591 4664 862 4731 nati,una
881 4672 1080 4720 tamen
1098 4670 1298 4719 mente
1319 4680 1456 4736 erga
1478 4663 1794 4718 Dominum
1817 4667 2084 4717 nostrum

423 4754 626 4808 Jesum
683 4754 980 4809 Christum
1046 4754 1314 4822 animati,
1369 4759 1573 4831 utpote
1631 4768 1702 4807 ex
1730 4751 2084 4806 Christianis

425 4843 540 4896 orti
570 4843 1068 4915 progenitoribus.
1097 4846 1301 4916 Itaque
1327 4845 1485 4899 inter
1511 4861 1572 4898 se
1633 4843 1783 4898 inito
1806 4841 2080 4912 consilio,

425 4941 604 5007 atque
661 4935 891 4992 cunctis
944 4935 1124 5008 hujus
1181 4935 1384 4992 saeculi
1454 4934 1634 4990 rebus
1701 4933 2080 5004 contemptis,

423 5031 805 5083 accesserunt
821 5026 894 5081 ad
915 5027 1116 5081 Dianas
1131 5026 1336 5082 fanum
1355 5043 1367 5092 ;
1389 5041 1577 5096 eoque
1599 5023 2085 5096 ingressi,omnia

422 5122 762 5174 everterunt
790 5116 969 5173 idola.
1029 5117 1255 5189 Cogniti
1291 5116 1490 5189 igitur,
1527 5120 1586 5170 et
1641 5113 2078 5185 comprehensi,

418 5206 802 5262 vehementer
851 5204 1182 5270 caeduntur,
1213 5202 1631 5275 unguibusque
1688 5200 1896 5255 ferreis
1929 5199 2081 5254 dila-

416 5296 683 5361 niantur,
715 5311 783 5350 ac
814 5295 1048 5350 subulis
1079 5294 1236 5350 oculi
1271 5309 1477 5348 eorum
1523 5290 1988 5361 transﬁguntur:
2023 5295 2081 5345 et

420 5385 707 5442 custodite
737 5384 959 5454 traditi,
980 5381 1052 5439 ad
1084 5383 1288 5454 plures
1320 5381 1448 5437 dies
1476 5381 1604 5435 sine
1636 5379 1766 5435 cibo
1800 5395 2080 5450 perman-

419 5479 648 5531 serunt.
683 5474 764 5530 De
797 5489 1032 5530 carcere
1061 5479 1270 5544 postea
1305 5471 1525 5538 educti,
1556 5469 1698 5524 feris
1727 5474 1865 5524 sunt
1896 5485 2076 5540 expo-

421 5564 538 5622 siti.
572 5562 686 5620 Sed
743 5578 844 5617 eos
900 5561 1116 5618 belluas
1173 5561 1420 5617 minime
1470 5560 1772 5615 laaserunt.
1825 5559 2075 5615 Demum

421 5651 599 5722 gladii
630 5656 872 5722 accepta
893 5651 1209 5720 sententia,
1227 5650 1420 5722 capite
1448 5649 1612 5706 fuere
1643 5647 2000 5705 obtruncati.

2187 3309 2319 3378 ρῶς,
2375 3302 2464 3359 καὶ
2525 3304 2602 3366 είς
2652 3305 2716 3359 τὸ
2773 3307 2879 3379 πῦρ
2937 3303 3184 3377 βληθεὶς,
3243 3302 3334 3357 καὶ
3392 3301 3684 3374 εὐξάμενος
3725 3304 3836 3372 τῷ·

2179 3398 2313 3466 Θεῷ,
2379 3394 2441 3450 τὸ
2516 3397 2728 3467 πνεῦμα
2778 3392 3082 3469 παρέδωκε.
3143 3392 3401 3466 Δεύτερον
3434 3388 3489 3447 δὲ
3540 3391 3595 3446 οἱ
3648 3386 3838 3452 παῖδες

2177 3483 2313 3538 κατᾶ
2365 3484 2512 3556 τάξιν
2574 3484 2648 3546 ὡς
2708 3484 3070 3558 ἐγεννήθησαν
3127 3483 3248 3547 καθ’
3305 3485 3380 3546 εἷς
3437 3483 3841 3558 ἀχθέντες,καὶ

2181 3571 2584 3648 ἀρθρεμϐόλοις
2644 3573 2733 3628 καὶ
2802 3573 3190 3643 καταπέλταις,
3267 3573 3356 3628 καὶ
3441 3579 3690 3648 τροχοῖς,
3750 3576 3839 3630 καὶ

2178 3661 2307 3736 πυρὶ
2366 3661 3042 3740 προσομιλήσαντες,ὑπὶρ
3102 3658 3377 3726 εὐσεϐείας
3419 3661 3841 3735 ἐτελειώθησαν,

2181 3749 2444 3822 δείξαντες
2498 3748 2670 3813 ὅντως
2700 3753 2790 3806 τὸν
2847 3751 3114 3825 λογισμὸν
3167 3751 3539 3827 αὐτοκράτορα
3583 3757 3693 3808 τῶν
3746 3773 3845 3808 πα-

2179 3842 2310 3900 θῶν.
2345 3842 2446 3896 Καὶ
2477 3839 2660 3913 τρίτον
2716 3842 2752 3909 ἡ
2815 3840 2993 3894 αὐτῶν
3057 3842 3241 3914 μήτηρ
3305 3839 3632 3912 Σολομωνὶς
3683 3843 3842 3896 αὐτο·

2184 3929 2392 4004 μάτως·
2427 3929 2502 3992 είς
2533 3930 2634 3998 τήν
2669 3927 2898 4002 κάμινον
2948 3925 3270 3992 εἷ’σελθοῦσα
3298 3934 3416 3990 τοῖς
3449 3924 3616 3992 ῗδίοις
3648 3927 3843 3984 ἐπαπέ-

2181 4021 2304 4075 θανε
2327 4019 2558 4082 τέκνοις.

2183 4162 2290 4221 Καὶ
2341 4161 2569 4233 ἄθλησις
2617 4165 2716 4218 τοῦ
2767 4161 3248 4239 ἁγίου-,μάρτυρος
3303 4160 3562 4218 Λεοντίου
3613 4161 3704 4219 καὶ
3745 4167 3846 4232 τῆς

2783 4231 3030 4298 σῦνοδίας
3053 4231 3249 4291 αὐτοῦ·

2257 4379 2538 4450 Λεόντιος,
2595 4377 2685 4435 καὶ
2747 4376 3108 4454 Ἀλέξανδρος
3165 4378 3218 4433 οἱ
3269 4374 3367 4434 τοῦ
3442 4378 3681 4452 Χριστοῦ
3717 4376 3852 4452 μάρ-

2184 4490 2341 4548 τυρες
2403 4470 2537 4544 μετὰ
2585 4473 2684 4535 τῆς
2739 4470 2886 4546 ἱερᾶς
2941 4467 3193 4532 συνοδίας
3231 4466 3430 4536 αὐτῶν,
3461 4468 3716 4541 ὑπῆρχον
3752 4465 3841 4520 ἐπὶ

2190 4567 2289 4631 τῆς
2343 4559 2619 4636 βασιλείας
2672 4559 3066 4630 Διοκλητιανοῦ
3115 4557 3176 4613 ἐκ
3224 4565 3327 4628 τῆς
3370 4557 3560 4632 χώρας
3617 4561 3848 4632 Παμφυ-

2115 4614 2162 4680 D
2197 4614 2433 4722 λίοίς,Γέκ
2463 4614 2738 4729 διαφόρων
2903 4650 3126 4725 χωρίων
3156 4614 3328 4712 δντες,
3367 4614 3492 4719 μίαν
3529 4614 3586 4701 δὶ
3613 4614 3846 4721 γνῶμην

2195 4738 2417 4817 ἔχοντες
2447 4742 2583 4817 πρὸς
2610 4742 2706 4796 τὸν
2754 4738 2950 4816 Κύριον
3008 4742 3171 4812 ἡμῶν
3228 4741 3441 4809 Ἰησοῦν
3485 4737 3740 4810 Χριστὸν,
3775 4733 3850 4795 ὡς

2194 4834 2514 4908 Χριστιανοὶ
2571 4832 2628 4887 ἐγ
2686 4830 2973 4906 προγόνων
3024 4833 3412 4904 τυγχάνοντες.
3465 4831 3636 4894 Κοινῆ
3668 4825 3848 4879 τοίνυν

2197 4922 2649 4998 βουλευσάμενοι,
2700 4921 2787 4974 καὶ
2842 4920 3016 4974 πάντα
3062 4920 3127 4973 τὰ
3179 4917 3410 4993 βιωτικὰ
3453 4915 3529 4977 εἷς
3564 4911 3716 4969 οὐδὲν
3749 4911 3855 4967 λο-

2194 5011 2504 5086 γισάμενοι,
2563 5003 2864 5064 κατέλαϐον
2920 5009 2984 5063 τὸ
3040 5014 3143 5077 τῆς
3202 5001 3530 5080 Ἀρτέμιδος
3558 5002 3724 5076 ἱερόν.
3755 5001 3855 5056 Καὶ

2193 5102 2246 5157 ἐν
2307 5097 2458 5173 αύτῷ
2515 5099 2820 5177 γενόμενοι,
2879 5098 3243 5173 κατέστρεψαν
3300 5094 3473 5150 πάντα
3522 5093 3589 5148 τὰ
3628 5090 3859 5149 ε’ἰδωλα.

2192 5188 2524 5254 Γνωσθέντες
2575 5189 2663 5244 οῦν
2741 5187 2832 5243 καὶ
2906 5188 3289 5264 κρατηθέντες,
3349 5183 3651 5260 ἐτύφθησαν
3722 5202 3867 5256 σφο-

2191 5277 2360 5356 δρῶς,
2427 5280 2515 5335 καὶ
2593 5279 2728 5353 μετὰ
2799 5275 3041 5355 σιδηρῶν
3103 5275 3319 5352 ὀνύχων
3389 5273 3702 5345 ἐξέσθησαν,
3767 5269 3866 5326 καὶ

2193 5365 2484 5431 σουϐλίοις
2510 5373 2630 5431 τοῖς
2671 5366 2984 5447 ὀφθαλμοῖς
3030 5367 3467 5438 ἐξεκεντήθησαν.
3503 5361 3606 5420 Καὶ
3640 5360 3862 5439 φυλακῇ

2189 5454 2605 5535 παραδοθὲντες,
2657 5455 2887 5535 ἄτροφοι
2957 5455 3234 5530 διέμειναν
3281 5454 3371 5510 ἐπὶ
3428 5451 3673 5512 πολλαῖς
3723 5448 3865 5522 ἡμέ-

2188 5571 2304 5628 ρας.
2382 5549 2519 5608 Εἶτα
2589 5555 2691 5619 τῆς
2768 5545 3020 5625 φυλακῆς
3101 5541 3481 5617 ἐκϐληθέντες,
3557 5540 3864 5628 ἐθηριομά-

2185 5625 2391 5723 χησαψ
2419 5640 2488 5696 τὰ
2515 5637 2571 5696 δὲ
2605 5637 2772 5715 θηρία
2820 5636 2929 5713 οὐχ
2987 5636 3194 5711 ἥψαντο
3254 5636 3460 5693 αὐτῶν.
3515 5630 3623 5723 Καῖ
3656 5625 3862 5684 λαϐόν-

2181 5722 2290 5806 τες,
2359 5733 2460 5802 τὴν
2539 5727 2628 5786 διὰ
2703 5727 2889 5806 ξίφους
2957 5727 3253 5804 ἀπόφασιν,
3315 5722 3854 5804 ἇπεκεφαλίσθησαν·
