4128 6462
347 368 462 429 571

1630 360 2069 422 MENOLOGII
2107 358 2316 424 PARS
2360 359 2468 421 ΙΙΙ.

3653 366 3771 428 572

344 518 510 569 cens,
536 500 802 572 corporis
828 496 1246 555 afTectionibus
1269 495 1567 560 edomitis,
1598 494 2002 549 daemonibus-

2124 512 2237 563 σας,
2266 492 2355 548 καί
2385 495 2453 548 τὰ
2496 495 2642 565 πάθη
2699 498 2799 550 τοῦ
2847 495 3106 570 σώματος
3161 496 3462 570 νεκρώσας,
3520 495 3777 562 καὶτοὺς

348 607 465 662 que
493 588 776 649 subactis,
810 588 1008 643 divina
1049 591 1257 658 postea
1277 583 1647 657 providentia
1667 584 2001 639 Constanti-

355 681 619 752 nopolim
654 679 985 742 concessit;
1020 684 1077 732 et
1106 678 1168 732 in
1204 676 1461 748 quodam
1495 691 1872 731 commorans
1904 691 2005 730 ur—

354 770 448 825 bis
482 768 862 834 monasterio,
896 767 1054 839 quod
1107 784 1269 822 nunc
1307 766 1560 822 Dalmati
1604 772 2002 837 nuncupatur,

351 858 556 913 multis
588 874 695 913 sua
723 858 959 916 virtute.
998 863 1056 911 et
1085 856 1359 911 doctrina
1416 855 1621 919 suasit,
1661 862 1729 910 ut
1782 854 2003 910 mundo

352 947 637 1001 derelicto
670 947 951 1001 monachi
984 946 1218 1013 ﬁerent,
1238 963 1303 1002 ac
1335 962 1539 1001 secum
1570 946 1962 1001 convenirent
1990 961 2003 999 :

356 1053 427 1092 ex
459 1036 676 1107 quibus
705 1037 821 1091 fuit
846 1037 1175 1101 Dalmatus,
1206 1044 1266 1092 et
1305 1037 1554 1092 Faustus
1610 1035 1774 1091 illius
1822 1035 2004 1091 ﬁlius.

351 1127 485 1197 Ipse
518 1126 677 1180 enim
709 1143 846 1182 cum
876 1126 1189 1181 Theodosii
1220 1125 1599 1198 imperatoris
1637 1125 2006 1196 temporibus

353 1214 526 1270 miles
560 1220 735 1282 esset,
764 1215 1022 1287 quadam
1053 1215 1147 1270 die
1179 1215 1321 1270 dum
1342 1216 1493 1271 forte
1516 1216 1579 1270 in
1611 1220 1883 1270 sanctum
1914 1215 2009 1269 in-

349 1304 803 1376 cidisset,hujus
817 1305 1124 1379 degustato
1139 1304 1710 1377 colloquio,uxorem
1734 1304 2008 1375 ﬁliosque

352 1394 661 1462 deserens,
686 1395 969 1450 Faustum
994 1395 1184 1450 ﬁlium
1207 1394 1401 1450 solum
1435 1411 1638 1450 secum
1671 1410 2007 1460 assumens,

353 1482 429 1538 ad
460 1500 596 1539 eum
628 1499 691 1539 se
722 1485 1067 1545 contulit.et
1096 1485 1438 1540 monasticaa
1461 1485 1590 1539 vitae
1614 1498 1744 1539 sese
1759 1483 2008 1551 addixit,

354 1590 530 1628 suum
561 1573 743 1628 etiam
770 1574 962 1629 tilium
995 1574 1367 1629 detondens:
1393 1579 1571 1646 atque
1603 1574 1752 1630 adeo
1783 1573 1858 1629 ad
1882 1575 2006 1628 vir-

354 1669 543 1717 tutem
576 1668 717 1717 sunt
744 1662 926 1728 enixi,
954 1667 1018 1718 ut
1049 1662 1423 1719 celeberrimi
1473 1664 1631 1736 apud
1687 1664 2009 1735 imperato-

353 1768 481 1807 rem
505 1757 703 1807 essent
735 1756 795 1806 et
825 1757 1195 1814 senatumac
1225 1753 1485 1825 plurima
1506 1754 1687 1809 etiam
1718 1752 2009 1808 miracula

2113 580 2377 657 δαίμονας
2411 586 2661 657 νικήσας,
2693 584 2913 661 ὕστερον
2971 587 3112 642 κατὰ
3153 586 3314 651 ⁵θείαν
3373 588 3632 662 πρόνοιαν
3665 608 3770 643 πα-

2113 674 2363 750 ρεγένετο
2422 675 2497 738 εἰς
2555 675 3155 749 Κωνσταντινουπολιν,
3201 677 3291 734 καὶ
3348 678 3775 754 προσκαθεσθεὶς

2111 760 2189 816 ἐνὶ
2214 767 2323 818 τῶν
2352 771 2454 833 τῆς
2506 763 2725 828 πόλεως
2778 765 3186 841 μοναστηρίων,
3234 765 3263 821 ὃ
3314 769 3412 821 τοῦ
3470 762 3766 838 Δαλματου

2111 856 2201 905 νῦν
2236 850 2477 928 λέγεται,
2529 850 2622 908 διὰ
2672 854 2773 923 τὴν
2824 855 3020 929 ἀρετήν
3075 855 3266 924 αὐτοῦ,
3321 856 3411 909 καὶ
3467 860 3568 923 τῆς
3616 851 3768 909 διδα-

2115 941 2340 1004 σκαλίας
2370 942 2617 1006 πολλοὺς
2662 940 2840 998 ἔπεισε
2889 941 3211 999 καταλιπεῖν
3270 945 3363 998 τὸν
3417 945 3650 1018 κόσμον,
3682 944 3773 999 καὶ

2110 1033 2355 1108 γενέσθαι
2394 1032 2694 1108 μοναχοὺς,
2726 1033 2815 1087 καὶ
2846 1032 3104 1101 σωθῆναι.
3166 1033 3253 1103 Ἐξ
3312 1030 3387 1087 ὤν
3434 1034 3569 1102 ἦσαν
3628 1031 3773 1088 Δάλ-

2117 1142 2306 1195 ματος,
2334 1120 2423 1177 καὶ
2456 1126 2702 1185 Φαῦστος
2765 1124 2792 1178 ὁ
2853 1122 2969 1185 υίὸς
3026 1121 3212 1179 αὐτοῦ.
3247 1122 3415 1184 Οὗτος
3445 1122 3547 1199 γὰρ
3607 1142 3775 1197 στρα-

2111 1211 2318 1281 τιώτης
2379 1208 2451 1266 ὢν
2512 1210 2601 1266 ἐπὶ
2657 1218 2759 1281 τῆς
2823 1212 3101 1288 βασιλείας
3182 1210 3503 1280 Θεοδοσίου,
3558 1209 3611 1266 ἐν
3670 1215 3771 1284 μιᾷ

2113 1299 2368 1356 ἀπελθὼν
2425 1299 2515 1356 καὶ
2569 1303 2852 1376 συντυχὼν
2901 1305 2981 1374 τῷ
3039 1300 3212 1377 ἁγίῳ,
3270 1299 3361 1356 καὶ
3411 1306 3513 1371 τῆς
3564 1299 3769 1355 ἐκείνου

2117 1388 2342 1462 ὁμιλίας
2394 1391 2726 1464 γευσάμενος
2759 1433 2774 1461 ,
2833 1389 3153 1446 καταλιπὼν
3242 1389 3334 1446 καί
3388 1394 3620 1466 γυναῖκα
3674 1387 3767 1444 καὶ

2114 1479 2294 1552 τέκνα,
2332 1480 2496 1552 μόνον
2533 1477 2590 1535 δὲ
2617 1480 2712 1536 τὸν
2743 1480 2858 1535 υἱὸν
2921 1479 3086 1535 αὐτοῦ
3145 1483 3394 1535 Φαῦστον
3456 1473 3772 1547 ἀναλαϐὼν,

2115 1566 2333 1639 ἀπῆλθε
2361 1569 2498 1637 πρὸς
2531 1569 2713 1639 αὐτὸν,
2767 1569 2859 1624 καὶ
2906 1568 3088 1644 γέγονε
3148 1569 3414 1645 μοναχὸς,
3475 1567 3774 1644 ἀποκείρας

2114 1656 2324 1713 καὶτὸν
2361 1660 2476 1714 υἱὸν
2507 1658 2693 1715 αὐτοῦ.
2728 1662 2833 1715 Καὶ
2883 1658 3056 1721 οὕτως
3105 1658 3467 1734 ἠγωνίσαντο,
3499 1658 3576 1720 ὡς
3624 1677 3777 1732 περι-

2118 1743 2311 1820 ϐόητοι
2344 1746 2589 1823 γενέσθαι
2641 1748 2922 1825 βασιλεῦσι
2978 1746 3071 1804 καὶ
3132 1747 3445 1825 συγκλήτῳ,
3505 1745 3596 1802 καὶ
3646 1744 3777 1811 θαύ-

350 1847 658 1912 patrarent
688 1841 762 1896 ad
789 1842 888 1896 Dei
920 1842 1192 1915 gloriam.
1228 1843 1319 1898 Sic
1350 1849 1486 1916 post
1536 1843 1744 1899 lsaacii
1776 1842 2005 1898 obitum

2124 1860 2263 1913 ματα
2294 1836 2526 1918 διάφορα
2558 1839 2632 1903 εἷς
2659 1838 2815 1911 δόξαν
2876 1843 3009 1895 Θεοῦ
3076 1835 3402 1895 ἐπιτελέσαι·
3449 1837 3541 1894 καὶ
3601 1836 3774 1900 οὕτως

349 1931 532 1986 vitam
564 1930 869 1986 finierunt.

916 2053 1160 2110 EODEM
1192 2055 1443 2110 MENSE.

1013 2144 1119 2200 Die
1151 2151 1365 2215 quarta

531 2236 815 2290 Certamen
842 2244 1049 2292 sanctae
1072 2241 1336 2307 martyris
1362 2240 1437 2295 Iae
1466 2244 1520 2294 et
1536 2240 1829 2297 sociorum.

424 2406 558 2460 Haec
588 2405 806 2477 Sapore
838 2407 1158 2463 Persarum
1180 2424 1318 2481 rege
1350 2408 1574 2475 floruit,
1640 2426 1890 2465 summas
1924 2425 2009 2465 se-

356 2498 615 2552 nectutis
648 2504 819 2554 atate
851 2506 1146 2570 provecta.
1182 2501 1627 2573 Comprehensa
1644 2509 1842 2559 autem
1875 2518 2010 2559 cum

355 2602 572 2640 novem
604 2586 870 2642 millibus
889 2589 1718 2663 Christianorum,quicaptivi
1747 2592 2009 2659 abducti,

362 2692 397 2731 a
427 2693 735 2749 magorum
767 2677 1137 2751 principibus
1168 2680 1399 2738 diverso
1434 2688 1863 2739 tormentorum
1913 2699 2014 2756 ge-

357 2782 502 2821 nere
538 2766 1184 2837 excruciabantur,una
1213 2788 1350 2827 cum
1380 2771 1454 2826 iis
1482 2771 1597 2828 ista
1628 2772 1808 2828 etiam
1840 2772 2014 2829 beata

363 2856 664 2911 cruciatus
696 2858 993 2913 constanti
1042 2860 1243 2915 animo
1302 2861 1669 2933 pertulit:et
1697 2869 2014 2935 postquam

354 2948 561 3004 multis
591 2949 701 3005 fuit
726 2951 919 3022 poenis
950 2959 1178 3022 vexata,
1211 2956 1405 3028 capite
1438 2956 1611 3029 plexa
1647 2962 1757 3015 est.

352 3093 509 3149 198
535 3094 606 3149 Et
634 3102 911 3152 certamen
935 3100 1404 3225 sanctitamartyris
1425 3101 1737 3157 Eleutherii
1788 3102 2014 3159 cubicu-

1165 3187 1263 3225 ru.

1165 3187 1263 3226 ru.

429 3282 808 3339 Eleutherius
840 3283 1056 3339 Christi
1087 3292 1334 3360 martyr,
1367 3289 1721 3346 Maximiano
1753 3291 2008 3364 impera-

361 3380 513 3445 tore,
566 3393 632 3432 ex
686 3377 833 3432 urbe
893 3377 1170 3450 Byzantio
1225 3381 1536 3450 oriundus,
1577 3401 1733 3440 unus
1765 3391 1891 3442 erat
1945 3402 2015 3443 ex

368 3465 765 3535 senatoribus,
798 3466 1076 3540 idemque
1099 3468 1160 3524 in
1182 3487 1432 3528 numero
1462 3474 1869 3531 cunuchorum
1903 3477 2015 3532 im-

366 3556 626 3627 peratori
658 3555 993 3613 familiaris.
1029 3560 1174 3615 Cum
1205 3567 1403 3617 autem
1437 3562 1556 3618 Deo
1592 3563 1917 3636 placuisset
1941 3566 2014 3623 ob

367 3643 789 3699 mandatorum
821 3644 985 3700 illius
1017 3646 1369 3713 doctrinam.
1406 3667 1527 3707 non
1586 3659 1785 3709 tamen
1817 3655 2015 3710 divino

365 3732 667 3804 perfectus
697 3740 825 3787 erat
840 3733 1417 3806 baptismate.Quare
1448 3743 2015 3817 cupiensbaptizari,

362 3821 1055 3893 rogavitimperatorem.
1099 3833 1167 3881 ut
1187 3827 1299 3882 sibi
1339 3832 1797 3900 permitteretin
1842 3854 2015 3893 suum

371 3909 727 3965 suburbium
760 3927 1025 3983 pergere.
1043 3916 1364 3987 Impetrata
1389 3927 1587 3977 autem
1608 3922 1910 3995 facultate,
1943 3927 2018 3983 ad

375 3999 700 4071 Sangarum
732 3997 976 4056 ﬂuvium
1016 4006 1286 4071 accessit,
1320 4008 1523 4081 ibique
1568 4012 2017 4074 subterraneam

372 4087 687 4143 ecclesiam
723 4096 1097 4164 construens,
1157 4098 1568 4170 presbyterum
1620 4104 1885 4176 adduxit,
1943 4109 2016 4165 ab

370 4193 558 4249 eoque
583 4177 909 4271 baptizatus
933 4182 1066 4238 fuit.
1113 4184 1184 4239 Ut
1213 4203 1348 4243 vero
1391 4190 1814 4262 imperatorem
1862 4197 2022 4271 fuge-

367 4272 478 4333 ret,
512 4267 782 4324 morbum
817 4277 1113 4328 causatur.
1149 4276 1317 4340 Quod
1374 4278 1473 4334 ubi
1506 4282 1897 4342 Maximianus
1933 4267 2021 4343 re-

369 4357 557 4423 scivit,
585 4358 659 4413 ad
688 4357 887 4414 locum
919 4362 1227 4431 accedens,
1262 4368 1641 4441 propriisque
1663 4374 1853 4429 oculis
1871 4382 2019 4431 tem-

366 4446 532 4516 plum
547 4447 877 4520 altarisque
900 4461 1253 4524 apparatum
1276 4457 1650 4527 intuitus,ira
1672 4466 2017 4523 excanduit:

368 4540 427 4589 et
454 4538 956 4608 comprehensum
1015 4543 1447 4609 Eleutherium.
1493 4549 1640 4605 diris
1672 4554 1865 4625 primo
1898 4561 2017 4612 tor-

365 4626 585 4679 mentis
608 4626 897 4697 subjecit:
933 4647 1072 4686 mox
1100 4634 1293 4705 capite
1324 4636 1725 4698 obtruncavit.

926 4774 1169 4832 EODEM
1198 4780 1451 4838 MENSE.
1533 4855 1536 4860 _

1028 4864 1132 4922 Die
1163 4870 1374 4940 quinta

606 4946 891 5007 Certamen
943 4956 1127 5011 sancti
1179 4962 1447 5030 martyris
1486 4963 1768 5035 Eusigm’i.

437 5068 752 5162 Eusignius
776 5077 991 5135 Christi
1017 5090 1243 5157 martyr
1268 5103 1338 5141 ex
1368 5104 1584 5162 magna
1631 5091 1777 5149 urbe
1809 5096 2020 5152 Antio-

365 5157 517 5257 chia,
569 5163 800 5257 militias
833 5168 951 5225 dux
988 5171 1103 5226 fuit
1150 5157 1518 5247 temporibus
1548 5179 1879 5239 Constantii
1912 5204 2014 5257 pa-

368 5250 474 5345 tris
494 5254 693 5345 magni
717 5256 1391 5335 Constantini,vixitque
1423 5284 1611 5338 usque
1643 5270 1717 5325 ad
1750 5250 2020 5345 tempora

361 5338 581 5394 Juliani
613 5345 1419 5423 Apostataaﬂomprehensus
1440 5364 1637 5413 autem
1665 5338 2017 5421 Christi-anas

365 5426 502 5523 ﬁdei
535 5446 730 5523 causa,
756 5438 1073 5506 quaestioni
1108 5442 1443 5513 subjicitur.
1479 5446 1744 5519 Cumque
1778 5460 2017 5523 aposta-

364 5521 484 5571 tam
518 5517 1087 5598 redargueret,quod
1110 5529 1228 5585 Deo
1258 5547 1396 5587 vero
1427 5517 1734 5602 derelicto,
1767 5517 1841 5597 ad
1866 5560 2019 5601 vana

364 5604 527 5699 idola
548 5611 830 5681 tanquam
850 5615 924 5669 ad
955 5617 1098 5675 deos
1123 5619 1491 5683 accessisset.
1514 5623 1770 5685 fustibus
1802 5648 2014 5699 cassus,

367 5688 649 5764 durisque
708 5705 1023 5763 tormentis
1087 5709 1459 5769 excruciatus
1526 5719 1632 5769 est.
1697 5688 2015 5792 Postquam

2040 3243 2092 3311 C

2119 1928 2255 2002 μετὰ
2280 1928 2541 2000 τελευτὴν
2570 1928 2835 1985 Ἰσαακίου
2865 1929 3245 1996 τελειωθῆναι.

2641 2054 2826 2111 MHNI
2880 2057 2966 2111 ΤΩ
3023 2056 3209 2111 ΑΥΤΩ
3225 2097 3239 2111 .

2916 2146 2969 2201 Δ,

2189 2233 2459 2307 ’Δθλησις
2508 2242 2610 2307 τῆς
2667 2236 2823 2314 ἆγίας
2869 2236 3142 2329 μάρτυρος
3183 2236 3299 2298 Ἴας
3329 2235 3417 2299 κςὶ
3445 2238 3552 2291 τῶν
3603 2232 3701 2289 σὺν

2853 2329 2994 2383 αυτῃ
3015 2353 3029 2367 ο

2191 2414 2340 2486 Αὕτη
2380 2414 2447 2483 ἦν
2505 2413 2593 2470 ἐπὶ
2656 2410 2944 2485 Σαϐωρίου
3006 2414 3279 2492 βασιλέως
3336 2416 3577 2490 Περσῶν,
3635 2431 3769 2481 πρε-

2119 2498 2390 2574 σϐυτάτην
2421 2499 2627 2580 ἔχουσα
2653 2505 2752 2573 τὴν
2813 2503 3056 2575 ἡλικίαν.
3093 2501 3419 2580 Συνελήφθη
3483 2498 3574 2557 οῦν
3638 2501 3774 2574 μετᾶ

2119 2591 2269 2648 ἐννεα
2301 2590 2575 2669 χιλιαδων
2609 2595 2941 2669 Χριστιανῶν
2998 2590 3403 2670 αἰχμαλώτων,
3460 2590 3608 2664 παρὰ
3659 2594 3769 2645 τῶν

2118 2682 2449 2759 ἀρχιμάγων
2498 2680 2781 2763 διαφόροις
2842 2685 3098 2760 βασάνοις
3153 2678 3590 2758 παραδοθέντων.
3643 2678 3776 2736 Μεθ’

2120 2771 2194 2828 ὧν
2214 2773 2303 2829 καὶ
2335 2776 2370 2844 ἠ
2416 2773 2654 2851 μακαρία
2708 2778 2829 2837 ταῖς
2882 2771 3179 2850 τιμωρίαις
3236 2771 3590 2845 ἐνεκαρτέρει,
3649 2765 3775 2839 ἥτις

2124 2864 2260 2936 μετὰ
2315 2862 2546 2919 πολλῶν
2618 2863 2864 2939 βασάνων
2927 2861 3107 2928 αῗκίας
3139 2907 3155 2936 ,
3211 2863 3312 2933 τὴν
3361 2857 3607 2937 κεφαλὴν
3668 2859 3772 2913 ἀπ-

2120 2974 2175 3008 ετ
2184 2954 2331 3027 μήθη
2342 2995 2354 3008 .

2124 3096 2230 3153 Καὶ
2284 3094 2518 3165 ἄθλησις
2568 3099 2668 3153 τοῦ
2720 3095 2878 3174 ἁγίου
2940 3098 3213 3174 μάρτυρος
3276 3090 3624 3165 Ἐλευθερίου
3680 3093 3780 3146 τοῦ

2697 3164 3160 3243 κοὶιόικουλαρίού
3183 3209 3198 3223 .

2198 3292 2566 3370 Ἐλευθέριος,
2599 3295 2626 3348 ὁ
2670 3296 2768 3349 τοῦ
2802 3294 3037 3367 Χριστοῦ
3073 3291 3299 3365 μάρτυς,
3328 3288 3395 3358 ἦν
3461 3284 3554 3361 μὶν
3589 3283 3651 3340 ἐκ
3676 3290 3778 3354 τῆς

2123 3382 2343 3446 πόλεως
2392 3382 2691 3454 Βυζαντίου
2722 3381 2808 3437 ἐπὶ
2839 3388 2942 3452 τῆς
2975 3377 3254 3458 βασιλείας
3301 3376 3666 3449 Μαξιμιανοῦ,
3702 3374 3779 3435 εἷς

2123 3481 2225 3545 τῆς
2256 3474 2570 3548 συγκλήτου
2604 3518 2620 3545 ,
2653 3472 2919 3548 εὐνοῦχος
2969 3468 3056 3543 δὲ,
3086 3467 3177 3525 καὶ
3204 3469 3285 3542 τῷ
3319 3464 3538 3544 βασιλεῖ
3566 3484 3783 3539 προσῳ-

2123 3564 2427 3637 κειωμένος
2459 3609 2472 3623 .
2535 3561 2688 3620 Ἐπεὶ
2745 3559 2802 3618 δὲ
2860 3560 3190 3637 εὐηρέστησε
3245 3557 3341 3633 μὶν
3386 3561 3468 3630 τῷ
3519 3558 3636 3627 Θεῷ
3693 3550 3783 3609 διὰ

2123 3663 2224 3725 τῆς
2253 3658 2363 3711 τῶν
2397 3652 2635 3711 ἐντολῶν
2667 3652 2836 3709 αὐτοῦ
2894 3649 3275 3717 διδασκαλίας,
3301 3647 3400 3704 οὐκ
3445 3648 3512 3717 ἦν
3547 3643 3605 3701 δὲ
3633 3664 3778 3699 τετε-

2125 3745 2428 3820 λειωμένος
2482 3749 2560 3819 τῷ
2616 3743 2745 3818 θείῳ
2806 3743 3163 3820 βαπτίσματι,
3203 3739 3294 3796 καί
3352 3736 3527 3795 θέλων
3592 3735 3782 3811 βαπτι-

2128 3838 2336 3908 σθῆναι,
2368 3837 2612 3913 ᾑτήσατο
2642 3837 2735 3890 τόν
2782 3833 3029 3910 βασιλέα,
3091 3831 3241 3888 ἐᾶσαι
3299 3830 3459 3885 αὐτὸν
3514 3823 3771 3882 ἀπελθεῖν

2126 3927 2201 3990 εἰς
2227 3928 2290 3983 τὸ
2319 3929 2639 4002 προάστειον
2687 3923 2873 3979 αὐτοῦ’
2929 3920 3018 3977 καὶ
3074 3920 3258 3996 τυχὼν
3322 3925 3422 3986 τῆς
3481 3915 3778 3984 αἲττςσεως,

2126 4016 2342 4086 ἀπῆλθε
2389 4013 2632 4084 πλησίον
2661 4017 2758 4068 τοῦ
2817 4013 3105 4086 Σαγγάρου
3162 4010 3437 4080 ποταμοῦ.
3471 4002 3573 4086 Καὶ
3606 4003 3773 4071 ποιη-

2126 4085 2233 4169 σας
2283 4106 2386 4161 ὑπὸ
2434 4112 2544 4180 ,γῆν
2588 4102 2833 4177 κρυπτὴν
2888 4085 3225 4167 ἐκκλησίαν,
3272 4095 3362 4149 καὶ
3411 4085 3772 4168 πρεσϐύτερον

2124 4196 2339 4274 ἀγαγὼν
2376 4239 2391 4266 ,
2450 4190 2747 4263 ἐϐαπτίσθη
2807 4192 2947 4247 ἐκεῖ·
3007 4189 3099 4244 καὶ
3157 4186 3330 4243 θέλων
3378 4183 3624 4259 ἐκφυγεῖν
3680 4182 3773 4274 τὸν

2132 4271 2379 4365 βασιλέα,
2439 4282 2841 4362 προεφασίσατο
2896 4280 3083 4337 νόσον.
3138 4277 3240 4333 Καὶ
3302 4274 3717 4365 μαθὼνᾲταῦτα
3749 4271 3777 4325 ὁ

2129 4362 2468 4450 Μαειμιανὸς
2524 4369 2853 4449 παρεγίνετο
2909 4369 2999 4426 ἐπὶ
3044 4368 3137 4425 τὸν
3191 4366 3383 4436 τόπον,
3441 4363 3533 4420 καὶ
3595 4362 3778 4422 αὐτοῖς

2127 4467 2437 4545 ὀφθαλμοῖς
2467 4461 2597 4518 ίδὼν
2628 4463 2721 4518 τὸν
2749 4462 2874 4517 ναὸν
2912 4504 2926 4531 ,
2957 4459 3048 4516 καὶ
3076 4459 3174 4528 τήν
3208 4457 3505 4529 εὐκοσμίαν
3555 4455 3658 4508 τοῦ
3685 4463 3779 4545 θυῗ

2129 4542 2446 4632 σιαστηρίου
2480 4599 2496 4626 ,
2547 4552 2794 4632 ὠργίσθη
2831 4572 2845 4587 ο
2922 4550 3013 4606 καὶ
3068 4550 3341 4627 κρατήσας
3395 4546 3555 4602 αὐτὸν
3589 4588 3602 4614 ,
3687 4542 3780 4598 καὶ

2050 4609 2097 4676 D
2424 4609 2981 4722 βασανίσας,
3014 4609 3240 4716 ὕστερον
3272 4609 3690 4715 ἀπεκεφάλισεν.

2692 4789 2875 4848 MllNl
2907 4788 3000 4845 ἸὮ
3030 4788 3220 4843 AUC.

2926 4877 2981 4933 Ε.

2271 4972 2372 5027 Καὶ
2402 4968 2636 5041 ἄθλησις
2681 4972 2778 5024 τοῦ
2831 4967 2985 5044 ἁγίου
3018 4966 3291 5042 μάρτυρος
3319 4959 3633 5034 Εὐσιγνίου.

2201 5090 2511 5166 Εὐσίγνιος,
2571 5088 2599 5143 ὁ
2641 5092 2738 5143 τοῦ
2801 5087 3044 5157 Χριστοῦ
3089 5082 3313 5156 μάρτυς,
3362 5078 3431 5147 ἦν
3467 5077 3571 5166 μὶν
3596 5075 3656 5130 ἐκ
3682 5080 3782 5143 τῆς

2135 5177 2382 5256 μεγάλης
2413 5178 2776 5254 Ἀντιοχείας,
2800 5177 2985 5253 γέγονε
3030 5170 3090 5227 δὲ
3146 5167 3444 5245 στρατηγὸς
3495 5165 3778 5256 Κώνστανῖ

2128 5291 2223 5333 τος
2289 5274 2387 5325 τοῦ
2445 5269 2649 5343 πατρὸς
2704 5271 2801 5321 τοῦ
2862 5260 3109 5338 μεγάλου
3168 5258 3579 5314 Κωνσταντίνου
3614 5274 3627 5288 ·
3684 5252 3777 5310 καὶ

2131 5357 2418 5435 διαρκέσας
2481 5340 2680 5433 μέχρις
2729 5347 3037 5411 Ἰουλιανοῦ
3085 5352 3182 5403 τοῦ
3256 5340 3581 5435 ,παραὸἀτου
3618 5390 3632 5414 ,
3688 5343 3781 5435 καί

2125 5433 2412 5525 κρατηθεὶς
2466 5448 2539 5510 ὡς
2600 5443 2921 5522 Χριστιανὸς
3001 5435 3155 5514 ἤχθη
3224 5434 3301 5499 εἷς
3351 5434 3628 5507 ἐξέτασιν’
3689 5433 3777 5489 καὶ

2128 5538 2345 5615 ἐλέγξας
2373 5537 2465 5592 τὸν
2518 5529 2861 5612 παραϐάτην,
2921 5530 2995 5591 ὡς
3045 5528 3137 5582 τὸν
3212 5525 3391 5598 ἀληθῆ
3454 5526 3583 5581 Θεὸν
3614 5545 3778 5580 κατα-

2128 5614 2379 5698 λιπόντα,
2413 5628 2503 5683 καὶ
2531 5631 2649 5688 τοῖς
2694 5622 2949 5697 ματαίοις
3006 5614 3263 5680 εἰδώλοις
3297 5615 3671 5693 προσελθοντα
3701 5614 3774 5676 ὡς

2125 5719 2293 5790 θεοῖς,
2348 5717 2563 5791 ἐξετάθη
2597 5714 2676 5778 εἷς
2710 5712 2994 5789 μάστιγας.
3054 5707 3157 5765 Καὶ
3213 5706 3551 5785 τιμωρηθεὶς
3613 5703 3777 5777 ἰσχυ-
