4128 6460
326 384 456 446 573

1834 374 2282 439 AUGUSTUS.

3635 379 3758 440 574

330 520 468 590 ρῶς,
530 512 752 588 ἐπείπερ
806 515 927 575 ταῖς
993 509 1238 585 πληγαις
1301 508 1645 578 κατεπονηθη
1681 506 1835 579 (ἐτῶν
1895 505 1987 581 γὰρ

2115 512 2314 564 autem
2344 507 2534 580 plagis
2563 524 2714 580 pene
2742 509 3047 567 confectus
3078 516 3236 567 esset
3263 511 3414 583 (erat
3462 513 3621 567 enim
3653 530 3757 568 an-

326 605 397 673 ἦν
438 603 628 658 ἒκατὸν
662 599 814 676 δέκα)
850 598 1127 677 ἀπερρίφη
1183 598 1236 653 ἐν
1284 595 1526 677 φυλακῇ.
1579 596 1677 651 Καὶ
1732 595 1866 669 μετά
1913 614 1999 649 τι-

329 715 434 756 νας
464 691 678 769 ἡμέρας
713 694 816 762 τῆς
874 690 1122 770 φυλαγῆς
1183 682 1496 759 ἐκϐληθεὶς,
1553 684 1644 741 καὶ
1702 683 1868 740 πάλιν
1921 687 2000 756 τῷ

328 780 628 858 παραϐἀτῃ
696 781 976 857 παραστὰς
1059 780 1396 855 ἠναγκάζετο
1481 776 1813 852 ἀρνήσασθαι
1902 774 1997 847 μὲν

323 874 429 928 τὸν
459 873 717 949 Χριστὸν,
752 873 907 926 θῦται
950 868 1008 926 δὲ
1064 876 1181 932 τοῖς
1240 867 1515 932 εἰδώλοις.
1577 865 1681 922 Καὶ
1745 865 1820 939 μή
1880 883 2003 917 πει-

327 960 503 1027 σθεὶς,
535 958 683 1015 ἀλλά
713 964 883 1015 πάλιν
934 956 1153 1033 ἐλέγξας
1207 956 1303 1012 τὸν
1361 955 1641 1032 τύραννον,
1700 951 1838 1028 ξίφει
1897 950 1997 1017 τήν

326 1049 580 1126 κεραλήν
606 1050 923 1123 ἀπετμήθη
958 1045 1050 1104 καὶ
1102 1046 1276 1109 οὕτως
1326 1043 1646 1114 ἐτελειώθη,
1696 1035 1995 1097 ἀπολαϐὼν

323 1142 590 1218 στέφανον
623 1140 960 1216 ἀμάραντον,
991 1137 1085 1192 καὶ
1119 1138 1266 1207 ζωὴν
1298 1134 1546 1195 αἰώνιον.

888 1349 1072 1408 MHNI
1112 1350 1206 1405 Tn
1242 1350 1440 1418 Am,

1147 1438 1188 1507 ζ’

326 1531 400 1586 Ἡ
464 1530 891 1607 μεταμόριρωσις
943 1531 1043 1584 τοῦ
1111 1525 1315 1614 Κυρίου
1381 1528 1543 1600 ἡμῶν
1613 1525 1791 1596 Ἰησοῦ
1853 1529 1996 1600 Χρι-

1088 1620 1240 1658 στου.

407 1712 431 1731 ν
578 1707 633 1726 Νι
840 1710 853 1726 ς
1000 1709 1013 1726 \
1143 1704 1198 1726 NI
1922 1709 1950 1720 αι

433 1712 642 1778 Επειοη
674 1706 864 1766 πολλα
892 1728 1017 1784 περι
1047 1722 1309 1763 κινουνων
1361 1705 1453 1762 καί
1508 1726 1668 1761 τινων
1729 1703 1990 1779 λυπηρων

330 1800 361 1853 ὁ
395 1800 630 1869 Χριστὸς
659 1799 800 1874 πρὸς
827 1798 956 1860 τοὺς
1004 1797 1252 1871 μαθητὰς
1301 1793 1587 1871 διελέχθηί
1645 1794 1735 1850 καὶ
1783 1794 1849 1850 τὰ
1900 1795 1996 1868 μὲν

2103 613 2318 653 norum
2350 603 2591 653 centum
2622 614 2689 654 ac
2721 599 3043 672 decem),in
3060 617 3362 656 carcerem
3385 600 3756 656 detruditur:

2104 687 2261 743 unde
2292 687 2523 760 aliquot
2551 695 2681 759 post
2703 689 2912 744 diebus
2937 690 3516 759 eductus,etiterum
3535 692 3598 745 in
3614 708 3756 747 con-

2106 782 2377 849 spectum
2399 785 2682 849 apostataa
2714 780 3056 851 productus,
3075 780 3547 852 compellebatur
3561 781 3762 837 Chris-

2106 871 2232 921 tum
2251 867 2571 940 abnegare,
2604 873 2663 923 et
2693 868 2873 924 idolis
2896 870 3254 926 sacriﬁcare.
3291 870 3401 926 Sed
3427 887 3561 926 cum
3597 870 3669 926 ad
3702 872 3763 927 id

2108 955 2311 1011 induci
2340 972 2462 1012 non
2496 964 2719 1028 posset,
2779 959 2926 1029 quin
2982 959 3181 1031 potius
3214 966 3530 1031 tyrannum
3557 978 3764 1016 rursus

2110 1045 2469 1116 increparet,
2500 1046 2698 1118 gladio
2731 1054 2910 1119 caput
2939 1050 2992 1103 ei
3031 1055 3375 1120 amputatur
3404 1066 3417 1104 :
3471 1056 3650 1121 atque
3680 1050 3763 1106 ita

2108 1134 2383 1202 decessit,
2462 1153 2744 1192 coronam
2802 1137 3382 1209 immarcescibilem,
3456 1140 3757 1211 vitamque

2105 1229 2390 1280 aeternam
2420 1223 2690 1298 adeptus.

2652 1344 2894 1400 EODEM
2940 1346 3084 1401 MEN
3091 1345 3193 1403 SE.

2793 1446 2897 1501 Die
2947 1452 3114 1501 sexta

2175 1546 2330 1601 194
2364 1547 2804 1618 Transﬁguratio
2833 1549 3056 1603 Domini
3084 1549 3264 1604 nostri
3296 1549 3423 1604 Jesu
3452 1547 3675 1605 Christi.

2171 1712 2494 1783 Postquam
2524 1711 2714 1767 multa
2745 1711 2815 1767 de
2848 1712 3151 1783 periculis,
3189 1711 3442 1782 aliisque
3484 1710 3752 1765 molestis

2102 1802 2280 1858 rebus
2303 1803 2378 1859 ad
2409 1803 2736 1875 discipulos
2769 1820 2906 1859 suos
2957 1803 3228 1859 Christus
3260 1804 3664 1869 disseruisset,
3700 1806 3758 1855 et

327 1888 472 1958 ἦσαν
507 1885 559 1941 ἐν
602 1891 685 1959 τῷ
743 1884 969 1960 παρόντι
1031 1884 1157 1960 βίῳ,
1217 1885 1283 1938 τὰ
1342 1882 1398 1939 δὲ
1453 1883 1629 1959 ἀγαθὰ
1685 1881 1736 1937 ἐν
1788 1882 1987 1953 ἐλπίσι,

2106 1893 2487 1965 hmcquidem
2520 1911 2648 1949 esse
2668 1894 2729 1949 in
2758 1894 3040 1966 praisenti
3070 1893 3381 1961 vita,bona
3410 1910 3544 1948 vero
3566 1894 3628 1947 in
3650 1908 3752 1964 spe

331 1972 686 2052 βουλόμενος
745 1972 944 2039 αὐτοὺς
999 1972 1448 2051 πληροφορῆσαι,
1524 1972 1618 2027 καί
1670 1968 1859 2042 δεῖξαι,
1916 1972 1999 2035 τίς

327 2066 481 2121 ἐστιν
513 2066 548 2134 ἡ
582 2061 712 2135 δόξα
763 2063 963 2134 ἐκείνη,
1019 2064 1138 2137 μεθ’
1197 2062 1264 2131 ἧς
1327 2058 1519 2136 μέλλει
1579 2063 1995 2138 παραγενέσθαι,

326 2151 592 2231 ἀναφέρει
623 2152 824 2215 αὐτοὺς
855 2151 932 2215 εἷς
966 2147 1093 2225 ὅρος
1130 2150 1342 2226 ὑψηλὸν
1375 2153 1492 2206 κατ’
1524 2147 1685 2220 ἰδίαν,
1715 2150 1807 2205 καὶ
1842 2171 1995 2224 μετε-

327 2242 610 2320 μορφώθη
644 2237 949 2316 ἔμπροσθεν
983 2240 1192 2311 αὐτῶν,
1218 2241 1309 2295 καὶ
1365 2238 1607 2315 ἔλαμψεν
1654 2239 1717 2295 τὸ
1764 2242 1992 2315 πρόσω-

322 2356 433 2390 πον
468 2332 635 2388 αὐτοῦ
698 2332 772 2395 ὡς
803 2332 831 2387 ὁ
861 2332 1049 2403 ἣλιος,
1092 2332 1160 2387 τὰ
1209 2329 1266 2386 δὲ
1315 2332 1510 2404 ἱμάτια
1559 2327 1725 2386 αὖτοῦ
1783 2329 1993 2406 ἐγένετο

323 2422 584 2498 λαμπρὰ,
618 2424 695 2485 ὡς
725 2424 788 2477 τὸ
840 2425 975 2500 φῶς.
1023 2422 1129 2479 Καὶ
1181 2417 1440 2499 ὤφθησαν
1495 2420 1683 2483 αὐτοῖς
1731 2427 1989 2491 Μωυσῆς,

318 2514 418 2569 καί
447 2511 645 2575 Ἠλίας
699 2514 818 2586 μετ’
876 2511 1041 2567 αὐτοῦ
1092 2509 1519 2574 συλλαλοῦντες.
1565 2509 1701 2572 Τοὺς
1757 2515 1901 2586 τρεῖς,
1933 2507 1990 2565 δὲ

325 2603 533 2676 μόνους
569 2605 681 2657 τῶν
738 2597 927 2657 ἄλλων
983 2595 1406 2676 παραλαμϐάνει
1465 2600 1540 2662 ὡς
1598 2600 1986 2675 ὑπερέχοντας⁶

322 2695 570 2762 Μωύσῆς
604 2690 663 2747 δὲ
690 2692 783 2745 καὶ
843 2689 1038 2747 Ἠλίαν
1097 2697 1172 2753 είς
1227 2689 1390 2764 μέσον
1448 2690 1704 2765 παράγει,
1755 2690 1852 2751 τὰς
1911 2688 1988 2752 εἷς

325 2785 492 2838 αυτὸν
521 2782 622 2837 οὐκ
648 2780 815 2857 ὀρθὰς
847 2780 1105 2842 ὑπονοίας
1136 2780 1283 2855 παρά
1309 2784 1430 2841 τοῖς
1468 2777 1709 2841 πολλοῖς
1759 2785 1986 2855 γινομέ-

325 2893 423 2936 νας
506 2869 918 2947 διορθούμενος.
1004 2866 1233 2938 Ἐπειδή
1292 2871 1394 2945 γάρ
1449 2887 1592 2930 τινες
1670 2869 1765 2941 μὶν
1826 2867 1984 2922 αὐτὸν

330 2960 526 3015 Ἠλίαν
554 2955 765 3036 ἔλεγον,
798 2957 963 3015 ἄλλοι
996 2956 1056 3013 δὲ
1083 2956 1370 3034 Ἱερεμίαν·
1415 2953 1507 3012 διὰ
1551 2961 1714 3012 τοῦτο
1757 2955 1985 3018 τούτους

346 3049 687 3119 παρέστησεν,
709 3047 805 3104 ἵνα
834 3053 954 3111 τοῖς
1015 3050 1291 3121 μαθηταῖς
1342 3045 1490 3122 δείξῃ
1539 3047 1604 3103 τὸ
1657 3047 1818 3120 μέσον
1875 3051 1984 3101 τῶν

350 3134 563 3192 δούλων
590 3139 669 3193 καί
696 3143 797 3195 τοῦ
831 3139 1129 3207 Δεσπότου,
1160 3137 1253 3192 καὶ
1310 3138 1720 3214 πληροφορήσῃ
1769 3135 1982 3206 αὐτοὺς,

336 3225 423 3281 ὅτι
454 3226 542 3281 καί
571 3228 820 3299 Θανάτου,
853 3229 944 3284 καὶ
979 3233 1125 3298 ζωῆς
1158 3225 1400 3300 ἐξουσίαν
1431 3225 1571 3302 ἔχει.

883 3336 1066 3393 ΜΗΝΙ
1104 3340 1189 3389 ΤΩ
1229 3338 1428 3392 ΔΥΤΩ.

1138 3432 1191 3483 z.

541 3516 814 3589 ’Ἀθλησις
842 3520 939 3572 τοῦ
969 3516 1122 3593 ἁγίου
1157 3515 1437 3593 μάρτυρος
1467 3516 1753 3589 Δομετίου.

398 3636 666 3711 Δομέτιος
696 3637 726 3691 ὁ
754 3639 851 3691 τοῦ
880 3638 1118 3711 Χριστοῦ
1151 3637 1358 3710 μάρτυς
1390 3634 1457 3704 ἧν
1503 3634 1597 3708 μὲν
1650 3633 1737 3689 ἐπὶ
1789 3654 1988 3711 τυραν-

318 3722 476 3791 νίδος
509 3725 818 3782 Ἰουλιανοῦ
844 3729 944 3781 τοῦ
1001 3719 1319 3802 παραϐάτου
1350 3724 1409 3779 ἐκ
1434 3729 1534 3790 τῆς
1579 3725 1768 3800 ’χώρας
1829 3732 1986 3799 Φρυ-

318 3816 475 3890 γίας.
507 3816 683 3887 Ὁρῶν
717 3812 776 3871 δὶ
803 3814 932 3880 τοὺς
978 3812 1374 3891 προκειμένους
1425 3819 1504 3887 τῷ
1544 3815 1793 3891 τυράννῳ
1842 3811 1992 3869 πολ-

322 3906 461 3970 λοὺς
501 3901 684 3974 ὄντας,
737 3904 828 3960 καὶ
888 3906 1009 3960 καθ’
1071 3905 1300 3975 ἑκάστην
1361 3903 1842 3978 προστιθεμένους,
1896 3905 1985 3959 καὶ

318 3996 698 4071 ἀρνουμένους
750 3995 845 4067 μὲν
901 3995 994 4050 τὸν
1074 3995 1329 4071 Χριστὸν,
1413 3997 1848 4069 προσκυνοῦντας
1931 3989 1989 4048 δὲ

317 4090 443 4147 τοῖς
477 4082 756 4153 εἰδώλοις,
800 4083 1109 4161 ἐδυσφόρει,
1167 4084 1258 4138 καὶ
1316 4083 1631 4158 ἠγανάκτει,
1690 4084 1778 4139 καὶ
1837 4082 1984 4159 λύπῃ

321 4173 515 4248 πολλῇ
549 4175 853 4249 συνείχετο,
889 4174 978 4231 Ἐν
1010 4176 1109 4247 μιᾷ
1140 4170 1230 4228 οὖν
1280 4178 1389 4228 τῶν
1442 4175 1666 4247 ἡμερῶν
1719 4170 1990 4250 ἷπποδρο-

323 4263 457 4338 μίας
490 4259 945 4336 ἐπιτελουμένης,
1004 4261 1097 4317 καὶ
1144 4262 1331 4326 θυσίας
1380 4263 1832 4341 προσφερομένης
1868 4269 1985 4326 τοῖς

320 4353 653 4430 ἀκαθάρτοις
685 4349 966 4427 δαίμοσιν,
1019 4351 1126 4428 οὐχ
1179 4353 1487 4426 ὑπέμεινεν·
1543 4350 1691 4408 ἀλλᾶ
1735 4351 1988 4423 ζηλώσας

324 4441 484 4515 ζήλῳ
515 4446 700 4515 θεῖκῷ,
753 4439 880 4515 ἔστη
943 4442 1106 4515 μέσον
1167 4444 1264 4497 τοῦ
1322 4444 1570 4518 θεάτρου,
1629 4442 1719 4498 καὶ
1777 4441 1987 4518 μεγάλῃ

322 4537 480 4611 φωνῇ
512 4534 606 4589 τόν
637 4554 697 4588 τε
735 4534 1045 4605 ἀποστάτην
1109 4533 1407 4590 Ἰουλιανὸν
1464 4533 1836 4607 ἀνεθεμάτισε,
1894 4535 1985 4589 καί

2108 1984 2699 2053 afﬁrmasset,volens
2730 1984 2803 2040 iis
2834 1983 3267 2050 demonstrare,
3301 1999 3581 2054 quaenam
3598 1987 3756 2037 esset

2106 2074 2210 2129 illa
2229 2074 2436 2147 gloria,
2461 2090 2596 2129 cum
2627 2090 2745 2145 qua
2774 2079 3056 2129 venturus
3093 2077 3238 2138 erat,
3298 2072 3623 2143 assumpsit
3652 2088 3754 2126 eos

2104 2164 2164 2219 in
2198 2170 2463 2220 montem
2495 2163 2793 2220 excelsum
2810 2167 3170 2229 seorsum,et
3187 2162 3644 2235 transﬁguratus
3666 2164 3758 2215 est

2104 2269 2305 2309 coram
2338 2254 2461 2309 eis:
2496 2259 2554 2307 et
2584 2251 2958 2324 resplenduit
3007 2252 3190 2308 facies
3250 2252 3379 2322 ejus
3430 2251 3584 2305 sicut
3640 2249 3753 2319 sol,

2101 2344 2453 2399 vestimenta
2474 2348 2671 2398 autem
2696 2342 2825 2413 ejus
2854 2342 3009 2397 facta
3029 2345 3169 2397 sunt
3198 2339 3513 2413 splendida
3543 2343 3609 2394 ut
3629 2338 3751 2394 lux.

2099 2434 2170 2488 Et
2198 2437 2605 2505 apparuerunt
2636 2432 2756 2486 illis
2787 2433 3013 2503 Moyses
3072 2436 3131 2486 et
3178 2430 3359 2498 Elias,
3392 2446 3528 2486 cum
3560 2445 3630 2484 eo
3660 2428 3751 2483 lo-

2100 2529 2372 2595 quentes.
2397 2524 2538 2578 Tres
2581 2529 2780 2578 autem
2841 2527 3070 2577 tantum
3120 2537 3191 2576 ex
3231 2520 3353 2575 illis
3406 2518 3750 2590 assumpsit,

2099 2618 2385 2684 tanquam
2419 2611 2890 2668 excellentiores.
2927 2613 3184 2684 Moysem
3213 2626 3350 2666 vero
3383 2616 3443 2665 et
3471 2610 3659 2665 Eliam
3690 2609 3752 2663 in

2098 2703 2363 2758 medium
2392 2701 2691 2773 produxit,
2724 2706 2790 2755 ut
2819 2701 3017 2757 minus
3038 2708 3231 2756 rectas
3261 2700 3752 2772 opiniones,quas

2099 2792 2273 2847 multi
2305 2792 2376 2846 de
2422 2807 2484 2846 se
2543 2790 2863 2859 habebant,
2922 2791 3268 2864 corrigeret.
3311 2792 3454 2845 Nam
3504 2789 3747 2860 quidam

2099 2880 2293 2952 ipsum
2324 2880 2515 2935 Eliam
2574 2880 2874 2945 dicebant,
2907 2880 3009 2935 alii
3046 2881 3365 2935 Jeremiam
3392 2895 3404 2932 :
3438 2884 3615 2950 atque
3648 2878 3748 2932 id-

2097 2969 2253 3024 circo
2278 2969 2423 3024 istos
2454 2967 2721 3035 adduxit,
2752 2974 2818 3022 ut
2865 2968 3175 3039 discipulis
3231 2967 3594 3033 ostenderet,
3628 2966 3750 3022 dis-

2098 3058 2326 3113 crimen
2382 3073 2512 3112 esse
2554 3057 2713 3111 inter
2758 3072 2958 3111 servos
3017 3061 3074 3110 et
3126 3056 3443 3111 Dominum
3487 3074 3500 3125 ;
3544 3056 3749 3127 eisque

2094 3145 2499 3220 persuaderet,
2559 3162 2622 3201 se
2679 3146 2890 3202 mortis
2940 3146 3192 3217 vitaque
3242 3150 3599 3218 potestatem
3640 3145 3748 3201 ha-

2018 3248 2069 3314 c
2096 3236 2258 3293 bere.

2654 3335 2898 3391 EODEM
2935 3335 3187 3391 MENSE.

2731 3425 2831 3482 Die
2872 3425 3127 3497 septima

2367 3516 2654 3571 Certamen
2700 3517 2883 3571 sancti
2921 3516 3158 3570 Dometii
3184 3518 3472 3586 martyris.

2166 3634 2384 3704 Martyr
2413 3632 2633 3688 Christi
2663 3630 2991 3700 Dometius,
3025 3632 3403 3704 tyrannidem
3435 3637 3749 3689 exercente

2093 3721 2329 3777 Iuliano
2362 3723 2754 3793 Apostata,ex
2780 3720 3024 3794 regione
3055 3722 3324 3793 Phrygia;
3349 3720 3484 3776 fuit.
3530 3721 3748 3777 Videris

2096 3819 2295 3868 autem
2327 3810 2665 3883 complures
2698 3816 2951 3883 tyranno
2972 3828 3200 3866 morem
3222 3816 3514 3884 gerere,et
3539 3810 3600 3866 in
3623 3810 3750 3866 dies

2097 3903 2298 3977 augeri
2332 3918 2537 3958 eorum
2565 3917 2905 3969 numerum,
2938 3901 3035 3973 qui
3071 3900 3370 3957 Christum
3422 3902 3747 3973 ejurarent,

2095 3999 2155 4048 et
2183 3992 2345 4047 idola
2370 3991 2672 4057 colerent;
2706 3989 3035 4046 molesteid
3066 3990 3310 4059 ferebat,
3344 3991 3545 4047 animo
3560 4007 3747 4064 ange-

2095 4083 2289 4151 batur,
2325 4097 2676 4153 summaque
2738 4081 2980 4136 tristitia
3038 4081 3430 4137 afﬁciebatur.
3483 4082 3746 4148 Quadam

2095 4171 2275 4245 igitur
2305 4171 2399 4226 die
2432 4187 2566 4226 cum
2589 4169 2715 4225 ludi
2749 4170 3047 4225 circenses
3071 4170 3367 4226 ﬁerentet
3383 4170 3745 4226 sacriﬁcium

2096 4261 2423 4318 immundis
2441 4259 2754 4316 daemoniis
2768 4260 3169 4323 oﬂ‘erretur,id
3186 4261 3439 4316 tolerare
3457 4262 3743 4333 nequivit;

2096 4351 2199 4409 sed
2230 4351 2428 4407 divino
2450 4349 2573 4405 zelo
2608 4348 3037 4411 inﬂammatus,
3062 4350 3125 4404 in
3152 4349 3415 4405 medium
3436 4356 3742 4422 spectacu-

2094 4440 2219 4495 lum
2247 4439 2547 4506 exsiliens,
2583 4437 2702 4492 alta
2731 4451 2871 4491 voce
2902 4440 3246 4507 Apostatam
3267 4437 3566 4492 Julianum
3599 4452 3743 4492 ana-

2094 4532 2513 4599 thematizavit,
2545 4531 2695 4587 195
2717 4529 3065 4586 idololatras
3087 4530 3479 4602 consputavit,
3505 4536 3564 4586 et
3590 4531 3742 4587 falso

319 4619 452 4683 τοὺς
486 4617 1030 4696 εἷδωλολατροῦντας
1062 4617 1364 4689 διέπτυσεν,
1395 4621 1484 4675 καὶ
1525 4620 1653 4684 τοὺς
1702 4617 1980 4694 ψευδωνύ-

2102 4622 2335 4677 nomine
2362 4619 2693 4692 appellatos
2724 4617 2867 4674 deos
2886 4619 3445 4686 risit.Quamobrem
3472 4636 3741 4693 compre-

328 4730 464 4785 μους
521 4708 677 4774 θεοὺς
731 4706 1021 4785 ἑχλιύασε.
1077 4710 1379 4782 Κρατηθεῖς
1463 4709 1584 4781 οὗν,
1659 4709 1751 4765 καὶ
1810 4708 1981 4772 δεθεὶς

323 4798 610 4877 ἀσφαλῶς,
643 4795 917 4873 παρεδόθη
946 4803 1026 4872 τῷ
1057 4796 1309 4874 ἄρχοντι*
1342 4799 1431 4855 καὶ
1464 4796 1680 4862 πολλὰς
1715 4798 1980 4874 βασάνους

326 4890 589 4959 ὑποστὰς,
619 4887 953 4959 ἀπεκλείσθη
987 4887 1064 4950 εἰς
1122 4887 1395 4967 φυλακήν.
1445 4887 1549 4945 Καὶ
1611 4890 1747 4963 μετά
1790 4887 1980 4966 ὀλίγας

318 4979 533 5054 ἡμέρας
558 4983 658 5048 τῆς
710 4974 959 5053 φυλακῆς
1018 4970 1324 5047 ἐκϐληθεὶς,
1383 4978 1472 5033 καὶ
1531 4978 1982 5053 καταναγκασθεὶς

319 5069 657 5145 ἀρνήσασθαι
692 5068 786 5123 τὸν
817 5067 1073 5143 Χριστὸν,
1104 5070 1195 5123 καὶ
1248 5069 1324 5141 μή
1374 5070 1636 5141 πεισθεὶς,
1693 5070 1831 5149 ξίφει
1878 5072 1979 5141 τὴν

318 5158 470 5235 ἱερὰν
505 5159 671 5215 αὐτοῦ
701 5158 948 5232 κεφαλὴν
980 5158 1298 5232 ἀπετμήθη.

320 5274 430 5335 Καὶ
488 5278 525 5345 ἡ
580 5274 884 5349 ἀνάμνησις
950 5281 1064 5353 τῆς,
1138 5273 1489 5353 καταλύσεως
1563 5281 1671 5333 τῶν
1758 5282 1980 5353 Περσῶν

874 5346 969 5401 καὶ
996 5342 1105 5402 τῶν
1141 5342 1416 5424 Ἀϐἅρων.

392 5446 516 5504 Ἐπὶ
570 5452 673 5516 τῆς
735 5443 1015 5521 βασιλείας
1076 5444 1427 5522 Ἡρακλείου,
1486 5447 1745 5526 Χοσρόης
1789 5447 1819 5503 ὁ
1870 5453 1979 5505 τῶν

317 5541 541 5613 Περσῶν
596 5533 854 5611 βασιλεὺς
915 5534 1198 5592 ἀπέστειλε
1257 5538 1562 5613 στρατηγὸν
1625 5538 1760 5610 μετά
1817 5535 1978 5593 δυνά-

324 5649 473 5705 μεως
523 5624 747 5696 πολλῆς
807 5623 966 5685 λαοῦ.
1030 5625 1125 5681 Καὶ
1211 5628 1539 5704 κατέστρεψε
1603 5634 1776 5685 πᾶσαν
1839 5630 1982 5687 Ῥω-

325 5718 530 5794 μαῖκὴν
556 5715 862 5775 πολιτείαν.
895 5716 1071 5773 Ἶίλθε
1128 5713 1186 5771 δὲ
1227 5717 1318 5773 καὶ
1377 5718 1405 5772 ὁ
1459 5717 1621 5782 αὐτὸς
1677 5720 1978 5797 στρατηγὸς

318 5807 412 5865 καὶ
475 5807 646 5885 μέχρι
706 5801 1096 5881 Χαλκηδόνος,
1156 5804 1501 5884 βουλόμενος
1566 5814 1832 5884 κρατῆσαι
1887 5808 1979 5867 καὶ

2096 4712 2337 4777 hensus,
2391 4709 2689 4780 arctisque
2745 4709 2996 4765 vinculis
3064 4710 3441 4776 constrictus,
3499 4710 3742 4782 praesidi

2094 4801 2384 4856 traditur:
2417 4814 2674 4870 cumque
2704 4798 2983 4870 plurimis
3017 4799 3325 4871 suppliciis
3353 4804 3541 4856 tortus
3555 4804 3738 4868 esset,

2091 4893 2153 4948 in
2184 4907 2485 4948 carcerem
2518 4888 2838 4961 conjicitur
2860 4906 2873 4945 :
2899 4890 3056 4946 unde
3087 4891 3295 4963 paucis
3342 4896 3479 4964 post
3530 4892 3743 4948 diebus

2093 4988 2411 5049 extractus,
2440 4978 2911 5051 compellebatur
2953 4981 3253 5036 Christum
3313 4984 3566 5053 ejurare.
3629 4982 3743 5038 Sed

2090 5087 2226 5127 cum
2252 5071 2313 5127 id
2344 5069 2537 5126 facere
2570 5068 3092 5141 recusaret,gladio
3113 5087 3347 5128 sacrum
3379 5072 3543 5127 illius
3563 5076 3745 5143 caput

2092 5166 2466 5233 amputatum
2495 5158 2628 5214 iuit.

2274 5270 2343 5323 Et
2374 5268 2640 5323 memoria
2664 5267 2829 5323 cazdis
2858 5268 3152 5325 Persarum
3190 5275 3243 5324 et
3262 5268 3595 5324 Abaroru-m.

2162 5457 2433 5515 Heraclio
2492 5457 2851 5531 imperatore
2906 5458 3212 5526 Chosroes,
3270 5459 3584 5516 Persarum
3640 5474 3746 5515 rex

2092 5548 2303 5605 ducem
2336 5549 2498 5604 misit
2525 5566 2660 5605 cum
2691 5548 2888 5622 magni
2912 5549 3205 5604 exercitus
3238 5549 3535 5617 robore,et
3556 5555 3741 5606 totam

2091 5639 2422 5695 Romanam
2452 5636 2744 5694 ditionem
2776 5638 3136 5706 devastavit;
3199 5644 3378 5712 atque
3434 5641 3561 5712 ipse
3618 5639 3738 5695 dux

2089 5728 2525 5785 Chalcedonem
2578 5744 2769 5801 usque
2816 5729 3115 5802 profectus
3146 5734 3256 5797 est,
3289 5732 3557 5804 cogitans
3577 5733 3738 5788 Con-

2090 5817 2535 5892 stantinopolim
2584 5819 2764 5876 etiam
2796 5819 2861 5875 in
2887 5822 3245 5891 potestatem
3273 5821 3565 5894 redigere.
3595 5825 3739 5880 Cum
