4128 6428
349 371 470 431 575

1581 373 2021 435 MENOLOGII
2070 373 2267 434 PARS
2317 373 2424 431 III.

3653 370 3771 430 5'76

353 511 553 561 autem
581 506 756 562 vellet
787 505 1089 561 Heraclius
1146 507 1355 561 Persas
1413 506 1770 576 distrahere,
1829 507 2000 578 eique

2131 510 2215 573 τῆς
2270 499 2918 563 Κωνσταντινουπόὶεως.
2977 499 3162 557 Θὲλων
3244 496 3302 556 δὶ
3361 500 3388 555 6
3445 498 3773 576 Ἡράκλειος

351 613 410 652 m
441 597 611 652 litum
632 595 798 667 copia
813 613 932 650 non
947 594 1423 662 adesset,relicta
1439 597 1692 652 civitatis
1717 613 1858 652 cura
1880 596 2003 652 filio

353 704 459 742 suo
489 687 899 746 Constantino,
936 684 1088 739 clam
1118 685 1456 757 egreditur;
1486 704 1552 743 ac
1575 687 1768 744 navim
1794 703 2004 743 ascen-

355 776 526 843 dens,
550 778 612 830 in
648 775 810 830 Ponti
836 776 1035 830 fauces
1069 782 1280 841 evasn,
1317 778 1512 833 Persis
1549 779 1819 834 occultus
1845 795 1857 832 :
1883 776 2004 833 col-

351 865 626 936 lectoque
657 864 919 919 exercitu
953 865 1012 918 in
1029 866 1331 920 Persidem
1357 866 2005 940 discedens,regionem

351 955 662 1010 destruxit.
695 954 925 1010 Certior
954 971 1088 1009 vero
1116 956 1305 1010 factus
1337 956 1665 1012 Abarorum
1704 956 2005 1028 princeps,

2113 594 2561 666 ἀντιπερισπάσαι
2617 591 2744 655 τοὺς
2802 591 3030 667 Πέρσας,
3092 592 3229 646 λαοῦ
3289 591 3534 666 ἀπορῶν,
3609 611 3772 646 κατα-

2114 681 2290 738 λιπὼν
2322 682 2422 750 τὴν
2454 681 2619 737 πόλιν
2645 685 2725 754 τῷ
2755 680 2859 753 υἱῷ
2891 679 3056 736 αὐτοῦ
3112 682 3527 752 Κωνσταντίνῳ,
3582 677 3775 750 ἐξῆλθε

2114 769 2310 849 λάθρα,
2342 771 2433 828 καὶ
2465 768 2638 846 ἐμϐὰς
2684 771 2760 834 εἷς
2809 769 3038 840 πλοῖον,
3093 771 3155 826 τὸ
3191 771 3376 826 στενὸν
3422 768 3772 848 ἀναδραμὼν,

2114 860 2275 918 ἔλαθε
2328 861 2458 925 τοὺς
2519 869 2746 934 Περσας,
2807 862 2893 916 καὶ
2957 863 3267 938 συναγαγὼν
3329 859 3484 925 λαὸν,
3547 859 3638 914 καὶ
3699 857 3773 913 είς

2114 949 2348 1026 Περσίδα
2383 949 2657 1024 ἀπελθὼν,
2713 949 2941 1028 ἠφάνιζε
2989 951 3088 1020 τὴν
3143 950 3354 1025 χώραν.
3412 949 3608 1004 Μαθὼν
3663 945 3774 1002 δὲὸ

352 1045 510 1118 quod
542 1044 846 1099 Heraclius
879 1043 939 1099 in
971 1045 1212 1100 Perside
1267 1051 1442 1112 esset,
1477 1052 1649 1118 rupto
1709 1047 1872 1117 pacis
1900 1046 2008 1101 fce-

2131 1049 2221 1100 τῶν
2255 1039 2507 1118 Ἀϐάρων
2558 1041 2748 1118 ἄρχων
2805 1043 2896 1098 τὸν
2949 1039 3273 1118 Ἡράκλειον
3319 1041 3372 1096 ἐν
3422 1044 3490 1113 τῇ
3555 1036 3772 1114 Περσίδι

352 1135 512 1193 dere.
546 1151 735 1204 usque
768 1134 841 1189 ad
868 1151 1111 1190 auream
1140 1137 1373 1190 Portam
1409 1135 2004 1206 pervenit.etbellum

355 1225 906 1281 intulit.0bsidione
939 1227 1139 1296 itaque
1165 1233 1320 1281 terra
1346 1227 1616 1298 marique
1641 1225 1783 1282 urbs
1806 1227 2008 1300 cinge-

351 1314 546 1370 batur.
581 1317 654 1368 At
685 1313 788 1368 Dei
823 1315 1078 1386 populus
1109 1320 1167 1369 et
1197 1315 1558 1386 patriarcha,
1591 1314 1844 1386 publicis
1876 1332 2008 1387 pre-

354 1404 523 1459 cibus
546 1403 859 1470 institutis,
894 1405 1383 1460 circumferentes
1415 1407 1806 1461 sanctissimaa
1840 1406 2012 1461 Geni-

355 1494 522 1549 tricis
554 1494 655 1548 Dei
687 1495 1240 1566 imaginem,hostes
1268 1496 1849 1552 exterminarunt.Ex
1872 1502 2010 1550 tunc

352 1602 460 1656 pro
490 1586 813 1658 gratiarum
838 1588 1070 1643 actione
1101 1587 1244 1643 urbs
1274 1588 1395 1661 agit
1414 1586 1758 1660 hujusmodi
1783 1586 2008 1658 suppli-

355 1675 672 1732 cationem.

423 1766 493 1818 Et
533 1767 1022 1823 commemoratio
1092 1768 1509 1840 religiosarum
1559 1767 2008 1840 imperatricum

353 1853 683 1910 Pulcheriaa
708 1862 767 1911 et
798 1860 1021 1914 lrenes.

907 1977 1151 2032 EODEM
1183 1977 1437 2034 MENSE.

1010 2067 1116 2123 Die
1147 2075 1351 2124 octava

567 2165 723 2220 190
755 2165 1043 2221 Certamen
1063 2169 1238 2223 sancti
1268 2167 1534 2238 martyris
1566 2167 1797 2222 Marini.

429 2283 646 2337 Christi
681 2289 907 2355 martyr
929 2285 1209 2352 Marinus,
1248 2285 2012 2356 Diocletianoimperatore,

357 2369 472 2424 fuit
502 2386 570 2425 ex
599 2371 886 2426 Auazarbi
936 2373 1190 2428 civitate.
1225 2373 1598 2428 Christianus
1649 2378 1847 2428 autem
1879 2387 2013 2428 cum

361 2465 538 2519 esset.
572 2461 910 2532 multosque
944 2480 1014 2518 ex
1045 2463 1391 2518 infidelibus
1422 2463 1496 2518 ad
1526 2461 2018 2518 Christumaddu-

360 2555 524 2604 ceret
556 2556 614 2604 et
635 2549 978 2621 baptizaret,
1011 2551 1399 2608 denuntiatus
1450 2557 1540 2607 est
1593 2553 1750 2623 apud
1784 2551 2014 2623 Lysiam

359 2638 747 2710 praefectum;
780 2657 846 2696 ac
879 2641 1177 2702 detentus.
1211 2648 1390 2713 atque
1424 2647 1561 2696 ante
1602 2642 1794 2712 ipsum
1823 2647 2012 2705 stans,

356 2727 778 2800 Christumque
811 2731 1141 2796 confessus,
1200 2730 1448 2786 caeditur
1494 2731 1901 2790 vehementer,
1959 2735 2017 2783 et

356 2820 516 2891 gravi
549 2819 704 2874 ferro
737 2821 791 2876 ei
841 2822 1143 2893 imposito,
1204 2823 1264 2877 in
1317 2839 1618 2878 carcerem
1673 2821 2010 2891 conjicitur.

358 2909 652 2965 Postridie
673 2911 744 2966 ad
783 2914 1175 2983 quaestionem
1205 2913 1438 2974 ductus.
1473 2920 1832 2984 coactusque
1855 2911 2016 2966 Chri-

359 3006 515 3054 stum
549 2999 868 3074 abnegare.
894 3009 951 3056 et
973 3003 1151 3057 idolis
1184 3003 1543 3059 sacriﬁcare.
1576 3019 1686 3057 nec
1716 3001 1790 3057 ad
1841 3001 1897 3056 id
1923 3001 2012 3055 in-

357 3089 590 3144 ductus.
623 3091 876 3161 pedibus
906 3092 1019 3146 fuit
1039 3109 1109 3146 ex
1142 3093 1401 3162 equuleo
1435 3107 1783 3163 suspensus,
1809 3089 2011 3162 flagel-

355 3177 550 3249 lisque
581 3187 901 3246 contusus;
927 3181 1301 3252 lampadibus
1320 3181 1538 3236 deinde
1560 3187 2011 3250 exustus,atque

2116 1130 2262 1204 ὄντα,
2296 1133 2464 1196 λύσας
2494 1135 2594 1204 τήν
2652 1133 2898 1206 εἰρήνην,
2950 1131 3091 1201 ἦλθε
3143 1133 3310 1207 μέχρι
3357 1139 3458 1201 τῆς
3505 1127 3772 1204 Χρυσείας

2119 1225 2357 1299 ΙΙόρτης,
2416 1225 2508 1279 καὶ
2572 1222 2856 1295 ἐπολέμει.
2915 1219 3335 1296 Ἐπολιορκεῖτο
3395 1218 3552 1289 οὖνὴ
3605 1219 3770 1280 πόλις

2118 1311 2206 1368 διά
2249 1334 2308 1368 τε
2349 1317 2455 1388 γῆς
2515 1313 2604 1367 καὶ
2667 1309 2963 1380 θαλάσσης.
3024 1309 3206 1368 Ἀλλά
3265 1309 3584 1370 λιτανεύσας
3617 1309 3644 1362 6
3674 1312 3772 1362 τοῦ

2117 1407 2250 1461 Θεοῦ
2309 1403 2465 1471 λαὸς,
2513 1401 2603 1457 καὶ
2637 1403 2663 1456 6
2697 1401 3072 1475 πατριάρχης,
3137 1399 3494 1475 βαστάζοντες
3546 1398 3645 1466 τὴν
3698 1396 3772 1452 εἰ-

2115 1495 2249 1550 κόνα
2279 1500 2376 1563 τῆς
2434 1492 2732 1568 ὑπεραγίας
2787 1485 3080 1560 Θεοτόκου,
3137 1490 3368 1563 ἠφάνισε
3422 1488 3551 1551 τοὺς
3602 1486 3774 1543 πολε-

2122 1583 2300 1658 μίους.
2357 1585 2590 1640 Ἔκτοτε
2647 1579 2705 1635 δὲ
2761 1581 3163 1656 εὖχαριστοῦσα
3215 1581 3251 1648 ἡ
3309 1576 3474 1639 πόλις
3531 1576 3777 1632 ἐπιτελεῖ

2115 1675 2216 1744 τήν
2243 1674 2503 1743 τοιαύτην
2532 1671 2714 1743 λιτήν.

2191 1765 2294 1821 Καὶ
2334 1765 2524 1837 μνήμη
2556 1767 2664 1818 τῶν
2716 1755 2953 1817 εὐσεϐῶν
3004 1757 3338 1837 βασιλισσῶν
3401 1753 3773 1833 Πουλχερίας,

2037 1885 2086 1950 Β
2117 1855 2209 1911 καὶ
2241 1853 2506 1929 Εἰρήνης.

2676 1974 2855 2031 MHNI
2893 1976 2982 2026 ΤΩ
3018 1969 3216 2026 ΛΥΤΩ.

2919 2065 2979 2115 Π.

2345 2163 2614 2235 Ἀθλησις
2647 2167 2745 2218 τοῦ
2774 2161 2934 2238 ἁγίου
2971 2161 3246 2237 μάρτυρος
3275 2155 3543 2234 Μαρίνου.

2189 2283 2253 2340 Ὀ
2281 2285 2378 2338 τοῦ
2411 2282 2649 2357 Χριστοῦ
2704 2281 2910 2356 μάρτυς
2954 2280 3202 2354 Μαρῖνος
3265 2276 3485 2351 ὑπῆρχε
3537 2272 3630 2346 μὲν
3683 2269 3770 2325 ἐπὶ

2119 2380 2218 2442 τῆς
2255 2369 2531 2448 βασιλείας
2591 2370 3014 2440 Διοκλητιανοῦ,
3076 2366 3137 2422 ἐκ
3182 2373 3284 2437 τῆς
3337 2363 3554 2426 πόλεως
3607 2364 3767 2420 Ἀνα⁶

2123 2457 2343 2536 ζαρϐου.
2374 2460 2694 2537 Χριστιανὸς
2728 2457 2785 2514 δὲ
2816 2456 2914 2529 ὢν,
2944 2457 3034 2513 καὶ
3075 2453 3326 2520 πολλοὺς
3371 2459 3478 2510 τῶν
3529 2453 3770 2508 ἀπίστων

2119 2555 2411 2630 προσάγων
2472 2555 2550 2624 τῷ
2606 2555 2845 2627 Χριστῷ,
2902 2549 2992 2604 καὶ
3057 2548 3362 2623 βαπτίζων,
3419 2542 3770 2617 κατεμηνῦθη

2120 2649 2200 2716 τῷ
2258 2638 2486 2720 ἡγεμόνι
2548 2640 2736 2712 Λυσίᾳ.
2801 2639 2907 2695 Καὶ
2991 2637 3276 2714 κρατηθεὶς
3333 2633 3423 2691 καὶ
3499 2633 3776 2708 παραστὰς

2120 2733 2357 2790 ἐνώπιον
2392 2731 2578 2800 αὐτοῦ,
2604 2730 2694 2786 καὶ
2724 2730 2816 2786 τὸν
2849 2729 3076 2803 Χριστὸν
3138 2725 3519 2801 ὁμολογήσας,
3573 2722 3774 2801 ἐτῦφθη

2123 2821 2394 2904 σφοδρῶς.
2433 2821 2536 2878 Καὶ
2568 2818 2766 2894 σίδηρα
2822 2819 2988 2894 βαρέα
3039 2815 3361 2893 περιτεθεῖς,
3410 2813 3485 2876 εἷς
3525 2812 3773 2887 φυλακὴν

2123 2902 2416 2983 ἐνεϐλήθη,
2470 2911 2561 2967 καὶ
2615 2914 2683 2984 τῇ
2739 2911 2860 2984 ἑξῆς
2919 2909 3111 2984 ἀχθεὶς
3179 2905 3256 2971 εἷς
3339 2903 3629 2980 ἐρώτησιν,
3686 2902 3774 2957 καὶ

2122 3003 2476 3079 ἀναγκασθεὶς
2510 3002 2843 3078 ἀρνήσασθαι
2873 3000 2965 3054 τὸν
3008 2998 3264 3072 Χριστὸν,
3317 2995 3406 3050 καὶ
3460 2998 3613 3058 θῦσαι
3661 2998 3777 3053 τοῖς

2122 3092 2401 3160 εῗδώλοις,
2438 3092 2528 3146 καὶ
2565 3091 2641 3164 μὴ
2703 3088 2969 3153 πεισθεὶς,
3023 3085 3330 3161 ἐκρεμάσθη
3363 3082 3422 3137 ἐκ
3449 3087 3556 3136 τῶν
3590 3079 3775 3136 ποδῶν

2122 3184 2209 3239 ἐπὶ
2237 3181 2424 3254 ξύλου,
2465 3181 2556 3236 καὶ
2607 3180 2884 3248 κατεκόπη
2933 3181 3052 3238 ταῖς
3107 3175 3370 3248 μάστιξιν.
3431 3173 3565 3228 Εἶτα
3619 3190 3772 3225 κατε-

356 3267 430 3322 ad
457 3275 788 3324 extremum
813 3287 1000 3341 usque
1024 3271 1297 3342 spiritum
1321 3271 1383 3325 in
1405 3270 1618 3325 Christi
1633 3270 2010 3326 confessione

2131 3275 2226 3342 ιιάη
2273 3270 2546 3346 λαμπάσι·
2606 3270 2696 3325 καὶ
2758 3267 2923 3342 μέχρι
2981 3262 3292 3324 τελευταίας
3342 3261 3616 3328 ἀναπνοῆς
3674 3257 3774 3331 ἐμ-

354 3357 904 3431 persistens,gladii
939 3362 1300 3416 sententiam
1335 3359 1555 3426 subiit;
1589 3365 1649 3415 et
1678 3366 1842 3414 extra
1859 3359 2008 3413 civi—

353 3451 536 3502 tatem
557 3454 846 3520 raptatus,
913 3467 1080 3506 sacro
1141 3451 1334 3522 capite
1389 3449 1817 3517 obtruncatur;
1879 3449 2010 3520 eius

354 3554 489 3594 vero
521 3539 771 3596 cadaver
819 3542 1065 3597 canibus
1123 3541 1450 3597 vorandum
1502 3542 1857 3612 projectum,
1919 3555 2009 3595 se-

355 3628 608 3700 pulturae
642 3631 955 3687 aXanthio
1005 3631 1264 3702 quodam
1322 3631 1421 3703 pio
1478 3630 1600 3684 viro
1662 3630 1776 3685 fuit
1824 3629 2006 3684 tradi-

358 3723 506 3772 tum.

430 3839 500 3892 Et
530 3844 805 3893 certamen
828 3841 1008 3894 sancti
1035 3840 1217 3922 Patris
1245 3837 1423 3922 nostri
1447 3836 1738 3895 Emzliani
1761 3836 1941 3908 Cyzici

1051 3913 1315 3981 episcopi.

433 4017 681 4072 Sanctus
713 4019 887 4073 Pater
907 4023 1111 4073 noster
1165 4025 1222 4074 et
1279 4035 1529 4091 magnus
1590 4034 1758 4074 sacer
1791 4021 2016 4088 martyr

362 4111 541 4176 atque
600 4107 906 4163 confessor
956 4109 1309 4165 x‘Emilianus
1368 4108 1735 4180 temporibus
1807 4123 2013 4161 eorum

365 4195 590 4250 exstitit
618 4197 1172 4270 imperatorum,qui
1208 4197 1568 4271 imaginibus
1591 4195 2013 4262 erantinfensi,

369 4283 553 4354 Cyzici
581 4286 915 4359 episcopus.
949 4288 1078 4343 Non
1133 4288 1352 4360 pietate
1404 4287 1581 4343 modo
1640 4292 1699 4340 et
1745 4284 2015 4352 scientia,

367 4377 716 4447 cznterisque
751 4377 1202 4449 institutis,quae
1225 4377 1377 4432 veris
1411 4383 1549 4432 sunt
1575 4376 1753 4449 digna
1774 4374 2015 4446 pontifi-

367 4464 666 4530 cibus,sed
698 4468 1111 4523 misericordia
1141 4468 1321 4522 etiam
1353 4483 1493 4539 erga
1515 4481 1829 4538 pauperes,
1855 4480 2020 4518 com-

366 4554 772 4620 miseratione,
798 4557 1346 4630 longanimitate.ac
1374 4556 1740 4630 benignitate
1764 4552 2017 4610 refulsit.

2127 3368 2315 3441 μείνας
2344 3370 2414 3440 τῇ
2449 3364 2525 3427 εῗς
2554 3363 2788 3441 Χριστὸν
2839 3358 3134 3435 ὁμολογίᾳ,
3182 3351 3346 3414 ἔλαϐε
3392 3357 3492 3424 τὴν
3546 3351 3635 3410 διὰ
3681 3355 3777 3407 τοῦ

2124 3457 2309 3534 ξίφους
2368 3449 2661 3534 ἀπόφασιν.
2721 3450 2826 3509 Καὶ
2884 3447 3164 3512 ἓλκυσθεὶς
3212 3441 3313 3518 ἕξω
3376 3451 3486 3534 ’τῆς
3538 3441 3776 3534 πόλεως,

2123 3529 2223 3615 τὴν
2259 3547 2407 3620 ἱεράν
2438 3529 2683 3623 κεφαλὴν
2717 3542 2888 3596 αὐτοῦ
2918 3540 3234 3613 ἀπετμήθη.
3267 3537 3339 3592 Τὸ
3371 3531 3429 3589 δὲ
3475 3538 3636 3606 σῶμα
3684 3529 3780 3623 αὖ·

2123 3639 2225 3690 τοῦ
2258 3635 2408 3713 ῥιφέν
2439 3622 2556 3695 τοῖς
2587 3631 2740 3687 κυσὶν
2776 3629 2852 3695 εἷς
2903 3631 3133 3706 βρῶσιν,
3188 3627 3293 3683 ὑπὸ
3349 3626 3592 3688 Ξανθίου
3637 3622 3778 3682 τινὸς

2128 3721 2398 3788 εὐλαϐοὖς
2429 3721 2704 3800 παρεδόθη
2733 3723 2900 3798 ταφῇ.

2129 3837 2233 3896 Καὶ
2291 3833 2522 3906 ἄθλησις
2575 3836 2673 3906 τοῆ
2733 3830 2885 3906 ὁσίου
2945 3830 3156 3906 Πατρᾷς
3231 3828 3392 3898 ἡμῶν
3452 3822 3782 3896 Δΐμιλιανοῦ

2656 3900 2956 3958 ἐπισκόπου
2990 3899 3244 3968 Κυζίκου.

2199 4010 2531 4087 Αἰμιλιανὸς
2566 4011 2593 4065 6
2625 4008 2677 4064 ἐν
2713 4004 2885 4082 ἁγίοις
2917 4005 3106 4080 Πατὴρ
3138 4001 3298 4072 ἡμῶν
3331 3997 3422 4054 καὶ
3472 3996 3668 4087 μέγας-
3694 3997 3780 4049 ἱε-

2133 4084 2436 4183 ρομάρτυρ,
2467 4099 2558 4155 καὶ
2590 4095 2972 4183 ὁμολογητῆς,
3128 4091 3223 4183 μὶν
3271 4087 3358 4144 ἐπὶ
3406 4092 3516 4142 τῶν
3566 4084 3781 4183 χρόνων

2130 4172 2239 4249 τῶν
2282 4172 2676 4263 ,εἶκονομάχων
2731 4181 3025 4261 βασιλέων,
3077 4178 3375 4240 ἐπίσκοπος
3417 4183 3517 4247 τῆς
3569 4172 3786 4233 πόλεως

2134 4284 2390 4354 Κυζίκουσ
2421 4279 2691 4354 διὲλαμπε
2731 4277 2789 4332 δὲ
2822 4275 2883 4331 οὗ
2948 4273 3112 4350 μόνον
3163 4268 3402 4342 εὐσεϐείᾳ
3449 4267 3538 4323 καὶ
3588 4266 3786 4343 γνώσει

2134 4376 2224 4433 καὶ
2252 4378 2321 4449 τῇ
2354 4373 2526 4446 λοιπῇ
2557 4370 2878 4426 καταπάτει
2914 4364 3190 4440 πρεπούσῃ
3235 4366 3354 4424 τοῖς
3402 4357 3574 4422 ὅντως
3625 4357 3792 4431 ἀρχι-

2139 4446 2366 4542 ερεῦσιν,
2399 4460 2667 4518 ἀλλὰκαὶ
2723 4457 3087 4532 ἐλεημοσύνη,
3147 4454 3237 4542 καὶ
3298 4446 3626 4542 συμπαθείᾳ,

2137 4535 2410 4632 κ’ροθυμίᾳ
2438 4573 2496 4608 τε
2525 4551 2614 4607 καὶ
2647 4546 3010 4627 χρηστότητι.
3044 4547 3181 4621 Εἶχε
3209 4541 3265 4598 δὲ
3294 4541 3384 4596 καὶ
3419 4537 3586 4609 ζῆλον
3612 4535 3787 4599 θεῖκὸν

367 4643 537 4697 Zelus
567 4644 654 4698 illi
688 4625 930 4701 divinus
955 4653 1079 4702 erat
1138 4664 1242 4718 pro
1292 4645 1407 4701 ﬁde
1449 4625 1800 4705 orthodoxa.
1833 4643 2013 4698 ﬁden-

2139 4625 2270 4722 ὑπὲρ
2301 4625 2402 4716 τῆς
2435 4625 2729 4721 ὀρθοδόξου
2765 4640 3017 4700 πίστεως·
3062 4636 3151 4690 καὶ
3204 4627 3463 4688 διέϐαλλε
3513 4625 3793 4722 παῤῥΔησίᾳ

369 4738 576 4802 terque
609 4733 802 4789 verbis
835 4753 934 4790 eos
966 4734 1424 4808 perstringebat,
1485 4734 1586 4806 qui
1647 4732 2015 4798 adoratione,

369 4827 426 4876 et
450 4821 675 4877 honore
709 4841 907 4880 sacras
938 4826 1228 4900 imagines
1278 4826 1554 4881 minime
1585 4823 2023 4895 prosequeban-

367 4917 484 4973 tur,
519 4912 833 4969 haareticos
864 4915 1025 4986 ipsos
1053 4916 1569 4988 appellans,atque
1585 4912 2021 4970 Christiinimi-

370 5002 738 5058 cos.Delatus
765 5004 965 5075 itaque
983 5022 1016 5060 a
1039 5005 1299 5061 veritatis
1324 5004 1594 5061 hostibus
1617 5002 1773 5074 apud
1804 5000 2021 5057 Christi

367 5092 770 5148 adversarium
823 5095 1243 5166 imperatorem
1287 5095 1562 5160 Leonem,
1596 5091 2022 5162 detentusque,

365 5180 435 5235 ad
473 5199 608 5237 eum
642 5184 871 5239 vinctus
903 5184 1219 5241 adducitur
1242 5189 1450 5255 ;atque
1481 5181 1814 5236 innumeris
1832 5181 2022 5251 primo

367 5271 674 5342 subjectus
700 5273 1207 5341 afflictationibus,
1233 5279 1438 5345 postea
1467 5271 1654 5343 patris
1688 5269 1909 5323 finibus
1934 5286 2026 5323 ex.

371 5361 1056 5436 terminatus,plurimas
1086 5377 1405 5434 perpessus
1437 5360 1499 5413 in
1532 5357 1743 5413 exsilio
1765 5356 2025 5412 vexatio-

369 5465 499 5520 nes,
533 5461 984 5510 consummatus
1023 5460 1132 5509 est.

447 5585 596 5638 197
632 5588 704 5641 Et
733 5590 1003 5643 memoria
1021 5587 1201 5642 sancti
1229 5585 1414 5639 Patris
1439 5585 1616 5640 nostri
1650 5583 1959 5639 Theodosii.

452 5721 700 5782 Sanctus
731 5728 906 5783 Pater
937 5734 1141 5784 noster
1171 5724 1537 5782 Theodosius
1567 5738 1601 5780 a
1650 5722 1887 5780 tenellis
1920 5739 2030 5779 un-

2127 4737 2256 4800 τοὺς
2321 4737 2396 4809 μὴ
2456 4734 2921 4810 προσκυνοῦντας,
2983 4725 3072 4781 καὶ
3155 4726 3435 4795 τιμῶντας
3483 4717 3578 4779 τὰς
3639 4715 3794 4788 ἁγίας

2133 4820 2709 4897 εἷκόνας,αἱρετικοῦς
2769 4816 2968 4878 αὐτοὺς
3031 4812 3352 4881 ἀποκαλῶν,
3411 4829 3500 4862 και
3559 4803 3794 4897 ἐχθροὺς

2132 4921 2227 4973 τοῦ
2256 4890 2522 4990 Χριστοῦ.
2559 4904 2891 4977 Διαϐληθεῖς
2924 4905 3014 4960 οὖν
3048 4907 3129 4973 τῷ
3178 4897 3523 4990 μισοχρίστῳ
3578 4890 3795 4990 βασιλεῖ

2135 5003 2503 5077 Λὲοντιπαρα
2540 5005 2647 5054 τῶν
2704 5003 2803 5066 τῆς
2861 4990 3120 5063 ἀληθείας
3181 4989 3420 5064 ἐχθρῶν,
3479 4982 3792 5058 κρατηθεὶς,

2135 5101 2288 5173 ἢχθη
2355 5075 2577 5167 δέσμιος
2633 5089 2771 5165 πρὸς
2824 5085 3010 5142 αὐτόν.
3074 5081 3177 5138 Καὶ
3241 5078 3457 5154 μυρίαις
3526 5075 3794 5173 κακιώσεσι

2136 5164 2584 5252 κάθυποϐληθεῗς
2639 5164 2929 5255 πρότερον,
2989 5173 3208 5247 ὕστερον
3265 5168 3580 5242 ἐξορισθεές,
3624 5164 3675 5220 ἐν
3728 5168 3796 5238 τῇ

2136 5275 2317 5350 ἐξορίᾳ
2366 5269 2616 5333 πολλοὺς
2683 5266 3022 5344 πειρασμοὺς
3084 5260 3401 5335 ὑπομείνας,
3482 5255 3796 5340 ἐτελειώθη,

2142 5581 2249 5641 Καὶ
2315 5582 2509 5654 μνήμη
2567 5581 2668 5634 τοῦ
2725 5574 2876 5630 ὁσίου
2939 5569 3152 5646 ῙΙατρὸς
3236 5569 3398 5641 ἡμῶν
3483 5562 3796 5622 Θεοδοσίου.

2219 5717 2510 5781 Θεοδόσιος
2552 5719 2580 5773 6
2627 5717 2681 5772 ἐν
2741 5716 2920 5791 άγίοις
2974 5712 3160 5786 Πατὴρ
3221 5711 3407 5783 ἡμῶν,
3468 5707 3520 5777 ἐξ
3575 5705 3800 5760 ἁπαλῶν
