4128 6434
299 421 429 484 5'77

1778 419 2216 487 AUGUSTUS.

3622 421 3744 480 578

306 549 534 626 ὀνύχων
563 553 634 625 τῇ
661 552 760 605 τοῦ
806 551 1049 624 Χριστοῦ
1102 547 1300 624 ἐντολῇ
1358 551 1700 628 πειθαρχῶν,
1752 555 1817 626 τῇ
1875 552 1968 608 λε-

2115 550 2297 620 ;uibus
2319 551 2739 624 obtemperans
2771 551 2986 608 Christi
3017 555 3314 624 praecepto
3346 549 3560 606 aientis
3588 566 3600 604 :
3634 550 3742 617 Qui

313 642 518 715 γοόσῃ·
554 640 741 701 Ὅστις
781 637 880 695 οὐκ
932 638 1128 716 ἂφήσει
1187 641 1392 716 πατέρα
1446 645 1537 696 καί
1599 642 1830 715 μητέρα,
1888 642 1978 698 καὶ

310 727 596 808 ἀδελφοὺς
627 728 718 783 καὶ
750 725 1012 806 ἀδελφὰς,
1067 729 1158 783 καὶ
1215 728 1438 805 ἀγροὺς,
1487 730 1577 786 καὶ
1628 731 1828 796 οἰκίαν,
1887 733 1976 787 καὶ

313 820 424 894 ἀρῃ
458 819 548 872 τὸν
585 817 814 892 σταυρὸν
835 816 1022 885 αὐτοῦ,
1053 819 1140 872 καὶ
1174 817 1469 884 ἀκολουθεῖ
1499 819 1674 874 ὁπίσω
1737 841 1862 892 μου,
1914 821 1978 876 οὐ

319 907 549 964 δύναταί
579 930 686 981 μου
717 910 848 963 εἶναι
913 909 1185 980 μαθητής·
1247 909 1536 965 κατέλιπεν
1596 910 1827 979 ἃπαντα,
1889 911 1977 967 καὶ

315 997 454 1073 ἄρας
489 999 653 1052 αὐτοῦ
682 999 776 1053 τὸν
807 998 1034 1072 σταυρὸν
1065 997 1148 1052 ἐπ’
1180 995 1372 1072 ὢμων,
1406 1000 1786 1070 ἠκολούθησεν
1832 1001 1979 1074 αὐτῷ

309 1087 638 1162 προθύμως.
677 1086 778 1143 Καὶ
813 1087 1109 1162 γενόμενος
1169 1089 1434 1164 μοοιαχὸς,
1485 1087 1754 1166 ἐμάκρυνε
1801 1102 1982 1168 φυλα-

321 1175 502 1232 δεόων
532 1175 584 1232 ἐν
617 1180 686 1251 τῇ
717 1175 934 1251 ἐρήμην
995 1177 1128 1232 ποτὲ
1187 1178 1283 1250 μὶν
1347 1175 1399 1232 ἐν
1451 1174 1602 1252 ὄρεσι
1659 1174 1979 1255 διατρίϐων,

319 1267 460 1323 ποτὶ
491 1265 548 1322 δὲ
592 1266 644 1322 ἐν
704 1265 996 1337 σπηλαίοις
1058 1264 1443 1341 διαιτώμενος,
1501 1269 1590 1324 καὶ
1646 1269 1983 1347 τρεφόμενος

314 1357 376 1411 ἐκ
413 1361 522 1412 τῶν
549 1361 776 1433 καρπῶν
805 1362 910 1412 τῶν
945 1353 1207 1434 δένδρων,
1245 1357 1336 1413 καὶ
1382 1363 1491 1414 τῶν
1538 1357 1977 1438 παραφυομένων

313 1450 440 1508 ταῖς
471 1446 692 1522 πέτραις
717 1446 982 1521 βοτανῶν·
1019 1443 1072 1500 ἐν
1128 1445 1279 1500 νυκτὶ
1335 1448 1423 1502 καὶ
1475 1444 1658 1524 ἡμέρᾳ
1704 1447 1798 1503 τὸν
1852 1449 1980 1504 Θεὸν

313 1533 675 1610 παρακαλῶν,
708 1535 842 1608 ὑπὶρ
873 1534 1068 1590 ἑαυτοῦ
1117 1533 1208 1590 καὶ
1261 1535 1396 1611 ὑπὲρ
1457 1543 1563 1607 τῆς
1614 1542 1713 1593 τοῦ
1769 1538 1983 1611 κόσμου

316 1625 620 1702 σωτηρίας,
682 1626 842 1683 Οὕτω
912 1623 971 1680 δὲ
1040 1625 1213 1702 βιοὺς,
1272 1625 1487 1699 ἐδέξατο
1541 1629 1631 1684 καὶ
1690 1631 1982 1702 θαυμάτων

315 1717 511 1792 χάριν,
566 1715 657 1770 καὶ
716 1713 964 1778 πολλοὺς
1020 1717 1381 1781 ἀσθενοῦντας
1439 1718 1790 1792 θεραπεύσας,
1849 1721 1988 1795 πρὸς

318 1806 449 1860 ϐιὸν
484 1802 634 1879 ἐξεδή
646 1826 788 1878 μησε
820 1804 1054 1882 χαίρων.

2084 660 2206 698 non
2237 644 2543 716 relinquet
2570 650 2821 716 patrem,
2857 651 2916 700 et
2965 649 3241 710 matrem,
3294 649 3352 698 et
3399 644 3636 711 fratres,
3694 648 3754 698 et

2088 750 2344 800 sorores,
2379 740 2439 788 et
2465 750 2658 806 agros,
2691 740 2751 789 et
2779 734 3044 802 domum,
3071 750 3138 789 ac
3169 751 3291 788 non
3323 733 3493 787 tollet
3510 750 3748 788 crucem

2089 841 2276 892 suam,
2310 829 2368 878 et
2399 831 2683 896 sequetur
2711 841 2830 888 me.
2863 841 2984 880 non
3004 830 3202 896 potest
3222 840 3392 879 meus
3424 840 3552 878 esse
3575 823 3751 878 disci-

2086 913 2300 986 pulus;
2335 920 2550 969 cuncta
2580 913 2924 986 dereliquit,
2958 930 3317 985 crucemque
3347 929 3538 977 suam,
3565 930 3749 986 super

2087 1003 2371 1058 humeros
2403 1003 2641 1063 tollens.
2677 1004 2958 1058 alacriter
3012 1011 3250 1059 secutus
3303 1009 3392 1058 est
3447 1020 3632 1068 eum;
3689 1008 3749 1059 et

2090 1092 2419 1147 solitariam
2449 1093 2628 1148 vitam
2657 1093 2988 1164 amplexus,
3015 1093 3261 1148 secessit
3283 1092 3514 1161 fugiens
3539 1092 3598 1147 in
3623 1107 3752 1147 ere-

2093 1198 2278 1238 mum.
2316 1182 2384 1236 Et
2413 1181 2590 1236 modo
2622 1183 2683 1236 in
2717 1183 3021 1238 montibus
3059 1183 3422 1250 versabatur,
3481 1183 3656 1237 modo
3689 1183 3752 1238 in

2091 1271 2396 1344 speluncis
2427 1271 2701 1344 degebat,
2754 1278 2933 1344 atque
2995 1289 3065 1327 ex
3121 1273 3402 1328 arborum
3459 1271 3751 1326 fructibus

2091 1361 2439 1417 vescebatur
2469 1361 2793 1434 herbisque
2829 1361 3295 1418 adnascentibus
3327 1363 3388 1417 in
3418 1361 3624 1434 petris,
3648 1361 3750 1416 diu

2091 1457 2391 1524 noctuque
2415 1453 2603 1509 Deum
2631 1452 2958 1526 deprecans
2978 1471 3083 1526 pro
3104 1470 3211 1510 sua
3236 1459 3294 1509 et
3311 1454 3519 1509 mundi
3536 1453 3748 1508 salute.

2093 1544 2284 1613 Atque
2316 1541 2399 1598 ita
2420 1542 2597 1598 vitam
2630 1559 2834 1616 agens,
2860 1543 3083 1598 donum
3113 1543 3293 1598 etiam
3321 1543 3749 1598 miraculorum

2093 1632 2348 1704 accepit;
2384 1649 2450 1688 ac
2507 1631 2777 1704 pluribus
2826 1633 3084 1689 inﬁrmis
3145 1634 3398 1690 sanitate
3452 1634 3750 1702 restituta,

2094 1721 2266 1776 laetus
2299 1722 2608 1794 emigravit
2635 1723 2710 1778 ad
2741 1723 2946 1779 Deum.

315 1931 424 1987 Καὶ
468 1931 662 2005 μνήμη
721 1935 819 1985 τοῦ
887 1930 938 1985 ἐν
991 1929 1432 2009 ἁγίοις-βατρὸς
1483 1935 1644 2006 ἡμῶν
1702 1935 1794 1988 καὶ
1847 1946 1970 2000 θαυ-

2115 1922 2168 1976 Et
2244 1919 2511 1976 memoria
2586 1923 2765 1976 sancti
2797 1919 3027 2009 “Patris
3105 1919 3286 1977 nostri
3367 1922 3755 1991 thaumaturgi

837 2004 1152 2079 ματουργοῦ
1181 2004 1471 2078 Μύρωνος.

397 2121 603 2194 Μύρων
638 2121 666 2176 ὁ
699 2119 752 2175 ἐν
805 2119 984 2197 ἁγίοις
1041 2120 1132 2176 γαὶ
1192 2117 1355 2197 μὲγας
1414 2124 1702 2201 ἱεράρχης,
1759 2125 1826 2196 ἧν
1892 2127 1986 2200 μὶν

317 2214 382 2270 ἐκ
413 2219 519 2282 τῆς
549 2213 723 2282 νήσου
760 2213 1001 2287 Κρήτης,
1036 2210 1125 2266 ἐπὶ
1156 2218 1258 2282 τῆς
1311 2212 1593 2288 βασιλείας
1643 2215 1854 2285 Δεκίου,
1903 2215 1988 2271 εὐ-

315 2307 494 2379 γενῶν
531 2299 590 2356 δὶ
619 2301 822 2375 γονέων
855 2299 993 2357 υἱός.
1025 2301 1140 2378 Ὑφ’
1174 2303 1248 2358 ῶν
1295 2302 1384 2358 καὶ
1445 2304 1692 2380 ζευχθεὶς
1749 2305 1987 2378 γυναικὶ,

324 2392 685 2448 ἐπολιτεύετο
749 2385 1003 2455 εὐσεϐῶς⁶
1063 2391 1152 2446 καὶ
1234 2391 1595 2466 ἐργαζόμενος
1653 2393 1989 2465 ζσπουδαίως

324 2483 429 2548 τὴν
454 2487 584 2557 γῆν.
650 2478 922 2557 διέτρεφεν
982 2481 1043 2537 ἐκ
1097 2485 1205 2538 τῶν
1266 2488 1486 2558 καρπῶν
1547 2485 1677 2546 τοὺς
1733 2485 1990 2556 πένητας.

330 2572 528 2647 "Ewa
585 2567 643 2624 δέ
698 2588 832 2624 ποτε
887 2576 1068 2638 κῆπον
1155 2565 1468 2643 ἐρεϐίνθων,
1526 2573 1673 2647 εὗρεν
1733 2573 1785 2628 ἐν
1847 2576 1994 2648 αύτῷ

329 2659 672 2722 κλέπτοντάς
726 2680 878 2721 τινας
955 2655 1282 2733 ἐρεϐίνθους.
1345 2659 1555 2724 Οῗτινες
1616 2662 1838 2720 ἐδόκουν
1897 2667 1990 2740 μὶν

331 2752 588 2824 συνάγειν
668 2744 996 2822 ἐρεϐίνθους,
1083 2744 1392 2821 ἐλάμϐανον
1447 2749 1500 2806 δὲ
1574 2753 1828 2818 ἀκάνθας.
1891 2754 1994 2810 Καί

336 2838 467 2901 δοὸς
501 2839 685 2900 αὐτοῖς
717 2833 1050 2911 ἐρεϐίνθους,
1083 2838 1369 2896 ἆπὲλυσεν.
1425 2841 1520 2898 Καὶ
1565 2841 1771 2906 ἄλλους
1820 2845 1993 2917 εὑρὼν

347 2928 403 2982 ἐν
435 2932 508 3000 τῇ
537 2928 700 2983 αλωνι
732 2928 1063 3004 γεμίσαντας
1090 2927 1220 2991 τοὺς
1278 2931 1510 2994 σάκκους
1571 2931 1772 2988 ἑαυτῶν
1823 2933 1996 3004 σίτου,

347 3018 443 3070 καὶ
505 3021 580 3086 μὴ
634 3015 961 3090 δυναμένους
1017 3017 1270 3095 κουφίσαι
1326 3019 1544 3090 αὐτοὺς,
1599 3021 1858 3094 ἐπέθηκεν
1909 3024 1998 3080 ἐπὶ

356 3108 466 3160 τῶν
502 3102 659 3178 atng
687 3108 860 3162 αὐτῶν
891 3106 1022 3170 τοὺς
1055 3109 1308 3179 σάκκους,
1341 3111 1430 3165 καὶ
1479 3111 1735 3181 ἆπέλυσε,
1783 3134 1996 3190 παραγ-

354 3194 541 3269 γείλας
568 3197 838 3268 ἀπελθεῖν,
873 3197 964 3253 καὶ
1028 3203 1225 3272 μηκέτι
1277 3199 1498 3274 κλέψαῖ.
1551 3204 1686 3260 Εἶτα
1743 3223 2001 3281 χειροτο-

342 3285 526 3355 νηθείς
554 3283 938 3364 πρεσϐύτερος,
970 3289 1061 3344 καὶ
1118 3290 1255 3362 μετὰ
1306 3295 1475 3347 ταῦτα
1521 3291 1842 3367 ἐπίσκοπος,
1901 3295 1992 3351 καὶ
2031 3307 2077 3374 C

338 3379 442 3442 τῆς
485 3376 560 3440 εἷς
591 3377 718 3440 τοὺς
748 3379 983 3450 πένητας
1015 3379 1396 3454 ἐλεημοσύνης
1431 3380 1710 3456 μηδέποτε
1740 3385 2005 3444 ἐπιλαθό-

343 3489 529 3541 μενος,
559 3467 611 3524 ἐν
643 3469 835 3546 εἰρήνῃ
861 3469 1159 3544 ἐκοιμήθη.

480 3605 585 3662 Καὶ
614 3603 851 3679 ἄθλησις
880 3613 979 3664 τοῦ
1009 3608 1174 3685 ἁγίου
1209 3612 1483 3688 μάρτυρος
1514 3613 1869 3676 Ἀντῶνίνου.

417 3723 765 3791 Ἀντωνῖνος,
798 3727 827 3782 ὁ
875 3731 972 3782 τοῦ
1028 3729 1265 3802 Χριστοῦ
1328 3729 1555 3807 μάρτυς,
1611 3734 1678 3803 ἦν
1743 3735 1838 3808 μὶν
1901 3737 2007 3792 ἀπὸ

339 3810 766 3890 ’Δλεξανδρείας
792 3823 890 3886 τῆς
920 3817 1159 3887 πόλεως,
1209 3821 1533 3894 Χριστιανὸς
1594 3819 1651 3877 δὲ
1704 3825 1796 3879 καὶ
1847 3824 2008 3882 εὐλα-

345 3896 454 3970 ϐἠς
486 3903 577 3957 καὶ
605 3898 946 3978 φοϐούμενος
1000 3907 1093 3962 τὸν
1156 3906 1308 3964 Θεόν.
1360 3909 1458 3963 Διὰ
1503 3915 1663 3965 τοῦτο
1717 3915 2008 3986 κρατηθεὶς

347 3991 456 4047 ὑπὸ
488 3997 594 4046 τῶν
629 3990 1080 4070 εἱδωλολατρῶν,
1134 3999 1437 4073 προσήχθη
1488 4003 1568 4070 τῷ
1616 4000 1866 4077 ἄρχοντι·
1917 4002 2010 4057 καὶ

346 4079 650 4154 ἐρωτηθεὶς
679 4080 1016 4160 ὡμολόγησε
1070 4085 1163 4141 τὸν
1213 4086 1469 4157 Χριστόν.
1531 4091 1868 4164 Κρεμασθεὶς
1917 4093 2009 4148 οῦν

349 4170 441 4225 ἐπὶ
473 4169 665 4244 ξύλου,
697 4171 879 4243 ἐξέσθη
926 4172 1200 4251 σφοδρῶς.
1261 4175 1363 4234 Καὶ
1417 4177 1855 4252 ἀναγκαζόμενος
1908 4182 2012 4238 ὑπὸ

347 4264 460 4315 τῶν
495 4257 712 4333 δημίων
745 4263 832 4317 καὶ
865 4268 976 4318 τῶν
1006 4264 1427 4338 παρισταμένων
1456 4271 1538 4339 τῷ
1567 4265 1796 4345 ἄρχοντι
1851 4292 2016 4347 στρα-

349 4354 593 4419 τιιυτῶν,
653 4349 989 4424 ἀρνήσασθαι
1049 4356 1142 4409 τὸν
1201 4355 1466 4427 Χριστὸν,
1523 4357 1613 4412 καὶ
1667 4358 2014 4430 ἀπολυθῆναι

347 4444 454 4505 τῆς
490 4437 751 4511 βασάνου,
783 4440 945 4503 αὐτὸς
998 4438 1214 4514 μᾶλλον
1279 4443 1498 4519 μεγάλῃ
1555 4450 1624 4520 τῇ
1686 4452 1864 4522 φωνῇ.
1921 4450 2016 4504 τὸν

355 4526 456 4598 μὶν
487 4528 716 4600 Χριστὸν
750 4529 879 4585 Θεὸν
913 4530 1174 4601 ἀληθινὸν
1211 4533 1559 4606 ἀνεκήρυττει
1591 4535 1656 4590 τὰ
1707 4534 1766 4592 Si
1813 4535 2018 4594 εἴδωλα

351 4615 446 4669 καὶ
476 4615 604 4678 τοὺς
633 4624 1069 4692 προσκυνοῦντας
1101 4620 1237 4676 αὐτᾶ
1267 4619 1502 4697 διέσυρε,
1558 4626 1649 4680 καὶ
1697 4625 2014 4702 ἐχλεύαζεν.

2791 1994 3056 2063 Myronis.

2169 2102 2371 2172 Myron
2404 2105 2647 2155 sanctus
2678 2116 3046 2173 magnusque
3077 2098 3346 2173 pontifex
3375 2098 3488 2154 fuit
3538 2117 3608 2156 ex
3658 2101 3750 2155 iu-

2098 2189 2229 2244 sula
2254 2190 2460 2257 Creta),
2495 2189 2671 2244 Decio
2705 2190 3084 2261 imperatore,
3119 2189 3413 2244 nobilium
3437 2195 3754 2261 parentum

2099 2279 2280 2344 filius,
2305 2295 2339 2334 a
2361 2278 2577 2351 quibus
2598 2279 2897 2334 connubio
2923 2278 3156 2334 femina:
3177 2280 3446 2351 junctus,
3472 2296 3539 2334 ex
3565 2280 3755 2350 pieta-

2102 2370 2175 2425 tis
2206 2369 2409 2443 regula
2436 2370 2613 2424 vitam
2647 2387 2816 2425 suam
2873 2370 3202 2441 dirigebat;
3243 2386 3309 2424 ac
3341 2376 3559 2423 terram
3593 2369 3756 2424 omni

2100 2473 2242 2514 cura
2272 2459 2498 2526 colens,
2531 2460 2822 2514 fructibus
2863 2475 3154 2531 pauperes
3205 2458 3420 2513 alebat.
3465 2460 3604 2513 Cum
3639 2475 3753 2512 au—

2103 2553 2221 2602 tem
2257 2547 2496 2602 hortum
2530 2548 2849 2619 quemdam
2896 2549 3088 2603 cicere
3138 2547 3435 2601 consitum
3487 2546 3752 2613 haberet,

2103 2636 2326 2705 reperit
2347 2635 2637 2707 quosdam
2661 2637 2818 2691 cicer
2834 2635 3366 2708 subripientes,qui
3390 2635 3529 2690 dum
3545 2640 3758 2706 putant

2102 2723 2260 2780 cicer
2287 2725 2586 2796 colligere,
2621 2725 2822 2797 spinas
2853 2724 3224 2797 accipiebant
3251 2741 3264 2778 :
3297 2731 3356 2779 at
3387 2725 3512 2796 ipse
3567 2726 3756 2782 cicere

2103 2813 2240 2869 dato
2273 2829 2373 2868 eos
2403 2813 2650 2868 dimisit.
2680 2815 2825 2868 Aliis
2857 2815 3035 2868 etiam
3078 2814 3487 2886 deprehensis,
3541 2816 3640 2886 qui
3697 2816 3758 2870 in

2105 2903 2235 2974 ejus
2265 2918 2405 2957 area
2435 2919 2636 2958 saccos
2667 2902 3059 2973 impleverant
3086 2902 3407 2965 frumento,
3437 2920 3629 2976 neque
3656 2922 3761 2976 po-

2108 2997 2302 3046 terant
2331 3008 2432 3047 eos
2465 2993 2696 3060 elTerre,
2728 2993 2854 3064 ipse
2877 2992 3116 3046 illorum
3139 2992 3407 3046 humeris
3426 3009 3630 3048 saccos
3657 2995 3762 3048 im-

2107 3086 2326 3154 posuit,
2361 3089 2420 3138 et
2450 3082 2664 3138 missos
2694 3082 2854 3147 fecit,
2886 3081 3216 3136 admonens
3246 3087 3311 3136 ut
3363 3081 3615 3148 abirent,
3650 3100 3762 3138 nec

2108 3171 2366 3243 amplius
2397 3172 2757 3227 furarentur.
2789 3171 3106 3243 Presbyter
3124 3176 3331 3244 postea
3352 3178 3760 3239 consecratus,

2112 3277 2181 3317 ac
2213 3261 2429 3317 deinde
2463 3262 2800 3335 episcopus,
2833 3267 2892 3315 et
2919 3261 3398 3316 misericordiam
3435 3278 3572 3335 erga
3616 3279 3771 3335 pau-

2120 3367 2294 3424 peres
2353 3368 2664 3424 nunquam
2723 3369 2793 3406 ex
2851 3350 3051 3406 animo
3129 3350 3438 3422 abiiciens,
3499 3351 3560 3406 in
3631 3369 3779 3425 pace

2121 3441 2366 3514 quievit.

2257 3597 2412 3654 198
2445 3599 2512 3654 Et
2541 3603 2818 3653 certamen
2849 3598 3028 3652 sancti
3057 3598 3319 3667 martyris
3353 3595 3636 3652 Antonini.

2195 3724 2534 3779 Antoninus
2558 3723 2772 3778 Christi
2796 3727 3022 3795 martyr
3044 3738 3111 3777 ex
3135 3722 3280 3778 urbe
3300 3721 3786 3794 prodiitAlexan-

2123 3813 2275 3880 dria,
2310 3814 2395 3868 vir
2443 3812 2886 3882 Christifidelis,
2947 3813 3105 3884 pius,
3164 3829 3232 3868 ac
3283 3812 3498 3867 timens
3557 3812 3785 3867 Deum:

2123 3908 2445 3974 propterea
2474 3901 2546 3958 ab
2579 3902 2915 3958 idololatris
2946 3903 3437 3974 comprehensus,
3471 3902 3544 3958 ad
3570 3903 3786 3974 praafe-

2125 3997 2287 4048 ctum
2346 3992 2710 4060 adducitur;
2771 3999 2949 4065 atque
3009 3993 3429 4065 interrogatus,
3488 3992 3789 4047 Christum

2127 4082 2465 4137 confitetur.
2497 4083 2564 4137 in
2594 4083 2818 4155 lignum
2841 4084 3042 4154 itaque
3066 4098 3415 4150 suspensus,
3441 4081 3659 4137 acriter
3678 4081 3791 4136 fuit

2128 4171 2493 4228 dilaniatus:
2538 4180 2898 4245 coactusque
2947 4189 2983 4229 a
3033 4172 3343 4228 lictoribus
3389 4177 3447 4226 et
3494 4171 3787 4227 militibus

2127 4262 2404 4335 praafecto
2425 4262 2780 4328 astantibus,
2811 4263 3109 4316 Christum
3143 4261 3459 4332 abnegare,
3495 4265 3559 4314 ut
3587 4277 3623 4314 a
3651 4277 3789 4315 cru-

2130 4353 2289 4408 ciatu
2311 4352 2737 4417 absolveretur,
2765 4369 2834 4408 eo
2856 4352 3042 4424 magis
3062 4351 3188 4422 ipse
3207 4350 3507 4406 Christum
3541 4350 3786 4420 quidem

2130 4445 2318 4500 Deum
2349 4459 2553 4498 verum
2592 4443 2994 4515 praedicabat;
3043 4441 3204 4498 idola
3250 4457 3387 4496 vero
3439 4446 3498 4496 et
3545 4440 3790 4499 illorum

2132 4532 2392 4588 cultores
2455 4533 2773 4605 sugillabat
2803 4532 3173 4603 ridebatque.
3204 4532 3315 4587 Diu
3338 4535 3536 4585 autem
3570 4531 3630 4586 in
3666 4537 3787 4586 tor-

2134 4623 2356 4678 mentis
2378 4621 2888 4696 persistens,ignis
2903 4621 3262 4678 sententiam
3286 4620 3589 4677 subiit.Sic
3606 4621 3790 4677 Deum

351 4703 634 4761 Ἐπιπολυ
667 4703 725 4762 δὲ
754 4715 876 4770 ταῖς
911 4710 1168 4785 βασάνοις
1222 4717 1731 4787 προσκαρτερήσας,
1773 4717 1872 4786 τήν
1930 4715 1996 4773 διε

2127 4719 2424 4786 precatus,
2450 4719 2628 4784 atque
2661 4730 2761 4768 eos
2788 4713 2888 4785 qui
2938 4711 3207 4779 aderant,
3263 4716 3327 4767 ut
3377 4710 3569 4767 solum
3621 4711 3786 4766 Chri-

349 4797 453 4848 τοῦ
508 4795 682 4868 πυρὸς
743 4797 1013 4875 ἀπόφασιν
1068 4794 1253 4857 ἔλαϐε.
1320 4801 1419 4856 Καὶ
1479 4800 1650 4865 οὕτως
1706 4803 2016 4879 εὐξάμενος,

351 4882 448 4938 καὶ
505 4885 637 4946 τοὺς
704 4893 1054 4962 παρεστῶτας
1112 4886 1329 4966 διδάξας
1391 4893 1558 4965 μόνον
1616 4895 1709 4949 τὸν
1787 4897 2015 4972 Χριστὸν

349 4973 637 5049 γνωρίζειν
673 4977 826 5044 Θεὸν,
864 4979 1092 5053 βληθεὶς
1151 4980 1228 5043 είς
1283 4983 1386 5052 τήν
1429 4983 1686 5057 κάμινον,
1737 4985 2019 5064 παρέδωκε

350 5063 457 5131 τήν
494 5065 763 5138 μακαρίαν
799 5068 968 5124 αὐτοῦ
997 5071 1209 5146 ψυχήν.

431 5153 534 5208 Καὶ
593 5153 828 5227 ἄθλησις
876 5162 982 5214 τῶν
1039 5159 1209 5234 ἁγίων
1273 5159 1561 5238 μαρτύρων

354 5240 655 5308 Λεονίδους
673 5248 762 5302 καὶ
794 5251 903 5304 τῶν
935 5248 1174 5320 νηπίων.

1647 5161 1901 5243 Ἑλευθερ
1913 5167 2016 5241 ίου,

915 5395 1105 5452 ΜΗΝΙ
1143 5397 1233 5453 ΤΩ
1271 5399 1463 5456 ΑῘἼὩ.

1165 5485 1222 5540 eo

586 5570 860 5641 ’Λθλησις
882 5577 979 5628 τοῦ
1012 5572 1170 5648 ἁγίου
1203 5573 1516 5631 ἀποστόλου
1548 5575 1781 5633 Ματθία.

429 5685 674 5750 Ματθίας
705 5692 858 5746 ὁτοῦ
907 5696 1147 5763 Χριστοῦ
1195 5692 1530 5761 ἀπόστολος,
1591 5695 1858 5769 πρὸτερον
1924 5697 2018 5770 μὶν

351 5775 535 5846 ἧξιεῖς
566 5782 670 5834 τῶν
731 5775 1118 5854 ἐϐδομήκοντα
1176 5782 1520 5854 ἀποστόλων,
1584 5780 1899 5861 διαπρέπων
1962 5785 2016 5844 ἐν

2130 4808 2286 4858 stum
2331 4803 2510 4859 Deum
2543 4808 2957 4876 agnoscerent,
3023 4802 3317 4865 hortatus,
3372 4801 3434 4856 in
3484 4801 3786 4859 fornacem

2129 4893 2409 4965 injectus,
2439 4892 2676 4950 beatam
2707 4909 2876 4949 suam
2908 4893 3171 4948 animam
3202 4893 3320 4949 Deo
3355 4891 3620 4948 tradidit.

2204 5158 2269 5209 Et
2298 5152 2601 5209 certamen
2662 5153 3007 5206 sanctorum
3063 5152 3396 5222 martyrum
3441 5145 3813 5216 Eleutherii,,

2132 5244 2410 5303 Leonidis
2439 5247 2499 5297 et
2526 5255 2872 5314 puerorum.

2693 5382 2940 5440 EODEM
2980 5381 3236 5438 MENSE.

2809 5471 2910 5526 Die
2954 5487 3114 5527 nona

2429 5569 2712 5627 Certamen
2742 5571 2923 5626 sancti
2951 5567 3188 5640 apostoli.
3217 5563 3486 5621 Matthiae.

2202 5689 2476 5748 Matthias
2503 5688 2722 5748 Christi
2753 5685 3058 5760 apostolus
3085 5683 3342 5757 primum
3362 5680 3604 5756 quidem
3625 5696 3787 5738 unus

2133 5788 2260 5841 erat
2290 5797 2360 5838 ex
2392 5779 2770 5853 septuaginta
2799 5774 3107 5848 apostolis,
3160 5773 3324 5832 omni
3364 5773 3576 5828 virtute
3630 5772 3788 5829 inter
