4128 6424
354 440 471 503 5'79

1623 433 2056 498 MENOLOGII
2101 431 2307 492 PARS
2357 432 2487 492 IIII.

3664 433 3788 494 580

354 593 476 641 eos,
511 581 687 648 atque
719 577 1029 631 honestate
1062 573 1384 630 excellens.
1429 576 1751 645 Postquam
1804 573 1992 626 autem

2121 565 2282 620 αὐτοῖ
2335 563 2390 619 ἐν
2422 566 2563 638 πάσῃ
2592 562 2758 638 ἀρετῇ
2789 561 2880 618 καὶ
2910 559 3266 648 κοσμιότητι.
3298 561 3452 648 Έπεὶ
3485 557 3781 629 δὶἸούδας

353 666 533 721 Judas
566 667 893 731 Iscariotes,
927 664 1030 733 qui
1064 679 1134 718 ex
1165 663 1479 719 duodecim
1512 666 1638 717 erat
1675 657 2007 730 discipulis,

353 762 598 826 propter
626 753 932 809 avaritiam
964 753 1282 807 Dominum
1316 759 1587 807 nostrum
1618 751 1822 806 Jesum
1852 746 2012 803 Chri-

350 851 507 898 stum
537 842 753 898 Iudaeis
795 841 1019 897 invidia
1066 841 1312 912 repletis
1362 840 1646 914 prodidit,
1694 839 2010 910 ipsumque

349 934 603 988 intuitus
633 932 708 987 ad
730 931 953 987 caedem
973 947 1163 1003 usque
1186 931 1440 1004 flagellis
1463 936 1781 987 contusum
1804 926 2011 982 abiens

350 1023 463 1079 sibi
488 1028 737 1078 mortem
774 1021 986 1092 laqueo
1019 1020 1333 1087 conscivit;
1372 1019 1761 1076 duodecimus
1805 1031 2008 1071 nume-

349 1130 453 1169 rus
482 1113 597 1168 fuit
625 1112 981 1167 diminutus.
1014 1113 1158 1168 Tum
1187 1113 1397 1166 Petrus
1445 1125 1565 1164 una
1615 1124 1751 1164 cum
1801 1106 2008 1162 decem

350 1200 812 1281 discipulisuqui
835 1217 967 1256 cum
998 1202 1129 1272 ipso
1152 1205 1340 1266 erant,
1365 1197 1812 1271 precationibus
1836 1196 2007 1251 insis-

352 1297 502 1357 tens,
537 1290 704 1345 misit
733 1295 957 1345 sortes:
993 1294 1053 1344 et
1082 1288 1299 1344 cecidit
1327 1305 1456 1343 sors
1478 1303 1659 1358 super
1680 1284 2006 1349 Matthiam,

351 1387 408 1436 et
438 1380 866 1435 adnumeratus
900 1384 991 1434 est
1019 1395 1153 1434 cum
1202 1377 1482 1433 undecim
1529 1374 1829 1447 Apostolis
1877 1374 2008 1429 loco

349 1472 513 1527 Judm
543 1472 863 1527 Iscariotm.
914 1473 1057 1526 Post
1104 1470 1229 1526 haec
1279 1471 1343 1525 in
1391 1468 1666 1524 ulteriori
1715 1466 2011 1537 Ethiopia

348 1561 683 1633 prmdicans
714 1559 1122 1633 Evangelium,
1153 1564 1332 1630 atque
1365 1558 1586 1614 multos
1632 1555 2008 1622 illuminans,

351 1650 628 1706 detentus
659 1649 731 1705 ab
764 1648 1135 1718 inﬁdelibus,
1169 1654 1228 1703 et
1256 1648 1583 1720 plurimum
1624 1663 1834 1711 cassus,
1890 1646 2009 1700 Deo

348 1740 588 1796 tradidit
621 1739 918 1810 spiritum,

344 1877 497 1933 199
528 1878 599 1932 Et
656 1882 926 1932 certamen
979 1873 1163 1960 sancti
1216 1876 1478 1947 martyris
1528 1874 1747 1930 Iuliani
1806 1880 1858 1929 et
1911 1889 2006 1930 so-

1046 1963 1275 2003 czorum.

412 2066 479 2123 Hi
539 2066 897 2137 imperatore
955 2066 1148 2121 Leone
1231 2063 1628 2120 Iconomacho
1703 2063 1992 2119 claruere.

339 2157 485 2211 Cum
514 2172 651 2210 vero
679 2154 1024 2210 orthodoxae
1057 2154 1196 2210 fidei
1230 2159 1450 2217 essent,
1486 2154 1795 2225 Deumque
1827 2152 1996 2206 time-

333 2250 490 2309 rent,
524 2250 584 2301 et
611 2243 981 2300 venerabiles
1010 2244 1236 2299 honore
1256 2247 1762 2314 prosequerentur
1784 2242 1997 2313 imagi-

335 2352 463 2397 nes.
499 2333 852 2405 martyrium
886 2332 1184 2388 obierunt.
1229 2332 1787 2387 Auimadvertentes
1836 2332 1997 2388 enim

334 2423 507 2479 illum
540 2440 575 2479 a
605 2428 949 2478 sanctarum
973 2422 1300 2495 imaginum
1323 2421 1669 2477 adoratione
1701 2438 1995 2489 aversum,

336 2519 516 2585 atque
548 2529 648 2569 eas
681 2512 817 2584 igne
846 2511 1184 2578 absumere,
1220 2511 1410 2566 zelum
1444 2527 1511 2567 ex
1543 2512 1654 2567 hoc
1697 2512 1996 2584 concipie-

340 2603 507 2670 bant,
542 2618 794 2657 mmrore
835 2600 1347 2656 contabescentes.
1407 2606 1483 2655 At
1538 2617 1673 2655 cum
1729 2601 1999 2658 viderent

338 2691 743 2748 venerandam
776 2691 955 2747 etiam
985 2691 1197 2746 Christi
1224 2691 1566 2761 imaginem,
1591 2708 1721 2763 quas
1745 2692 1807 2746 in
1828 2694 1999 2747 Erea

338 2787 511 2854 porta
542 2780 831 2841 exstabat.
870 2781 1129 2853 effringi,
1164 2797 1380 2853 aegrum
1415 2781 1599 2836 animi
1658 2797 1901 2837 sensum
1933 2782 1995 2836 in

336 2870 602 2927 medium
636 2870 1056 2942 protulerunt;
1100 2875 1159 2925 et
1213 2875 1449 2942 arrepto
1509 2871 1830 2942 spathario,
1893 2872 1992 2943 qui

333 2960 576 3025 scalam,
632 2960 888 3032 efﬁgiem
941 2959 1374 3027 destructurus,
1427 2959 1805 3028 ascendebat,
1858 2977 1993 3016 eum

336 3066 458 3105 una
489 3066 625 3105 cum
659 3048 820 3104 scala
835 3048 1207 3120 dejicientes,
1235 3048 1661 3105 interfecerunt
1683 3070 1697 3115 ;
1717 3056 1896 3121 atque
1922 3051 1994 3107 ad

335 3140 486 3194 iram
522 3144 820 3194 commoto
856 3144 1129 3210 tyranno,
1161 3138 1263 3193 alii
1295 3138 1538 3210 quidem
1568 3138 1768 3195 statim
1798 3140 1994 3212 gladio

338 3229 680 3301 consumpti
713 3229 907 3300 (multi
940 3230 1101 3285 enim
1134 3236 1306 3285 erant
1334 3246 1605 3297 numero,
1639 3230 1796 3285 inter
1846 3248 1994 3302 quos

2024 1951 2072 2016 B

2119 652 2671 727 ὁτῐσκαριώτης,εῖς
2724 650 2989 726 ὑπάρχων
3046 654 3155 705 τῶν
3215 646 3427 705 δωδεκα
3484 657 3775 725 μαθητῶν,

2119 739 2209 796 διὰ
2238 741 2599 819 φιλαργυρίαν
2631 737 2915 811 παρέδωκε
2961 740 3052 796 τὸν
3105 738 3301 813 Κύριον
3348 741 3509 810 ἡμῶν
3562 742 3775 811 Ἰησοῦν

2115 832 2348 905 Χριστὸν
2378 837 2497 895 τοῖς
2536 832 2736 908 φθόνου
2792 830 3256 904 πεπληρωμένοις
3312 827 3621 892 Ἰουδαίοις·
3681 832 3774 887 καὶ

2117 919 2245 974 ἱόὼν
2275 920 2358 975 ὅτι
2390 917 2787 994 ἐφραγελλώθη
2821 920 2959 995 πρὸς
2988 918 3052 973 τὸ
3083 919 3482 986 θανατιυθῆναι,
3518 918 3771 975 ἀπελθὼν

2115 1008 2417 1083 ἀπήγξατο,
2451 1004 2690 1062 ἐνέλιπεν
2724 1008 2752 1061 6
2783 1007 3015 1083 ἀριθμὸς
3047 1010 3157 1061 τῶν
3207 1004 3441 1064 δώδεκα.
3492 1007 3591 1063 Καὶ
3642 1029 3770 1063 στα-

2115 1095 2226 1158 θεὶς
2264 1093 2339 1155 εἷς
2392 1096 2711 1171 προσευχήν
2767 1096 2794 1149 ὁ
2854 1089 3058 1168 Πέτρος
3112 1093 3247 1167 μετὰ
3307 1098 3412 1148 τῶν
3475 1095 3569 1150 σὺν
3619 1094 3768 1169 αὐτῷ

2115 1177 2244 1236 δέκα
2277 1187 2559 1255 μαθητῶν,
2592 1177 2755 1237 ἔϐαλε
2808 1180 3038 1257 κλῆρον,
3087 1181 3176 1237 καὶ
3210 1176 3367 1236 ἔπεσε
3414 1179 3626 1256 κλῆρος
3675 1182 3769 1239 ἐπῒ

2114 1273 2382 1340 Ματθιαν,
2443 1271 2533 1327 καὶ
2605 1270 3085 1349 συγκατεψηφίσθη
3175 1271 3309 1344 μετὰ
3381 1274 3492 1325 τῶν
3577 1268 3766 1328 ἕνδεκα

2111 1360 2435 1417 ἀποστόλων
2483 1362 2594 1417 ἀντὶ
2653 1358 2830 1418 Ἰούδα
2892 1364 2990 1415 τοῦ
3048 1362 3421 1437 Ἰσκαριώτου·
3481 1359 3571 1415 καὶ
3629 1360 3764 1434 μετᾶ

2108 1456 2277 1506 ταῦτα
2305 1452 2547 1527 κηρύξας
2576 1452 2641 1507 τὸ
2693 1450 3026 1528 Εύαγγέλιον
3086 1450 3138 1507 ἐν
3196 1453 3265 1524 τῇ
3315 1445 3416 1521 ἔξω
3472 1450 3758 1523 Αἰθιοπίᾳ·

2109 1542 2198 1596 καὶ
2232 1540 2482 1606 πολλοὺς
2512 1540 2769 1620 φωτίσαε,
2829 1541 3121 1616 κρατηθεὶς
3173 1541 3277 1595 ὑπὸ
3330 1543 3439 1596 τῶν
3495 1539 3760 1610 ἀπίστων,

2109 1630 2199 1686 καὶ
2232 1628 2462 1686 πλεῖστα
2491 1631 2730 1710 τυφθεὶς,
2762 1634 2843 1703 τῷ
2876 1628 2993 1703 Θεῷ
3020 1632 3083 1686 τὸ
3115 1634 3327 1703 πνεῦμα
3358 1631 3642 1704 παρέθετο.

2110 1875 2209 1931 Καὶ
2268 1872 2498 1947 ἄθλησις
2554 1879 2650 1930 τοῦ
2710 1875 3228 1951 ἁγίουμμάρτυρος
3316 1870 3619 1932 Ἰουλιανοῢ
3672 1876 3762 1931 καὶ

2626 1953 2728 2018 τῆς
2755 1944 3010 2009 συνοδίας
3035 1944 3227 2004 αὐτοῦ.

2176 2066 2343 2123 Οὗτοι
2376 2065 2628 2141 ὑπῆρχον
2662 2063 2749 2120 ἐπὶ
2779 2071 2880 2135 τῆς
2914 2061 3194 2141 βασιλείας
3228 2065 3459 2125 Λέοντος
3508 2067 3605 2119 τοῦ
3651 2063 3752 2121 Εἱ-

2103 2155 2447 2230 κονομάχου.
2481 2158 2667 2216 ’Ὀντες
2701 2151 2757 2209 δὲ
2789 2151 3095 2228 όρθόδοξοι,
3127 2151 3216 2208 καί
3246 2154 3337 2209 τὸν
3371 2155 3499 2209 Θεὸν
3551 2148 3750 2231 φοϐού-

2108 2265 2284 2318 μενοι,
2315 2243 2530 2306 καὶτὰς
2589 2243 2775 2318 τιμίας
2833 2242 3045 2306 εῗκόνας
3101 2248 3388 2316 τιμῶντες,
3446 2239 3756 2317 ἐμαρτύρη-

2104 2334 2518 2410 σαν.Ὀριῖ›ντες
2548 2334 2648 2409 γὰρ
2709 2333 2872 2389 αὐτὸν
2932 2335 3029 2403 τήν
3090 2338 3200 2388 τῶν
3262 2337 3471 2388 σεπτῶν
3528 2330 3751 2387 εἰκόνων

2103 2424 2472 2503 προσκύνησιν
2506 2423 3007 2500 ἀποστρεφόμενον,
3063 2423 3152 2479 καὶ
3203 2422 3368 2486 αὐτὰς
3414 2421 3541 2496 πυρὶ
3599 2442 3757 2477 κατα-

2103 2514 2348 2582 καίοντα,
2380 2512 2757 2584 ἐζηλοτύπουν
2785 2512 3149 2586 λυπούμενοι,
3198 2513 3325 2568 Ὅτε
3370 2509 3425 2567 δὲ
3483 2509 3623 2567 ε’ίὸον
3665 2512 3754 2566 καὶ

2101 2604 2203 2673 τήν
2233 2601 2427 2677 Χαλκῇ
2459 2601 2610 2678 πύλῃ
2641 2601 2829 2675 τιμίαν
2860 2600 3042 2657 εῗκόνα
3096 2605 3192 2656 τοῦ
3251 2604 3489 2677 Χριστοῦ
3539 2599 3759 2675 διορυσ-

2103 2693 2362 2766 σομένην,
2397 2692 2682 2766 ἐξήνεγκαν
2714 2692 2812 2760 τήν
2856 2688 3039 2761 λύπην
3092 2689 3168 2752 εἷς
3217 2694 3355 2768 φῶς.
3407 2688 3504 2744 Καὶ
3548 2691 3755 2764 κρατήο

2102 2802 2290 2843 σαντες
2347 2781 2439 2835 τὸν
2495 2778 2584 2835 ἐπὶ
2641 2786 2744 2848 τῆς
2800 2778 3005 2841 σκάὶας
3086 2774 3357 2834 ἀναϐάντα
3434 2778 3759 2855 σπαθάριον,

2101 2870 2236 2945 πρὸς
2269 2870 2332 2925 τὸ
2363 2865 2664 2923 καταλῦσαι
2694 2870 2792 2935 τὴν
2828 2866 3031 2937 εῗκόνα,
3080 2869 3171 2922 καὶ
3222 2868 3472 2943 ῥίψαντες
3528 2865 3615 2921 ἐπὶ
3660 2867 3761 2935 τὴν

2100 2963 2199 3035 γῆν
2267 2958 2404 3030 μετᾶ
2458 2960 2560 3022 τῆς
2620 2955 2843 3025 σκαλας,
2902 2957 3235 3011 ἀπέκτεινανο
3294 2955 3384 3010 καὶ
3443 2958 3757 3027 κινήσαντες

2104 3048 2179 3111 εἷς
2215 3048 2387 3121 θυμὸν
2419 3048 2511 3102 τὸν
2538 3046 2818 3119 τύραννον,
2855 3046 2903 3101 οἳ
2952 3046 3045 3120 μὶν
3100 3044 3403 3121 παραυτίκα
3453 3044 3593 3124 ξίφει.
3643 3045 3758 3100 ἐτε-

2102 3138 2434 3209 λειώθησαν,
2466 3133 2678 3191 πολλοὶ
2730 3135 2822 3191 τὸν
2873 3135 3104 3212 ἀριθμὸν
3164 3130 3333 3196 ὄντες·
3386 3132 3436 3189 ἐν
3485 3136 3568 3196 οἷς
3621 3135 3756 3203 ἦσαν

2101 3226 2192 3282 καὶ
2222 3231 2472 3302 γυναῖκες
2503 3224 2602 3281 οὐκ
2661 3225 2870 3302 ὀλίγαι,
2928 3227 3019 3281 καὶ
3074 3223 3255 3298 Μαρία
3282 3226 3317 3293 ἠ
3352 3222 3627 3297 πατρικία.
3688 3223 3756 3279 Ui

332 3319 534 3389 plures
565 3318 829 3373 feminas.
865 3323 925 3373 et
983 3319 1165 3374 Maria
1212 3318 1508 3390 patricia),
1554 3318 1657 3374 alii
1707 3319 1992 3375 custodiis

2108 3315 2165 3370 δὲ
2222 3313 2440 3393 φυλακῇ
2495 3311 2912 3391 παραδοθέντες,
2984 3313 3071 3369 καὶ
3132 3313 3200 3367 τὰ
3250 3312 3517 3385 πρόσωπα
3591 3331 3753 3366 κειται

330 3406 554 3475 traditi,
587 3424 655 3462 ac
685 3406 835 3463 facie
862 3407 1180 3476 combusti,
1214 3408 1628 3480 plurimosque
1660 3410 1821 3481 passi
1852 3426 1987 3466 cru-

320 3496 529 3562 ciatus,
566 3497 764 3569 capite
798 3497 968 3553 fuere
1001 3498 1360 3554 obtruncati.

390 3586 462 3640 Et
496 3587 996 3642 commemoratio
1029 3587 1219 3643 sancti
1267 3586 1643 3644 Constantini
1689 3586 1986 3660 archiepi-

321 3674 482 3747 scopi
515 3676 694 3747 regim
728 3675 915 3731 urbis.

893 3796 1134 3852 EODEM
1175 3798 1427 3854 MENSE.

971 3885 1078 3940 Die
1110 3886 1343 3943 decima

325 3972 613 4028 Certamen
641 3982 961 4029 sanctorum
1008 3983 1319 4050 martyrum
1366 3980 1655 4046 Laurenti,
1700 3980 1884 4050 Xystis
1933 3987 1985 4036 et

1000 4048 1297 4119 Hippolyti.

395 4167 579 4223 Erant
608 4166 706 4224 isti
739 4170 1110 4242 temporibus
1142 4171 1305 4228 Decii
1333 4173 1730 4245 imperatoris.
1765 4175 1836 4230 Et
1864 4176 1983 4247 Xy-

327 4261 454 4313 stus
485 4257 729 4330 quidem
762 4261 1010 4317 Athenis
1040 4267 1235 4329 natus,
1271 4262 1373 4318 ubi
1429 4264 1820 4337 philosophia;
1854 4271 1979 4322 stu-

328 4347 441 4404 diis
471 4364 712 4421 operam
744 4351 1013 4418 navavit;
1047 4354 1295 4410 Romam
1326 4370 1461 4410 vero
1492 4354 1814 4427 profectus,
1847 4362 1984 4429 post

325 4436 606 4510 Stephani
640 4442 793 4497 sacri
830 4444 1111 4514 martyris
1142 4443 1372 4499 obitum
1402 4445 1719 4518 episcopus
1767 4462 1982 4503 conse-

324 4533 542 4583 cratur.
573 4530 839 4601 Cumque
872 4548 1020 4602 quas
1046 4530 1307 4588 habebat
1343 4533 1622 4598 Ecclesia;
1672 4534 1977 4606 pecunias,

324 4617 685 4688 pauperibus
705 4635 810 4690 per
824 4620 1121 4676 Laurentii
1145 4622 1380 4678 diaconi
1405 4638 1618 4679 manus
1641 4624 1977 4680 distribuis-

2096 3406 2335 3478 καέντες,
2394 3405 2483 3459 καὶ
2548 3402 2736 3459 πολλὰ
2822 3400 2970 3459 δεινᾶ
3055 3401 3402 3471 ὑποστάντες,
3487 3401 3756 3479 ἆπεκεφα-

2100 3492 2392 3566 λίσθησαν.

2172 3586 2273 3643 Καὶ
2314 3587 2510 3659 μνήμη
2542 3589 2640 3641 τοῦ
2693 3584 2744 3639 ἐν
2806 3584 2987 3664 ἁγίοις
3043 3583 3448 3642 Κωνσταντίνου
3507 3584 3757 3661 ἀρχιεπι·

2097 3675 2304 3733 σκὸπου
2333 3683 2435 3746 τῆς
2470 3672 2754 3753 βασιλίδος
2785 3673 3022 3736 πόλεως.

2646 3786 2824 3841 ΜΗΝΙ
2865 3786 2957 3841 ΤΩ
2994 3786 3195 3842 ΑΥΤΩ.

2895 3871 2931 3927 Ι.

2090 3973 2355 4046 Ἀθλησις
2378 3976 2487 4029 τῶν
2534 3970 2703 4048 ἁγίων
2747 3968 3054 4048 μαρτύρων
3109 3966 3466 4041 Λαυρεντίου,
3522 3966 3740 4022 Ξύστου

2674 4038 2775 4097 καῖ’
2797 4038 3148 4110 Ἱππολύτου.

2159 4144 2326 4205 Οὗτοι
2379 4144 2633 4217 ὑπῆρχον
2693 4139 2781 4195 ἐπὶ
2844 4144 2945 4209 τῆς
3007 4135 3284 4214 βασιλείας
3336 4135 3546 4193 Δεκίου·
3580 4138 3609 4193 6
3644 4137 3738 4211 μὲν

2086 4236 2300 4298 Ξύστος
2331 4233 2382 4305 ἐξ
2437 4234 2711 4300 Ἀθηνῶν,
2770 4224 2897 4295 ἔνθα
2952 4228 3043 4284 καὶ
3099 4228 3191 4283 τὸν
3247 4233 3348 4297 τῆς
3410 4227 3741 4306 φιλοσοφίας

2085 4325 2297 4398 ἤσκησε
2327 4322 2513 4399 λόγον,
2548 4319 2992 4397 Παραγενόμενος
3051 4315 3108 4374 δὲ
3167 4316 3219 4374 ἐν
3275 4318 3468 4394 Ῥώμῃ
3522 4317 3740 4394 ἐχειρο-

2084 4416 2290 4485 τονήθη
2326 4412 2623 4475 ἐπίσκοπος
2658 4410 2792 4484 μετὰ
2814 4408 3075 4477 τελευτὴν
3128 4405 3402 4486 Στεφάνου
3449 4411 3546 4462 τοῦ
3594 4408 3739 4479 ἱερο-

2091 4498 2552 4581 μάρτυρος.Δοὶ›ς
2599 4496 2658 4555 δὲ
2708 4497 2800 4554 διὰ
2854 4497 3045 4575 χειρὸς
3100 4494 3430 4573 Λαυρεντίου
3488 4493 3741 4551 διακόνου

2083 4594 2150 4649 τὰ
2205 4589 2477 4666 προσόντα
2535 4589 2688 4662 αὐτῷ
2744 4588 2866 4663 ἱερὰ
2917 4588 3186 4663 χρήματα
3264 4588 3541 4660 πτωχοῖς,
3595 4582 3739 4658 λέγει

326 4709 435 4767 set,
469 4705 552 4759 ait
569 4705 692 4761 illi:
724 4707 1029 4774 Laurenti,
1052 4727 1183 4766 cras
1206 4711 1381 4767 Decio
1403 4712 1710 4769 trademur
1738 4713 1813 4771 ad
1839 4730 1973 4770 exa-

2104 4683 2262 4755 πιύτῷ·
2326 4675 2636 4756 Λαυρέντιε,
2695 4673 2882 4754 αὔριον
2972 4672 3385 4751 παραδιδόμεθα
3438 4674 3609 4748 Δεκίῳ
3666 4674 3743 4736 εἷς

327 4809 489 4849 men.
521 4796 604 4849 Ac
626 4794 801 4865 juxta
831 4797 961 4869 ejus
991 4800 1440 4871 praedictionem
1471 4803 1768 4866 detentus,
1796 4803 1977 4859 mini-

326 4898 543 4954 meque
573 4884 876 4952 inductus,
904 4893 970 4943 ut
998 4888 1174 4945 idolis
1205 4892 1590 4959 sacriﬁcaret,
1622 4894 1815 4966 capite
1865 4893 1982 4950 fuit

328 4972 738 5030 obtruncatus.
775 4977 1017 5034 Delatus
1048 4981 1227 5036 etiam
1285 4982 1658 5053 Laurentius,
1704 4999 1841 5039 cum
1886 5001 1979 5040 sa-

325 5080 489 5119 cram
522 5065 958 5137 supelleetilem
990 5069 1064 5125 ab
1094 5087 1162 5126 eo
1206 5072 1601 5142 postularent,
1662 5072 1979 5144 imponens

324 5154 452 5225 ipse
492 5172 673 5227 super
701 5173 910 5213 currus
941 5159 1186 5216 claudos
1214 5177 1600 5234 mancosque,
1634 5161 1851 5233 quibus
1874 5180 1979 5234 pe-

326 5244 567 5300 cuniam
619 5254 980 5317 erogaverat,
1036 5254 1173 5304 ante
1231 5249 1655 5322 imperatorem
1711 5252 1976 5319 adduxit,

325 5332 531 5389 dicens
560 5350 574 5388 :
611 5335 679 5389 Hi
713 5342 873 5404 sunt,
901 5337 1003 5407 qui
1032 5339 1351 5409 pecuniam
1403 5341 1767 5397 custodiunt.
1818 5343 1979 5397 Tunc

326 5439 507 5493 super
562 5425 948 5481 candentium
1008 5426 1333 5483 carbonum
1393 5435 1615 5485 cratem
1676 5436 1976 5499 extensus,

328 5512 484 5567 200
517 5513 762 5568 tradidit
792 5515 1088 5586 spiritum.
1125 5516 1375 5574 Sanctus
1433 5536 1570 5574 vero
1628 5519 1979 5591 Hippolytus

326 5614 532 5654 eorum
564 5617 878 5658 assumens
904 5604 1213 5676 reliquias.
1238 5612 1415 5678 atque
1443 5606 1977 5680 sepelieus,captus

324 5684 484 5748 fuit;
514 5694 572 5742 et
601 5691 877 5764 alligatus
928 5693 1004 5748 ad
1064 5694 1387 5751 indomitos
1446 5712 1653 5768 equos,
1707 5703 1977 5769 raptatus

326 5787 791 5840 consummatur.

2087 4773 2340 4845 ἐξέτασιν.
2390 4770 2535 4825 Κατὰ
2584 4766 2641 4823 δὲ
2679 4768 2777 4836 την
2839 4765 3145 4843 πρόρῥησιν
3204 4765 3374 4821 αὐτοῦ
3428 4765 3740 4841 κρατηθεὶς,

2087 4863 2177 4919 καὶ
2214 4862 2290 4935 μή
2322 4857 2562 4921 πεισθεὶς
2597 4858 2752 4911 θῦσαι
2810 4861 2931 4920 τοῖς
2982 4853 3257 4922 εἰδώλοις,
3311 4851 3740 4931 ἆπεκεφαλίσθη.

2088 4952 2430 5028 Προσαχθεὶς
2460 4947 2519 5005 δὲ
2540 4950 2628 5004 καὶ
2658 4949 3003 5025 Λαυρέντιος,
3058 4948 3149 5002 καὶ
3190 4947 3259 5002 τὰ
3304 4945 3425 5020 ἱερᾶ
3477 4948 3742 5020 γρήματα

2088 5043 2506 5117 ἀπαιτούμενος,
2540 5041 2741 5105 ἐπιθεὶς
2772 5041 2850 5104 εἷς
2905 5040 3003 5103 τὰς
3047 5038 3255 5112 ἁμάξας
3310 5035 3436 5099 τοὺς
3491 5035 3739 5112 χωλοὺς,

2087 5136 2178 5192 καὶ
2233 5134 2569 5204 ἀναπήρους,
2617 5133 2700 5193 οἷς
2759 5128 3023 5202 διένειμεν
3077 5129 3145 5184 τὰ
3201 5127 3486 5201 χρήματα,
3542 5124 3738 5201 ἤγαγεν

2088 5220 2392 5299 ἔμπροσθεν
2424 5225 2522 5277 τοῦ
2557 5219 2851 5296 βασιλέως,
2886 5218 3074 5274 εἰπών.
3123 5213 3291 5272 Οὗτοί
3350 5214 3483 5269 εἰσιν
3535 5216 3586 5270 οἱ
3631 5220 3740 5271 τῶν

2089 5316 2395 5391 χρημάτων
2441 5309 2700 5389 φύλακες.
2761 5308 2899 5366 Τότε
2984 5304 3264 5368 ἆπΑωθεὶς
3322 5301 3408 5358 ἐπ’
3482 5302 3741 5381 ἐσχάρας,

2087 5402 2370 5478 παρέδωκε
2393 5404 2457 5458 τὸ
2483 5405 2718 5474 πνεῦμα.
2758 5400 2820 5457 Ὀ
2871 5396 2929 5454 δὲ
2976 5397 3130 5473 ἅγιος
3179 5393 3508 5460 Ἱππόλυτος
3555 5392 3740 5453 λαϐὼν

2084 5497 2152 5551 τὰ
2182 5494 2415 5568 λείψανα
2444 5491 2643 5555 αὐτῶν,
2676 5488 2766 5544 καὶ
2800 5488 2992 5561 θάψας,
3026 5485 3324 5559 ἐκρατήθη.
3359 5487 3465 5542 Καὶ
3510 5483 3741 5562 προσδε.

2087 5584 2200 5647 θεὶς
2232 5581 2431 5645 ’ίπποις
2463 5577 2696 5655 ἀγρίοις,
2729 5576 3026 5649 ἐτελειώθη
3058 5575 3379 5653 συρόμενος.
