4128 6420
249 441 392 503 581

826 569 1004 628 ΜΗΝῙ
1045 570 1138 628 ΤΩ
1175 572 1369 627 ΑΥΤΩ.

1062 659 1146 715 ιΑ¹

459 747 730 820 Ἀθλησις
757 748 858 804 τοῦ
890 747 1050 823 ἁγίου
1079 747 1480 824 ἱερομάρτυρος
1510 743 1757 805 Εὕπλου.

347 849 758 911 Εὔπλοςὸτοῦ
815 852 1050 922 Χριστοῦ
1114 847 1317 923 μάρτυς
1382 849 1631 922 ὑπῆλῡχεν
1689 847 1777 902 ἐπὶ
1837 853 1938 915 τῆς

269 941 563 1018 βασιλείας
593 936 992 1007 Διοκλητιανοῦ
1025 937 1084 991 έκ
1110 944 1211 1006 τῆς
1257 935 1474 999 πόλεως
1526 937 1778 1004 Κατάνης
1839 942 1940 1004 τῆς

264 1031 326 1085 ἐν
360 1026 590 1098 Σικελίᾳ
617 1029 687 1098 τῇ
718 1027 891 1098 νήσῳ.
954 1023 1216 1085 ,διάκονος
1249 1022 1306 1078 δὲ
1334 1021 1408 1078 ὤν
1432 1030 1532 1092 τῆς
1565 1022 1618 1078 έν
1663 1025 1799 1096 αὑτῇ
1850 1021 1937 1077 έκο

264 1113 534 1185 κλησίας,
568 1109 816 1167 ἀδίδασκε
845 1111 936 1166 τὸν
971 1109 1102 1166 λαὸν
1162 1111 1262 1179 τὴν
1314 1110 1390 1172 εἷς
1441 1109 1682 1185 Χριστὸν
1734 1109 1936 1176 πίστιν,

275 1205 749 1279 ὑπαναγινώσκων
777 1202 871 1264 τὰς
904 1201 1050 1276 ἱερὰς
1108 1203 1340 1278 Γραφάςσ
1393 1197 1509 1257 ὅθεν
1563 1199 1936 1277 διαγνωσθεὶς,

270 1297 370 1351 καὶ
405 1295 696 1369 κρατηθεὶς
757 1293 860 1348 ὑπὸ
916 1297 1012 1346 τοῦ
1071 1292 1362 1367 ἂρχοντος,
1420 1291 1510 1347 καὶ
1567 1293 1658 1347 τὸν
1708 1293 1936 1364 Χριστὸν

272 1387 610 1458 ἀρνήσασθαι
646 1382 906 1458 βιασθεὶς,
938 1383 1028 1437 καὶ
1084 1384 1160 1454 μή
1219 1382 1481 1450 πεισθεὶς,
1533 1380 1691 1450 ἒδέθη
1750 1387 1942 1457 χεῖρας

273 1472 594 1537 καὶ-πόδας.
638 1472 734 1527 Καὶ
785 1471 1113 1544 κρεμασθεὶς
1173 1470 1263 1526 ἐπὶ
1325 1470 1517 1542 ξύλου,
1576 1471 1734 1547 χερσὶ
1793 1470 1944 1536 σιδη-

271 1570 402 1639 ραῖς
464 1563 556 1618 καὶ
619 1558 767 1632 ὄνυξι
820 1559 1181 1631 κατεξαίνετο,
1239 1560 1328 1616 καὶ
1387 1561 1629 1635 βαρείαις
1713 1559 1940 1634 σφύραις

277 1656 346 1709 τὰ
374 1653 510 1709 ὀστᾶ
540 1646 902 1724 συνετρίϐετο.
939 1650 1074 1707 Εἶτα
1127 1654 1224 1704 τυῦ
1280 1649 1446 1720 ξύλου
1502 1645 1942 1728 καταϐιϐασθεὶς,

278 1745 504 1820 φυλακῇ
563 1740 914 1818 ἐναπερῥίφὝ
1002 1737 1126 1794 ἔνθα
1184 1737 1439 1814 διψήσας,
1499 1739 1588 1795 καὶ
1649 1741 1725 1814 μή
1797 1738 1942 1815 ἔχων

273 1833 430 1908 ὕδωρ
461 1833 655 1902 πίνειν,
713 1829 1174 1904 προσευξάμενος,
1231 1831 1416 1904 πηγὴν
1466 1827 1661 1893 ὕδατος
1716 1827 1944 1904 ἐξήγαγε

1779 435 2214 501 AUGUSTUS.

1963 572 2018 640 Α

3587 456 3705 516 583

2602 578 2841 635 EODEM
2882 582 3134 638 MENSE.

2637 669 2738 724 Die
2770 671 3093 727 undecima

2290 755 2576 814 Certamen
2606 763 2943 816 sacrosancti
2974 765 3235 832 martyris
3266 767 3458 836 Eupli.

2118 862 2342 933 Euplus
2373 863 2590 919 Christi
2622 874 2869 938 martyr,
2904 867 3272 925 Diocletiano
3324 871 3704 943 imperatore,

2051 967 2119 1005 ex
2142 955 2286 1007 urbe
2313 953 2531 1008 Catana
2554 955 2613 1010 in
2639 957 2839 1012 Sicilia
2860 958 3058 1013 insula
3080 960 3308 1016 claruit.
3337 963 3481 1017 Cum
3505 971 3706 1019 autem

2050 1043 2111 1096 in
2145 1043 2413 1112 ejusdem
2447 1046 2610 1100 urbis
2644 1047 2897 1102 ecclesia
2927 1047 3216 1104 diaconus
3266 1059 3441 1119 esset,
3489 1053 3705 1107 Christi

2052 1131 2166 1186 ﬁde
2199 1134 2482 1204 populum
2518 1134 2841 1202 imbuebat,
2879 1154 3077 1192 sacras
3110 1140 3440 1211 Scripturas
3493 1142 3703 1213 prade-

2048 1223 2617 1293 gensQuamobrem
2642 1223 2962 1288 delatus,et
2983 1243 3016 1281 a
3042 1230 3295 1298 praeside
3318 1232 3706 1302 comprehen-

2051 1327 2172 1376 sus,
2207 1328 2340 1366 cum
2371 1313 2669 1368 Christum
2695 1313 2989 1387 abnegare
3010 1319 3607 1389 compelleretur,nec
3629 1321 3700 1374 ad

2051 1399 2110 1453 id
2143 1400 2482 1456 faciendum
2518 1402 2718 1457 induci
2753 1411 2974 1475 posset,
3006 1407 3283 1462 manibus
3333 1408 3705 1480 pedibusque

2051 1489 2248 1561 ligatis
2280 1491 2340 1545 in
2399 1492 2722 1562 equuleum
2783 1511 3134 1565 suspensus,
3194 1497 3404 1551 ferreis
3453 1499 3706 1552 manicis

2056 1579 2512 1651 unguiculisque
2554 1581 2847 1654 despexus
2898 1591 3004 1648 est,
3039 1585 3432 1657 gravibusque
3473 1587 3707 1641 malleis

2055 1684 2189 1722 ossa
2212 1669 2340 1740 ejus
2363 1669 2664 1726 confracta
2687 1679 2843 1727 sunt.
2877 1679 3086 1728 Postea
3108 1691 3177 1729 ex
3201 1676 3455 1747 equuleo
3479 1677 3710 1748 deposi-

2057 1762 2170 1824 tus,
2231 1759 2292 1813 in
2351 1775 2649 1815 carcerem
2709 1761 3084 1817 detruditur:
3140 1763 3238 1818 ubi
3302 1765 3532 1832 sitiens,
3595 1782 3708 1820 nec

2056 1864 2268 1919 aquam
2303 1849 2374 1905 ad
2399 1849 2721 1906 bibendum
2745 1852 2993 1913 habens.
3011 1852 3159 1908 fusis
3182 1854 3458 1925 precibus
3481 1855 3706 1910 fontem

265 1931 378 1991 τῆς
411 1929 540 1997 γῆς,
571 1922 660 1976 καὶ
696 1921 836 1975 πιὼν
870 1919 1236 1996 εὐχαρίστησέ
1263 1924 1344 1992 τῷ
1375 1924 1510 1992 Θεῷ.
1569 1920 1724 1978 Μετά
1769 1924 1939 1975 ταῦτα

2059 1955 2225 2010 aquai
2258 1955 2326 1994 ex
2361 1945 2519 1994 terra
2549 1941 2770 2005 eduxit,
2801 1941 3131 2014 bibensque
3159 1919 3377 2014 gratias
3420 1945 3534 1998 Deo
3568 1944 3706 2017 egit.

267 2019 377 2081 τῆς
414 2009 664 2084 φυλακῆς
707 2002 1020 2078 ἐκϐληθεὶς,
1078 2007 1171 2062 καὶ
1228 2007 1322 2069 τὰς
1371 2007 1538 2070 ἀκοὰς
1593 2008 1757 2063 αὐτοῦ
1811 2027 1938 2062 σου-

269 2097 465 2158 ϐλίοις
498 2096 914 2175 διατρυπηθεὶς,
945 2097 1258 2153 τελευταῖον
1308 2098 1446 2177 ξίφει
1492 2100 1593 2168 τὴν
1642 2099 1789 2174 ἱερὰν
1841 2098 1939 2153 αὐ-

262 2195 365 2246 τοῦ
395 2188 646 2269 κεφαλὴν
677 2187 1116 2265 ἀπεκεφαλίσθη.

832 2306 1019 2362 ΜΠΝΙ
1057 2307 1150 2361 ΤΩ
1188 2306 1392 2361 ΑΥΤΩ.

1070 2394 1158 2449 IA‘

265 2485 547 2557 ’Ἀθλησις
604 2488 714 2540 τῶν
777 2484 944 2561 ἁγίων
1011 2482 1299 2560 μαρτύρων
1359 2484 1585 2541 Φωτίου
1642 2486 1731 2540 καὶ
1799 2486 1937 2540 Ἀνι-

1003 2571 1104 2627 κητ
1115 2577 1198 2613 ου.

346 2676 566 2736 Φώτιος
609 2673 699 2728 καὶ
757 2671 1066 2741 Ἀνίκητος,
1101 2673 1152 2728 οἱ
1182 2676 1284 2727 τοῦ
1344 2674 1593 2748 Χριστοῦ
1649 2675 1939 2749 μάρτυρες,

279 2766 539 2838 ὑπῆρχον
577 2761 673 2835 μὶν
703 2759 794 2816 έπὶ
823 2768 922 2830 τῆς
982 2759 1263 2836 βασιλείας
1308 2758 1723 2831 Διοκλητιανοῦ’
1783 2762 1850 2831 ἦν
1885 2759 1943 2816 δέ

279 2855 308 2908 ὁ
366 2855 582 2912 Φώτιος
638 2850 857 2924 ἀνεψιὸς
913 2855 1010 2904 τοῦ
1068 2852 1374 2921 Ἀνικήτου.
1436 2853 1940 2926 Δημηγορήσαντος

286 2939 347 2996 δὶ
383 2940 773 3010 Διοκλητιανοῦ
805 2939 858 2994 ἐν
912 2939 1276 3013 Νικομηδείᾳ,
1336 2957 1425 2996 και
1480 2943 1655 2996 πάντα
1709 2941 1775 2995 τὰ
1834 2942 1939 3016 βα·-

294 3029 618 3100 σανιστήρια
645 3029 714 3090 εὶς
775 3030 938 3102 μέσον
998 3031 1315 3103 προθέντος,
1373 3030 1462 3084 καὶ
1523 3030 1941 3100 ἀπειλήσαντος,

307 3117 384 3177 ὡς
445 3114 499 3170 εἴ
544 3137 622 3178 τις
671 3118 853 3174 ἑαυτὸν
913 3119 1239 3190 Χριστιανὸν
1308 3118 1665 3193 ὁμολογήσει,
1729 3131 1942 3193 θανατῳ

305 3207 664 3262 ὑποπεσεῖται.
725 3209 914 3284 παρὼν
962 3209 989 3262 ὁ
1029 3206 1318 3278 Ἀνίκητος
1374 3209 1694 3282 Χριστιανὸν
1756 3210 1942 3265 ἑαυτὸν

2051 2033 2190 2085 Tum
2227 2048 2256 2084 e
2290 2047 2526 2087 carcere
2554 2037 2872 2100 extractus,
2907 2033 3150 2088 auribus
3183 2033 3411 2089 subulis
3443 2035 3708 2106 perfora-

2052 2121 2150 2186 tis,
2185 2127 2555 2191 postremum
2589 2122 2783 2194 gladio
2817 2140 3006 2178 cassus
3039 2129 3146 2178 est.

2617 2312 2857 2368 EODEM
2897 2312 3150 2367 MENSE.

2634 2401 2736 2456 Die
2770 2400 3123 2457 duodecima

2053 2488 2199 2544 201
2262 2487 2547 2546 Certamen
2632 2496 2964 2617 sauciorum.
3040 2497 3354 2562 martyrum
3414 2492 3606 2548 Photii
3663 2498 3715 2546 et

2801 2578 2986 2616 ηιοει..

2801 2578 2986 2616 ηιοειι..

2125 2685 2372 2741 Photius
2403 2691 2582 2757 atque
2615 2687 2919 2755 Anicetus,
2953 2688 3168 2742 Christi
3204 2694 3518 2760 martyres,
3576 2689 3707 2743 Dio-

2053 2773 2308 2829 cletiano
2333 2776 2692 2847 imperatore
2713 2777 3224 2832 claruerunt.Erat
3245 2784 3442 2832 autem
3465 2778 3711 2833 Photius

2052 2862 2283 2918 Aniceti
2318 2881 2526 2936 nepos.
2554 2865 2701 2920 Cum
2727 2882 2862 2920 vero
2894 2866 2966 2921 ad
3010 2866 3368 2921 Nicomedim
3420 2867 3707 2938 populum

2052 2953 2399 3008 concionem
2432 2953 2838 3010 Diocletianus
2860 2955 3131 3016 haberet,
3155 2961 3489 3026 cunctaque
3510 2957 3570 3010 in
3597 2973 3712 3009 me-

2051 3044 2215 3098 dium
2258 3049 2555 3099 tormenta
2607 3045 2921 3116 proferret,
2983 3045 3383 3100 comminatus
3443 3045 3589 3112 fore,
3645 3053 3707 3101 ut

2049 3134 2226 3188 morti
2268 3133 2701 3196 succumberet,
2735 3135 2834 3205 qui
2868 3151 2929 3188 se
2962 3135 3362 3190 Christianum
3391 3136 3705 3191 confitere-

2050 3229 2185 3283 tur;
2219 3229 2421 3279 astans
2451 3225 2736 3279 Anicetus
2768 3225 3172 3279 Christianum
3207 3242 3336 3281 sese
3380 3226 3536 3280 elata
3564 3241 3705 3280 voce

301 3298 509 3371 μεγάνῃ
541 3300 609 3370 τῇ
638 3301 793 3375 φωνῇ
834 3297 1172 3372 ἀνεκήρυξεν.
1236 3297 1338 3354 Καὶ
1399 3298 1687 3374 κρατηθεὶς
1736 3298 1936 3377 έτῦφθη

2059 3313 2430 3368 enuntiavit:
2489 3313 3094 3384 comprehensusque,
3177 3316 3559 3368 vehementer
3618 3318 3708 3368 est

291 3383 571 3461 σφοδρῶς,
601 3387 785 3442 καὶτᾶ
833 3385 918 3441 ἐπ’
964 3387 1122 3442 αὐτὸν
1184 3384 1524 3442 ἀπολυθέντα
1580 3389 1747 3462 θηρία
1803 3392 1942 3462 ἡμε-

287 3476 500 3550 ρώτερα
556 3471 844 3550 προϐάτων
922 3474 1216 3547 ἀπέδειξεν.
1277 3477 1408 3533 Εἶτα
1483 3477 1940 3552 προσευξάμενος,

283 3566 574 3638 συνέτριψε
612 3565 674 3620 τὸ
722 3569 818 3620 τοῦ
866 3565 1180 3640 Ἠρακλέως
1220 3565 1426 3639 ξόανον.
1488 3561 1682 3621 Λαϐὼν
1734 3564 1791 3621 δὲ
1843 3569 1943 3638 τὴν

285 3651 376 3708 διὰ
402 3655 595 3732 ξίφους
627 3655 921 3732 ἀπόφασιν,
979 3656 1076 3711 καῖ
1136 3653 1356 3729 μέλλων
1415 3655 1940 3734 ἀποκεφαλισθῆναι,

286 3741 359 3798 δι’
391 3744 565 3820 εὐχῆς
597 3745 821 3821 ἐξήρανε
849 3750 946 3801 τοῦ
979 3743 1188 3818 δημίου
1214 3747 1315 3813 τήν
1348 3751 1530 3822 χεῖρα.
1587 3747 1727 3804 Τότε
1771 3768 1942 3822 προσ-

286 3831 514 3909 δραμὼν
549 3835 578 3888 ὁ
612 3834 850 3902 Φώτιος,
907 3836 1190 3906 ⁴ἠσπάσατο
1240 3834 1424 3890 αὐτόν·
1483 3836 1574 3890 καὶ
1627 3837 1940 3908 κρατηθεὶς,

284 3920 543 3994 συνεδέθη
605 3924 776 3997 αὐτῷ’
830 3925 920 3980 καὶ
980 3925 1279 4003 ἀμφότεροι
1364 3923 1636 4002 διαφόρως
1722 3927 1942 4001 βασανι-

281 4014 519 4084 σθέντες,
550 4009 711 4078 τέλος
740 4016 870 4089 πυρὶ
899 4015 1321 4085 ἐτελειώθησαν.

840 4133 1026 4190 MHNI
1066 4135 1152 4188 ΤΩ
1189 4133 1389 4190 ΑΥΤΩ.

1081 4222 1158 4276 ΙΓ¹

285 4321 353 4380 Ἠ
387 4320 670 4394 μετάθεσις
689 4323 785 4395 του
839 4320 1100 4395 λειψάνου
1141 4324 1248 4395 ,τοῦ
1307 4319 1460 4376 ὁσίου
1520 4321 1727 4395 [ἰατρὸς
1781 4321 1942 4394 ἡμῶν

721 4391 976 4466 Μαξίμου
1003 4395 1101 4448 τοῦ
1131 4393 1511 4467 ὁμολογητοῦ.

356 4519 534 4580 Οὗτος
575 4518 642 4588 ἧν
703 4522 841 4574 κατὰ
896 4518 1025 4582 τοὺς
1085 4518 1320 4594 χρόνους
1380 4519 1798 4576 Κωνσταντίνου
1848 4523 1945 4575 τοῦ

282 4609 676 4680 ἐπικληθέντος
763 4611 1126 4685 Πωγωνατου,
1216 4608 1375 4672 ὄντος
1450 4609 1726 4685 ἀπογόνου
1780 4611 1944 4684 Ἠρα-

294 4697 508 4754 κλείου.
541 4703 668 4759 Ταῖς
702 4699 985 4774 μεγίσταις
1019 4699 1110 4753 οὗν
1160 4704 1372 4774 τιμαῖς,
1430 4700 1535 4755 ὑπὸ
1593 4705 1698 4755 τῶν
1754 4704 1944 4775 πρώην

297 4785 568 4863 βασιλέων
603 4785 900 4862 δεξιωθεὶς,
935 4789 1024 4844 καὶ
1058 4789 1242 4852 ἱκανὸς
1276 4788 1348 4844 ὥν
1383 4788 1434 4844 έν
1463 4795 1581 4852 ταῖς
1635 4789 1945 4857 πολιτικαῖς

289 4877 593 4948 διοικήσεσι
651 4879 720 4934 τὰ
785 4881 1026 4954 πρακτέα
1113 4880 1435 4957 ὑφηγεῖσθαι
1523 4878 1794 4958 διαλόγων
1855 4885 1944 4940 καὶ

290 4967 537 5041 τρόπων,
595 4970 685 5024 καὶ
743 4970 841 5038 τήν
889 4970 1000 5024 ἀπὸ
1063 4970 1257 5045 χρόνοι
1308 4970 1536 5040 σύνεσιν,
1597 4971 1676 5036 εἷς
1730 4995 1793 5029 το
1850 4979 1946 5030 τοῦ

295 5060 756 5134 πρωτοσηκρίτου
813 5054 1187 5133 προεϐιϐἀσθη
1247 5059 1485 5132 ἀξίωμα.
1546 5062 1649 5119 Καὶ
1734 5064 1946 5135 βουλῆς

292 5153 412 5209 τοῖς
469 5145 750 5222 βασιλεῦσι
811 5148 1002 5224 γέγονέ
1056 5149 1341 5211 κοινωνός.
1401 5150 1550 5206 Ἐπεὶ
1583 5147 1702 5221 δὶὴ
1735 5155 1950 5228 πονηρά

296 5239 388 5292 καὶ
421 5235 655 5315 ἔκφυλος
689 5236 817 5312 δόξα
845 5243 951 5294 τῶν
989 5239 1113 5312 μίαν
1147 5238 1372 5309 θέλησιν
1404 5237 1492 5294 ἐπὶ
1539 5247 1640 5311 τῆς
1687 5239 1777 5298 διὰ
1819 5264 1948 5315 σαρ-

290 5329 390 5390 κὸς
424 5333 520 5382 τοῦ
552 5334 787 5405 Χριστοῦ
849 5329 1170 5402 οἰκονομίας
1225 5330 1472 5400 ἀνοήτως
1527 5331 1634 5386 καὶ·
1672 5328 1946 5397 δυσσεϐῶς

290 5420 593 5492 ἐτεεκρατει,
647 5423 774 5476 ὅσον
834 5420 917 5477 ἐπ’
978 5420 1164 5485 αὐτοῖς
1223 5424 1349 5494 μίαν
1403 5427 1508 5476 τῶν
1571 5421 1668 5479 δύο
1736 5424 1948 5504 φ·5σεωυ

291 5510 682 5584 ἀναιρούντων,
743 5511 834 5565 καὶ
892 5509 1238 5584 διατάγματά
1292 5533 1415 5566 τινα
1468 5513 1567 5580 τήν
1626 5512 1946 5589 κακοδοξίαν

285 5601 616 5674 κρατύνονται
673 5603 813 5660 κατα
868 5603 967 5671 τήν
1026 5601 1230 5677 ἀγορὰν
1288 5601 1652 5676 έπομπεύετο,
1710 5605 1799 5661 καὶ
1861 5608 1948 5664 ἐπὶ

285 5700 389 5760 τῆς
425 5693 668 5768 μεγάλης
722 5687 1016 5768 προῦκειτο
1061 5691 1373 5762 ἐκκλησίας,
1421 5693 1520 5749 οὐκ
1572 5695 1947 5772 ἀνασχόμενος

286 5787 355 5859 τῇ
386 5788 498 5840 τῶν
529 5781 739 5841 ἀσεϐῶν
783 5782 1046 5857 κοινωνίᾳ
1103 5776 1430 5839 συνασεϐεῖν·
1492 5783 1647 5862 ἀφεὶς
1699 5787 1795 5846 τὰς
1852 5809 1951 5845 κο..

2053 3419 2272 3467 cassus;
2298 3407 2356 3456 et
2379 3402 2610 3458 belluas
2642 3403 2701 3458 in
2726 3420 2862 3459 eum
2895 3403 3192 3458 immissas
3216 3403 3420 3458 ovibus
3438 3403 3703 3458 mitiores

2055 3492 2266 3548 etTecit.
2305 3493 2490 3548 Orans
2523 3491 2760 3558 deinde,
2814 3493 3083 3548 Herculis
3132 3493 3409 3548 contrivit
3452 3492 3698 3548 idolum.

2056 3585 2310 3654 Accepta
2340 3586 2534 3636 autem
2559 3582 2738 3654 gladii
2765 3583 3079 3644 sententia,
3107 3583 3246 3637 dum
3265 3583 3390 3654 jam
3416 3587 3591 3653 caput
3612 3581 3700 3636 illi

2055 3677 2212 3726 esset
2234 3672 2686 3742 amputandum,
2707 3671 2854 3726 fusis
2878 3671 3427 3743 precibusmanum
3463 3672 3702 3725 tortoris

2054 3760 2281 3816 aridam
2296 3760 2576 3817 reddidit.
2593 3763 2752 3815 Tunc
2775 3779 3094 3816 accurrens
3119 3762 3361 3816 Photius
3386 3761 3552 3816 illum
3577 3777 3705 3815 am-

2052 3851 2362 3923 plexatur;
2397 3850 2816 3921 detentusque,
2851 3851 3030 3905 simul
3062 3868 3195 3905 cum
3220 3868 3286 3905 eo
3319 3851 3548 3906 vinctus
3581 3855 3705 3905 est:

2054 3956 2122 3996 ac
2152 3945 2404 4012 uterque
2429 3939 2677 3995 diversis
2732 3940 2976 3996 aﬂ‘ectus
3026 3939 3406 4008 cruciatibus,
3467 3939 3706 3995 tandem

2052 4028 2167 4084 fuit
2195 4030 2329 4102 igne
2362 4037 2769 4103 consumptus.

2617 4147 2859 4202 EODEM
2906 4147 3160 4202 MENSE.

2594 4235 2695 4290 Die
2730 4235 2965 4290 decima
2997 4235 3171 4290 tertia

2062 4325 2382 4382 Translatio
2412 4325 2778 4396 reliquiarum
2809 4323 3012 4464 sfancti.
3035 4325 3221 4379 Patris
3259 4325 3436 4379 nostri
3480 4324 3715 4379 Maximi

2714 4412 2810 4450 con
2845 4411 3056 4450 essoris.

2714 4411 3056 4450 οοηῐεεεονιε.

2130 4514 2359 4570 Exstitit
2391 4513 2488 4568 hic
2518 4513 2887 4584 temporibus
2911 4511 3283 4568 Constantini
3315 4516 3711 4584 cognomento

2060 4603 2365 4676 Pogonati,
2400 4602 2654 4657 Heraclii
2688 4602 2943 4674 nepotis.
2979 4604 3184 4672 Itaque
3225 4601 3498 4656 maximis
3543 4617 3713 4655 acce-

1981 4679 2025 4742 D
2060 4699 2196 4767 ptus
2232 4692 2562 4747 honoribus
2593 4709 2626 4747 a
2681 4692 3000 4763 praeteritis
3051 4691 3530 4763 imperatoribus,
3576 4707 3714 4746 cum

2059 4787 2215 4838 esset
2236 4782 2361 4854 ipse
2385 4782 2459 4837 ad
2481 4782 2826 4853 reipublicaa
2853 4799 3100 4837 munera
3123 4781 3397 4849 idoneus,
3423 4781 3713 4836 sermoni-

2056 4873 2166 4927 bus
2199 4871 2585 4942 moribusque
2615 4889 2746 4942 quas
2798 4877 2940 4926 sunt
2992 4871 3221 4942 agenda
3269 4871 3595 4935 suadendo,
3648 4887 3717 4927 ac

2057 4961 2234 5034 longa
2264 4978 2464 5016 rerum
2486 4960 2852 5032 experientia
2873 4960 3137 5027 edoctus,
3163 4961 3235 5015 ad
3264 4962 3441 5032 primi
3472 4979 3505 5016 a
3527 4977 3717 5016 secre-

2057 5063 2136 5118 tis
2166 5062 2512 5135 dignitatem
2545 5062 2658 5118 fuit
2688 5067 3016 5133 promotus,
3044 5067 3222 5133 atque
3245 5078 3279 5116 a
3301 5062 3566 5118 consiliis
3589 5065 3716 5114 erat

2057 5151 2540 5223 imperatoribus.
2577 5154 2786 5206 Postea
2816 5167 2951 5207 vero
2983 5168 3162 5222 quam
3195 5151 3463 5224 improba
3494 5156 3550 5204 et
3581 5149 3714 5202 bar-

2055 5242 2203 5298 bara
2233 5259 2438 5298 eorum
2469 5232 2778 5313 praevaluit
2807 5241 3033 5313 opinio,
3067 5242 3168 5313 qui
3200 5258 3382 5296 unam
3428 5239 3585 5295 circa
3615 5237 3712 5292 in-

2060 5331 2424 5387 carnationis
2456 5331 2670 5387 Christi
2714 5331 3111 5387 mconomiam
3167 5329 3346 5386 stulte
3402 5346 3469 5384 ac
3530 5327 3712 5397 impie

2058 5422 2421 5478 voluntatem
2457 5422 2826 5488 asserebant,
2857 5422 3105 5477 alteram
3138 5437 3208 5475 ex
3229 5417 3462 5473 duabus
3485 5415 3714 5471 naturis

2061 5521 2133 5576 de
2167 5520 2361 5576 medio
2393 5520 2767 5587 auferentes;
2802 5525 2862 5575 et
2919 5537 3025 5591 per
3069 5517 3394 5573 constituta
3443 5513 3717 5586 quaedam

2061 5611 2280 5666 malam
2314 5611 2760 5681 praaseferentia
2789 5609 3156 5682 opinionem.
3191 5605 3373 5660 veluti
3409 5620 3513 5674 per
3546 5620 3716 5676 pom-

2059 5717 2196 5774 pam
2219 5691 2283 5755 in
2305 5699 2431 5754 foro
2453 5699 2887 5762 ostentabatur,
2921 5704 2978 5753 et
3005 5712 3184 5768 super
3204 5711 3420 5767 magna
3449 5693 3721 5750 exstabat

2062 5789 2355 5860 ecclesia;
2380 5805 2503 5847 non
2531 5788 2732 5848 ferens
2764 5788 2898 5858 iste,
2931 5784 3432 5844 communicando
3456 5801 3592 5842 cum
3614 5785 3721 5842 im-
