4128 6424
420 404 537 465 883

1703 401 2140 462 MENOLOGII
2183 401 2393 464 PARS
2439 402 2540 464 ΙΙΙ.

3712 408 3832 470 584

411 538 548 611 piis,
576 537 749 593 simul
784 535 963 608 impie
994 533 1384 607 agere,elegit
1412 534 1608 608 potius
1640 535 1906 609 abjectus
1939 552 2062 591 esse

2191 557 2388 628 σμικάς
2419 554 2618 631 ἀρχὰς,
2653 553 2829 612 είλετο
2867 554 3080 630 μᾶλλον
3123 553 3175 614 ἔν
3225 561 3304 627 τῷ
3353 555 3492 630 οἷ’κῳ
3547 563 3644 613 τοῦ
3703 563 3838 616 Θεοῦ

416 629 569 684 202
603 627 663 681 in
697 628 870 681 domo
909 625 1029 690 Dei,
1063 641 1240 696 quam
1273 625 1544 681 habitare
1576 626 1636 680 in
1667 625 2071 681 tabernaculis

423 723 816 788 peccatorum.
846 716 1150 770 Profectus
1174 715 1352 787 igitur
1379 716 1438 770 in
1465 715 1843 786 Cbrysopolis
1868 731 2071 770 mona-

421 807 691 871 sterium,
725 821 956 860 comam
991 804 1287 876 deposuit,
1318 805 1414 858 ubi
1450 812 1654 875 postea
1687 805 1968 878 magister
1991 804 2071 858 fa-

413 902 543 951 ctus
575 901 682 949 est.
723 895 921 948 llivino
955 893 1166 948 exinde
1199 894 1319 948 zelo
1353 894 1511 948 velut
1540 895 1674 967 igne
1725 911 2068 960 succensus,

416 988 816 1059 antiquiorem
868 988 1116 1042 Romam
1167 988 1350 1048 venit,
1407 992 1466 1041 et
1515 1005 1682 1059 papas
1723 987 2070 1043 beatissimo

417 1077 666 1132 Martino
691 1077 973 1139 suasit,ut
993 1077 1414 1148 particularem
1440 1078 1733 1148 synodum
1758 1094 2074 1150 congrega-

416 1172 527 1228 ret,
562 1173 740 1238 atque
795 1166 976 1222 duces
1022 1166 1081 1220 in
1132 1167 1316 1237 impio
1363 1167 1634 1239 dogmate
1681 1183 1910 1235 eorum,
1970 1168 2070 1239 qui

414 1273 597 1312 unam
631 1258 692 1312 in
724 1257 956 1312 Christo
989 1256 1353 1311 voluntatem
1389 1257 1787 1325 somniabant,
1821 1259 2072 1313 anathe-

413 1353 570 1402 mate
597 1347 974 1418 percelleret.
1012 1350 1084 1401 At
1110 1362 1415 1401 sermones
1449 1348 1628 1403 etiam
1686 1348 2071 1403 conscribens

413 1437 486 1492 ad
519 1435 998 1505 redarguendum
1035 1453 1136 1491 eos
1169 1437 1269 1508 qui
1296 1436 1378 1491 ita
1400 1436 2072 1508 sentiebant,etepisto-

415 1526 503 1581 las
564 1543 954 1598 componens,
1017 1525 1631 1582 demonstrationibus
1711 1543 1782 1581 ex
1839 1527 2068 1582 ratione

415 1616 837 1687 Scripturaque
870 1616 1202 1688 desumptis
1235 1616 1638 1690 integritatem
1679 1621 1896 1671 nostras
1932 1616 2067 1671 ﬁdei

415 1705 896 1776 comprobantes,
931 1705 1152 1776 ubique
1187 1710 1476 1760 terrarum
1502 1705 1928 1762 disseminavit.
1956 1709 2066 1761 Ro-

415 1810 512 1850 ma
544 1800 740 1849 autem
773 1811 892 1849 una
921 1811 1054 1849 cum
1080 1794 1310 1850 duobus
1343 1795 1467 1849 suis
1489 1795 1798 1867 discipulis
1821 1797 2072 1851 Anasta-

2183 645 2568 724 παρεῤῥῖφθαι,
2628 645 2662 714 ἢ
2726 645 2776 701 έν
2837 649 3190 720 σκηνώμασιν
3248 644 3596 723 ἁμαρτωλῶν
3650 671 3840 705 κατοι-

2180 741 2314 791 κεῖν.
2349 732 2684 794 Καταλαϐὼν
2714 738 2803 792 οῦν
2842 739 2905 792 τὸ
2955 737 3008 792 ἐν
3052 737 3392 810 Χρυσοπόλει
3447 744 3837 813 μοναστήριον,

2181 827 2281 894 τήν
2311 825 2489 898 κόμην
2523 825 2770 889 ἀπέθετο.
2837 827 2914 884 Οὐ
2961 827 3049 880 καὶ
3098 829 3422 901 καθηγητὴς
3477 826 3700 899 ὕστερον
3745 832 3840 906 γέ-

2181 935 2359 989 γονεν.
2395 915 2524 970 Εἶτα
2556 915 2683 989 θείῳ
2718 916 2873 988 ζήλῳ
2931 911 3112 990 ὥσπερ
3178 918 3281 971 ὑπὸ
3340 918 3510 992 πυρὸς
3570 917 3837 992 έξαφθείς,

2178 1003 2277 1071 τήν
2310 998 2674 1078 πρεσϐυτέραν
2715 1005 2936 1076 Ῥώμην
2995 1000 3279 1063 κατέλαϐε.
3341 1006 3446 1061 Καὶ
3507 1009 3686 1062 πάπαν
3743 1009 3835 1064 τὸν

2185 1093 2601 1165 μακαριώτατον
2655 1099 2950 1168 Μαρτῖνον,
2988 1095 3221 1162 τοπικήν
3281 1094 3531 1169 ἀθροῖσαι
3584 1094 3831 1168 σύνοδον,

2179 1180 2269 1234 καὶ
2328 1182 2713 1253 ἀναθεματίσαι
2781 1181 2909 1243 τοὺς
2993 1181 3274 1255 ἀρχηγοὺς
3353 1186 3452 1236 τοῦ
3538 1180 3834 1248 δυσσεϐοῦς

2181 1266 2476 1342 δόγματος,
2508 1275 2614 1324 τῶν
2653 1270 2774 1341 μίαν
2823 1269 2910 1325 ἐπὶ
2943 1275 3184 1344 Χριστοῦ
3229 1269 3451 1341 θέλησιν
3505 1269 3834 1347 ληρῳδούν-

2177 1381 2310 1428 των,
2353 1361 2696 1435 παρέπεισεν’
2761 1359 2907 1416 ἀλλά
2952 1361 3040 1416 καὶ
3101 1361 3177 1425 είς
3229 1358 3461 1437 ἵλεγχον
3521 1366 3626 1417 τῶν
3687 1363 3832 1419 οὕτω

2179 1448 2526 1527 φρονούντων
2562 1448 2765 1525 λόγοῦς
2797 1451 3034 1526 γράψας,
3090 1451 3180 1505 καὶ
3241 1449 3534 1513 ἐπιστολὰς
3584 1451 3836 1527 λογικαῖς

2177 1535 2506 1610 ἀποδείξεσι,
2566 1539 2656 1594 καὶ
2712 1545 3002 1618 γραφικαῖς
3048 1547 3149 1610 τῆς
3209 1542 3330 1595 καθ’
3387 1542 3537 1614 ἡμᾶς
3593 1542 3832 1606 πίστεως

2176 1630 2277 1698 τήν
2335 1625 2611 1704 ἀκρίϐειαν
2675 1624 3004 1704 βεϐαιούσης
3090 1629 3321 1699 συνθεὶς,
3393 1635 3677 1706 πανταχοῦ
3729 1639 3833 1703 τῆς

2179 1718 2510 1793 οἰκουμένης
2568 1718 2886 1792 ἐξέπεμψεν.
2949 1721 3270 1793 Ἀναζεύξας
3333 1717 3390 1775 δὲ
3444 1721 3551 1776 ἀπὸ
3607 1721 3831 1794 Ῥώμης

2182 1811 2315 1883 μετά
2342 1814 2450 1866 τῶν
2481 1807 2577 1864 δύο
2610 1809 2972 1866 Ἀναστασίων
3016 1814 3124 1864 τῶν
3189 1812 3447 1882 μαθητῶν
3505 1810 3695 1877 αὐτοῦ,
3754 1812 3833 1874 είς

416 1885 518 1940 siis
548 1883 855 1950 secedens,
888 1901 1025 1939 reus
1056 1883 1212 1954 apud
1264 1889 1536 1939 senatum
1568 1885 1779 1940 haeresi
1812 1885 2062 1956 impera-

2177 1899 2402 1964 εὐθύνας
2435 1902 2581 1974 παρά
2617 1906 2719 1969 τῆς
2769 1897 3078 1977 συγκλήτου
3127 1899 3466 1966 καθίσταται,
3526 1897 3830 1973 ὁμοδοξού-

412 1973 557 2028 toris
618 1973 1093 2028 consentientem
1158 1974 1560 2039 constituitur,
1620 1974 1778 2045 quod
1838 1977 2066 2031 cunctis

413 2079 638 2118 morem
661 2063 1005 2135 gerentibus
1024 2063 1368 2135 imperatori
1389 2063 1515 2135 ipse
1543 2064 1706 2119 solus
1730 2063 2069 2133 obsisteret,

411 2158 589 2224 atque
623 2153 774 2207 alios
803 2153 983 2208 etiam
1039 2153 1112 2207 ad
1159 2153 1554 2208 defectionem
1607 2156 1911 2212 excitaret.
1965 2172 2072 2226 per

415 2243 697 2313 epistolas
730 2242 865 2297 illos
922 2242 1236 2307 inducens,
1296 2248 1363 2296 ut
1403 2243 1703 2297 contraria
1754 2243 2066 2298 sentirent.

417 2335 737 2404 Propterea
767 2333 828 2386 in
853 2332 1182 2387 custodiam
1214 2349 1394 2404 prope
1417 2333 1723 2388 Thraciam
1774 2334 2065 2388 mittitur:

418 2428 475 2476 et
507 2438 893 2492 perseverans
924 2421 1050 2493 ipse
1084 2422 1143 2476 in
1175 2421 1504 2476 orthodoxa
1535 2421 1673 2486 fide,
1720 2422 1964 2477 dextera
1999 2439 2066 2478 ac

411 2511 618 2582 lingua
647 2511 992 2582 amputatis,
1026 2511 1196 2567 illinc
1227 2512 1286 2566 in
1321 2511 1560 2567 Lazicen
1592 2510 1929 2583 relegatur:
1963 2511 2062 2568 ubi

411 2601 482 2656 ad
510 2608 628 2656 tres
651 2617 842 2656 annos
868 2600 1043 2654 vitam
1081 2600 1421 2663 traducens,
1456 2605 1514 2655 et
1542 2601 1766 2672 proprii
1800 2602 2067 2672 corporis

407 2689 754 2760 indigentiis
787 2691 914 2762 ipse
944 2689 1316 2756 ministrans,
1363 2689 1576 2760 plenus
1635 2691 1890 2751 dierum.
1934 2697 2068 2762 post

409 2779 646 2835 brevem
670 2780 945 2835 morbum
971 2779 1030 2834 in
1061 2780 1308 2835 Domino
1333 2779 1640 2850 requievit.
1676 2781 2065 2852 sepultusque

409 2869 522 2924 fuit
543 2871 602 2923 in
630 2871 818 2924 sancti
847 2870 1070 2924 Arsenii
1096 2870 1460 2925 monasterio
1486 2870 1545 2924 in
1563 2870 1770 2926 eadem
1789 2871 2064 2926 Lazorum

412 2959 829 3030 regionezubi
862 2960 922 3014 in
982 2960 1110 3014 dies
1167 2959 1357 3014 multa
1414 2967 1693 3030 operatur
1751 2961 2062 3016 miracula.

410 3051 730 3118 Postquam
764 3065 900 3102 vero
933 3049 1321 3104 obtruncatus
1352 3054 1460 3115 est,
1495 3049 1758 3122 linguam
1783 3049 1836 3104 ei
1867 3050 2062 3106 denuo

406 3155 513 3209 per
526 3138 858 3210 prodigium
885 3137 1152 3193 referunt
1171 3155 1204 3192 a
1232 3139 1346 3192 Deo
1361 3138 2061 3210 restitutam.etquandiu

404 3225 801 3282 Yixit.diserte
818 3226 1002 3282 fuisse
1031 3227 1314 3282 locutum.
1333 3229 1414 3283 Ex
1439 3227 1673 3284 duobus
1698 3233 1896 3284 autem
1927 3230 2057 3301 ejus

407 3315 720 3388 discipulis
751 3317 945 3387 major
973 3281 2054 3390 quidemnatu‘Anastasius,perinde
2099 3281 2140 3348 α

405 3422 472 3462 ac
503 3406 805 3478 magister,
841 3405 1044 3479 lingua
1073 3412 1132 3462 et
1161 3406 1404 3462 dextera
1433 3405 1845 3474 obtruncatus,
1880 3407 1940 3464 in
1964 3426 2059 3464 re-

407 3501 633 3551 motum
651 3495 926 3551 exsilium
939 3495 1328 3568 exturbatur;j
1339 3497 1514 3552 unior
1530 3513 1664 3552 vero
1681 3497 1743 3553 in
1757 3498 2058 3569 quoddam

402 3585 666 3642 Thracias
700 3587 918 3643 missus
950 3592 1211 3643 castrum
1242 3586 1326 3642 ibi
1356 3586 1476 3643 vita
1503 3587 1743 3644 functus
1775 3592 1884 3644 est.

961 3878 1204 3934 EODEM
1243 3878 1495 3937 MENSE.

922 3967 1027 4023 Die
1058 3967 1290 4023 decima
1317 3972 1530 4039 quarta

404 4055 558 4112 208
589 4057 856 4112 Memoria
911 4057 1553 4144 sacrosancttmar'tyris
1603 4060 1853 4116 Marcelli
1905 4061 2055 4131 Apa-

1017 4145 1148 4184 meae
1178 4145 1439 4200 episcopi.

476 4253 577 4310 Hic
609 4254 938 4311 Theodosio
970 4256 1332 4327 imperatore
1359 4273 1428 4312 ex
1456 4259 1648 4328 Cypro
1678 4257 1908 4328 'prodiit
1954 4259 2054 4313 in-

401 4343 553 4411 sula,
585 4345 756 4416 cujus
788 4345 1323 4402 administrationis
1345 4346 1648 4418 provincia
1665 4362 1800 4401 cum
1824 4346 1876 4402 ei
1903 4351 2060 4402 esset

399 4434 740 4500 commissa,
775 4434 1142 4490 mundanam
1174 4435 1299 4506 ipse
1358 4451 1570 4507 gerens
1615 4435 2052 4507 prmiecturam,

396 4522 544 4577 adeo
569 4523 852 4594 pietatem
874 4530 1262 4593 exactamque
1284 4523 1576 4578 rationem
1600 4525 1661 4578 in
1687 4524 2059 4596 rebusagen-

397 4610 490 4664 dis
518 4611 858 4678 adhibebat,
893 4619 958 4666 ut
988 4629 1197 4668 omnes
1229 4611 1302 4667 ad
1327 4613 1418 4667 sui
1437 4613 2056 4683 pertraxeritadmita-

397 4702 646 4756 tionem.
684 4701 769 4755 Ad
801 4703 1177 4771 pontificium
1207 4718 1345 4757 vero
1373 4702 1646 4758 ordinem
1704 4703 2052 4772 translatus,

400 4795 579 4860 atque
612 4795 886 4861 Apameae
915 4791 977 4846 in
1011 4791 1178 4862 Syria
1210 4794 1533 4864 episcopus
1575 4793 1956 4858 constitutus,
1992 4794 2055 4849 in

401 4879 632 4935 casteris
654 4880 930 4935 omnibus
953 4880 1116 4952 juste
1147 4887 1207 4937 et
1228 4886 1429 4937 sancte
1451 4899 1698 4938 munere
1724 4899 1830 4939 suo
1844 4883 2052 4957 funge-

398 4967 593 5023 batur.
629 4969 906 5024 Fervidus
939 4969 1115 5024 etiam
1172 4975 1298 5025 erat
1349 4970 1564 5026 Christi
1621 4971 1760 5027 ﬁdei
1813 4973 2051 5040 zelotes,

396 5059 680 5115 ecclesias
710 5059 785 5114 ad
818 5059 919 5115 Dei
949 5059 1200 5132 gloriam
1231 5066 1609 5127 construens,
1641 5067 1701 5116 et
1757 5060 2054 5117 idolorum

396 5149 536 5205 fana
567 5148 883 5205 destruens
910 5166 923 5217 ;
958 5165 1212 5222 quorum
1244 5165 1452 5215 unum,
1488 5149 1647 5221 quod
1672 5150 1828 5205 Jovis
1884 5151 2052 5206 dice-

398 5239 592 5307 batur,
616 5256 750 5296 cum
775 5256 897 5295 non
929 5239 1156 5295 sineret
1175 5238 1277 5309 qui
1305 5239 1368 5293 in
1392 5255 1460 5294 eo
1485 5238 2053 5308 insidebatdmmon,

398 5331 597 5404 ipsum
627 5331 918 5400 comburi,
951 5347 1061 5386 nec
1093 5329 1570 5402 quibuscumque
1604 5331 1898 5386 machinis
1923 5332 2051 5388 solo

403 5422 625 5494 aquari
653 5439 666 5489 ;
701 5427 944 5478 sanctus
975 5425 1220 5492 accepta
1248 5436 1424 5492 aqua,
1475 5435 1664 5492 eaque
1715 5421 2054 5491 benedicta,

403 5517 750 5584 struemque
781 5512 1081 5585 lignorum
1113 5525 1182 5566 ea
1211 5525 1552 5582 aspergens,
1584 5515 1650 5566 ut
1679 5511 1834 5584 ignis
1856 5513 2057 5568 conci-

402 5607 662 5670 peretur,
688 5607 866 5674 atque
888 5600 1094 5657 fanum
1117 5598 1396 5655 incendio
1424 5605 1898 5669 consumeretur,
1925 5603 2059 5660 eﬂ'e-

405 5689 504 5744 cit.
536 5692 909 5762 Quapropter
938 5690 1011 5745 ab
1043 5688 1378 5744 idololatris
1409 5689 1534 5762 ipse
1563 5692 2055 5763 comprehensus,

408 5782 586 5850 atque
617 5779 681 5834 in
709 5781 910 5851 ignem
939 5779 1214 5850 injectus,
1250 5795 1531 5837 coronam
1560 5781 1804 5854 accepit.

2179 2011 2276 2061 σης
2340 1992 2412 2062 τῇ
2439 1994 2536 2046 τοῦ
2571 1989 2842 2066 βασιλέως
2898 1991 3120 2063 αἱρέσει·
3157 1991 3239 2045 ὅτι
3299 1989 3510 2045 πάντων
3570 1991 3830 2046 ὑπεικόν-

2175 2100 2282 2134 των
2341 2083 2422 2151 τῷ
2485 2078 2725 2154 βασιλεῖ,
2784 2079 2947 2136 αὐτός
3001 2099 3061 2134 τε
3123 2079 3290 2150 μόνος
3344 2077 3678 2149 ἀνθίσταται,
3733 2079 3823 2134 καὶ

2173 2169 2302 2230 τοὺς
2334 2166 2540 2230 ἄλλους
2573 2167 2647 2229 είς
2686 2167 3016 2222 ἀποστασίαν
3077 2173 3238 2235 κινεῖ,
3301 2169 3514 2223 ἐναντία
3575 2166 3663 2222 διὰ
3714 2172 3820 2222 τῶν

2175 2255 2480 2312 ἐπιστολῶν
2513 2263 2754 2335 φρονεῖν,
2792 2257 3128 2330 μεταπείθων
3190 2257 3410 2321 αὐτούς.
3469 2256 3591 2315 Ἐπὶ
3644 2256 3822 2329 τούτῳ

2175 2347 2446 2420 πέμπεται
2479 2346 2530 2402 ἐν
2565 2351 2779 2425 φρουρᾷ
2833 2347 2970 2402 κατά
3023 2348 3122 2415 την
3181 2347 3416 2422 Θρᾴκην.
3475 2347 3572 2402 Καὶ
3633 2346 3824 2418 ἐπιμέ-

2173 2458 2280 2491 νων
2313 2439 2380 2509 τῇ
2416 2435 2696 2512 ὀρθοδόξῳ
2726 2435 2926 2505 πίσῑει,
2957 2437 3057 2505 τήν
3089 2441 3251 2512 χεῖρα
3280 2437 3367 2490 καὶ
3425 2437 3523 2506 την
3576 2436 3824 2512 γλῶτταν

2175 2527 2667 2601 ἀκρωτηριάζεται.
2725 2525 2984 2590 Κάκεῖθεν
3045 2525 3121 2589 εἷς
3185 2525 3476 2601 ὑπερορίαν
3535 2526 3672 2580 κατά
3725 2527 3825 2594 τήν

2175 2618 2415 2686 Λαζικὴν
2447 2617 2742 2686 πέμπεται.
2773 2617 2942 2680 Ἔνθα
2993 2614 3078 2671 ἐπὶ
3140 2616 3282 2692 τρισὶ
3339 2612 3395 2670 δὲ
3446 2616 3672 2692 χρόνοις
3721 2613 3836 2670 δια-

2171 2707 2377 2781 γαγὼν,
2407 2705 2495 2760 καί
2523 2711 2643 2768 ταῖς
2676 2704 2908 2767 οίκείαις
2939 2709 3036 2761 τοῦ
3094 2707 3350 2779 σώματος
3405 2705 3620 2780 χρείαις
3669 2705 3830 2764 αὐτὸς

2175 2795 2680 2868 ὑπηρετησάμενος,
2737 2795 2828 2849 καὶ
2903 2793 3129 2870 πλήρης
3210 2797 3435 2868 ἡμερῶν
3520 2795 3828 2868 γενόμενος,

2177 2886 2369 2960 μικρὸν
2425 2887 2676 2953 νοσήσας,
2739 2883 3076 2939 ἀνεπαύσατο
3137 2884 3187 2938 έν
3251 2882 3458 2958 Κυρίῳ.
3519 2883 3623 2940 Καὶ
3679 2905 3835 2939 κατε-

2171 2973 2296 3041 τέθη
2331 2972 2382 3028 ἐν
2537 2977 2674 3047 μονῇ
2726 2979 2822 3028 τοῦ
2882 2973 3035 3050 ἁγίου
3090 2971 3394 3047 Ἀρσενίου,
3454 2971 3504 3028 ἐν
3567 2972 3700 3047 αὐτῇ
3757 2977 3827 3048 τῇ

2171 3065 2332 3138 χώρᾳ
2361 3067 2464 3116 τῶν
2500 3067 2714 3132 Λαζῶν,
2764 3062 2979 3125 πολλὰς
3040 3063 3330 3136 θαυμάτων
3387 3061 3653 3138 ἐνεργείας
3709 3067 3828 3128 καθ’

2172 3153 2397 3223 ἑκάστην
2431 3157 2626 3212 ποιῶν.
2663 3153 2888 3230 Λέγεται
2940 3151 3020 3220 δὶ,
3073 3152 3208 3226 μετά
3253 3154 3353 3223 τήν
3408 3151 3670 3226 ἐκτομὴν,
3722 3151 3826 3208 αῦ-

2173 3254 2255 3307 θις
2291 3243 2392 3297 ὑπὸ
2424 3247 2558 3298 Θεοῦ
2616 3240 2937 3318 παραδόξως
2991 3245 3429 3310 ἀποκαταστῆναι
3486 3241 3585 3309 τήν
3644 3239 3829 3316 γλῶτ-

2168 3354 2286 3401 ταν,
2347 3332 2435 3387 καὶ
2495 3337 2704 3407 τρανῶς
2791 3331 3140 3410 φθέγγεσθαι,
3206 3331 3402 3404 μέχρις
3458 3331 3519 3385 ἄν
3579 3334 3660 3403 τῷ
3719 3331 3827 3405 βίῳ

2168 3424 2440 3499 ὑπῆρχεν.
2473 3424 2593 3479 Τῶν
2656 3419 2713 3477 δὲ
2771 3420 2866 3477 δύο
2925 3421 3090 3478 αὐτοῦ
3147 3423 3429 3495 μαθητῶν,
3464 3419 3492 3475 ὁ
3527 3420 3622 3494 μὶν
3685 3441 3827 3497 πρε-

2167 3509 2429 3590 σϐύτερος
2456 3515 2808 3576 Ἀναστάσιος
2831 3512 2930 3570 ’ἶσα
2957 3517 3038 3588 τῷ
3070 3511 3385 3586 διδασκάλῳ
3417 3513 3516 3583 τὴν
3570 3511 3825 3587 γλῶτταν

2163 3604 2253 3660 καὶ
2312 3605 2410 3674 τήν
2468 3608 2630 3681 χεῖρα
2686 3602 2943 3678 τμηθεὶς,
3034 3603 3243 3677 μακρὰν
3304 3601 3593 3678 ἐξωρίσθη.
3651 3603 3714 3662 Ὁ
3771 3600 3830 3659 δὶ

2164 3693 2448 3768 νεώτερος,
2480 3689 2532 3746 ἔν
2589 3713 2697 3747 τινι
2749 3695 2856 3746 τῶν
2911 3691 3050 3746 κατά
3104 3692 3202 3760 τὴν
3263 3689 3480 3765 Θρᾴκην
3543 3692 3823 3768 φρουρίων

2163 3783 2452 3861 πεμφθεὶς,
2484 3781 2574 3837 τὸν
2613 3780 2730 3857 βίον
2759 3777 3071 3836 κατέλυσεν.

2713 3895 2896 3954 MHNI
2935 3897 3024 3952 ΤΩ
3059 3899 3253 3950 ΛΥΤΩ.

2947 3988 3022 4036 ΙΔ¹

2687 4071 2840 4148 ἁγίου
2953 4070 3351 4148 ἱερομάρτ-υρος

2653 4141 2956 4199 ἐπίσκόπου
2985 4141 3314 4214 ’Ἀπαμείας.

2163 4075 2370 4150 Μνήμη
2478 4077 2573 4128 τοῦ
2655 4071 2840 4150 ,ἁγίου
2953 4070 3351 4150 ἱερομάρτ-υρος
3487 4066 3820 4143 Μαρκέλλου

2235 4253 2408 4317 Οὗτος
2431 4255 2646 4330 γέγονεν
2673 4251 2762 4309 ἐπὶ
2793 4249 3086 4310 Θεοδοσίου
3133 4255 3232 4306 τοῦ
3288 4247 3580 4326 βασιλέως,
3625 4249 3683 4305 έκ
3725 4257 3826 4318 τῆς

2165 4344 2425 4421 Κυπρίων
2457 4345 2785 4418 ὁρμώμενος
2828 4345 3017 4413 νήσου,
3078 4341 3130 4398 ἐν
3192 4340 3229 4417 ᾗ
3288 4342 3562 4415 κοσμικὴν
3620 4341 3826 4415 πράξας

2163 4437 2367 4512 ἀρχὴν,
2399 4434 2490 4491 καὶ
2522 4435 2619 4503 τὴν
2681 4432 2953 4504 διοίκησιν
3004 4434 3176 4502 αὐτῆς
3231 4432 3563 4497 πιστευθείς,
3620 4431 3824 4491 πάντας

2164 4525 2452 4599 ἐξέπληξεν
2484 4519 2755 4596 εὐσεϐείᾳ,
2804 4525 2896 4580 καὶ
2945 4518 3196 4597 ἀκριϐείᾳ
3241 4521 3366 4597 περὶ
3413 4519 3481 4574 τά
3536 4517 3826 4591 πράγματα

2166 4615 2478 4692 χρώμενος.
2514 4614 2607 4678 Εἰς
2642 4611 2700 4670 δὲ
2727 4615 2828 4683 τήν
2860 4613 3187 4688 ἱεραρχικήν
3219 4610 3367 4682 τάξιν
3428 4602 3686 4682 μεταϐὰς,
3734 4607 3826 4661 καὶ

2167 4704 2472 4780 Ἀπαμείας
2527 4711 2624 4774 τῆς
2680 4704 2817 4758 κατά
2875 4703 3078 4779 Συρίαν
3158 4701 3455 4762 ἐπίσκοπος
3533 4695 3821 4764 καταστὰς,

2163 4798 2300 4872 πρός
2330 4817 2390 4850 τε
2425 4799 2493 4850 τὰ
2551 4791 2695 4849 ἄλλα
2749 4791 2978 4854 δικαίως
3039 4788 3429 4846 ἐπολιτεύσατο
3487 4788 3579 4843 καὶ
3636 4785 3820 4847 ὁσίως.

2163 4886 2264 4941 Καὶ
2312 4883 2378 4954 δὴ
2440 4882 2642 4957 θερμὸς
2693 4887 2792 4950 τῆς
2847 4880 2982 4936 κατά
3041 4879 3267 4954 Χριστὸν
3328 4878 3588 4940 πίστεως,
3641 4875 3824 4948 γέγονε

2167 4975 2450 5045 ζηλωτὴς,
2509 4969 2801 5042 ἆκκλησίας
2859 4991 2918 5024 τε
2973 4969 3050 5032 εἰς
3099 4965 3254 5038 δόξαν
3344 4970 3478 5021 Θεοῦ
3536 4966 3821 5032 συνιστῶν,

2163 5064 2251 5118 καὶ
2286 5059 2448 5124 ναοὺς
2471 5057 2796 5121 είδωλικους
2827 5060 3123 5126 καθαιρῶν.
3182 5062 3276 5111 Ὧν
3327 5051 3415 5110 ἕνα
3468 5055 3543 5127 μή
3604 5071 3824 5128 συγχω-

2165 5156 2389 5228 ροῦντος
2420 5149 2567 5223 αὐτῷ
2611 5152 2708 5204 τοῦ
2765 5147 2817 5203 έν
2868 5147 3017 5220 αὐτῷ
3075 5144 3337 5219 δαίμονος
3387 5145 3744 5214 κατακαῆναι,
3777 5145 3814 5212 ἢ

2167 5245 2443 5317 μηχαναῖς
2469 5260 2576 5295 τισι
2635 5233 3070 5309 καταϐληθῆναι,
3128 5236 3188 5299 ’ὀς
3245 5233 3463 5310 ἐλέγετο
3521 5236 3618 5288 τοῦ
3673 5232 3821 5295 Διόςο

2165 5327 2352 5387 λαϐὼν
2382 5327 2531 5404 ὕδωρ
2571 5329 2599 5384 ὁ
2633 5329 2784 5405 ἅγιος
2815 5326 2905 5382 καὶ
2937 5325 3264 5401 εὐλογήσας,
3299 5322 3388 5379 καὶ
3421 5327 3539 5385 τοῖς
3592 5317 3822 5378 στοιϐα-

2166 5427 2337 5487 σθεῖσι
2390 5417 2578 5488 ξύλοις
2627 5416 2942 5494 ἐπιῤῥάνας,
2991 5415 3296 5492 ἀναφθῆναι
3337 5413 3427 5468 καὶ
3485 5415 3822 5476 κατακαῆναι

2164 5509 2450 5579 πεποίηκε.
2488 5505 2783 5583 Συσχεθεὶς
2815 5503 2872 5560 δὲ
2912 5503 3001 5560 ἐπὶ
3029 5504 3209 5578 τούτῳ
3260 5503 3365 5559 ὑπὸ
3419 5506 3528 5558 τῶν
3587 5498 3822 5556 εἷ’δωλοο

2168 5603 2408 5678 λατρῶν,
2437 5597 2528 5655 καί
2578 5597 2654 5661 είς
2712 5600 2820 5672 πῦρ
2883 5593 3130 5672 βληθεὶς,
3189 5594 3281 5653 τὸν
3339 5589 3596 5672 στέφανον
3654 5589 3815 5665 ἠνέγ-

2164 5711 2319 5752 κατο.
