4128 6472
309 404 439 463 585
1802 410 2244 471 AUGUSTUS.
3633 416 3747 475 586

879 543 1057 598 MﬂNl
1097 544 1188 599 ΤΩ
1225 545 1428 601 ΔΥΤΩ.

2648 548 2886 601 EODEM
2946 549 3193 602 MENSE.

1128 641 1214 697 IE‘
2594 636 2696 690 Die
2742 635 2975 692 decima
3016 639 3240 709 quinta.

390 745 454 797 ’Π
486 744 756 817 κοίμησις
807 752 910 816 τῆς
973 744 1332 822 ὑπερενδόξου
1391 748 1695 820 Δεσποίνης
1751 750 1911 821 ἡμῶν

1023 818 1314 874 Θεοτόκου.

2118 743 2365 797 )ormitio
2422 744 2832 814 gloriosissime
2888 747 3137 801 Dominae
3211 753 3418 803 nostra:
3463 746 3749 818 Deiparae.

1067 839 1314 879 εοτοκου.

391 952 523 1006 ’Ὸτε
553 951 581 1005 6
613 951 817 1026 Κύριος
850 955 1011 1027 ἡμῶν
1042 955 1134 1010 καὶ
1167 955 1297 1019 Θεὸς
1326 951 1660 1030 προσλαϐεῖν
1725 952 1987 1026 εὖδόκησε

314 1042 425 1108 τήν
457 1041 652 1095 ἑαυτοῦ
683 1039 928 1118 Μητέρα,
963 1042 1036 1098 δι’
1080 1044 1321 1120 ἀγγέλου
1352 1045 1490 1118 αὐτῇ
1520 1047 1621 1116 τήν
1666 1045 1834 1114 αὐτῆς
1893 1066 1985 1118 με·

318 1131 1006 1203 τάστασινκατεμήνυσεν.
1065 1134 1129 1191 Ἢ
1191 1133 1248 1190 δὲ
1305 1134 1580 1190 ἀκούσασα
1650 1137 1848 1211 ἐχάρη·
1897 1136 1982 1189 καὶ

324 1219 632 1274 ἀνελθοῦσα
659 1220 736 1282 εἰς
783 1221 847 1275 τὸ
904 1217 1032 1294 ὅρος
1076 1228 1184 1278 τῶν
1240 1223 1498 1297 Ἐλαιῶν,
1543 1225 1630 1280 καὶ
1691 1227 1981 1298 προσευξα-

326 1311 497 1383 μένη,
531 1309 858 1386 ὑπέστρεψεν
888 1311 964 1373 εἰς
991 1313 1085 1368 τὸν
1135 1315 1286 1369 οἷκον
1346 1313 1530 1383 αὐτῆς.
1585 1315 1680 1369 Καὶ
1738 1315 1986 1388 εὐτρεπί-

324 1419 469 1453 σασα
497 1399 564 1454 τὰ
593 1399 729 1475 πρὸς
761 1401 860 1469 τὴν
891 1403 1073 1479 ταφήν
1113 1403 1346 1474 ἅπαντα,
1407 1401 1683 1479 ἐξεδέχετο
1738 1405 1828 1459 τὸν
1862 1404 1983 1458 Υὶὸν

325 1488 526 1557 αὐτῆς.
589 1487 694 1544 Καὶ
763 1490 1068 1564 γενομένης
1130 1492 1360 1566 βροντῆς
1430 1493 1696 1568 μεγάλης,
1757 1492 1984 1568 παρεγέ.

327 1597 493 1632 νοντο
526 1578 576 1632 οἱ
606 1577 910 1634 ἀπόστολοι
941 1577 1132 1642 πάντες
1187 1579 1248 1636 ἐκ
1306 1585 1410 1636 τῶν
1465 1581 1710 1654 περάτων
1742 1589 1840 1652 τῆς
1885 1587 1988 1655 γῆς

330 1664 427 1721 Eii
450 1666 693 1744 νεφελῶν
740 1669 880 1744 πρὸς
931 1668 995 1724 τὸ
1054 1667 1314 1739 κηδεῦσαι
1369 1671 1433 1726 τὸ
1487 1671 1757 1746 ἄχραντον
1818 1671 1986 1741 αὐτῆς

327 1761 516 1828 σῶμα.
575 1757 671 1811 Καὶ
732 1759 1170 1831 σχηματισθεῖσα
1227 1758 1314 1814 ἐπὶ
1399 1763 1498 1825 τῆς
1557 1759 1774 1832 κλίνης,
1856 1781 1990 1828 παρ-

326 1845 481 1900 ἐθετο
512 1846 613 1915 τήν
641 1846 794 1921 ἁγίαν
825 1846 991 1916 αὐτῆς
1025 1849 1216 1923 ψυχὴν
1247 1848 1322 1910 εἷς
1378 1849 1571 1926 χεῖρας
1605 1854 1704 1906 τοῦ
1734 1851 1863 1905 Υἱοῦ
1893 1867 1982 1920 καὶ

2166 948 2309 1002 Cum
2342 947 2662 1018 placuisset
2689 949 2806 1004 Deo
2831 968 2999 1006 suam
3031 951 3377 1023 genitricem
3409 952 3482 1008 ad
3506 969 3566 1007 se
3585 970 3750 1008 assu-

2098 1037 2522 1108 mere,ipsiper
2550 1039 2826 1110 angelum
2857 1040 3309 1095 translationem
3335 1058 3503 1096 suam
3523 1059 3754 1097 annun-

2095 1125 2291 1180 tiavit:
2331 1143 2462 1196 qua)
2495 1127 2592 1180 ubi
2619 1128 2862 1196 audivit,
2899 1129 3095 1184 laetata
3128 1135 3254 1198 est;
3289 1131 3443 1185 etad
3485 1137 3751 1186 montem

2096 1214 2391 1270 Olivarum
2426 1216 2783 1286 ascendens,
2817 1235 2954 1272 cum
3000 1225 3249 1288 orasset,
3309 1219 3553 1275 domum
3581 1237 3748 1276 suam

2094 1304 2449 1371 revertitur;
2482 1306 2953 1378 prmparatisque
2986 1307 3424 1380 omnibus,qua3
3456 1309 3530 1364 ad
3553 1311 3750 1380 sepul-

2098 1397 2291 1447 turam
2322 1400 2492 1449 erant
2520 1397 2878 1457 necessaria,
2907 1414 3082 1452 suum
3123 1397 3354 1468 accepit
3397 1398 3648 1452 Filium:
3684 1415 3753 1454 ac

2097 1480 2324 1552 ingenti
2349 1482 2573 1536 tonitru
2602 1482 3042 1556 facto,apostoli
3076 1502 3285 1540 omnes
3318 1501 3386 1539 ex
3421 1491 3591 1540 terra:
3616 1486 3751 1540 ﬁni-

2095 1569 2206 1625 bus
2238 1587 2344 1642 per
2369 1571 2558 1626 nubes
2589 1572 2663 1628 ad
2687 1573 3141 1629 immaculatum
3161 1575 3293 1646 ejus
3311 1592 3526 1647 corpus
3547 1591 3755 1630 curan-

2095 1659 2238 1714 dum
2269 1668 2650 1717 accesserunt
2679 1679 2692 1717 :
2727 1668 2787 1717 et
2817 1680 2999 1735 supra
3030 1665 3252 1719 lectum
3285 1665 3415 1737 ipsa
3439 1681 3570 1720 sese
3590 1681 3753 1719 com-

2095 1765 2346 1819 ponens,
2378 1755 2642 1805 sanctam
2702 1768 2871 1806 suam
2904 1753 3167 1808 animam
3226 1753 3288 1808 in
3347 1769 3563 1808 manus
3621 1753 3755 1808 Filii

2101 1838 2318 1908 Deique
2353 1838 2443 1894 sui
2475 1839 2938 1912 tradidit.Ipsius
2969 1857 3108 1896 vero
3127 1842 3518 1912 purissimum
3540 1859 3756 1913 corpus

325 1938 468 1992 Θεοῦ
498 1916 700 2004 αὐτῆς.⁷
726 1937 804 1992 Τὸ
836 1933 894 1990 δὶ
939 1916 1322 2013 πανάχραντον
1381 1916 1550 2009 αὐτῆς
1607 1938 1863 2014 λείψανον
1887 1961 1983 1994 τα-

2118 1947 2129 1981 ι
2159 1929 2378 1984 sanctis
2391 1929 2680 2000 apostolis
2711 1930 3170 2003 sepultumpost
3189 1932 3422 1987 tertiam
3445 1930 3606 1987 diem
3631 1947 3754 1986 non

327 2027 428 2102 ιρέν
463 2025 566 2079 ὑπὸ
611 2029 718 2079 τῶν
775 2024 944 2101 ἁγίων
1005 2025 1349 2101 ἀποστόλων,
1406 2032 1543 2102 μετὰ
1598 2029 1787 2106 τρίτην
1843 2030 1982 2102 ἡμὲ-

326 2137 430 2190 ραν
463 2113 573 2190 οὐχ
612 2115 828 2188 εὑρέθη.
877 2116 1118 2190 Ἀνοίξας
1171 2117 1273 2192 γὰρ
1328 2119 1356 2174 6
1417 2124 1617 2192 Θωμᾶς
1669 2121 1762 2175 τὸν
1793 2120 1985 2198 τάφον,

327 2213 474 2281 πρὸς
503 2207 568 2262 τὸ
599 2214 977 2281 προσκυνῆσαι
1006 2209 1069 2263 τὸ
1117 2207 1374 2283 λείψανον
1433 2209 1676 2285 (ὕστερον
1731 2211 1835 2288 γὰρ
1889 2209 1990 2280 ἧλ-

327 2298 466 2368 θεν),
503 2293 612 2368 οὐχ
643 2295 794 2369 εὗρεν
846 2294 998 2352 αὐτό.
1042 2296 1320 2368 Μετὲθηκε
1365 2297 1467 2374 γὰρ
1521 2298 1654 2354 αὐτὸ
1691 2298 1720 2353 ό
1751 2297 1881 2363 Θεὸς
1937 2299 1990 2352 ἐν

317 2388 586 2461 τόπῳ,ᾧ
642 2383 788 2442 οἶδεν
841 2387 1025 2451 αὐτός·
1089 2386 1382 2465 εὑρέθησαν
1436 2388 1494 2446 δε
1553 2391 1716 2466 μόναι
1762 2393 1819 2447 αἱ
1875 2412 1988 2446 σιν-

323 2476 508 2540 δόνες.

467 2601 568 2659 Καὶ
602 2600 837 2673 ἄθλησις
865 2607 964 2658 τοῦ
1012 2603 1167 2679 ἁγίου
1214 2607 1494 2680 μάρτυρος
1522 2603 1844 2681 Οὖρσικίου.

394 2733 458 2790 Ὀ
487 2735 586 2786 τοῦ
616 2735 857 2800 Χριστοῦ
887 2733 1092 2807 μάρτυς
1141 2732 1434 2809 Οῦρσίκιος
1463 2734 1532 2803 ἦν
1589 2733 1678 2789 ἐπὶ
1734 2740 1836 2803 τῆς
1893 2733 1992 2809 βα-

319 2820 537 2883 σιλείας
558 2821 930 2894 Μαξιμιανοῦ,
999 2819 1059 2877 ἐκ
1109 2825 1212 2888 τῆς
1272 2823 1463 2900 χώρας
1517 2826 1616 2878 τοῦ
1650 2821 1990 2898 Ἰλλυρικοῦ,

321 2911 430 2978 τὴν
477 2911 623 2984 τάξιν
675 2909 1042 2986 στρατιώτης,
1097 2912 1198 2980 τὴν
1269 2913 1417 2986 ἀξίαν
1495 2907 1808 2988 τριϐοῦθος.
1851 2915 1990 2986 Χρι-

339 2999 561 3060 στιανὸς
591 2997 646 3054 δὲ
674 2998 766 3070 ὢν,
799 3001 1153 3074 κατεμηνύθη
1186 3007 1265 3074 τῷ
1301 2999 1531 3079 ἄρχοντι
1567 3004 1669 3059 ὑπὸ
1700 3003 1818 3065 ἑνὸς
1882 3007 1990 3058 τῶν

353 3088 446 3140 ὑπ’
507 3087 660 3142 αὐτὸν
739 3095 1110 3163 στρατιωτῶν.
1197 3093 1296 3146 Καὶ
1365 3094 1678 3166 κρατηθεὶς,
1748 3089 1992 3162 ἐϐιάζετο

355 3176 509 3230 θῦσαι
537 3182 647 3241 τοῖς
693 3177 966 3244 εἷδώλοις.
1016 3182 1108 3251 Μὴ
1166 3181 1404 3245 πεισθεὶς
1463 3180 1542 3254 δὲ,
1601 3181 1802 3262 ἐτύφθη
1863 3203 1993 3259 σφο-

2097 2022 2188 2072 est
2213 2023 2536 2089 repertum.
2570 2019 2920 2090 Sepulcrum
2971 2021 3126 2076 204
3187 2021 3346 2076 enim
3397 2020 3753 2092 adaperiens

2097 2108 2370 2176 Thomas,
2403 2107 2505 2179 qui
2537 2124 2669 2163 sero
2695 2113 2956 2176 venerat,
2990 2113 3055 2164 ut
3113 2110 3416 2181 lipsanum
3446 2109 3744 2178 adoraret,

2100 2196 2250 2251 illud
2281 2197 2745 2269 haudquaquam
2773 2199 2997 2255 invenit
3027 2216 3041 2265 ;
3075 2199 3133 2254 id
3163 2199 3459 2270 siquidem
3484 2203 3750 2254 transtu-

2098 2285 2252 2341 lerat
2279 2288 2434 2342 Deus
2466 2286 2529 2341 in
2559 2287 2780 2354 locum,
2811 2305 2990 2358 quem
3033 2289 3159 2360 ipse
3195 2289 3307 2344 scit
3339 2306 3352 2356 ;
3411 2287 3516 2344 sed
3565 2288 3753 2342 lintea

2100 2375 2390 2432 duntaxat
2418 2376 2585 2432 fuere
2614 2382 2870 2450 reperta.

2314 2602 2383 2655 Et
2413 2603 2718 2656 certamen
2753 2601 2933 2657 sancti
2990 2603 3253 2672 martyris
3318 2602 3538 2658 Ursicii.

2174 2734 2390 2789 Christi
2424 2739 2651 2807 martyr
2682 2737 2946 2791 Ursicius
2978 2736 3348 2808 temporibus
3381 2737 3760 2809 imperatoris

2102 2823 2442 2879 Maximiani
2466 2824 2579 2879 fuit
2607 2841 2678 2879 ex
2735 2825 2958 2897 Illyrici
3014 2827 3276 2898 regione,
3322 2827 3531 2882 ordine
3563 2827 3756 2896 miles,

2103 2913 2389 2984 dignitate
2424 2913 3108 2971 tribunus.Christianus
3140 2932 3275 2970 cum
3309 2919 3488 2984 esset,
3522 2915 3761 2972 denun-

2104 3006 2287 3061 tiatus
2319 3010 2409 3061 est
2441 3004 2598 3076 apud
2629 3006 3054 3076 imperatorem
3088 3023 3121 3061 a
3172 3007 3453 3077 quodam,
3516 3007 3616 3078 qui
3649 3007 3757 3062 sub

2106 3097 2233 3169 ipso
2249 3095 2541 3152 militabat
2567 3095 3199 3168 ;detentusque,idolis
3221 3097 3755 3170 cogebaturlitare;

2106 3192 2166 3242 at
2194 3203 2315 3241 non
2346 3202 2578 3250 suasus,
2602 3183 2855 3256 caeditur
2880 3185 3115 3253 acriter,
3143 3190 3201 3240 et
3220 3203 3435 3242 manus
3457 3187 3759 3260 pedesque

345 3264 510 3342 δρῶς.
534 3270 632 3326 Καὶ
667 3268 843 3335 δεθεὶς
873 3277 1065 3348 χεῖρας
1119 3273 1212 3327 καὶ
1263 3271 1437 3339 πόδας
1493 3277 1767 3352 σχοινίοις
1795 3279 1999 3353 παχὲσι

2118 3277 2364 3344 vinctus,
2388 3276 2604 3331 crassis
2635 3274 2876 3329 funibus
2907 3275 3061 3343 oleo,
3097 3274 3260 3342 sebo,
3293 3277 3496 3332 resina
3540 3282 3599 3332 et
3627 3277 3759 3348 pice

338 3361 647 3433 χρισθεῖσιν
682 3359 871 3434 ἐλαίῳ,
903 3361 991 3417 καὶ
1025 3359 1228 3432 στέατι,
1289 3365 1382 3418 καὶ
1419 3364 1639 3440 ῥητίνη,
1673 3368 1763 3421 καὶ
1813 3367 2002 3443 πίσσῃ,

338 3449 431 3502 καὶ
469 3445 806 3524 ἐμπρησθεὶς
847 3452 976 3526 πυρὶ
1037 3451 1352 3508 κατεκαίετο
1405 3454 1678 3525 ἀνηλεῶς.
1741 3457 2002 3530 Καιομέ-

337 3561 449 3592 νων
480 3534 538 3594 δὲ
565 3543 677 3595 τῶν
712 3545 917 3616 χειρῶν
945 3543 1037 3596 καὶ
1091 3546 1200 3598 τῶν
1260 3540 1470 3612 ποδῶν,
1524 3543 1824 3622 ἀνακράξας
1877 3545 2001 3618 ἔφη·
2055 3537 2057 3539 ί

339 3627 507 3684 Καλά
535 3629 626 3683 καὶ
660 3626 841 3684 δίκαια
869 3629 1089 3706 πάσχω.
1123 3632 1302 3703 Ἀξιαι
1359 3634 1458 3707 γάρ
1519 3634 1651 3689 εἰσιν
1711 3635 1766 3690 αἱ
1825 3637 2006 3712 Λεῖρες

337 3719 500 3773 αὗται
544 3719 807 3788 καύσεως,
872 3719 955 3775 ὅτι
1011 3723 1104 3776 τὸν
1157 3722 1419 3797 τύραννον
1470 3723 1698 3780 κάκιστα
1757 3725 2004 3781 ἀπολλύ-

343 3829 514 3880 μενον
539 3807 592 3864 ἐν
623 3809 883 3883 πολέμῳ,
916 3810 992 3873 ὡς
1055 3813 1132 3884 μὴ
1195 3809 1397 3890 ὢφελε,
1449 3811 1800 3870 διεσώσαντο.
1832 3819 2006 3871 Τοῦτο

341 3896 582 3960 ἀκούσας
643 3900 672 3953 6
721 3899 1009 3974 τύραννος,
1091 3900 1183 3955 καὶ
1265 3901 1598 3977 αἰσχυνθεὶς,
1657 3902 1842 3980 βαλὼν
1931 3904 2007 3967 είς

343 3984 502 4062 ὕδωρ
532 3988 631 4050 τὰς
683 3993 873 4064 χεῖρας
935 3989 1124 4061 αὐτοῦ,
1181 3991 1270 4045 καὶ
1323 3987 1680 4064 κατασϐέσας,
1742 3993 2008 4049 ἀπέλυσεν

345 4075 539 4134 αὐτόν.
570 4075 731 4134 Ἀλλ’
763 4075 984 4154 ὕστερον
1044 4079 1211 4135 πάλιν
1270 4081 1561 4156 κρατηθεὶς
1613 4083 1641 4137 6
1682 4084 1855 4160 ἅγιος,
1914 4084 2011 4140 ἀπ-

347 4163 685 4242 εκεφαλίσθη
699 4209 712 4222 .

348 4292 458 4349 Καὶ
504 4293 538 4360 ἡ
598 4291 904 4376 ἀνάμνησις
960 4297 1093 4376 Eii
1115 4293 1842 4376 yevopévnc_x11ac190cpﬁq
1873 4294 2012 4355 ἐλέει

862 4370 996 4423 Θεοῦ
1027 4368 1139 4422 τῶν
1169 4368 1488 4444 Ἀγαρηνῶν
1500 4412 1512 4424 .

432 4478 557 4535 Ἐπὶ
614 4486 715 4549 τῆς
780 4479 1064 4556 βασιλείας
1124 4483 1349 4546 Γὲοντος
1406 4487 1505 4539 τοῦ
1576 4485 1820 4560 Ἰσαόρου
1877 4483 2018 4555 ἦλθε

355 4569 576 4638 πλῆθος
617 4569 762 4624 πολὺ
818 4574 926 4624 τῶν
985 4577 1341 4646 Σαρακηνῶν,
1419 4573 1513 4629 καὶ
1570 4573 2016 4649 περιεκόκλωσαν

2113 3367 2303 3433 illitis,
2337 3370 2515 3436 atque
2546 3365 2678 3437 igne
2730 3364 3055 3431 succensis,
3115 3364 3578 3421 comburebatur
3634 3366 3761 3436 ipse

2109 3455 2450 3512 crudeliter.
2483 3456 2624 3525 Ejus
2657 3459 2856 3508 autem
2887 3453 3184 3521 manibus,
3221 3454 3592 3525 pedibusque
3620 3471 3762 3510 con—

2110 3543 2520 3616 ﬂagrantibus,
2554 3541 2920 3609 exclamans,
2953 3542 3070 3597 ait:
3103 3542 3240 3596 Jure
3264 3543 3488 3614 optimo
3518 3544 3757 3616 haacpa-

2110 3632 2468 3705 tior:dignaa
2502 3632 2658 3686 enim
2685 3647 2899 3686 manus
2931 3631 3058 3686 ista;
3090 3631 3762 3704 incendio,quippequa)

2113 3729 2454 3795 tyrannum,
2484 3721 2627 3776 dum
2679 3721 2737 3775 in
2771 3719 2912 3775 belli
2973 3719 3294 3776 deterrimo
3320 3721 3600 3777 discrime
3633 3739 3765 3794 per-

2113 3814 2376 3880 deretur,
2409 3811 2567 3882 quod
2615 3811 2845 3865 utinam
2878 3826 3186 3881 nunquam
3232 3815 3590 3882 patrassent,
3622 3811 3764 3882 ipsa:

2115 3902 2577 3958 servarunt.Hoc
2608 3900 2810 3955 audito
2845 3905 3134 3970 tyrannus
3182 3899 3409 3972 pudore
3468 3901 3765 3974 perfusus,

2113 4009 2269 4063 aqua
2299 3990 2460 4046 illius
2481 3990 2760 4045 manibus
2803 3990 3125 4062 immersis,
3160 3995 3337 4062 atque
3365 3990 3575 4048 ardore
3603 4007 3765 4047 com-

2114 4097 2344 4154 presso,
2379 4081 2576 4152 ipsum
2607 4079 2853 4134 dimisit.
2890 4079 3000 4134 Sed
3043 4085 3250 4151 postea
3280 4085 3520 4137 sanctus
3549 4081 3766 4135 iterum

2116 4171 2604 4242 comprehensus,
2631 4169 2822 4240 capite
2853 4167 2968 4222 fuit
2998 4168 3405 4225 obtruncatus.

2117 4299 2184 4352 Et
2221 4297 2485 4351 memoria
2510 4297 2649 4366 ejus,
2677 4307 2804 4362 quae
2827 4310 2928 4363 ope
2959 4296 3058 4348 Dei
3084 4295 3309 4363 accidit,
3341 4295 3508 4352 cadis
3559 4296 3770 4366 impio-

2661 4382 2786 4420 rum
2816 4366 3222 4435 Agarenorum.

2192 4488 2529 4556 Imperante
2544 4483 2736 4539 Leone
2750 4482 3338 4549 lsauro,numerosus
3351 4485 3778 4539 Saracenorum

2124 4573 2417 4630 exercitus
2441 4572 2696 4638 venit,ac
2729 4577 2885 4627 terra
2909 4572 3176 4643 marique
3201 4573 3780 4645 Constantinopolim

353 4666 460 4733 τήν
506 4665 1107 4738 Κωνσ-ταντινούπολιν,
1171 4664 1261 4723 διά
1311 4688 1370 4722 τε
1436 4675 1542 4744 γῆς
1573 4667 1664 4723 καὶ
1715 4666 2002 4738 θαλάσσης

2126 4661 2538 4727 circumdedit,
2574 4668 2633 4716 et
2654 4661 2864 4716 urbem
2882 4661 3049 4717 illam
3081 4661 3389 4718 obsidione
3442 4665 3781 4736 opprimere

357 4752 456 4809 καὶ
513 4747 774 4808 ἐϐούλετο
833 4753 1204 4832 πολιορκῆσαι
1262 4756 1451 4827 αὐτήν.
1517 4754 1745 4819 Ἰδόντες
1804 4753 1862 4814 δὲ
1915 4757 2018 4825 τὴν

361 4843 605 4918 ἀνάγκην
662 4847 760 4898 τοῦ
821 4843 1118 4921 βασιλέως,
1173 4846 1544 4922 βουληθέντος
1604 4845 1790 4902 δοῦναι
1836 4845 2021 4909 αὐτοῖς

360 4933 565 5004 πάκτα,
613 4932 771 4988 αὐτοὶ
837 4932 927 4989 καὶ
979 4933 1222 5013 φύλακας
1261 4929 1452 5013 ἔλεγον
1503 4936 1896 5013 ἐγκαταστῆσαι
1952 4939 2020 5012 τῇ

361 5023 551 5080 πόλει.
588 5022 748 5082 Ἀλλ’
781 5023 809 5079 ὁ
839 5029 956 5088 τοῖς
1017 5025 1383 5104 ὑπερηφάνοις
1440 5027 1889 5100 ἀντιτασσόμενος
1910 5026 2026 5086 -Κό-

365 5135 510 5192 ριος,
533 5109 806 5188 ἄπρακτον
829 5113 1001 5188 ἔδειξε
1028 5119 1128 5188 τήν
1166 5117 1399 5194 βουλήν.
1462 5119 1566 5177 Καὶ
1598 5117 1728 5176 ἰδὼν
1753 5119 1782 5175 6
1837 5120 2026 5196 ἄρχων

365 5203 572 5276 αὐτῶν,
605 5205 692 5260 ὃτι
721 5203 881 5262 οὐδὲν
913 5205 1083 5277 ἀνύει,
1141 5206 1238 5262 κᾶἱν
1295 5207 1556 5272 εἰσελθεῖν
1615 5209 1720 5264 ἀπὸ
1777 5215 1878 5278 τῆς
1931 5212 2030 5264 τοῦ

367 5291 686 5369 Βοσπορίου
715 5294 925 5369 πόρτης
959 5289 1219 5373 ἔφιππος,
1247 5296 1337 5352 καὶ
1387 5299 1494 5352 τῶν
1550 5294 1738 5354 ἄλλων
1769 5293 2028 5353 ἀϐλαϐῶν

367 5381 756 5455 εἰσελθόντων,
791 5385 820 5439 6
859 5383 1026 5440 αὐτοῦ
1083 5383 1256 5450 ’ἱππος
1318 5387 1488 5460 μόνος
1547 5382 1873 5462 ὀρθοϐολῶν
1931 5388 2035 5447 οὐκ

965 5468 1276 5549 ἀναϐλέψας
1329 5475 1419 5530 καὶ
1508 5473 1638 5532 ἰδὼν
1699 5475 1879 5532 ἐπάνω
1934 5482 2035 5546 τῆς

367 5471 688 5545 εἰσήρχετο.
772 5473 870 5530 Καὶ

366 5561 584 5638 πόρτης
611 5563 711 5632 τὴν
757 5561 938 5619 εἰκόνα
994 5569 1098 5634 τῆς
1151 5564 1443 5635 Θεοτόκου,
1503 5561 1646 5640 ἔγνω
1699 5569 1865 5622 τοῦτο
1919 5587 2032 5621 πα-

368 5657 506 5723 θεῖν,
565 5649 658 5708 διά
713 5652 777 5708 16
829 5650 1232 5730 βλασφημῆσαι
1291 5653 1370 5718 είς
1423 5655 1617 5726 αὐτήν.
1680 5655 1885 5710 Λοιπὸν
1943 5655 2033 5710 οῦν

372 5742 710 5816 ὑπὲστοεψαν
743 5739 1032 5816 ἄπρακτοι·
1067 5741 1158 5796 καὶ
1207 5745 1344 5798 κατά
1398 5745 1458 5798 τὸ
1520 5743 1742 5816 Αἰγαῖον
1790 5743 2030 5816 πέλαγος

660 5863 927 5925 ΡΑτιιοιη
973 5864 1065 5922 Gn
1082 5904 1097 5922 .
1140 5861 1384 5924 CXVII.

2127 4753 2863 4822 meditabantur.Cumque
2884 4752 3308 4824 imperatorem
3325 4755 3781 4812 animadvertis-

2133 4851 2320 4904 senta
2346 4844 2721 4900 necessitatis
2738 4844 2936 4917 urgeri
2959 4846 3271 4916 angustiis,
3305 4851 3484 4920 atque
3508 4865 3644 4904 cum
3663 4847 3782 4903 illis

2134 4937 2208 4993 ad
2227 4933 2631 4991 conditionem
2660 4939 2934 5005 paratum
2957 4933 3358 5005 descendere;
3391 4938 3788 4994 autumabant

2137 5025 2250 5098 ipsi
2276 5023 2624 5097 praesidium
2644 5023 2825 5080 etiam
2842 5023 3148 5095 imponere
3163 5026 3485 5082 civitati.At
3498 5029 3784 5083 Dominus

2138 5115 2371 5186 ille,qui
2399 5113 2672 5186 superbis
2735 5113 2979 5182 resistit,
3013 5113 3249 5172 irritum
3289 5133 3497 5173 eorum
3528 5114 3790 5171 reddidit

2140 5205 2480 5262 consilium.
2518 5202 2852 5275 Explorans
2883 5203 3044 5259 enim
3076 5205 3237 5260 illius
3268 5206 3459 5278 gentis
3490 5205 3790 5276 princeps,

2143 5293 2301 5368 quod
2332 5292 2482 5348 nihil
2515 5293 3196 5364 proﬁceret,postulavit,
3222 5296 3336 5350 sibi
3367 5295 3578 5350 saltem
3613 5294 3794 5348 licere

2143 5403 2249 5458 per
2277 5382 2564 5455 Bosphori
2595 5386 2827 5454 portam
2851 5400 3004 5454 equo
3046 5383 3410 5440 insidentem
3440 5383 3689 5454 ingredi.
3726 5389 3800 5437 At

2143 5473 2279 5531 aliis
2309 5473 2460 5529 citra
2475 5487 2696 5528 noxam
2729 5471 3195 5538 introeuntibus,
3230 5473 3379 5530 205
3418 5473 3546 5543 ejus
3579 5472 3800 5528 solum-

2143 5561 2319 5619 modo
2347 5577 2535 5631 equus
2549 5576 2678 5615 sese
2709 5560 3124 5632 erigens,intro
3147 5559 3392 5616 minime
3418 5560 3795 5633 pervadebat.

2144 5655 2305 5709 Tunc
2323 5651 2424 5706 ille
2447 5649 2731 5706 attollens
2748 5650 3052 5718 oculos,ac
3076 5668 3256 5723 supra
3279 5656 3510 5722 portam
3534 5651 3798 5722 Deiparm

2147 5741 2398 5798 intuitus
2431 5739 2838 5812 imaginem,id
2875 5741 2923 5796 ei
2957 5739 3224 5796 accidere
3260 5740 3798 5812 intellexit,qniain

3443 5860 3514 5918 19
