  <div class='ocr_page' id='page_1' title='image "/cluster/home/n/w/nwhite01/storage/ocr_20150623/117/coo.31924054870211/303.png"; bbox 0 0 4128 6424; ppageno 0'>
   <div class='ocr_carea' id='block_1_1' title="bbox 388 369 506 426">
    <p class='ocr_par' dir='ltr' id='par_1_1' title="bbox 388 369 506 426">
     <span class='ocr_line' id='line_1_1' title="bbox 388 369 506 426; baseline 0 0"><span class='ocrx_word' id='word_1_1' title='bbox 388 369 506 426; x_wconf 84' lang='grc'>58⁸7</span> 
     </span>
    </p>
   </div>
   <div class='ocr_carea' id='block_1_2' title="bbox 1715 353 2554 419">
    <p class='ocr_par' dir='ltr' id='par_1_2' title="bbox 1715 353 2554 419">
     <span class='ocr_line' id='line_1_2' title="bbox 1715 353 2554 419; baseline 0.001 -4"><span class='ocrx_word' id='word_1_2' title='bbox 1715 353 2146 415; x_wconf 86' lang='lat' dir='ltr'>MENOLOGII</span> <span class='ocrx_word' id='word_1_3' title='bbox 2189 357 2395 419; x_wconf 83' lang='lat' dir='ltr'>PARS</span> <span class='ocrx_word' id='word_1_4' title='bbox 2443 360 2554 419; x_wconf 79' lang='lat' dir='ltr'>III.</span> 
     </span>
    </p>
   </div>
   <div class='ocr_carea' id='block_1_3' title="bbox 3687 365 3809 423">
    <p class='ocr_par' dir='ltr' id='par_1_3' title="bbox 3687 365 3809 423">
     <span class='ocr_line' id='line_1_3' title="bbox 3687 365 3809 423; baseline 0.008 -1"><span class='ocrx_word' id='word_1_5' title='bbox 3687 365 3809 423; x_wconf 81' lang='lat'>588</span> 
     </span>
    </p>
   </div>
   <div class='ocr_carea' id='block_1_4' title="bbox 385 487 2038 572">
    <p class='ocr_par' dir='ltr' id='par_1_4' title="bbox 385 487 2038 572">
     <span class='ocr_line' id='line_1_4' title="bbox 385 487 2038 572; baseline -0.008 -16"><span class='ocrx_word' id='word_1_6' title='bbox 385 503 579 572; x_wconf 84' lang='lat' dir='ltr'>ipsam</span> <span class='ocrx_word' id='word_1_7' title='bbox 610 494 1014 566; x_wconf 87' lang='lat' dir='ltr'>blasphemias</span> <span class='ocrx_word' id='word_1_8' title='bbox 1043 490 1559 562; x_wconf 85' lang='lat' dir='ltr'>emiserat.ltaque</span> <span class='ocrx_word' id='word_1_9' title='bbox 1582 487 1878 544; x_wconf 82' lang='lat' dir='ltr'>reinfecta</span> <span class='ocrx_word' id='word_1_10' title='bbox 1905 493 2038 542; x_wconf 86' lang='lat' dir='ltr'>sunt</span> 
     </span>
    </p>
   </div>
   <div class='ocr_carea' id='block_1_5' title="bbox 2154 487 3811 572">
    <p class='ocr_par' dir='ltr' id='par_1_5' title="bbox 2154 488 3811 570">
     <span class='ocr_line' id='line_1_5' title="bbox 2154 488 3811 570; baseline 0.005 -30"><span class='ocrx_word' id='word_1_11' title='bbox 2154 488 2438 561; x_wconf 87' lang='grc' dir='ltr'>γενόμενοι</span> <span class='ocrx_word' id='word_1_12' title='bbox 2469 489 2562 544; x_wconf 79' lang='grc' dir='ltr'>σὺν</span> <span class='ocrx_word' id='word_1_13' title='bbox 2593 495 2710 552; x_wconf 86' lang='grc' dir='ltr'>τοῖς</span> <span class='ocrx_word' id='word_1_14' title='bbox 2744 489 2990 564; x_wconf 79' lang='grc' dir='ltr'>πλοίοις,</span> <span class='ocrx_word' id='word_1_15' title='bbox 3045 490 3150 546; x_wconf 84' lang='grc' dir='ltr'>ὑπὸ</span> <span class='ocrx_word' id='word_1_16' title='bbox 3208 491 3464 568; x_wconf 81' lang='grc' dir='ltr'>χαλάζης</span> <span class='ocrx_word' id='word_1_17' title='bbox 3519 491 3811 570; x_wconf 83' lang='grc' dir='ltr'>πυρώδους</span> 
     </span>
    </p>
   </div>
   <div class='ocr_carea' id='block_1_6' title="bbox 379 577 2043 650">
    <p class='ocr_par' dir='ltr' id='par_1_6' title="bbox 379 577 2043 650">
     <span class='ocr_line' id='line_1_6' title="bbox 379 577 2043 650; baseline -0.008 -7"><span class='ocrx_word' id='word_1_18' title='bbox 379 588 600 644; x_wconf 86' lang='lat' dir='ltr'>reversi</span> <span class='ocrx_word' id='word_1_19' title='bbox 627 603 639 640; x_wconf 91' lang='lat'>:</span> <span class='ocrx_word' id='word_1_20' title='bbox 661 591 717 639; x_wconf 91' lang='lat' dir='ltr'>et</span> <span class='ocrx_word' id='word_1_21' title='bbox 743 599 878 638; x_wconf 92' lang='lat' dir='ltr'>cum</span> <span class='ocrx_word' id='word_1_22' title='bbox 911 581 984 636; x_wconf 91' lang='lat' dir='ltr'>ad</span> <span class='ocrx_word' id='word_1_23' title='bbox 1013 596 1178 635; x_wconf 89' lang='lat' dir='ltr'>mare</span> <span class='ocrx_word' id='word_1_24' title='bbox 1201 582 1458 650; x_wconf 60' lang='lat' dir='ltr'>[Egaaum</span> <span class='ocrx_word' id='word_1_25' title='bbox 1482 594 1617 634; x_wconf 89' lang='lat' dir='ltr'>cum</span> <span class='ocrx_word' id='word_1_26' title='bbox 1641 577 1890 632; x_wconf 83' lang='lat' dir='ltr'>navibus</span> <span class='ocrx_word' id='word_1_27' title='bbox 1907 593 2043 648; x_wconf 85' lang='lat' dir='ltr'>per-</span> 
     </span>
    </p>
   </div>
   <div class='ocr_carea' id='block_1_7' title="bbox 381 669 1972 744">
    <p class='ocr_par' dir='ltr' id='par_1_7' title="bbox 381 669 1972 744">
     <span class='ocr_line' id='line_1_7' title="bbox 381 669 1972 744; baseline -0.006 -10"><span class='ocrx_word' id='word_1_28' title='bbox 381 681 708 744; x_wconf 83' lang='lat' dir='ltr'>venissent,</span> <span class='ocrx_word' id='word_1_29' title='bbox 740 672 994 729; x_wconf 77' lang='lat' dir='ltr'>ferventi</span> <span class='ocrx_word' id='word_1_30' title='bbox 1027 670 1321 744; x_wconf 82' lang='lat' dir='ltr'>grandine</span> <span class='ocrx_word' id='word_1_31' title='bbox 1358 670 1619 743; x_wconf 85' lang='lat' dir='ltr'>percussi</span> <span class='ocrx_word' id='word_1_32' title='bbox 1644 669 1972 742; x_wconf 87' lang='lat' dir='ltr'>perierunt.</span> 
     </span>
    </p>
   </div>
   <div class='ocr_carea' id='block_1_8' title="bbox 940 787 1480 844">
    <p class='ocr_par' dir='ltr' id='par_1_8' title="bbox 940 787 1480 844">
     <span class='ocr_line' id='line_1_8' title="bbox 940 787 1480 844; baseline 0.002 -1"><span class='ocrx_word' id='word_1_33' title='bbox 940 787 1185 844; x_wconf 88' lang='lat' dir='ltr'>EODEM</span> <span class='ocrx_word' id='word_1_34' title='bbox 1225 787 1480 844; x_wconf 84' lang='lat' dir='ltr'>MENSE.</span> 
     </span>
    </p>
   </div>
   <div class='ocr_carea' id='block_1_9' title="bbox 922 876 1503 933">
    <p class='ocr_par' dir='ltr' id='par_1_9' title="bbox 922 876 1503 933">
     <span class='ocr_line' id='line_1_9' title="bbox 922 876 1503 933; baseline -0.003 0"><span class='ocrx_word' id='word_1_35' title='bbox 922 878 1028 933; x_wconf 91' lang='lat' dir='ltr'>Die</span> <span class='ocrx_word' id='word_1_36' title='bbox 1060 876 1294 932; x_wconf 90' lang='lat' dir='ltr'>decima</span> <span class='ocrx_word' id='word_1_37' title='bbox 1335 880 1503 931; x_wconf 83' lang='lat' dir='ltr'>sexta</span> 
     </span>
    </p>
   </div>
   <div class='ocr_carea' id='block_1_10' title="bbox 666 965 1754 1036">
    <p class='ocr_par' dir='ltr' id='par_1_10' title="bbox 666 965 1754 1036">
     <span class='ocr_line' id='line_1_10' title="bbox 666 965 1754 1036; baseline -0.004 -11"><span class='ocrx_word' id='word_1_38' title='bbox 666 971 953 1025; x_wconf 81' lang='lat' dir='ltr'>Certamen</span> <span class='ocrx_word' id='word_1_39' title='bbox 970 969 1148 1024; x_wconf 82' lang='lat' dir='ltr'>sancti</span> <span class='ocrx_word' id='word_1_40' title='bbox 1171 967 1428 1036; x_wconf 78' lang='lat' dir='ltr'>martyris</span> <span class='ocrx_word' id='word_1_41' title='bbox 1454 965 1754 1021; x_wconf 78' lang='lat' dir='ltr'>Diomedis.</span> 
     </span>
    </p>
   </div>
   <div class='ocr_carea' id='block_1_11' title="bbox 464 1189 2041 1264">
    <p class='ocr_par' dir='ltr' id='par_1_11' title="bbox 464 1189 2041 1264">
     <span class='ocr_line' id='line_1_11' title="bbox 464 1189 2041 1264; baseline -0.004 -11"><span class='ocrx_word' id='word_1_42' title='bbox 464 1195 731 1253; x_wconf 91' lang='lat' dir='ltr'>Diomedi</span> <span class='ocrx_word' id='word_1_43' title='bbox 757 1194 975 1250; x_wconf 83' lang='lat' dir='ltr'>Christi</span> <span class='ocrx_word' id='word_1_44' title='bbox 1006 1192 1253 1264; x_wconf 85' lang='lat' dir='ltr'>martyri</span> <span class='ocrx_word' id='word_1_45' title='bbox 1285 1193 1499 1247; x_wconf 85' lang='lat' dir='ltr'>Tarsus</span> <span class='ocrx_word' id='word_1_46' title='bbox 1530 1189 1750 1245; x_wconf 80' lang='lat' dir='ltr'>Ciliciae</span> <span class='ocrx_word' id='word_1_47' title='bbox 1773 1190 1914 1245; x_wconf 90' lang='lat' dir='ltr'>urbs</span> <span class='ocrx_word' id='word_1_48' title='bbox 1936 1206 2041 1262; x_wconf 83' lang='lat' dir='ltr'>pa-</span> 
     </span>
    </p>
   </div>
   <div class='ocr_carea' id='block_1_12' title="bbox 390 1280 2041 1344">
    <p class='ocr_par' dir='ltr' id='par_1_12' title="bbox 390 1280 2041 1344">
     <span class='ocr_line' id='line_1_12' title="bbox 390 1280 2041 1344; baseline -0.005 -1"><span class='ocrx_word' id='word_1_49' title='bbox 390 1290 504 1344; x_wconf 88' lang='lat' dir='ltr'>tria</span> <span class='ocrx_word' id='word_1_50' title='bbox 534 1287 664 1342; x_wconf 87' lang='lat' dir='ltr'>fuit.</span> <span class='ocrx_word' id='word_1_51' title='bbox 721 1289 924 1340; x_wconf 80' lang='lat' dir='ltr'>Artem</span> <span class='ocrx_word' id='word_1_52' title='bbox 983 1282 1276 1337; x_wconf 84' lang='lat' dir='ltr'>didicerat</span> <span class='ocrx_word' id='word_1_53' title='bbox 1333 1280 1650 1336; x_wconf 89' lang='lat' dir='ltr'>medicam.</span> <span class='ocrx_word' id='word_1_54' title='bbox 1690 1280 2041 1336; x_wconf 84' lang='lat' dir='ltr'>Diocletiani</span> 
     </span>
    </p>
   </div>
   <div class='ocr_carea' id='block_1_13' title="bbox 386 1370 2040 1447">
    <p class='ocr_par' dir='ltr' id='par_1_13' title="bbox 386 1370 2040 1447">
     <span class='ocr_line' id='line_1_13' title="bbox 386 1370 2040 1447; baseline -0.004 -17"><span class='ocrx_word' id='word_1_55' title='bbox 386 1393 524 1433; x_wconf 90' lang='lat' dir='ltr'>vero</span> <span class='ocrx_word' id='word_1_56' title='bbox 558 1374 936 1447; x_wconf 88' lang='lat' dir='ltr'>imperatoris</span> <span class='ocrx_word' id='word_1_57' title='bbox 959 1371 1328 1444; x_wconf 86' lang='lat' dir='ltr'>temporibus</span> <span class='ocrx_word' id='word_1_58' title='bbox 1342 1373 1519 1425; x_wconf 86' lang='lat' dir='ltr'>Tarso</span> <span class='ocrx_word' id='word_1_59' title='bbox 1539 1370 2040 1436; x_wconf 72' lang='lat' dir='ltr'>cedens,Nicaaam</span> 
     </span>
    </p>
   </div>
   <div class='ocr_carea' id='block_1_14' title="bbox 388 1459 2038 1539">
    <p class='ocr_par' dir='ltr' id='par_1_14' title="bbox 388 1459 2038 1539">
     <span class='ocr_line' id='line_1_14' title="bbox 388 1459 2038 1539; baseline -0.005 -17"><span class='ocrx_word' id='word_1_60' title='bbox 388 1465 829 1539; x_wconf 79' lang='lat' dir='ltr'>proficiscitur;</span> <span class='ocrx_word' id='word_1_61' title='bbox 862 1463 964 1518; x_wconf 91' lang='lat' dir='ltr'>ubi</span> <span class='ocrx_word' id='word_1_62' title='bbox 993 1462 1210 1534; x_wconf 85' lang='lat' dir='ltr'>pietate</span> <span class='ocrx_word' id='word_1_63' title='bbox 1245 1477 1381 1532; x_wconf 81' lang='lat' dir='ltr'>erga</span> <span class='ocrx_word' id='word_1_64' title='bbox 1408 1461 1614 1526; x_wconf 90' lang='lat' dir='ltr'>Deum,</span> <span class='ocrx_word' id='word_1_65' title='bbox 1648 1465 1705 1514; x_wconf 87' lang='lat' dir='ltr'>et</span> <span class='ocrx_word' id='word_1_66' title='bbox 1726 1459 1872 1514; x_wconf 90' lang='lat' dir='ltr'>artis</span> <span class='ocrx_word' id='word_1_67' title='bbox 1905 1475 2038 1514; x_wconf 88' lang='lat' dir='ltr'>me-</span> 
     </span>
    </p>
   </div>
   <div class='ocr_carea' id='block_1_15' title="bbox 388 1548 2041 1625">
    <p class='ocr_par' dir='ltr' id='par_1_15' title="bbox 388 1548 2041 1625">
     <span class='ocr_line' id='line_1_15' title="bbox 388 1548 2041 1625; baseline -0.005 -14"><span class='ocrx_word' id='word_1_68' title='bbox 388 1556 536 1611; x_wconf 70' lang='lat' dir='ltr'>dicas</span> <span class='ocrx_word' id='word_1_69' title='bbox 559 1554 772 1625; x_wconf 87' lang='lat' dir='ltr'>peritia</span> <span class='ocrx_word' id='word_1_70' title='bbox 802 1552 952 1607; x_wconf 89' lang='lat' dir='ltr'>bene</span> <span class='ocrx_word' id='word_1_71' title='bbox 981 1550 1323 1606; x_wconf 88' lang='lat' dir='ltr'>merebatur</span> <span class='ocrx_word' id='word_1_72' title='bbox 1353 1549 1426 1603; x_wconf 89' lang='lat' dir='ltr'>de</span> <span class='ocrx_word' id='word_1_73' title='bbox 1453 1549 1594 1616; x_wconf 88' lang='lat' dir='ltr'>illis,</span> <span class='ocrx_word' id='word_1_74' title='bbox 1620 1549 1721 1619; x_wconf 88' lang='lat' dir='ltr'>qui</span> <span class='ocrx_word' id='word_1_75' title='bbox 1747 1548 1820 1603; x_wconf 88' lang='lat' dir='ltr'>ad</span> <span class='ocrx_word' id='word_1_76' title='bbox 1845 1549 2041 1619; x_wconf 90' lang='lat' dir='ltr'>ipsum</span> 
     </span>
    </p>
   </div>
   <div class='ocr_carea' id='block_1_16' title="bbox 387 1638 2038 1708">
    <p class='ocr_par' dir='ltr' id='par_1_16' title="bbox 387 1638 2038 1708">
     <span class='ocr_line' id='line_1_16' title="bbox 387 1638 2038 1708; baseline -0.004 -8"><span class='ocrx_word' id='word_1_77' title='bbox 387 1643 770 1700; x_wconf 89' lang='lat' dir='ltr'>accedebant.</span> <span class='ocrx_word' id='word_1_78' title='bbox 806 1642 955 1695; x_wconf 86' lang='lat' dir='ltr'>Hinc</span> <span class='ocrx_word' id='word_1_79' title='bbox 987 1640 1219 1694; x_wconf 89' lang='lat' dir='ltr'>delatus</span> <span class='ocrx_word' id='word_1_80' title='bbox 1250 1643 1341 1694; x_wconf 92' lang='lat' dir='ltr'>est</span> <span class='ocrx_word' id='word_1_81' title='bbox 1391 1638 1546 1708; x_wconf 90' lang='lat' dir='ltr'>apud</span> <span class='ocrx_word' id='word_1_82' title='bbox 1595 1638 2038 1708; x_wconf 87' lang='lat' dir='ltr'>imperatorem.</span> 
     </span>
    </p>
   </div>
   <div class='ocr_carea' id='block_1_17' title="bbox 390 1727 2039 1803">
    <p class='ocr_par' dir='ltr' id='par_1_17' title="bbox 390 1727 2039 1803">
     <span class='ocr_line' id='line_1_17' title="bbox 390 1727 2039 1803; baseline -0.004 -16"><span class='ocrx_word' id='word_1_83' title='bbox 390 1732 504 1788; x_wconf 86' lang='lat' dir='ltr'>Sed</span> <span class='ocrx_word' id='word_1_84' title='bbox 537 1733 638 1803; x_wconf 91' lang='lat' dir='ltr'>qui</span> <span class='ocrx_word' id='word_1_85' title='bbox 671 1748 805 1786; x_wconf 90' lang='lat' dir='ltr'>eum</span> <span class='ocrx_word' id='word_1_86' title='bbox 839 1729 1272 1800; x_wconf 89' lang='lat' dir='ltr'>apprehensuri</span> <span class='ocrx_word' id='word_1_87' title='bbox 1303 1727 2039 1797; x_wconf 88' lang='lat' dir='ltr'>advenerant,cumipsum</span> 
     </span>
    </p>
   </div>
   <div class='ocr_carea' id='block_1_18' title="bbox 380 1816 2039 1894">
    <p class='ocr_par' dir='ltr' id='par_1_18' title="bbox 380 1816 2039 1894">
     <span class='ocr_line' id='line_1_18' title="bbox 380 1816 2039 1894; baseline -0.005 -17"><span class='ocrx_word' id='word_1_88' title='bbox 380 1823 512 1894; x_wconf 88' lang='lat' dir='ltr'>jam</span> <span class='ocrx_word' id='word_1_89' title='bbox 543 1821 618 1876; x_wconf 89' lang='lat' dir='ltr'>ad</span> <span class='ocrx_word' id='word_1_90' title='bbox 666 1820 986 1875; x_wconf 89' lang='lat' dir='ltr'>Dominum</span> <span class='ocrx_word' id='word_1_91' title='bbox 1030 1819 1316 1890; x_wconf 75' lang='lat' dir='ltr'>migrasse</span> <span class='ocrx_word' id='word_1_92' title='bbox 1348 1817 1731 1887; x_wconf 88' lang='lat' dir='ltr'>reperissent,</span> <span class='ocrx_word' id='word_1_93' title='bbox 1767 1816 2039 1885; x_wconf 83' lang='lat' dir='ltr'>ejusdem</span> 
     </span>
    </p>
   </div>
   <div class='ocr_carea' id='block_1_19' title="bbox 390 1906 2033 1983">
    <p class='ocr_par' dir='ltr' id='par_1_19' title="bbox 390 1906 2033 1983">
     <span class='ocr_line' id='line_1_19' title="bbox 390 1906 2033 1983; baseline -0.004 -17"><span class='ocrx_word' id='word_1_94' title='bbox 390 1916 569 1983; x_wconf 88' lang='lat' dir='ltr'>caput</span> <span class='ocrx_word' id='word_1_95' title='bbox 611 1909 1063 1973; x_wconf 89' lang='lat' dir='ltr'>obtruncarunt,</span> <span class='ocrx_word' id='word_1_96' title='bbox 1127 1913 1186 1962; x_wconf 92' lang='lat' dir='ltr'>et</span> <span class='ocrx_word' id='word_1_97' title='bbox 1254 1907 1600 1978; x_wconf 88' lang='lat' dir='ltr'>imperatori</span> <span class='ocrx_word' id='word_1_98' title='bbox 1659 1906 2033 1961; x_wconf 88' lang='lat' dir='ltr'>attulerunt:</span> 
     </span>
    </p>
   </div>
   <div class='ocr_carea' id='block_1_20' title="bbox 391 1995 2040 2073">
    <p class='ocr_par' dir='ltr' id='par_1_20' title="bbox 391 1995 2040 2073">
     <span class='ocr_line' id='line_1_20' title="bbox 391 1995 2040 2073; baseline -0.004 -18"><span class='ocrx_word' id='word_1_99' title='bbox 391 2000 550 2073; x_wconf 89' lang='lat' dir='ltr'>quod</span> <span class='ocrx_word' id='word_1_100' title='bbox 583 2005 858 2071; x_wconf 88' lang='lat' dir='ltr'>spectans</span> <span class='ocrx_word' id='word_1_101' title='bbox 889 1997 1436 2069; x_wconf 88' lang='lat' dir='ltr'>imperator,jussit</span> <span class='ocrx_word' id='word_1_102' title='bbox 1467 1995 1698 2063; x_wconf 87' lang='lat' dir='ltr'>referri,</span> <span class='ocrx_word' id='word_1_103' title='bbox 1728 1995 2040 2066; x_wconf 90' lang='lat' dir='ltr'>etcorpori</span> 
     </span>
    </p>
   </div>
   <div class='ocr_carea' id='block_1_21' title="bbox 387 2086 2039 2163">
    <p class='ocr_par' dir='ltr' id='par_1_21' title="bbox 387 2086 2039 2163">
     <span class='ocr_line' id='line_1_21' title="bbox 387 2086 2039 2163; baseline -0.004 -17"><span class='ocrx_word' id='word_1_104' title='bbox 387 2091 654 2163; x_wconf 81' lang='lat' dir='ltr'>adjungi,</span> <span class='ocrx_word' id='word_1_105' title='bbox 690 2107 805 2160; x_wconf 90' lang='lat' dir='ltr'>quo</span> <span class='ocrx_word' id='word_1_106' title='bbox 830 2089 1008 2155; x_wconf 89' lang='lat' dir='ltr'>facto,</span> <span class='ocrx_word' id='word_1_107' title='bbox 1043 2087 1242 2142; x_wconf 89' lang='lat' dir='ltr'>statim</span> <span class='ocrx_word' id='word_1_108' title='bbox 1263 2088 1362 2158; x_wconf 89' lang='lat' dir='ltr'>qui</span> <span class='ocrx_word' id='word_1_109' title='bbox 1394 2086 1766 2142; x_wconf 85' lang='lat' dir='ltr'>deduxerant</span> <span class='ocrx_word' id='word_1_110' title='bbox 1795 2087 2039 2156; x_wconf 88' lang='lat' dir='ltr'>milites,</span> 
     </span>
    </p>
   </div>
   <div class='ocr_carea' id='block_1_22' title="bbox 387 2176 2040 2246">
    <p class='ocr_par' dir='ltr' id='par_1_22' title="bbox 387 2176 2040 2246">
     <span class='ocr_line' id='line_1_22' title="bbox 387 2176 2040 2246; baseline -0.004 -10"><span class='ocrx_word' id='word_1_111' title='bbox 387 2197 631 2236; x_wconf 90' lang='lat' dir='ltr'>suorum</span> <span class='ocrx_word' id='word_1_112' title='bbox 663 2177 973 2233; x_wconf 91' lang='lat' dir='ltr'>oculorum</span> <span class='ocrx_word' id='word_1_113' title='bbox 1003 2192 1390 2246; x_wconf 89' lang='lat' dir='ltr'>usum,quem</span> <span class='ocrx_word' id='word_1_114' title='bbox 1421 2176 1912 2240; x_wconf 88' lang='lat' dir='ltr'>amiserant,cum</span> <span class='ocrx_word' id='word_1_115' title='bbox 1933 2191 2040 2230; x_wconf 88' lang='lat' dir='ltr'>ca-</span> 
     </span>
    </p>
   </div>
   <div class='ocr_carea' id='block_1_23' title="bbox 387 2263 2041 2340">
    <p class='ocr_par' dir='ltr' id='par_1_23' title="bbox 387 2263 2041 2340">
     <span class='ocr_line' id='line_1_23' title="bbox 387 2263 2041 2340; baseline -0.002 -18"><span class='ocrx_word' id='word_1_116' title='bbox 387 2273 494 2340; x_wconf 88' lang='lat' dir='ltr'>put</span> <span class='ocrx_word' id='word_1_117' title='bbox 525 2271 936 2338; x_wconf 89' lang='lat' dir='ltr'>amputarunt,</span> <span class='ocrx_word' id='word_1_118' title='bbox 958 2265 1240 2319; x_wconf 90' lang='lat' dir='ltr'>dicuntur</span> <span class='ocrx_word' id='word_1_119' title='bbox 1267 2263 1586 2334; x_wconf 86' lang='lat' dir='ltr'>recepisse.</span> <span class='ocrx_word' id='word_1_120' title='bbox 1624 2264 1812 2334; x_wconf 86' lang='lat' dir='ltr'>Hujus</span> <span class='ocrx_word' id='word_1_121' title='bbox 1841 2268 2041 2318; x_wconf 90' lang='lat' dir='ltr'>autem</span> 
     </span>
    </p>
   </div>
   <div class='ocr_carea' id='block_1_24' title="bbox 384 2351 2040 2428">
    <p class='ocr_par' dir='ltr' id='par_1_24' title="bbox 384 2351 2040 2428">
     <span class='ocr_line' id='line_1_24' title="bbox 384 2351 2040 2428; baseline -0.001 -19"><span class='ocrx_word' id='word_1_122' title='bbox 384 2356 664 2428; x_wconf 64' lang='lat' dir='ltr'>pretiosas</span> <span class='ocrx_word' id='word_1_123' title='bbox 695 2353 965 2424; x_wconf 76' lang='lat' dir='ltr'>reliquiae</span> <span class='ocrx_word' id='word_1_124' title='bbox 997 2351 1323 2408; x_wconf 83' lang='lat' dir='ltr'>afldelibus</span> <span class='ocrx_word' id='word_1_125' title='bbox 1356 2358 1415 2407; x_wconf 89' lang='lat' dir='ltr'>et</span> <span class='ocrx_word' id='word_1_126' title='bbox 1435 2352 1550 2423; x_wconf 89' lang='lat' dir='ltr'>piis</span> <span class='ocrx_word' id='word_1_127' title='bbox 1567 2352 1706 2407; x_wconf 91' lang='lat' dir='ltr'>viris</span> <span class='ocrx_word' id='word_1_128' title='bbox 1721 2352 2040 2423; x_wconf 67' lang='lat' dir='ltr'>sepulturae</span> 
     </span>
    </p>
   </div>
   <div class='ocr_carea' id='block_1_25' title="bbox 387 2442 915 2499">
    <p class='ocr_par' dir='ltr' id='par_1_25' title="bbox 387 2442 915 2499">
     <span class='ocr_line' id='line_1_25' title="bbox 387 2442 915 2499; baseline -0.004 -1"><span class='ocrx_word' id='word_1_129' title='bbox 387 2444 622 2499; x_wconf 67' lang='lat' dir='ltr'>traditae</span> <span class='ocrx_word' id='word_1_130' title='bbox 652 2442 915 2498; x_wconf 82' lang='lat' dir='ltr'>fuerunt.</span> 
     </span>
    </p>
   </div>
   <div class='ocr_carea' id='block_1_26' title="bbox 527 2635 1892 2707">
    <p class='ocr_par' dir='ltr' id='par_1_26' title="bbox 527 2635 1892 2707">
     <span class='ocr_line' id='line_1_26' title="bbox 527 2635 1892 2707; baseline 0 -14"><span class='ocrx_word' id='word_1_131' title='bbox 527 2641 595 2694; x_wconf 86' lang='lat' dir='ltr'>Et</span> <span class='ocrx_word' id='word_1_132' title='bbox 643 2644 918 2694; x_wconf 84' lang='lat' dir='ltr'>certamen</span> <span class='ocrx_word' id='word_1_133' title='bbox 959 2635 1300 2692; x_wconf 79' lang='lat' dir='ltr'>sacrosancti</span> <span class='ocrx_word' id='word_1_134' title='bbox 1328 2639 1590 2707; x_wconf 81' lang='lat' dir='ltr'>martyris</span> <span class='ocrx_word' id='word_1_135' title='bbox 1623 2639 1892 2707; x_wconf 74' lang='lat' dir='ltr'>Myronis.</span> 
     </span>
    </p>
   </div>
   <div class='ocr_carea' id='block_1_27' title="bbox 459 2753 2039 2825">
    <p class='ocr_par' dir='ltr' id='par_1_27' title="bbox 459 2753 2039 2825">
     <span class='ocr_line' id='line_1_27' title="bbox 459 2753 2039 2825; baseline 0 -15"><span class='ocrx_word' id='word_1_136' title='bbox 459 2755 803 2811; x_wconf 84' lang='lat' dir='ltr'>Exstitithic</span> <span class='ocrx_word' id='word_1_137' title='bbox 818 2753 992 2810; x_wconf 90' lang='lat' dir='ltr'>Decio</span> <span class='ocrx_word' id='word_1_138' title='bbox 1010 2754 1458 2825; x_wconf 89' lang='lat' dir='ltr'>imperatore,et</span> <span class='ocrx_word' id='word_1_139' title='bbox 1472 2754 1782 2825; x_wconf 88' lang='lat' dir='ltr'>Antipatro</span> <span class='ocrx_word' id='word_1_140' title='bbox 1804 2755 1922 2810; x_wconf 91' lang='lat' dir='ltr'>Ach</span> <span class='ocrx_word' id='word_1_141' title='bbox 1932 2755 2039 2810; x_wconf 62' lang='lat' dir='ltr'>aias</span> 
     </span>
    </p>
   </div>
   <div class='ocr_carea' id='block_1_28' title="bbox 387 2843 2038 2918">
    <p class='ocr_par' dir='ltr' id='par_1_28' title="bbox 387 2843 2038 2918">
     <span class='ocr_line' id='line_1_28' title="bbox 387 2843 2038 2918; baseline -0.001 -17"><span class='ocrx_word' id='word_1_142' title='bbox 387 2847 688 2918; x_wconf 71' lang='lat' dir='ltr'>prmfecto,</span> <span class='ocrx_word' id='word_1_143' title='bbox 722 2844 1034 2916; x_wconf 87' lang='lat' dir='ltr'>presbyter</span> <span class='ocrx_word' id='word_1_144' title='bbox 1079 2843 1372 2900; x_wconf 81' lang='lat' dir='ltr'>ecclesiae.</span> <span class='ocrx_word' id='word_1_145' title='bbox 1422 2843 1525 2898; x_wconf 91' lang='lat' dir='ltr'>Die</span> <span class='ocrx_word' id='word_1_146' title='bbox 1582 2844 1782 2915; x_wconf 86' lang='lat' dir='ltr'>itaque</span> <span class='ocrx_word' id='word_1_147' title='bbox 1823 2845 2038 2900; x_wconf 85' lang='lat' dir='ltr'>Christi</span> 
     </span>
    </p>
   </div>
   <div class='ocr_carea' id='block_1_29' title="bbox 388 2932 2040 3004">
    <p class='ocr_par' dir='ltr' id='par_1_29' title="bbox 388 2932 2040 3004">
     <span class='ocr_line' id='line_1_29' title="bbox 388 2932 2040 3004; baseline 0 -14"><span class='ocrx_word' id='word_1_148' title='bbox 388 2935 573 2990; x_wconf 84' lang='lat' dir='ltr'>natali</span> <span class='ocrx_word' id='word_1_149' title='bbox 607 2951 794 3002; x_wconf 89' lang='lat' dir='ltr'>sacra,</span> <span class='ocrx_word' id='word_1_150' title='bbox 831 2934 1141 3004; x_wconf 83' lang='lat' dir='ltr'>Antipatro</span> <span class='ocrx_word' id='word_1_151' title='bbox 1200 2933 1262 2988; x_wconf 91' lang='lat' dir='ltr'>in</span> <span class='ocrx_word' id='word_1_152' title='bbox 1304 2933 1614 2988; x_wconf 87' lang='lat' dir='ltr'>ecclesiam</span> <span class='ocrx_word' id='word_1_153' title='bbox 1657 2932 1942 3004; x_wconf 86' lang='lat' dir='ltr'>profecto,</span> <span class='ocrx_word' id='word_1_154' title='bbox 1975 2939 2040 2990; x_wconf 90' lang='lat' dir='ltr'>ut</span> 
     </span>
    </p>
   </div>
   <div class='ocr_carea' id='block_1_30' title="bbox 385 3023 2038 3096">
    <p class='ocr_par' dir='ltr' id='par_1_30' title="bbox 385 3023 2038 3096">
     <span class='ocr_line' id='line_1_30' title="bbox 385 3023 2038 3096; baseline -0.001 -16"><span class='ocrx_word' id='word_1_155' title='bbox 385 3025 755 3080; x_wconf 87' lang='lat' dir='ltr'>Christianos</span> <span class='ocrx_word' id='word_1_156' title='bbox 785 3023 1590 3095; x_wconf 79' lang='lat' dir='ltr'>comprehenderet,zeloiste</span> <span class='ocrx_word' id='word_1_157' title='bbox 1609 3025 2038 3096; x_wconf 89' lang='lat' dir='ltr'>repletus,eum</span> 
     </span>
    </p>
   </div>
   <div class='ocr_carea' id='block_1_31' title="bbox 385 3097 2035 3185">
    <p class='ocr_par' dir='ltr' id='par_1_31' title="bbox 385 3097 2035 3185">
     <span class='ocr_line' id='line_1_31' title="bbox 385 3097 2035 3185; baseline 0.001 -17"><span class='ocrx_word' id='word_1_158' title='bbox 385 3114 725 3170; x_wconf 89' lang='lat' dir='ltr'>durioribus</span> <span class='ocrx_word' id='word_1_159' title='bbox 757 3097 1276 3169; x_wconf 40' lang='lat' dir='ltr'>dictis’lacessivit.</span> <span class='ocrx_word' id='word_1_160' title='bbox 1309 3115 1680 3184; x_wconf 81' lang='lat' dir='ltr'>QuaprOpter</span> <span class='ocrx_word' id='word_1_161' title='bbox 1711 3131 2035 3185; x_wconf 90' lang='lat' dir='ltr'>suspensus</span> 
     </span>
    </p>
   </div>
   <div class='ocr_carea' id='block_1_32' title="bbox 383 3193 2038 3273">
    <p class='ocr_par' dir='ltr' id='par_1_32' title="bbox 383 3202 2036 3273">
     <span class='ocr_line' id='line_1_32' title="bbox 383 3202 2036 3273; baseline 0 -15"><span class='ocrx_word' id='word_1_162' title='bbox 383 3203 708 3258; x_wconf 88' lang='lat' dir='ltr'>dilaniatur</span> <span class='ocrx_word' id='word_1_163' title='bbox 739 3219 752 3256; x_wconf 75' lang='grc' dir='ltr'>ε</span> <span class='ocrx_word' id='word_1_164' title='bbox 786 3203 849 3257; x_wconf 90' lang='lat' dir='ltr'>in</span> <span class='ocrx_word' id='word_1_165' title='bbox 880 3202 1183 3258; x_wconf 87' lang='lat' dir='ltr'>fornacem</span> <span class='ocrx_word' id='word_1_166' title='bbox 1208 3202 1418 3256; x_wconf 85' lang='lat' dir='ltr'>exinde</span> <span class='ocrx_word' id='word_1_167' title='bbox 1444 3203 2036 3273; x_wconf 83' lang='lat' dir='ltr'>injicitur.Atfornux</span> 
     </span>
    </p>
   </div>
   <div class='ocr_carea' id='block_1_33' title="bbox 2154 3193 2601 3273">
    <p class='ocr_par' dir='ltr' id='par_1_33' title="bbox 2154 3193 2601 3271">
     <span class='ocr_line' id='line_1_33' title="bbox 2154 3193 2601 3271; baseline 0.004 -20"><span class='ocrx_word' id='word_1_168' title='bbox 2154 3193 2362 3271; x_wconf 75' lang='grc' dir='ltr'>ὕϐρισεν</span> <span class='ocrx_word' id='word_1_169' title='bbox 2422 3197 2601 3255; x_wconf 84' lang='grc' dir='ltr'>αὐτόν.</span> 
     </span>
    </p>
   </div>
   <div class='ocr_carea' id='block_1_34' title="bbox 385 3290 2032 3363">
    <p class='ocr_par' dir='ltr' id='par_1_34' title="bbox 385 3290 2032 3363">
     <span class='ocr_line' id='line_1_34' title="bbox 385 3290 2032 3363; baseline 0 -16"><span class='ocrx_word' id='word_1_170' title='bbox 385 3298 658 3348; x_wconf 88' lang='lat' dir='ltr'>sanctum</span> <span class='ocrx_word' id='word_1_171' title='bbox 682 3291 924 3362; x_wconf 89' lang='lat' dir='ltr'>quidem</span> <span class='ocrx_word' id='word_1_172' title='bbox 946 3291 1195 3346; x_wconf 89' lang='lat' dir='ltr'>servavit</span> <span class='ocrx_word' id='word_1_173' title='bbox 1216 3290 1580 3346; x_wconf 88' lang='lat' dir='ltr'>incolumem</span> <span class='ocrx_word' id='word_1_174' title='bbox 1607 3310 1620 3359; x_wconf 90' lang='lat'>;</span> <span class='ocrx_word' id='word_1_175' title='bbox 1645 3308 1746 3346; x_wconf 91' lang='lat' dir='ltr'>eos</span> <span class='ocrx_word' id='word_1_176' title='bbox 1769 3293 2032 3363; x_wconf 89' lang='lat' dir='ltr'>vero,qui</span> 
     </span>
    </p>
   </div>
   <div class='ocr_carea' id='block_1_35' title="bbox 381 3379 2035 3454">
    <p class='ocr_par' dir='ltr' id='par_1_35' title="bbox 381 3379 2035 3454">
     <span class='ocr_line' id='line_1_35' title="bbox 381 3379 2035 3454; baseline -0.001 -17"><span class='ocrx_word' id='word_1_177' title='bbox 381 3383 540 3437; x_wconf 88' lang='lat' dir='ltr'>circa</span> <span class='ocrx_word' id='word_1_178' title='bbox 569 3383 759 3454; x_wconf 87' lang='lat' dir='ltr'>ipsam</span> <span class='ocrx_word' id='word_1_179' title='bbox 785 3381 1041 3447; x_wconf 91' lang='lat' dir='ltr'>stabant,</span> <span class='ocrx_word' id='word_1_180' title='bbox 1073 3381 1228 3435; x_wconf 91' lang='lat' dir='ltr'>viros</span> <span class='ocrx_word' id='word_1_181' title='bbox 1287 3380 1617 3435; x_wconf 90' lang='lat' dir='ltr'>combussit</span> <span class='ocrx_word' id='word_1_182' title='bbox 1671 3379 1746 3436; x_wconf 87' lang='lat' dir='ltr'>ad</span> <span class='ocrx_word' id='word_1_183' title='bbox 1795 3387 2035 3436; x_wconf 87' lang='lat' dir='ltr'>centum</span> 
     </span>
    </p>
   </div>
   <div class='ocr_carea' id='block_1_36' title="bbox 384 3470 2038 3543">
    <p class='ocr_par' dir='ltr' id='par_1_36' title="bbox 384 3470 2038 3543">
     <span class='ocr_line' id='line_1_36' title="bbox 384 3470 2038 3543; baseline 0.001 -18"><span class='ocrx_word' id='word_1_184' title='bbox 384 3471 838 3543; x_wconf 80' lang='lat' dir='ltr'>quinquaginta.</span> <span class='ocrx_word' id='word_1_185' title='bbox 871 3473 953 3525; x_wconf 81' lang='lat' dir='ltr'>Ac</span> <span class='ocrx_word' id='word_1_186' title='bbox 984 3471 1200 3525; x_wconf 92' lang='lat' dir='ltr'>iterum</span> <span class='ocrx_word' id='word_1_187' title='bbox 1215 3475 1452 3525; x_wconf 90' lang='lat' dir='ltr'>coactus</span> <span class='ocrx_word' id='word_1_188' title='bbox 1484 3476 1725 3525; x_wconf 89' lang='lat' dir='ltr'>sanctus</span> <span class='ocrx_word' id='word_1_189' title='bbox 1753 3470 1929 3525; x_wconf 91' lang='lat' dir='ltr'>idolis</span> <span class='ocrx_word' id='word_1_190' title='bbox 1943 3488 2038 3526; x_wconf 88' lang='lat' dir='ltr'>sa-</span> 
     </span>
    </p>
   </div>
   <div class='ocr_carea' id='block_1_37' title="bbox 387 3559 2038 3632">
    <p class='ocr_par' dir='ltr' id='par_1_37' title="bbox 387 3559 2038 3632">
     <span class='ocr_line' id='line_1_37' title="bbox 387 3559 2038 3632; baseline 0 -16"><span class='ocrx_word' id='word_1_191' title='bbox 387 3562 677 3626; x_wconf 83' lang='lat' dir='ltr'>criﬁcare,</span> <span class='ocrx_word' id='word_1_192' title='bbox 711 3577 821 3615; x_wconf 92' lang='lat' dir='ltr'>nec</span> <span class='ocrx_word' id='word_1_193' title='bbox 853 3560 927 3615; x_wconf 89' lang='lat' dir='ltr'>ad</span> <span class='ocrx_word' id='word_1_194' title='bbox 957 3561 1016 3614; x_wconf 88' lang='lat' dir='ltr'>id</span> <span class='ocrx_word' id='word_1_195' title='bbox 1048 3559 1348 3625; x_wconf 90' lang='lat' dir='ltr'>inductus,</span> <span class='ocrx_word' id='word_1_196' title='bbox 1369 3561 1440 3614; x_wconf 89' lang='lat' dir='ltr'>ab</span> <span class='ocrx_word' id='word_1_197' title='bbox 1473 3560 1740 3616; x_wconf 86' lang='lat' dir='ltr'>humeris</span> <span class='ocrx_word' id='word_1_198' title='bbox 1761 3561 1832 3616; x_wconf 88' lang='lat' dir='ltr'>ad</span> <span class='ocrx_word' id='word_1_199' title='bbox 1857 3561 2038 3632; x_wconf 90' lang='lat' dir='ltr'>pedes</span> 
     </span>
    </p>
   </div>
   <div class='ocr_carea' id='block_1_38' title="bbox 388 3649 2036 3723">
    <p class='ocr_par' dir='ltr' id='par_1_38' title="bbox 388 3649 2036 3723">
     <span class='ocr_line' id='line_1_38' title="bbox 388 3649 2036 3723; baseline -0.001 -16"><span class='ocrx_word' id='word_1_200' title='bbox 388 3651 669 3707; x_wconf 88' lang='lat' dir='ltr'>detractis</span> <span class='ocrx_word' id='word_1_201' title='bbox 693 3668 764 3706; x_wconf 82' lang='lat' dir='ltr'>ex</span> <span class='ocrx_word' id='word_1_202' title='bbox 794 3654 928 3705; x_wconf 88' lang='lat' dir='ltr'>cute</span> <span class='ocrx_word' id='word_1_203' title='bbox 961 3650 1113 3705; x_wconf 76' lang='lat'>206</span> <span class='ocrx_word' id='word_1_204' title='bbox 1137 3649 1301 3718; x_wconf 89' lang='lat' dir='ltr'>loris,</span> <span class='ocrx_word' id='word_1_205' title='bbox 1325 3667 1512 3705; x_wconf 90' lang='lat' dir='ltr'>unum</span> <span class='ocrx_word' id='word_1_206' title='bbox 1539 3651 1698 3705; x_wconf 87' lang='lat' dir='ltr'>exiis</span> <span class='ocrx_word' id='word_1_207' title='bbox 1719 3652 2036 3723; x_wconf 85' lang='lat' dir='ltr'>arripiens,</span> 
     </span>
    </p>
   </div>
   <div class='ocr_carea' id='block_1_39' title="bbox 388 3739 2039 3804">
    <p class='ocr_par' dir='ltr' id='par_1_39' title="bbox 388 3739 2039 3804">
     <span class='ocr_line' id='line_1_39' title="bbox 388 3739 2039 3804; baseline 0.001 -10"><span class='ocrx_word' id='word_1_208' title='bbox 388 3741 451 3794; x_wconf 91' lang='lat' dir='ltr'>in</span> <span class='ocrx_word' id='word_1_209' title='bbox 481 3739 860 3804; x_wconf 86' lang='lat' dir='ltr'>proconsulis</span> <span class='ocrx_word' id='word_1_210' title='bbox 901 3739 1128 3793; x_wconf 89' lang='lat' dir='ltr'>vultum</span> <span class='ocrx_word' id='word_1_211' title='bbox 1182 3740 1448 3795; x_wconf 83' lang='lat' dir='ltr'>vibravit.</span> <span class='ocrx_word' id='word_1_212' title='bbox 1511 3743 1722 3795; x_wconf 88' lang='lat' dir='ltr'>Postea</span> <span class='ocrx_word' id='word_1_213' title='bbox 1772 3741 2039 3796; x_wconf 88' lang='lat' dir='ltr'>discissis</span> 
     </span>
    </p>
   </div>
   <div class='ocr_carea' id='block_1_40' title="bbox 389 3827 2039 3902">
    <p class='ocr_par' dir='ltr' id='par_1_40' title="bbox 389 3827 2039 3902">
     <span class='ocr_line' id='line_1_40' title="bbox 389 3827 2039 3902; baseline 0.002 -19"><span class='ocrx_word' id='word_1_214' title='bbox 389 3829 668 3883; x_wconf 90' lang='lat' dir='ltr'>carnibus</span> <span class='ocrx_word' id='word_1_215' title='bbox 690 3827 1084 3898; x_wconf 89' lang='lat' dir='ltr'>discerpitur:</span> <span class='ocrx_word' id='word_1_216' title='bbox 1115 3834 1292 3899; x_wconf 89' lang='lat' dir='ltr'>atque</span> <span class='ocrx_word' id='word_1_217' title='bbox 1324 3829 2039 3902; x_wconf 85' lang='lat' dir='ltr'>ipsumintuitusAntipa-</span> 
     </span>
    </p>
   </div>
   <div class='ocr_carea' id='block_1_41' title="bbox 390 3916 2042 3988">
    <p class='ocr_par' dir='ltr' id='par_1_41' title="bbox 390 3916 2042 3988">
     <span class='ocr_line' id='line_1_41' title="bbox 390 3916 2042 3988; baseline 0.002 -16"><span class='ocrx_word' id='word_1_218' title='bbox 390 3923 502 3984; x_wconf 89' lang='lat' dir='ltr'>ter,</span> <span class='ocrx_word' id='word_1_219' title='bbox 526 3916 740 3972; x_wconf 89' lang='lat' dir='ltr'>rubore</span> <span class='ocrx_word' id='word_1_220' title='bbox 775 3919 1056 3986; x_wconf 72' lang='lat' dir='ltr'>suffusus,</span> <span class='ocrx_word' id='word_1_221' title='bbox 1091 3917 1217 3988; x_wconf 89' lang='lat' dir='ltr'>ipse</span> <span class='ocrx_word' id='word_1_222' title='bbox 1277 3918 1389 3972; x_wconf 88' lang='lat' dir='ltr'>sibi</span> <span class='ocrx_word' id='word_1_223' title='bbox 1422 3936 1634 3974; x_wconf 90' lang='lat' dir='ltr'>manus</span> <span class='ocrx_word' id='word_1_224' title='bbox 1683 3919 1905 3974; x_wconf 89' lang='lat' dir='ltr'>intulit.</span> <span class='ocrx_word' id='word_1_225' title='bbox 1939 3921 2042 3976; x_wconf 83' lang='lat' dir='ltr'>llic</span> 
     </span>
    </p>
   </div>
   <div class='ocr_carea' id='block_1_42' title="bbox 389 4005 2042 4081">
    <p class='ocr_par' dir='ltr' id='par_1_42' title="bbox 389 4005 2042 4081">
     <span class='ocr_line' id='line_1_42' title="bbox 389 4005 2042 4081; baseline 0 -19"><span class='ocrx_word' id='word_1_226' title='bbox 389 4011 585 4062; x_wconf 90' lang='lat' dir='ltr'>autem</span> <span class='ocrx_word' id='word_1_227' title='bbox 626 4005 895 4077; x_wconf 87' lang='lat' dir='ltr'>Cyzicum</span> <span class='ocrx_word' id='word_1_228' title='bbox 919 4005 1237 4074; x_wconf 88' lang='lat' dir='ltr'>delatus,et</span> <span class='ocrx_word' id='word_1_229' title='bbox 1263 4007 1334 4061; x_wconf 87' lang='lat' dir='ltr'>ab</span> <span class='ocrx_word' id='word_1_230' title='bbox 1355 4007 1457 4062; x_wconf 91' lang='lat' dir='ltr'>illo</span> <span class='ocrx_word' id='word_1_231' title='bbox 1488 4009 1844 4079; x_wconf 91' lang='lat' dir='ltr'>proconsule</span> <span class='ocrx_word' id='word_1_232' title='bbox 1862 4009 2042 4081; x_wconf 76' lang='lat' dir='ltr'>gladii</span> 
     </span>
    </p>
   </div>
   <div class='ocr_carea' id='block_1_43' title="bbox 397 4094 1516 4168">
    <p class='ocr_par' dir='ltr' id='par_1_43' title="bbox 397 4094 1516 4168">
     <span class='ocr_line' id='line_1_43' title="bbox 397 4094 1516 4168; baseline -0.001 -16"><span class='ocrx_word' id='word_1_233' title='bbox 397 4101 640 4168; x_wconf 87' lang='lat' dir='ltr'>accepta</span> <span class='ocrx_word' id='word_1_234' title='bbox 672 4096 993 4165; x_wconf 86' lang='lat' dir='ltr'>sententia,</span> <span class='ocrx_word' id='word_1_235' title='bbox 1025 4094 1353 4151; x_wconf 88' lang='lat' dir='ltr'>decollatus</span> <span class='ocrx_word' id='word_1_236' title='bbox 1383 4096 1516 4152; x_wconf 85' lang='lat' dir='ltr'>fuit.</span> 
     </span>
    </p>
   </div>
   <div class='ocr_carea' id='block_1_44' title="bbox 957 4360 1484 4416">
    <p class='ocr_par' dir='ltr' id='par_1_44' title="bbox 957 4360 1484 4416">
     <span class='ocr_line' id='line_1_44' title="bbox 957 4360 1484 4416; baseline -0.002 0"><span class='ocrx_word' id='word_1_237' title='bbox 957 4360 1197 4416; x_wconf 87' lang='lat' dir='ltr'><strong>EODEM</strong></span> <span class='ocrx_word' id='word_1_238' title='bbox 1229 4360 1484 4416; x_wconf 87' lang='lat' dir='ltr'>MENSE.</span> 
     </span>
    </p>
   </div>
   <div class='ocr_carea' id='block_1_45' title="bbox 881 4461 1555 4534">
    <p class='ocr_par' dir='ltr' id='par_1_45' title="bbox 881 4461 1555 4534">
     <span class='ocr_line' id='line_1_45' title="bbox 881 4461 1555 4534; baseline 0.001 -18"><span class='ocrx_word' id='word_1_239' title='bbox 881 4461 981 4518; x_wconf 89' lang='lat' dir='ltr'>Die</span> <span class='ocrx_word' id='word_1_240' title='bbox 1012 4461 1248 4518; x_wconf 85' lang='lat' dir='ltr'>decima</span> <span class='ocrx_word' id='word_1_241' title='bbox 1301 4462 1555 4534; x_wconf 87' lang='lat' dir='ltr'>septima</span> 
     </span>
    </p>
   </div>
   <div class='ocr_carea' id='block_1_46' title="bbox 467 4551 1980 4636">
    <p class='ocr_par' dir='ltr' id='par_1_46' title="bbox 467 4551 1980 4636">
     <span class='ocr_line' id='line_1_46' title="bbox 467 4551 1980 4636; baseline -0.003 -26"><span class='ocrx_word' id='word_1_242' title='bbox 467 4553 757 4610; x_wconf 78' lang='lat' dir='ltr'>Certamen</span> <span class='ocrx_word' id='word_1_243' title='bbox 786 4553 965 4606; x_wconf 85' lang='lat' dir='ltr'>sancti</span> <span class='ocrx_word' id='word_1_244' title='bbox 1002 4552 1263 4636; x_wconf 71' lang='lat' dir='ltr'>martyris</span> <span class='ocrx_word' id='word_1_245' title='bbox 1293 4552 1478 4622; x_wconf 79' lang='lat' dir='ltr'>Pauli,</span> <span class='ocrx_word' id='word_1_246' title='bbox 1513 4551 1762 4608; x_wconf 71' lang='lat' dir='ltr'>Jutianae</span> <span class='ocrx_word' id='word_1_247' title='bbox 1812 4557 1862 4606; x_wconf 81' lang='lat' dir='ltr'>et</span> <span class='ocrx_word' id='word_1_248' title='bbox 1896 4566 1980 4606; x_wconf 86' lang='lat' dir='ltr'>so-</span> 
     </span>
    </p>
   </div>
   <div class='ocr_carea' id='block_1_47' title="bbox 1110 4639 1340 4679">
    <p class='ocr_par' dir='ltr' id='par_1_47' title="bbox 1110 4639 1340 4679">
     <span class='ocr_line' id='line_1_47' title="bbox 1110 4639 1340 4679; baseline -0.004 -1"><span class='ocrx_word' id='word_1_249' title='bbox 1110 4639 1340 4679; x_wconf 72' lang='lat' dir='ltr'>czorum.</span> 
     </span>
    </p>
   </div>
   <div class='ocr_carea' id='block_1_48' title="bbox 470 4738 2045 4812">
    <p class='ocr_par' dir='ltr' id='par_1_48' title="bbox 470 4738 2045 4812">
     <span class='ocr_line' id='line_1_48' title="bbox 470 4738 2045 4812; baseline 0 -18"><span class='ocrx_word' id='word_1_250' title='bbox 470 4738 738 4794; x_wconf 90' lang='lat' dir='ltr'>Fuerunt</span> <span class='ocrx_word' id='word_1_251' title='bbox 766 4739 886 4809; x_wconf 90' lang='lat' dir='ltr'>isti,</span> <span class='ocrx_word' id='word_1_252' title='bbox 911 4740 1234 4796; x_wconf 83' lang='lat' dir='ltr'>Aureliano</span> <span class='ocrx_word' id='word_1_253' title='bbox 1265 4739 1645 4812; x_wconf 87' lang='lat' dir='ltr'>imperatore,</span> <span class='ocrx_word' id='word_1_254' title='bbox 1679 4739 2045 4796; x_wconf 90' lang='lat' dir='ltr'>Ptolemaide</span> 
     </span>
    </p>
   </div>
   <div class='ocr_carea' id='block_1_49' title="bbox 399 4822 2048 4897">
    <p class='ocr_par' dir='ltr' id='par_1_49' title="bbox 399 4822 2048 4897">
     <span class='ocr_line' id='line_1_49' title="bbox 399 4822 2048 4897; baseline -0.001 -13"><span class='ocrx_word' id='word_1_255' title='bbox 399 4829 767 4897; x_wconf 84' lang='lat' dir='ltr'>nati,fratres</span> <span class='ocrx_word' id='word_1_256' title='bbox 793 4829 1118 4884; x_wconf 90' lang='lat' dir='ltr'>secundum</span> <span class='ocrx_word' id='word_1_257' title='bbox 1145 4845 1405 4884; x_wconf 89' lang='lat' dir='ltr'>carnem.</span> <span class='ocrx_word' id='word_1_258' title='bbox 1443 4822 1752 4884; x_wconf 34' lang='lat' dir='ltr'>At&#39;Paulus</span> <span class='ocrx_word' id='word_1_259' title='bbox 1767 4829 2048 4883; x_wconf 89' lang='lat' dir='ltr'>divinitus</span> 
     </span>
    </p>
   </div>
   <div class='ocr_carea' id='block_1_50' title="bbox 397 4918 2048 4992">
    <p class='ocr_par' dir='ltr' id='par_1_50' title="bbox 397 4918 2048 4992">
     <span class='ocr_line' id='line_1_50' title="bbox 397 4918 2048 4992; baseline -0.001 -18"><span class='ocrx_word' id='word_1_260' title='bbox 397 4918 725 4990; x_wconf 86' lang='lat' dir='ltr'>inspiratas</span> <span class='ocrx_word' id='word_1_261' title='bbox 747 4919 1068 4974; x_wconf 87' lang='lat' dir='ltr'>meditatus</span> <span class='ocrx_word' id='word_1_262' title='bbox 1090 4919 1444 4992; x_wconf 86' lang='lat' dir='ltr'>Scripturas,</span> <span class='ocrx_word' id='word_1_263' title='bbox 1473 4918 1693 4975; x_wconf 71' lang='lat' dir='ltr'>Judaais</span> <span class='ocrx_word' id='word_1_264' title='bbox 1711 4919 2048 4990; x_wconf 65' lang='lat' dir='ltr'>Graecisque</span> 
     </span>
    </p>
   </div>
   <div class='ocr_carea' id='block_1_51' title="bbox 393 5007 2048 5080">
    <p class='ocr_par' dir='ltr' id='par_1_51' title="bbox 393 5007 2048 5080">
     <span class='ocr_line' id='line_1_51' title="bbox 393 5007 2048 5080; baseline -0.001 -15"><span class='ocrx_word' id='word_1_265' title='bbox 393 5027 460 5065; x_wconf 92' lang='lat' dir='ltr'>os</span> <span class='ocrx_word' id='word_1_266' title='bbox 494 5007 1019 5064; x_wconf 85' lang='lat' dir='ltr'>obstruebat.Dum</span> <span class='ocrx_word' id='word_1_267' title='bbox 1051 5026 1187 5065; x_wconf 88' lang='lat' dir='ltr'>vero</span> <span class='ocrx_word' id='word_1_268' title='bbox 1219 5010 1280 5064; x_wconf 89' lang='lat' dir='ltr'>in</span> <span class='ocrx_word' id='word_1_269' title='bbox 1313 5010 1546 5064; x_wconf 87' lang='lat' dir='ltr'>civitate</span> <span class='ocrx_word' id='word_1_270' title='bbox 1577 5010 1901 5080; x_wconf 86' lang='lat' dir='ltr'>imperator</span> <span class='ocrx_word' id='word_1_271' title='bbox 1919 5025 2048 5063; x_wconf 87' lang='lat' dir='ltr'>ver-</span> 
     </span>
    </p>
   </div>
   <div class='ocr_carea' id='block_1_52' title="bbox 393 5098 2047 5167">
    <p class='ocr_par' dir='ltr' id='par_1_52' title="bbox 393 5098 2047 5167">
     <span class='ocr_line' id='line_1_52' title="bbox 393 5098 2047 5167; baseline -0.001 -13"><span class='ocrx_word' id='word_1_272' title='bbox 393 5098 1067 5167; x_wconf 89' lang='lat' dir='ltr'>saretur,denuntiatus,</span> <span class='ocrx_word' id='word_1_273' title='bbox 1095 5100 1145 5153; x_wconf 89' lang='lat' dir='ltr'>ei</span> <span class='ocrx_word' id='word_1_274' title='bbox 1181 5099 1412 5154; x_wconf 87' lang='lat' dir='ltr'>sistitur</span> <span class='ocrx_word' id='word_1_275' title='bbox 1445 5115 1458 5152; x_wconf 91' lang='lat'><strong>:</strong></span> <span class='ocrx_word' id='word_1_276' title='bbox 1494 5103 1551 5153; x_wconf 91' lang='lat' dir='ltr'>et</span> <span class='ocrx_word' id='word_1_277' title='bbox 1580 5098 1879 5153; x_wconf 87' lang='lat' dir='ltr'>Christum</span> <span class='ocrx_word' id='word_1_278' title='bbox 1905 5115 2047 5152; x_wconf 90' lang='lat' dir='ltr'>con-</span> 
     </span>
    </p>
   </div>
   <div class='ocr_carea' id='block_1_53' title="bbox 389 5187 2046 5259">
    <p class='ocr_par' dir='ltr' id='par_1_53' title="bbox 389 5187 2046 5259">
     <span class='ocr_line' id='line_1_53' title="bbox 389 5187 2046 5259; baseline -0.002 -17"><span class='ocrx_word' id='word_1_279' title='bbox 389 5188 605 5253; x_wconf 85' lang='lat' dir='ltr'>fessus,</span> <span class='ocrx_word' id='word_1_280' title='bbox 641 5188 1046 5259; x_wconf 79' lang='lat' dir='ltr'>suspenditur,</span> <span class='ocrx_word' id='word_1_281' title='bbox 1079 5194 1137 5242; x_wconf 90' lang='lat' dir='ltr'>et</span> <span class='ocrx_word' id='word_1_282' title='bbox 1167 5188 1517 5259; x_wconf 86' lang='lat' dir='ltr'>depectitur.</span> <span class='ocrx_word' id='word_1_283' title='bbox 1552 5188 1734 5252; x_wconf 86' lang='lat' dir='ltr'>Quem</span> <span class='ocrx_word' id='word_1_284' title='bbox 1756 5203 1925 5240; x_wconf 92' lang='lat' dir='ltr'>soror</span> <span class='ocrx_word' id='word_1_285' title='bbox 1956 5187 2046 5240; x_wconf 83' lang='lat' dir='ltr'>in-</span> 
     </span>
    </p>
   </div>
   <div class='ocr_carea' id='block_1_54' title="bbox 396 5277 2045 5349">
    <p class='ocr_par' dir='ltr' id='par_1_54' title="bbox 396 5277 2045 5349">
     <span class='ocr_line' id='line_1_54' title="bbox 396 5277 2045 5349; baseline 0 -19"><span class='ocrx_word' id='word_1_286' title='bbox 396 5277 563 5341; x_wconf 87' lang='lat' dir='ltr'>tuita,</span> <span class='ocrx_word' id='word_1_287' title='bbox 599 5280 657 5331; x_wconf 89' lang='lat' dir='ltr'>et</span> <span class='ocrx_word' id='word_1_288' title='bbox 686 5284 899 5333; x_wconf 88' lang='lat' dir='ltr'>contra</span> <span class='ocrx_word' id='word_1_289' title='bbox 931 5283 1248 5348; x_wconf 85' lang='lat' dir='ltr'>tyrannum</span> <span class='ocrx_word' id='word_1_290' title='bbox 1282 5277 1782 5349; x_wconf 85' lang='lat' dir='ltr'>exclamans,ipsa</span> <span class='ocrx_word' id='word_1_291' title='bbox 1809 5291 2045 5346; x_wconf 87' lang='lat' dir='ltr'>quoque</span> 
     </span>
    </p>
   </div>
   <div class='ocr_carea' id='block_1_55' title="bbox 393 5365 2044 5438">
    <p class='ocr_par' dir='ltr' id='par_1_55' title="bbox 393 5365 2044 5438">
     <span class='ocr_line' id='line_1_55' title="bbox 393 5365 2044 5438; baseline -0.001 -17"><span class='ocrx_word' id='word_1_292' title='bbox 393 5367 942 5437; x_wconf 89' lang='lat' dir='ltr'>comprehenditur,</span> <span class='ocrx_word' id='word_1_293' title='bbox 977 5384 1045 5422; x_wconf 90' lang='lat' dir='ltr'>ac</span> <span class='ocrx_word' id='word_1_294' title='bbox 1103 5383 1392 5438; x_wconf 87' lang='lat' dir='ltr'>suspensa</span> <span class='ocrx_word' id='word_1_295' title='bbox 1425 5367 1803 5431; x_wconf 87' lang='lat' dir='ltr'>dilaceratur,</span> <span class='ocrx_word' id='word_1_296' title='bbox 1863 5365 2044 5438; x_wconf 91' lang='lat' dir='ltr'>inque</span> 
     </span>
    </p>
   </div>
   <div class='ocr_carea' id='block_1_56' title="bbox 389 5455 2044 5527">
    <p class='ocr_par' dir='ltr' id='par_1_56' title="bbox 389 5455 2044 5527">
     <span class='ocr_line' id='line_1_56' title="bbox 389 5455 2044 5527; baseline 0.001 -18"><span class='ocrx_word' id='word_1_297' title='bbox 389 5455 649 5509; x_wconf 90' lang='lat' dir='ltr'>lebetem</span> <span class='ocrx_word' id='word_1_298' title='bbox 677 5456 807 5526; x_wconf 90' lang='lat' dir='ltr'>pice</span> <span class='ocrx_word' id='word_1_299' title='bbox 841 5456 1229 5511; x_wconf 85' lang='lat' dir='ltr'>ebullientem</span> <span class='ocrx_word' id='word_1_300' title='bbox 1263 5456 1437 5511; x_wconf 87' lang='lat' dir='ltr'>ambo</span> <span class='ocrx_word' id='word_1_301' title='bbox 1469 5456 1874 5527; x_wconf 88' lang='lat' dir='ltr'>conjiciuntur</span> <span class='ocrx_word' id='word_1_302' title='bbox 1903 5455 2044 5523; x_wconf 90' lang='lat' dir='ltr'>;sed</span> 
     </span>
    </p>
   </div>
   <div class='ocr_carea' id='block_1_57' title="bbox 390 5545 2043 5617">
    <p class='ocr_par' dir='ltr' id='par_1_57' title="bbox 390 5545 2043 5617">
     <span class='ocr_line' id='line_1_57' title="bbox 390 5545 2043 5617; baseline 0.002 -20"><span class='ocrx_word' id='word_1_303' title='bbox 390 5545 559 5599; x_wconf 91' lang='lat' dir='ltr'>nulla</span> <span class='ocrx_word' id='word_1_304' title='bbox 589 5561 658 5600; x_wconf 82' lang='lat' dir='ltr'>ex</span> <span class='ocrx_word' id='word_1_305' title='bbox 688 5545 800 5601; x_wconf 89' lang='lat' dir='ltr'>hoc</span> <span class='ocrx_word' id='word_1_306' title='bbox 821 5562 977 5601; x_wconf 84' lang='lat' dir='ltr'>noxa</span> <span class='ocrx_word' id='word_1_307' title='bbox 1002 5545 1719 5617; x_wconf 84' lang='lat' dir='ltr'>accepta,superferreum</span> <span class='ocrx_word' id='word_1_308' title='bbox 1737 5545 2043 5615; x_wconf 77' lang='lat' dir='ltr'>grabatum</span> 
     </span>
    </p>
   </div>
   <div class='ocr_carea' id='block_1_58' title="bbox 379 5631 2043 5704">
    <p class='ocr_par' dir='ltr' id='par_1_58' title="bbox 379 5631 2043 5704">
     <span class='ocr_line' id='line_1_58' title="bbox 379 5631 2043 5704; baseline 0.005 -21"><span class='ocrx_word' id='word_1_309' title='bbox 379 5631 635 5701; x_wconf 81' lang='lat' dir='ltr'>ignitum</span> <span class='ocrx_word' id='word_1_310' title='bbox 670 5635 1158 5701; x_wconf 83' lang='lat' dir='ltr'>extenduntur,et</span> <span class='ocrx_word' id='word_1_311' title='bbox 1193 5650 1374 5704; x_wconf 88' lang='lat' dir='ltr'>super</span> <span class='ocrx_word' id='word_1_312' title='bbox 1405 5633 1625 5689; x_wconf 91' lang='lat' dir='ltr'>lumbis</span> <span class='ocrx_word' id='word_1_313' title='bbox 1644 5633 1942 5704; x_wconf 88' lang='lat' dir='ltr'>vapulant.</span> <span class='ocrx_word' id='word_1_314' title='bbox 1977 5635 2043 5691; x_wconf 88' lang='lat' dir='ltr'>In</span> 
     </span>
    </p>
   </div>
   <div class='ocr_carea' id='block_1_59' title="bbox 379 5722 2040 5795">
    <p class='ocr_par' dir='ltr' id='par_1_59' title="bbox 379 5722 2040 5795">
     <span class='ocr_line' id='line_1_59' title="bbox 379 5722 2040 5795; baseline 0.005 -25"><span class='ocrx_word' id='word_1_315' title='bbox 379 5732 681 5777; x_wconf 88' lang='lat' dir='ltr'>carcerem</span> <span class='ocrx_word' id='word_1_316' title='bbox 724 5729 931 5794; x_wconf 88' lang='lat' dir='ltr'>postea</span> <span class='ocrx_word' id='word_1_317' title='bbox 962 5723 1559 5795; x_wconf 81' lang='lat' dir='ltr'>detrusi,angelicum</span> <span class='ocrx_word' id='word_1_318' title='bbox 1582 5722 1779 5778; x_wconf 90' lang='lat' dir='ltr'>cibum</span> <span class='ocrx_word' id='word_1_319' title='bbox 1805 5739 2040 5779; x_wconf 89' lang='lat' dir='ltr'>sumen-</span> 
     </span>
    </p>
   </div>
   <div class='ocr_carea' id='block_1_60' title="bbox 2080 4575 2127 4639">
    <p class='ocr_par' dir='ltr' id='par_1_60' title="bbox 2080 4575 2127 4639">
     <span class='ocr_line' id='line_1_60' title="bbox 2080 4575 2127 4639; baseline 0 0"><span class='ocrx_word' id='word_1_320' title='bbox 2080 4575 2127 4639; x_wconf 90' lang='lat' dir='ltr'><strong>D</strong></span> 
     </span>
    </p>
   </div>
   <div class='ocr_carea' id='block_1_61' title="bbox 2153 579 2464 640">
    <p class='ocr_par' dir='ltr' id='par_1_61' title="bbox 2153 579 2464 640">
     <span class='ocr_line' id='line_1_61' title="bbox 2153 579 2464 640; baseline 0.019 -7"><span class='ocrx_word' id='word_1_321' title='bbox 2153 579 2464 640; x_wconf 85' lang='grc' dir='ltr'>ἀπώλοντο.</span> 
     </span>
    </p>
   </div>
   <div class='ocr_carea' id='block_1_62' title="bbox 2699 810 3250 868">
    <p class='ocr_par' dir='ltr' id='par_1_62' title="bbox 2699 810 3250 868">
     <span class='ocr_line' id='line_1_62' title="bbox 2699 810 3250 868; baseline 0.005 -4"><span class='ocrx_word' id='word_1_322' title='bbox 2699 810 2878 867; x_wconf 80' lang='lat' dir='ltr'>MHNI</span> <span class='ocrx_word' id='word_1_323' title='bbox 2927 815 3016 868; x_wconf 86' lang='grc' dir='ltr'>ΤΩ</span> <span class='ocrx_word' id='word_1_324' title='bbox 3056 814 3250 867; x_wconf 83' lang='grc' dir='ltr'>ΑῙἼὨ.</span> 
     </span>
    </p>
   </div>
   <div class='ocr_carea' id='block_1_63' title="bbox 2293 903 3665 1067">
    <p class='ocr_par' dir='ltr' id='par_1_63' title="bbox 2293 903 3665 1067">
     <span class='ocr_line' id='line_1_63' title="bbox 2293 903 3665 1067; baseline 0.002 -22"><span class='ocrx_word' id='word_1_325' title='bbox 2293 986 2567 1060; x_wconf 77' lang='grc' dir='ltr'>⁵’Δθλησις</span> <span class='ocrx_word' id='word_1_326' title='bbox 2647 993 2746 1044; x_wconf 76' lang='grc' dir='ltr'>τοῦ</span> <span class='ocrx_word' id='word_1_327' title='bbox 2805 903 3297 1067; x_wconf 61' lang='grc' dir='ltr'>ἁγίουιζμᾶρτυρος</span> <span class='ocrx_word' id='word_1_328' title='bbox 3330 988 3665 1064; x_wconf 78' lang='grc' dir='ltr'>Διομήδους.</span> 
     </span>
    </p>
   </div>
   <div class='ocr_carea' id='block_1_64' title="bbox 2224 1191 3812 1272">
    <p class='ocr_par' dir='ltr' id='par_1_64' title="bbox 2224 1191 3812 1272">
     <span class='ocr_line' id='line_1_64' title="bbox 2224 1191 3812 1272; baseline 0.001 -24"><span class='ocrx_word' id='word_1_329' title='bbox 2224 1191 2510 1264; x_wconf 78' lang='grc' dir='ltr'>Διομήδης</span> <span class='ocrx_word' id='word_1_330' title='bbox 2541 1195 2569 1248; x_wconf 85' lang='grc' dir='ltr'>ὁ</span> <span class='ocrx_word' id='word_1_331' title='bbox 2625 1198 2723 1248; x_wconf 77' lang='grc' dir='ltr'>τοῦ</span> <span class='ocrx_word' id='word_1_332' title='bbox 2775 1195 3012 1270; x_wconf 78' lang='grc' dir='ltr'>Χριστοῦ</span> <span class='ocrx_word' id='word_1_333' title='bbox 3073 1192 3312 1269; x_wconf 86' lang='grc' dir='ltr'>μάρτυς,</span> <span class='ocrx_word' id='word_1_334' title='bbox 3340 1194 3411 1264; x_wconf 78' lang='grc' dir='ltr'>ῆν</span> <span class='ocrx_word' id='word_1_335' title='bbox 3467 1195 3563 1269; x_wconf 77' lang='grc' dir='ltr'>μέν</span> <span class='ocrx_word' id='word_1_336' title='bbox 3593 1195 3812 1272; x_wconf 85' lang='grc' dir='ltr'>έκΤαρ-</span> 
     </span>
    </p>
   </div>
   <div class='ocr_carea' id='block_1_65' title="bbox 2150 1281 3808 1360">
    <p class='ocr_par' dir='ltr' id='par_1_65' title="bbox 2150 1281 3808 1360">
     <span class='ocr_line' id='line_1_65' title="bbox 2150 1281 3808 1360; baseline 0.003 -24"><span class='ocrx_word' id='word_1_337' title='bbox 2150 1287 2247 1338; x_wconf 78' lang='grc' dir='ltr'>σοῦ</span> <span class='ocrx_word' id='word_1_338' title='bbox 2275 1287 2376 1347; x_wconf 83' lang='grc' dir='ltr'>τῆς</span> <span class='ocrx_word' id='word_1_339' title='bbox 2410 1282 2684 1344; x_wconf 80' lang='grc' dir='ltr'>Κιλικίας.</span> <span class='ocrx_word' id='word_1_340' title='bbox 2719 1285 3044 1358; x_wconf 83' lang='grc' dir='ltr'>Μετήρχετο</span> <span class='ocrx_word' id='word_1_341' title='bbox 3078 1281 3137 1337; x_wconf 80' lang='grc' dir='ltr'>δὶ</span> <span class='ocrx_word' id='word_1_342' title='bbox 3165 1284 3264 1351; x_wconf 81' lang='grc' dir='ltr'>τήν</span> <span class='ocrx_word' id='word_1_343' title='bbox 3297 1283 3550 1360; x_wconf 80' lang='grc' dir='ltr'>ίατρικῆν</span> <span class='ocrx_word' id='word_1_344' title='bbox 3585 1287 3808 1360; x_wconf 89' lang='grc' dir='ltr'>τέχνην.</span> 
     </span>
    </p>
   </div>
   <div class='ocr_carea' id='block_1_66' title="bbox 2150 1371 3808 1446">
    <p class='ocr_par' dir='ltr' id='par_1_66' title="bbox 2150 1371 3808 1446">
     <span class='ocr_line' id='line_1_66' title="bbox 2150 1371 3808 1446; baseline 0 -18"><span class='ocrx_word' id='word_1_345' title='bbox 2150 1373 2274 1429; x_wconf 83' lang='grc' dir='ltr'>Ἐπὶ</span> <span class='ocrx_word' id='word_1_346' title='bbox 2336 1371 2394 1426; x_wconf 72' lang='grc' dir='ltr'>δὲ</span> <span class='ocrx_word' id='word_1_347' title='bbox 2449 1379 2549 1441; x_wconf 88' lang='grc' dir='ltr'>τῆς</span> <span class='ocrx_word' id='word_1_348' title='bbox 2642 1372 2920 1446; x_wconf 71' lang='grc' dir='ltr'>βασιλείας</span> <span class='ocrx_word' id='word_1_349' title='bbox 2987 1372 3402 1443; x_wconf 77' lang='grc' dir='ltr'>Διοκλητιανοῦ,</span> <span class='ocrx_word' id='word_1_350' title='bbox 3487 1373 3808 1430; x_wconf 86' lang='grc' dir='ltr'>καταλιπὼν</span> 
     </span>
    </p>
   </div>
   <div class='ocr_carea' id='block_1_67' title="bbox 2146 1461 3808 1539">
    <p class='ocr_par' dir='ltr' id='par_1_67' title="bbox 2146 1461 3808 1539">
     <span class='ocr_line' id='line_1_67' title="bbox 2146 1461 3808 1539; baseline 0.002 -22"><span class='ocrx_word' id='word_1_351' title='bbox 2146 1464 2246 1530; x_wconf 76' lang='grc' dir='ltr'>τὴν</span> <span class='ocrx_word' id='word_1_352' title='bbox 2278 1463 2508 1535; x_wconf 87' lang='grc' dir='ltr'>Ταρσὸν,</span> <span class='ocrx_word' id='word_1_353' title='bbox 2559 1463 2882 1539; x_wconf 84' lang='grc' dir='ltr'>παρεγένετο</span> <span class='ocrx_word' id='word_1_354' title='bbox 2934 1461 3012 1524; x_wconf 81' lang='grc' dir='ltr'>εἰς</span> <span class='ocrx_word' id='word_1_355' title='bbox 3068 1461 3416 1533; x_wconf 84' lang='grc' dir='ltr'>Νίκαιαν,διᾶ</span> <span class='ocrx_word' id='word_1_356' title='bbox 3470 1469 3572 1532; x_wconf 84' lang='grc' dir='ltr'>τῆς</span> <span class='ocrx_word' id='word_1_357' title='bbox 3626 1467 3808 1520; x_wconf 75' lang='grc' dir='ltr'>θεοσεο</span> 
     </span>
    </p>
   </div>
   <div class='ocr_carea' id='block_1_68' title="bbox 2149 1547 3809 1628">
    <p class='ocr_par' dir='ltr' id='par_1_68' title="bbox 2149 1547 3809 1628">
     <span class='ocr_line' id='line_1_68' title="bbox 2149 1547 3809 1628; baseline 0.001 -22"><span class='ocrx_word' id='word_1_358' title='bbox 2149 1547 2298 1615; x_wconf 85' lang='grc' dir='ltr'>ϐείας</span> <span class='ocrx_word' id='word_1_359' title='bbox 2328 1552 2416 1606; x_wconf 85' lang='grc' dir='ltr'>καὶ</span> <span class='ocrx_word' id='word_1_360' title='bbox 2447 1555 2547 1621; x_wconf 79' lang='grc' dir='ltr'>τήν</span> <span class='ocrx_word' id='word_1_361' title='bbox 2575 1555 2713 1607; x_wconf 89' lang='grc' dir='ltr'>κατά</span> <span class='ocrx_word' id='word_1_362' title='bbox 2759 1555 2860 1621; x_wconf 78' lang='grc' dir='ltr'>τήν</span> <span class='ocrx_word' id='word_1_363' title='bbox 2919 1552 3170 1628; x_wconf 81' lang='grc' dir='ltr'>ίατρίκῆν</span> <span class='ocrx_word' id='word_1_364' title='bbox 3221 1554 3422 1628; x_wconf 83' lang='grc' dir='ltr'>τέχνην</span> <span class='ocrx_word' id='word_1_365' title='bbox 3474 1553 3809 1628; x_wconf 76' lang='grc' dir='ltr'>ἐπιστήμης,</span> 
     </span>
    </p>
   </div>
   <div class='ocr_carea' id='block_1_69' title="bbox 2148 1638 3803 1716">
    <p class='ocr_par' dir='ltr' id='par_1_69' title="bbox 2148 1638 3803 1716">
     <span class='ocr_line' id='line_1_69' title="bbox 2148 1638 3803 1716; baseline 0.001 -20"><span class='ocrx_word' id='word_1_366' title='bbox 2148 1641 2444 1716; x_wconf 77' lang='grc' dir='ltr'>εὐεργετῶν</span> <span class='ocrx_word' id='word_1_367' title='bbox 2494 1641 2621 1703; x_wconf 81' lang='grc' dir='ltr'>τοὺς</span> <span class='ocrx_word' id='word_1_368' title='bbox 2675 1644 3003 1714; x_wconf 79' lang='grc' dir='ltr'>προσιόντας</span> <span class='ocrx_word' id='word_1_369' title='bbox 3087 1641 3255 1714; x_wconf 76' lang='grc' dir='ltr'>αὐτῷ·</span> <span class='ocrx_word' id='word_1_370' title='bbox 3331 1640 3450 1706; x_wconf 76' lang='grc' dir='ltr'>ὅθεν</span> <span class='ocrx_word' id='word_1_371' title='bbox 3535 1638 3803 1715; x_wconf 85' lang='grc' dir='ltr'>διεϐλήθη</span> 
     </span>
    </p>
   </div>
   <div class='ocr_carea' id='block_1_70' title="bbox 2145 1728 3803 1806">
    <p class='ocr_par' dir='ltr' id='par_1_70' title="bbox 2145 1728 3803 1806">
     <span class='ocr_line' id='line_1_70' title="bbox 2145 1728 3803 1806; baseline 0.002 -21"><span class='ocrx_word' id='word_1_372' title='bbox 2145 1735 2224 1801; x_wconf 80' lang='grc' dir='ltr'>τῷ</span> <span class='ocrx_word' id='word_1_373' title='bbox 2279 1728 2512 1805; x_wconf 85' lang='grc' dir='ltr'>βασιλεῖ.</span> <span class='ocrx_word' id='word_1_374' title='bbox 2565 1731 2715 1786; x_wconf 83' lang='grc' dir='ltr'>Ἐπεὶ</span> <span class='ocrx_word' id='word_1_375' title='bbox 2777 1729 2834 1786; x_wconf 73' lang='grc' dir='ltr'>δὲ</span> <span class='ocrx_word' id='word_1_376' title='bbox 2890 1731 2942 1785; x_wconf 73' lang='grc' dir='ltr'>οἱ</span> <span class='ocrx_word' id='word_1_377' title='bbox 2998 1731 3136 1802; x_wconf 76' lang='grc' dir='ltr'>πρὸς</span> <span class='ocrx_word' id='word_1_378' title='bbox 3193 1731 3254 1785; x_wconf 84' lang='grc' dir='ltr'>τὸ</span> <span class='ocrx_word' id='word_1_379' title='bbox 3324 1738 3589 1806; x_wconf 88' lang='grc' dir='ltr'>κρατῆσαι</span> <span class='ocrx_word' id='word_1_380' title='bbox 3643 1734 3803 1788; x_wconf 77' lang='grc' dir='ltr'>αὐτὸν</span> 
     </span>
    </p>
   </div>
   <div class='ocr_carea' id='block_1_71' title="bbox 2147 1817 3805 1896">
    <p class='ocr_par' dir='ltr' id='par_1_71' title="bbox 2147 1817 3805 1896">
     <span class='ocr_line' id='line_1_71' title="bbox 2147 1817 3805 1896; baseline 0.002 -22"><span class='ocrx_word' id='word_1_381' title='bbox 2147 1821 2582 1894; x_wconf 84' lang='grc' dir='ltr'>παραγενόμενοι</span> <span class='ocrx_word' id='word_1_382' title='bbox 2668 1821 2824 1896; x_wconf 86' lang='grc' dir='ltr'>εὗρον</span> <span class='ocrx_word' id='word_1_383' title='bbox 2920 1821 3058 1893; x_wconf 88' lang='grc' dir='ltr'>πρὸς</span> <span class='ocrx_word' id='word_1_384' title='bbox 3118 1820 3322 1896; x_wconf 81' lang='grc' dir='ltr'>Κύριον</span> <span class='ocrx_word' id='word_1_385' title='bbox 3399 1817 3805 1894; x_wconf 86' lang='grc' dir='ltr'>έκδημήσαντα,</span> 
     </span>
    </p>
   </div>
   <div class='ocr_carea' id='block_1_72' title="bbox 2150 1909 3808 1987">
    <p class='ocr_par' dir='ltr' id='par_1_72' title="bbox 2150 1909 3808 1987">
     <span class='ocr_line' id='line_1_72' title="bbox 2150 1909 3808 1987; baseline 0.001 -23"><span class='ocrx_word' id='word_1_386' title='bbox 2150 1911 2418 1984; x_wconf 75' lang='grc' dir='ltr'>ἀπέτεμον</span> <span class='ocrx_word' id='word_1_387' title='bbox 2452 1910 2620 1965; x_wconf 77' lang='grc' dir='ltr'>αὐτοῦ</span> <span class='ocrx_word' id='word_1_388' title='bbox 2652 1911 2752 1980; x_wconf 74' lang='grc' dir='ltr'>τὴν</span> <span class='ocrx_word' id='word_1_389' title='bbox 2810 1910 3081 1984; x_wconf 79' lang='grc' dir='ltr'>κεφαλὴν,</span> <span class='ocrx_word' id='word_1_390' title='bbox 3135 1909 3224 1965; x_wconf 78' lang='grc' dir='ltr'>καὶ</span> <span class='ocrx_word' id='word_1_391' title='bbox 3284 1910 3420 1985; x_wconf 87' lang='grc' dir='ltr'>πρὸς</span> <span class='ocrx_word' id='word_1_392' title='bbox 3451 1913 3544 1966; x_wconf 89' lang='grc' dir='ltr'>τὸν</span> <span class='ocrx_word' id='word_1_393' title='bbox 3583 1912 3808 1987; x_wconf 85' lang='grc' dir='ltr'>βασιλέα</span> 
     </span>
    </p>
   </div>
   <div class='ocr_carea' id='block_1_73' title="bbox 2149 1999 3807 2074">
    <p class='ocr_par' dir='ltr' id='par_1_73' title="bbox 2149 1999 3807 2074">
     <span class='ocr_line' id='line_1_73' title="bbox 2149 1999 3807 2074; baseline 0.002 -21"><span class='ocrx_word' id='word_1_394' title='bbox 2149 2000 2449 2074; x_wconf 85' lang='grc' dir='ltr'>ἀπήγαγον.</span> <span class='ocrx_word' id='word_1_395' title='bbox 2507 2001 2610 2057; x_wconf 82' lang='grc' dir='ltr'>’Ἠν</span> <span class='ocrx_word' id='word_1_396' title='bbox 2667 2001 2996 2072; x_wconf 82' lang='grc' dir='ltr'>θεασάμενος</span> <span class='ocrx_word' id='word_1_397' title='bbox 3046 2001 3073 2054; x_wconf 90' lang='grc' dir='ltr'>ὁ</span> <span class='ocrx_word' id='word_1_398' title='bbox 3164 1999 3442 2074; x_wconf 71' lang='grc' dir='ltr'>βασιλεὺς,</span> <span class='ocrx_word' id='word_1_399' title='bbox 3533 2000 3807 2057; x_wconf 77' lang='grc' dir='ltr'>ἐκέλευσεν</span> 
     </span>
    </p>
   </div>
   <div class='ocr_carea' id='block_1_74' title="bbox 2149 2087 3802 2162">
    <p class='ocr_par' dir='ltr' id='par_1_74' title="bbox 2149 2087 3802 2162">
     <span class='ocr_line' id='line_1_74' title="bbox 2149 2087 3802 2162; baseline 0.003 -20"><span class='ocrx_word' id='word_1_400' title='bbox 2149 2089 2516 2162; x_wconf 80' lang='grc' dir='ltr'>ἀπενεχθῆναι</span> <span class='ocrx_word' id='word_1_401' title='bbox 2594 2087 2760 2157; x_wconf 76' lang='grc' dir='ltr'>αὐτην</span> <span class='ocrx_word' id='word_1_402' title='bbox 2844 2089 2931 2142; x_wconf 86' lang='grc' dir='ltr'>καὶ</span> <span class='ocrx_word' id='word_1_403' title='bbox 2984 2091 3350 2162; x_wconf 84' lang='grc' dir='ltr'>προστεθῆναι</span> <span class='ocrx_word' id='word_1_404' title='bbox 3403 2094 3485 2160; x_wconf 77' lang='grc' dir='ltr'>τῷ</span> <span class='ocrx_word' id='word_1_405' title='bbox 3563 2091 3802 2162; x_wconf 80' lang='grc' dir='ltr'>σώματι.</span> 
     </span>
    </p>
   </div>
   <div class='ocr_carea' id='block_1_75' title="bbox 2151 2174 3802 2254">
    <p class='ocr_par' dir='ltr' id='par_1_75' title="bbox 2151 2174 3802 2254">
     <span class='ocr_line' id='line_1_75' title="bbox 2151 2174 3802 2254; baseline 0.001 -22"><span class='ocrx_word' id='word_1_406' title='bbox 2151 2177 2253 2232; x_wconf 75' lang='grc' dir='ltr'>Καὶ</span> <span class='ocrx_word' id='word_1_407' title='bbox 2309 2176 2507 2232; x_wconf 82' lang='grc' dir='ltr'>τούτου</span> <span class='ocrx_word' id='word_1_408' title='bbox 2584 2174 2922 2251; x_wconf 79' lang='grc' dir='ltr'>γενομένου,</span> <span class='ocrx_word' id='word_1_409' title='bbox 3011 2175 3228 2252; x_wconf 87' lang='grc' dir='ltr'>λέγεται</span> <span class='ocrx_word' id='word_1_410' title='bbox 3314 2179 3616 2254; x_wconf 82' lang='grc' dir='ltr'>παραυτίκα</span> <span class='ocrx_word' id='word_1_411' title='bbox 3671 2179 3802 2241; x_wconf 80' lang='grc' dir='ltr'>τοὺς</span> 
     </span>
    </p>
   </div>
   <div class='ocr_carea' id='block_1_76' title="bbox 2150 2263 3806 2343">
    <p class='ocr_par' dir='ltr' id='par_1_76' title="bbox 2150 2263 3806 2343">
     <span class='ocr_line' id='line_1_76' title="bbox 2150 2263 3806 2343; baseline 0.001 -23"><span class='ocrx_word' id='word_1_412' title='bbox 2150 2267 2462 2341; x_wconf 82' lang='grc' dir='ltr'>ἀπάγοντας</span> <span class='ocrx_word' id='word_1_413' title='bbox 2542 2267 2710 2335; x_wconf 81' lang='grc' dir='ltr'>αὐτὴν</span> <span class='ocrx_word' id='word_1_414' title='bbox 2785 2267 3122 2343; x_wconf 72' lang='grc' dir='ltr'>στρατιώτας</span> <span class='ocrx_word' id='word_1_415' title='bbox 3198 2263 3497 2322; x_wconf 86' lang='grc' dir='ltr'>ἀπολαϐεῖν</span> <span class='ocrx_word' id='word_1_416' title='bbox 3557 2268 3664 2322; x_wconf 82' lang='grc' dir='ltr'>τῶν</span> <span class='ocrx_word' id='word_1_417' title='bbox 3721 2268 3806 2322; x_wconf 79' lang='grc' dir='ltr'>οἰ-</span> 
     </span>
    </p>
   </div>
   <div class='ocr_carea' id='block_1_77' title="bbox 2147 2352 3808 2432">
    <p class='ocr_par' dir='ltr' id='par_1_77' title="bbox 2147 2352 3808 2432">
     <span class='ocr_line' id='line_1_77' title="bbox 2147 2352 3808 2432; baseline 0.001 -21"><span class='ocrx_word' id='word_1_418' title='bbox 2147 2356 2305 2411; x_wconf 80' lang='grc' dir='ltr'>κείων</span> <span class='ocrx_word' id='word_1_419' title='bbox 2363 2354 2666 2432; x_wconf 76' lang='grc' dir='ltr'>ὀφθαλμῶν</span> <span class='ocrx_word' id='word_1_420' title='bbox 2724 2357 2826 2424; x_wconf 80' lang='grc' dir='ltr'>τήν</span> <span class='ocrx_word' id='word_1_421' title='bbox 2883 2355 3179 2432; x_wconf 78' lang='grc' dir='ltr'>ἐνέργειαν,</span> <span class='ocrx_word' id='word_1_422' title='bbox 3237 2354 3305 2426; x_wconf 79' lang='grc' dir='ltr'>ἤν</span> <span class='ocrx_word' id='word_1_423' title='bbox 3363 2352 3659 2426; x_wconf 88' lang='grc' dir='ltr'>ἀπέϐαλον,</span> <span class='ocrx_word' id='word_1_424' title='bbox 3716 2357 3808 2412; x_wconf 75' lang='grc' dir='ltr'>ὅτε</span> 
     </span>
    </p>
   </div>
   <div class='ocr_carea' id='block_1_78' title="bbox 2145 2445 3810 2524">
    <p class='ocr_par' dir='ltr' id='par_1_78' title="bbox 2145 2445 3810 2524">
     <span class='ocr_line' id='line_1_78' title="bbox 2145 2445 3810 2524; baseline 0.001 -22"><span class='ocrx_word' id='word_1_425' title='bbox 2145 2451 2242 2502; x_wconf 77' lang='grc' dir='ltr'>τοῦ</span> <span class='ocrx_word' id='word_1_426' title='bbox 2270 2446 2425 2522; x_wconf 83' lang='grc' dir='ltr'>ἁγίου</span> <span class='ocrx_word' id='word_1_427' title='bbox 2457 2447 2728 2520; x_wconf 89' lang='grc' dir='ltr'>ἀπέτεμον</span> <span class='ocrx_word' id='word_1_428' title='bbox 2761 2448 2861 2515; x_wconf 80' lang='grc' dir='ltr'>τήν</span> <span class='ocrx_word' id='word_1_429' title='bbox 2913 2449 3186 2524; x_wconf 73' lang='grc' dir='ltr'>κεφαλήν.</span> <span class='ocrx_word' id='word_1_430' title='bbox 3243 2447 3321 2505; x_wconf 88' lang='grc' dir='ltr'>Τὸ</span> <span class='ocrx_word' id='word_1_431' title='bbox 3380 2445 3438 2503; x_wconf 74' lang='grc' dir='ltr'>δὲ</span> <span class='ocrx_word' id='word_1_432' title='bbox 3489 2448 3676 2521; x_wconf 84' lang='grc' dir='ltr'>τίμιον</span> <span class='ocrx_word' id='word_1_433' title='bbox 3710 2448 3810 2503; x_wconf 82' lang='grc' dir='ltr'>αὐ-</span> 
     </span>
    </p>
   </div>
   <div class='ocr_carea' id='block_1_79' title="bbox 2144 2533 3730 2613">
    <p class='ocr_par' dir='ltr' id='par_1_79' title="bbox 2144 2533 3730 2613">
     <span class='ocr_line' id='line_1_79' title="bbox 2144 2533 3730 2613; baseline 0.002 -22"><span class='ocrx_word' id='word_1_434' title='bbox 2144 2540 2246 2591; x_wconf 80' lang='grc' dir='ltr'>τοῦ</span> <span class='ocrx_word' id='word_1_435' title='bbox 2280 2535 2537 2610; x_wconf 79' lang='grc' dir='ltr'>λείψανον</span> <span class='ocrx_word' id='word_1_436' title='bbox 2569 2533 2846 2610; x_wconf 74' lang='grc' dir='ltr'>παρεδόθη</span> <span class='ocrx_word' id='word_1_437' title='bbox 2879 2539 3023 2610; x_wconf 80' lang='grc' dir='ltr'>ταφῇ</span> <span class='ocrx_word' id='word_1_438' title='bbox 3073 2537 3174 2590; x_wconf 84' lang='grc' dir='ltr'>ὑπὸ</span> <span class='ocrx_word' id='word_1_439' title='bbox 3216 2533 3463 2592; x_wconf 82' lang='grc' dir='ltr'>εὖλαϐὧν</span> <span class='ocrx_word' id='word_1_440' title='bbox 3496 2535 3730 2613; x_wconf 81' lang='grc' dir='ltr'>ἀνδρῶν,</span> 
     </span>
    </p>
   </div>
   <div class='ocr_carea' id='block_1_80' title="bbox 2219 2640 3730 2718">
    <p class='ocr_par' dir='ltr' id='par_1_80' title="bbox 2219 2640 3730 2718">
     <span class='ocr_line' id='line_1_80' title="bbox 2219 2640 3730 2718; baseline 0 -20"><span class='ocrx_word' id='word_1_441' title='bbox 2219 2643 2318 2698; x_wconf 85' lang='grc' dir='ltr'>Καὶ</span> <span class='ocrx_word' id='word_1_442' title='bbox 2349 2642 2580 2712; x_wconf 77' lang='grc' dir='ltr'>ἄθλησις</span> <span class='ocrx_word' id='word_1_443' title='bbox 2637 2645 2734 2696; x_wconf 73' lang='grc' dir='ltr'>τοῦ</span> <span class='ocrx_word' id='word_1_444' title='bbox 2784 2640 2942 2717; x_wconf 80' lang='grc' dir='ltr'>ἁγίου</span> <span class='ocrx_word' id='word_1_445' title='bbox 2999 2641 3398 2718; x_wconf 74' lang='grc' dir='ltr'>ἱερομάρτυρος</span> <span class='ocrx_word' id='word_1_446' title='bbox 3440 2643 3730 2718; x_wconf 74' lang='grc' dir='ltr'>Μύρωνος.</span> 
     </span>
    </p>
   </div>
   <div class='ocr_carea' id='block_1_81' title="bbox 2217 2747 3801 2825">
    <p class='ocr_par' dir='ltr' id='par_1_81' title="bbox 2217 2747 3801 2825">
     <span class='ocr_line' id='line_1_81' title="bbox 2217 2747 3801 2825; baseline -0.001 -19"><span class='ocrx_word' id='word_1_447' title='bbox 2217 2751 2390 2812; x_wconf 80' lang='grc' dir='ltr'>Οὗτος</span> <span class='ocrx_word' id='word_1_448' title='bbox 2449 2750 2698 2824; x_wconf 83' lang='grc' dir='ltr'>ὑπῆρχεν</span> <span class='ocrx_word' id='word_1_449' title='bbox 2756 2747 2843 2802; x_wconf 81' lang='grc' dir='ltr'>ἐπὶ</span> <span class='ocrx_word' id='word_1_450' title='bbox 2935 2747 3125 2803; x_wconf 83' lang='grc' dir='ltr'>Δεκίου</span> <span class='ocrx_word' id='word_1_451' title='bbox 3181 2753 3280 2804; x_wconf 75' lang='grc' dir='ltr'>τοῦ</span> <span class='ocrx_word' id='word_1_452' title='bbox 3361 2747 3652 2825; x_wconf 83' lang='grc' dir='ltr'>βασιλέως,</span> <span class='ocrx_word' id='word_1_453' title='bbox 3711 2750 3801 2804; x_wconf 87' lang='grc' dir='ltr'>καὶ</span> 
     </span>
    </p>
   </div>
   <div class='ocr_carea' id='block_1_82' title="bbox 2147 2835 3800 2915">
    <p class='ocr_par' dir='ltr' id='par_1_82' title="bbox 2147 2835 3800 2915">
     <span class='ocr_line' id='line_1_82' title="bbox 2147 2835 3800 2915; baseline 0.001 -20"><span class='ocrx_word' id='word_1_454' title='bbox 2147 2841 2501 2914; x_wconf 71' lang='grc' dir='ltr'>Ἀντιπάτρου</span> <span class='ocrx_word' id='word_1_455' title='bbox 2561 2838 2832 2915; x_wconf 83' lang='grc' dir='ltr'>ἄρχοντος</span> <span class='ocrx_word' id='word_1_456' title='bbox 2883 2837 3141 2914; x_wconf 72' lang='grc' dir='ltr'>Ἀχαίας,</span> <span class='ocrx_word' id='word_1_457' title='bbox 3173 2835 3541 2915; x_wconf 74' lang='grc' dir='ltr'>πρεσϐύτερος</span> <span class='ocrx_word' id='word_1_458' title='bbox 3582 2848 3683 2911; x_wconf 88' lang='grc' dir='ltr'>τῆς</span> <span class='ocrx_word' id='word_1_459' title='bbox 3716 2840 3800 2896; x_wconf 79' lang='grc' dir='ltr'>έκ-</span> 
     </span>
    </p>
   </div>
   <div class='ocr_carea' id='block_1_83' title="bbox 2144 2928 3805 3006">
    <p class='ocr_par' dir='ltr' id='par_1_83' title="bbox 2144 2928 3805 3006">
     <span class='ocr_line' id='line_1_83' title="bbox 2144 2928 3805 3006; baseline 0.002 -23"><span class='ocrx_word' id='word_1_460' title='bbox 2144 2928 2400 3000; x_wconf 87' lang='grc' dir='ltr'>κλησίας.</span> <span class='ocrx_word' id='word_1_461' title='bbox 2463 2929 2610 2986; x_wconf 84' lang='grc' dir='ltr'>Κατᾶ</span> <span class='ocrx_word' id='word_1_462' title='bbox 2666 2929 2758 2982; x_wconf 86' lang='grc' dir='ltr'>οὗν</span> <span class='ocrx_word' id='word_1_463' title='bbox 2813 2931 2914 2999; x_wconf 76' lang='grc' dir='ltr'>τήν</span> <span class='ocrx_word' id='word_1_464' title='bbox 2973 2928 3185 3003; x_wconf 79' lang='grc' dir='ltr'>ἡμέραν</span> <span class='ocrx_word' id='word_1_465' title='bbox 3241 2934 3348 2984; x_wconf 83' lang='grc' dir='ltr'>τῶν</span> <span class='ocrx_word' id='word_1_466' title='bbox 3383 2932 3621 3004; x_wconf 77' lang='grc' dir='ltr'>Χριστοῦ</span> <span class='ocrx_word' id='word_1_467' title='bbox 3652 2952 3805 3006; x_wconf 89' lang='grc' dir='ltr'>γενε-</span> 
     </span>
    </p>
   </div>
   <div class='ocr_carea' id='block_1_84' title="bbox 2145 3017 3806 3093">
    <p class='ocr_par' dir='ltr' id='par_1_84' title="bbox 2145 3017 3806 3093">
     <span class='ocr_line' id='line_1_84' title="bbox 2145 3017 3806 3093; baseline 0.001 -19"><span class='ocrx_word' id='word_1_468' title='bbox 2145 3019 2312 3074; x_wconf 88' lang='grc' dir='ltr'>θλίων</span> <span class='ocrx_word' id='word_1_469' title='bbox 2340 3023 2436 3073; x_wconf 81' lang='grc' dir='ltr'>τοῦ</span> <span class='ocrx_word' id='word_1_470' title='bbox 2469 3020 2833 3093; x_wconf 72' lang='grc' dir='ltr'>Ἀντιπάτρου</span> <span class='ocrx_word' id='word_1_471' title='bbox 2859 3019 2934 3081; x_wconf 81' lang='grc' dir='ltr'>εἷς</span> <span class='ocrx_word' id='word_1_472' title='bbox 2990 3019 3088 3088; x_wconf 76' lang='grc' dir='ltr'>τὴν</span> <span class='ocrx_word' id='word_1_473' title='bbox 3137 3017 3430 3090; x_wconf 80' lang='grc' dir='ltr'>ἐκκλησίαν</span> <span class='ocrx_word' id='word_1_474' title='bbox 3467 3018 3806 3084; x_wconf 85' lang='grc' dir='ltr'>ἀπελθόντος</span> 
     </span>
    </p>
   </div>
   <div class='ocr_carea' id='block_1_85' title="bbox 2143 3107 3792 3183">
    <p class='ocr_par' dir='ltr' id='par_1_85' title="bbox 2143 3107 3792 3183">
     <span class='ocr_line' id='line_1_85' title="bbox 2143 3107 3792 3183; baseline -0.001 -19"><span class='ocrx_word' id='word_1_475' title='bbox 2143 3108 2270 3171; x_wconf 75' lang='grc' dir='ltr'>τοὺς</span> <span class='ocrx_word' id='word_1_476' title='bbox 2300 3107 2658 3181; x_wconf 80' lang='grc' dir='ltr'>Χριστιανοὺς</span> <span class='ocrx_word' id='word_1_477' title='bbox 2699 3115 2990 3183; x_wconf 90' lang='grc' dir='ltr'>κρατῆσαι,</span> <span class='ocrx_word' id='word_1_478' title='bbox 3047 3109 3206 3172; x_wconf 84' lang='grc' dir='ltr'>αὐτὸς</span> <span class='ocrx_word' id='word_1_479' title='bbox 3269 3107 3443 3180; x_wconf 85' lang='grc' dir='ltr'>ζήλου</span> <span class='ocrx_word' id='word_1_480' title='bbox 3499 3108 3792 3181; x_wconf 77' lang='grc' dir='ltr'>πλησθεές,</span> 
     </span>
    </p>
   </div>
   <div class='ocr_carea' id='block_1_86' title="bbox 2685 3197 3802 3273">
    <p class='ocr_par' dir='ltr' id='par_1_86' title="bbox 2685 3197 3802 3273">
     <span class='ocr_line' id='line_1_86' title="bbox 2685 3197 3802 3273; baseline 0.001 -21"><span class='ocrx_word' id='word_1_481' title='bbox 2685 3198 2780 3252; x_wconf 87' lang='grc' dir='ltr'>Διὸ</span> <span class='ocrx_word' id='word_1_482' title='bbox 2835 3199 3182 3273; x_wconf 80' lang='grc' dir='ltr'>κρεμασθεῖς,</span> <span class='ocrx_word' id='word_1_483' title='bbox 3271 3197 3488 3272; x_wconf 80' lang='grc' dir='ltr'>ἐξέσθη.</span> <span class='ocrx_word' id='word_1_484' title='bbox 3549 3201 3678 3256; x_wconf 76' lang='grc' dir='ltr'>Εἶτα</span> <span class='ocrx_word' id='word_1_485' title='bbox 3727 3201 3802 3262; x_wconf 87' lang='grc' dir='ltr'>εἰς</span> 
     </span>
    </p>
   </div>
   <div class='ocr_carea' id='block_1_87' title="bbox 2143 3281 3799 3363">
    <p class='ocr_par' dir='ltr' id='par_1_87' title="bbox 2143 3281 3799 3363">
     <span class='ocr_line' id='line_1_87' title="bbox 2143 3281 3799 3363; baseline 0.001 -21"><span class='ocrx_word' id='word_1_486' title='bbox 2143 3289 2375 3361; x_wconf 87' lang='grc' dir='ltr'>κάμινον</span> <span class='ocrx_word' id='word_1_487' title='bbox 2438 3281 2734 3358; x_wconf 80' lang='grc' dir='ltr'>ἐνεϐλήθη.</span> <span class='ocrx_word' id='word_1_488' title='bbox 2791 3290 2853 3345; x_wconf 86' lang='grc' dir='ltr'><strong><em>Ἡ</em></strong></span> <span class='ocrx_word' id='word_1_489' title='bbox 2913 3285 2970 3342; x_wconf 69' lang='grc' dir='ltr'>δὲ</span> <span class='ocrx_word' id='word_1_490' title='bbox 3030 3287 3261 3360; x_wconf 78' lang='grc' dir='ltr'>κάμινος</span> <span class='ocrx_word' id='word_1_491' title='bbox 3317 3289 3406 3343; x_wconf 85' lang='grc' dir='ltr'>τὸν</span> <span class='ocrx_word' id='word_1_492' title='bbox 3493 3289 3586 3360; x_wconf 60' lang='grc' dir='ltr'>μὶν</span> <span class='ocrx_word' id='word_1_493' title='bbox 3650 3291 3799 3363; x_wconf 84' lang='grc' dir='ltr'>ἅγιον</span> 
     </span>
    </p>
   </div>
   <div class='ocr_carea' id='block_1_88' title="bbox 2143 3371 3799 3454">
    <p class='ocr_par' dir='ltr' id='par_1_88' title="bbox 2143 3371 3799 3454">
     <span class='ocr_line' id='line_1_88' title="bbox 2143 3371 3799 3454; baseline 0.002 -23"><span class='ocrx_word' id='word_1_494' title='bbox 2143 3376 2402 3454; x_wconf 75' lang='grc' dir='ltr'>ἐφύλαξεν</span> <span class='ocrx_word' id='word_1_495' title='bbox 2465 3371 2706 3439; x_wconf 70' lang='grc' dir='ltr'>ἀϐλαϐῆ·</span> <span class='ocrx_word' id='word_1_496' title='bbox 2767 3376 2895 3439; x_wconf 82' lang='grc' dir='ltr'>τοὺς</span> <span class='ocrx_word' id='word_1_497' title='bbox 2953 3374 3012 3431; x_wconf 75' lang='grc' dir='ltr'>δὲ</span> <span class='ocrx_word' id='word_1_498' title='bbox 3076 3379 3198 3454; x_wconf 84' lang='grc' dir='ltr'>περὶ</span> <span class='ocrx_word' id='word_1_499' title='bbox 3255 3377 3422 3447; x_wconf 73' lang='grc' dir='ltr'>αὐτὴν</span> <span class='ocrx_word' id='word_1_500' title='bbox 3479 3375 3799 3451; x_wconf 69' lang='grc' dir='ltr'>κατέφλεξεν</span> 
     </span>
    </p>
   </div>
   <div class='ocr_carea' id='block_1_89' title="bbox 2142 3463 3804 3540">
    <p class='ocr_par' dir='ltr' id='par_1_89' title="bbox 2142 3463 3804 3540">
     <span class='ocr_line' id='line_1_89' title="bbox 2142 3463 3804 3540; baseline 0.002 -20"><span class='ocrx_word' id='word_1_501' title='bbox 2142 3463 2338 3540; x_wconf 75' lang='grc' dir='ltr'>ἄνδρας</span> <span class='ocrx_word' id='word_1_502' title='bbox 2382 3469 2490 3521; x_wconf 80' lang='grc' dir='ltr'>τῶν</span> <span class='ocrx_word' id='word_1_503' title='bbox 2547 3467 2909 3540; x_wconf 87' lang='grc' dir='ltr'>παρεστώτων</span> <span class='ocrx_word' id='word_1_504' title='bbox 2968 3467 3157 3522; x_wconf 71' lang='grc' dir='ltr'>ἑκατὸν</span> <span class='ocrx_word' id='word_1_505' title='bbox 3213 3469 3572 3538; x_wconf 82' lang='grc' dir='ltr'>πεντήκοντα.</span> <span class='ocrx_word' id='word_1_506' title='bbox 3622 3469 3684 3525; x_wconf 81' lang='grc' dir='ltr'><strong>Ὀ</strong></span> <span class='ocrx_word' id='word_1_507' title='bbox 3747 3466 3804 3523; x_wconf 75' lang='grc' dir='ltr'>δὲ</span> 
     </span>
    </p>
   </div>
   <div class='ocr_carea' id='block_1_90' title="bbox 2144 3555 3803 3631">
    <p class='ocr_par' dir='ltr' id='par_1_90' title="bbox 2144 3555 3803 3631">
     <span class='ocr_line' id='line_1_90' title="bbox 2144 3555 3803 3631; baseline 0.001 -21"><span class='ocrx_word' id='word_1_508' title='bbox 2144 3556 2299 3631; x_wconf 78' lang='grc' dir='ltr'>ἅγιος</span> <span class='ocrx_word' id='word_1_509' title='bbox 2333 3555 2498 3610; x_wconf 79' lang='grc' dir='ltr'>πάλιν</span> <span class='ocrx_word' id='word_1_510' title='bbox 2559 3556 2912 3631; x_wconf 74' lang='grc' dir='ltr'>ἀναγκασθεὶς</span> <span class='ocrx_word' id='word_1_511' title='bbox 2972 3560 3125 3620; x_wconf 79' lang='grc' dir='ltr'>θῦσαι</span> <span class='ocrx_word' id='word_1_512' title='bbox 3185 3563 3305 3620; x_wconf 81' lang='grc' dir='ltr'>τοῖς</span> <span class='ocrx_word' id='word_1_513' title='bbox 3375 3555 3654 3629; x_wconf 82' lang='grc' dir='ltr'>εἰδώλοις,</span> <span class='ocrx_word' id='word_1_514' title='bbox 3712 3561 3803 3613; x_wconf 86' lang='grc' dir='ltr'>καὶ</span> 
     </span>
    </p>
   </div>
   <div class='ocr_carea' id='block_1_91' title="bbox 2149 3647 3803 3725">
    <p class='ocr_par' dir='ltr' id='par_1_91' title="bbox 2149 3647 3803 3725">
     <span class='ocr_line' id='line_1_91' title="bbox 2149 3647 3803 3725; baseline 0.002 -22"><span class='ocrx_word' id='word_1_515' title='bbox 2149 3650 2226 3722; x_wconf 75' lang='grc' dir='ltr'>μὴ</span> <span class='ocrx_word' id='word_1_516' title='bbox 2258 3649 2516 3718; x_wconf 79' lang='grc' dir='ltr'>πεισθεὶς,</span> <span class='ocrx_word' id='word_1_517' title='bbox 2550 3649 2960 3725; x_wconf 83' lang='grc' dir='ltr'>λωροτομεῖται</span> <span class='ocrx_word' id='word_1_518' title='bbox 2992 3647 3099 3704; x_wconf 83' lang='grc' dir='ltr'>ἄπὸ</span> <span class='ocrx_word' id='word_1_519' title='bbox 3155 3655 3265 3704; x_wconf 82' lang='grc' dir='ltr'>τῶν</span> <span class='ocrx_word' id='word_1_520' title='bbox 3321 3648 3491 3724; x_wconf 83' lang='grc' dir='ltr'>ὣμων</span> <span class='ocrx_word' id='word_1_521' title='bbox 3529 3649 3635 3714; x_wconf 74' lang='grc' dir='ltr'>ἓως</span> <span class='ocrx_word' id='word_1_522' title='bbox 3693 3657 3803 3707; x_wconf 81' lang='grc' dir='ltr'>τῶν</span> 
     </span>
    </p>
   </div>
   <div class='ocr_carea' id='block_1_92' title="bbox 2145 3733 3800 3815">
    <p class='ocr_par' dir='ltr' id='par_1_92' title="bbox 2145 3733 3800 3815">
     <span class='ocr_line' id='line_1_92' title="bbox 2145 3733 3800 3815; baseline 0.003 -23"><span class='ocrx_word' id='word_1_523' title='bbox 2145 3736 2352 3794; x_wconf 78' lang='grc' dir='ltr'>ποδῶν.</span> <span class='ocrx_word' id='word_1_524' title='bbox 2388 3739 2473 3812; x_wconf 78' lang='grc' dir='ltr'>Ἐξ</span> <span class='ocrx_word' id='word_1_525' title='bbox 2521 3739 2596 3793; x_wconf 80' lang='grc' dir='ltr'>ὧν</span> <span class='ocrx_word' id='word_1_526' title='bbox 2655 3733 2840 3793; x_wconf 84' lang='grc' dir='ltr'>λαϐὼν</span> <span class='ocrx_word' id='word_1_527' title='bbox 2898 3735 2951 3793; x_wconf 72' lang='grc' dir='ltr'>ἓν</span> <span class='ocrx_word' id='word_1_528' title='bbox 3014 3737 3218 3812; x_wconf 82' lang='grc' dir='ltr'>λῶρον,</span> <span class='ocrx_word' id='word_1_529' title='bbox 3280 3739 3356 3802; x_wconf 81' lang='grc' dir='ltr'>είς</span> <span class='ocrx_word' id='word_1_530' title='bbox 3404 3741 3467 3794; x_wconf 88' lang='grc' dir='ltr'>τὸ</span> <span class='ocrx_word' id='word_1_531' title='bbox 3507 3741 3800 3815; x_wconf 87' lang='grc' dir='ltr'>πρόσωπον</span> 
     </span>
    </p>
   </div>
   <div class='ocr_carea' id='block_1_93' title="bbox 2144 3827 3802 3898">
    <p class='ocr_par' dir='ltr' id='par_1_93' title="bbox 2144 3827 3802 3898">
     <span class='ocr_line' id='line_1_93' title="bbox 2144 3827 3802 3898; baseline 0.002 -16"><span class='ocrx_word' id='word_1_532' title='bbox 2144 3832 2242 3882; x_wconf 82' lang='grc' dir='ltr'>τοῦ</span> <span class='ocrx_word' id='word_1_533' title='bbox 2302 3828 2608 3882; x_wconf 83' lang='grc' dir='ltr'>ἀνθυπάτου</span> <span class='ocrx_word' id='word_1_534' title='bbox 2664 3827 2966 3896; x_wconf 81' lang='grc' dir='ltr'>ἠκόντισεν.</span> <span class='ocrx_word' id='word_1_535' title='bbox 3029 3828 3160 3882; x_wconf 76' lang='grc' dir='ltr'>Εἶτα</span> <span class='ocrx_word' id='word_1_536' title='bbox 3236 3827 3406 3898; x_wconf 79' lang='grc' dir='ltr'>ξέεται</span> <span class='ocrx_word' id='word_1_537' title='bbox 3462 3830 3559 3890; x_wconf 74' lang='grc' dir='ltr'>τὰς</span> <span class='ocrx_word' id='word_1_538' title='bbox 3639 3829 3802 3884; x_wconf 84' lang='grc' dir='ltr'>ἐκδα-</span> 
     </span>
    </p>
   </div>
   <div class='ocr_carea' id='block_1_94' title="bbox 2150 3913 3800 3992">
    <p class='ocr_par' dir='ltr' id='par_1_94' title="bbox 2150 3913 3800 3992">
     <span class='ocr_line' id='line_1_94' title="bbox 2150 3913 3800 3992; baseline 0 -21"><span class='ocrx_word' id='word_1_539' title='bbox 2150 3917 2330 3992; x_wconf 89' lang='grc' dir='ltr'>ρείσας</span> <span class='ocrx_word' id='word_1_540' title='bbox 2359 3916 2577 3992; x_wconf 81' lang='grc' dir='ltr'>σάρκας.</span> <span class='ocrx_word' id='word_1_541' title='bbox 2637 3914 2743 3970; x_wconf 85' lang='grc' dir='ltr'>Καὶ</span> <span class='ocrx_word' id='word_1_542' title='bbox 2803 3913 2934 3969; x_wconf 75' lang='grc' dir='ltr'>ἰδὼν</span> <span class='ocrx_word' id='word_1_543' title='bbox 2988 3915 3148 3969; x_wconf 83' lang='grc' dir='ltr'>αὐτὸν</span> <span class='ocrx_word' id='word_1_544' title='bbox 3209 3916 3236 3967; x_wconf 86' lang='grc' dir='ltr'><strong>ὁ</strong></span> <span class='ocrx_word' id='word_1_545' title='bbox 3289 3914 3652 3988; x_wconf 84' lang='grc' dir='ltr'>Ἀντίπατρος</span> <span class='ocrx_word' id='word_1_546' title='bbox 3709 3921 3800 3971; x_wconf 83' lang='grc' dir='ltr'>καί</span> 
     </span>
    </p>
   </div>
   <div class='ocr_carea' id='block_1_95' title="bbox 2151 4001 3803 4079">
    <p class='ocr_par' dir='ltr' id='par_1_95' title="bbox 2151 4001 3803 4079">
     <span class='ocr_line' id='line_1_95' title="bbox 2151 4001 3803 4079; baseline -0.001 -20"><span class='ocrx_word' id='word_1_547' title='bbox 2151 4003 2423 4079; x_wconf 76' lang='grc' dir='ltr'>αἶ’σχύνης</span> <span class='ocrx_word' id='word_1_548' title='bbox 2452 4003 2787 4077; x_wconf 80' lang='grc' dir='ltr'>πληρωθεὶς,</span> <span class='ocrx_word' id='word_1_549' title='bbox 2820 4001 3030 4057; x_wconf 78' lang='grc' dir='ltr'>ἀνεῖλεν</span> <span class='ocrx_word' id='word_1_550' title='bbox 3090 4001 3249 4056; x_wconf 79' lang='grc' dir='ltr'>αὐτὸν</span> <span class='ocrx_word' id='word_1_551' title='bbox 3303 4001 3532 4063; x_wconf 87' lang='grc' dir='ltr'>οἰκείαις</span> <span class='ocrx_word' id='word_1_552' title='bbox 3589 4005 3803 4078; x_wconf 78' lang='grc' dir='ltr'>χερσίν.</span> 
     </span>
    </p>
   </div>
   <div class='ocr_carea' id='block_1_96' title="bbox 2151 4089 3812 4168">
    <p class='ocr_par' dir='ltr' id='par_1_96' title="bbox 2151 4089 3812 4168">
     <span class='ocr_line' id='line_1_96' title="bbox 2151 4089 3812 4168; baseline -0.004 -16"><span class='ocrx_word' id='word_1_553' title='bbox 2151 4095 2214 4152; x_wconf 90' lang='grc' dir='ltr'>Ὁ</span> <span class='ocrx_word' id='word_1_554' title='bbox 2248 4091 2305 4147; x_wconf 78' lang='grc' dir='ltr'>δὲ</span> <span class='ocrx_word' id='word_1_555' title='bbox 2338 4093 2537 4148; x_wconf 81' lang='grc' dir='ltr'>ἐκεῖθεν</span> <span class='ocrx_word' id='word_1_556' title='bbox 2571 4090 2622 4146; x_wconf 81' lang='grc' dir='ltr'>ἐν</span> <span class='ocrx_word' id='word_1_557' title='bbox 2657 4091 2874 4162; x_wconf 86' lang='grc' dir='ltr'>Κυζίκῳ</span> <span class='ocrx_word' id='word_1_558' title='bbox 2927 4090 3142 4164; x_wconf 82' lang='grc' dir='ltr'>ἀχθεὶς,</span> <span class='ocrx_word' id='word_1_559' title='bbox 3200 4089 3291 4144; x_wconf 89' lang='grc' dir='ltr'>καὶ</span> <span class='ocrx_word' id='word_1_560' title='bbox 3321 4091 3469 4168; x_wconf 84' lang='grc' dir='ltr'>παρᾶ</span> <span class='ocrx_word' id='word_1_561' title='bbox 3513 4096 3613 4146; x_wconf 79' lang='grc' dir='ltr'>τοῦ</span> <span class='ocrx_word' id='word_1_562' title='bbox 3645 4094 3812 4150; x_wconf 85' lang='grc' dir='ltr'>Ἀνθ-</span> 
     </span>
    </p>
   </div>
   <div class='ocr_carea' id='block_1_97' title="bbox 2153 4175 3810 4258">
    <p class='ocr_par' dir='ltr' id='par_1_97' title="bbox 2153 4175 3810 4258">
     <span class='ocr_line' id='line_1_97' title="bbox 2153 4175 3810 4258; baseline -0.001 -21"><span class='ocrx_word' id='word_1_563' title='bbox 2153 4181 2361 4237; x_wconf 83' lang='grc' dir='ltr'>υπάτου</span> <span class='ocrx_word' id='word_1_564' title='bbox 2393 4179 2664 4258; x_wconf 73' lang='grc' dir='ltr'>ἀπόφασιν</span> <span class='ocrx_word' id='word_1_565' title='bbox 2721 4181 2821 4248; x_wconf 81' lang='grc' dir='ltr'>τήν</span> <span class='ocrx_word' id='word_1_566' title='bbox 2885 4176 2973 4234; x_wconf 71' lang='grc' dir='ltr'>διὰ</span> <span class='ocrx_word' id='word_1_567' title='bbox 3028 4177 3126 4234; x_wconf 74' lang='grc' dir='ltr'>τοῖ’)</span> <span class='ocrx_word' id='word_1_568' title='bbox 3207 4179 3396 4258; x_wconf 71' lang='grc' dir='ltr'>ξίφους</span> <span class='ocrx_word' id='word_1_569' title='bbox 3455 4175 3664 4250; x_wconf 83' lang='grc' dir='ltr'>λαϐὼν,</span> <span class='ocrx_word' id='word_1_570' title='bbox 3719 4183 3810 4236; x_wconf 87' lang='grc' dir='ltr'>τὸν</span> 
     </span>
    </p>
   </div>
   <div class='ocr_carea' id='block_1_98' title="bbox 2153 4269 2628 4346">
    <p class='ocr_par' dir='ltr' id='par_1_98' title="bbox 2153 4269 2628 4346">
     <span class='ocr_line' id='line_1_98' title="bbox 2153 4269 2628 4346; baseline -0.008 -19"><span class='ocrx_word' id='word_1_571' title='bbox 2153 4271 2357 4346; x_wconf 77' lang='grc' dir='ltr'>αὐχένα</span> <span class='ocrx_word' id='word_1_572' title='bbox 2393 4269 2628 4343; x_wconf 79' lang='grc' dir='ltr'>ἐτμήθη.</span> 
     </span>
    </p>
   </div>
   <div class='ocr_carea' id='block_1_99' title="bbox 2713 4368 3263 4448">
    <p class='ocr_par' dir='ltr' id='par_1_99' title="bbox 2713 4368 3263 4448">
     <span class='ocr_line' id='line_1_99' title="bbox 2713 4368 3263 4448; baseline 0 -24"><span class='ocrx_word' id='word_1_573' title='bbox 2713 4368 2900 4425; x_wconf 89' lang='lat' dir='ltr'>MHNI</span> <span class='ocrx_word' id='word_1_574' title='bbox 2938 4372 3022 4448; x_wconf 74' lang='grc' dir='ltr'>τᾳ</span> <span class='ocrx_word' id='word_1_575' title='bbox 3061 4369 3263 4448; x_wconf 80' lang='grc' dir='ltr'><strong>ΛΥΊᾮ.</strong></span> 
     </span>
    </p>
   </div>
   <div class='ocr_carea' id='block_1_100' title="bbox 2955 4458 3030 4514">
    <p class='ocr_par' dir='ltr' id='par_1_100' title="bbox 2955 4458 3030 4514">
     <span class='ocr_line' id='line_1_100' title="bbox 2955 4458 3030 4514; baseline 0.013 -1"><span class='ocrx_word' id='word_1_576' title='bbox 2955 4458 3030 4514; x_wconf 84' lang='grc' dir='ltr'>ΙΖ’</span> 
     </span>
    </p>
   </div>
   <div class='ocr_carea' id='block_1_101' title="bbox 2229 4545 3744 4622">
    <p class='ocr_par' dir='ltr' id='par_1_101' title="bbox 2229 4545 3744 4622">
     <span class='ocr_line' id='line_1_101' title="bbox 2229 4545 3744 4622; baseline -0.003 -18"><span class='ocrx_word' id='word_1_577' title='bbox 2229 4547 2500 4622; x_wconf 70' lang='grc' dir='ltr'>νΔθλησις</span> <span class='ocrx_word' id='word_1_578' title='bbox 2531 4551 2630 4602; x_wconf 77' lang='grc' dir='ltr'>τοῦ</span> <span class='ocrx_word' id='word_1_579' title='bbox 2660 4546 2820 4622; x_wconf 83' lang='grc' dir='ltr'>ἁγίου</span> <span class='ocrx_word' id='word_1_580' title='bbox 2857 4545 3424 4622; x_wconf 32' lang='grc' dir='ltr'>μάρτυροςλΠαόλου,</span> <span class='ocrx_word' id='word_1_581' title='bbox 3464 4545 3554 4601; x_wconf 82' lang='grc' dir='ltr'>καὶ</span> <span class='ocrx_word' id='word_1_582' title='bbox 3605 4547 3744 4603; x_wconf 72' lang='grc' dir='ltr'>Ἰου-</span> 
     </span>
    </p>
   </div>
   <div class='ocr_carea' id='block_1_102' title="bbox 2481 4615 3490 4690">
    <p class='ocr_par' dir='ltr' id='par_1_102' title="bbox 2481 4615 3490 4690">
     <span class='ocr_line' id='line_1_102' title="bbox 2481 4615 3490 4690; baseline 0.002 -16"><span class='ocrx_word' id='word_1_583' title='bbox 2481 4618 2677 4690; x_wconf 87' lang='grc' dir='ltr'>λιανῆς</span> <span class='ocrx_word' id='word_1_584' title='bbox 2705 4615 2795 4674; x_wconf 75' lang='grc' dir='ltr'>καὶ</span> <span class='ocrx_word' id='word_1_585' title='bbox 2848 4615 2950 4690; x_wconf 72' lang='grc' dir='ltr'>τῆς</span> <span class='ocrx_word' id='word_1_586' title='bbox 3003 4615 3258 4681; x_wconf 81' lang='grc' dir='ltr'>συνοδίας</span> <span class='ocrx_word' id='word_1_587' title='bbox 3290 4615 3490 4676; x_wconf 82' lang='grc' dir='ltr'>αὐτῶν.</span> 
     </span>
    </p>
   </div>
   <div class='ocr_carea' id='block_1_103' title="bbox 2232 4732 3813 4811">
    <p class='ocr_par' dir='ltr' id='par_1_103' title="bbox 2232 4732 3813 4811">
     <span class='ocr_line' id='line_1_103' title="bbox 2232 4732 3813 4811; baseline -0.005 -16"><span class='ocrx_word' id='word_1_588' title='bbox 2232 4737 2398 4796; x_wconf 79' lang='grc' dir='ltr'>Οὗτοι</span> <span class='ocrx_word' id='word_1_589' title='bbox 2434 4737 2687 4811; x_wconf 80' lang='grc' dir='ltr'>ὑπῆρχον</span> <span class='ocrx_word' id='word_1_590' title='bbox 2731 4734 2819 4790; x_wconf 80' lang='grc' dir='ltr'>ἐπὶ</span> <span class='ocrx_word' id='word_1_591' title='bbox 2879 4733 3230 4810; x_wconf 81' lang='grc' dir='ltr'>Αὐρηλιανοῦ</span> <span class='ocrx_word' id='word_1_592' title='bbox 3286 4739 3384 4790; x_wconf 79' lang='grc' dir='ltr'>τοῦ</span> <span class='ocrx_word' id='word_1_593' title='bbox 3439 4733 3709 4811; x_wconf 83' lang='grc' dir='ltr'>βασιλέως</span> <span class='ocrx_word' id='word_1_594' title='bbox 3761 4732 3813 4789; x_wconf 84' lang='grc' dir='ltr'>έν</span> 
     </span>
    </p>
   </div>
   <div class='ocr_carea' id='block_1_104' title="bbox 2157 4821 3817 4902">
    <p class='ocr_par' dir='ltr' id='par_1_104' title="bbox 2157 4821 3817 4902">
     <span class='ocr_line' id='line_1_104' title="bbox 2157 4821 3817 4902; baseline -0.004 -20"><span class='ocrx_word' id='word_1_595' title='bbox 2157 4830 2226 4902; x_wconf 81' lang='grc' dir='ltr'>τῇ</span> <span class='ocrx_word' id='word_1_596' title='bbox 2253 4825 2417 4882; x_wconf 88' lang='grc' dir='ltr'>πόλει</span> <span class='ocrx_word' id='word_1_597' title='bbox 2460 4823 2821 4898; x_wconf 75' lang='grc' dir='ltr'>Πτολεμαΐδι.</span> <span class='ocrx_word' id='word_1_598' title='bbox 2879 4826 3215 4900; x_wconf 82' lang='grc' dir='ltr'>Ἐτύγχανον</span> <span class='ocrx_word' id='word_1_599' title='bbox 3277 4821 3334 4878; x_wconf 72' lang='grc' dir='ltr'>δὲ</span> <span class='ocrx_word' id='word_1_600' title='bbox 3393 4821 3623 4900; x_wconf 79' lang='grc' dir='ltr'>ἀδελφοὶ</span> <span class='ocrx_word' id='word_1_601' title='bbox 3680 4822 3817 4878; x_wconf 80' lang='grc' dir='ltr'>κατὰ</span> 
     </span>
    </p>
   </div>
   <div class='ocr_carea' id='block_1_105' title="bbox 2160 4911 3814 4992">
    <p class='ocr_par' dir='ltr' id='par_1_105' title="bbox 2160 4911 3814 4992">
     <span class='ocr_line' id='line_1_105' title="bbox 2160 4911 3814 4992; baseline -0.003 -21"><span class='ocrx_word' id='word_1_602' title='bbox 2160 4919 2350 4992; x_wconf 82' lang='grc' dir='ltr'>σάρκα.</span> <span class='ocrx_word' id='word_1_603' title='bbox 2385 4917 2445 4973; x_wconf 82' lang='grc' dir='ltr'><strong>Ὀ</strong></span> <span class='ocrx_word' id='word_1_604' title='bbox 2477 4912 2534 4970; x_wconf 71' lang='grc' dir='ltr'>δὲ</span> <span class='ocrx_word' id='word_1_605' title='bbox 2587 4913 2804 4976; x_wconf 81' lang='grc' dir='ltr'>Παῦλος</span> <span class='ocrx_word' id='word_1_606' title='bbox 2855 4915 2952 4976; x_wconf 75' lang='grc' dir='ltr'>τὰς</span> <span class='ocrx_word' id='word_1_607' title='bbox 3013 4912 3405 4977; x_wconf 80' lang='grc' dir='ltr'>θεοπνεύστους</span> <span class='ocrx_word' id='word_1_608' title='bbox 3453 4911 3667 4990; x_wconf 80' lang='grc' dir='ltr'>Γραφάς</span> <span class='ocrx_word' id='word_1_609' title='bbox 3715 4932 3814 4985; x_wconf 87' lang='grc' dir='ltr'>με-</span> 
     </span>
    </p>
   </div>
   <div class='ocr_carea' id='block_1_106' title="bbox 2159 4999 3814 5076">
    <p class='ocr_par' dir='ltr' id='par_1_106' title="bbox 2159 4999 3814 5076">
     <span class='ocr_line' id='line_1_106' title="bbox 2159 4999 3814 5076; baseline -0.002 -16"><span class='ocrx_word' id='word_1_610' title='bbox 2159 5003 2415 5076; x_wconf 84' lang='grc' dir='ltr'>λετήσας,</span> <span class='ocrx_word' id='word_1_611' title='bbox 2479 5004 2834 5076; x_wconf 82' lang='grc' dir='ltr'>έπεστόμιζεν</span> <span class='ocrx_word' id='word_1_612' title='bbox 2895 5002 3192 5064; x_wconf 80' lang='grc' dir='ltr'>Ἰουδαίους</span> <span class='ocrx_word' id='word_1_613' title='bbox 3263 5023 3322 5056; x_wconf 89' lang='grc' dir='ltr'>τε</span> <span class='ocrx_word' id='word_1_614' title='bbox 3374 5001 3464 5054; x_wconf 85' lang='grc' dir='ltr'>καὶ</span> <span class='ocrx_word' id='word_1_615' title='bbox 3516 4999 3814 5071; x_wconf 84' lang='grc' dir='ltr'>Ἓλληνας.</span> 
     </span>
    </p>
   </div>
   <div class='ocr_carea' id='block_1_107' title="bbox 2161 5088 3814 5166">
    <p class='ocr_par' dir='ltr' id='par_1_107' title="bbox 2161 5088 3814 5166">
     <span class='ocr_line' id='line_1_107' title="bbox 2161 5088 3814 5166; baseline -0.005 -15"><span class='ocrx_word' id='word_1_616' title='bbox 2161 5091 2599 5166; x_wconf 80' lang='grc' dir='ltr'>Ἐπιδημήσαντι</span> <span class='ocrx_word' id='word_1_617' title='bbox 2635 5091 2693 5148; x_wconf 74' lang='grc' dir='ltr'>δὲ</span> <span class='ocrx_word' id='word_1_618' title='bbox 2720 5097 2788 5166; x_wconf 81' lang='grc' dir='ltr'>τῇ</span> <span class='ocrx_word' id='word_1_619' title='bbox 2821 5092 2982 5148; x_wconf 89' lang='grc' dir='ltr'>πόλει</span> <span class='ocrx_word' id='word_1_620' title='bbox 3037 5097 3116 5162; x_wconf 77' lang='grc' dir='ltr'>τῷ</span> <span class='ocrx_word' id='word_1_621' title='bbox 3177 5088 3415 5166; x_wconf 84' lang='grc' dir='ltr'>βασιλεῖ,</span> <span class='ocrx_word' id='word_1_622' title='bbox 3488 5091 3564 5162; x_wconf 79' lang='grc' dir='ltr'>μή</span> <span class='ocrx_word' id='word_1_623' title='bbox 3608 5088 3814 5161; x_wconf 84' lang='grc' dir='ltr'>λαθὼν,</span> 
     </span>
    </p>
   </div>
   <div class='ocr_carea' id='block_1_108' title="bbox 2157 5180 3814 5263">
    <p class='ocr_par' dir='ltr' id='par_1_108' title="bbox 2157 5180 3814 5263">
     <span class='ocr_line' id='line_1_108' title="bbox 2157 5180 3814 5263; baseline -0.003 -22"><span class='ocrx_word' id='word_1_624' title='bbox 2157 5187 2395 5263; x_wconf 79' lang='grc' dir='ltr'>παρέστη</span> <span class='ocrx_word' id='word_1_625' title='bbox 2453 5185 2619 5258; x_wconf 78' lang='grc' dir='ltr'>αὐτῷ.</span> <span class='ocrx_word' id='word_1_626' title='bbox 2677 5185 2774 5239; x_wconf 78' lang='grc' dir='ltr'>Καὶ</span> <span class='ocrx_word' id='word_1_627' title='bbox 2823 5183 2913 5238; x_wconf 77' lang='grc' dir='ltr'>τὸν</span> <span class='ocrx_word' id='word_1_628' title='bbox 2966 5182 3195 5256; x_wconf 81' lang='grc' dir='ltr'>Χριστὸν</span> <span class='ocrx_word' id='word_1_629' title='bbox 3252 5180 3630 5255; x_wconf 79' lang='grc' dir='ltr'>ὁμολογήσας,</span> <span class='ocrx_word' id='word_1_630' title='bbox 3681 5203 3814 5256; x_wconf 84' lang='grc' dir='ltr'>κρε-</span> 
     </span>
    </p>
   </div>
   <div class='ocr_carea' id='block_1_109' title="bbox 2160 5267 3811 5348">
    <p class='ocr_par' dir='ltr' id='par_1_109' title="bbox 2160 5267 3811 5348">
     <span class='ocr_line' id='line_1_109' title="bbox 2160 5267 3811 5348; baseline -0.003 -18"><span class='ocrx_word' id='word_1_631' title='bbox 2160 5276 2380 5348; x_wconf 81' lang='grc' dir='ltr'>μασθείς</span> <span class='ocrx_word' id='word_1_632' title='bbox 2441 5274 2632 5346; x_wconf 78' lang='grc' dir='ltr'>ξέεται.</span> <span class='ocrx_word' id='word_1_633' title='bbox 2688 5274 2785 5328; x_wconf 71' lang='lat' dir='ltr'>&quot;Ov</span> <span class='ocrx_word' id='word_1_634' title='bbox 2849 5269 3038 5325; x_wconf 71' lang='grc' dir='ltr'>ἰδοῦσα</span> <span class='ocrx_word' id='word_1_635' title='bbox 3093 5271 3126 5339; x_wconf 82' lang='grc' dir='ltr'>ἠ</span> <span class='ocrx_word' id='word_1_636' title='bbox 3218 5267 3451 5347; x_wconf 76' lang='grc' dir='ltr'>ἀδελφὴ,</span> <span class='ocrx_word' id='word_1_637' title='bbox 3511 5270 3600 5325; x_wconf 79' lang='grc' dir='ltr'>καὶ</span> <span class='ocrx_word' id='word_1_638' title='bbox 3647 5292 3811 5325; x_wconf 79' lang='grc' dir='ltr'>κατα-</span> 
     </span>
    </p>
   </div>
   <div class='ocr_carea' id='block_1_110' title="bbox 2156 5359 3811 5436">
    <p class='ocr_par' dir='ltr' id='par_1_110' title="bbox 2156 5359 3811 5436">
     <span class='ocr_line' id='line_1_110' title="bbox 2156 5359 3811 5436; baseline -0.003 -17"><span class='ocrx_word' id='word_1_639' title='bbox 2156 5361 2401 5435; x_wconf 78' lang='grc' dir='ltr'>ϐοήσασα</span> <span class='ocrx_word' id='word_1_640' title='bbox 2463 5367 2561 5418; x_wconf 75' lang='grc' dir='ltr'>τοῦ</span> <span class='ocrx_word' id='word_1_641' title='bbox 2619 5361 2904 5436; x_wconf 84' lang='grc' dir='ltr'>τυράννου,</span> <span class='ocrx_word' id='word_1_642' title='bbox 2991 5364 3267 5434; x_wconf 85' lang='grc' dir='ltr'>κρατεῖται</span> <span class='ocrx_word' id='word_1_643' title='bbox 3329 5360 3419 5414; x_wconf 81' lang='grc' dir='ltr'>καὶ</span> <span class='ocrx_word' id='word_1_644' title='bbox 3500 5359 3656 5431; x_wconf 81' lang='grc' dir='ltr'>αὐτή.</span> <span class='ocrx_word' id='word_1_645' title='bbox 3715 5362 3811 5414; x_wconf 78' lang='grc' dir='ltr'>Καὶ</span> 
     </span>
    </p>
   </div>
   <div class='ocr_carea' id='block_1_111' title="bbox 2153 5445 3810 5529">
    <p class='ocr_par' dir='ltr' id='par_1_111' title="bbox 2153 5445 3810 5529">
     <span class='ocr_line' id='line_1_111' title="bbox 2153 5445 3810 5529; baseline -0.004 -20"><span class='ocrx_word' id='word_1_646' title='bbox 2153 5455 2518 5529; x_wconf 79' lang='grc' dir='ltr'>κρεμασθεῖσα</span> <span class='ocrx_word' id='word_1_647' title='bbox 2603 5453 2793 5521; x_wconf 78' lang='grc' dir='ltr'>ξέεται,</span> <span class='ocrx_word' id='word_1_648' title='bbox 2881 5449 2971 5504; x_wconf 81' lang='grc' dir='ltr'>καὶ</span> <span class='ocrx_word' id='word_1_649' title='bbox 3057 5447 3110 5503; x_wconf 85' lang='grc' dir='ltr'>έν</span> <span class='ocrx_word' id='word_1_650' title='bbox 3173 5445 3369 5520; x_wconf 85' lang='grc' dir='ltr'>λέϐητι</span> <span class='ocrx_word' id='word_1_651' title='bbox 3423 5450 3558 5524; x_wconf 82' lang='grc' dir='ltr'>μετᾶ</span> <span class='ocrx_word' id='word_1_652' title='bbox 3612 5450 3810 5520; x_wconf 77' lang='grc' dir='ltr'>πίσσης</span> 
     </span>
    </p>
   </div>
   <div class='ocr_carea' id='block_1_112' title="bbox 2160 5534 3811 5619">
    <p class='ocr_par' dir='ltr' id='par_1_112' title="bbox 2160 5534 3811 5619">
     <span class='ocr_line' id='line_1_112' title="bbox 2160 5534 3811 5619; baseline -0.005 -21"><span class='ocrx_word' id='word_1_653' title='bbox 2160 5543 2745 5619; x_wconf 74' lang='grc' dir='ltr'>βράζοντιάμφότεροι</span> <span class='ocrx_word' id='word_1_654' title='bbox 2795 5534 3194 5612; x_wconf 81' lang='grc' dir='ltr'>ἐμϐάλλονται.</span> <span class='ocrx_word' id='word_1_655' title='bbox 3255 5540 3383 5594; x_wconf 72' lang='grc' dir='ltr'>Εἶτα</span> <span class='ocrx_word' id='word_1_656' title='bbox 3443 5542 3536 5613; x_wconf 80' lang='grc' dir='ltr'>μῆ·</span> <span class='ocrx_word' id='word_1_657' title='bbox 3581 5534 3811 5614; x_wconf 85' lang='grc' dir='ltr'>βλαϐέν-</span> 
     </span>
    </p>
   </div>
   <div class='ocr_carea' id='block_1_113' title="bbox 2152 5627 3813 5708">
    <p class='ocr_par' dir='ltr' id='par_1_113' title="bbox 2152 5627 3813 5708">
     <span class='ocr_line' id='line_1_113' title="bbox 2152 5627 3813 5708; baseline -0.004 -19"><span class='ocrx_word' id='word_1_658' title='bbox 2152 5632 2357 5700; x_wconf 75' lang='grc' dir='ltr'>τες,έπὶ</span> <span class='ocrx_word' id='word_1_659' title='bbox 2389 5627 2703 5708; x_wconf 84' lang='grc' dir='ltr'>κραϐϐάτου</span> <span class='ocrx_word' id='word_1_660' title='bbox 2755 5627 2985 5706; x_wconf 76' lang='grc' dir='ltr'>σιδηροῦ</span> <span class='ocrx_word' id='word_1_661' title='bbox 3037 5632 3540 5706; x_wconf 78' lang='grc' dir='ltr'>πεπυρακτωμένου</span> <span class='ocrx_word' id='word_1_662' title='bbox 3572 5629 3813 5685; x_wconf 79' lang='grc' dir='ltr'>ἀπλοῦν-</span> 
     </span>
    </p>
   </div>
   <div class='ocr_carea' id='block_1_114' title="bbox 2152 5715 3811 5796">
    <p class='ocr_par' dir='ltr' id='par_1_114' title="bbox 2152 5715 3811 5796">
     <span class='ocr_line' id='line_1_114' title="bbox 2152 5715 3811 5796; baseline -0.003 -18"><span class='ocrx_word' id='word_1_663' title='bbox 2152 5745 2261 5796; x_wconf 85' lang='grc' dir='ltr'>ται,</span> <span class='ocrx_word' id='word_1_664' title='bbox 2295 5722 2383 5778; x_wconf 86' lang='grc' dir='ltr'>καὶ</span> <span class='ocrx_word' id='word_1_665' title='bbox 2413 5724 2480 5776; x_wconf 78' lang='grc' dir='ltr'>τὰ</span> <span class='ocrx_word' id='word_1_666' title='bbox 2507 5720 2617 5795; x_wconf 75' lang='grc' dir='ltr'>ψόα</span> <span class='ocrx_word' id='word_1_667' title='bbox 2674 5721 2872 5775; x_wconf 82' lang='grc' dir='ltr'>ἄνωθεν</span> <span class='ocrx_word' id='word_1_668' title='bbox 2931 5718 3246 5776; x_wconf 55' lang='grc' dir='ltr'>τύπτοντας.</span> <span class='ocrx_word' id='word_1_669' title='bbox 3307 5722 3440 5778; x_wconf 77' lang='grc' dir='ltr'>Εἶτα</span> <span class='ocrx_word' id='word_1_670' title='bbox 3499 5715 3811 5791; x_wconf 74' lang='grc' dir='ltr'>έϐλήθησαν</span> 
     </span>
    </p>
   </div>
  </div>
