4128 6424
351 444 465 505 591

1635 414 2076 483 MENOLOGII
2121 411 2343 473 PARS.
2379 409 2480 469 Ill.

3650 400 3774 464 592

351 575 649 633 dederunt
676 571 748 628 ad
770 567 1019 643 gloriam
1044 561 1261 620 Christi
1287 560 1411 616 veri
1472 557 1572 615 Dei
1621 553 1836 624 nostri,
1894 565 1999 623 pro

2130 543 2268 599 μυκτὶ
2301 538 2628 605 ἀπελθόντες
2652 536 2852 616 κρύφα,
2907 535 3001 593 καὶ
3058 531 3383 607 ἀνελόμενοι
3447 534 3583 606 μετά
3631 530 3773 605 ψαλ-

2165 638 2192 643 ..
2362 631 2375 643 ι
2435 630 2462 643 u
2736 626 2747 643 1
3083 622 3107 643 ἢ
3145 623 3169 643 δ
3197 625 3208 643 1
3516 621 3530 642 9
3556 642 3559 643 ,
3620 618 3645 643 θ
3667 615 3706 643 'b
3736 642 3739 643 ,
3768 642 3771 643 ,

352 683 472 740 quo
505 661 855 734 martyrium
886 655 1165 713 alacriter
1195 652 1523 709 subierant.

922 968 1165 1025 EODEM
1186 963 1439 1021 MENSE.

918 1059 1020 1114 Die
1055 1055 1289 1112 decima
1317 1068 1479 1108 nona

425 1167 716 1222 Certamen
744 1158 925 1216 sancti
962 1157 1154 1240 magni
1181 1153 1446 1223 martyris
1471 1147 1709 1206 Andreae
1764 1151 1815 1200 et
1844 1159 1937 1200 so-

1068 1242 1296 1283 ciorum.

426 1368 665 1426 Exstitit
690 1367 809 1434 hic,
828 1362 1181 1420 Maximiano
1211 1359 1569 1430 imperante,
1603 1354 1720 1409 dux
1749 1351 2010 1406 militum

354 1461 418 1517 in
451 1459 690 1517 Oriente
718 1455 827 1511 sub
860 1449 1289 1521 Antiocho,qui
1320 1446 1502 1502 totius
1533 1441 1826 1499 exercitus
1857 1455 2012 1511 pras—

354 1552 647 1607 fecturam
679 1544 1152 1621 gerebat.ltaque
1184 1538 1255 1594 ab
1288 1554 1356 1592 eo
1379 1537 1506 1607 ipse
1528 1548 1663 1588 cum
1690 1530 1824 1587 aliis
1842 1528 2012 1583 duci-

357 1640 470 1696 bus
513 1637 736 1693 missus
791 1633 1075 1690 adversus
1128 1631 1361 1694 Persas,
1422 1623 1653 1679 Christo
1713 1621 2006 1686 invocato,

358 1732 571 1784 Persas
601 1723 956 1799 proﬂigavit,
987 1725 1046 1774 et
1096 1735 1167 1774 ex
1224 1716 1529 1787 insperata
1578 1709 1823 1766 victoria
1872 1723 2010 1763 suos

362 1796 803 1875 commilitones
842 1811 917 1867 ad
947 1808 1163 1864 Christi
1196 1806 1374 1862 ﬁdem
1408 1801 1650 1859 attraxit
1680 1817 1693 1854 :
1722 1799 1824 1871 qui
1854 1796 2012 1869 apud

362 1905 718 1963 Antiochum
746 1900 948 1969 delati,
982 1895 1229 1971 perinde
1260 1911 1327 1951 ac
1356 1893 1475 1985 rei,
1498 1895 1637 1947 ante
1674 1889 1847 1944 illum
1868 1902 2014 1943 con-
2042 1920 2091 1985 B

363 1997 683 2053 stiterunt:
717 1996 776 2047 et
805 1991 933 2062 ipse
966 1986 1209 2059 quidem
1243 1998 1423 2056 super
1450 1981 1644 2037 ferreo
1675 1979 1860 2052 ignito
1884 1990 2013 2049 gra-

364 2086 503 2142 bato
530 2083 833 2155 expositus
859 2079 1021 2151 ;ejus
1035 2092 1168 2132 vero
1194 2073 1338 2130 socii
1361 2071 1436 2128 ad
1452 2067 2020 2143 quadragintaligna

368 2173 649 2232 manibus
679 2171 925 2227 fuerunt
952 2165 1137 2223 afﬁxi.
1168 2168 1217 2221 A
1273 2163 1441 2219 mille
1501 2159 1714 2216 exinde
1771 2157 2018 2213 alterius

369 2262 624 2338 agminis
655 2258 969 2324 militibus,
994 2255 1246 2328 jubente
1274 2250 1585 2317 Antiocho,
1620 2265 1692 2303 ex
1728 2247 1892 2303 illius
1923 2261 2018 2300 re-

368 2336 563 2427 gionis
592 2348 809 2406 ﬁnibus
843 2350 982 2403 sunt
1007 2341 1322 2416 ejecti.Sed
1356 2341 1464 2395 hos
1486 2339 1665 2394 etiam
1687 2336 2020 2392 admonens

367 2426 630 2506 sanctus,
655 2437 731 2495 ad
760 2435 975 2493 Christi
1008 2433 1189 2490 ﬁdem
1220 2430 1502 2486 traduxit.
1534 2426 1703 2494 Quod
1723 2426 1824 2482 ubi
1848 2426 2023 2481 resci-

360 2533 445 2588 vit
472 2528 824 2597 Antiochus,
860 2526 1022 2597 ipsos
1074 2538 1210 2578 cum
1244 2520 1370 2576 suis
1406 2522 1777 2591 persecutus,
1812 2531 2020 2571 omnes

361 2620 558 2694 gladio
590 2614 986 2680 obtruncavit,
1020 2625 1275 2684 quorum
1301 2613 1641 2681 postremus
1671 2607 1782 2662 fuit
1811 2605 2023 2679 glorio-

363 2710 639 2768 sissimus
668 2704 887 2764 Christi
911 2707 1137 2775 martyr
1165 2698 1435 2756 Andreas
1477 2697 1705 2754 athleta
1758 2694 2018 2752 celeber-

362 2802 575 2859 rimus.

435 3001 589 3059 209
621 3003 699 3055 Et
728 3003 1004 3054 certamen
1059 2994 1240 3078 sancti
1294 2992 1554 3061 martyris
1603 2990 1872 3045 Timothei
1901 2995 1953 3045 et

1051 3080 1346 3121 socwrum.

440 3201 745 3259 Gloriosus
798 3196 1014 3253 Christi
1074 3200 1300 3268 martyr
1355 3193 1701 3248 Timotheus
1757 3192 1821 3247 in
1879 3193 2025 3248 Gaza

2117 638 2235 708 μῶν
2288 631 2380 686 καὶ
2434 630 2619 704 ὕμνων
2686 615 2843 704 τάφῳ
2931 622 3375 702 παραδεδώκασιν
3411 666 3427 695 ,
3488 621 3563 684 εἷς
3617 615 3775 696 δόξαν

2115 725 2353 798 Χριστοῦ
2381 724 2479 776 τοῦ
2508 712 2777 791 ἀληθινοῦ
2820 720 2953 773 Θεοῦ
3011 717 3198 789 ἡμῶν,
3258 710 3330 768 δι’
3360 711 3420 767 ’όν
3477 711 3778 787 προθύμως

2118 810 2511 883 ἐτελειώθησαν
2522 853 2536 868 .

2678 943 2856 999 ΜΠΝΙ
2886 942 2979 998 ΤΩ
3011 939 3207 997 ΑΥΤΩ.

2906 1030 2986 1088 ΙΘ¹

2118 1132 2393 1205 ¹’Δθλησις
2451 1132 2548 1188 τοῦ
2608 1128 2791 1218 ἁγίου-
2823 1126 3310 1220 μεγαλομάρτυρος
3365 1123 3626 1200 Ἀνδρέου
3682 1123 3775 1180 καὶ

2723 1224 2832 1258 των
2865 1222 2957 1256 συν
2981 1221 3128 1272 αυτῳ
3143 1243 3155 1259 .

2191 1340 2361 1401 Οὗτος
2419 1339 2665 1413 ὑπῆρχεν
2747 1336 2834 1391 ἐπὶ
2883 1342 2981 1405 τῆς
3057 1332 3337 1411 βασιλείας
3406 1334 3774 1407 Μαξιμ.ιανοῦ⁹

2123 1427 2506 1502 στρατηλάτης
2536 1428 2587 1482 ἐν
2620 1430 2689 1501 τῇ
2720 1424 2963 1499 ἀνατολῇ
2998 1425 3157 1501 χώρᾳ
3187 1424 3293 1478 ὑπὸ
3347 1422 3641 1498 Ἀντιόχον
3671 1429 3773 1493 τῆς

2121 1516 2259 1588 ὅλης
2341 1518 2541 1590 τάξεως
2600 1518 3007 1592 στρατηγοῦντα
3040 1558 3052 1571 .
3110 1512 3473 1577 Ἀποσταλεὶς
3536 1510 3593 1568 δὲ
3646 1515 3777 1589 παρ’

2122 1605 2289 1662 αὐτοῦ
2325 1608 2438 1680 μεθ’
2497 1604 2695 1679 ἑτέρων
2745 1603 3134 1679 στρατηλατῶν
3184 1601 3320 1657 κατά
3363 1607 3469 1658 τῶν
3532 1606 3776 1679 Περσῶν,

2119 1695 2584 1768 ἐπικαλεσάμενος
2617 1696 2712 1750 τὸτ
2743 1692 2999 1770 Χριστὸν,
3053 1692 3181 1756 τοὺς
3228 1693 3437 1767 Πέρσας
3491 1691 3776 1768 ἐτρέψατο.

2122 1785 2224 1844 Καὶ
2256 1784 2344 1841 ἐπὶ
2374 1788 2444 1859 τῇ
2469 1783 2780 1856 ἀνελπίστῳ
2810 1781 2958 1851 νίκή.
2988 1779 3121 1845 τοὺς
3151 1779 3245 1835 σὺν
3304 1779 3453 1853 αῦτῷ
3507 1781 3645 1857 πρὸς
3676 1783 3775 1852 τὴν

2120 1878 2218 1928 τοῦ
2269 1874 2513 1947 Χριστοῦ
2593 1872 2775 1928 πίστιν
2833 1871 3213 1928 ἐπεσπάσατο.
3269 1864 3667 1940 Διαϐληθέντες
3722 1868 3781 1927 δὲ

2127 1964 2422 2039 Ἀντιόχῳ,
2472 1965 2811 2039 παρέστησαν
2866 1960 3013 2033 αῦτῷ
3069 1960 3143 2022 ὡς
3195 1956 3501 2017 κατᾶδικοι.
3546 1960 3649 2017 Καὶ
3683 1962 3778 2017 αὖ·

2125 2054 2217 2116 τὸς
2253 2054 2346 2127 μὶν
2377 2053 2466 2109 ἐπὶ
2496 2052 2692 2123 κλίνης
2734 2049 2960 2127 σιδηρᾶς
3020 2049 3362 2125 πυρωθείσης
3413 2047 3676 2122 ἡπλώθη.
3711 2052 3779 2109 Οἱ

2129 2140 2188 2197 δὲ
2244 2142 2339 2197 σὺν
2398 2143 2545 2214 αὐτῷ
2590 2144 2644 2196 ὲν
2698 2141 3062 2217 τετραγώνοις
3125 2136 3311 2209 ξύλοις
3370 2137 3776 2210 καθηλώθησαν

2127 2233 2222 2294 τὰς
2258 2238 2469 2309 χεῖρας.
2505 2233 2632 2288 Εἶτα
2663 2232 2766 2286 ὑπὸ
2799 2229 3003 2306 χιλίων
3035 2226 3230 2302 ἑτέρων
3287 2232 3651 2303 στρατιωτῶν,
3678 2232 3776 2283 τοῦ

2130 2323 2422 2398 Ἀντιόχου
2452 2321 2873 2398 προστάξαντος,
2903 2322 3011 2373 τῶν
3061 2318 3227 2391 ὁρίων
3253 2324 3354 2387 τῆς
3408 2318 3597 2392 χώρας
3628 2318 3774 2389 ἀπη-

2130 2418 2393 2487 λάθησαν.
2425 2411 2534 2474 Οὓς
2564 2411 2893 2480 νουθετήσας
2925 2409 2952 2463 ὁ
2976 2408 3154 2482 ἅγιος,
3185 2406 3322 2482 πρὸς
3372 2408 3471 2476 τήν
3527 2407 3602 2471 εἷς
3633 2408 3777 2483 Χρι-

2131 2508 2253 2562 στὸν
2291 2505 2564 2579 μὶτήγαγε
2598 2501 2804 2557 πίστιν.
2850 2497 2951 2553 Καὶ
3006 2501 3169 2552 τοῦτο
3215 2495 3376 2572 γνοὺς
3471 2496 3787 2573 Ἀντίοχος,

2129 2597 2217 2651 καὶ
2247 2591 2583 2666 καταδιώξας
2621 2591 2889 2664 μετὰτῶν
2952 2588 3042 2643 ὑπ’
3101 2585 3288 2657 αὐτὸν,
3345 2585 3547 2649 πάντας
3608 2587 3787 2642 ἀνεῖλε

2129 2691 2247 2748 τοῖς
2297 2685 2471 2758 ξίφεσι
2507 2724 2522 2739 .
2589 2680 2691 2738 Καὶ
2754 2675 2984 2753 ἔσχατον
3035 2675 3250 2732 πάντων
3308 2675 3401 2731 τὸν
3459 2674 3788 2749 πανένδοξον

2133 2778 2386 2850 μάρτυρα
2438 2775 2537 2828 τοῦ
2615 2771 2851 2845 Χριστοῦ
2937 2763 3194 2842 Ἀνδρέαν
3265 2768 3358 2823 τὸν
3404 2764 3458 2822 ἐν
3521 2767 3787 2841 ἀθληταῖς

2132 2862 2414 2938 ἀοίδιμον.

2134 2980 2231 3037 Καὶ
2264 2979 2494 3051 ἄθλησις
2545 2980 2644 3032 τοῦ
2699 2974 2859 3064 ἁγίου
2902 2973 3178 3066 μάρτυρος
3229 2970 3507 3046 Τιμοθέου
3564 2974 3791 3029 καὶτῶν

2811 3067 2904 3101 συν
2939 3065 3108 3118 αυτῳ.

2204 3184 2249 3238 Ο
2306 3174 2522 3249 ἔνδοξος
2566 3179 2665 3232 τοῦ
2715 3178 2956 3251 Χριστοῦ
3027 3192 3233 3248 μαρτυς
3281 3169 3547 3245 Τιμόθεος
3605 3172 3782 3246 ὑπῆρ-

367 3291 700 3348 Palaostinm
732 3288 967 3344 civitate
998 3290 1339 3353 natus,cum
1371 3282 1647 3338 doctrina
1665 3287 1723 3337 et
1750 3282 2018 3339 moribus

2134 3288 2228 3346 χεν
2263 3267 2322 3324 ἐκ
2380 3265 2764 3334 Παλαιστίνης,
2812 3263 2871 3319 ἐκ
2925 3262 3144 3324 πόλεως
3203 3260 3402 3331 Γάζης·
3462 3260 3565 3335 βίῳ
3605 3257 3782 3314 δὲκαὶ

366 3381 648 3438 omnibus
684 3384 842 3435 esset
880 3376 1148 3432 numeris
1180 3373 1511 3440 absolutus,
1543 3372 1853 3428 veritatem
1884 3373 2021 3429 edo-

369 3471 851 3527 cebat.Detentus
881 3468 1083 3538 itaque
1116 3464 1494 3520 stetitcoram
1518 3463 1678 3517 Gaza;
1708 3462 2023 3534 prtefecto;

366 3566 428 3618 et
480 3561 903 3633 interrogatus,
965 3572 1147 3626 seque
1201 3552 1606 3609 Christianum
1691 3552 2022 3622 confessus,

364 3649 580 3707 Christi
603 3646 1023 3715 oeconomiam,
1055 3644 1307 3715 ejusque
1337 3646 1583 3713 propter
1621 3657 1732 3697 nos
1762 3642 2023 3715 peregri-

363 3741 693 3805 nationem,
727 3741 787 3793 et
817 3733 1295 3791 incarnationem
1328 3730 1658 3804 theologice
1695 3748 2021 3803 exponens,

365 3828 664 3901 vapulavit
694 3824 1051 3882 crudeliter:
1087 3820 1436 3891 cunctisque
1468 3825 1903 3877 tormentorum
1923 3839 2018 3896 ge~

368 3917 614 3973 naribus
643 3919 912 3980 vexatus,
945 3929 1013 3968 ac
1037 3911 1204 3966 nullo
1243 3909 1420 3965 modo
1452 3909 1690 3978 cedens,
1751 3911 1873 3983 igni
1904 3916 2022 3968 tra-

367 4006 739 4073 ditus,ﬁnem
770 3999 1247 4073 accepit.Eadem
1280 3999 1396 4064 die,
1421 3998 1749 4070 eademque
1780 4000 1842 4055 in
1877 4002 2022 4057 urbe

367 4096 627 4169 Agapius
658 4092 974 4161 etThecla,
1030 4091 1131 4162 qui
1190 4090 1255 4145 in
1286 4105 1523 4144 carcere
1577 4088 2020 4159 detinebantur,

367 4187 527 4259 quod
558 4187 619 4242 in
652 4184 896 4241 nomine
954 4181 1172 4238 Christi
1226 4180 1531 4247 docerent,
1563 4180 1903 4253 multosque
1954 4200 2024 4238 ex

366 4276 713 4332 inﬁdelibus
743 4274 816 4329 ab
848 4288 1049 4330 errore
1080 4273 1459 4326 revocassent
1488 4269 1563 4324 ad
1593 4270 1930 4339 Dominum,
1966 4276 2026 4328 et

367 4367 755 4439 baptizarent,
790 4380 989 4419 coram
1045 4360 1324 4433 prmfecto
1382 4364 1665 4429 astantes,
1706 4376 1901 4431 neque
1960 4366 2025 4416 ut

368 4457 545 4513 idolis
577 4450 1264 4521 sacriﬁcarent,inducti,
1301 4448 1406 4504 sed
1439 4454 1660 4505 sartam
1685 4454 2023 4523 tectamque

366 4546 470 4601 Dei
502 4544 886 4601 dilectionem
919 4536 1472 4602 servantes,belluis
1504 4536 2021 4610 objecti,martyrii

367 4651 648 4692 coronam
677 4634 1032 4691 retulerunt.

935 4845 1177 4904 EODEM
1218 4843 1451 4900 MENSE
1513 4821 1517 4825 ’

998 4935 1101 4991 Die
1131 4933 1413 4990 vicesima

651 5029 914 5085 Memoria
941 5027 1119 5083 sancti
1142 5023 1433 5096 propheta:
1456 5022 1746 5079 Samuelis.

435 5145 672 5203 Samuel
703 5143 999 5216 gloriosus
1018 5147 1077 5197 et
1102 5156 1357 5212 magnus
1390 5139 1491 5193 Dei
1524 5139 1814 5211 propheta
1845 5140 1907 5195 in
1927 5141 2021 5197 Ju-

360 5237 492 5293 dma
521 5241 688 5292 ortus
721 5239 830 5303 est,
866 5248 938 5288 ex
971 5235 1173 5287 monte
1209 5228 1489 5299 Ephraim
1548 5227 1620 5282 de
1652 5227 1812 5283 tribu
1862 5230 2015 5296 Levi,

362 5325 524 5381 ﬁlius
544 5325 765 5382 Elcana
796 5326 855 5377 et
883 5322 1092 5377 Annae.
1114 5316 1379 5374 Habebat
1406 5320 1607 5371 autem
1638 5316 2016 5375 Elcanaduas

359 5428 594 5481 uxores,
629 5425 882 5483 quarum
939 5423 1062 5463 una
1088 5407 1279 5472 Anna,
1313 5403 1661 5460 Phaenanna
1691 5404 1883 5462 altera
1911 5424 2016 5479 ap-

358 5501 715 5573 pellabatur.
748 5501 820 5555 Et
848 5498 1195 5555 Phaananna
1222 5492 1466 5567 quidem
1497 5493 1685 5549 ﬁlium
1719 5494 2012 5565 habebat;

360 5595 532 5648 Anna
561 5610 698 5650 vero
746 5605 1057 5664 nunquam
1114 5590 1422 5661 genuerat.
1472 5586 1758 5643 Ascendit
1815 5595 2014 5647 autem

357 5681 579 5738 Elcana
607 5699 730 5739 una
759 5698 895 5738 cum
927 5682 1099 5737 Anna
1127 5679 1188 5734 in
1221 5677 1442 5745 Selom,
1471 5680 1538 5731 ut
1582 5675 1769 5732 Deum
1802 5679 2013 5737 adora-

359 5776 454 5826 ret
485 5787 498 5824 :
530 5774 633 5829 sed
657 5773 946 5830 Dominus
967 5772 1157 5843 ipsius
1186 5776 1426 5828 uterum
1459 5768 1877 5840 obstruxerat;
1902 5790 2011 5831 nec

2131 3357 2286 3433 λόγῳ
2316 3356 2747 3430 κατηρτισμένος
2814 3349 2909 3424 ὥν,
2971 3348 3302 3413 διδάσκαλος
3359 3355 3460 3419 τῆς
3519 3347 3781 3418 ἀληθείας

2127 3444 2335 3523 ἐγένετο
2371 3489 2384 3503 ,
2445 3444 2544 3500 Καὶ
2599 3443 2886 3520 κρατηθεὶς
2921 3487 2936 3514 ,
2994 3442 3232 3518 παρέσση
3305 3443 3386 3512 τῷ
3440 3440 3539 3508 τῆς
3602 3440 3782 3509 Γάζης

2128 3533 2390 3611 ἄρχοντι.
2448 3534 2552 3593 Καὶ
2620 3531 2915 3611 ἐρωτηθεὶς
2951 3573 2966 3599 ,
3019 3531 3109 3585 καὶ
3193 3528 3515 3604 Χριστιανὸν
3596 3527 3785 3583 ἑαυτὸν

2129 3621 2511 3699 ὁμολογήσας,
2542 3622 2632 3677 καὶ
2681 3623 2780 3691 τὴν
2807 3624 2904 3675 τοῦ
2934 3621 3170 3695 Χριστοῦ
3230 3615 3575 3693 θεολογήσας
3626 3616 3781 3673 οἷκο-

2128 3714 2322 3787 νομίαν
2355 3735 2413 3769 τε
2458 3713 2550 3768 καὶ
2588 3713 2689 3781 τήν
2737 3708 2808 3765 δι’
2856 3712 3006 3783 ἡμᾶς
3064 3705 3364 3780 ἐπιδημίαν
3423 3706 3512 3762 καὶ
3572 3707 3786 3780 σαρκω-

2129 3825 2233 3875 σιν,
2269 3803 2471 3879 ἐτόφθη
2522 3797 2793 3879 σφοδρῶς.
2863 3797 2969 3854 Καὶ
3026 3795 3305 3851 παντοίων
3365 3797 3611 3871 βασάνων
3644 3817 3784 3872 προ·

2129 3893 2447 3967 σωμίλησεν
2508 3888 2699 3951 ἰδέαις·
2758 3888 2850 3941 καὶ
2909 3882 3040 3958 μηδ’
3098 3883 3246 3944 ὅλως
3307 3884 3600 3956 καμφθεὶς,
3652 3885 3785 3958 πυρὶ

2127 3978 2481 4058 παραδοθεὶς,
2523 3975 2837 4045 ἐτελειώθη.
2896 3974 3030 4030 Κατ’
3060 3971 3269 4040 ἐκείνην
3329 3968 3387 4025 δὲ
3437 3972 3536 4038 τὴν
3570 3971 3783 4043 ἡμέραν

2128 4070 2180 4125 ἐν
2213 4070 2352 4143 αὐτῇ
2380 4072 2451 4142 τῇ
2499 4065 2661 4122 πόλει
2692 4062 2977 4140 Ἀγάπιος,
3009 4060 3097 4115 καὶ
3139 4057 3339 4130 Θὲκλα,
3398 4056 3783 4115 κατακλειστοι

2128 4158 2278 4221 ὄντες
2311 4157 2387 4220 εἲς
2421 4153 2699 4231 φυλακὴν,
2732 4151 2822 4207 διά
2876 4151 2939 4206 τὸ
2998 4147 3269 4205 διδάσκειν
3329 4147 3417 4204 ἐπὶ
3448 4153 3528 4222 τῷ
3559 4148 3784 4223 ὀνόματι

2124 4253 2224 4304 τοῦ
2263 4250 2519 4321 Χριστοῦ,
2588 4244 2678 4299 καὶ
2736 4240 2988 4301 πολλοὺς
3046 4244 3154 4295 τῶν
3215 4240 3457 4295 ἀπίστων
3519 4239 3625 4295 ἀπὸ
3681 4244 3781 4306 τῆς

2126 4337 2338 4409 πλάνης
2389 4333 2726 4413 ἐπιστρέφειν
2786 4330 2874 4387 ἐπὶ
2931 4332 3021 4386 τὸν
3072 4329 3294 4405 Κύριον,
3326 4329 3415 4385 καὶ
3478 4329 3783 4405 βαπτίζειν,

2126 4428 2489 4503 παραστάντες
2535 4430 2615 4499 τῷ
2673 4423 2820 4496 αὐτῷ
2870 4420 3121 4498 ἄρχοντι,
3183 4419 3273 4475 καὶ
3344 4420 3419 4492 μή
3477 4419 3781 4479 πεισθέντες

2128 4522 2281 4581 θῦσαι
2308 4522 2427 4580 τοῖς
2469 4514 2753 4584 εἰδώλοις,
2786 4512 2914 4569 ἀλλ’
2972 4512 3333 4587 ἀντεχόμενοι
3363 4515 3465 4578 τῆς
3522 4507 3658 4583 πρὸς
3691 4506 3782 4561 τὸν

2126 4608 2358 4684 Χριστὸν
2448 4608 2714 4682 ἀγάπης,
2798 4604 2956 4677 θηρσὶ
3041 4602 3428 4679 προσριφέντες
3510 4599 3602 4653 τὸν
3687 4603 3787 4666 τῆς

2052 4690 2098 4754 Ι)
2140 4696 2436 4774 μαρτυρίας
2467 4696 2792 4770 ἐκομίσαντο
2820 4694 3103 4767 στέφανον.

2693 4841 2874 4897 mnu
2902 4839 2994 4895 To
3024 4839 3230 4907 Arro,

2339 5022 2543 5094 Μνήμη
2577 5021 2674 5073 τοῦ
2721 5016 2876 5094 ἁγίου
2928 4930 3216 5093 Ξροφήτου
3276 5009 3568 5085 Σαμουήλ.

2201 5143 2469 5219 Σαμουὴλ
2501 5139 2799 5213 ὁένδοξος,
2839 5139 2928 5196 καὶ
2991 5139 3158 5215 μέγας
3221 5141 3320 5192 τοῦ
3377 5140 3512 5192 Θεοῦ
3568 5137 3786 5215 προφή-

2124 5258 2271 5308 της,
2333 5235 2579 5310 ὗπῆρχεν
2639 5231 2700 5288 ἐκ
2753 5237 2853 5300 τῆς
2910 5229 3099 5306 χώρας
3171 5224 3458 5299 Ἰουδαίας,
3515 5226 3568 5299 ἐξ
3626 5223 3788 5304 ὅρους

2127 5325 2391 5405 Ἐφραίμ,
2440 5324 2500 5379 ἐκ
2529 5322 2710 5400 φυλῆς
2745 5320 2895 5393 Λευί,
2926 5319 3044 5380 υἱὸς
3101 5316 3363 5405 ’,Ελκανδηι
3413 5315 3503 5371 καὶ
3562 5318 3782 5389 Ἀννης,

2123 5417 2185 5473 Ὁ
2217 5412 2276 5470 δὲ
2325 5399 2564 5472 Ἐλκανᾶ
2620 5409 2718 5467 δύο
2773 5412 3033 5486 γυναῖκας
3092 5403 3273 5482 ἔσχεν·
3334 5399 3509 5480 ὄνομα
3564 5409 3634 5480 τῇ
3692 5407 3788 5479 μὲν

2124 5504 2319 5579 πρώτῃ
2367 5504 2554 5570 Ἀννα,
2602 5503 2672 5574 τῇ
2731 5497 2789 5555 δὲ
2833 5496 3057 5573 δευτέρᾳ
3110 5497 3401 5553 Φαινάννα.
3456 5496 3562 5552 Καὶ
3620 5496 3689 5564 ἦν
3720 5498 3789 5570 τῇ

2129 5594 2223 5668 μὲν
2257 5591 2531 5667 Φαινάννῃ
2564 5586 2805 5645 παιδίον⁸
2840 5590 2910 5661 τῇ
2943 5584 3002 5641 δὲ
3052 5587 3224 5661 Ἀννῃ
3258 5585 3358 5641 οῦκ
3412 5586 3482 5655 ἦν
3539 5580 3788 5640 παιδίον.

2126 5683 2226 5738 Καὶ
2256 5676 2421 5751 ἀνέϐη
2462 5677 2700 5735 Ἐλκανά
2737 5681 3110 5753 προσκυνῆσαι
3165 5680 3245 5749 τῷ
3299 5679 3416 5747 Θεῷ
3472 5672 3526 5730 έν
3569 5670 3791 5747 Σηλὼμ

2127 5772 2262 5847 μετὰ
2288 5778 2389 5841 τῆς
2421 5771 2644 5840 ’Λννης.
2678 5768 2741 5826 Ὁ
2802 5765 2861 5824 δὲ
2909 5767 3110 5843 Κύριος
3168 5761 3464 5822 ἀπέκλεισε
3518 5764 3621 5832 τὴν
3674 5763 3788 5837 μή-
