4128 6442
374 404 504 468 593

1858 405 2306 469 AUGUSTUS.

3686 407 3806 468 594

374 558 512 613 τραν
544 535 739 603 αὐτῆς,
781 536 871 591 καὶ
924 532 1137 591 παιδίον
1197 537 1301 592 οὐκ
1355 535 1551 607 ἰποίει,
1609 539 1700 591 καὶ
1756 535 2012 593 ἐλυπεῖτο

2150 539 2306 595 tllios
2337 539 2443 595 illa
2473 538 2840 612 procreabat.
2875 541 3247 613 Quapropter
3273 555 3430 613 aegra
3446 539 3646 596 animo
3679 545 3807 599 erat

379 622 523 681 διότι
582 622 892 694 ὠνειδίζετο
951 623 1056 679 ὑπὸ
1108 629 1208 694 τῆς
1268 625 1577 692 Φαινάννης
1664 625 1740 687 ὡς
1798 622 2036 689 ἄτεκνος.

378 714 736 790 Ιῐροσηὺξατο
769 712 861 770 οὖν
915 714 1051 790 πρὸς
1107 714 1199 770 τὸν
1263 714 1416 785 Θεὸν,
1474 714 1565 769 καὶ
1625 709 1888 770 συνέλαϐε
1942 715 2035 770 τὸν

380 801 675 879 Σαμουὴλ,
706 802 1041 860 καὶάνέθετο
1084 802 1244 859 αὐτὸν
1303 808 1380 877 τῷ
1434 808 1571 877 Θεῷ.
1630 804 1731 861 Ἧν
1794 800 1853 858 δὲ
1910 804 2035 858 ἀνα-

373 896 713 973 τρεφσῖμενος
743 891 797 948 ἐν
836 896 917 966 τῷ
954 897 1067 965 ναῷ
1114 891 1336 969 Κυρίου.
1391 893 1495 950 Καὶ
1548 893 1638 949 ’ὁτε
1685 891 1909 970 ἔφθασεν
1960 892 2036 955 εἰς

377 982 577 1061 μὲτρον
606 982 856 1054 ἡλικίας,
887 983 953 1053 ἦν
987 981 1320 1059 λειτουργῶν
1373 981 1616 1038 ἐναντίον
1670 979 1890 1058 Κυρίου,
1943 980 2033 1037 καὶ

369 1072 575 1149 κρίνων
605 1072 700 1128 τὸν
732 1069 867 1127 λαὸν
893 1075 993 1127 τοῦ
1023 1071 1267 1148 Ἰσραὴλ.
1330 1072 1506 1136 Οὗτος
1560 1066 1751 1149 ἔχρισε
1797 1071 1887 1126 καὶ
1939 1070 2033 1126 τὸν

372 1160 563 1217 Σαοὺλ
598 1159 846 1238 βασιλὲαο
876 1162 994 1217 εἶτα
1019 1161 1113 1217 τὸν
1156 1156 1345 1219 Δαϐίδ.
1386 1160 1493 1217 Καὶ
1542 1159 1621 1225 εἷς
1672 1158 1805 1237 βαθὺ
1856 1166 2033 1236 γῆρας

370 1248 576 1321 ἐλθὼν,
606 1251 744 1327 πρὸς
776 1250 904 1306 Θεὸν
937 1247 1088 1321 ἐξεδή
1100 1271 1295 1323 μησεν,
1325 1244 1625 1327 προλαϐὼν
1655 1251 1756 1320 τήν
1813 1251 2030 1327 σάρκω-

366 1361 452 1396 σιν
486 1345 584 1397 τοῦ
614 1341 853 1415 Χριστοῦ
883 1335 976 1412 ἔτη
1011 1339 1175 1415 χίλια
1203 1340 1496 1417 τριάκοντα
1525 1340 1703 1401 πέντε.

618 1559 728 1615 Καὶ
759 1555 992 1629 ἄθλησις
1022 1561 1131 1614 τῶν
1158 1557 1325 1634 ἁγίων
1358 1556 1429 1630 λζ
1460 1557 1769 1635 μαρτύρων.

437 1698 687 1773 Σευῆρός
716 1721 799 1763 τις
830 1701 1176 1777 Χριστιανὸς,
1224 1702 1492 1778 ὑπάρχων
1546 1702 1654 1758 ἀπὸ
1700 1700 1871 1774 Σίδης
1917 1708 2021 1772 τῆς

358 1787 720 1866 Παμφυλίας,
777 1791 1120 1865 περιήρχετο
1178 1794 1351 1845 πᾶσαν
1432 1791 1596 1848 πόλιν
1655 1791 1747 1846 καὶ
1806 1791 2016 1867 χώραν,

356 1876 756 1976 διδάσκωνιτὸν
784 1877 951 1955 λὸγον
994 1883 1092 1935 τοῦ
1127 1882 1391 1976 Χριστοῦἐ.
1441 1881 1672 1976 Ἐλθὼν-
1696 1878 1758 1976 δὲ
1799 1879 1890 1976 καὶ
1943 1879 2021 1976 είς
2051 1911 2098 1976 Β

362 1968 826 2025 Φιλιππούπολιν
873 1976 974 2039 τῆς
1029 1968 1267 2044 Θρᾴκης,
1314 1970 1464 2045 εὗρεν
1516 1969 1882 2028 ’Δπελλιανὸν
1928 1971 2021 2026 τὸν

360 2058 614 2134 ἡγεμόνα
668 2063 1018 2135 τιμωροῦντα
1071 2059 1200 2124 τοὺς
1258 2059 1449 2134 ἁγίους
1535 2059 1809 2137 μάρτυρας
1863 2063 2018 2137 τριά-

358 2169 534 2203 κοντα
589 2147 682 2203 καὶ
741 2145 794 2221 ἕξ
863 2149 1231 2225 ὑπάρχοντας.
1318 2151 1422 2207 Καὶ
1504 2150 2019 2228 παρρησιασάμενος

358 2237 465 2306 τὴν
524 2233 824 2311 εὐσέϐειαν,
896 2238 1189 2313 κρατηθεὶς
1273 2237 1477 2316 ἐτόφθη
1564 2237 1842 2316 σφοδρῶς’
1928 2243 2022 2296 καὶ

356 2326 506 2383 οὕτω
532 2325 629 2402 μὲν
684 2326 930 2403 κεφαλὴν
989 2328 1303 2402 ἀπετμήθτγ
1365 2328 1601 2403 Μέμνων
1648 2327 1706 2385 δὲ
1736 2332 1764 2385 ὁ
1798 2337 2021 2387 Κεντου-

356 2417 493 2494 ρίων
549 2416 629 2481 εἷς
688 2414 786 2473 δύο
836 2418 1026 2481 κίονας
1086 2416 1257 2482 δεθεὶς
1314 2418 1405 2475 καὶ
1461 2421 1733 2492 τανυθεξς,
1793 2417 2016 2498 ἐξεδάρη

347 2505 485 2581 τρία
514 2504 670 2582 λῶρα
705 2506 814 2561 ἀπὸ
862 2504 1110 2586 κεφαλῆς
1165 2506 1330 2582 μέχρι
1386 2504 1590 2566 ποδῶν.
1641 2509 1775 2565 Εἶτα
1824 2527 2018 2586 χειρο-

352 2594 690 2667 κοπηθέντες
750 2597 841 2652 καὶ
909 2594 1403 2669 ποδοκοπηθέντες,
1486 2599 1579 2654 καὶ
1664 2599 1740 2663 εἷς
1789 2599 2019 2675 κάμινον

355 2680 732 2761 ἐμϐληθέντες
765 2683 999 2749 ἅπαντες
1031 2685 1136 2743 ὑπὸ
1166 2694 1293 2763 γῆν,
1326 2688 1744 2762 ἐτελειώθησαν.

436 2867 537 2923 Καὶ
596 2866 791 2941 μνήμη
849 2873 950 2938 τῆς
1011 2868 1165 2946 ἁγίας
1217 2867 1569 2941 Θεοκλητοῦς
1620 2875 1721 2941 τῆς
1798 2871 2016 2945 θαυμα-

365 2959 626 3029 τουργοῦ.

920 3050 1099 3109 ΜΗΝΙ
1137 3056 1223 3106 ΤΩ
1260 3052 1463 3111 ΑΥΤΩ.

1134 3141 1239 3198 KA'

443 3223 707 3297 σΑθΑησις
757 3232 858 3300 τῆς
911 3227 1066 3343 ἃγίὲις
1127 3228 1402 3323 μάρσξυρος
1487 3231 1706 3302 Βάσσης
1756 3230 1849 3287 καὶ
1904 3236 2011 3290 τῶν
2042 3276 2090 3343 c

965 3299 1168 3357 τέκνων
1204 3299 1396 3369 αὐτῆς.

431 3420 498 3480 Ἠ
533 3426 632 3477 τοῦ
688 3427 924 3502 Χριστοῦ
984 3424 1189 3501 μάρτυς
1246 3424 1431 3483 Βάσσα
1490 3426 1711 3504 ὑπῆρχε
1772 3428 1868 3502 μὲν
1926 3425 2016 3483 ἐπὶ

354 3513 459 3581 τῆς
493 3510 774 3590 βασίλείας
814 3517 1180 3589 Μαξιμιανοῦ,
1237 3514 1298 3571 ἐκ
1347 3519 1632 3591 προγόνων
1682 3519 2013 3593 Χριστιανή.

357 3605 743 3675 Συνοικήσασα
773 3601 831 3660 δὲ
860 3604 1153 3681 Οὐαλερίῳ
1208 3605 1346 3682 ἱερεῖ
1392 3610 1500 3661 τῶν
1553 3604 1825 3679 εἰδώλων,
1874 3605 2014 3684 ἐγὲν-

353 3712 491 3762 νησε
540 3697 689 3767 τρεῖς
747 3692 920 3767 υἱοὺς,
979 3695 1227 3769 Θέογνιν,
1287 3696 1576 3771 Ἀγάπιον,
1643 3695 1734 3753 καὶ
1792 3700 2011 3753 Πιστόν·

355 3778 453 3843 οὕς
512 3781 605 3836 καὶ
661 3781 950 3857 ἀνέθρεψεν
1007 3778 1271 3846 εὐσεϐῶς.
1361 3783 1721 3862 Κηρόττουσα
1792 3783 1851 3841 δὲ
1922 3787 2015 3842 τὸν

354 3870 618 3942 Χριστὸν,
644 3871 736 3943 καὶ
790 3870 921 3934 τοὺς
966 3874 1453 3950 προσερχομένους
1499 3876 1640 3950 αὐτῇ
1689 3873 2014 3932 διδάσκουσα

351 3959 459 4029 τὴν
508 3958 586 4022 εἰς
641 3961 806 4016 αὐτὸν
863 3959 1069 4034 πίστιν,
1126 3962 1475 4036 κατεμηνύθη
1528 3968 1607 4036 τῷ
1660 3971 1762 4035 τῆς
1822 3964 2012 4041 χώρας

354 4046 589 4126 ἄρχοντι
622 4050 768 4127 παρὰ
830 4054 931 4107 τοῦ
987 4050 1193 4107 οἰκείου
1251 4049 1466 4127 ἀνδρός.
1522 4052 1623 4108 Καὶ
1678 4057 2012 4131 κρατηθεῖσα

358 4139 633 4211 μετὰτῶν
661 4137 868 4196 παίδων
928 4139 1122 4213 αὐτῆς,
1171 4143 1408 4218 παρέστη
1472 4144 1644 4217 αὐτῷ.
1707 4143 1806 4201 Καὶ
1863 4150 2009 4222 πρῶ-

349 4247 448 4290 τος
480 4227 510 4283 ὁ
540 4231 761 4304 Θέογνις
821 4228 1181 4306 ὁμολογήσας
1229 4232 1323 4287 τὸν
1383 4233 1631 4308 Χριστὸν,
1688 4236 2011 4309 κρεμασθείς

352 4315 553 4389 ἐξέετο,
609 4320 971 4394 παρεστώσης
1016 4327 1119 4391 τῆς
1179 4323 1407 4397 μητρὸς,
1491 4322 1583 4377 καὶ
1658 4323 2007 4401 παραθαρρυ-

348 4406 558 4478 νοῦσης
596 4407 758 4464 αὗτὸν
812 4410 953 4485 πρὸς
1006 4411 1100 4466 τὸν
1161 4411 1364 4486 ἀγῶνα.
1429 4411 1690 4486 Δεύτερος
1743 4415 2010 4490 Ἀγαπιος

347 4498 595 4573 τυφθεὶς,
625 4500 689 4555 τὸ
720 4496 894 4575 δερμα
920 4506 1022 4570 τῆς
1051 4500 1295 4578 κεφαλῆς
1344 4500 1511 4557 αὐτοῦ
1557 4499 1781 4579 ἐξεδάρη
1839 4505 2006 4582 μέχρι

347 4589 453 4641 τοῦ
480 4588 733 4659 στήθους.
768 4588 866 4642 Καὶ
921 4586 1106 4664 τρίτος
1163 4590 1192 4644 ὁ
1244 4590 1440 4653 Πιστὸς
1501 4586 1785 4668 διαφόροις
1841 4605 2006 4658 καθυ-

349 4669 610 4748 πεϐλήθη
643 4673 918 4752 βασάνοις.
947 4677 1048 4733 Καὶ
1087 4677 1249 4743 τέλος
1303 4680 1354 4735 οἱ
1410 4684 1557 4755 τρεῖς
1617 4679 1785 4757 μέχρι
1842 4685 2005 4747 θανά-

347 4785 451 4820 του
479 4768 548 4840 τῇ
580 4764 658 4830 είς
687 4766 920 4842 Χριστὸν
971 4765 1246 4843 ὁμολογίᾳ
1296 4766 1671 4843 ἐμμείναντες,
1720 4772 1855 4844 μετὰ
1899 4779 2000 4844 τῆς

351 4854 565 4931 μητρὸς
595 4855 772 4913 αὐτῶν
800 4854 1331 4936 ἇπεκεφαλίσθησαν.

530 4980 638 5036 Καὶ
667 4977 901 5053 ἄθλησις
926 4987 1027 5039 τοῦ
1056 4983 1213 5060 ἁγίου
1248 4985 1520 5060 μάρτυρος
1549 4985 1810 5045 Λουκίου.

423 5110 660 5177 Λούκιος
689 5115 717 5171 ὁ
763 5118 862 5171 τοῦ
913 5115 1150 5193 Χριστοῦ
1207 5119 1414 5195 μάρτυς
1476 5119 1727 5197 ὑπῆρχεν
1786 5116 1846 5175 ἐκ
1901 5127 2000 5192 τῆς

343 5199 568 5267 πόλεως
618 5207 877 5278 Κυρήνης
930 5213 1033 5278 τῆς
1090 5207 1225 5264 κατὰ
1308 5202 1539 5280 Λιϐύην·
1625 5213 1845 5284 πρῶτος
1901 5217 2001 5282 τῆς

344 5292 519 5360 αὐτῆς
546 5294 763 5359 πόλεως
818 5298 909 5353 καὶ
969 5297 1333 5376 συγκάθεδρος
1394 5304 1494 5356 τοῦ
1549 5302 1851 5378 ἡγεμόνος,
1914 5323 2004 5377 με·

344 5381 495 5459 γὲθει
551 5384 829 5460 σώματος,
881 5388 970 5443 καὶ
1030 5386 1276 5444 πλούτου
1363 5386 1648 5464 δυναστείᾳ
1718 5390 2003 5468 ὑπερέχων

342 5473 479 5541 τοὺς
538 5479 656 5534 κατ’
715 5477 900 5535 αὐτόν.
978 5478 1269 5556 Ὑπάρχων
1325 5477 1384 5536 δὲ
1438 5481 1531 5539 καὶ
1613 5479 1861 5537 εἰδώλων
1917 5493 2002 5548 οε-

348 5566 648 5641 ραπευτῆς,
684 5566 1025 5643 ὑπερεμάχει
1054 5575 1154 5639 τῆς
1197 5570 1487 5641 θρησκείας
1534 5573 1643 5626 τῶν
1697 5570 2004 5645 Ἑλλήνων,

349 5654 599 5732 ἰσχυρῶς
648 5656 1046 5733 προσκείμενος
1091 5657 1267 5714 αὐτῶν
1324 5661 1395 5735 τῇ
1421 5657 1626 5735 πλάνῃ,
1677 5660 1805 5734 Ἀφ’
1835 5661 1897 5715 οὗ
1949 5659 2006 5718 δὲ

350 5746 607 5803 ἐθεάσατο
662 5748 755 5805 τὸν
821 5747 984 5826 μέγαν
1070 5749 1440 5826 ἱερομάρτυρα
1526 5747 1831 5826 Θεόδωρον,
1914 5754 2006 5807 καὶ

2148 633 2208 683 et
2232 645 2264 684 θ
2288 630 2649 698 Phasnanna,
2672 635 2873 701 utpote
2899 629 3382 702 sterilis,probris
3405 629 3800 686 afﬁciebatur.

2146 718 2342 774 Oravit
2363 718 2562 790 itaque
2587 719 2795 787 Deum,
2820 723 2879 773 et
2898 719 3235 775 Samuelem
3260 719 3799 791 concepit,ipsum-

2146 824 2260 879 que
2279 809 2396 864 Deo
2415 808 2650 865 dicavit.
2674 808 3050 866 Educabatur
3069 809 3180 865 iste
3202 809 3266 865 in
3291 809 3527 865 Domini
3550 810 3796 881 templo:

2142 903 2319 970 atque
2350 899 2453 955 ubi
2491 898 2564 956 ad
2622 899 2914 973 integram
2972 900 3241 972 pervenit
3293 904 3551 969 atatem,
3611 899 3797 956 sacris

2139 988 2489 1045 muneribus
2519 1005 2720 1045 coram
2738 989 2990 1044 Domino
3012 989 3386 1063 fungebatur,
3411 1006 3479 1046 ac
3504 989 3793 1062 populum

2135 1077 2319 1133 Israel
2344 1077 2673 1151 judicabat.
2707 1079 2863 1135 210
2904 1079 3035 1150 Ipse
3080 1078 3259 1134 etiam
3302 1078 3540 1135 Saulem
3588 1079 3652 1134 in
3694 1095 3791 1136 re-

2135 1185 2268 1240 gem
2293 1170 2486 1235 unxit,
2531 1175 2739 1243 postea
2801 1170 3118 1238 Davidem;
3179 1174 3240 1226 et
3294 1170 3370 1226 ad
3425 1170 3787 1243 profundum

2135 1260 2372 1317 senium
2401 1265 2737 1333 provectus,
2768 1260 3044 1334 migravit
3090 1260 3166 1317 ad
3221 1261 3565 1330 Dominum,
3611 1260 3787 1317 annis

2134 1350 2301 1407 mille
2333 1355 2391 1406 et
2420 1349 2666 1424 triginta
2695 1350 2963 1423 quinque
2989 1354 3127 1407 ante
3158 1349 3377 1407 Christi
3421 1350 3785 1408 incarnatio-

2132 1456 2292 1497 nem.

2129 1557 2198 1613 Et
2234 1563 2513 1614 certamen
2540 1563 2856 1615 sanctorum
2877 1562 3081 1629 septem
3111 1563 3165 1614 et
3197 1557 3435 1629 triginta
3453 1560 3782 1628 martyrum.

2199 1692 2448 1759 Quidam
2478 1692 2873 1761 Christianus,
2904 1692 3149 1748 nomine
3198 1693 3468 1764 Severus,
3518 1690 3671 1748 Sidm
3718 1689 3782 1747 in

2126 1782 2478 1856 Pamphylia
2502 1787 2700 1852 natus,
2735 1786 2981 1839 cunctas
3006 1781 3273 1837 civitates
3306 1786 3612 1853 totamque
3656 1781 3780 1835 cir~

2127 1872 2391 1928 cumibat
2418 1873 2745 1946 regionem,
2774 1872 3018 1928 verbum
3049 1872 3306 1928 edocens
3362 1871 3600 1927 Christi.
3633 1870 3779 1927 Cum

2126 1968 2326 2019 autem
2355 1962 2842 2035 Philippopolim,
2866 1963 3126 2018 Thracias
3149 1962 3468 2031 civitatem,
3496 1960 3774 2028 venisset,

2125 2052 2349 2124 reperit
2372 2052 2750 2125 Apellianum
2772 2052 3139 2124 praefectum,
3163 2050 3265 2123 qui
3292 2050 3515 2105 ibidem
3543 2055 3780 2105 sanctos

2126 2148 2419 2215 martyres
2480 2142 2722 2214 triginta
2780 2159 2883 2198 sex
2938 2158 3189 2197 numero
3266 2138 3662 2196 excruciabat.
3717 2141 3790 2194 Et

2128 2238 2332 2305 aperte
2356 2233 2483 2305 ipse
2495 2233 2780 2304 pietatem
2801 2231 3105 2305 professus
3126 2236 3305 2302 atque
3318 2229 3786 2302 comprehensus

2128 2323 2346 2378 acriter
2400 2322 2515 2377 fuit
2571 2322 2936 2390 verberatus,
2999 2325 3057 2376 et
3125 2320 3317 2393 capite
3373 2319 3785 2378 obtruncatus.

2127 2415 2404 2468 Memnon
2417 2428 2552 2468 vero
2574 2412 2847 2468 centurio
2867 2411 2943 2469 ad
2965 2410 3112 2467 duas
3129 2410 3436 2466 devinctus
3448 2409 3782 2477 columnas;

2127 2502 2567 2573 distentusque,
2603 2503 2940 2558 excoriatur
2991 2500 3185 2556 tribus
3244 2500 3390 2556 loris
3420 2516 3456 2555 a
3484 2498 3676 2571 capite
3704 2499 3782 2556 ad

2124 2590 2309 2663 pedes
2327 2589 2607 2646 detractis
2628 2606 2642 2645 :
2667 2590 2866 2646 emteri
2888 2605 3096 2646 omnes
3118 2588 3397 2644 manibus
3413 2587 3783 2660 pedibusque

2127 2681 2472 2752 amputatis,
2524 2681 2587 2736 in
2642 2680 2951 2738 fornacem
3003 2680 3457 2736 subterraneam
3504 2678 3783 2752 conjecti,

2124 2772 2414 2843 martyrio
2443 2771 2611 2827 fuere
2642 2771 3006 2843 consumpti.

2196 2865 2271 2917 Et
2298 2862 2789 2918 commemoratio
2838 2864 3060 2917 sanctae
3114 2860 3455 2918 Theoclitus
3508 2860 3784 2918 thauma-

2125 2953 2334 3023 turgaa.

2683 3041 2926 3099 EODEM
2962 3040 3215 3097 MENSE.

2623 3131 2727 3186 Die
2765 3130 3048 3186 vicesima
3071 3128 3269 3201 prima

2165 3218 2448 3276 Certamen
2476 3225 2676 3277 sancta
2707 3221 2975 3291 martyris
3001 3218 3185 3275 Bassa
3216 3224 3268 3275 et
3302 3218 3545 3289 ﬁliorum
3588 3233 3734 3288 ejus.

2199 3389 2418 3446 Christi
2460 3394 2688 3463 martyr
2742 3391 2923 3446 Bassa
2974 3388 3344 3463 temporibus
3398 3387 3779 3461 imperatoris

2128 3479 2468 3536 Maximiani
2491 3480 2735 3537 exstitit.
2758 3478 3068 3536 Connubio
3093 3485 3293 3537 autem
3302 3478 3519 3551 juncta
3543 3476 3776 3534 Valerio

2127 3569 2426 3625 idolorum
2448 3569 2764 3640 sacerdoti,
2798 3573 2917 3626 tres
2946 3570 3153 3643 genuit
3181 3569 3359 3637 filios,
3414 3567 3776 3642 Theognem,

2126 3659 2439 3732 Agapium,
2472 3666 2530 3715 et
2560 3659 2809 3727 Pistum,
2844 3676 2995 3731 quos
3026 3659 3101 3716 ad
3143 3659 3430 3732 pietatem
3485 3658 3776 3715 educavit.

2125 3749 2271 3804 Cum
2301 3765 2438 3804 vero
2466 3749 2771 3807 Christum
2800 3750 3174 3820 praedicaret,
3207 3749 3457 3822 ejusque
3490 3747 3668 3804 ﬁdem
3699 3747 3775 3804 ad

2126 3854 2189 3894 se
2211 3838 2564 3895 accedentes
2580 3838 2876 3909 edoceret,
2911 3845 3187 3896 accusata
3216 3844 3307 3895 est
3325 3856 3360 3895 a
3381 3838 3619 3911 proprio
3650 3837 3775 3892 viro

2123 3929 2281 4000 apud
2312 3929 2474 3985 illius
2502 3930 2763 4003 regionis
2788 3930 3133 4003 praefectum
3159 3947 3173 3998 ;
3203 3934 3262 3985 et
3289 3935 3463 4002 capta
3488 3944 3612 3985 una
3639 3944 3776 3985 cum

2123 4020 2249 4075 suis
2280 4019 2422 4075 ﬁliis
2452 4025 2591 4077 ante
2621 4021 2797 4077 illum
2854 4022 3037 4078 stetit.
3090 4023 3173 4077 Ac
3219 4021 3415 4093 primo
3472 4021 3776 4095 Theognes

2121 4108 2422 4165 Christum
2453 4109 2782 4180 confessus,
2834 4127 3162 4183 suspensus
3215 4110 3595 4179 dilaceratur,
3646 4111 3777 4183 ipsa

2123 4203 2353 4254 astante
2386 4204 2597 4266 matre,
2631 4199 2923 4270 illumque
2954 4200 3029 4256 ad
3075 4205 3381 4255 certamen
3437 4200 3774 4269 excitante;

2123 4286 2385 4343 secundo
2414 4288 2673 4361 Agapius
2695 4288 2961 4359 caeditur,
2988 4288 3164 4359 eique
3187 4287 3397 4360 capitis
3417 4287 3773 4360 cutisusque

2121 4375 2194 4432 ad
2224 4382 2430 4448 pectus
2460 4375 2830 4444 detrahitur;
2882 4377 3055 4432 tertio
3104 4376 3301 4431 Pistus
3355 4374 3601 4431 diversis
3652 4381 3773 4432 tor-

2122 4465 2339 4520 mentis
2371 4464 2707 4537 subjicitur.
2740 4465 3001 4521 Tandem
3032 4466 3165 4520 2ll
3205 4470 3322 4520 tres
3353 4463 3534 4520 simul
3578 4480 3770 4537 usque

2120 4553 2195 4608 ad
2226 4559 2480 4611 mortem
2510 4555 2571 4610 in
2610 4555 2826 4610 Christi
2857 4554 3234 4610 confessione
3292 4560 3776 4628 perseverantes,

2039 4639 2085 4703 D
2118 4645 2309 4717 capite
2340 4661 2460 4700 una
2490 4661 2626 4701 cum
2657 4650 2846 4701 matre
2876 4644 3119 4701 fuerunt
3147 4644 3508 4701 obtruncati.

2401 5009 2473 5063 Et
2500 5013 2771 5064 certamen
2799 5007 2975 5064 sancti
3004 5010 3267 5077 martyris
3301 5009 3481 5064 Lucii.

2192 5133 2404 5190 Lucius
2435 5132 2651 5189 Christi
2683 5138 2909 5206 martyr
2937 5131 3160 5205 prodiit
3190 5150 3260 5189 ex
3296 5134 3524 5205 Cyrene
3576 5132 3770 5204 Libyae

2121 5223 2376 5289 civitate,
2409 5222 2687 5295 princeps
2718 5222 2845 5294 ipse
2876 5222 3146 5294 ejusdem
3202 5221 3387 5290 urbis,
3422 5226 3482 5278 et
3507 5219 3773 5292 praefecti

2122 5329 2411 5380 assessor,
2469 5311 2737 5383 corporis
2802 5310 3234 5383 magnitudine,
3312 5309 3774 5380 divitiarumque

2121 5401 2390 5473 potentia
2401 5400 2681 5456 omnibus
2702 5416 2823 5455 sua;
2846 5399 3207 5455 conditionis
3227 5397 3772 5455 antecellens.Cum

2121 5494 2321 5546 autem
2353 5494 2511 5545 esset
2540 5486 2838 5544 idolorum
2870 5487 3087 5557 cultor,
3115 5487 3453 5543 Graacorum
3484 5484 3773 5558 supersti-

2122 5577 2343 5634 tionem
2371 5577 2804 5651 propugnabat,
2837 5593 3042 5633 eorum
3063 5575 3446 5632 vehementer
3460 5574 3773 5631 adhterens

2123 5667 2332 5723 errori.
2364 5668 2685 5739 Postquam
2714 5684 2850 5723 vero
2882 5682 3162 5739 magnum
3184 5681 3419 5721 sacrum
3447 5669 3773 5738 martyrem

2123 5756 2497 5814 Theodorum
2521 5756 2786 5829 ejusdem
2811 5755 3062 5812 civitatis
3085 5754 3430 5827 episcopum
3459 5769 3566 5825 pro
3592 5753 3771 5809 Chri-
