4128 6430
325 419 451 481 597
1841 421 2286 488 AUGUSTUS.
3645 429 3767 489 598

900 551 1089 607 MHNI
1126 555 1211 604 ΤΩ
1249 553 1427 607 ΛΥΤΩ

2663 559 2904 614 EODEM
2943 557 3197 612 MENSE.

1121 647 1224 702 Kl“
2620 648 2723 704 Die
2749 647 3030 703 vicesima
3060 649 3238 703 tertia

319 737 604 808 ’Λθλησις
689 740 800 791 τῶν
883 734 1067 813 ἁγίων
1129 736 1431 813 ’μαρτύρων
1501 737 1690 810 ἱερέων
1747 740 1849 813 ’Ὡρ
1906 736 1989 791 καῖ

2107 738 2261 793 218
2294 738 2577 794 Certamen
2606 745 2922 813 sanctor-am
2951 744 3261 807 martyrum
3317 737 3656 792 sacerdotum
3689 739 3765 793 0r

1017 805 1289 882 ’θρέψεως
1304 805 1332 865 .·
1555 805 1564 810 ·
1821 805 1831 813 ·

2748 816 2800 864 et
2832 805 3114 879 Orepseos.

401 899 698 974 Εἰρηναῖος
760 899 788 954 6
850 898 1116 972 μακάριος
1203 897 1529 973 λειτουργὸς
1609 899 1828 975 ὑπῆρχε
1899 901 1996 952 τοῦ

324 991 571 1064 Χριστοῦ
605 989 741 1062 μετᾶ
794 992 892 1043 τοῦ
953 985 1116 1064 ἁγίου
1176 993 1299 1062 ’Ὠρ,
1349 987 1440 1043 καὶ
1483 993 1580 1042 τοῦ
1634 987 1788 1064 ἁγίου
1836 987 1994 1063 Ὀρέ-

324 1081 501 1152 ψεως,
550 1075 748 1140 οἵτινες
808 1075 1170 1152 κηρύττοντες
1223 1078 1315 1131 τὸν
1379 1078 1634 1152 Χριστον,
1690 1075 1998 1151 ἐκρατήθη-

325 1189 425 1223 σαν
489 1169 591 1222 ὑπὸ
649 1171 756 1222 τῶν
817 1164 1280 1242 εἰδωλολατρων.
1338 1167 1438 1224 Καὶ
1496 1168 1866 1243 παραστάντες
1915 1171 1997 1239 τῷ

320 1259 556 1333 ἄρχοντι
591 1302 606 1327 ,
665 1251 1092 1326 ἐϐασανίσθησαν
1182 1254 1483 1333 διαφόρως·
1570 1257 1683 1312 εἶτα
1739 1255 1793 1311 ἐν
1849 1257 1989 1331 πυρὶ

323 1345 740 1424 ἀπερρῥίφησαν
778 1391 790 1403 .
854 1347 958 1403 Καὶ
1043 1349 1296 1421 παραυτᾶ
1356 1347 1513 1401 ὐετοῦ
1564 1341 1993 1422 καταρραγέντος

317 1435 550 1508 ἄνωθεν,
609 1435 701 1491 καὶ
759 1440 858 1491 τοῦ
914 1437 1088 1511 πυρὸς
1149 1430 1487 1510 σϐεσθέντος,
1542 1433 1770 1509 έξῆλθον
1821 1430 1994 1490 ἀϐλα-

319 1525 441 1589 ἧεῖς
477 1571 490 1584 .
550 1525 649 1581 Καὶ
704 1525 838 1598 μετᾶ
918 1529 1089 1580 ταῦτα
1149 1525 1368 1601 θηρίοις
1447 1523 1829 1601 παρεδόθησαν
1917 1523 1995 1590 εἰς

329 1617 561 1691 βρῶσιν.
619 1613 798 1672 ’Λλλᾶ
849 1614 938 1669 καὶ
995 1615 1053 1670 ἐκ
1107 1613 1314 1670 τούτων
1372 1612 1704 1690 έρῥύσθησαν
1761 1612 1993 1688 προνοίᾳ

325 1709 486 1762 Θεοῦ.
549 1707 651 1762 Καὶ
706 1702 795 1759 ἐπὶ
851 1702 1016 1775 ξύλου
1067 1704 1460 1780 κρεμασθέντες
1516 1701 1801 1773 έξέσθησαν
1858 1723 1988 1778 σφο-

325 1793 496 1868 δρῶς’
527 1796 618 1850 καὶ
651 1793 818 1850 πάλιν
851 1798 1093 1871 Χριστοῦ
1159 1793 1423 1849 ἐπινεύσει
1485 1790 1753 1866 διέμειναν
1811 1787 1988 1847 ἀϐλα-

2174 910 2314 963 Erat
2342 908 2551 964 beatus
2582 910 2846 963 Irenaeus
2877 907 3092 962 Christi
3127 907 3402 964 minister
3458 925 3579 964 una
3623 925 3759 964 cum

2104 998 2325 1053 sanctis
2356 998 2434 1054 Or
2463 1003 2522 1053 et
2553 999 2794 1068 Orepse,
2828 997 2930 1067 qui
2955 995 3096 1051 dum
3125 997 3428 1053 Christum
3461 997 3761 1068 praadica-

2100 1091 2256 1154 rent,
2291 1086 2362 1142 ab
2395 1086 2728 1141 idololatris
2759 1085 2924 1140 fuere
2951 1085 3404 1156 comprehensi;
3451 1091 3630 1156 atque
3659 1102 3762 1141 co-

2100 1193 2228 1231 ram
2259 1178 2538 1248 praafecto
2569 1181 2856 1245 astantes,
2900 1174 3147 1230 diversis
3202 1183 3348 1232 sunt
3394 1175 3584 1230 vexati
3636 1179 3761 1230 tor-

2099 1266 2342 1322 mentis.
2379 1267 2444 1321 In
2477 1267 2676 1338 ignem
2699 1271 2907 1338 postea
2928 1264 3156 1336 injecti,
3183 1281 3213 1319 e
3238 1265 3489 1337 vestigio
3517 1263 3708 1319 imbre
3731 1280 3762 1319 e

2100 1357 2247 1411 coelo
2275 1355 2547 1423 cadente,
2583 1373 2649 1412 ac
2705 1357 2994 1410 restincto
3052 1355 3212 1427 igne,
3263 1355 3595 1410 incolumes
3645 1354 3760 1426 ipsi

2099 1451 2431 1502 evaserunt.
2463 1445 2625 1500 Feris
2658 1445 2871 1500 exinde
2895 1443 3140 1500 vorandi
3173 1443 3416 1515 objecti,
3440 1443 3546 1499 sed
3567 1460 3638 1498 ex
3662 1443 3759 1497 his

2099 1539 2277 1594 etiam
2295 1539 2396 1594 Dei
2412 1538 2787 1612 providentia
2801 1538 3020 1610 erepti:
3048 1538 3108 1592 in
3133 1536 3294 1608 ligno
3307 1553 3442 1592 mox
3463 1535 3762 1608 suspensi,

2095 1629 2313 1685 acriter
2342 1628 2728 1695 dilaniantur,
2760 1628 3098 1698 iterumque
3154 1625 3368 1681 Christi
3390 1631 3540 1681 nutu
3587 1624 3761 1680 illaesi

2095 1726 2578 1791 permanserunt.
2623 1720 2787 1775 Tunc
2842 1718 3141 1773 idolorum
3192 1717 3475 1784 cultores,
3525 1717 3764 1788 cognita

2097 1809 2337 1864 illorum
2369 1810 2553 1864 animi
2586 1809 2944 1876 constantia,
2978 1812 3156 1877 atque
3191 1823 3258 1861 eo
3290 1806 3480 1878 magis
3511 1805 3572 1860 in
3597 1806 3761 1861 furo-

325 1880 470 1946 6εἷς.
515 1884 653 1940 Τότε
713 1881 919 1945 ἰδόντες
976 1883 1028 1938 οἱ
1087 1881 1491 1958 εἰδωλολάτραι
1550 1881 1613 1936 τὸ
1663 1880 1989 1953 ἀμετάθετον

367 1979 393 1990 η
551 1972 564 1993 Ι
681 1992 688 1993 ,
765 1971 778 1990 9
830 1975 856 1987 αν
977 1992 981 1993 ,
1030 1971 1044 1990 \
1081 1969 1159 1993 7“
1221 1969 1362 1993 ,\A",
1494 1990 1542 1993 ,,_
1583 1971 1722 1993 2,,__-
1781 1969 1946 1993 I,__A__

2103 1915 2227 1954 rem
2255 1898 2471 1966 adacti,
2497 1898 2769 1953 unanimi
2795 1896 3241 1968 conspiratione
3263 1896 3502 1949 irruunt
3521 1895 3583 1950 in
3616 1911 3718 1950 eos
3744 1910 3759 1949 :

321 1979 428 2042 τῆς
460 1972 690 2047 γνώμης
721 1971 922 2044 αὐτῷν,
954 1971 1045 2026 καὶ
1077 1969 1161 2026 ἐπὶ
1213 1969 1406 2026 πλεῖον
1469 1971 1722 2043 μανέντες
1777 1969 1985 2042 ὁμοθυ-

327 2060 503 2136 μαδὸν
530 2059 859 2130 ἐπεισῆλθον
921 2060 1182 2122 αὐτοῖς·ὁ
1217 2061 1313 2133 μὶν
1369 2058 1560 2133 ξύλοις
1615 2058 1830 2114 τύπτων
1893 2057 1985 2112 αὖ·

319 2152 477 2213 τοὺς·
510 2149 621 2206 ὁδὶ
661 2149 839 2215 λίθοις
897 2144 1199 2223 συντρίϐων
1259 2148 1390 2211 τοὺς
1445 2145 1671 2207 ὀδόντας
1725 2147 1925 2219 αὐτῶν,
1960 2149 1987 2202 ὁ

322 2240 384 2296 δέ
414 2243 475 2297 έκ
511 2245 720 2317 τριχῶν
780 2238 980 2310 ἕλκων,
1014 2242 1042 2295 6
1075 2238 1133 2295 δὲ
1189 2244 1306 2302 τοῖς
1365 2241 1493 2294 ποσὶ
1555 2239 1829 2308 λακτίζων
1896 2237 1989 2293 καὶ

322 2335 667 2406 συμπατῶν.
720 2331 826 2387 Καὶ
890 2327 1051 2392 τέλος
1111 2328 1383 2405 σχοινίοις
1446 2327 1708 2401 δήσαντες
1765 2327 1986 2398 αὐτοὺς,

320 2421 414 2476 καὶ
450 2421 704 2496 σύραντες
733 2414 834 2491 ἔξω
858 2425 958 2489 τῆς
991 2418 1253 2484 πόλειως,
1286 2418 1423 2498 ξίφει
1451 2418 1547 2481 τὰς
1600 2419 1750 2491 ἱερὰς
1809 2416 1986 2472 αὐτῶν

322 2510 595 2583 ἀπέτεμον
648 2507 913 2587 κεφαλάς.

327 2647 426 2703 Καὶ
457 2643 690 2717 ἄθλησις
721 2649 819 2701 τοῦ
849 2644 1009 2719 ἁγίου
1062 2647 1336 2719 μάρτυρος
1393 2645 1708 2719 Σιλουανοῦ
1765 2644 1988 2701 ἐπισκό-

789 2717 906 2772 που
925 2717 1015 2771 καὶ
1055 2717 1165 2772 τῶν
1210 2717 1302 2772 σὺν
1356 2717 1526 2790 αὐτῷ.

397 2827 467 2883 Οἱ
515 2826 660 2901 ἅγιοι
717 2828 816 2880 τοῦ
877 2825 1114 2898 Χριστοῦ
1176 2826 1446 2900 μάρτυρες
1506 2824 1825 2894 Σιλουανὸς,
1875 2830 1986 2879 Σα-

328 2910 510 2986 ϐῖνος,
559 2914 647 2969 καὶ
701 2916 1012 2989 Πανθήριος
1074 2915 1330 2990 ὑπῆρχον
1395 2915 1491 2988 μέν
1549 2913 1610 2969 ἐκ
1636 2921 1738 2984 τῆς
1799 2913 1988 2990 χώρας

335 3011 577 3077 Θρφιης,
649 3004 734 3059 έπὶ
814 3011 916 3074 τῆς
1003 3003 1284 3073 βασιλείας
1356 3002 1775 3075 Διοκλητιανοῦ.
1853 3005 1986 3080 Χρι-

345 3089 551 3146 στιανοί
628 3090 680 3148 δὲ
735 3091 926 3164 ὄντες,
976 3092 1256 3150 ἐδίδασκον
1317 3093 1406 3148 ἐπὶ
1458 3099 1537 3166 τῷ
1594 3093 1825 3168 ὀνόματι
1889 3091 1988 3148 τοῦ

341 3183 594 3254 Χριστοῦ.
625 3183 777 3246 Ὀθεν
823 3182 1184 3258 κρατηθέντες
1217 3183 1322 3237 ὑπὸ
1377 3187 1488 3237 τῶν
1545 3179 1986 3255 εἰδωλολατρῶν,

2102 1994 2161 2043 et
2189 1987 2342 2043 alius
2374 1987 2631 2042 fustibus
2663 1988 2825 2058 ipsos
2855 1985 3132 2057 percutit,
3166 1984 3324 2039 saxis
3354 1983 3508 2038 alius
3549 1999 3755 2038 eorum

2097 2077 2355 2132 conterit
2383 2076 2613 2143 dentes,
2633 2075 2786 2130 alius
2805 2074 3054 2145 capillos
3085 2073 3302 2139 evellit,
3323 2071 3588 2127 calcibus
3603 2070 3757 2125 alius

2099 2166 2359 2238 impellit
2388 2171 2564 2236 atque
2596 2164 2909 2220 conculcat
2936 2181 2948 2218 :
2985 2179 3052 2217 ac
3077 2161 3314 2217 tandem
3336 2159 3758 2231 funibusipsos

2100 2255 2528 2322 obvincientes,
2565 2260 2624 2309 et
2653 2258 2819 2309 extra
2848 2253 3146 2308 civitatem
3180 2255 3506 2322 raptantes,
3558 2248 3755 2320 gladio

2102 2362 2301 2400 sacras
2333 2345 2575 2399 illorum
2608 2344 2866 2399 cervices
2897 2346 3302 2414 amputarunt.

2171 2656 2243 2708 Et
2263 2659 2535 2710 certamen
2563 2653 2746 2708 sancti
2769 2650 3035 2721 martyris
3065 2649 3282 2706 Silvani
3311 2655 3365 2704 et
3387 2648 3679 2704 sociorum.

2171 2823 2370 2878 Sancti
2413 2821 2630 2878 Christi
2691 2826 2985 2892 martyres
3039 2819 3336 2883 Silvanus,
3392 2817 3650 2873 Sabinus
3700 2821 3758 2871 et

2100 2911 2456 2967 Pantherius
2486 2928 2557 2966 ex
2596 2911 2858 2966 Thraciaa
2888 2910 3150 2982 regione,
3184 2907 3553 2963 Diocletiano
3576 2907 3760 2978 impe-

2097 3006 2317 3066 ratore,
2350 3001 2608 3056 fuerunt.
2644 3001 2787 3056 Cum
2820 3003 3016 3054 autem
3050 2997 3367 3052 Christiani
3419 2999 3640 3060 essent,
3693 2995 3757 3048 in

2099 3089 2342 3144 nomine
2365 3089 2580 3143 Christi
2603 3086 2917 3142 docebant.
2947 3087 3316 3156 Quapropter
3336 3079 3756 3137 abidololatris

2099 3178 2539 3251 comprehensi,
2573 3178 2737 3232 illius
2758 3176 3076 3249 provincia;
3095 3174 3374 3246 prmfecto
3403 3171 3754 3238 traduntur;

330 3265 706 3343 παρεδόθησαν
767 3276 848 3343 τῷ
905 3278 1005 3341 τῆς
1064 3271 1254 3347 χώρας
1311 3273 1559 3347 ἄρχοντι.
1622 3269 1717 3325 Καὶ
1778 3269 1989 3346 ἐρωτη-

2103 3274 2160 3324 et
2189 3268 2560 3342 interrogati,
2591 3266 3012 3336 Christumque
3044 3263 3323 3332 confessi,
3382 3262 3576 3333 primo
3625 3260 3760 3332 qui-

327 3360 508 3420 θέντες
537 3359 627 3414 καὶ
656 3361 748 3414 τὸν
779 3360 1011 3436 Χριστὸν
1075 3358 1550 3436 ὁμολογήσαντες,
1609 3364 1828 3435 πρῶτον
1894 3361 1989 3434 μὶν

324 3447 632 3525 ἐτύφθησαν
692 3447 968 3528 σφοδρῶς.
1029 3451 1259 3508 Ἔπειτά
1290 3450 1508 3526 φυλακῇ
1567 3448 1994 3528 πᾶραδοθέντες,

327 3536 812 3612 ἐταλαιπωροῦντο
841 3541 895 3595 έν
930 3541 1066 3614 αὐτῇ
1095 3538 1250 3614 λιμῷ
1273 3541 1364 3595 καὶ
1397 3538 1543 3614 δίψει
1574 3538 1992 3614 παραδοθέντες,

324 3625 808 3702 ἐταλαιπωροῦντο
840 3627 892 3684 έν
925 3627 1064 3703 αὐτῇ
1116 3627 1267 3702 λίμῷ
1298 3629 1387 3683 καὶ
1452 3625 1595 3702 δίψει
1651 3629 1990 3702 πιεζόμενοι.

337 3717 444 3773 Καὶ
479 3718 613 3790 μετᾶ
641 3716 857 3780 πολλὰς
885 3718 1098 3794 ἡμέρας
1145 3725 1246 3788 τῆς
1303 3717 1553 3793 φυλακῆς
1608 3712 1988 3790 ἐκϐληθέντες,

333 3803 505 3860 πάλιν
559 3806 931 3882 ἠναγκάζοντο
1007 3806 1337 3881 ἀρνήσασθαι
1425 3806 1520 3879 μὶν
1586 3807 1677 3862 τὸν
1733 3807 1989 3881 Χριστὸν,

337 3895 498 3948 θῦσαι
549 3891 608 3950 δὲ
652 3900 771 3957 τοῖς
802 3893 1084 3958 εἰδώλοις·
1155 3897 1230 3969 μή
1290 3897 1594 3958 πεισθέντες
1654 3893 1731 3966 δὲ,
1784 3917 1992 3970 κρεμα-

334 3982 588 4054 σθέντες,
645 3984 932 4057 έξέσθησαν
985 3989 1242 4040 τοσοῦτον
1281 4031 1294 4056 ,
1344 3979 1446 4047 ἕως
1495 4007 1555 4041 τε
1612 3993 1844 4064 φανῆναι
1924 3985 1990 4041 τὰ

333 4071 631 4148 σπλάγχνα
657 4074 856 4132 αὐτῶν.
892 4074 990 4131 Καὶ
1053 4077 1187 4148 μετά
1241 4075 1342 4142 τὴς
1401 4072 1604 4152 ἄφατον
1662 4073 1874 4146 ἐκείνην
1905 4096 1986 4130 τι-

2105 3362 2241 3418 dem
2256 3363 2566 3418 cmduntur
2591 3362 3010 3416 vehementer:
3042 3357 3266 3414 carceri
3292 3353 3757 3428 posteaaddicti,

2105 3451 2327 3506 ibidem
2359 3452 2514 3507 fame
2547 3451 2763 3522 sitique
2794 3448 3198 3505 afﬂictantur:
3247 3462 3315 3501 ac
3361 3443 3568 3499 multis
3624 3448 3760 3514 post

2105 3540 2315 3596 diebus
2346 3541 2417 3596 de
2449 3539 2722 3595 custodia
2752 3539 2971 3603 educti,
3005 3537 3201 3592 denuo
3234 3535 3535 3591 Christum
3581 3549 3754 3605 coge-

2103 3631 2322 3686 bantur
2352 3631 2667 3703 denegare,
2703 3634 2762 3683 et
2792 3627 2971 3684 idolis
3020 3625 3378 3682 sacriﬁcium
3415 3623 3650 3680 offerre.
3688 3624 3761 3677 At

2102 3739 2224 3777 non
2256 3721 2436 3788 suasi,
2471 3719 2769 3792 suspensi,
2805 3718 2950 3775 adeo
2976 3722 3117 3772 sunt
3137 3715 3433 3783 dilaniati,
3458 3719 3524 3769 ut
3548 3729 3757 3768 eorum

2099 3811 2325 3866 viscera
2350 3813 2724 3882 apparerent.
2754 3810 2894 3863 Post
2922 3807 3094 3862 illum
3123 3821 3259 3861 vero
3301 3803 3755 3860 acerbissimum

2101 3901 2453 3968 cruciatum,
2486 3899 2666 3973 gladii
2699 3903 2942 3971 accepta
2965 3894 3283 3962 s'ententia,
3317 3894 3497 3954 vincti
3537 3891 3612 3949 ad
3643 3908 3760 3947 cre-

2101 3989 2235 4046 dem
2267 3991 2601 4046 ducuntur:
2636 3990 2791 4046 214
2817 3993 2997 4060 atque
3027 3987 3128 4043 ubi
3177 3985 3250 4042 ad
3301 3986 3501 4041 locum
3552 3998 3756 4056 perve-

2095 4086 2316 4135 nerunt
2340 4079 2630 4151 martyrii,
2657 4084 2920 4146 orantes,
2953 4077 3144 4148 capite
3173 4075 3340 4131 fuere
3398 4071 3762 4130 obtruncati!

334 4161 596 4235 μωρίαν,
649 4164 750 4232 τῆν
809 4160 900 4218 ’διά
953 4167 1050 4218 τοῦ
1097 4164 1286 4238 ξίφους
1342 4159 1603 4227 λαϐόντες
1654 4163 1924 4242 ἀπόφασιν
1961 4207 1976 4234 ,
2041 4163 2248 4242 ἤγοντο
2307 4164 2521 4242 δέσμιοι
2579 4167 2665 4221 ἐπὶ
2724 4165 2788 4221 τὸ
2873 4166 3212 4244 φονευθῆναι.
3275 4162 3372 4216 Καὶ
3459 4158 3760 4237 φθάσαντες

330 4250 763 4327 κεφαλίσθησαν.

333 4404 446 4462 Καὶ
481 4407 672 4481 μνήμη
726 4411 838 4483 τοῦ.
877 4406 927 4462 έν
969 4406 1162 4483 ἁγίοις
1203 4407 1427 4483 [ἰατρὸςΔ
1472 4409 1634 4482 ἡμῶν
1690 4409 1990 4466 Εὔσταθίου

820 4478 1121 4535 ἐπισκοπόυ
1152 4478 1512 4556 Ἀντιοχείας.

2101 4410 2174 4463 Et
2203 4408 2468 4462 memoria
2490 4404 2674 4462 sancti
2702 4404 2886 4486 Patris
2918 4401 3097 4486 nostri
3127 4398 3408 4455 Eustathii
3437 4395 3751 4452 Antiochia;

2793 4489 3056 4545 episcopz.

409 4625 708 4694 Εὖστάθιος
740 4631 768 4684 6
815 4632 912 4685 τοῦ
964 4631 1204 4705 Χριστοῦ
1269 4631 1540 4706 ἱεράρχης
1597 4632 1870 4708 ὑπῆρχεν,
1901 4631 1988 4688 ἐπὶ

2173 4624 2516 4679 Eustathius
2559 4621 2776 4677 Christi
2837 4617 3103 4692 pontifex
3163 4621 3310 4687 erat,
3367 4611 3756 4670 Constantino

330 4724 437 4786 τῆς
495 4717 771 4792 βασιλείας
819 4719 1222 4774 Κωνσταντίνου
1278 4723 1377 4775 τοῦ
1435 4719 1740 4795 Μεγάλου,
1799 4721 1991 4797 ἀρχιιο

331 4806 992 4884 πίσκοποςἈντιοχείας.
1046 4811 1235 4870 ’Όστις
1289 4809 1378 4864 γαὶ
1438 4809 1491 4865 έν
1548 4814 1617 4884 τῇ
1676 4811 1868 4886 πρώτῃ
1901 4833 1992 4866 συ-

329 4895 486 4970 νὸδῳ
513 4903 620 4953 τῶν
669 4899 718 4954 ἐν
752 4900 956 4974 Νικαίᾳ
1011 4899 1341 4974 τριακοσίων
1403 4898 1532 4956 δέκα
1560 4902 1649 4957 καὶ
1708 4902 1852 4956 ὀκτὼ
1883 4909 1993 4957 Πα-

329 4985 509 5062 τέρων
587 4987 853 5065 ὑπῆρχε,
940 4991 1239 5064 συνήγορος
1309 4989 1435 5062 ἐμέν
1520 4998 1622 5060 τῆς
1706 4989 1990 5062 ἀληθείας,

333 5074 636 5141 ἀντίπαλος
665 5075 725 5133 δί
761 5082 857 5133 τοῦ
886 5075 1146 5152 ψεύδους,
1185 5078 1283 5133 Διὰ
1313 5075 1369 5133 δὲ
1421 5079 1484 5134 τὸ
1515 5079 1989 5157 παρρησιάσασθαι

333 5166 438 5234 τήν
497 5165 776 5236 ἀλήθειαν,
833 5167 1046 5242 ἐγένετο
1108 5166 1309 5243 ἐχθρὸς
1361 5173 1478 5231 τοῖς
1539 5171 1861 5245 ’Δρειανοῖς.
1891 5170 1989 5225 Καὶ

337 5255 478 5329 μετᾶ
516 5255 777 5326 τελευτήν
837 5257 1240 5313 Κωνσταντίνου
1295 5261 1392 5313 τοῦ
1432 5258 1704 5334 Μεγάλου,
1737 5265 1836 5329 τῆς
1892 5259 1988 5335 βα·

331 5344 548 5407 σελείας
604 5348 977 5420 κρατήσαντος
1038 5346 1412 5402 Κωνσταντίου
1462 5349 1583 5403 υἱοῦ
1638 5348 1838 5418 αὐτοῦ,
1898 5349 1988 5404 καὶ

326 5439 453 5497 τοῖς
507 5437 810 5512 Ἀρειανοῖς
867 5438 1286 5509 προσκειμένου,
1347 5437 1593 5508 ήτήσατο
1659 5433 1919 5501 Εὐσέϐιος
1960 5439 1988 5493 6

326 5523 713 5598 Νικομηδείας
761 5525 1056 5595 ἀπελθεῖν,
1111 5525 1201 5580 καὶ
1262 5527 1547 5591 θεάσασθαι
1605 5528 1697 5582 τὸν
1732 5527 1784 5582 έν
1814 5528 1986 5603 Ἱερο-

328 5613 604 5688 σολύμοις
660 5615 790 5672 ναόν
822 5659 834 5671 .
925 5615 1027 5672 Καὶ
1111 5621 1212 5685 τῆς
1294 5615 1564 5687 αἰτήσεως
1629 5617 1837 5692 τυχὼν,
1895 5618 1982 5672 καὶ

325 5705 630 5773 ἀπελθὼν,
681 5707 1002 5780 συνήθροισε
1057 5704 1184 5764 τοὺς
1243 5706 1564 5778 Ἀρειανοὺς
1631 5703 1983 5769 ἐπισκόπους.

327 5795 429 5852 Καὶ
512 5793 925 5872 παρασκευάσας
990 5798 1218 5870 γυναῖκα
1299 5794 1665 5870 βαστάζουσαν
1742 5793 1983 5871 παιδίον,

2105 4717 2310 4788 Magno
2340 4714 2695 4786 imperante,
2730 4709 3059 4768 Antiochia:
3095 4706 3601 4779 archiepiscopus,
3652 4703 3755 4775 qui

2104 4806 2282 4861 etiam
2303 4804 2365 4859 in
2391 4805 2586 4876 prima
2603 4803 2840 4858 Nicasna
2860 4797 3086 4872 synodo
3111 4801 3515 4852 trecentorum
3546 4794 3755 4850 decem

2105 4901 2162 4950 et
2188 4900 2320 4949 octo
2342 4895 2585 4950 Patrum
2611 4890 2900 4957 interfuit,
2924 4888 3191 4944 veritatis
3212 4885 3455 4958 quidem
3473 4889 3755 4950 assertor,

2101 4984 2399 5040 mendacii
2456 4989 2656 5038 autem
2716 4982 3112 5052 impugnator.
3171 4979 3243 5032 Et
3299 4976 3440 5048 quia
3499 4973 3757 5030 fidenter

2105 5073 2458 5129 enuntiabat
2488 5072 2817 5134 veritatem,
2853 5069 2989 5124 odio
3047 5066 3567 5139 prosequebantur
3624 5077 3759 5116 eum

2103 5164 2326 5219 Ariani.
2361 5165 2501 5217 Post
2531 5162 2720 5233 Magni
2751 5160 2930 5228 igitur
2959 5156 3334 5212 Constantini
3366 5154 3758 5218 obitum,cum

2099 5254 2527 5310 Constantinus
2559 5252 2688 5323 ejus
2721 5251 2902 5318 ﬁlius,
2962 5249 3062 5319 qui
3115 5247 3348 5303 Arianis
3393 5241 3756 5306 adhaarebat,

2098 5347 2393 5418 potiretur
2423 5341 2699 5414 imperio,
2734 5340 3024 5396 Eusebius
3073 5333 3541 5392 Nicomediensis
3569 5330 3760 5386 facul-

2101 5440 2283 5490 tatem
2317 5438 2527 5505 petens
2558 5429 2838 5494 abeundi,
2871 5427 3306 5499 templumque,
3341 5421 3498 5494 quod
3545 5421 3761 5475 Hiero-

2100 5523 2346 5595 solymis
2379 5520 2669 5589 exstabat,
2716 5518 3039 5586 invisendi,
3091 5531 3335 5586 compos
3383 5511 3498 5566 voti
3546 5510 3764 5565 factus:

2098 5619 2155 5670 et
2185 5613 2508 5686 profectus,
2543 5611 2774 5666 Arianae
2806 5608 2943 5664 fidei
2995 5607 3309 5677 episcopos
3361 5599 3762 5672 congregavit-

2096 5707 2167 5760 Et
2181 5703 2502 5775 quamdam
2525 5701 2815 5756 inducens
2837 5696 3121 5752 feminam
3137 5696 3465 5764 gestantem
3482 5706 3758 5760 puerum,

2097 5800 2163 5851 ut
2185 5797 2514 5860 accusaret,
2538 5795 2597 5846 et
2616 5791 2842 5846 diceret
2868 5783 3174 5840 Eustathio
3203 5788 3410 5840 natum
3442 5779 3762 5839 infantem,
