4128 6458
352 430 483 493 601

1876 421 2318 486 AUGUSTUS.

3672 428 3792 490 602

352 561 732 638 ἐπιτήδευμα,
784 563 955 621 πάντα
1013 562 1193 633 ἀφεὶς,
1268 559 1467 617 δοῦλον
1527 556 1708 629 Ἰησοῦ
1783 557 2017 632 Χριστοῦ

2140 558 2316 625 atque
2344 555 2601 613 instituti
2618 562 2795 624 esset,
2825 559 3056 615 caeteris
3077 560 3359 617 omnibus
3380 561 3509 633 ipse
3529 562 3796 630 omissis,

358 655 561 711 ἑαυτὸν
593 653 946 730 ὡμολόγησε.
994 654 1223 727 Τυφθείς
1282 652 1372 706 οὖν
1435 646 1708 727 σφοδρῶς,
1754 642 2028 722 παρεδόθη

357 744 616 820 φυλακῇ,
666 741 720 798 ἐν
778 741 916 816 αὐτῇ
970 740 1422 818 ταλαιπωρηθεὶς
1473 738 1742 816 ἴσχυρῶς,
1799 741 1908 792 τῶν
1944 733 2032 790 δε-

355 833 743 909 σμοφυλάκων
830 829 1201 907 παραγγελίαν
1291 828 1617 902 δεξαμένων,
1703 828 1780 900 μὴ
1871 824 2036 899 μόνον

358 921 633 1001 ἀσφαλῶς
658 926 847 999 τηρεῖν
892 919 1078 991 αὐτὸν,
1129 919 1277 976 ἀλλὰ
1346 915 1489 993 μηδὶ
1545 920 1858 993 συγχωρεῖν
1914 933 2037 970 τινα

356 1012 659 1082 εἰσελθεῖν,
742 1013 833 1068 καὶ
890 1014 1241 1083 θεραπεῦσαι,
1300 1012 1336 1082 ἢ
1409 1011 1773 1086 προσαγαγεῖν
1858 1026 1913 1061 τι
1969 1004 2039 1059 τὰ

357 1104 510 1179 πρὸς
531 1102 741 1181 τροφὴν
771 1099 1077 1172 ἐπιτήδεια.
1128 1100 1279 1160 Μετὰ
1333 1098 1552 1161 πολλὰς
1608 1096 1790 1153 τοίνυν
1821 1093 2032 1170 ἡμέρας

357 1196 473 1259 τῆς
523 1189 774 1271 φυλακῆς
830 1184 1146 1261 ἐκϐληθεὶς,
1201 1190 1293 1246 καὶ
1346 1188 1515 1245 πάλιν
1570 1183 2034 1261 καταναγκασθεὶς

362 1283 708 1357 ἀρνήσασθαι
767 1280 857 1336 τὸν
918 1280 1148 1355 Χριστὸν
1207 1280 1298 1336 καὶ
1356 1281 1509 1335 θῦσαι
1574 1283 1693 1340 τοῖς
1745 1272 2028 1345 εἰδώλοις,

360 1373 458 1429 καὶ
546 1373 623 1446 μὴ
688 1369 949 1443 πεισθεὶς,
1009 1364 1332 1441 ἐϐασανίσθη
1403 1366 1686 1448 σφοδρῶς·
1739 1365 1832 1423 καὶ
1895 1366 2029 1437 μετᾶ

359 1467 533 1519 τοῦτο
592 1458 781 1518 λαϐὼν
834 1463 936 1532 τήν
996 1459 1086 1518 διὰ
1140 1466 1240 1518 τοῦ
1296 1460 1481 1535 ξίφους
1542 1459 1837 1535 ἀπόφασιν,
1895 1455 2026 1512 ἆπε-

358 1553 674 1633 ηφαλίσθη
686 1597 697 1611 .

443 1673 543 1729 Καὶ
575 1673 808 1744 ἄθλησις
836 1676 932 1728 τοῦ
963 1670 1124 1749 ἁγίου
1181 1672 1579 1748 ἱερομάρτυρος
1634 1668 1951 1744 Εῗρηναίου.

440 1791 619 1852 Οὗτος
702 1790 948 1864 ὑπῆρχεν
1026 1787 1115 1843 ἐπὶ
1171 1793 1271 1858 τῆς
1334 1783 1615 1863 βασιλείας
1656 1787 1883 1862 Μάρκου
1934 1782 2026 1839 καὶ

367 1878 723 1950 Ἀντωνίνου,
757 1877 990 1954 ἀρχαῖος
1018 1876 1178 1954 ἆνὴρ,
1214 1873 1484 1953 διάδοχος
1529 1874 1885 1953 χρηματίσας
1913 1878 2023 1929 τῶν

368 1971 542 2046 ἁγίων
577 1970 923 2039 ἀποστόλων,
962 1969 1053 2025 καὶ
1111 1968 1481 2041 ἐπισκοπησας
1536 1969 1588 2023 ἐν
1647 1966 1809 2024 πόλει
1856 1975 2028 2043 Λουγ-

372 2059 606 2131 δούνων,
641 2061 832 2136 χώρας
865 2057 1131 2121 Γαλλίας.
1177 2057 1275 2113 Καὶ
1338 2053 1568 2135 βίϐλους
1627 2055 1844 2120 πολλὰς
1899 2077 2026 2134 συγ-

367 2149 722 2226 γραψάμενος
756 2144 1081 2225 βεϐαιούσας
1136 2149 1236 2218 τήν
1296 2146 1588 2224 δρθόδοξον
1646 2146 1849 2219 πίστιν,
1905 2152 2026 2210 ταῖς

367 2237 729 2311 Ἐκκλησίαις
757 2237 1176 2296 καταλέλοιπεν.
1209 2239 1298 2310 Ἐξ
1355 2239 1429 2294 ὧν
1489 2239 1541 2293 οἱ
1589 2237 2027 2314 μεταγενέστεροι

360 2326 463 2391 τὰς
494 2327 747 2405 ἀφορμὰς
777 2334 878 2398 τῆς
909 2326 1199 2403 ἑρμηνείας
1254 2332 1364 2383 τῶν
1422 2327 1578 2382 θείων
1637 2330 1862 2404 Γραφῶν
1926 2325 2024 2382 λα-

360 2410 579 2487 ϐόντες,
614 2416 939 2488 ἐξήπλωσαν
968 2417 1044 2479 εἰς
1099 2422 1272 2471 πᾶσαν
1315 2419 1415 2486 τήν
1451 2415 1803 2490 οἰκουμένην.
1841 2413 2024 2479 Πολὺς

362 2506 459 2561 οὖν
521 2504 600 2569 εἷς
660 2506 862 2585 ἀφετήν
922 2505 1014 2563 καὶ
1071 2510 1275 2582 γνῶσιν
1350 2506 1663 2583 γενόμενος,
1730 2506 1867 2579 μετᾶ
1923 2506 2022 2574 τὴν

365 2596 507 2672 ὑπὲρ
540 2599 786 2674 Χριστοῦ
841 2596 1097 2670 ἄθλησιν,
1130 2596 1221 2653 καὶ
1272 2596 1336 2652 τὸ
1394 2595 1556 2659 τέλος
1609 2597 1869 2651 Ποθεινοῦ
1925 2598 2024 2650 τοῦ

355 2686 683 2759 ἐπισκόπου,
743 2685 1044 2751 ἐπίσκοπος
1098 2684 1491 2761 προεχειρίσθη
1571 2692 1670 2756 τῆς
1728 2683 2026 2759 εἰρημένης

358 2774 601 2841 πόλεως.
636 2777 739 2834 Καὶ
774 2774 1029 2840 πολλοὺς
1058 2780 1168 2831 τῶν
1212 2776 1451 2831 ἀπίστων
1487 2774 1695 2852 λόγοις,
1728 2775 1818 2829 καὶ
1869 2771 2022 2829 διδα-

362 2866 620 2930 σκαλίαις
658 2866 928 2944 ἁρπάσας,
984 2867 1077 2923 καὶ
1128 2873 1211 2941 τῷ
1263 2870 1491 2943 Χριστῷ
1550 2865 1826 2944 μάρτυρας
1883 2887 2021 2942 προο

369 2957 648 3030 σαγαγὼν,
675 2955 987 3014 τελευταῖον
1037 2958 1128 3013 καὶ
1188 2954 1351 3020 αὐτὸς
1406 2956 1694 3033 κρατηθεὶς
1753 2956 1857 3012 ὑπὸ
1912 2959 2020 3011 τῶν

382 3040 652 3114 διωκτῶν,
678 3047 762 3101 καὶ
794 3048 934 3127 ξίφει
959 3044 1299 3121 τελειωθεὶς,
1329 3046 1466 3123 πρὸς
1506 3046 1634 3101 Θεὸν
1667 3043 2022 3121 ἐξεδήμησεν,

381 3127 673 3189 ἀπολαϐὼν
700 3136 799 3210 τήν
827 3134 1197 3212 ἀποκειμὺην
1225 3133 1373 3211 αύτῷ
1408 3134 1710 3213 βασιλείαν.

933 3258 1116 3315 MHNI
1143 3261 1232 3312 ΤΩ
1268 3258 1462 3313 ΑΥΤΩ.

1156 3373 1253 3423 KA'

583 3470 852 3544 Ἅθλησις
880 3471 979 3529 τοῦ
1011 3472 1174 3551 ἁγίου
1210 3475 1489 3551 μάρτυρος
1519 3476 1807 3533 Τατιανοῦ.

440 3590 720 3663 Τατιανὸς,
780 3590 809 3645 ὁ
855 3590 955 3646 τοῦ
984 3593 1226 3668 Χριστοῦ
1260 3591 1487 3669 μάρτυς,
1540 3591 1789 3668 ὑπῆρχεν
1836 3592 1897 3648 ἐκ
1923 3600 2025 3664 τῆς

365 3674 563 3750 χώρας
618 3675 879 3753 Κρατίας,
925 3681 1197 3733 κατοικῶν
1251 3676 1493 3749 πλησίον
1544 3682 1643 3733 τοῦ
1724 3679 2025 3736 Μαντινὲου

363 3764 464 3819 καὶ
504 3762 775 3835 διδάσκων
826 3764 957 3831 τοὺς
1010 3764 1501 3844 προσερχομένους
1559 3769 1712 3841 αύτῷ
1768 3768 2029 3834 ἀπίστους

366 3855 473 3922 τήν
530 3854 609 3917 εἷς
666 3855 906 3930 Χριστὸν
960 3856 1162 3914 πίστιν.
1219 3856 1580 3934 Διαγνωσθεὶς
1638 3855 1696 3912 δὲ
1751 3855 2023 3935 ἐκρατήθη

369 3944 523 4018 παρᾶ
550 3949 658 3999 τῶν
688 3943 999 4018 Ἑλλήνων,
1040 3946 1132 4002 καὶ
1192 3943 1368 4010 δεθεὶς
1427 3945 1705 4018 ἀλύσεσιν,
1735 3943 1891 4024 ἤχθη
1951 3948 2029 4012 εἰς

371 4031 848 4109 Κλαυδιούπολον,
880 4036 972 4092 καὶ
1016 4033 1293 4111 παρεδόθη
1350 4040 1431 4110 τῷ
1478 4037 1739 4114 ἡγεμόνι.
1774 4037 1871 4093 Καὶ
1922 4040 2025 4109 τὴν

370 4122 561 4195 ἀληθῆ
593 4122 772 4180 πίστιν
800 4124 1112 4201 κηρύττων,
1172 4124 1372 4204 ἐτύφθη
1434 4123 1689 4206 σφοδρῶς
1740 4128 1830 4183 καὶ
1887 4149 2026 4204 παρ-

370 4209 540 4284 εδόθη
580 4213 821 4291 φυλακῇ.
884 4212 1031 4270 Μετᾶ
1086 4212 1145 4270 δὲ
1193 4215 1256 4270 τὸ
1310 4213 1806 4290 ταλαιπωρηθῆναι
1864 4216 2024 4273 αὐτὸν

369 4302 599 4370 ἱκανῶς,
632 4297 924 4375 ἐκϐληθεὶς
952 4300 1121 4360 πάλιν
1177 4305 1496 4380 ἠναγκάσθη
1548 4304 1882 4378 ἂρνῆσασθαι
1934 4308 2028 4363 τὸν

368 4391 874 4470 Χριστόν.Καῖμή
930 4395 1171 4457 πεισθεὶς
1231 4393 1433 4474 ἐτύφθη
1493 4394 1679 4466 ξύλοις
1740 4396 2028 4473 μεγάλοις,

369 4481 467 4539 καὶ
549 4480 801 4559 σιδήροις
881 4489 1181 4561 πυρωθεῖσι
1248 4481 1582 4563 κατεφλέγη.
1672 4486 1799 4543 Εῖτα
1857 4483 2028 4550 δεθεὶς

373 4573 670 4649 σχοινίοις,
702 4572 926 4649 ἐσύρετο
959 4571 1049 4629 διὰ
1081 4572 1250 4649 μέσης
1278 4580 1381 4645 τῆς
1441 4574 1659 4638 πόλεως
1686 4577 2028 4651 τυπτόμενος

2139 659 2203 698 se
2232 645 2370 701 Jesu
2390 644 2611 702 Christi
2642 662 2876 703 servum
2906 647 3213 705 confessus
3237 654 3345 706 est.
3376 651 3611 706 Acriter
3639 652 3794 708 216

2136 735 2317 808 igitur
2356 753 2699 810 percussus,
2758 740 3041 797 custodiae
3101 742 3377 810 traditur,
3438 747 3497 799 et
3549 760 3796 817 magnas

2135 825 2358 884 ibidem
2385 830 2634 901 pertulit
2662 831 3052 900 calamitates,
3078 832 3266 905 jussis
3288 834 3544 890 carceris
3594 841 3797 890 custo-

2135 912 2312 973 dibus
2368 935 2492 974 non
2551 920 2729 976 modo
2780 921 3100 994 diligenter
3167 922 3365 994 ipsum
3451 938 3791 990 asservare;

2138 1006 2241 1062 sed
2272 1009 2501 1065 nemini
2533 1011 2902 1083 permittere,
2940 1016 3005 1066 ut
3036 1011 3110 1067 ad
3131 1012 3795 1083 illumvcurandumﬁeu

2135 1094 2210 1151 ad
2242 1096 2447 1169 aliqua
2477 1099 2529 1155 ei
2561 1100 2931 1156 afferendum
2963 1101 3270 1157 esculenta
3300 1101 3594 1158 introiret.
3641 1104 3791 1175 Ergo

2135 1190 2270 1258 post
2295 1187 2521 1246 multos
2552 1188 2679 1247 dies
2706 1190 2779 1246 de
2812 1207 3051 1247 carcere
3081 1190 3352 1259 eductus,
3377 1207 3444 1247 ac
3477 1191 3672 1248 denuo
3703 1209 3798 1248 co-

2135 1281 2301 1333 actus
2320 1276 2659 1337 desciscere
2679 1280 2983 1349 aChristo,
3016 1280 3313 1353 idolisque
3346 1283 3702 1353 sacriﬁcare,
3736 1288 3797 1338 et

2134 1365 2302 1421 nullo
2332 1367 2512 1425 modo
2542 1369 2618 1426 ad
2646 1369 2708 1425 id
2740 1386 2802 1426 se
2834 1370 3037 1426 induci
3067 1386 3301 1443 passus,
3325 1371 3579 1444 ﬂagellis
3609 1370 3793 1427 vehe-

2134 1461 2370 1513 menter
2393 1458 2805 1517 contunditur.
2829 1462 2970 1516 Post
3003 1461 3131 1516 haac
3156 1460 3339 1533 gladii
3371 1460 3616 1519 subiens
3655 1477 3791 1519 sen-

2134 1545 2406 1615 tentiam,
2433 1547 2627 1619 capite
2657 1548 2964 1620 plectitur.

2329 1664 2400 1717 Et
2427 1669 2701 1721 certamen
2729 1667 3066 1721 sacrosancti
3092 1668 3355 1735 martyris
3382 1667 3602 1723 Irenaei.

2204 1783 2441 1838 Exstitit
2469 1784 2583 1852 hic,
2616 1784 3051 1857 imperantibus
3108 1786 3301 1841 Marco
3360 1789 3420 1840 et
3465 1785 3789 1853 Antonino,

2132 1869 2343 1942 priscaa
2376 1874 2569 1929 mtatis
2598 1874 2705 1941 vir,
2739 1873 3146 1946 apostolorum
3174 1890 3505 1941 successor,
3530 1875 3796 1947 episcopi

2133 1977 2386 2017 munere
2418 1962 2478 2017 in
2502 1963 2785 2032 Lugduno
2811 1962 3014 2019 Gallina
3036 1963 3275 2018 civitate
3295 1963 3555 2018 functus.
3586 1964 3795 2019 Plures

2134 2050 2314 2105 etiam
2338 2052 2696 2123 conscripsit
2724 2051 2908 2107 libros
2932 2051 3006 2107 ad
3029 2051 3421 2107 orthodoxam
3444 2050 3624 2106 ﬁdem
3652 2068 3793 2107 con-

2133 2138 2512 2208 ﬁrmandam,
2547 2157 2581 2196 a
2615 2140 2833 2213 quibus
2863 2158 3012 2197 ansa
3040 2145 3280 2214 arrepta
3325 2141 3685 2212 posteriores
3716 2140 3791 2195 ad

2133 2226 2613 2300 interpretandas
2643 2230 2877 2286 divinas
2908 2230 3265 2302 Scripturas,
3296 2231 3570 2285 universo
3601 2234 3789 2285 terra-

2131 2336 2265 2374 rum
2298 2319 2427 2375 orbi
2461 2337 2561 2377 eas
2592 2326 3013 2394 exposuerunt.
3044 2320 3311 2378 Celebris
3342 2321 3544 2392 itaque
3576 2320 3789 2375 virtute

2132 2425 2200 2464 ac
2240 2409 2600 2478 eruditione,
2658 2417 2975 2483 postquam
3030 2427 3138 2483 pro
3194 2410 3428 2467 Christo
3484 2415 3788 2466 certamen

2132 2498 2423 2555 Pothinus
2458 2500 2772 2572 episcopus
2833 2501 3288 2569 consummavit,
3348 2500 3475 2573 ipse
3527 2498 3790 2574 prmfatco

2129 2587 2298 2644 urbis
2344 2588 2661 2662 episcopus
2684 2590 3077 2664 designatur;
3130 2607 3199 2647 ac
3246 2590 3468 2646 multos
3514 2589 3792 2645 inﬁdeles

2131 2677 2533 2750 sermonibus,
2569 2684 2626 2735 et
2652 2680 2962 2749 doctrinis,
2994 2680 3631 2751 adhortationibusque
3654 2680 3794 2735 abs-

2130 2766 2473 2823 trahensab
2532 2784 2756 2837 errore,
2799 2774 2977 2841 atque
3027 2769 3163 2825 illos
3210 2769 3443 2825 Christo
3495 2773 3790 2840 martyres

2129 2853 2442 2928 adjugens,
2475 2856 2716 2913 tandem
2747 2862 2807 2913 et
2834 2858 2964 2930 ipse
3018 2859 3490 2932 comprehensus
3521 2875 3556 2914 a
3583 2876 3787 2931 perse-

2129 2945 2456 3015 cutoribus,
2489 2950 2549 3001 et
2574 2946 2771 3020 gladio
2803 2947 3131 3018 confectus,
3168 2947 3243 3004 ad
3274 2949 3460 3004 Deum
3488 2948 3785 3021 migravit,

2127 3038 2402 3105 paratum
2433 3033 2546 3089 sibi
2577 3050 2826 3107 regnum
2858 3035 3175 3107 recipiens.

2697 3250 2937 3307 EODEM
2974 3251 3224 3309 MENSE.

2630 3358 2736 3414 Die
2766 3359 3049 3416 vicesima
3077 3364 3290 3431 quarta

2332 3465 2482 3522 217
2519 3465 2802 3523 Certamen
2833 3469 3014 3523 sancti
3039 3466 3307 3538 martyris
3340 3469 3581 3523 Tatium".

2207 3582 2490 3639 Tatianus
2521 3582 2739 3639 Christi
2769 3589 2997 3656 martyr
3026 3584 3140 3640 fuit
3168 3602 3240 3640 ex
3270 3586 3470 3642 Gratia
3507 3584 3748 3658 regione
3776 3601 3789 3642 :

2138 3676 2196 3727 et
2219 3671 2376 3744 apud
2402 3672 2765 3728 Mantineam
2791 3673 3034 3746 degens,
3066 3678 3243 3746 atque
3275 3675 3350 3731 ad
3399 3691 3461 3730 se
3504 3673 3793 3731 acceden-

2136 3767 2226 3817 tes
2257 3760 2531 3817 inﬁdeles
2563 3761 2744 3818 fidem
2800 3763 3017 3819 Christi
3078 3763 3356 3834 edocens,
3415 3764 3488 3820 ab
3537 3764 3794 3820 ethnicis

2138 3850 2436 3916 detentus,
2464 3856 2523 3906 et
2551 3852 2778 3908 catenis
2808 3852 3187 3921 constrictus,
3218 3854 3653 3927 ClaudiOpolim
3676 3854 3793 3910 du-

2136 3941 2312 4007 citur,
2341 3954 2409 3995 ac
2440 3940 2697 3997 traditur
2724 3941 3006 4014 praefecto
3033 3961 3048 4011 ;
3102 3960 3422 4017 veramque
3473 3945 3795 4000 enuntians

2136 4030 2318 4087 ﬁdem
2351 4030 2674 4088 crudeliter
2703 4032 2971 4101 caeditur,
3008 4038 3068 4089 et
3097 4032 3161 4090 in
3191 4051 3491 4091 carcerem
3513 4035 3793 4091 mittitur.

2134 4121 2457 4192 Postquam
2486 4138 2626 4177 vero
2658 4122 2943 4177 aerumnis
2972 4122 3086 4178 fuit
3113 4123 3285 4180 valde
3302 4126 3794 4195 vexatus,iterum

2137 4214 2461 4282 extractus,
2493 4210 2793 4266 Christum
2846 4211 3075 4284 cogitur
3120 4212 3434 4287 denegare.
3486 4214 3599 4270 Sed
3628 4214 3703 4270 ad
3734 4213 3793 4284 id

2134 4314 2519 4371 nequaquam
2546 4300 2852 4370 inductus,
2886 4300 3230 4373 ingentibus
3259 4302 3520 4359 fustibus
3550 4320 3793 4375 percus-

2138 4407 2262 4459 sus,
2293 4395 2352 4444 et
2380 4390 2564 4463 ignito
2622 4388 2782 4445 ferro
2840 4389 3225 4459 combustus;
3284 4392 3531 4449 funibus
3587 4398 3797 4465 postea

2137 4480 2389 4547 vinctus,
2420 4496 2527 4552 per
2546 4478 2806 4535 mediam
2831 4478 3043 4535 urbem
3064 4486 3357 4553 raptatur,
3390 4498 3709 4554 percussus
3738 4488 3798 4539 et

2139 4568 2544 4625 conculcatus.
2578 4571 2844 4641 Cumque
2875 4568 2949 4626 ad
2971 4570 3224 4627 civitatis
3246 4576 3479 4643 portam
3490 4573 3793 4644 pervenis-

371 4663 468 4717 καὶ
524 4661 999 4739 συμπατούμενος.
1060 4662 1165 4721 Καὶ
1213 4664 1305 4718 ὅτε
1362 4660 1561 4737 ἔφθασε
1590 4666 1687 4735 τήν
1720 4664 1902 4739 πύλην
1932 4673 2027 4739 τῆς

2143 4662 2252 4729 set,
2286 4675 2349 4714 se
2380 4658 2575 4714 crucis
2605 4658 2774 4732 signo
2806 4658 3070 4733 signans,
3093 4659 3297 4716 audita
3325 4659 3583 4735 desuper
3629 4679 3794 4735 voce,

374 4752 621 4826 πόλεως,
679 4753 979 4832 σφραγίσας
1038 4752 1226 4809 ἑαυτὸν
1284 4757 1364 4827 τῷ
1422 4752 1638 4829 σημείῳ
1687 4759 1784 4811 τοῦ
1839 4756 2029 4832 τιμίου

376 4848 635 4922 σταυροῦ,
664 4845 757 4902 καὶ
814 4852 1003 4925 φωνῆς
1059 4842 1259 4902 ἄνωθεν
1313 4843 1616 4910 ἐπακούσας
1674 4846 2028 4925 εὐαγγελιζο-

380 4935 551 5009 μὲνης
576 4936 646 4992 τὰ
675 4933 1011 5010 ἀποκείμενα
1040 4934 1188 5010 αὗτῷ
1215 4934 1412 5013 ἀγαθὰ,
1440 4939 1522 5008 τῷ
1549 4939 1669 5010 Θεῷ
1722 4937 1785 4993 τὸ
1814 4941 2030 5012 πνεῦμα

370 5026 662 5102 παρέθετο,
684 5024 775 5082 καὶ
804 5024 976 5105 ἐτάφη
1004 5024 1069 5082 τὸ
1095 5025 1280 5100 τίμιον
1319 5025 1485 5082 αὐτοῦ
1515 5023 1769 5102 λείψανον
1801 5024 1854 5083 ἐν
1887 5028 2028 5105 αύτῇ

368 5118 444 5190 τῇ
476 5112 661 5174 πόλει.

371 5231 474 5290 Καί
505 5232 736 5307 ἄθλησις
762 5237 864 5311 τοῖ’)
892 5232 1049 5311 ᾁγίου
1101 5233 1376 5311 μάρτυρος
1432 5231 1718 5311 Εὐτυχίὸυ
1779 5239 2028 5309 μαθητοῦ

690 5310 789 5362 τοῦ
819 5305 973 5383 ἁγίου
1004 5305 1257 5363 Ἰωάννου
1277 5305 1375 5361 τοῦ
1405 5305 1701 5381 Θεολόγου.

445 5425 703 5502 Εὗτυχής
734 5425 783 5480 ἴ
792 5428 891 5481 τοῦ
921 5428 1161 5501 Χριστοῦ
1189 5425 1417 5499 μάρτυς,
1449 5423 1661 5499 ἐγένετο
1703 5425 1798 5499 μὲν
1830 5423 1891 5480 ἐκ
1925 5431 2027 5496 τῆς

372 5513 895 5579 Σεϐαστουπόλεως·
956 5512 1047 5572 διὰ
1126 5513 1186 5572 δὲ
1240 5514 1333 5571 τὸν
1378 5518 1516 5592 πρὸς
1566 5516 1801 5591 Χριστὸν
1858 5515 2026 5582 πόθον

368 5606 694 5666 καταλιπὼν
745 5605 838 5663 καὶ
893 5603 1131 5684 πατρίδα
1189 5602 1285 5662 καί
1359 5609 1565 5681 γονεῖς,
1621 5603 1839 5676 ἀπῆλθε
1891 5606 2030 5681 πρὸς

369 5701 466 5757 τὸν
501 5700 659 5774 ἅγιον
716 5695 972 5767 Ἰωάννην
1024 5696 1118 5752 τὸν
1176 5691 1473 5772 Θεολόγον,
1528 5694 1623 5751 καὶ
1679 5693 1904 5771 γὲγονεν
1932 5695 2027 5752 αύ-

373 5794 476 5849 τοῦ
528 5789 802 5864 μαθητής.
863 5786 967 5844 Καὶ
1028 5785 1414 5862 μιμησάμενος
1473 5784 1635 5841 αὐτὸν
1680 5784 1757 5848 εἷς
1812 5786 2029 5861 ἀρετὴν,

2142 4765 2273 4820 qum
2295 4748 2409 4820 ipsi
2436 4753 2769 4820 praeparata
2785 4747 2945 4805 dona
2965 4749 3529 4824 annuntiabat,spiri
3538 4758 3662 4809 tum
3677 4753 3794 4809 Deo

2140 4837 2387 4894 tradidit
2414 4852 2428 4892 :
2461 4837 2711 4909 ejusque
2741 4838 3109 4897 venerabiles
3167 4840 3440 4913 reliquiae
3490 4842 3555 4899 in
3588 4842 3798 4900 eadem

2139 4926 2374 4983 civitate
2404 4925 2660 4983 conditas
2692 4925 2956 4983 fuerunt.

2138 5230 2212 5286 Et
2268 5235 2545 5285 certamen
2596 5229 2778 5303 sancti
2814 5232 3123 5303 _martyris
3193 5232 3456 5303 Eutychii
3527 5231 3799 5303 discipuli

2594 5301 2776 5356 sancti
2799 5301 3029 5358 Joannis
3062 5301 3341 5376 Theologi.

2212 5426 2533 5499 Eutychius
2575 5425 2794 5482 Christi
2844 5432 3073 5500 martyr
3147 5428 3520 5503 Sehastopoli
3596 5433 3797 5500 natus,

2139 5522 2384 5590 pr0pter
2412 5516 2623 5573 Christi
2658 5516 3046 5590 desiderium,
3087 5521 3319 5591 patrias,
3351 5536 3421 5577 ac
3450 5520 3797 5592 parentibus

2139 5609 2352 5664 nuntio
2379 5607 2657 5675 remisso,
2688 5608 2940 5666 secessit
2966 5608 3041 5666 ad
3067 5609 3361 5667 Joannem
3409 5611 3796 5687 Theologum,

2143 5704 2201 5754 et
2225 5699 2390 5754 illius
2449 5697 2634 5755 evasit
2676 5697 3051 5770 discipulus:
3101 5700 3276 5771 cujus
3332 5700 3458 5772 ipse
3515 5701 3795 5759 virtutem

2141 5788 2430 5860 imitatus,
2461 5788 2565 5844 Dei
2596 5787 2788 5860 gratia
2805 5787 3072 5858 repletus
3099 5787 3247 5845 fuit:
3298 5788 3624 5864 divinaque
3672 5794 3797 5852 zelo
