4128 6458
326 429 448 489 603
1657 421 1971 482 MENOLO

2087 423 2090 481 ξ
2137 420 2333 483 PARS
2377 422 2490 484 ΙΙΙ.
3624 432 3754 492 604

327 564 687 628 commotus,
720 558 938 613 erroris
978 557 1349 612 munitiones
1399 556 1632 625 evertit,
1687 555 1974 611 idolorum

2100 555 2331 629 χάριτος
2359 553 2606 628 ἐπλήσθη
2641 558 2796 615 Θεοῦ.
2830 558 2931 615 Καὶ
2994 558 3125 633 θείῳ
3158 561 3317 633 ζήλῳ
3363 563 3629 634 κινηθεὶς,
3687 564 3757 620 τὰ

286 680 291 687 -
323 651 465 705 fana
497 650 622 705 solo
645 648 919 718 mquavit,
951 650 1009 700 et
1039 645 1316 701 infideles
1341 645 1728 702 adChristum
1742 662 1974 701 conver-

2094 642 2437 719 ὀχυρώματα
2493 652 2596 716 τῆς
2649 645 2866 719 πλάνης
2914 646 3189 723 ἀνέτρεψε·
3246 651 3376 713 τοὺς
3435 650 3597 714 ναοὺς
3648 657 3758 708 τῶν

325 746 481 806 tens,
514 737 847 809 baptizavit.
881 737 1023 790 Post
1062 736 1341 807 Theologi
1392 741 1591 791 autem
1642 735 1974 790 transitum

2093 729 2341 788 εἰδώλων
2399 733 2777 811 κατέστρεψεν·
2835 736 2965 799 τοὺς
3026 737 3284 802 ἀπίστους
3345 737 3435 795 ἐπὶ
3489 740 3585 796 τὸν
3648 742 3754 797 Κό-

326 828 638 883 discedens
670 826 745 880 ad
776 830 1051 881 sanctum
1083 824 1358 894 Paulum,
1402 841 1613 896 passus
1664 830 1756 880 est
1806 823 1974 879 simul

2094 840 2212 894 ριον
2268 824 2513 897 Χριστὸν
2572 824 2912 904 ἐπιστρέφων
2965 822 3273 898 ἐϐάπτιζεν.
3336 829 3492 887 Μετὰ
3539 827 3598 885 δὲ
3652 832 3752 901 τὴν

326 933 458 971 cum
491 932 560 970 eo
593 913 851 979 vincula,
887 918 1203 980 tormenta,
1255 919 1435 983 atque
1485 911 1765 984 ﬂagella:
1818 917 1876 966 et
1922 911 1974 965 in

2096 913 2416 983 μετάστασιν
2445 917 2545 969 τοῦ
2576 912 2873 990 Θεολόγου,
2935 915 3189 982 ἀπελθὼν
3248 918 3387 994 πρὸς
3443 920 3536 975 τὸν
3592 919 3749 996 ἅγιον

322 1006 624 1061 fornacem
644 1005 822 1059 etiam
850 1004 1127 1075 injectus,
1150 1003 1974 1075 pluviadescendente,illam-

2091 999 2328 1072 Ιιαῦλον,
2362 1006 2786 1070 συνεκακοπάθει
2817 1006 2970 1080 αὐτῷ
3035 1007 3086 1062 ἐν
3154 1014 3273 1071 ταῖς
3317 1008 3589 1084 θλίψεσιν,
3623 1012 3753 1066 ὑπο-

327 1113 440 1168 que
477 1095 913 1166 exstinguente,
963 1094 1107 1149 exiit
1161 1093 1428 1149 illaasus:
1482 1110 1551 1148 ac
1593 1092 1812 1148 belluis
1862 1097 1974 1147 tra-

2095 1089 2271 1166 μένων
2307 1092 2480 1170 δεσμὰ
2538 1098 2629 1153 καὶ
2688 1094 3054 1175 στρεϐλώσεις
3107 1101 3200 1155 καὶ
3264 1100 3556 1176 μάστιγας.
3611 1104 3751 1176 Ἐμ-

325 1186 484 1241 ditus
520 1187 835 1255 vorandus,
869 1184 1099 1240 nullam
1131 1183 1203 1239 ab
1236 1183 1321 1239 eis
1366 1183 1678 1239 lmsionem
1729 1181 1974 1254 accepit.

2088 1177 2320 1255 ϐληθεὶς
2354 1182 2413 1240 δὲ
2442 1186 2534 1241 καὶ
2566 1187 2643 1251 είς
2697 1189 2956 1263 κάμινον,
3003 1187 3226 1262 ἐξῆλθεν
3287 1185 3562 1265 ἀϐλαϐὴς,
3595 1191 3751 1248 ὑετοῦ

320 1276 546 1331 Exinde
572 1292 606 1331 a
628 1276 730 1331 Dei
752 1275 963 1348 angelo
989 1274 1530 1345 ductus,Ephesum
1544 1272 1974 1345 proﬁciscitur;

2087 1272 2446 1339 κατελθόντος
2476 1276 2567 1331 καὶ
2625 1273 3060 1342 κατασϐέσαντος
3121 1278 3314 1351 αὐτήν.
3374 1281 3473 1337 Καὶ
3533 1283 3754 1353 θηθίοις

324 1371 383 1421 et
412 1366 503 1421 sui
535 1366 800 1438 magistri
833 1381 1005 1439 grege
1037 1364 1191 1421 218
1225 1362 1439 1432 reviso,
1470 1363 1688 1418 iterum
1732 1362 1794 1417 in
1843 1378 1974 1433 pro-

2089 1359 2265 1428 δοθεὶς
2295 1364 2372 1428 εὶς
2432 1365 2662 1442 βρῶσιν,
2722 1367 2823 1423 οὐκ
2877 1365 3122 1441 ἠδικήθη
3186 1370 3317 1446 παρ’
3375 1370 3575 1426 αὐτῶν·
3637 1371 3771 1427 εἶτα

321 1456 517 1528 priam
550 1473 613 1510 se
645 1455 902 1511 contulit
951 1455 1271 1523 civitatem,
1322 1453 1423 1509 ubi
1474 1453 1691 1525 plenus
1743 1452 1974 1508 dierum

2088 1451 2193 1508 ὑπὸ
2248 1457 2347 1509 τοῦ
2405 1453 2552 1519 θείου
2612 1454 2850 1533 ἀγγέλου
2911 1454 3306 1535 ὁδηγούμενος,
3369 1459 3614 1531 ἀπῆλθεν
3674 1459 3752 1523 είς

320 1544 633 1616 requievit.

319 1826 388 1878 Et
436 1826 701 1879 memoria
754 1825 936 1879 sancti
991 1826 1177 1879 Patris
1230 1821 1411 1878 nostri
1470 1824 1641 1879 Mena
1701 1819 1979 1891 archiepi-

796 1898 946 1966 scopi
975 1895 1501 1964 Constantinopolis.

392 2011 643 2066 Sanctus
664 2013 839 2066 Pater
859 2016 1066 2066 noster
1087 2012 1290 2066 Menas
1325 2013 1475 2077 erat,
1506 2007 1840 2064 Iustiniano
1872 2005 1986 2061 im-

320 2104 591 2170 perante,
623 2100 934 2172 presbyter
965 2100 1234 2156 ecclesias
1278 2096 1982 2168 Constantinopolitanaa.

320 2190 571 2260 Propter
592 2190 722 2261 ejus
745 2194 945 2245 autem
967 2190 1244 2245 virtutem
1269 2188 1495 2243 electus
1513 2184 1982 2241 fuitConstanti-

318 2278 555 2349 nopolis
575 2278 936 2351 patriarcha,
961 2284 1019 2334 et
1039 2295 1073 2333 a
1097 2295 1249 2350 papa
1272 2279 1471 2333 Romae
1492 2280 1753 2349 Agapeto
1771 2290 1981 2329 conse-

319 2372 540 2435 cratus,
567 2369 669 2439 qui
695 2373 835 2424 tunc
865 2369 1153 2440 temporis
1184 2371 1373 2424 Roma
1402 2367 1546 2422 illuc
1574 2366 1878 2438 profectus
1908 2363 1981 2419 ad

290 2455 298 2463 ’
319 2457 765 2529 componendas
778 2458 1142 2529 qumstiones
1166 2454 1980 2522 ecclesiasticas,Anthimum

322 2547 675 2603 haireticum
702 2549 1084 2604 anathemate
1111 2547 1690 2621 percellens,throno
1714 2543 1986 2601 exturba-

322 2642 504 2692 verat.
542 2636 656 2693 Sed
682 2639 795 2693 hoc
825 2640 1073 2693 Romam
1116 2638 1333 2694 iterum
1389 2653 1645 2703 reverso,
1697 2640 1757 2690 et
1801 2633 1979 2706 paulo

320 2729 458 2796 post
484 2726 601 2781 vita
631 2724 859 2793 functo,
892 2726 1046 2781 alius
1077 2728 1379 2782 Romanus
1407 2724 1673 2797 pontifex
1694 2722 1978 2779 fuitdesi—

318 2818 551 2886 gnatus,
588 2815 690 2885 qui
717 2821 852 2887 post
881 2815 1127 2886 aliquod
1159 2821 1394 2887 tempus
1418 2820 1476 2869 et
1497 2814 1622 2886 ipse
1647 2812 1979 2868 Constanti-

319 2903 586 2975 nopolim
637 2910 866 2975 petens,
938 2904 1266 2959 honoribus
1323 2909 1415 2958 est
1471 2905 1739 2972 affectus,
1801 2907 1977 2972 atque

318 2993 727 3048 amantissime
742 2999 1023 3065 exceptus
1036 2998 1162 3048 tum
1175 2995 1250 3048 ab
1264 2994 1781 3064 imperatore,tum
1796 2991 1977 3046 etiam

326 3099 359 3137 a
388 3081 763 3153 patriarcha;
797 3083 901 3138 sed
949 3083 1133 3139 animi
1188 3082 1426 3138 levitate
1478 3082 1691 3149 elatus,
1739 3096 1977 3153 poenam

320 3170 698 3227 sanctissimo
723 3173 905 3227 Meum
938 3172 1238 3245 irrogavit,
1270 3188 1345 3225 ne
1379 3170 1640 3242 amplius
1670 3187 1798 3225 rem
1830 3169 1979 3224 divi—

315 3276 457 3315 nam
486 3259 731 3315 faceret.
765 3263 836 3315 Et
865 3261 977 3316 iste
1009 3261 1280 3333 quidem,
1307 3265 1513 3332 utpote
1547 3260 1646 3315 Dei
1678 3258 1971 3331 pontifex,

314 3350 489 3407 laetus
520 3368 760 3423 pinnam
793 3351 994 3407 subiit.
1031 3354 1105 3407 At
1133 3368 1269 3407 vero
1326 3351 1654 3423 imperator
1699 3350 1771 3405 ad
1820 3349 1972 3404 iram

313 3446 671 3508 commotus,
699 3441 941 3512 injuriis
962 3443 1241 3497 affectum
1268 3456 1484 3512 papam
1514 3442 1761 3495 Romam
1794 3439 1977 3494 remi-

314 3529 408 3584 sit.
444 3531 514 3583 Et
540 3534 679 3600 post
716 3530 843 3586 haec
876 3536 1117 3586 sanctus
1157 3532 1379 3595 Menas,
1431 3529 1616 3601 probe
1659 3545 1833 3603 grege
1884 3528 1975 3583 di-

312 3623 503 3687 recto,
540 3619 814 3691 migravit
845 3619 919 3675 ad
951 3621 1160 3676 Deum.

423 3802 491 3854 Et
521 3805 798 3855 certamen
831 3801 973 3855 beati
1000 3802 1267 3870 martyris
1299 3801 1523 3871 Georgii
1551 3801 1882 3856 Limnaeotae.

395 3960 608 4015 Beatus
627 3960 910 4031 Georgius
923 3961 1114 4032 primo
1138 3961 1209 4017 ab
1231 3960 1637 4017 adolescentia
1648 3960 1970 4017 asceticum

321 4045 455 4100 vitm
482 4046 821 4102 institutum
854 4047 915 4103 in
948 4049 1180 4121 Olympi
1219 4050 1525 4105 montibus
1574 4066 1778 4121 agens,
1834 4064 1970 4102 cum

322 4133 498 4205 plura
554 4135 785 4191 virtutis
844 4136 1126 4193 subiisset
1204 4140 1575 4207 certamina;
1636 4139 1971 4210 imperante

322 4230 532 4296 postea
562 4226 753 4281 Leone
783 4228 1009 4295 Isauro,
1036 4227 1138 4299 qui
1169 4245 1368 4284 sacras
1400 4228 1691 4301 imagines
1734 4242 1969 4282 aversa-

321 4312 497 4370 batur
511 4321 689 4388 atque
712 4317 969 4385 delebat,
999 4324 1463 4389 sanctorumque
1486 4319 1666 4373 etiam
1684 4316 1971 4387 reliquias

318 4402 599 4461 incendio
626 4406 971 4463 assumebat
983 4424 998 4474 ;
1014 4405 1210 4463 divino
1233 4408 1359 4479 ipse
1377 4405 1499 4462 zelo
1512 4404 1971 4476 impulsus,ante

316 4492 491 4549 illum
521 4500 715 4563 stans,
747 4501 807 4552 et
859 4496 1150 4568 loquendi
1199 4496 1474 4552 libertate
1519 4500 1776 4566 arrepta,
1833 4509 1969 4550 eum

315 4581 640 4640 fortissime
670 4585 993 4658 redarguit,
1025 4586 1270 4642 atheum
1301 4583 1634 4655 appellans,
1695 4589 1755 4639 et
1801 4583 1971 4639 Anti-

319 4671 525 4726 christi
557 4690 989 4744 praecursorem
1019 4675 1524 4745 imitatoremque.
1566 4673 1969 4745 Comprehen-
2001 4668 2047 4734 D

322 4776 422 4814 sus
452 4761 674 4833 itaque,
707 4780 775 4819 ac
800 4764 1187 4820 vehementer
1242 4761 1635 4832 excruciatus,
1684 4761 1967 4818 custodiae

320 4848 435 4903 fuit
456 4851 726 4921 traditus,
761 4870 831 4909 ex
854 4871 971 4926 qua
990 4860 1127 4926 post
1142 4853 1362 4909 multas
1385 4857 1682 4908 aerumnas
1696 4851 1967 4919 eductus,

320 4939 639 5012 cogebatur
666 4942 1056 5016 chirographo
1087 4944 1314 4999 cultum
1341 4943 1494 5000 210
1541 4941 1970 4998 venerabilium

318 5029 646 5103 imaginum
678 5032 996 5106 abnegare.
1052 5033 1163 5088 Sed
1210 5050 1347 5089 cum
1399 5031 1460 5087 id
1512 5032 1707 5087 facere
1760 5031 1968 5099 nollet,

320 5118 554 5177 diversa
574 5121 702 5176 subi
712 5123 1202 5178 ittormentorum
1223 5137 1458 5195 genera.
1483 5120 1734 5176 Naribus
1756 5119 1971 5175 deinde

322 5207 710 5279 obtruncatis,
735 5217 912 5284 atque
934 5212 1125 5283 capite
1148 5217 1374 5279 exusto,
1398 5210 1618 5284 gratias
1632 5212 1748 5265 Deo
1767 5226 1966 5283 agens,

321 5299 567 5355 tradidit
597 5301 897 5373 spiritum,
931 5317 1122 5357 annos
1171 5306 1346 5357 natus
1397 5299 1661 5372 quinque
1694 5305 1753 5355 et
1781 5315 1967 5356 nona-

321 5388 504 5461 ginta.

875 5510 1117 5568 EODEM
1155 5510 1301 5565 ΜΕΝ
1307 5509 1409 5565 SE.

822 5600 925 5656 Die
953 5600 1234 5656 vicesima
1264 5597 1496 5670 quinta

454 5689 722 5743 Memoria
748 5693 929 5746 sancti
956 5688 1191 5761 apostoli
1226 5689 1338 5743 Titi
1365 5687 1537 5741 Crete
1562 5690 1823 5760 episcopi.

396 5863 559 5919 Titus
589 5864 801 5921 Christi
832 5867 1139 5939 apostolus
1168 5865 1391 5938 prodiit
1417 5880 1489 5921 ex
1530 5864 1729 5923 insula
1774 5865 1968 5926 Creta.

2018 1924 2066 1989 Β

2083 1543 2340 1619 Ἔφεσον,
2372 1545 2463 1600 καὶ
2491 1544 2555 1600 τὸ
2584 1544 2847 1620 ποίμνιον
2906 1551 3004 1602 τοῦ
3064 1545 3399 1605 διδασκάλου
3456 1547 3753 1624 ἐπισκεψά-

2091 1653 2279 1707 μενος,
2308 1634 2632 1711 παρεγένετο
2689 1634 2857 1692 πάλιν
2908 1636 2986 1699 εἷς
3043 1638 3144 1708 τὴν
3202 1635 3342 1694 ἰδίαν
3405 1637 3592 1695 πόλιν
3622 1634 3749 1694 ἔνθα

2085 1721 2312 1797 πλήρης
2341 1725 2563 1799 ἡμερῶν
2596 1723 2892 1800 γενόμενος
2924 1724 3285 1787 ἀνεπαύσατο.

2158 1822 2259 1877 Καὶ
2295 1823 2486 1895 μνήμη
2527 1825 2631 1903 tofi
2656 1821 2708 1878 ἐν
2748 1824 2922 1903 ἁγίοις
2955 1826 3168 1901 Πατρὸς
3199 1827 3360 1903 ἡμῶν
3394 1828 3560 1898 Μηνᾶ
3587 1827 3680 1903 ἀρ-

2375 1895 2744 1969 χιεπισκόπου
2794 1895 3463 1963 ΚωνσταντινουπόΑεως.

2161 2003 2294 2061 Ὀἐν
2320 2003 2499 2077 ἁγίοις
2548 2004 2735 2080 Πατὴρ
2777 2007 2942 2078 ἡμῶν
3000 2007 3194 2077 Μηνᾶς
3256 2007 3474 2084 ὑπῆρχε
3506 2008 3602 2081 μὶν
3657 2006 3747 2063 ἐπὶ

2086 2098 2189 2162 τῆς
2251 2090 2535 2165 βασιλείας
2620 2095 3010 2150 ’Ῑουστινιανοῦ
3093 2091 3460 2171 πρεσϐύτερος
3534 2103 3635 2167 τῆς
3692 2098 3746 2152 ἐν

2086 2180 2670 2237 Κωνσταντινουπόλει
2694 2182 3049 2255 Ἐκκλησίας,
3081 2181 3171 2240 διὰ
3201 2182 3259 2240 δὲ
3282 2187 3382 2255 τὴν
3415 2184 3581 2241 αὐτοῦ
3610 2186 3738 2262 ἀρε-

2087 2269 2187 2338 τήν
2218 2269 2568 2346 πατριάρχης
2623 2273 3021 2349 προεχειρίσθη
3084 2271 3738 2344 Κωνσταντινουπόλεως,

2088 2359 2497 2435 χειροτονηθεὶς
2528 2357 2586 2415 δὲ
2618 2362 2723 2416 ὑπὸ
2748 2363 3067 2438 Ἀγαπητοῢ
3096 2363 3248 2419 πάπα
3276 2363 3521 2437 Ῥώμης,
3583 2360 3741 2419 ἀνελ-

2089 2448 2278 2512 θόντος
2309 2448 2369 2504 ἐκ
2394 2455 2496 2519 τῆς
2552 2449 2779 2524 Ῥώμης
2825 2450 2971 2522 τότε,
3023 2449 3115 2507 ἐπὶ
3169 2449 3459 2529 διορθώσει
3487 2456 3597 2508 τῶν
3648 2451 3740 2509 ἐκ-

2085 2537 2491 2609 κλησιαπικῶν
2523 2541 2876 2613 ζητημάτων,
2929 2542 3018 2596 καὶ
3072 2542 3566 2616 ἀναθεματίσαντος
3613 2544 3750 2600 Ἀν-

2087 2629 2247 2701 θιμον
2279 2627 2374 2682 τὸν
2421 2628 2712 2703 αἱρετικὸν,
2770 2628 2860 2684 καὶ
2916 2634 3014 2685 τοῦ
3099 2631 3297 2707 θρόνου
3347 2630 3743 2696 ἀπελάσαντος.

2088 2714 2267 2772 Ἀλλά
2293 2716 2493 2773 τούτου
2540 2716 2709 2774 πᾶλιν
2771 2719 3206 2794 ὑποστρέψαντος
3241 2719 3317 2784 εἷς
3348 2721 3595 2796 Ῥώμην,
3649 2722 3746 2777 καὶ

2090 2803 2222 2878 μετᾶ
2310 2805 2503 2881 μικρὸν
2561 2804 3009 2879 τελευτήσαντος,
3085 2807 3483 2884 ἐχειροτονήθη
3534 2809 3740 2885 ἓτερος.

2085 2897 2188 2951 Καὶ
2214 2897 2352 2969 μετὰ
2376 2896 2579 2972 χρόνον
2638 2896 2761 2952 τινὰ
2791 2895 3035 2962 ἀνελθὼν
3089 2898 3180 2952 καὶ
3229 2899 3395 2961 αὐτὸς
3454 2898 3531 2962 είς
3586 2902 3742 2957 Κων-

2086 2980 2570 3050 σταντινούπολιν,
2631 2981 2894 3056 ἐτιμήθη,
2951 2983 3042 3039 καὶ
3092 2980 3350 3057 ἐδεξιώθη
3383 2982 3740 3062 φιλοφρόνως

2083 3078 2233 3148 παρά
2255 3095 2313 3129 τε
2341 3075 2439 3130 τοῦ
2475 3073 2767 3145 βασιλέως,
2796 3076 2887 3131 καὶ
2916 3080 3013 3131 τοῦ
3042 3078 3411 3151 πατριάρχου.
3444 3076 3548 3134 Καὶ
3576 3078 3742 3151 ὑπερ-

2083 3163 2266 3237 αρθεὶς
2351 3164 2455 3219 ὑπὸ
2538 3166 2900 3239 κουφότητος,
2988 3162 3220 3220 δέδωκεν
3306 3163 3583 3238 ἐπιτίμιον
3659 3169 3738 3237 τῷ

2085 3252 2376 3328 ἁγιωτάτῳ
2435 3256 2596 3326 Μηνᾷ
2671 3256 2749 3327 μή
2818 3253 3174 3330 λειτουργεῖν.
3233 3254 3339 3310 Καὶ
3424 3252 3585 3317 αὐτὸς
3643 3254 3739 3327 μὶν

2083 3341 2296 3416 ἐδέξατο
2330 3347 2540 3422 χαίρων
2570 3348 2634 3402 τὸ
2676 3346 2978 3421 ἐπιτίμιον,
3025 3348 3101 3410 ὡς
3154 3351 3288 3403 Θεοῦ
3343 3346 3654 3423 ἀρχιερεύς.
3683 3351 3739 3400 ‘0

2083 3432 2139 3490 δὲ
2197 3435 2457 3511 βασιλεὺς
2515 3436 2822 3513 ὀργισθεὶς,
2893 3438 3030 3512 μετά
3086 3434 3297 3515 ὕϐρεων
3381 3437 3740 3513 ἀπεπέμψατο

2078 3522 2172 3576 τὸν
2221 3526 2403 3579 πάπαν
2464 3522 2540 3587 εἰς
2585 3523 2836 3599 Ῥώμην.
2896 3522 3003 3582 Καὶ
3080 3524 3216 3599 μετὰ
3270 3529 3438 3581 ταῦτα
3496 3524 3526 3580 ὀ
3582 3524 3738 3600 ἅγιος

2079 3613 2271 3683 Μηνᾶς
2293 3612 2477 3678 καλῶς
2512 3614 2694 3680 ὶθόνας
2723 3615 2787 3671 τὸ
2841 3615 3127 3689 ποίμνιον,
3186 3616 3323 3693 πρὸς
3375 3615 3506 3672 Θεὸν
3551 3613 3735 3689 ἐξεδή-

2083 3723 2159 3775 μη
2168 3723 2253 3757 σεν
2263 3748 2278 3762 ,

2188 3807 2285 3863 Καὶ
2335 3807 2570 3880 ἄθλησις
2621 3813 2719 3866 τοῦ
2778 3808 3179 3886 ὀσιομάρτυρος
3226 3809 3501 3886 Γεωργίου
3529 3814 3627 3867 τοῦ

2718 3881 3097 3954 Λιμναιώτουζ

2149 3968 2424 4045 Γεώργιος
2456 3970 2484 4024 ὁ
2518 3970 2786 4044 μακάριος
2842 3969 2901 4024 ἐκ
2950 3974 3146 4044 νεαρᾶς
3201 3975 3303 4037 τῆς
3344 3965 3600 4037 ἡλικίας
3630 3969 3732 4036 τήν

2079 4058 2380 4129 ἀπητικήν
2405 4055 2684 4133 διαγωγὴν
2715 4057 2980 4134 πρότερον
3005 4055 3058 4113 ἐν
3089 4063 3205 4119 τοῖς
3227 4056 3367 4112 κατὰ
3392 4057 3484 4112 τὸν
3509 4054 3731 4130 Ὀλυμ-

2076 4167 2179 4203 πον
2205 4142 2384 4221 ὄρεσιν
2415 4142 2721 4217 ἐκτελέσας,
2777 4147 2871 4201 καὶ
2928 4144 3179 4209 πολλοὺς
3233 4147 3446 4222 ἀγῶνας
3495 4143 3731 4220 ἐνδειξά-

2081 4256 2262 4312 μενος,
2295 4233 2518 4311 ὕστερον
2562 4235 2651 4292 ἐπὶ
2680 4242 2781 4306 τῆς
2818 4235 3101 4312 βασιλείας
3153 4234 3387 4301 Λέοντος
3440 4240 3539 4292 τοῦ
3564 4235 3732 4293 Ἰσαύ-

2077 4344 2177 4399 ρου
2204 4326 2303 4378 τοῦ
2330 4325 2428 4386 τὰς
2467 4322 2622 4399 ἀγίας
2682 4322 2892 4386 εἷ’κόνας
2946 4324 3432 4400 ἀποστρεφομένου
3478 4322 3571 4380 καὶ
3624 4323 3727 4379 ἀπ-

2076 4410 2424 4491 αλείφοντος,
2457 4413 2548 4469 καὶ
2576 4414 2645 4469 τά
2672 4417 2786 4469 τῶν
2852 4413 3027 4489 ἁγίων
3058 4412 3288 4488 λείψανα
3313 4414 3728 4484 κατακαίοντος,

2080 4502 2236 4576 ζήλῳ
2262 4503 2430 4576 θεϊκῷ
2472 4503 2742 4574 κινηθεὶς,
2800 4502 2894 4558 καὶ
2951 4503 3165 4566 σταθεὶς
3197 4499 3505 4579 ἔμπροσθεν
3538 4501 3724 4584 αὐτοῦ,

2074 4591 2165 4647 καὶ
2247 4590 2764 4668 παρρησιασάμενος
2839 4589 3065 4666 ἤλεγξεν
3132 4591 3291 4647 αὐτὸν
3349 4590 3725 4667 ἀνδρειότατα,

2081 4682 2236 4746 ἄθεον
2273 4681 2440 4736 εἰπὼν
2469 4681 2559 4736 καὶ
2589 4685 2688 4737 τοῦ
2717 4680 3105 4756 ’Λντιχρίστου
3136 4678 3458 4756 πρόδρομον
3505 4678 3598 4736 καὶ
3632 4702 3725 4754 μιο

2081 4773 2286 4845 μητήν.
2345 4769 2653 4847 Κρατηθεὶς
2683 4769 2776 4825 οὗν
2820 4769 2909 4825 καὶ
2940 4769 3278 4845 τιμωρηθεὶς
3311 4767 3559 4845 ὶσχυρῶς
3588 4790 3732 4846 παρ-

2079 4857 2241 4931 εδόθη
2275 4858 2516 4936 φυλακῇ·
2548 4859 2639 4914 καὶ
2698 4857 2750 4913 ἐν
2811 4858 2948 4933 αὐτῇ
3004 4857 3451 4935 ταλαιπωρηθεὶς
3506 4856 3729 4929 ίκανῶς,

2080 4945 2371 5019 ἐκϐληθεὶς
2427 4949 2596 5017 αὐτῆς
2651 4947 2982 5022 ἠναγκάζετο
3054 4945 3337 5025 ἐγγράφως
3394 4945 3728 5022 ἀρνήσασθαι

2077 5042 2177 5110 τὴν
2209 5044 2318 5095 τῶν
2347 5044 2557 5095 σεπτῶν
2608 5038 2831 5095 εἰκόνων
2890 5039 3286 5115 προσκύνησιν.
3341 5041 3431 5108 Μή
3490 5038 3728 5103 πεισθεὶς

2080 5126 2138 5184 δὲ
2167 5127 2539 5203 πολυτρόποις
2584 5129 2831 5205 βασάνων
2910 5126 3079 5191 ὶδέαις
3136 5126 3579 5201 προσομιλήσας,
3612 5129 3733 5184 εἶτα

2077 5219 2178 5288 τήν
2235 5217 2356 5294 ῥῖνα
2402 5217 2657 5291 τμηθεὶς,
2715 5217 2807 5272 καὶ
2864 5218 2966 5287 τήν
3021 5214 3269 5295 κεφαλὴν
3327 5216 3731 5294 καταφλεχθεὶς

2078 5307 2417 5383 εὐχαριστῶν
2468 5311 2548 5379 τῷ
2578 5311 2695 5379 Θεῷ
2721 5308 2784 5362 τὸ
2833 5309 3049 5380 πνεῦμα
3076 5303 3415 5383 παρέδωκεν,
3466 5305 3728 5385 ὑπάρχων

2077 5395 2211 5452 ἐτῶν
2244 5395 2739 5469 ἐνενηκονταπέντε.

2614 5505 2800 5562 ΜΗΝΙ
2851 5505 2945 5561 ΤΩ
2990 5505 3193 5562 ΑΥΤΩ.

2830 5597 2940 5650 KE‘

2186 5689 2391 5761 Μνήμη
2438 5689 2534 5742 τοῦ
2576 5687 2738 5759 ἁγίου
2766 5682 3079 5827 ἀέτοξτόλου
3125 5685 3292 5742 Τίτου
3322 5684 3625 5742 ἐπισκόπου

2836 5777 2865 5827 ρ
2909 5777 3029 5827 της.

2836 5777 3029 5833 ρητης.

2146 5865 2309 5926 Τίτος
2338 5863 2368 5918 ὂ
2423 5867 2523 5921 τοῦ
2575 5866 2822 5940 Χριστοῦ
2878 5861 3207 5938 ἀπόστολος,
3261 5863 3472 5941 ἐγένετο
3533 5864 3628 5940 μὲν
3668 5863 3730 5922 ἐκ
