4128 6466
324 429 452 493 605

1823 424 2266 492 AUGUSTUS.

3636 437 3757 497 606

318 544 436 632 τῆς
462 564 691 637 Κρητῶν
719 562 918 632 νήσου.
979 562 1065 618 Ἐν
1125 560 1278 637 ἀρχῇ
1327 558 1385 617 δὶ
1438 564 1538 617 τοῦ
1598 561 1723 637 βίου
1767 558 1982 629 πολλῆν

2105 558 2187 614 Ab
2208 560 2452 616 ineunte
2475 565 2644 616 atate
2658 561 2977 634 plurimam
2996 564 3321 621 ostendens
3351 566 3413 621 in
3431 567 3761 623 Graecorum

322 649 742 725 ἐπιδειξάμενος
773 647 1017 719 σπουδὴν
1060 652 1141 713 εἰς
1195 650 1262 705 τὰ
1319 649 1626 723 Ἑλληνικὰ
1676 650 2001 724 μαθήματα,

324 742 674 815 ἐθαυμάζετο
725 726 782 795 δὲ
838 739 925 796 ἐπὶ
985 740 1151 816 σοφίᾳ
1214 739 1361 817 παρὰ
1416 744 1526 796 τῶν
1583 734 1706 811 ἔξω·
1758 740 2000 815 γεγονὼς

327 829 394 886 δὲ
424 830 558 886 ἐτῶν
587 829 784 904 εἴκοσι,
834 826 1037 899 ἤκουσε
1094 837 1285 908 φωνῆς
1344 828 1617 905 λεγοῦσης
1647 831 1816 901 αὐτῷ’
1849 826 1998 901 Τίτε,

325 918 458 976 δέον
493 941 550 975 σε
603 918 841 985 ἐντεῦθεν
904 920 1290 997 ὑποχωρῆσαι,
1357 919 1447 974 καὶ
1503 920 1603 987 τήν
1656 920 1844 994 ψυχήν
1903 937 2000 972 σου

328 1015 534 1065 σῶσαι·
569 1010 633 1065 οὐ
664 1008 765 1086 γάρ
821 1007 1172 1084 ὠφελήσουσι
1229 1030 1286 1063 σε
1340 1008 1409 1063 τά
1468 1009 1767 1082 μαθήματα
1806 1010 1998 1063 ταῦτα.

324 1098 558 1166 Ταύτης
586 1098 819 1161 ἀκούσας
867 1105 966 1168 τῆς
1013 1100 1216 1175 φωνῆς,
1265 1097 1551 1154 ἐσκέπτετο
1608 1098 1730 1162 καθ’
1785 1095 1998 1166 ἑαυτὸν,

317 1188 383 1243 τί
418 1186 503 1243 δεῖ
526 1191 775 1259 ποιῆσαι.
812 1188 917 1246 Καὶ
952 1189 1087 1263 μετά
1114 1189 1283 1243 ταῦτα
1313 1187 1549 1253 ἀκούσας
1608 1189 1635 1243 6
1686 1193 1788 1257 τῆς
1847 1187 1995 1263 Κρή-

316 1299 433 1349 της
464 1276 654 1355 ἄρχων
682 1278 748 1334 τά
772 1281 872 1334 τοῦ
927 1280 1162 1353 Χριστοῦ
1221 1276 1493 1350 θαύματα,
1556 1272 1995 1353 προσεκαλέσατο

316 1371 492 1426 αὐτὸν
552 1371 629 1435 ὡς
684 1369 898 1446 λόγίον,
953 1370 1044 1426 καὶ
1104 1369 1273 1446 λέγει’
1334 1370 1488 1443 Τίτε,
1548 1369 1693 1425 θέλω
1737 1367 1992 1432 ἀπελθεῖν

315 1482 382 1516 σε
416 1461 494 1525 εἰς
520 1458 899 1537 Ἱεροσόλυμα,
956 1459 1044 1514 καὶ
1108 1461 1320 1533 μαθεῖν,
1370 1459 1417 1514 εἰ
1459 1462 1625 1514 ταῦτα
1655 1456 1838 1529 ἀληθῆ
1866 1455 1992 1527 εἰσι,

314 1549 419 1605 καὶ
450 1546 766 1623 ἀναγγεῖλαί
803 1568 922 1622 μοι.
979 1548 1041 1606 Ὀ
1092 1545 1151 1604 δὲ
1206 1547 1489 1618 ἀπελθὼν,
1531 1547 1624 1603 τόν
1661 1568 1722 1603 τε
1753 1547 1992 1623 Χριστὸν

315 1636 440 1695 εἶδε
513 1638 605 1694 καὶ
661 1636 730 1693 τὰ
787 1635 1058 1711 θαύματα,
1132 1637 1224 1693 καὶ
1298 1642 1415 1700 τοῖς
1493 1635 1843 1692 πιστεύσασιν
1915 1634 1992 1698 είς

317 1728 564 1804 Χριστὸν
598 1728 1008 1803 συνηριθμήθη.
1070 1728 1169 1783 Καὶ
1233 1727 1370 1802 μετᾶ
1426 1729 1489 1783 τὸ
1546 1725 1718 1792 πάθος
1772 1726 1863 1781 καὶ
1891 1727 1991 1796 τὴν

316 1819 642 1885 ἀνάστασιν,
702 1815 1004 1881 ἐπίσκοπος
1049 1816 1469 1892 γειροτονηθεῖς
1526 1816 1631 1871 ὑπὸ
1678 1819 1787 1872 τῶν
1819 1813 1990 1891 ἁγίων

314 1903 679 1976 ἀποστόλων,
756 1903 1034 1976 ἀπεστάλη
1112 1905 1190 1969 εἷς
1274 1907 1515 1980 Κρήτην.
1594 1903 1695 1962 Καὶ
1772 1900 1987 1974 διδάξας
2020 1944 2068 2009 Β

307 1995 371 2050 ἐν
402 1996 546 2069 αὐτῇ
576 1995 668 2050 τὸν
702 1992 872 2071 λόγον
924 1997 1024 2061 τῆς
1078 1993 1360 2065 ἀληθείας,
1400 1993 1673 2067 ἐκοιμήθη
1710 1992 1990 2063 ἐνενηκον-

304 2088 668 2164 τατεσσάρων
710 2085 845 2142 ἐτῶν
880 2085 1165 2163 ὑπάρχων.

388 2177 498 2233 Κκί
560 2178 752 2250 μνήμη
813 2179 921 2231 τῶν
989 2175 1155 2251 ἁγίων
1233 2174 1491 2248 Πατάρων
1566 2178 1728 2250 ἡμῶν
1788 2181 1989 2231 Γενναο

306 2265 459 2337 δίου,
494 2266 770 2336 Ἰωάννου,
832 2267 1127 2344 Στεφάνου,
1182 2267 1271 2322 καὶ
1330 2270 1488 2336 Μηνᾶ
1535 2264 1988 2341 ἀρχιετιισκὸπων

304 2357 627 2433 γενομένων
661 2355 713 2410 ἐν
750 2356 1345 2413 Κωνσταντινουπόλει.

886 2481 1069 2534 MHNI
1096 2480 1180 2555 Τῼ
1220 2478 1426 2552 ΑΥΤῼ.

1130 2566 1248 2634 κζ’.

465 2654 737 2726 Ἀθλησις
762 2658 873 2709 τῶν
903 2653 1072 2730 ἁγίων
1105 2653 1393 2730 μαρτύρων
1428 2651 1720 2730 Ἀδριανοῦ
1750 2653 1840 2708 καὶ

1007 2725 1298 2789 Ναταλίαςς

392 2841 678 2917 ’Δδριανὸς
733 2841 763 2895 6
813 2844 910 2896 τοῦ
962 2843 1202 2917 Χριστοῦ
1262 2842 1490 2916 μάρτυς,
1536 2839 1626 2895 καὶ
1671 2838 1982 2909 Ναταλίαὴ

317 2930 713 3005 χρηματίσασα
770 2926 1013 3003 σύμϐιος
1069 2930 1256 2999 αὐτοῦ,
1319 2930 1574 3006 ὑπῆρχον
1639 2930 1731 3002 μὲν
1786 2926 1846 2982 ἐκ
1881 2933 1981 2997 τῆς

327 3024 554 3082 πόλεως
582 3021 972 3096 Νικομηδείας.
1025 3020 1177 3080 Ἰδὼν
1237 3021 1297 3077 δὲ
1352 3020 1642 3098 Ἀδριανός
1667 3042 1821 3084 τινας
1848 3021 1986 3094 Χρι-

332 3109 582 3171 στιανοὺς
634 3106 992 3185 κρατηθέντας
1052 3112 1158 3166 ὑπὸ
1213 3116 1325 3167 τῶν
1384 3109 1833 3185 εἰδωλολατρῶν,
1889 3108 1983 3164 καὶ

326 3198 804 3272 βασανιζομένους,
877 3202 1164 3271 ἠρώτησεν
1226 3200 1448 3263 αὐτούς·
1516 3200 1615 3255 Διά
1686 3201 1740 3255 τί
1815 3203 1984 3255 ταῦτα

2111 648 2444 722 disciplinis
2461 651 2839 707 addiscendis
2857 652 3401 723 sedulitatem,cum
3416 656 3762 713 admiratio-

2110 754 2184 792 ne
2204 740 2725 811 suspiciebaturab
2752 742 3006 797 ethnicis
3024 749 3267 816 propter
3287 745 3760 802 doctrinam.Ubi

2109 845 2243 883 vero
2300 829 2647 885 vicesimum
2708 833 2900 887 astatis
2956 849 3183 889 annum
3265 834 3480 908 attigit,
3540 835 3765 890 audivit

2106 935 2308 974 vocem
2342 920 2454 975 sibi
2486 920 2823 976 dicentem:
2857 922 3000 990 Tite,
3055 924 3195 979 hinc
3246 925 3509 992 secedas,
3562 930 3759 981 tuam-

2108 1025 2221 1079 que
2254 1026 2450 1065 serves
2481 1011 2763 1075 animam,
2797 1017 3064 1083 oportet;
3099 1030 3219 1068 non
3254 1014 3417 1069 enim
3443 1015 3549 1069 tibi
3578 1016 3759 1087 prod-

2107 1104 2283 1153 erunt
2310 1099 2402 1154 has
2435 1099 2739 1156 doctrinae.
2777 1102 2894 1156 Hac
2926 1118 3063 1156 voce
3101 1102 3325 1170 audita,
3380 1120 3583 1158 secum
3632 1104 3760 1175 ipse

2104 1187 2421 1260 cogitabat,
2447 1189 2591 1260 quid
2615 1190 2727 1244 sibi
2751 1195 2909 1245 esset
2929 1190 3245 1263 agendum.
3280 1192 3558 1246 Posthaec
3575 1193 3760 1246 Creta:

2103 1276 2418 1348 praefectus
2459 1277 2679 1334 auditis
2723 1280 2939 1335 Christi
2987 1280 3317 1349 miraculis,
3368 1297 3505 1336 eum
3553 1286 3758 1353 utpote

2103 1369 2437 1439 sapientem
2468 1369 2798 1438 accersivit,
2849 1370 3095 1426 dicens:
3152 1371 3297 1438 Tite,
3347 1372 3758 1443 Hierosolyma

2102 1462 2159 1512 te
2190 1457 2319 1513 volo
2350 1459 2675 1531 proficisci,
2705 1465 2764 1515 et
2791 1476 2868 1516 an
2900 1477 3039 1517 vera
3065 1462 3193 1516 hinc
3224 1460 3365 1531 sint,
3398 1460 3755 1534 intelligere,

2101 1554 2162 1604 et
2180 1550 2329 1605 mihi
2349 1552 2718 1607 renuntiare.
2754 1552 2859 1608 Hic
2893 1552 3073 1625 igitur
3103 1552 3426 1625 profectus,
3459 1553 3757 1608 Christum

2100 1638 2265 1706 vidit,
2301 1640 2550 1712 ejusque
2581 1641 2911 1697 miracula:
2939 1659 3008 1698 ac
3038 1659 3169 1698 sese
3227 1658 3434 1698 eorum
3484 1659 3758 1712 numero,

2102 1727 2203 1799 qui
2235 1728 2298 1784 in
2327 1730 2629 1785 Christum
2662 1731 3061 1800 crediderant,
3096 1732 3386 1804 adjunxit.
3441 1736 3578 1788 Post
3623 1749 3764 1804 pas-

2101 1817 2332 1873 sionem
2355 1825 2554 1875 autem
2580 1824 2638 1875 et
2657 1821 3183 1889 resurrectionem,
3209 1821 3521 1893 episcOpus
3554 1839 3588 1877 a
3618 1838 3761 1877 san-

2101 1908 2212 1963 ctis
2244 1909 2530 1980 apostolis
2561 1917 2968 1976 consecratus,
3000 1911 3064 1965 in
3095 1912 3329 1967 Cretam
3371 1912 3593 1967 missus
3624 1917 3715 1967 est
3743 1928 3757 1979 ;

2099 1997 2320 2069 ubique
2352 2016 2488 2054 cum
2517 2000 2780 2056 veritatis
2834 2000 3083 2057 verbum
3131 2000 3487 2069 edocuisset,
3538 2001 3755 2057 obdor-

2099 2087 2285 2152 mivit,
2317 2104 2509 2144 annos
2540 2094 2716 2144 natus
2747 2089 3075 2162 nonaginta
3105 2094 3382 2161 quatuor.

2168 2178 2238 2231 Et
2266 2178 2558 2234 memoria
2588 2184 2930 2234 sanctorum
2958 2181 3199 2234 Patrum
3228 2184 3570 2234 nostrorum
3602 2181 3753 2235 Gen-

2097 2266 2282 2333 nadii,
2317 2268 2583 2337 Joannis,
2619 2268 2925 2339 Stephani,
2960 2274 3019 2325 et
3048 2271 3231 2324 Mena-:9
3273 2269 3752 2340 archiepiscopo-

2096 2373 2228 2411 rum
2260 2358 2830 2430 Constantin0polis.

2660 2474 2903 2530 EODEM
2942 2476 3196 2533 MENSE.

2624 2564 2726 2624 Die
2756 2565 3037 2621 vicesima
3067 2571 3233 2621 sexta

2099 2653 2257 2709 πῶυ
2322 2655 2617 2709 Certamen
2671 2662 2988 2782 sancltvméuzn
3040 2664 3347 2727 martyrum
3403 2656 3649 2712 Adriani
3705 2661 3762 2710 et

2842 2745 2875 2781 a
2902 2745 2935 2782 a
2961 2742 3053 2782 ue.

2842 2742 3053 2784 atanae.

2164 2839 2463 2896 Adrianus
2492 2841 2712 2897 Christi
2743 2846 2990 2915 martyr,
3024 2848 3085 2897 et
3130 2842 3361 2898 Natalia
3407 2843 3538 2915 ejus
3585 2857 3757 2911 uxor,

2093 2932 2346 3003 patriam
2371 2931 2632 2987 habuere
2656 2933 3236 2989 Nicomediam.Cum
3258 2934 3438 3006 igitur
3452 2933 3761 2989 Adrianus

2094 3021 2387 3092 quosdam
2418 3022 2790 3078 Christianos
2820 3028 3118 3095 spectaret
3172 3024 3245 3078 ab
3290 3023 3626 3079 idololatris
3655 3023 3756 3079 de-

2098 3115 2292 3166 tentos
2323 3116 2501 3182 atque
2563 3112 2958 3177 excruciatos,
3000 3113 3406 3185 interrogavit,
3465 3129 3573 3168 cur
3628 3113 3757 3167 hanc

2096 3200 2467 3257 sustinerent
2495 3218 2508 3256 :
2542 3217 2609 3257 ac
2636 3201 2841 3259 audito
2872 3202 2945 3258 ab
2977 3202 3121 3272 illis,
3154 3207 3399 3275 propter
3418 3203 3612 3273 parati
3645 3202 3758 3256 sibi

319 3284 652 3361 ὑπομένετες
712 3291 814 3346 Καὶ
878 3289 1111 3355 ἀκούσας
1162 3296 1286 3365 παρ’
1342 3292 1544 3346 αὐτῶν
1603 3294 1721 3344 Ὀτι
1781 3286 1872 3343 διὰ
1917 3288 1984 3342 τά

2105 3306 2130 3345 a
2156 3296 2269 3345 Deo
2301 3289 2459 3346 bona
2487 3291 2787 3347 cruciatus
2818 3292 3091 3364 perferri,
3126 3292 3328 3347 statim
3363 3296 3758 3364 compunctus

309 3377 649 3451 ἀποκείμενα
703 3380 841 3453 ἡμῖν
900 3380 1078 3455 ἀγαθά
1130 3379 1192 3435 ἐκ
1237 3383 1391 3435 θεοῦ·
1453 3379 1771 3454 κατανυγεὶς
1801 3377 1982 3448 εὐθὺς,

307 3465 401 3521 καὶ
480 3467 843 3542 παρεκάλεσεν
899 3467 1028 3531 τοὺς
1083 3467 1576 3543 ἀπογραφομένους
1645 3472 1757 3524 τῶν
1817 3467 1983 3543 άγίων

309 3558 382 3610 τά
408 3551 675 3629 ὀνόματα,
727 3557 936 3629 ἐντάξαι
979 3559 1043 3613 τὸ
1074 3558 1245 3613 αὐτοῦ
1302 3555 1500 3632 ὄνομα.
1534 3557 1635 3612 Καὶ
1665 3557 1864 3613 τούτου
1891 3577 1985 3633 γε·

308 3645 576 3718 νομένου,
609 3643 921 3720 δραμοῦσα,
978 3649 1014 3717 ἡ
1075 3645 1325 3703 Ναταλία
1378 3645 1432 3701 ὲν
1480 3649 1551 3721 τῇ
1583 3645 1826 3723 φυλακῇ,
1856 3667 1986 3701 κατ-

319 3736 601 3806 ησπάζετο
632 3739 727 3791 τοῦ
757 3734 952 3813 ἀνδρὸς
998 3737 1066 3792 τὰ
1124 3734 1321 3811 δεσμὰ,
1373 3740 1868 3811 προθυμοποιοῦσα
1896 3736 1989 3791 αὒ-

314 3824 415 3880 τὸν
474 3826 614 3901 πρὸς
671 3826 732 3881 τὸ
793 3826 1114 3903 μαρτύριον.
1185 3826 1596 3901 Ὗποστρέψασα
1652 3823 1711 3882 δὶ
1768 3825 1844 3888 εἰς
1898 3827 1992 3880 τὸν

319 3916 472 3972 οἶκον
505 3914 698 3985 αὐτῆς,
756 3912 963 3992 ηὔχετο
1020 3915 1155 3991 ὑπὲρ
1212 3914 1379 3971 αὐτοῦ
1417 3913 1708 3971 τελειῶσαι
1737 3916 1830 3970 τὸν
1863 3910 1991 3991 δρό-

321 4028 430 4080 μον
491 4013 592 4078 τῆς
647 4005 955 4077 ἀθλήσεως.
1015 4008 1165 4062 Ἐπεὶ
1228 4003 1287 4061 δὲ
1343 4007 1689 4082 παρέστησαν
1745 4011 1826 4080 τῷ
1875 4012 1993 4062 Μα·

322 4097 587 4170 ξιμιανῷ,
634 4095 721 4151 καὶ
784 4093 1028 4170 μεληδὸν
1077 4095 1480 4167 κατεκόπησαν,
1528 4100 1778 4172 παροῦσα
1806 4098 1842 4165 ἠ
1877 4097 1992 4152 Να-

322 4185 499 4242 ταλία
545 4183 879 4240 συνέστειλεν
938 4184 1114 4240 αὐτῶν
1171 4186 1239 4241 τά
1313 4184 1562 4260 λείψανα.
1621 4185 1729 4242 Καὶ
1788 4186 1996 4240 ἀποκο-

330 4278 540 4349 μίσασα
570 4274 648 4339 εἰς
682 4276 745 4330 τὸ
803 4274 1122 4347 Βυζάντιον,
1153 4276 1449 4346 κατέθηκεν
1481 4274 1536 4330 έν
1569 4273 1994 4351 Ἀργυροπόλει.

325 4365 435 4422 Καὶ
470 4364 605 4438 μετᾶ
659 4368 828 4420 ταῦτα
883 4365 976 4420 καὶ
1033 4365 1172 4434 αὐτὴ
1222 4364 1596 4435 τελειωθεῖσα,
1641 4363 1812 4443 ἐτάφη
1844 4363 1997 4435 πλη-

330 4454 449 4510 σίον
477 4453 674 4511 αὐτῶν.

408 4601 512 4659 Καὶ
560 4599 790 4673 ἄθλησις
834 4606 932 4658 τοῦ
981 4600 1135 4679 ἁγίου
1176 4602 1362 4690 ἐτέρου
1397 4601 1671 4679 μάρτυρος
1704 4598 1925 4679 Ἀδρια-

1115 4695 1229 4730 νου.

402 4812 467 4869 Ὁ
492 4813 591 4866 τοῦ
621 4811 860 4885 Χριστοῦ
911 4810 1119 4884 μάρτυς
1177 4806 1462 4885 Ἀδριανὸς
1493 4809 1562 4879 ἦν
1594 4808 1681 4864 ἐπὶ
1715 4815 1812 4879 τῆς
1847 4810 1996 4886 βασι-

331 4900 488 4963 λείας
520 4898 819 4971 Λικιννίου,
852 4900 968 4962 υἱὸς
1031 4898 1125 4972 μὲν
1186 4898 1451 4976 ὑπάρχων
1513 4893 1730 4974 Πρόϐου
1753 4903 1850 4954 τοῦ
1885 4901 1992 4975 βα-

325 4989 553 5057 σιλέως,
609 4990 698 5046 καὶ
739 4986 974 5066 ἀδεφὸλς
1034 4988 1300 5062 Δομετίου
1350 4993 1448 5044 τοῦ
1502 4988 1798 5065 γενομένου
1858 4988 1994 5063 μετά

326 5085 490 5136 Τῖτον
544 5076 847 5134 ἐπισκόπου
902 5078 1219 5148 Βυζαντίου·
1278 5080 1458 5152 πατὴρ
1518 5076 1575 5133 δὲ
1634 5072 1856 5152 Πρόϐου
1901 5077 1992 5133 καὶ

329 5170 753 5246 Μητροφάνους,
808 5171 918 5222 τῶν
980 5168 1116 5240 μετά
1188 5170 1356 5223 ταῦτα
1409 5167 1714 5243 γενομένων
1774 5165 1993 5223 ἐπισκό-

330 5280 475 5317 πων.
506 5264 616 5329 Τῆς
646 5257 741 5312 οὖν
791 5255 1112 5331 τυραννίδος
1157 5255 1246 5313 ἐπὶ
1295 5258 1599 5330 Λικιννίου,
1637 5258 1725 5312 καὶ
1762 5255 1997 5327 Διοκλη-

328 5352 517 5405 τιανοῦ
581 5345 911 5423 κρατούσης,
976 5345 1068 5400 καὶ
1168 5345 1399 5401 πολλῶν
1463 5349 1804 5421 Χριστιανῶν
1870 5345 1993 5410 καθ’

326 5438 558 5509 ἑκάστην
663 5436 1060 5515 φονευομένων,
1166 5437 1194 5492 ὁ
1312 5435 1575 5512 μακάριος
1675 5432 1988 5511 Ἀδριάνὸς,

326 5530 446 5603 ἅμα
516 5528 610 5602 μὲν
689 5524 898 5596 ζηλῶν,
975 5526 1090 5600 ἅμα
1164 5521 1221 5579 δί
1295 5525 1479 5580 ποθῶν
1558 5524 1690 5600 ὑπὲρ
1746 5528 1991 5599 Χριστοῦ

327 5623 697 5694 μαρτυρῆσαι,
754 5614 998 5685 ἀπῆλθεν
1077 5613 1154 5677 εἷς
1237 5611 1640 5689 Νικομήδειαν.
1729 5613 1837 5670 Καὶ
1887 5613 1990 5689 έμ-

324 5706 604 5786 φανισθεὶς
654 5709 736 5777 τῷ
791 5703 1074 5777 Λικιννίῳ,
1130 5701 1402 5759 ὠνείδισεν
1445 5702 1596 5777 αὖτῷ
1626 5703 1702 5768 ὡς
1732 5702 1993 5777 λυμαινο-

326 5798 480 5876 μένῳ
547 5796 614 5852 τά
699 5792 985 5868 Ῥωμαϊκά
1062 5790 1422 5870 στρατόπεδα,
1511 5794 1597 5849 καὶ
1675 5789 1988 5849 καταδαπα-

2025 4686 2073 4751 D

2093 3384 2210 3448 est;
2233 3379 2701 3452 obsecrabatque
2720 3397 2842 3449 eos,
2876 3381 2977 3451 qui
3011 3386 3357 3436 sanctorum
3418 3381 3664 3436 nomina
3695 3380 3758 3434 in

2094 3468 2328 3525 tabulas
2351 3469 2710 3538 referebant,
2735 3476 2801 3525 ut
2822 3486 2995 3527 suum
3019 3470 3199 3526 etiam
3227 3471 3758 3542 apponerent.Quo

2093 3556 2271 3626 facto,
2305 3575 2628 3614 occurrens
2658 3558 2734 3613 ad
2785 3575 3085 3615 carcerem
3117 3559 3369 3626 Natalia,
3406 3557 3605 3614 mariti
3632 3558 3765 3612 vin-

2103 3650 2239 3706 cula
2254 3649 2763 3720 complectebatur
2791 3650 2986 3721 ipsum
3009 3649 3275 3706 excitans
3289 3648 3361 3705 ad
3379 3648 3760 3721 martyrium:

2098 3739 2463 3812 domumque
2504 3755 2673 3795 suam
2705 3755 2963 3807 reversa,
2987 3757 3094 3811 pro
3119 3756 3188 3795 eo
3218 3755 3427 3811 preces
3447 3736 3756 3805 fundebat,

2096 3835 2164 3885 ut
2205 3830 2554 3886 certaminis
2611 3846 2853 3886 cursum
2911 3836 3374 3886 consummaret.
3433 3830 3757 3901 Postquam

2099 3924 2298 3975 autem
2312 3924 2604 3990 martyres
2620 3935 2821 3975 coram
2838 3919 3191 3976 Maximiano
3206 3919 3692 3987 steterunt,etfue
3700 3936 3761 3974 re

2099 4008 2481 4066 membratim
2539 4008 2904 4077 obtruncati,
2964 4014 3167 4065 astans
3242 4008 3495 4074 Natalia,
3557 4024 3762 4063 eorum

2101 4100 2344 4173 collegit
2370 4098 2680 4171 reliquias,
2713 4116 2779 4155 ac
2811 4099 3177 4156 transferens
3201 4099 3764 4171 Byzantium,Argy-

2106 4189 2295 4261 ropoli
2327 4189 2489 4260 ipsas
2519 4188 2815 4260 deposuit.
2849 4190 2992 4243 Post
3018 4188 3145 4243 haec
3176 4189 3355 4243 etiam
3387 4188 3520 4260 ipsa
3576 4189 3759 4244 tinem

2102 4279 2427 4351 accipiens,
2460 4295 2644 4350 prope
2678 4278 2814 4334 illos
2844 4278 2957 4333 fuit
2985 4278 3238 4349 sepulta.

2223 4596 2289 4652 Et
2320 4600 2597 4652 certamen
2627 4593 2859 4651 alterius
2888 4597 3065 4651 sancti
3090 4597 3351 4666 maityris
3375 4595 3640 4651 Adriani.

2176 4812 2281 4866 llic
2311 4809 2529 4865 Christi
2560 4815 2786 4881 martyr
2820 4811 3108 4867 Adrianus
3140 4811 3365 4867 exstitit
3383 4810 3757 4884 temporibus

2103 4901 2314 4957 Licinii
2346 4899 2757 4971 imperatoris;
2792 4900 2953 4955 filius
2976 4900 3219 4972 quidem
3242 4901 3417 4956 Probi
3440 4901 3762 4973 imperato-

2100 4993 2206 5059 ris,
2237 4991 2424 5047 frater
2452 4995 2652 5046 autem
2683 4990 2939 5046 Dometii
2970 4990 3158 5058 illius,
3191 4991 3294 5063 qui
3323 4991 3438 5048 fuit
3482 4996 3619 5065 post
3663 4991 3762 5046 Ti-

2102 5087 2228 5136 tum
2260 5079 2521 5152 Byzantii
2553 5079 2889 5152 episcopus,
2920 5086 3091 5152 pater
3118 5098 3255 5137 vero
3287 5081 3488 5151 Probi,
3532 5087 3593 5138 et
3640 5081 3761 5135 Me-

2100 5170 2434 5242 trophanis,
2492 5169 2595 5240 qui
2655 5173 2862 5241 postea
2944 5171 3354 5243 episcopatum
3424 5174 3757 5244 gesserunt.

2103 5260 2307 5332 Itaque
2339 5258 2732 5332 praapollente
2759 5258 2868 5315 sub
2902 5259 3126 5317 Licinio
3158 5267 3218 5316 et
3257 5261 3622 5316 Diocletiano
3655 5263 3756 5330 ty-

2100 5351 2331 5419 ranide,
2355 5349 2681 5421 multisque
2713 5365 2785 5404 ex
2812 5350 3168 5407 Christianis
3188 5352 3249 5406 in
3270 5351 3430 5407 diem
3461 5351 3754 5421 mactatis,

2099 5439 2309 5495 beatus
2342 5438 2639 5494 Adrianus
2669 5438 2792 5494 zelo
2824 5440 3048 5511 pariter
3074 5446 3253 5513 atque
3275 5441 3627 5513 martyrium
3643 5455 3750 5511 pro

2100 5529 2331 5584 Christo
2362 5528 2658 5584 subeundi
2688 5527 2985 5585 desiderio
3035 5529 3431 5602 conflagrans,
3480 5529 3754 5585 Nicome-

2101 5618 2257 5675 diam
2289 5617 2604 5685 discessit;
2638 5633 2706 5673 ac
2737 5634 2867 5674 sese
2903 5618 3123 5675 Licinio
3180 5618 3596 5688 manifestans,
3647 5636 3749 5676 ex-

2100 5707 2377 5779 probavit
2404 5707 2479 5777 ei,
2512 5707 2671 5778 quod
2704 5709 3005 5762 Romanos
3033 5707 3313 5779 perderet
3341 5708 3658 5779 exercitus,
3692 5716 3751 5765 et

2099 5797 2387 5870 pecunias
2439 5799 2841 5866 consumeret,
2890 5795 3236 5867 bellumque
3283 5813 3406 5854 non
3454 5798 3750 5873 Barbarie,
