4128 6420
347 358 481 425 6οἹ

1687 356 2117 418 MENOLOGII
2161 357 2369 420 PARS
2410 360 2521 422 ΙΙΙ.

3663 360 3786 423 608

362 492 469 549 sed
492 491 840 548 Christianis
864 490 1127 546 inferret.
1162 490 1474 546 Blanditiis
1493 490 1672 564 igitur
1702 506 1736 545 a
1758 495 2010 562 tyranno

2141 492 2288 544 ρῶντι
2326 489 2395 545 τά
2448 492 2736 566 χρήματα,
2795 490 2886 544 καὶ
2947 490 3025 564 μὴ
3084 486 3421 563 πολεμοῦντι
3453 486 3604 561 ἔθνη,
3637 488 3788 546 ἀλλά

364 581 854 652 delinitus,atque
870 580 1362 652 persuasibilibus
1379 580 1570 635 verbis
1593 584 1830 635 coactus
1843 580 2009 635 Chri-

366 675 523 726 stum
553 670 863 742 abnegare,
893 687 1003 725 nec
1034 676 1233 725 tamen
1264 670 1338 726 ad
1370 669 1430 724 id
1474 670 1775 740 inductus,
1810 676 2012 742 aperte

364 762 941 833 impugnatur22l,
976 767 1034 816 et
1063 762 1255 834 capite
1315 766 1676 833 amputatus,
1729 762 2011 832 martyrio

358 851 642 922 fungitur.
680 854 820 922 Ejus
844 856 1042 907 autem
1067 851 1336 922 reliquiai
1361 851 1682 920 translatze,
1717 851 1927 906 eodem
1950 852 2011 905 in

357 940 488 996 loco
520 940 685 995 fuere
714 942 1012 1013 repositas,
1046 942 1146 996 ubi
1203 943 1391 997 sancti
1447 941 1711 1010 Adriani,
1763 948 2010 997 cmtero-

356 1044 609 1100 rumque
643 1036 1006 1099 sanctorum,
1041 1036 1101 1086 et
1146 1030 1392 1103 Stachys
1441 1031 1694 1103 apostoli
1740 1029 2011 1101 reliquias

350 1119 577 1190 jacent.

915 1239 1160 1294 EODEM
1200 1238 1454 1294 MENSE.

842 1328 945 1383 Die
975 1327 1258 1385 vicesima
1288 1328 1542 1400 septima

609 1418 878 1473 Memoria
905 1420 1088 1474 sancti
1115 1420 1301 1475 Patris
1328 1420 1505 1474 nostri
1532 1418 1762 1473 Liberii.

432 1548 646 1602 Beatus
678 1545 969 1615 Liberius,
1002 1547 1267 1604 veritatis
1293 1547 2012 1621 propugnator,Constan-

356 1634 440 1689 tio
468 1634 802 1707 imperante
833 1642 962 1693 erat
1017 1639 1218 1695 Romaa
1280 1638 1614 1710 episcopus.
1675 1638 1820 1692 Cum
1877 1654 2013 1692 vero

359 1726 483 1780 zelo
516 1727 654 1781 ﬁdei
689 1727 1031 1783 orthodoxa)
1064 1729 1320 1799 arderet,
1341 1729 1604 1800 suscepit
1626 1728 2011 1783 Athanasium

2121 579 2503 654 Χριστιανούς.
2536 579 2899 644 Κολακευθεὶς
2931 579 3021 635 οὗν
3079 580 3183 635 ὑπὸ
3227 584 3335 635 τοῦ
3375 581 3667 655 τυράννου,
3694 581 3786 635 καὶ

2118 666 2533 742 πιθανολογίαις
2591 667 2944 744 ἀναγκασθεὶς
2992 668 3327 744 ἀρνήσασθαι
3382 668 3475 723 ’τὸν
3524 669 3786 745 Χριστὸν,

2118 755 2209 811 καί
2242 759 2317 829 μὴ
2374 756 2638 829 πεισθεὶς,
2696 761 2939 832 φανερῶς
2994 751 3391 829 ἐπεϐουλεύθη,
3433 758 3523 813 καὶ
3553 759 3655 828 τήν
3690 780 3784 814 κε-

2120 847 2300 923 φαλὴν
2333 846 2699 921 ἀποτμηθεὶς,
2746 846 3070 917 ἐτελειώθη.
3111 847 3184 904 Τὸ
3232 844 3289 902 δέ
3321 844 3581 923 λείψανον
3614 847 3786 904 αὐτοῦ

2119 935 2474 1009 ἀνακομισθὲν
2507 935 2661 1007 ἐτέθη
2714 934 2835 991 ἔνθα
2886 935 2950 991 τὸ
3004 939 3101 991 τοῦ
3151 936 3312 1011 ἁγίου
3343 921 3661 1011 Ἀδριανοῦ,
3692 936 3786 993 καὶ

2117 1028 2225 1080 τῶν
2256 1024 2465 1082 λοιπῶν
2501 1027 2698 1102 ἁγίων.
2730 1026 2816 1082 καὶ
2854 1027 3108 1101 Στάχυος
3137 1029 3234 1081 τοῦ
3266 1024 3603 1083 ἀποστόλου.

2665 1236 2849 1294 ΜΠΝΙ
2887 1237 2977 1293 ΤΩ
3016 1238 3223 1295 ΔΥΤΩ.

2228 1416 2441 1489 Μνήμη
2472 1418 2571 1470 τοῦ
2601 1415 2653 1470 ἐν
2686 1416 2870 1492 ἁγίοις
2897 1332 3131 1492 1ξΙΖατρὸς
3182 1418 3344 1490 ἡμῶν
3392 1410 3674 1493 Λιϐερίου.

2194 1537 2449 1616 Λιϐέριος
2501 1541 2529 1596 ὁ
2581 1544 2850 1619 μακάριος
2902 1542 2991 1599 καὶ
3058 1549 3162 1613 τῆς
3218 1541 3485 1614 ἀληθείας
3538 1543 3789 1618 ὑπέρμα-

2123 1649 2227 1704 χος
2274 1632 2340 1701 ἦν
2397 1628 2488 1686 ἐπὶ
2538 1638 2640 1702 τῆς
2702 1630 2983 1709 βασιλείας
3042 1632 3425 1689 Κωνσταντίου
3482 1630 3785 1694 ἐπίσκοπος

2122 1721 2367 1793 Ῥώμης.
2425 1720 2716 1797 Ὑπάρχων
2770 1718 2828 1777 δέ
2887 1720 3147 1794 ζηλωτὴς
3202 1729 3307 1792 τῆς
3364 1719 3662 1798 ὁρθοδόξου
3691 1725 3789 1778 πί-

363 1816 438 1871 ab
470 1816 766 1872 haereticis
798 1820 1174 1890 exagitatum,
1203 1818 1783 1891 atquejAlexandriaa
1803 1819 2017 1874 throno

2141 1830 2313 1881 ττεως,
2372 1807 2661 1881 ὑπεδέξατο
2718 1810 2809 1866 τὸν
2900 1812 3068 1888 μέγαν
3159 1810 3479 1876 Ἀθανάσιον
3540 1810 3785 1867 ὗποδιω·

368 1870 705 1977 expulsum,
730 1870 1234 1976 insignia";
1247 1870 2012 1979 ’ᾦέὲᾞεὶίᾆιῖἷιὲῖέιέεῖὲέ-ξιῖ

2299 1870 2312 1881 ,
2546 1870 2560 1881 ,
2900 1870 2911 1884 ,
2983 1870 2995 1888 ,
3232 1870 3250 1876 -

2141 1901 2323 1974 (θέντα
2355 1898 2458 1954 ὑπὸ
2516 1903 2624 1954 τῶν
2679 1901 2969 1975 αἱρετικῶν
3025 1902 3115 1956 καὶ
3171 1905 3270 1956 τοῦ
3302 1902 3500 1977 θρόνου
3533 1901 3785 1973 Ἀλεξαν-

364 1998 516 2048 Dum
554 1994 713 2049 enim
764 1995 920 2051 inter
962 1996 1119 2051 vivos
1176 1996 1431 2068 agebant
1486 1997 1910 2053 Constantinus
1960 2002 2019 2052 et

363 2082 657 2138 Constans
685 2085 946 2157 majores
1006 2091 1152 2141 natu
1211 2086 1318 2140 ﬁlii
1377 2087 1567 2159 Magni
1622 2087 2017 2153 Constantini,

363 2172 853 2229 orthodoxaﬁdes
878 2180 1106 2230 servata
1128 2175 1358 2243 est;sed
1382 2175 1483 2230 ubi
1506 2176 2017 2246 illidecesserunt,

365 2267 426 2315 et
448 2262 696 2318 relictus
726 2263 840 2318 fuit
870 2281 1072 2319 rerum
1103 2265 1383 2321 dominus
1414 2268 1793 2322 Canstantius
1824 2267 2023 2321 minor

366 2355 513 2404 natu
537 2350 827 2422 ﬁlius,qui
854 2352 1107 2406 Arianus
1128 2353 2017 2423 erat,prmvaluerunthmretici.

368 2443 739 2511 QuaprOpter
751 2440 931 2494 etiam
948 2440 1214 2495 Liberius
1228 2446 1540 2512 postquam
1561 2442 1813 2498 multum
1830 2442 2024 2498 redar-

374 2531 518 2603 guit,
552 2536 731 2600 atque
761 2530 1091 2601 increpavit
1118 2532 1536 2587 haereticorum
1566 2533 2025 2604 impietatem,in

376 2621 641 2676 Beraaam
672 2621 938 2676 Thracia:
967 2621 1268 2677 civitatem
1301 2627 1391 2676 est
1420 2624 1737 2692 relegatus.
1790 2626 1863 2677 At
1890 2639 2023 2678 cum

372 2710 627 2764 Romani
660 2707 775 2763 fide
808 2715 867 2765 et
896 2708 1215 2765 dilectione
1268 2727 1405 2783 erga
1453 2711 1628 2766 illum
1674 2717 1876 2767 essent
1925 2712 2026 2767 de~

366 2798 569 2865 vincti,
602 2804 983 2855 accesserunt
1011 2798 1085 2854 ad
1144 2799 1588 2872 imperatorem,
1641 2806 2027 2872 exposcentes

369 2903 546 2942 eum:
581 2904 650 2943 ac
678 2893 996 2960 propterea
1033 2890 1284 2945 Romam
1333 2890 1549 2945 iterum
1607 2890 1847 2962 missus,
1891 2907 2026 2946 cum

368 2993 542 3033 suum
574 2994 814 3051 gregem
844 2984 1005 3035 recte
1035 2978 1447 3052 gubernasset,
1478 2981 1756 3038 decessit.

366 3169 440 3223 Et
459 3169 723 3225 memoria
762 3171 944 3226 sancti
998 3171 1184 3226 Patris
1185 3171 1404 3298 “nostri
1458 3172 1727 3227 Pamenis
1783 3170 2023 3226 anacho-

1120 3258 1181 3298 re
1258 3282 1272 3297 .

1120 3258 1272 3299 rem.

444 3358 696 3416 Sanctus
726 3360 902 3415 Pater
947 3364 1153 3416 noster
1208 3362 1450 3417 Paamen
1502 3376 1572 3416 ex
1631 3359 1859 3434 Egypti
1917 3359 2031 3415 fuit

368 3449 613 3523 regione
644 3466 658 3504 :
691 3449 976 3506 derelicto
996 3455 1196 3505 autem
1213 3450 1460 3519 mundo,
1486 3451 1735 3507 secessit
1752 3466 1872 3505 una
1892 3465 2028 3505 cum

369 3541 494 3596 suis
525 3540 826 3613 germanis
857 3540 1142 3596 fratribus
1174 3541 1235 3597 in
1266 3542 1721 3611 monasterium,
1751 3546 2033 3597 etmona-

366 3629 514 3684 chus
528 3628 720 3684 factus
745 3633 854 3684 est.
882 3629 1078 3685 Multis
1102 3634 1237 3701 post
1256 3630 1432 3685 annis
1459 3647 1596 3685 cum
1616 3645 1821 3685 eorum
1842 3633 2035 3685 mater

370 3717 446 3774 ad
504 3734 607 3773 eos
666 3718 1015 3775 invisendos
1065 3720 1329 3791 profecta
1396 3724 1574 3786 esset,
1656 3719 1715 3773 id
1796 3718 2033 3788 assequi

373 3807 622 3862 minime
646 3808 840 3878 potuit
863 3824 876 3862 :
911 3808 1289 3865 occluserant
1312 3808 1471 3862 enim
1497 3808 1585 3861 illi
1603 3807 2034 3879 jannam.Dum

377 3912 514 3950 vero
545 3895 672 3950 hmc
702 3894 764 3950 in
793 3897 1113 3970 gemitibus
1163 3896 1531 3968 persisteret,
1589 3895 1674 3950 ait
1720 3893 1793 3950 ad
1842 3893 2035 3964 ipsam

381 3987 647 4052 Pcemen,
680 4003 802 4041 non
836 3986 1088 4042 intuitus
1120 4001 1273 4041 eam.
1306 3984 1459 4050 Quid
1518 3988 1708 4056 optas,
1741 4000 1775 4038 ο
1806 3981 2040 4038 mater?

378 4075 517 4130 Haec
539 4090 710 4132 vero:
740 4078 850 4131 Vos
874 4075 1223 4147 conspicere
1252 4072 1405 4127 volo.
1439 4072 1543 4127 Cui
1572 4072 1726 4128 222
1756 4073 1995 4127 Pmmen
2022 4086 2036 4124 τ

381 4165 447 4219 In
480 4164 669 4220 altero
701 4165 921 4221 sazculo
953 4181 1064 4219 nos
1095 4163 1351 4218 invicem
1401 4160 1755 4217 videbimus.
1805 4162 1944 4226 Qum
1974 4165 2042 4216 ut

384 4254 630 4325 audivit,
689 4256 958 4311 recessit.
1022 4259 1096 4308 At
1150 4270 1272 4308 non
1329 4251 1442 4307 hoc
1500 4251 1696 4306 solum
1752 4252 2043 4306 memoria

380 4345 630 4419 dignum
662 4346 775 4401 iste
805 4345 1010 4418 gessit,
1048 4343 1152 4399 sed
1202 4347 1261 4398 et
1317 4341 1436 4398 alia
1478 4341 1671 4414 plura.
1720 4340 2041 4397 Praefectus

381 4438 547 4493 enim
578 4437 866 4507 regionis,
889 4435 1325 4508 comprehenso
1349 4433 1572 4489 sororis
1603 4433 1733 4505 ejus
1764 4432 1888 4487 ﬁlio
1911 4449 2043 4504 pro-

387 4531 520 4597 pter
547 4525 880 4583 admissum
910 4525 1225 4601 ﬂagitium,
1258 4524 1601 4581 decreverat
1657 4522 1949 4595 supplicio
1980 4522 2043 4577 in

2123 1985 2302 2062 δρείας
2354 1986 2711 2059 ἀπελαθέντα,
2770 1989 3283 2067 παῤῥησιαζόμενος
3335 1992 3436 2061 τὴν
3480 1986 3781 2049 εὐσέϐειαν.

2121 2079 2267 2140 ’Έως
2325 2078 2431 2153 γὰρ
2484 2086 2749 2154 περιῆσαν
2810 2082 3237 2149 Κωνσταντῖνος,
3294 2083 3384 2137 καὶ
3448 2083 3785 2145 Κώνσταςοῖ

2124 2170 2335 2242 πρῶτοι
2370 2167 2610 2221 υἱοίτοῦ
2667 2166 2911 2242 μεγάλου
2971 2169 3396 2241 Κωνσταντίνου,
3456 2168 3785 2248 ἐφυλάττετο

2125 2258 2161 2325 ἡ
2223 2253 2515 2331 ὀρθόδοξος
2570 2254 2775 2319 πίστις·
2838 2257 3001 2327 ἡνίκα
3057 2255 3115 2313 δὶ
3171 2257 3365 2314 ἐκεῖνοι
3408 2256 3789 2330 ἐτελεύτησαν,

2126 2342 2216 2399 καὶ
2275 2343 2603 2423 κατελείφθη
2661 2366 2851 2422 κυριος
2926 2352 3036 2402 τῶν
3112 2349 3445 2424 πραγμάτων
3506 2347 3791 2402 Κωνστάν-

2126 2454 2248 2495 τιος
2293 2435 2322 2487 ὁ
2355 2431 2590 2499 ἔσχατος
2645 2435 2787 2503 υίὸς,
2846 2437 3126 2510 Ἀρειανὸς
3180 2433 3279 2511 ὥν,
3342 2436 3705 2513 ὑπερίσχυσαν
3742 2445 3796 2499 οἱ

2128 2522 2412 2599 αἱρετικοί.
2470 2526 2633 2588 ⁸Ὀθεν
2690 2525 2780 2579 καὶ
2839 2521 3119 2600 Λιϐέριος,
3175 2527 3311 2597 μετά
3350 2528 3414 2583 τὸ
3459 2525 3647 2583 πολλᾶ
3677 2523 3800 2582 δια-

2131 2611 2426 2686 λεχθῆναι,
2457 2614 2547 2667 καὶ
2580 2611 2791 2689 ἐλέγξαι
2822 2616 2922 2684 τήν
2964 2611 3277 2672 δυσσέϐειαν
3306 2621 3415 2672 τῶν
3478 2618 3791 2693 αἱρετικῶν,

2134 2701 2395 2777 ἐξωρίσθη
2426 2701 2502 2764 εἰς
2533 2704 2759 2778 Βέροιαν
2812 2711 2915 2774 τῆς
2973 2705 3211 2781 Θρᾴκης.
3247 2707 3425 2764 ἈΛλά
3471 2708 3655 2762 πίστιν
3707 2706 3800 2761 καὶ

2134 2788 2350 2865 ἀγάπην
2381 2787 2603 2866 ἔχοντες
2654 2794 2707 2848 οἱ
2764 2794 3035 2867 Ῥωμαῖοι
3089 2795 3226 2871 πρὸς
3258 2795 3441 2867 αὐτὸν,
3474 2796 3798 2873 προσῆλθον

2131 2879 2212 2954 τῷ
2248 2880 2484 2953 βασιλεῖ,
2541 2887 2828 2953 ζητοῦντες
2886 2884 3064 2943 αὐτόν.
3128 2886 3227 2941 Καὶ
3282 2884 3374 2941 διὰ
3426 2891 3597 2942 τοῦτο
3631 2882 3798 2942 πάλιν

2137 2968 2466 3034 ἀποσταλεὶς
2496 2971 2574 3035 είς
2604 2973 2854 3049 Ῥώμην,
2883 2975 2975 3031 καὶ
3020 2975 3084 3031 τὸ
3133 2975 3391 3050 ποίμνιον
3419 2975 3584 3033 αὔτοῦ
3613 2973 3802 3042 καλῶς

2135 3058 2410 3134 ποιμάνας
2436 3059 2754 3135 ἐτελειώθη.

2137 3168 2238 3228 Καὶ
2305 3169 2498 3242 μνήμη
2556 3172 2654 3225 τοῦ
2711 3170 2863 3249 ὁσίου
2919 3172 3135 3249 Ηατρὸς
3193 3174 3359 3249 ἡμῶν
3410 3171 3676 3247 Ποιμένος
3703 3174 3801 3227 τοῦ

2773 3244 3162 3322 ἀναχωρητοῖλ

2209 3357 2272 3415 Ὀ
2329 3356 2381 3413 ἐν
2442 3358 2623 3433 ἁγίοις
2681 3360 2870 3434 Ηατὴρ
2932 3363 3095 3436 ἡμῶν
3153 3362 3380 3437 Ποιμήν
3444 3362 3665 3439 ὑπῆρχε
3709 3362 3802 3435 μὲν

2140 3446 2200 3504 ἐκ
2227 3453 2328 3520 τῆς
2386 3451 2577 3526 χώρας
2633 3451 2937 3529 Αἱγύπτου⁶
2997 3452 3317 3510 καταλιπὼν
3350 3451 3408 3509 δὶ
3444 3454 3534 3509 τὸν
3565 3452 3808 3534 κόσμον,

2142 3539 2385 3605 ἀπῆλθεν
2416 3539 2493 3603 είς
2523 3540 2587 3596 τὸ
2622 3545 3009 3620 μοναστήριον,
3074 3545 3210 3619 μετά
3262 3549 3373 3602 τῶν
3423 3542 3662 3622 γνησίων
3703 3542 3803 3597 αὖ·

2137 3634 2236 3686 τοῦ
2268 3627 2541 3707 ἀδελφῶν,
2599 3631 2688 3687 καὶ
2743 3632 2953 3709 ἐγένετό
3016 3634 3287 3709 μοναχὸς.
3347 3634 3449 3690 Καὶ
3494 3635 3629 3709 μετὰ
3667 3633 3806 3710 χρό-

2142 3741 2267 3781 νους
2303 3717 2551 3782 πολλοὺς
2607 3720 2922 3786 ἀπελθοῦσα
2976 3724 3012 3792 ἡ
3076 3726 3263 3798 μήτηρ
3304 3721 3473 3779 αὺτοῦ
3527 3720 3659 3779 ἰδεῖν
3712 3722 3808 3777 αὖ·

2141 3807 2298 3875 τοὺς,
2353 3806 2453 3862 οὐκ
2508 3805 2780 3879 ἠδυνήθη·
2846 3809 3172 3865 ἀπέκλεισαν
3231 3812 3334 3885 γὰρ
3393 3811 3531 3883 αὐτῇ
3578 3813 3679 3879 τήν
3711 3811 3813 3875 θύ-

2146 3917 2263 3972 ραν.
2321 3897 2411 3960 Ὠς
2466 3892 2525 3950 δὲ
2582 3896 2811 3968 ἐπέμενε
2868 3898 3158 3965 κλαίουσα,
3215 3900 3335 3952 εἷπε
3391 3898 3528 3972 πρὸς
3578 3897 3747 3966 αὐτὴν
3783 3899 3812 3951 ὁ

2147 3984 2389 4056 Ποῖμήν,
2429 3983 2504 4057 μή
2543 3984 2764 4059 βλέπων
2824 3984 3014 4056 αότήν·
3075 3984 3141 4042 Τί
3193 3983 3370 4048 θέλεις
3421 3991 3631 4060 μῆτερ;
3660 3986 3722 4041 Ἡ
3757 3983 3814 4040 δὲ

2148 4071 2285 4142 εἶπε,
2316 4071 2473 4128 Θέλω
2505 4070 2637 4127 ἰδεῖν
2702 4074 2867 4147 ὑμᾶς.
2928 4073 3033 4131 Καὶ
3087 4073 3233 4151 λέγει
3268 4075 3296 4129 ὁ
3336 4075 3577 4148 Ποιμήν·
3612 4075 3704 4131 Ἐν
3736 4078 3815 4147 τῷ

2146 4161 2344 4235 κόσμῳ
2403 4160 2592 4235 ἐκείνῳ
2643 4161 2891 4237 ὀψόμεθα
2945 4160 3252 4236 ἀλλήλους.
3312 4166 3375 4220 ’Π
3434 4161 3492 4220 δὲ
3544 4162 3818 4220 ἀκούσασα

2148 4252 2520 4328 ἀνεχώρησεν.
2554 4251 2628 4307 Οὐ
2664 4252 2833 4326 μόνον
2891 4251 2951 4309 δὲ
3004 4258 3168 4310 τοῦτο
3202 4253 3458 4326 ἐποίησεν
3492 4253 3640 4329 ἄξιον
3677 4256 3814 4329 μνή-

2154 4363 2285 4416 μης,
2314 4338 2463 4397 ἀλλὰ
2491 4342 2583 4397 καὶ
2611 4338 2769 4418 ἕτερα
2816 4340 3026 4400 πολλά.
3078 4344 3140 4399 Ἦ
3200 4343 3307 4420 γὰρ
3340 4344 3530 4421 ἄρχων
3560 4350 3663 4414 τῆς
3688 4344 3818 4419 χώ-

2151 4451 2247 4507 ρας
2277 4432 2552 4507 κρατήσας
2602 4437 2702 4501 τῆς
2756 4428 3001 4512 ἀδελφῆς
3049 4433 3215 4489 αὐτοῦ
3244 4434 3334 4489 τὸν
3368 4435 3483 4489 υἱὸν
3512 4432 3600 4489 ἐπὶ
3630 4433 3816 4504 κακίᾳ,

2150 4515 2411 4576 ἐϐούλετο
2438 4526 2728 4596 τιμωρεῖν.
2790 4522 2889 4579 Καὶ
2952 4522 3138 4599 μαθὼν
3194 4521 3279 4579 ὅτι
3328 4526 3425 4579 τοῦ
3473 4520 3632 4599 ἁγίου
3675 4520 3820 4577 ἐστὶν

386 4616 560 4670 illum
620 4615 1131 4672 animadvertere:
1194 4619 1249 4670 et
1317 4614 1577 4687 cognito,
1639 4612 1798 4685 quod
1852 4617 2028 4668 sanct:

2146 4610 2385 4686 ἀνεψιὸς,
2420 4609 2686 4684 ἐμήνυσεν
2745 4610 2916 4685 αὐτῷ,
2972 4612 3056 4669 ὅτι
3110 4612 3175 4668 Εἰ
3235 4613 3433 4686 ἀξιοῖς⁹
3463 4610 3696 4668 ἀπολύω
3728 4610 3820 4667 αὖ·

388 4718 575 4773 nepos
606 4708 764 4758 esset
791 4721 862 4759 ex
890 4721 1115 4773 sorore,
1148 4703 1501 4777 signiﬁcavit
1556 4701 1634 4771 ei,
1682 4701 1926 4757 dicens:
1978 4701 2037 4756 Si

389 4807 626 4861 aequum
659 4793 985 4859 censueris,
1017 4792 1317 4848 dimittam
1350 4810 1507 4850 eum.
1540 4791 1643 4847 Cui
1683 4792 1923 4848 Pcemen
1955 4791 2039 4845 sic

387 4876 697 4950 respondit
725 4895 738 4935 ε
773 4879 842 4934 In
862 4879 1032 4934 illum
1054 4879 1370 4953 diligenter
1386 4880 1623 4951 inquire
1648 4896 1662 4935 :
1686 4885 1746 4935 et
1761 4881 1811 4935 si
1833 4879 2044 4935 mortis

389 4974 483 5024 est
511 4983 672 5036 reus,
703 4968 1032 5039 moriatur;
1088 4969 1136 5024 si
1166 4985 1307 5025 vero
1366 4986 1510 5038 non,
1556 4969 1648 5024 fac
1707 4968 1866 5040 quod
1916 4970 2046 5025 vis:

2141 4699 2256 4756 τόν.
2316 4699 2378 4757 Ὀ
2438 4696 2495 4754 δὲ
2552 4699 2940 4774 ἀντεμήνυσεν·
3005 4702 3285 4773 Ἐξέτασον
3341 4703 3410 4757 τὰ
3464 4702 3584 4758 κατ’
3632 4699 3817 4757 αὐτόν’

2147 4788 2239 4845 καὶ
2272 4788 2318 4844 εί
2351 4789 2502 4861 ἄξιός
2559 4788 2672 4846 ἐστι
2731 4791 2987 4862 θανάτου,
3048 4790 3389 4855 ἀποθανέτω·
3437 4790 3484 4846 εἰ
3515 4790 3573 4847 δὲ
3606 4793 3709 4864 μή,
3744 4790 3821 4853 ὡς

2158 4877 2347 4954 βούλει
2405 4876 2661 4948 ποίησον.
2723 4878 2822 4933 Καὶ
2880 4881 3162 4953 θαυμάσας
3217 4881 3246 4936 ὁ
3300 4878 3488 4955 ἄρχων
3518 4879 3583 4934 τὸ
3612 4878 3825 4953 ἀπροσ-

2155 4968 2323 5032 παθὶς
2380 4966 2569 5037 αὐτοῦ,
2624 4965 2888 5023 ἀπέλυσεν
2949 4968 3138 5028 αὐτόν.
3196 4967 3390 5025 Πολλά
3457 4966 3515 5024 δὲ
3573 4967 3825 5043 θαύματα

392 5058 742 5117 Admiratus
773 5074 909 5113 vero
938 5057 1253 5131 praafectus
1285 5059 1413 5129 ejus
1443 5059 1710 5114 animum
1741 5059 2028 5115 aﬂ'ectibu:

2159 5057 2420 5127 ποιήσας,
2452 5055 2504 5110 ἐν
2535 5054 2728 5132 εἰρήνη
2754 5055 3115 5115 ἀνεπαύσατο.

396 5165 780 5222 nequaquam
813 5146 1171 5221 subjectum,
1201 5147 1373 5202 illum
1392 5147 1826 5204 dimisit.Plura
1855 5154 2054 5205 autem

399 5246 643 5298 sanctus
674 5245 955 5313 Operatus
986 5237 1297 5304 miracula,
1330 5236 1393 5293 in
1422 5253 1569 5310 pace
1599 5238 1840 5309 quievit.

401 5360 467 5415 Et
528 5361 794 5416 memoria
849 5360 1029 5416 sancti
1079 5360 1268 5414 Patris
1320 5358 1499 5414 nostri
1580 5358 1736 5415 Hosii
1794 5358 2028 5419 Corduba

2173 5352 2273 5410 Καὶ
2333 5355 2531 5429 μνήμη
2586 5356 2682 5430 toi}
2747 5352 2799 5408 ἐν
2837 5353 3042 5430 -άγίοις
3121 5353 3332 5430 [ἰατρὸς
3415 5356 3576 5430 ἡμῶν
3652 5354 3833 5412 Ὀσίου

1097 5431 1362 5502 episcopi.

476 5549 689 5610 Hosius
720 5552 1007 5610 Corduba:
1031 5552 1375 5623 episcopus,
1400 5548 1621 5604 mundo
1642 5549 1894 5605 remisso
1914 5567 2069 5607 nun—

2661 5376 2682 5409 δ
2747 5373 2799 5408 εν
2859 5373 3032 5429 αγιοις
3122 5373 3231 5411 ιιατ
3272 5375 3332 5418 ος

2661 5426 2959 5481 ἐπισκόπου
3000 5373 3343 5503 Κορδούὲης.

2248 5545 2308 5601 Ὀ
2335 5544 2527 5609 ’Ὀσιος
2557 5542 2848 5608 ἐπίσκοπος
2878 5540 3227 5619 Κορδούϐης,
3258 5543 3575 5601 καταλιπὼν
3604 5546 3698 5600 τὸν
3731 5544 3835 5601 κό-

404 5636 508 5705 tio,
540 5646 598 5695 et
625 5643 1031 5698 monasticum
1059 5640 1406 5696 institutum
1439 5636 1770 5709 amplexus,
1814 5641 2028 5696 ascetic

2182 5656 2344 5708 σμον,
2376 5632 2469 5690 καὶ
2497 5634 2737 5711 γεγονὼς
2800 5635 3069 5711 μοναχὸς,
3126 5636 3218 5692 καὶ
3275 5636 3330 5692 ἐν
3387 5638 3612 5708 ἀσκήσει
3644 5634 3835 5708 πολλῇ

408 5730 524 5783 vita
550 5730 811 5798 primum
856 5730 1183 5789 excelluit:
1243 5746 1382 5785 mox
1438 5727 1720 5785 omnibus
1769 5729 2028 5801 refulgen

2184 5727 2453 5802 πρότερον
2486 5724 2804 5802 διαπρέψας,
2852 5728 2942 5784 καὶ
3003 5727 3284 5803 μαντοίαις
3343 5727 3557 5805 ἀρεταῖς
3588 5723 3834 5799 διαλαμ-
