4128 6424
303 401 433 465 609

1833 391 2282 454 AUGUSTUS.

3609 399 3730 458 610

293 536 429 609 ψας,
460 531 551 588 καὶ
595 528 837 604 θαύμασι
893 527 1134 590 πολλοῖς
1190 527 1516 602 κοσμηθεὶς,
1575 526 1967 601 ἐχειροτονήθη

2104 524 2423 591 rirtutibus,
2458 529 2515 580 et
2547 525 2850 581 miraculis
2909 532 3249 597 exornatus,
3274 547 3307 585 a
3339 533 3604 586 Romano
3638 549 3736 587 ar-

301 625 462 700 παρὰ
511 627 608 677 τοῦ
651 627 752 690 τῆς
797 619 1022 692 Ῥὼμης
1077 617 1516 692 ἆρχιεπισκόπου
1568 623 1670 685 τῆς
1753 612 1971 676 πόλεως

303 705 638 785 Κορδοόϐης
669 709 994 770 ἐπίσκοπος.
1026 705 1205 776 Ζῆλον
1241 703 1300 762 δέ
1330 704 1477 782 ἔχων
1510 705 1642 780 ὑπὲρ
1675 711 1774 774 τῆς
1807 702 1970 778 ὀρθο-

312 802 481 874 δόξου
541 801 800 868 πίστεως,
861 799 1187 874 παρεγένετο
1237 796 1290 852 ἐν
1374 799 1444 872 τῇ
1505 794 1714 871 μεγάλῃ
1762 789 1974 866 συνόδῳ

304 895 416 961 τήν
448 896 546 948 τοῖ’)
585 888 805 966 Ἀρείου
865 887 1054 962 μανίαν
1117 884 1442 964 διελέγχων,
1497 887 1585 941 καὶ
1639 887 1738 954 τήν
1797 887 1978 958 ψυχο-

308 977 503 1051 ϐλαϐἧ
531 982 738 1055 αἳρεσιν
771 975 1241 1053 ἀποκρουόμενος.
1294 973 1472 1034 Ἀλλᾶ
1527 973 1618 1030 καὶ
1673 976 1773 1042 τὴν
1831 994 1980 1049 γενο-

305 1071 485 1145 μένην
548 1067 603 1125 ἐν
665 1065 910 1143 Σαρδικῇ
972 1063 1202 1121 σύνοδον
1265 1066 1428 1128 αὐτὸς
1499 1065 1829 1139 συνεκρότει,
1913 1061 1980 1118 τὰ

298 1165 504 1236 πρῶτα
533 1158 586 1214 ἐν
635 1163 757 1219 τοῖς
812 1158 937 1212 τότε
995 1155 1347 1220 συνελθοῦσιν
1407 1153 1726 1216 ἐπισκόποις
1781 1174 1980 1224 κεκτη-

314 1251 782 1324 μένος,“ῐ’στερον
846 1243 904 1301 δέ
956 1244 1046 1300 ἐπὶ
1100 1243 1475 1300 Κωνσταντίου
1527 1248 1624 1298 τοῦ
1685 1240 1975 1319 βασιλέως,

303 1341 602 1414 ’Λρειανοῦ
627 1335 914 1408 ὅντος,εἷς
977 1333 1189 1410 ἐξορίαν
1247 1330 1637 1409 παρεπέμφθη,
1701 1333 1835 1406 μετᾶ
1889 1332 1978 1387 καὶ

315 1428 517 1483 ἄλλων
562 1423 792 1481 πολλῶν
852 1422 1189 1492 ἐπισκόπων,
1241 1430 1342 1492 τῆς
1398 1421 1689 1499 ὀρθοδόξου
1748 1421 1980 1484 πίστεως

311 1517 713 1591 ἂντεχόμενος.
749 1513 846 1568 Καὶ
891 1513 942 1567 ἐν
975 1515 1045 1586 τῇ
1100 1511 1283 1588 ἐξορίᾳ
1339 1510 1529 1568 πολλά
1577 1509 1726 1566 δεινᾶ
1772 1510 1982 1582 παθὼν,

2083 616 2460 689 chiepiscopo
2493 617 2806 689 episcopus
2825 619 2988 673 urbis
3017 620 3302 675 Cordubae
3329 629 3733 678 consecratur.

2087 707 2286 761 Zelum
2312 712 2510 762 autem
2545 707 2773 762 habens
2831 726 2936 780 pro
2996 709 3110 764 fide
3168 711 3514 780 orthodoxa,
3549 713 3740 768 adfuit

2087 797 2148 850 in
2186 813 2399 869 magna
2430 797 2806 868 synodo,Arii
2834 798 3128 854 insaniam
3154 801 3534 874 redarguens,
3561 809 3737 874 atque

2087 886 2362 941 haeresim
2394 887 2708 942 animabus
2735 887 2973 943 noxiam
3005 889 3304 960 rejiciens.
3341 891 3450 945 Sed
3491 898 3549 946 et
3602 894 3736 948 Sar-

2090 975 2395 1030 dicensem
2422 977 2713 1048 synodum
2741 977 2866 1048 ipse
2899 979 3371 1050 congregandam
3411 983 3654 1049 curavit,
3682 987 3742 1037 et

2089 1066 2344 1136 primam
2369 1065 2572 1120 sedem
2596 1066 2806 1121 habuit
2827 1067 2984 1122 inter
3005 1069 3742 1141 episcopos,quiconvene-

2091 1158 2464 1211 rant.Postea
2478 1173 2512 1212 a
2534 1158 2878 1212 Constantio
2898 1158 3256 1231 imperatore
3274 1161 3491 1215 Ariano
3507 1162 3567 1216 in
3588 1179 3652 1216 ex
3663 1163 3738 1216 si-

2091 1246 2238 1302 lium
2265 1263 2384 1302 una
2410 1264 2544 1303 cum
2567 1247 2700 1303 aliis
2718 1248 2989 1320 pluribus
3012 1249 3432 1322 episcopis,qui
3450 1253 3739 1307 orthodo—

2093 1353 2224 1390 xam
2251 1336 2427 1391 fidem
2453 1337 2754 1392 mordicus
2769 1338 3570 1411 retinebant,pulsus,mulas
3590 1342 3649 1396 in
3675 1358 3742 1396 eo

2093 1443 2302 1498 passus
2344 1426 2784 1493 aftlictationes,
2813 1429 3135 1500 pluresque
3159 1430 3461 1485 sustinens
3496 1432 3747 1486 vexatio-

2092 1516 2396 1585 nes,laetus
2415 1517 2487 1571 ad
2513 1521 2713 1583 Deum,
2738 1534 2966 1589 proquo
2998 1518 3420 1590 decertaverat,
3454 1521 3742 1592 migravit.

306 1605 404 1661 καὶ
429 1605 730 1667 πλείστους
759 1599 1101 1676 πειρασμοὺς
1144 1600 1465 1674 ὑπομείνας,
1500 1600 1636 1678 πρὸς
1667 1599 1795 1656 Θεὸν
1827 1596 1896 1654 δι’
1923 1595 1979 1655 ὅν
2007 1601 2338 1676 ἠγωνίσατο,
2368 1603 2581 1679 χαίρων
2616 1601 2971 1677 ἐξεδήμησεν.

875 1717 1056 1774 MHNI
1098 1720 1184 1794 Tn
1224 1719 1422 1792 arm.

1093 1807 1205 1863 KH'

393 1901 606 1972 Μνήμη
635 1901 732 1953 τοῦ
765 1897 916 1951 ὁσίου
949 1897 1160 2033 Πατϐεέὸς
1202 1898 1362 1970 ἡμῶν
1400 1894 1646 1958 Μωσέως
1674 1899 1773 1950 τοῦ
1803 1895 1898 1952 Αἰ-

1108 1989 1265 2031 οπος.

387 2107 629 2170 Οὗτοςὸ
664 2108 937 2181 μακάριος
982 2109 1062 2177 τῷ
1126 2105 1220 2177 μὲν
1278 2104 1422 2179 γένει
1481 2103 1549 2172 ἦν
1615 2102 1842 2178 Αἰθίοψο
1909 2107 1978 2178 τῇ

311 2199 374 2256 δὲ
399 2197 566 2274 χρόᾳ,
603 2196 778 2270 μέλας
835 2189 1104 2271 ἀκριϐῶς,
1165 2193 1384 2264 οἷκέτης
1438 2192 1878 2266 πολιτευομένου
1907 2215 1984 2248 τι·

313 2288 438 2358 νὸς,
473 2286 534 2342 ὅν
568 2283 662 2341 διὰ
716 2283 940 2354 πολλὴν
997 2281 1330 2359 δυστροπίαν
1387 2282 1477 2338 καὶ
1538 2281 1840 2358 λῃστρικὴν
1901 2279 1984 2337 δι-

318 2377 577 2454 αγωγὴν,
609 2374 873 2430 ἀπώσατο
905 2374 933 2428 6
958 2370 1100 2436 ἴδιος
1130 2369 1421 2443 δεσπότης.
1455 2371 1628 2434 Οὗτός
1684 2393 1817 2427 ποτε
1862 2392 1990 2426 ποι-

326 2468 452 2540 μένι
531 2463 642 2520 τινὶ
701 2461 1129 2536 ἐμνησικάκησε,
1179 2459 1648 2535 παρεμποδίσαντι
1707 2461 1854 2532 αὖτῷ
1911 2460 1988 2522 sic

323 2561 582 2631 πρᾶγμα,
631 2551 691 2608 δν
756 2551 849 2607 καὶ
906 2551 1224 2606 ἀποκτεῖναι
1256 2547 1639 2606 ἐϐουλεύσατο.
1672 2551 1874 2614 Μαθὼν
1934 2550 1992 2606 δὲ

325 2646 413 2701 ὅτι
446 2644 612 2721 πέραν
645 2647 744 2698 τοῦ
773 2641 985 2698 Νείλου
1015 2639 1151 2714 ἐστὶ,
1184 2637 1663 2714 πλημμυροῦντος
1718 2645 1817 2696 τοῦ
1863 2638 1989 2695 ὕδα-

329 2758 450 2804 τος,
480 2739 560 2807 τῷ
592 2732 823 2807 στόματι
887 2729 1064 2786 δακὼν
1122 2731 1221 2799 τὴν
1257 2730 1557 2805 μάχαιραν,
1584 2731 1672 2785 καὶ
1703 2731 1803 2798 τήν
1837 2729 1992 2786 ἐπεν-

338 2823 510 2894 δύτην
569 2827 636 2898 τῇ
693 2821 910 2900 κεφαλῆ
986 2819 1212 2892 ἐπιθεὶς,
1292 2818 1685 2892 διανηξάμενος
1745 2817 1990 2894 ἐπέρασε.

328 2913 786 2987 Προαισθόμενος
807 2909 866 2966 δὶ
897 2912 925 2966 6
957 2912 1171 2984 ποιμὴν
1202 2910 1302 2978 τήν
1326 2910 1495 2965 αὐτοῦ
1528 2907 1761 2978 ἔλευσιν,
1821 2911 1994 2986 φυγὰς

339 3000 554 3074 ᾤχετο.
609 3003 670 3058 Ὁ
727 2999 807 3068 δὲ,
864 2998 1053 3076 κριοὺς
1129 2999 1390 3075 τέσσαρας
1461 2997 1780 3061 ἐπιλέκτους
1857 3020 1994 3077 σφα-

347 3091 534 3164 ·(ήσας
560 3087 645 3143 καὶ
677 3087 838 3160 δήσας
887 3093 1060 3164 σειρᾷ,
1113 3088 1206 3144 τὸν
1269 3085 1465 3144 Νεῖλον
1518 3087 1843 3163 ἀντεπέρασε
1898 3109 1994 3144 κο-

346 3171 599 3249 λυμϐῶν.
635 3180 712 3234 Τὰ
741 3179 872 3255 κρέα
904 3176 961 3234 δέ
992 3179 1174 3254 φαγὼν
1208 3177 1298 3233 καὶ
1327 3178 1396 3233 τὰ
1432 3175 1612 3233 κώδια
1669 3176 1800 3251 ο⁹ίνῳ
1855 3176 1995 3250 πλή-

2660 1721 2898 1776 EODEM
2943 1723 3175 1777 MENSE

2591 1810 2689 1865 Die
2721 1811 2999 1866 vicesima
3047 1819 3251 1868 octava

2009 1865 2058 1929 Β
2091 1900 2245 1956 228
2273 1901 2543 1955 Memoria
2570 1902 2747 1955 sancti
2776 1901 2960 1956 Patris
3015 1904 3189 1956 nostri
3219 1903 3418 1972 Moysis
3447 1903 3745 1975 .EthiOpis.

2166 2100 2380 2154 Beatus
2409 2098 2519 2154 iste
2543 2114 2758 2171 genere
2781 2098 3275 2170 EthiOps,colore
3293 2116 3471 2170 quam
3492 2102 3750 2157 maxime

2094 2189 2282 2261 niger,
2339 2189 2651 2259 cujusdam
2683 2188 2824 2243 civis
2856 2205 3079 2256 servus,
3114 2206 3292 2261 quem
3324 2190 3512 2261 ipsius
3553 2191 3748 2246 domi-

2096 2295 2210 2332 nus
2237 2277 2548 2350 expulerat
2569 2283 2812 2348 propter
2841 2278 2971 2348 ejus
3002 2295 3236 2334 morum
3279 2281 3748 2350 perversitatem.

2095 2373 2272 2438 atque
2295 2367 2531 2422 furandi
2556 2366 3183 2423 consuetudinem.Hic
3197 2385 3333 2424 cum
3349 2369 3412 2424 in
3431 2371 3748 2440 quemdam

2097 2461 2394 2527 pastorem
2431 2456 2587 2512 male
2633 2457 2934 2511 animatus
2965 2463 3144 2525 esset,
3175 2458 3336 2529 quod
3394 2459 3496 2512 ille
3530 2459 3643 2514 sibi
3678 2459 3750 2514 ad

2096 2546 2329 2602 facinus
2351 2546 2707 2618 patrandum
2735 2546 2929 2602 fuerat
2946 2546 3469 2618 impedimento,in
3488 2549 3756 2604 animum

2100 2638 2212 2692 sibi
2243 2638 2581 2705 induxerat,
2616 2655 2753 2693 eum
2789 2638 2861 2693 de
2892 2638 3091 2694 medio
3119 2638 3352 2696 tollere.
3382 2641 3612 2695 Certior
3649 2657 3756 2696 au-

2100 2733 2218 2783 tem
2249 2728 2440 2783 factus
2469 2728 2666 2799 ipsum
2700 2732 2864 2783 trans
2916 2728 3113 2784 Nilum
3170 2746 3364 2802 agere,
3415 2729 3754 2786 exundante

2098 2834 2272 2890 aqua,
2302 2835 2404 2873 ore
2433 2818 2694 2891 gladium
2729 2821 3164 2892 constringens,
3192 2821 3414 2893 penula
3443 2823 3618 2893 capiti
3653 2841 3752 2878 su-

2099 2907 2420 2979 perposita,
2478 2907 2678 2963 nando
2738 2908 3160 2964 transfretavit.
3243 2913 3318 2965 At
3361 2912 3755 2982 prmsentiens

2100 3003 2302 3070 pastor
2333 2997 2461 3068 ejus
2492 2997 2832 3066 adventum,
2866 2999 3100 3068 fugiens
3159 2999 3306 3054 abiit
3360 3017 3374 3066 ;
3430 3001 3557 3071 ipse
3615 3017 3753 3056 vero

2101 3093 2356 3158 quatuor
2371 3092 2636 3142 mactans
2651 3086 2896 3141 eximios
2909 3088 3220 3158 arietes,ac
3235 3088 3373 3143 fune
3390 3088 3654 3144 devincie
3665 3107 3755 3157 ns,

2104 3176 2366 3232 natando
2412 3176 2606 3231 Nilum
2631 3177 2847 3230 iterum
2871 3177 3140 3247 trajecit;
3163 3183 3373 3233 etcum
3401 3179 3761 3234 comedisset

335 3289 455 3338 σας,
491 3267 708 3338 ἀπῆλθε
765 3269 900 3344 πρὸς
959 3269 1087 3331 τοὺς
1147 3267 1396 3340 ἐταίρους
1453 3269 1642 3328 αὐτοῦ.
1698 3270 1880 3325 Ταῦτα
1939 3266 1991 3322 δὲ

2104 3283 2345 3332 carnes;
2372 3266 2631 3338 pellibus
2653 3265 2792 3320 vino
2813 3267 3056 3337 repletis
3078 3268 3152 3322 ad
3179 3285 3317 3323 suos
3343 3269 3532 3324 socios
3555 3269 3749 3324 rediit.

332 3356 692 3433 διηγησάμην
714 3359 809 3413 ἳνα
840 3356 1020 3430 δείξω,
1053 3356 1138 3411 ὅτι
1176 3353 1401 3412 δυνατόν
1450 3357 1561 3412 ἐστι
1609 3363 1727 3420 τοῖς
1791 3355 1991 3434 βουλοο

333 3449 548 3521 μένοις,
574 3445 668 3502 διὰ
702 3447 989 3522 μετανοίας
1039 3453 1306 3516 σωθῆναι.
1340 3447 1514 3509 Οὗτος
1548 3447 1648 3520 6ψὲ
1677 3467 1809 3502 ποτε
1837 3468 1994 3503 κατα-

329 3537 518 3612 νυγεὶς
595 3535 656 3592 ἔκ
731 3557 878 3598 τινος
961 3537 1330 3612 περιστάσεως
1369 3580 1384 3605 ,
1467 3535 1737 3591 ἐπέδωκεν
1805 3537 1991 3592 ἑαυτὸν

337 3625 716 3702 μοναστηρίῳ.
778 3624 879 3680 Καὶ
957 3625 1131 3686 οὕτως
1189 3624 1473 3699 προσῆλθε
1557 3624 1624 3700 τῇ
1715 3624 1993 3698 μετανοίᾳ,

326 3716 407 3778 ὡς
440 3715 532 3770 καὶ
591 3713 725 3776 τοὺς
773 3713 1196 3790 συμπράκτορας
1252 3713 1416 3768 αὐτοῦ
1476 3714 1688 3788 ἀγαγεῖν
1737 3718 1816 3786 τῷ
1863 3717 1996 3788 Χρι-

329 3809 468 3877 στῷ.
530 3802 919 3878 Καθεζομένου
981 3800 1038 3858 δέ
1084 3823 1219 3858 ποτε
1277 3803 1331 3858 ἐν
1416 3807 1494 3874 τῷ
1549 3801 1756 3876 κελλίῳ
1812 3804 1996 3874 αὐτοῦ,

331 3896 536 3972 λῃσταί
589 3917 732 3957 τινες
792 3889 1137 3968 προσέϐαλον
1193 3892 1359 3965 αὐτῷ,
1423 3895 1803 3968 ἀγνοήσαντες,
1862 3896 1998 3948 εἶναι

327 3987 500 4042 αὐτὸν
528 3986 618 4040 τὸν
655 3987 887 4054 Μωσῆν.
922 3983 1028 4047 Οὕς
1058 3984 1085 4038 ὁ
1122 3984 1388 4058 μακάριος
1437 3980 1712 4057 δεσμήσας
1745 3983 1998 4059 σχοινίῳ,

330 4077 581 4152 καθάπερ
612 4075 808 4130 σάκκον
841 4073 1076 4150 ἂχόρου,
1135 4078 1255 4136 τοῖς
1310 4073 1505 4127 ἑαυτοῦ
1561 4073 1739 4147 ὣμοις
1772 4074 2000 4143 ἐπιθεὶς,

328 4170 414 4238 τῷ
447 4168 700 4240 Κυριακῷ
759 4162 1103 4239 παρεγένετο,
1164 4161 1252 4217 καί
1296 4183 1431 4233 φησι
1493 4164 1634 4235 πρὸς
1680 4163 1808 4226 τοὺς
1842 4161 2000 4218 ἀδελ-

333 4255 493 4334 φούς·
547 4251 772 4322 Ἐπειδή
836 4253 937 4308 οὐκ
996 4250 1166 4323 ἔξεστί
1223 4273 1317 4324 μοι
1379 4249 1607 4321 ἀδικεῖν,
1667 4252 1895 4314 τούτους
1947 4249 2004 4307 δέ

331 4345 495 4420 εὗρον
542 4341 870 4402 ἐπελθόντας
921 4363 1036 4416 μοι,
1091 4340 1146 4396 τί
1232 4340 1486 4396 κελεύετε
1563 4343 1688 4416 περὶ
1749 4342 2002 4410 τούτων;

337 4431 515 4489 Αὐτοὶ
578 4428 636 4486 δὲ
695 4430 1064 4506 γνωρίσαντες
1116 4428 1302 4498 αὐτὸν,
1361 4427 1443 4482 ὅτι
1508 4430 1716 4498 Μωσῆς
1775 4428 1916 4484 ἐστιν
1977 4429 2004 4482 6

331 4517 673 4598 περιϐόητος
702 4519 1022 4594 λῄσταρχος
1080 4519 1171 4573 καὶ
1232 4518 1698 4593 ἀκαταγώνιστος,
1731 4517 2004 4591 ἐξομολο-

2101 3358 2233 3412 Haec
2247 3356 2512 3410 enarravi
2538 3360 2602 3410 ut
2621 3356 3246 3426 ostcndam,possibile
3272 3373 3401 3413 esse
3420 3357 3756 3412 volentibus

2100 3464 2206 3518 per
2226 3446 2639 3518 paenitentiam
2665 3447 2950 3516 consequi
2976 3445 3253 3501 salutem.
3280 3446 3393 3502 lste
3446 3463 3582 3502 vero
3627 3453 3759 3502 tan-

2102 3535 2237 3591 dem
2261 3553 2330 3590 ex
2353 3535 2610 3605 quodam
2635 3551 2776 3589 casu
2799 3541 3212 3606 compunctus,
3239 3553 3371 3590 sese
3394 3537 3762 3592 monasterio

2100 3625 2364 3682 addixit:
2400 3630 2578 3696 atque
2611 3625 2692 3680 ita
2713 3624 2787 3679 ad
2807 3625 3505 3696 pmnitentiamaccessit,
3539 3632 3756 3681 utsuos

2104 3716 2281 3770 etiam
2316 3715 2507 3769 socios
2549 3714 2623 3769 ad
2681 3715 2978 3770 Christum
3040 3714 3382 3770 adduceret.
3417 3717 3762 3786 Aliquando

2103 3804 2232 3876 ipso
2263 3805 2324 3858 in
2351 3803 2504 3858 cella
2535 3804 3054 3875 sedente,quidam
3087 3803 3659 3875 latronesimpetum
3693 3806 3754 3860 in

2106 3911 2241 3948 eum
2273 3893 2916 3964 fecerunt,ignorantes
2942 3895 3180 3965 Moysen
3208 3910 3338 3948 esse
3365 3911 3378 3947 :
3402 3912 3520 3965 quo
3554 3895 3766 3949 beatus

2104 3983 2245 4038 fune
2271 3983 2714 4055 constringens,
2741 3983 2987 4054 perinde
3019 4001 3086 4038 ac
3120 3984 3303 4054 palea)
3332 4001 3589 4053 saccum,
3644 3987 3766 4040 suis

2108 4073 2425 4143 imponens
2458 4073 2744 4137 humeris,
2779 4073 2853 4127 ad
2916 4073 3228 4127 Basilicam
3284 4090 3344 4127 se
3378 4075 3632 4128 contulit
3664 4093 3677 4141 ;
3713 4079 3774 4128 et

2106 4161 2388 4216 fratribus
2469 4163 2554 4216 ait
2609 4178 2622 4215 :
2674 4163 2967 4226 Quoniam
3018 4163 3166 4218 mibi
3227 4179 3348 4216 non
3400 4163 3542 4217 licet
3588 4164 3772 4218 ullam

2110 4252 2329 4306 inferre
2363 4252 2671 4322 injuriam,
2707 4256 2766 4306 et
2814 4252 2922 4306 hos
2953 4253 3147 4322 reperi
3212 4252 3272 4306 in
3330 4269 3425 4306 me
3487 4253 3773 4308 invaden-

2113 4348 2218 4409 tes,
2254 4341 2396 4412 quid
2427 4342 2498 4395 de
2552 4340 2873 4411 iisjubetis
2902 4341 2929 4395 ‘2
2958 4341 3048 4395 llli
3109 4357 3245 4395 vero
3303 4343 3562 4410 cognito,
3614 4343 3772 4412 quod

2113 4432 2240 4502 ipse
2273 4431 2506 4502 Moyses
2539 4431 2986 4498 esset,famosus
3015 4429 3115 4484 ille
3147 4430 3450 4485 latronum
3466 4431 3770 4502 princeps,

2114 4527 2290 4590 atque
2318 4519 2820 4591 inexpugnabilis,
2857 4523 2972 4573 Deo
2992 4519 3270 4585 confessi,
3324 4519 3600 4575 abdicato
3660 4538 3768 4575 sa:-

331 4609 641 4685 γησάμενοι
672 4613 753 4682 τῷ
782 4613 900 4680 Θεῷ
945 4607 1036 4663 καὶ
1099 4607 1278 4677 αὐτοὶ,
1332 4606 1688 4680 ἀπετάξαντο,
1725 4607 1815 4662 καὶ
1846 4609 1991 4684 γεγό⁴

2115 4610 2270 4679 culo,
2306 4609 2580 4665 monachi
2611 4615 2925 4665 evaserunt
2945 4609 3369 4680 probatissimi.
3398 4610 3605 4680 Itaque
3629 4626 3768 4664 san-

330 4722 458 4755 νασι
493 4699 732 4774 μοναχοὶ
812 4695 1216 4771 δοκιμώτατοι.
1277 4697 1590 4773 Θεαρέστως
1638 4697 1730 4751 οὗν
1803 4698 2004 4773 βιώσας

334 4793 367 4846 ὁ
398 4787 555 4865 ἀγίος
586 4789 786 4866 γέρων,
815 4786 907 4842 καὶ
933 4787 1026 4842 τὸν
1059 4783 1296 4860 δαίμονα
1327 4793 1429 4856 τῆς
1484 4784 1790 4849 ἀκολασίας
1845 4807 2004 4842 κατα-

337 4878 644 4949 παλαίσας,
675 4877 904 4949 τελευτᾷ
933 4876 1068 4932 ἐτιίν
1125 4871 1509 4949 ἐϐδομήκοντα
1556 4877 1730 4946 πέντε,
1763 4879 2007 4952 γεγονὼς

331 4969 428 5026 καὶ
490 4963 883 5044 πρεσϐύτερος,
941 4967 1031 5024 καὶ
1087 4964 1408 5022 καταλιπὼν
1476 4967 1720 5040 μαθητὰς
1762 4963 2004 5041 ἑϐδομή-

336 5078 538 5117 κοντα.

905 5203 1094 5259 ΜΗΝῙ
1125 5203 1216 5258 ΤΩ
1247 5204 1450 5261 ΑΥΤΩ.

1126 5292 1230 5348 ΚΘ“

335 5386 408 5442 Ἦ
442 5383 700 5459 ἀποτομή
731 5384 831 5450 τῆς
861 5381 1048 5459 τιμίας
1097 5379 1344 5459 κεφαλῇς
1401 5385 1498 5435 τοῦ
1554 5382 1743 5459 τιμίου
1787 5383 2009 5459 ἐνδόξου

450 5453 768 5530 προφήτου,
802 5453 1129 5530 προδρόμου
1160 5453 1251 5508 καὶ
1284 5455 1589 5510 Βαπτιστοῦ
1620 5453 1897 5515 Ἰωάννου.

409 5651 516 5713 "Oc
548 5648 601 5705 ἐν
630 5651 923 5726 γεννητοῖς
951 5651 1223 5723 γυναικῶν
1276 5651 1630 5724 μαρτυρεῖται
1668 5647 1801 5725 ὑπὲρ
1835 5653 2006 5708 ἅπαν-

330 5763 434 5808 τας
464 5741 598 5797 εἶναι
635 5739 742 5796 ὑπὸ
792 5741 1060 5814 Χριστοῦ,
1120 5738 1209 5794 καὶ
1269 5743 1565 5818 προφητῶν
1597 5742 2005 5819 περισσότερος,

2117 4705 2245 4755 ctus
2277 4717 2461 4756 senex
2478 4701 2724 4756 vitaDeo
2743 4705 2910 4772 grata
2941 4699 3305 4770 traducta,ac
3324 4699 3774 4755 incontinentiaa

2116 4790 2385 4845 daemone
2418 4790 2961 4856 devicto,moritur,
2993 4806 3184 4845 annos
3213 4795 3392 4845 natus
3425 4791 3692 4862 quinque
3719 4795 3778 4845 et

2117 4881 2516 4952 septuaginta,
2550 4879 2866 4952 presbyter
2897 4881 3076 4937 etiam
3108 4884 3365 4949 creatus,
3401 4881 3779 4954 septuaginta

2116 4969 2430 5042 discipulis
2458 4975 2592 5042 post
2613 4987 2675 5025 se
2707 4970 2954 5026 relictis.

2672 5199 2914 5253 EODEM
2955 5197 3214 5252 MENSE.

2656 5297 2758 5351 Die
2800 5295 3076 5351 vicesima
3101 5313 3260 5350 nona

2121 5396 2277 5452 224
2337 5395 2636 5452 Decollatio
2690 5397 2922 5466 gloriosi
2973 5395 3258 5466 praphetx
3313 5391 3676 5448 Prascursoris
3719 5397 3772 5445 ct

2673 5470 2940 5541 Baptistae
2968 5467 3221 5523 Joannis.

2191 5667 2295 5722 Hic
2327 5668 2426 5739 qui
2460 5668 2617 5724 inter
2640 5673 2813 5724 natos
2835 5667 3153 5723 mulierum
3176 5662 3474 5719 maximus
3500 5661 3773 5718 omnium

2121 5773 2270 5824 esse,
2297 5760 2355 5812 et
2410 5758 2835 5830 prophetarum
2892 5753 3432 5811 excellentissimus
3476 5767 3510 5806 a
3538 5751 3772 5808 Christo
