4128 6424
386 357 504 417 611

1717 351 2146 415 MENOLOGII
2193 350 2391 412 PARS
2435 352 2541 413 Ill.

3692 353 3814 419 612

391 497 722 554 asseritur:
757 494 1313 567 quiprmexsultans
1373 495 1446 551 ab
1503 499 1695 565 utero,
1746 493 2043 548 Christum

2162 490 2191 545 ὁ
2221 493 2627 566 προσκιρτήσας
2664 490 2774 547 ἀπὸ
2802 491 3056 567 γαστρὸς,
3086 491 3175 547 καὶ
3205 496 3345 562 τοῖς,
3404 490 3458 547 ἐν
3487 495 3581 567 γῇ,
3611 493 3702 549 καὶ
3760 494 3813 549 ἰν

398 593 572 644 terras
598 592 778 657 atque
810 585 1016 639 inferis
1047 585 1458 654 annuntiavit;
1488 585 1649 641 illius
1672 588 1799 640 erat
1834 583 2053 638 Zacha-

394 677 499 733 rias
526 674 849 748 pontificis,
867 679 926 728 et
947 673 1211 730 Elisabet
1232 673 1536 742 ;Gabriele
1562 673 1877 730 nuntiante
1894 671 2053 745 geni-

398 763 934 822 tus.Venerandum
965 768 1166 819 autem
1189 765 1243 819 ei
1274 769 1450 836 caput
1477 763 1549 819 ab
1564 763 1793 819 Herode
1807 761 2051 819 obtrun-

393 860 563 911 catur
591 859 839 927 propter
863 853 1187 909 scelestum
1210 854 1365 927 regis
1397 870 1526 909 cum
1554 852 1887 909 Herodiade
1905 869 2050 909 con-

391 943 780 1000 cubitum.Ab
814 944 943 1016 ipso
968 944 1177 999 matris
1194 945 1329 999 sinu
1344 944 1722 999 sanctitatem
1754 943 1867 998 iste
1884 942 2054 998 indu-

388 1033 840 1106 tus,puritatem
874 1032 1697 1105 suscipiens,temperantiam
1719 1031 2050 1104 amplexus,

391 1122 454 1177 in
484 1120 601 1177 cibi
630 1120 996 1177 abstinentia
1026 1137 1088 1176 se
1121 1120 1516 1189 exercens,ab
1548 1120 1713 1175 omni
1737 1119 2051 1175 hominum

393 1211 845 1266 conversatione
876 1216 1167 1281 remotus,
1200 1216 1562 1282 eremum,ut
1579 1210 2049 1277 urbem,hahita-

388 1302 492 1369 vit,
528 1318 665 1357 cum
696 1300 915 1356 belluis
945 1302 1166 1369 vivens,
1209 1300 1422 1357 cameli
1482 1300 1620 1373 pilis
1655 1300 1924 1366 vestitus,
1984 1316 2051 1355 ac

389 1407 535 1447 zona
577 1409 647 1446 ex
679 1393 839 1447 corio
890 1392 1295 1464 praecinctus;
1357 1396 1417 1447 et
1474 1391 1666 1446 instar
1720 1390 2049 1457 volucrum,

392 1479 525 1536 cibo
557 1481 835 1535 utebatur
884 1497 918 1536 a
966 1487 1179 1537 natura
1237 1487 1447 1553 sponte
1497 1480 1694 1536 oblato
1749 1497 1761 1533 :
1811 1478 2051 1535 assidue

388 1570 585 1641 legem
618 1570 721 1624 Dei
753 1570 1176 1639 meditabatur,
1210 1571 1382 1642 cujus
1441 1569 1838 1637 observantia,
1872 1573 2050 1639 atque

386 1659 658 1716 custodia
687 1660 772 1714 nil
803 1660 915 1732 ipsi
935 1677 1201 1732 unquam
1233 1660 1671 1731 antiquius.Hic
1692 1660 1854 1731 ipsos
1875 1663 2048 1713 natu-

387 1766 467 1804 τω
491 1749 777 1804 terminos
803 1749 1176 1805 transcendit
1204 1754 1293 1816 ;et
1322 1766 1539 1821 purum
1563 1754 1739 1818 atque
1759 1748 2048 1802 immacu-

382 1838 571 1893 latum
604 1855 784 1909 super
814 1855 1053 1893 omnem
1080 1844 1354 1894 naturam
1386 1839 1683 1893 Christum
1709 1837 2041 1910 baptizavit.

385 1930 528 1983 Cum
557 1928 758 1998 itaque
791 1928 1050 1983 Herodes
1083 1928 1318 1983 libidini
1349 1927 1519 1982 valde
1570 1926 1908 1999 indulgens,
1942 1927 2042 1981 Ju-

385 2016 569 2072 daicae
600 2017 864 2089 regionis
898 2019 1217 2083 tetrarcha,
1251 2018 1453 2074 fratris
1480 2018 1569 2073 sui
1611 2018 1866 2090 Philippi
1898 2033 2044 2073 uxo-

380 2122 507 2161 rem
542 2106 656 2161 sibi
688 2108 748 2161 in
799 2107 1047 2162 thalami
1100 2109 1471 2163 consortium
1523 2107 1810 2177 duxisset,
1845 2107 2043 2162 divino

382 2196 672 2252 excitatus
688 2196 810 2252 zelo
841 2197 1153 2268 propheta,
1181 2203 1241 2252 et
1264 2197 1530 2253 veritatis
1544 2198 1728 2252 armis
1753 2197 2042 2263 munitus,

381 2287 466 2342 ait
495 2286 567 2341 ad
599 2292 958 2357 tyrannum:
1003 2288 1129 2342 Non
1179 2287 1320 2343 licet
1380 2287 1485 2342 tibi
1546 2287 1764 2343 habere
1796 2304 2043 2343 uxorem

381 2377 641 2448 Philippi
672 2376 873 2432 fratris
926 2377 1033 2433 tui.
1070 2377 1217 2432 Hinc
1276 2393 1545 2433 carceres
1600 2380 1660 2431 et
1716 2375 1951 2431 vincula
1981 2376 2043 2431 in

383 2471 678 2536 sanctum,
699 2466 1023 2522 furibunda
1042 2466 1269 2521 femina
1298 2467 1359 2520 in
1392 2466 1452 2521 id
1483 2470 1812 2521 amatorem
1832 2465 2040 2537 impel-

382 2555 564 2611 lente.
599 2555 971 2627 Quapropter
990 2555 1132 2611 dum
1147 2555 1421 2611 natatilia
1446 2554 1893 2610 celebrarentur
1907 2570 2042 2609 con-

386 2646 554 2713 vivia,
579 2645 864 2717 Opiparis,
894 2649 1073 2716 atque
1103 2644 1452 2717 voluptariis
1501 2643 2044 2717 compotationibus

384 2735 458 2791 ad
496 2735 717 2790 mentis
749 2735 1165 2807 impotentiam
1219 2735 1656 2790 convivatorem
1678 2733 2045 2789 devolventi-

385 2825 600 2892 bus,en
633 2825 850 2879 chorea
870 2825 1226 2880 meretricia:
1256 2824 1494 2896 puellm,
1519 2829 1579 2880 et
1597 2825 1912 2896 prmmium
1931 2840 2042 2879 cm-

389 2915 493 2971 des
511 2915 831 2986 prophetae.
860 2915 904 2969 E
934 2913 1177 2987 vestigio
1210 2914 1390 2987 igitur
1407 2914 1654 2970 allatum
1677 2931 1858 2985 super
1879 2913 2043 2969 disco

380 3006 528 3077 justi
558 3009 736 3077 caput
766 3010 825 3060 et
854 3005 1206 3070 lascivienti,
1238 3009 1417 3077 atque
1474 3004 1761 3061 adultera:
1807 3005 2044 3060 feminea

390 3095 697 3163 traditum,
728 3095 924 3151 adhuc
956 3096 1307 3168 sanguinem
1357 3096 1619 3166 stillans,
1652 3095 2045 3166 eamdemque

388 3186 698 3257 proferens
728 3202 952 3241 vocem.
988 3188 1134 3241 Acta
1165 3192 1305 3242 sunt
1332 3188 1460 3242 haac
1490 3187 1551 3241 in
1582 3186 1730 3242 urbe
1782 3186 2045 3253 Sebaste,

387 3293 520 3346 quae
548 3276 619 3330 ab
649 3276 977 3331 Jerusalem
994 3276 1171 3331 distat
1195 3276 1372 3332 unius
1406 3276 1523 3332 diei
1551 3276 1765 3332 itinere
1794 3275 2043 3330 Eodem-

388 3381 503 3436 que
534 3365 595 3419 in
628 3364 886 3432 loco,ubi
920 3366 1021 3437 qui
1051 3370 1185 3437 post
1213 3366 1381 3421 illum
1406 3366 1674 3439 regnavit
1702 3366 2042 3433 Tetrarcha,

384 3452 577 3525 regias
606 3453 817 3510 domos
850 3454 1125 3521 firmavit,
1160 3460 1220 3509 et
1249 3455 1585 3511 convivium
1611 3454 1687 3510 ad
1736 3454 2043 3526 prophetae

383 3559 592 3598 necem
621 3542 734 3597 fuit
763 3542 1130 3598 celebratum
1155 3543 1408 3611 ;ibidem
1441 3544 1852 3616 propheticum
1871 3543 2040 3613 illud,

382 3637 441 3686 et
471 3636 742 3688 sanctum
774 3649 992 3704 corpus
1022 3633 1097 3688 ab
1123 3633 1393 3705 ejusdem
1425 3635 1821 3707 compositum
1863 3633 2044 3688 disci-

380 3722 560 3793 pulis,
597 3727 689 3778 est
708 3723 1108 3779 reconditum.

940 3832 1183 3889 EODEM
1222 3833 1473 3889 MENSE.

986 3940 1088 3996 Die
1130 3940 1435 3995 tricesima

487 4029 636 4087 225
698 4031 963 4086 Memoria
1022 4030 1167 4085 beati
1222 4027 1455 4085 Fantini
1516 4026 1927 4097 thaumaturgi.

451 4252 555 4311 Hic
602 4252 895 4325 originem
977 4251 1146 4307 duxit
1206 4266 1276 4305 ex
1334 4247 1719 4304 Calabrorum
1795 4248 2037 4321 regione

381 4342 625 4415 Georgio
657 4347 717 4398 et
748 4343 977 4415 Bryene
1008 4345 1185 4397 natus
1212 4338 1584 4413 parentibus.
1608 4338 1695 4393 Ab
1725 4338 1873 4411 ipsis
1899 4354 2034 4393 vero

375 4432 578 4489 fasciis
606 4431 727 4488 Deo
756 4438 1163 4501 consecratus,
1197 4429 1561 4487 monasterio
1602 4428 1873 4497 dicatur;
1907 4444 2029 4483 om-

278 4520 281 4523 ’
378 4537 643 4592 nemque
672 4524 982 4577 assecutus
998 4522 1372 4587 virtutem,ac
1385 4519 1577 4575 factus
1598 4517 1819 4590 probus
1833 4534 2036 4589 opera-

2160 584 2241 651 τῷ
2270 576 2372 654 ᾅδῃ
2398 579 2490 635 τὸν
2522 581 2750 655 Χριστὸν
2784 581 3043 657 κηρύξας,
3095 580 3253 642 οὗτος
3300 582 3366 651 ἦν
3399 581 3513 644 υἱὸς
3538 582 3815 659 Ζαχαρίου

2158 674 2256 725 τοῦ
2324 670 2629 746 ἀρχιερέως
2686 670 2776 725 καὶ
2836 665 3146 740 Ἐλισάϐετ,
3218 670 3269 742 ἐξ
3327 669 3652 748 ἐπαγγελίας
3708 678 3814 729 Γα-

2161 754 2331 833 ϐριὴλ
2359 761 2598 834 τεχθείς.
2634 761 2883 834 Ἐτμήθη
2918 757 2975 815 δὶ
3028 761 3128 830 τήν
3184 760 3372 835 τιμίαν
3403 760 3647 840 κεφαλὴν
3710 764 3814 820 ὑπὸ

2158 847 2415 925 Ἡρώδου
2445 847 2536 905 διὰ
2572 850 2673 919 τήν
2724 850 3038 925 παράνομον
3101 850 3243 924 μίξιν
3292 858 3392 921 τῆς
3445 850 3811 927 Ἡρωδιάδος.

2159 939 2332 1003 Οὗτος
2363 940 2392 995 ὁ
2423 938 2473 1013 ἒξ
2505 939 2679 1009 αὐτῆς
2726 946 2827 1009 τῆς
2877 937 3078 1011 νηδύος
3133 941 3443 1017 ἁγιωσύνην
3502 943 3816 1017 περικείμε-

2159 1050 2270 1101 νος,
2301 1028 2510 1106 ἁγνείαν
2568 1027 3024 1105 εἴσοικισάμενος,
3083 1032 3443 1109 σωφροσύνην
3497 1031 3815 1107 ἀσπασάμε-

2158 1139 2277 1191 νος,
2324 1117 2584 1196 ἀτροφίαν
2646 1117 2909 1190 ἀσκήσας,
2967 1120 3057 1174 καὶ
3106 1122 3284 1191 πάσης
3341 1120 3638 1198 ἀνθρώπων
3697 1122 3818 1179 ἐπι-

2163 1208 2344 1283 μιξίας
2374 1207 2730 1286 ἀπερρωγὼς,
2764 1209 2853 1264 καὶ
2884 1210 2984 1278 τήν
3041 1206 3249 1284 ἔρημον
3303 1211 3377 1274 ὡς
3427 1209 3592 1267 πόλιν
3654 1213 3813 1285 οἰκή-

2160 1319 2278 1369 σας,
2312 1298 2529 1374 Θηρίοις
2559 1295 3043 1372 συνδιαιτώμενςς,
3103 1300 3362 1372 καμήλου
3421 1301 3561 1376 θριξὶ
3618 1305 3815 1359 σκεπό-

2162 1409 2346 1463 μενος,
2429 1386 2725 1464 δερματίνῃ
2788 1389 2930 1463 ζώνῃ
2988 1389 3517 1466 περισφιγγόμενος,
3575 1393 3663 1447 καὶ
3718 1390 3816 1448 ’ίσα

2157 1482 2361 1548 πτηνοῖ
2397 1477 2459 1533 τὸ
2508 1484 2609 1547 τῆς
2666 1484 2876 1555 τροφῆς
2933 1477 3265 1551 κεκτημένος
3324 1479 3654 1553 αὐτόματον,
3716 1503 3810 1555 με-

2159 1566 2323 1639 λὲτην
2362 1565 2419 1623 δὲ
2452 1565 2702 1642 διηνεκῆ,
2734 1569 2825 1623 τὸν
2877 1572 2974 1624 τοῦ
3033 1572 3170 1625 Θεοῦ
3226 1570 3398 1642 νόμον
3457 1572 3813 1644 ποιούμενος,

2158 1660 2351 1733 ἠγεῖτο
2382 1665 2484 1727 τῆς
2509 1657 2680 1712 αὐτοῦ
2712 1657 2963 1735 φυλακῆς
3003 1659 3093 1713 καὶ
3124 1662 3435 1736 τηρήσεως,
3477 1660 3651 1717 πάντα
3691 1660 3812 1717 δεύ-

2155 1767 2285 1823 τερα
2315 1746 2406 1802 καὶ
2441 1743 2671 1817 ὑποδεῆ,
2705 1748 2734 1801 ὁ
2758 1747 2888 1810 τοὺς
2920 1750 3082 1823 ὅρους
3130 1744 3370 1824 ὑπερϐὰς
3425 1757 3525 1819 τῆς
3576 1750 3813 1825 φύσεως,

2157 1837 2364 1893 καὶτὸν
2397 1841 2632 1913 καθαρὸν
2664 1838 2755 1893 καὶ
2815 1836 3124 1910 ἀμόλυντον
3177 1838 3269 1894 καὶ
3346 1839 3524 1911 πάσης
3566 1838 3813 1898 ἐπέκεινα

2158 1927 2370 2003 φύσεως
2407 1926 2670 2003 βαπτίσας
2704 1928 2964 2003 Χριστόν.
3022 1927 3221 1987 Τοίνυν
3255 1929 3283 1986 ὁ
3314 1929 3565 2001 πολησας
3596 1932 3648 1988 ἐν
3680 1932 3811 1989 ἀκο-

2159 2014 2629 2091 λασίᾳἮρώδης,
2664 2021 2761 2073 τοῦ
2821 2016 3123 2075 Ἰουδαϊκοῦ
3180 2023 3499 2095 τετραρχῶν
3558 2019 3809 2100 ἐδάφους,

2155 2107 2256 2176 τὴν
2288 2110 2386 2161 τοῦ
2416 2103 2659 2183 ἀδελφοῦ
2690 2105 2855 2162 αὐτοῦ
2883 2105 3173 2163 Φιλίππου
3204 2114 3438 2179 γυναῖκα
3466 2110 3601 2184 πρὸς
3630 2112 3807 2186 γάμον

2154 2195 2407 2271 ἠγάγετο.
2444 2194 2587 2267 Θείῳ
2643 2195 2736 2249 οὗν
2794 2194 3038 2265 κινηθεὶς
3093 2194 3251 2269 ζήλῳ
3289 2197 3317 2251 ὁ
3350 2199 3658 2275 προφήτης,
3713 2197 3805 2253 καὶ

2156 2282 2415 2353 ἀληθείας
2443 2283 2642 2346 ὅπλοις
2700 2285 3060 2360 φραξάμενος,
3120 2283 3280 2359 ἔλεγε
3327 2286 3465 2362 πρὸς
3493 2287 3583 2341 τὸν
3608 2285 3802 2363 τύραν-

2153 2391 2273 2428 νον’
2331 2374 2448 2431 Οὐκ
2506 2371 2677 2444 ἔξεστί
2733 2394 2816 2429 σοι
2900 2366 3047 2449 ἔχειν
3104 2384 3333 2449 γυναῖκα
3363 2375 3646 2431 Φιλίππου
3709 2381 3809 2433 τοῦ

2154 2459 2395 2538 ἀδελφοῦ
2428 2484 2546 2521 σου.
2583 2461 2858 2519 Ἐντεῦθεν
2919 2462 3138 2538 φυλακὴ
3167 2465 3259 2519 καὶ
3311 2462 3485 2536 δεσμᾶ
3540 2466 3665 2539 περὶ
3716 2467 3809 2522 τὸν

2156 2551 2334 2625 ἅγιον,
2361 2556 2459 2607 τοῦ
2494 2556 2728 2626 μανικοῦ
2759 2551 2987 2627 γυναίου
3044 2552 3183 2626 πρὸς
3226 2558 3389 2610 τοῦτο
3444 2555 3536 2609 τὸν
3578 2554 3809 2631 ἐραστὴν

2156 2641 2551 2704 συνελάσαντος
2585 2687 2598 2701 .
2680 2643 2844 2699 ’Ὀθεν
2921 2640 3217 2718 γενεθλίων
3295 2640 3665 2717 τελουμίνων,
3722 2646 3811 2700 καὶ

2154 2728 2328 2785 πότου
2356 2728 2622 2805 δαψιλοῦς
2681 2730 2772 2785 καὶ
2831 2728 3138 2808 φιληδόνου
3193 2732 3335 2806 πρὸς
3388 2733 3812 2809 παραφροσύνην

2156 2817 2546 2882 ἰκκυλίσαντος
2576 2820 2667 2876 τὸν
2701 2820 3011 2896 ὶστιάτορα,
3043 2819 3282 2896 ὄρχησις
3331 2822 3610 2899 ἑταιρικοῦ
3641 2825 3809 2899 θυγα-

2152 2907 2331 2986 τρίου,
2364 2908 2457 2963 καὶ
2521 2910 2736 2982 μισθὸς,
2783 2912 3072 2988 προφήτου
3146 2908 3441 2986 ἀναίρεσις.
3483 2911 3688 2969 Δύτίκα
3719 2911 3813 2967 οῦν

2154 2999 2308 3073 ἤχθη
2346 3001 2434 3057 ἐπὶ
2494 3004 2724 3067 πίνακος
2775 3004 2810 3071 ἡ
2870 3006 2967 3057 τοῦ
3028 3000 3241 3058 δικαίου
3290 3002 3527 3080 κεφαλὴ,
3584 2994 3813 3072 ἐπεδόθη

2161 3094 2352 3169 μάκλῃ
2383 3094 2473 3149 καὶ
2510 3092 2805 3171 μοιχαλίδι
2830 3096 3071 3172 γυναικὶ,
3104 3092 3183 3151 ἔτι
3237 3098 3302 3151 τὸ
3332 3098 3471 3169 αἷμα
3528 3097 3814 3169 στάζουσα,

2156 3187 2243 3242 καὶ
2318 3189 2383 3241 τά
2464 3186 2601 3242 αύτά
2685 3188 3057 3266 φθεγγομένη.
3147 3186 3428 3245 Ἐτελοῖτο
3511 3185 3570 3243 δὲ
3649 3192 3815 3242 ταῦτα

2155 3274 2208 3330 ἐν
2264 3279 2334 3350 τῇ
2396 3271 2647 3349 Σεϐαστῇ
2695 3276 2859 3332 πόλει
2948 3276 3234 3352 ἀπεχούσῃ
3288 3279 3387 3347 τῆς
3448 3274 3814 3351 Ἱερουσαλήμ

2153 3365 2365 3441 ἡμέρας
2396 3363 2547 3439 ὁδὸν,
2578 3360 2701 3431 ἔνθα
2729 3367 2820 3421 καὶ
2880 3368 2908 3421 ὁ
2971 3368 3085 3442 μετ’
3145 3366 3351 3422 ἐκεῖνον
3394 3367 3556 3441 ἄρξας
3585 3369 3813 3442 τετράρ-

2152 3475 2284 3531 χης,
2313 3454 2446 3518 τοὺς
2477 3454 2873 3532 ἀνακτορικοὺς
2928 3456 3164 3530 ἐπήξατο
3225 3454 3450 3531 δόμους.
3484 3456 3588 3513 Καὶ
3621 3455 3648 3512 ὁ
3683 3477 3816 3530 προ-

2152 3545 2489 3623 φητοκτόνος
2523 3545 2775 3617 ἐτελέσθη
2809 3549 3001 3616 πότος,
3034 3545 3149 3602 ἐκεῖ
3201 3548 3292 3602 καὶ
3347 3548 3411 3602 τὸ
3467 3548 3806 3625 προφητικὸν

2151 3634 2326 3691 ἐκεῖνο
2354 3636 2444 3690 καὶ
2476 3636 2635 3711 ἅγιον
2661 3634 2983 3711 περισταλὲν
3011 3636 3159 3713 παρά
3198 3641 3308 3691 τῶν
3335 3635 3492 3692 ἰδίων
3546 3641 3807 3711 μαθητῶν

2150 3723 2525 3800 ἀπεκρύπτετο
2559 3729 2739 3797 σῶμα.

2683 3840 2868 3893 ΜΗΝΙ
2926 3843 3011 3892 ΤΩ
3069 3840 3275 3893 ΑΥΤΩ.

2947 3931 3011 3981 Δ.

2289 4015 2497 4088 Μνήμη
2544 4016 2642 4069 τοῦ
2683 4011 2836 4069 ὁσίου
2893 4017 3310 4087 θαυματουργοῦ
3369 4014 3658 4073 Φαντίνου.

2216 4241 2391 4303 Οὗτος
2420 4239 2571 4296 εἷλκε
2616 4239 2680 4296 τὸ
2738 4240 2894 4315 γὲνος
2952 4240 3011 4296 ἐκ
3069 4240 3261 4316 χώρας
3308 4245 3420 4297 τῶν
3475 4236 3813 4325 Καλαϐρῶν,

2145 4327 2416 4405 Γεωργίου
2447 4327 2539 4384 καὶ
2571 4330 2842 4403 Βρυὲννης
2874 4326 3013 4391 υἱός·
3049 4327 3100 4402 ἐξ
3151 4326 3332 4384 αὐτῶν
3392 4326 3449 4384 δὲ
3474 4332 3586 4384 τῶν
3634 4350 3815 4404 σπαρ-

2145 4418 2324 4495 γάνων
2355 4422 2440 4492 τῷ
2494 4423 2613 4492 Θεῷ
2673 4419 3021 4495 ἀφιερωθεὶς,
3110 4418 3466 4495 μοναστηρίῳ
3518 4416 3817 4489 ἒκδίδοται,

2142 4509 2236 4565 καὶ
2264 4513 2441 4565 πᾶσαν
2474 4510 2671 4585 ἀρετὴν
2729 4508 3076 4586 μετέρχεται,
3134 4509 3226 4564 καὶ
3287 4507 3598 4584 γενόμενος
3661 4508 3818 4585 ἐργά-

375 4610 502 4665 rius
524 4609 945 4666 mandatorum
964 4610 1309 4678 Dei,divinis
1339 4609 1555 4682 dignus
1577 4606 2039 4664 revelationibus

2154 4621 2249 4670 της
2276 4596 2510 4674 δόκιμος
2543 4603 2654 4655 τῶν
2687 4597 2927 4655 ἐντολῶν
2958 4602 3055 4655 τοῦ
3101 4603 3260 4673 Θεοῦ,
3318 4598 3475 4664 θείων
3531 4597 3810 4654 ἀποκαλύ-

378 4697 657 4755 efﬁcitur.
694 4698 782 4754 Ad
814 4698 942 4755 dies
970 4700 1178 4773 viginti
1200 4700 1457 4773 jejunus
1480 4697 2041 4771 permansit.Nudus

379 4786 562 4841 etiam
583 4802 691 4857 per
720 4792 975 4859 quatuor
1005 4805 1195 4845 annos
1227 4788 1624 4861 perseveravit
1657 4805 1670 4844 :
1704 4787 2042 4844 innumeris

382 4874 761 4931 conﬂictatus
793 4876 1235 4935 calamitatibus
1265 4878 1339 4934 ob
1373 4879 1807 4936 Saracenorum
1847 4877 2040 4933 incur-

382 4965 601 5020 siones.
627 4964 773 5019 Cum
803 4966 887 5021 ita
917 4967 1223 5041 sexaginta
1243 4984 1432 5023 annos
1468 4967 1848 5039 perstitisset,
1885 4968 2039 5022 Vita-

381 5054 529 5109 lium
560 5071 628 5110 ac
662 5054 1058 5127 Nicephorum
1093 5056 1419 5128 discipulos
1467 5072 1670 5112 secum
1702 5072 2036 5123 assumens,

378 5145 453 5200 ad
480 5143 960 5217 Peloponnesum
974 5145 1205 5217 appulit
1228 5150 1319 5200 :et
1347 5146 1448 5201 diu
1470 5144 1736 5201 Corinthi
1751 5150 2037 5213 versatus,

376 5234 582 5289 multis
613 5234 687 5289 ad
720 5234 974 5291 salutem
1006 5250 1217 5291 ansam
1248 5233 1426 5296 dedit,
1493 5234 1758 5288 Athenas
1805 5239 2036 5305 petens,

374 5323 788 5397 templumque
818 5324 1137 5382 Genitricis
1170 5323 1271 5378 Dei
1301 5322 1951 5393 veneratus,Larissam
1975 5339 2038 5378 se

377 5413 670 5480 contulit;
703 5419 881 5486 atque
908 5414 1084 5488 longo
1119 5414 1407 5487 temporis
1467 5412 1783 5469 intervallo
1808 5412 1882 5469 ad
1909 5430 2037 5468 san-

376 5504 454 5558 cti
487 5503 726 5559 Achillii
758 5505 1101 5578 sepulcrum
1156 5504 1529 5571 immoratus,
1556 5502 2039 5561 Thessalonicam

376 5593 1298 5672 proﬁciscitur,magnimartyris
1321 5594 1604 5652 Demetrii
1633 5592 1918 5667 prodigiis
1931 5593 2003 5650 de
2020 5626 2032 5635 -

379 5681 633 5741 lectatus
650 5702 664 5741 :
681 5702 907 5760 perque
928 5688 1194 5762 integros
1208 5691 1341 5745 octo
1356 5702 1548 5744 annos
1568 5688 1922 5743 consuetum
1939 5683 2037 5741 ab-

2148 4693 2293 4764 ψεων
2318 4690 2693 4762 καταειοῦται.
2747 4688 2847 4743 Καὶ
2907 4688 2993 4743 ἐπὶ
3053 4686 3266 4765 ἡμέρας
3314 4685 3494 4744 εἷ’κυσι
3541 4684 3811 4745 διετέλεσ-

2149 4786 2358 4849 νῆστις.
2392 4777 2568 4835 Ἀλλά
2596 4776 2685 4833 καὶ
2717 4778 2923 4853 γυμνὸς
2956 4776 3047 4832 ἐπὶ
3103 4778 3358 4853 τέσσαρσι
3403 4776 3633 4853 χρόνοις
3693 4775 3809 4833 διε-

2149 4869 2480 4944 καρτέρησε,
2552 4867 2643 4921 καὶ
2729 4866 2949 4940 μυρίαις
3035 4864 3409 4939 περιστάσεσιν
3494 4864 3803 4936 ἐπάλαισεν,

2148 4956 2201 5011 ἐν
2231 4961 2351 5017 ταῖς
2373 4958 2481 5010 τῶν
2518 4957 2848 5028 Σαρακηνῶν
2873 4952 3116 5030 ἐφόδοις.
3148 4954 3237 5009 Ἐν
3288 4951 3505 5015 τούτοις
3546 4952 3807 5024 ἐξήκοντα

2150 5047 2377 5123 χρόνοις
2463 5042 2770 5118 διαρκὲσας,
2833 5043 3094 5102 Βιτάλιον
3152 5045 3247 5099 καὶ
3306 5044 3622 5121 Νικηφόρον
3676 5044 3808 5109 τοὺς

2147 5138 2312 5194 αὐτοῦ
2341 5129 2677 5212 παραλαϐὼν
2715 5135 2983 5208 μαθητὰς,
3030 5138 3102 5209 τῇ
3165 5131 3573 5209 Πελοποννήσῳ
3632 5156 3802 5211 προσ.

2149 5223 2436 5285 επιϐαίνει.
2467 5226 2569 5282 Καὶ
2604 5224 2656 5280 ἐν
2713 5228 2966 5301 Κορίνθῳ
3026 5225 3227 5303 χρόνον
3288 5226 3486 5300 συχνὸν
3535 5225 3804 5302 προσδια-

2145 5318 2365 5393 τρίψας,
2424 5315 2665 5379 πολλοῖς
2721 5317 2982 5389 πρόξενος
3042 5316 3317 5393 σωτηρίας
3403 5313 3658 5387 κατέστηο
3708 5318 3803 5378 ,καὶ

2146 5412 2243 5473 τάς
2282 5410 2511 5479 Ἀθήνας
2548 5404 2895 5478 καταλαϐὼν,
2955 5408 3046 5464 καὶ
3090 5409 3153 5464 τὸ
3212 5408 3368 5485 ἅγιον
3425 5408 3652 5483 τέμενος
3701 5418 3801 5481 τῆς

2147 5500 2415 5557 Θεοτόκου
2499 5500 2903 5573 προσκυνήσας,
2993 5497 3045 5553 ἐν
3132 5500 3201 5573 τῇ
3280 5498 3523 5575 Λαρίσσῃ
3573 5500 3800 5576 γίνεται·

2146 5592 2319 5664 ἱκανῷ
2350 5585 2412 5645 δὶ
2442 5588 2633 5665 χρόνῳ
2662 5591 2743 5661 τῷ
2772 5592 2869 5644 τοῦ
2916 5586 3072 5666 ἁγίου
3119 5586 3446 5645 ’Δχιλλείου
3476 5586 3802 5666 προσεδρεύ-

2150 5700 2246 5743 σας
2300 5676 2482 5753 τάφῳ,
2560 5675 2637 5740 ε’ίς
2694 5675 3099 5751 Θεσσαλονίκην
3160 5676 3401 5753 ἔρχεταὶ.
3484 5679 3582 5735 Καὶ
3638 5699 3802 5734 κατα-
