4128 6422
374 338 495 400 615

1621 334 1783 396 IMP.
1836 332 2115 393 BASILII
2157 333 2546 399 JUNIORIS.

3674 343 3796 406 6|6

384 478 494 541 est,
529 479 590 529 et
619 473 691 528 ab
723 473 855 527 aliis
889 471 1091 526 multis
1119 470 1478 543 cognoverit,
1505 471 1699 543 legem
1721 486 1757 524 a
1785 467 2028 524 domino

2148 464 2256 520 λῶν
2316 465 2504 524 ἄλλων
2583 471 2931 544 ἀναμαθοῦσα
3000 473 3100 542 τήν
3151 471 3276 549 περῖ
3330 477 3436 529 τῶν
3488 473 3798 547 ἐκκλησιῶν

381 563 735 634 Nicephoro,
769 563 1119 630 usurpatore
1175 559 1434 632 imperii,
1469 559 1540 613 de
1601 557 1871 613 ecclesiis
1905 554 2028 622 Dei,

381 652 796 725 religiosisque
848 649 1147 718 domibus,
1208 649 1412 719 latam,
1460 667 1594 706 cum
1644 647 2032 721 praesentium

386 741 702 806 malorum,
738 745 862 795 tum
894 739 1246 795 universalis
1268 740 1449 812 hujus
1511 737 1912 795 subversionis
1944 739 2030 791 at-

387 848 501 903 que
531 831 904 887 confusionis
927 847 1167 887 causam
1201 836 1261 886 et
1287 832 1549 887 radicem
1579 831 1897 898 exstitisse,
1936 845 2036 884 ve-

382 922 494 977 luti
523 939 642 977 non
666 921 739 976 ad
755 921 1039 994 injuriam
1064 922 1606 993 contumeliamque
1629 922 1917 976 duntaxat
1936 935 2033 974 ec-

387 1011 704 1067 clesiarum
760 1017 818 1066 et
870 1011 1284 1082 religiosamm
1343 1011 1651 1080 domuum,
1685 1010 1790 1065 sed
1845 1009 2034 1080 ipsius

385 1118 620 1173 quoque
668 1102 770 1156 Dei
829 1100 1130 1156 conditam
1192 1117 1446 1172 cumque
1498 1101 1645 1156 adeo
1699 1099 1898 1172 reipsa
1960 1098 2034 1153 sit

384 1197 796 1262 comparatum
828 1191 889 1247 id
921 1207 1070 1257 esse,
1106 1191 1500 1262 compererit:
1535 1191 1693 1260 (nam
1720 1207 1791 1245 ex
1810 1205 1924 1260 quo
1940 1188 2036 1243 lex

382 1284 497 1339 ista
527 1284 709 1340 robur
734 1284 961 1352 habuit,
995 1284 1302 1340 nihilboni
1323 1285 1562 1356 penitus
1593 1284 1655 1338 in
1676 1282 2032 1338 hodiernum

383 1390 576 1444 usque
636 1373 798 1428 diem
856 1373 1012 1429 astati
1073 1379 1292 1430 nostrae
1350 1373 1616 1446 contigit,
1675 1372 1780 1428 sed
1837 1371 2035 1444 potius

383 1480 412 1518 e
446 1465 744 1520 contrario
770 1463 1007 1519 nullum
1032 1465 1277 1519 omnino
1328 1480 1514 1535 genus
1545 1462 1899 1518 calamitatis
1941 1461 2036 1516 ins

385 1553 665 1625 termisit)
697 1554 900 1608 statuit
931 1571 1038 1624 per
1067 1553 1405 1626 religiosam
1439 1554 1590 1608 hanc
1638 1569 1879 1607 auream
1903 1551 2033 1606 bul-

385 1643 529 1711 1am,
562 1644 655 1699 cui
680 1644 1051 1715 subscripsit,
1081 1644 1271 1716 legem
1316 1644 1481 1699 illam
1526 1644 1691 1716 prius
1747 1643 1929 1698 latam
1961 1641 2031 1698 ab

386 1732 495 1788 hoc
527 1733 809 1804 praesenti
841 1733 938 1787 die
960 1749 1196 1789 cessare
1227 1733 1465 1801 debere,
1499 1750 1566 1788 ac
1589 1733 1870 1803 deinceps
1899 1732 2031 1787 irri-

2139 559 2234 609 τοῦ
2267 562 2400 611 Θεοῦ
2430 560 2517 613 καὶ
2549 564 2656 615 τῶν
2713 560 2920 636 εύαγῶν
2982 559 3149 616 οἷ’κων
3183 563 3329 638 παρᾶ
3383 567 3480 618 τοῦ
3537 571 3637 633 τῆς
3696 566 3798 641 βα-

2143 644 2351 709 σιλείας
2393 643 2684 714 ἐπιϐάντος
2740 655 2916 724 Κικροῦ
2973 651 3294 730 Νικηφόρου
3351 654 3592 709 τεθεῖσαν
3625 675 3796 728 νομο·

2145 735 2318 798 οεσίαν
2352 737 2527 794 αἰτίαν
2556 740 2646 794 καὶ
2678 741 2828 815 ῥίζαν
2885 745 2990 796 τῶν
3050 741 3332 815 παρόντων
3394 742 3640 816 γενέσθαι
3699 766 3795 799 κα-

2143 829 2254 879 κῶν
2311 827 2401 882 καὶ
2469 835 2570 898 τῆς
2631 828 3018 901 οἷκουμενικῆς
3076 831 3280 902 ταύτης
3337 831 3652 908 ἀνατροπῆς
3705 835 3798 888 καὶ

2144 915 2458 989 συγχύσεως
2492 961 2506 987 ,
2566 918 2658 973 ἅτε
2718 920 2794 992 μὴ
2849 920 2984 994 πρὸς
3061 916 3267 975 ἀδικίαν
3321 921 3411 976 καὶ
3473 918 3626 996 ὕϐριν
3685 928 3795 978 τῶν

2143 1001 2449 1075 ἐκκλησιῶν
2511 1006 2674 1079 μόνον
2731 1007 2819 1062 καὶ
2878 1013 2986 1064 τῶν
3039 1010 3246 1085 εύαγῶν
3309 1008 3474 1066 οἷ’κων
3526 1010 3672 1067 ἀλλᾶ
3704 1014 3794 1068 καὶ

2144 1091 2312 1147 αὐτοῦ
2352 1099 2449 1148 τοῦ
2507 1101 2641 1150 Θεοῦ
2699 1098 3022 1172 γενομένην,
3083 1096 3273 1162 ἄλλως
3326 1121 3385 1156 τε
3443 1099 3500 1155 δὲ
3529 1102 3618 1156 καὶ
3651 1098 3794 1177 ἔργῳ

2142 1184 2301 1236 τοῦτο
2355 1179 2742 1259 βεϐαιωθεῖσαν
2792 1187 2866 1260 (ἐξ
2927 1186 3053 1242 ὅτου
3098 1188 3201 1264 γὰρ
3259 1191 3326 1245 τὰ
3376 1197 3478 1260 τῆς
3531 1190 3791 1262 τοιαύτης

2143 1279 2442 1356 ἐκράτησαν
2497 1283 2843 1357 νομοθεσίας,
2904 1283 3017 1340 οὐδ’
3077 1286 3326 1343 ὁπωσοῦν
3363 1334 3376 1358 ,
3437 1287 3550 1344 οὐδ’
3610 1290 3791 1346 ὁτιοῦν

2143 1373 2386 1446 χρηστὸν
2412 1370 2544 1448 ἄχρι
2603 1375 2694 1429 καὶ
2754 1377 2994 1450 σήμερον
3026 1382 3104 1448 τῷ
3133 1380 3253 1442 καθ’
3312 1381 3459 1452 ἡμᾶς
3517 1380 3795 1452 ἀπήντησε

2147 1461 2273 1537 βίῳ,
2328 1460 2474 1516 ἀλλά
2528 1463 2840 1520 τούναντίον
2895 1472 3178 1544 συμφορᾶς
3253 1466 3466 1540 μᾶλλον
3540 1469 3796 1526 ἐπέλιπεν

2144 1548 2285 1613 εἶδος
2319 1550 2465 1615 ὅλως
2494 1548 2690 1626 ούδὲν)·
2727 1553 2964 1624 θεσπίζει
3027 1553 3116 1610 διὰ
3173 1562 3270 1612 τοῦ
3321 1557 3585 1633 παρόντος
3642 1558 3794 1615 εύσε-

2142 1636 2273 1702 ϐοῦς
2324 1639 2702 1720 ἐνυπογράφου
2759 1640 3208 1719 χρυσοϐούλλου,
3267 1650 3329 1703 τὸ
3375 1649 3475 1717 τὴν
3535 1647 3788 1720 ῥηθεῖσαν

2141 1730 2468 1804 νομοθεσίαν
2510 1733 2688 1808 ἀργεῖν
2749 1735 2854 1789 ἀπὸ
2910 1738 3009 1804 τῆς
3053 1736 3333 1810 παρούσης
3390 1737 3592 1808 ταύτης
3653 1741 3795 1813 ἡμε-

383 1827 525 1892 tam,
559 1824 902 1895 nulliusque
950 1824 1239 1879 momenti
1286 1840 1568 1879 manere:
1604 1823 1860 1878 conditis
1891 1829 2028 1880 ante

2148 1842 2260 1896 ρας,
2293 1822 2488 1896 ἄκυρόν
2541 1824 2719 1878 τεκαὶ
2751 1825 3023 1900 ἄπρακτον
3081 1831 3179 1881 τοῦ
3237 1825 3438 1883 λοιποῦ
3498 1825 3792 1902 διαμένειν·

383 1919 549 1974 illam
571 1918 802 1991 legibus
835 1923 954 1973 tam
989 1917 1060 1972 de
1089 1918 1358 1974 ecclesiis
1390 1918 1517 1986 Dei,
1549 1934 1728 1988 quam
1759 1918 1831 1973 de
1885 1918 2028 1973 reli-

380 2011 563 2082 giosis
593 2009 1011 2077 domibus,vim
1039 2009 1340 2080 roburque
1381 2025 1553 2064 suum
1586 2009 2030 2077 obtinentibus;

381 2115 530 2169 quas
561 2103 620 2153 et
668 2098 919 2153 illustris
951 2115 1090 2153 avus
1124 2099 1453 2170 majestatis
1486 2104 1726 2163 nostrae,
1761 2104 1816 2154 et
1865 2104 2035 2170 pater

383 2188 679 2259 ejusdem,
713 2193 771 2243 et
809 2189 1026 2243 abavus
1058 2189 1279 2259 Optime
1339 2206 1406 2244 ac
1464 2188 1859 2260 religiossime
1894 2205 2034 2260 pro-

381 2277 744 2349 mulgarunt.
775 2279 964 2348 thue
989 2282 1195 2332 sancta
1225 2283 1282 2332 et
1313 2276 1706 2332 immutabilis
1738 2278 2037 2332 essethaec

385 2366 769 2433 constitutio,
827 2367 1066 2437 prOpria
1125 2383 1337 2421 manus
1397 2365 1780 2420 subnotatam
1855 2381 2036 2423 aureo

382 2473 619 2527 quoque
655 2456 848 2529 sigillo
883 2457 1216 2529 subsignari
1240 2456 1554 2529 jussimus.
1582 2455 1798 2511 Mensis
1823 2457 2038 2528 Aprilis

378 2547 474 2602 die
524 2549 617 2613 IV,
677 2547 1003 2602 indictione
1068 2547 1281 2620 prima,
1343 2564 1499 2602 anno
1549 2563 1639 2601 vui
1689 2563 1840 2604 cccc.
1891 2565 2037 2604 XCVI.

382 2636 623 2707 (Christi
655 2637 806 2710 987.)

2067 2825 2115 2880 II

2143 1909 2374 1986 ἐνεργεῖν
2410 1909 2466 1966 δὲ
2504 1911 2634 1976 τοὺς
2674 1914 2781 1983 πρὸ
2823 1915 3025 1986 ταύτης
3077 1915 3362 1989 κειμένους
3419 1919 3542 1992 περὶ
3598 1940 3657 1974 τε
3687 1923 3793 1973 τῶν

2141 1999 2450 2072 ἐκκλησιῶν
2473 2007 2570 2056 τοῖ’)
2601 2008 2736 2059 Θεοῦ
2778 2005 2869 2059 καὶ
2915 2010 3023 2060 τῶν
3085 2006 3290 2081 εύαγῶν
3349 2004 3514 2062 οἷ’κων
3568 2007 3795 2082 νόμους,

2141 2099 2232 2154 καὶ
2273 2097 2365 2161 οὓς
2395 2099 2425 2154 ὅ
2454 2121 2512 2154 τε
2541 2098 2798 2174 ἀοίδιμος
2845 2109 2946 2173 τῆς
3008 2101 3287 2177 βασιλείας
3336 2108 3500 2177 ἡμῶν
3548 2105 3788 2174 πάππος,

2145 2190 2174 2243 δ
2203 2209 2262 2243 τε
2291 2191 2470 2264 πατὴρ
2503 2189 2708 2245 ἐκείνου
2748 2191 2935 2262 πάλιν,
2985 2195 3015 2247 ὅ
3043 2215 3102 2248 τε
3152 2195 3464 2257 ἐπίπαππος
3513 2195 3704 2268 ἄριστά
3733 2217 3791 2250 τε

2144 2279 2231 2332 καὶ
2292 2276 2684 2356 θεοφῗλέστατα
2741 2278 2938 2352 ἔθησαν
2974 2328 2988 2342 .
3047 2285 3150 2340 Καὶ
3219 2283 3356 2339 ὣστε
3425 2283 3642 2360 ἀσφαλῆ
3702 2284 3792 2339 καὶ

2146 2367 2476 2440 ἀμετάθετον
2512 2371 2646 2424 εἶναι
2677 2371 2776 2440 τήν
2817 2376 3092 2446 παροῦσαν
3144 2371 3404 2446 διάταξιν,
3454 2373 3628 2445 οἰκείᾳ
3657 2373 3808 2450 χειρὶ

2151 2457 2643 2531 ὑποσημηνάμενοι
2678 2465 2868 2534 χρυσῷ
2899 2460 3158 2540 σφραγῖδι
3205 2462 3405 2535 ταύτην
3460 2463 3805 2541 ύποσφραγι-

2153 2558 2346 2616 σθηναι
2379 2544 2754 2622 διωρισάμεθα
2787 2550 2921 2623 μηνὶ
2971 2550 3286 2625 Ἀπριλλίῳ
3333 2549 3380 2606 δ’
3437 2549 3815 2627 ἒπινεμήσεως

2150 2638 2198 2694 α’
2227 2636 2279 2694 ἐν
2315 2635 2442 2708 ἔτει,
2475 2639 2646 2718 quad.

504 2928 683 2998 Impp.
725 2927 921 2983 Basilii
959 2933 1009 2982 et
1042 2927 1392 2984 Constantini
1422 2945 1595 2984 aurea
1629 2929 1785 2985 bulla.
1818 2931 2144 2987 Venetorum
2174 2935 2568 2989 mercatoribus
2601 2933 2877 2990 libertates
2907 2936 3221 2992 concedens.
3243 2937 3334 3006 (Α.
3377 2938 3528 3008 992.)
3561 2939 3656 3010 (1).

449 3099 514 3152 In
547 3098 791 3153 nomine
827 3099 1012 3169 patris
1045 3103 1155 3153 etc.

448 3188 700 3243 Basilius
733 3193 792 3243 et
831 3189 1258 3244 Constantinus
1298 3206 1528 3257 omnes,
1597 3191 1817 3261 quibus
1874 3192 2034 3246 istud

2147 3103 2466 3171 inventuri,
2495 3104 2824 3160 secundum
2857 3107 3133 3178 antiquas
3165 3107 3636 3164 consuetudines
3668 3126 3802 3165 cum

2146 3199 2423 3265 prompta
2468 3195 2774 3250 voluntate
2806 3196 3125 3252 indefessis
3157 3199 3431 3266 servitiis,
3463 3203 3521 3253 et
3549 3198 3797 3254 forsitan

377 3279 538 3349 pium
562 3285 834 3332 nostrum
868 3279 1131 3351 sigillum
1181 3279 1646 3348 demonstretur,
1700 3281 1906 3336 ﬁdeles
1965 3282 2027 3336 in
2071 3266 2113 3332 Ο
2143 3283 2455 3339 ambulant
2484 3290 2758 3339 nostrum
2789 3287 3109 3358 imperium
3145 3288 3204 3342 in
3238 3287 3792 3357 Longombardiam,

374 3369 491 3423 Deo
525 3369 918 3440 imperatores
955 3371 1383 3426 Romanorum.

444 3461 568 3513 Non
601 3459 796 3513 solum
828 3457 1258 3530 rogationibus,
1287 3475 1418 3530 quae
1451 3460 1560 3514 sub
1611 3477 1794 3515 manu
1825 3466 2031 3516 nostra

370 3553 527 3614 sunt,
588 3546 871 3602 obaudire
932 3547 1561 3604 misericordissimum
1611 3554 1670 3604 et
1729 3550 2028 3607 laudabile

373 3642 482 3704 est,
520 3636 623 3690 sed
657 3637 817 3690 enim
850 3641 907 3691 et
937 3643 1250 3692 extraneos
1306 3643 1365 3692 et
1422 3639 1759 3710 pertinente
1791 3641 2028 3710 publico

372 3729 659 3783 obaudire
690 3733 933 3800 rogatur
961 3746 1096 3784 cum
1126 3731 1498 3802 providentia
1519 3732 1621 3802 [et]
1645 3733 1864 3804 pietate
1894 3751 1907 3801 ;
1934 3735 2026 3788 in-

372 3818 565 3887 doque
597 3818 756 3872 enim
780 3823 838 3872 et
869 3818 1056 3890 pietas
1083 3820 1450 3874 sufﬁcienter
1477 3821 1552 3876 ad
1573 3821 1877 3877 miseriam
1891 3839 2026 3892 pro-

371 3910 554 3981 pitius
583 3909 1048 3982 demonstretur,
1083 3913 1473 3983 lonquimque
1516 3913 1887 3987 [longinque]
1940 3921 2025 3969 et-

372 3999 530 4053 enim
565 4017 700 4054 cum
746 4001 965 4072 pietate
1000 4002 1295 4074 imperiali
1333 4002 1506 4058 detur
1537 4003 1914 4076 significatio.

444 4092 489 4143 A
521 4107 638 4161 qua
669 4090 829 4145 enim
863 4097 921 4146 et
952 4091 1068 4146 dux
1103 4093 1542 4160 Veneticorum,
1577 4098 1634 4147 et
1665 4093 1763 4164 qui
1792 4093 1900 4148 sub
1923 4093 2026 4148 illo

373 4184 558 4245 est,et
586 4196 721 4234 cum
754 4181 950 4234 omnis
980 4180 1172 4252 plebis
1204 4181 1635 4237 intercessione
1667 4199 1801 4238 cum
1825 4199 2027 4254 preca-

375 4273 596 4328 tionem
610 4274 684 4330 ad
702 4279 975 4330 nostrum
993 4274 1264 4331 fecerunt
1281 4275 2027 4347 imperium,utunusquis-

373 4384 490 4438 que
521 4383 697 4422 suum
729 4368 1054 4440 navigium,
1089 4367 1246 4438 quod
1280 4368 1352 4423 de
1385 4385 1491 4423 sua
1537 4369 1862 4440 provincia,
1923 4367 2028 4423 sed

369 4458 540 4510 enim
571 4462 632 4511 et
661 4457 733 4511 ab
765 4457 883 4512 alia
905 4457 1210 4528 provincia
1259 4463 1316 4511 et
1359 4458 1597 4513 civitate
1630 4475 1765 4512 cum
1792 4459 2027 4529 negotio

371 4545 688 4609 veniendo,
723 4546 874 4601 nihil
907 4546 1068 4601 aliud
1103 4546 1348 4612 donare,
1409 4547 1514 4601 sed
1566 4543 1790 4602 solidos
1834 4546 1982 4602 duos
2012 4565 2026 4613 ;

2140 3372 2396 3445 dirigere
2425 3373 2588 3429 illius
2619 3374 3040 3446 karicationes,
3074 3393 3320 3448 operare
3365 3393 3500 3432 cum
3533 3376 3657 3431 suis
3688 3394 3802 3431 na-

2140 3463 2330 3534 vigiis,
2367 3469 2425 3520 et
2455 3463 2685 3520 nullam
2741 3465 3116 3522 occasionem
3176 3472 3278 3523 aut
3329 3466 3682 3522 memoriam
3735 3467 3795 3521 in

2140 3553 2253 3608 isto
2284 3553 2479 3609 facere
2511 3555 2766 3612 servitio.

2209 3643 2346 3698 Ideo
2362 3643 2684 3700 exaudiunt
2703 3661 2908 3700 eorum
2923 3645 3407 3716 deprecationem
3423 3647 3668 3719 etjussu
3693 3662 3801 3718 per

2143 3734 2321 3787 istum
2354 3750 2526 3788 suum
2572 3734 2999 3798 chrisobolnm,
3053 3741 3120 3790 ut
3174 3737 3588 3807 unusquisque
3623 3753 3795 3791 suum

2141 3823 2460 3893 navigium,
2496 3822 2652 3892 quod
2678 3839 2747 3876 ex
2780 3823 3022 3877 Venetia
3055 3829 3113 3877 et
3141 3824 3212 3877 ab
3244 3825 3378 3878 aliis
3412 3825 3681 3894 partibus
3704 3841 3800 3878 ve-

2139 3913 2294 3967 niret
2324 3929 2458 3965 cum
2485 3911 2608 3966 suis
2640 3912 2922 3982 negotiis;
2967 3913 3120 3965 nihil
3169 3913 3332 3966 aliud
3353 3913 3576 3967 donare
3599 3914 3672 3968 ad
3705 3915 3791 3984 ip-

2140 4018 2266 4056 sum
2301 3999 2608 4073 publicum
2641 4017 2746 4070 pro
2778 4000 3148 4055 karicatione
3181 4000 3252 4054 de
3280 4000 3469 4055 Ahido
3514 4001 3788 4055 veniente

2139 4091 2362 4146 solidos
2395 4090 2564 4155 duos,
2599 4094 2659 4144 et
2715 4089 3095 4144 discedentes
3146 4106 3248 4144 eos
3279 4107 3314 4145 a
3352 4106 3460 4145 sua
3489 4090 3795 4162 provincia

2139 4179 2481 4252 quindecim
2515 4184 2764 4244 tantum,
2798 4184 2864 4233 ut
2904 4180 3285 4251 pervenirent
3335 4196 3574 4236 omnem
3606 4180 3792 4236 dona-

2141 4271 2364 4324 tionem
2395 4285 2886 4339 unumquemque
2918 4269 3216 4342 navigium
3246 4271 3418 4325 XVII.

2209 4362 2280 4414 Et
2308 4360 2423 4431 ipsi
2456 4359 2632 4414 soluti
2665 4358 2961 4415 adducere
2992 4360 3104 4430 ipsi
3125 4359 3379 4417 Venitici
3414 4361 3796 4433 [Logothetaa]

2137 4451 2213 4520 (3)
2245 4448 2317 4504 de
2350 4449 2550 4514 domo,
2575 4449 2675 4519 qui
2710 4449 2813 4504 illo
2839 4455 3103 4520 tempore
3129 4449 3242 4504 erit
3265 4467 3278 4516 ;
3313 4456 3372 4505 et
3401 4450 3504 4504 ille
3528 4449 3701 4504 detur
3722 4449 3794 4502 ab

2138 4539 2267 4610 ipso
2317 4539 2792 4608 commerciario,
2826 4538 3119 4594 cercando
3152 4539 3288 4593 illos
3320 4539 3445 4610 ipse
3502 4554 3792 4594 commer-

369 4634 648 4689 dicebant
668 4637 888 4690 etenim
922 4636 994 4691 ab
1027 4637 1316 4691 hactenus
1351 4642 1576 4692 tantam
1599 4637 1822 4693 donare
1843 4654 2031 4708 quan-

2148 4628 2379 4697 ciarios,
2413 4627 2776 4700 quandoque
2807 4634 3102 4684 revertere
3147 4628 3469 4684 voluerunt
3498 4626 3571 4682 ad
3625 4643 3796 4682 suam

380 4723 632 4777 titatem.
667 4726 736 4778 Et
766 4725 899 4780 ideo
929 4725 1146 4780 multos
1170 4726 1681 4782 commeschabios
1731 4727 1811 4798 (2)
1845 4729 2031 4783 inter-

383 4817 684 4884 rogantes,
718 4813 1025 4869 inventum
1058 4818 1146 4868 est
1197 4815 1408 4887 magis,
1440 4824 1570 4886 qius
1602 4821 1668 4870 ut
1695 4816 1829 4887 plus
1859 4816 1932 4872 de
1965 4819 2032 4872 3O

383 4901 594 4957 solidis
627 4901 854 4958 dabant
880 4904 1293 4976 unusquisque
1325 4905 1557 4976 navigio
1590 4907 1708 4960 Deo
1748 4913 2031 4964 coronato

381 4991 636 5064 imperio
669 4997 894 5049 nostro.
921 4995 1114 5050 Unum
1143 4995 1327 5060 enim,
1359 5012 1392 5050 a
1422 5012 1538 5066 quo
1569 4999 1629 5050 et
1675 4995 2034 5052 Christiano-

383 5100 516 5139 rum
548 5099 693 5155 gens
725 5084 944 5155 tiendo,
997 5089 1054 5140 et
1085 5084 1271 5141 Deum
1303 5084 1616 5141 nobiscum
1649 5085 1788 5152 ﬁde,
1847 5087 2032 5142 alium

394 5178 462 5230 ut
493 5174 638 5246 [em]
666 5192 773 5246 pro
796 5175 1358 5248 promissione,quaa
1390 5174 1720 5246 antiquitus
1742 5173 2031 5247 fecerunt,

377 5269 443 5318 ut
473 5281 594 5320 non
626 5264 821 5321 solum
853 5265 928 5320 ad
949 5265 1064 5321 ista
1082 5265 1156 5321 de
1180 5265 1256 5338 [ο]
1273 5265 1411 5321 data
1439 5265 2033 5322 conservatacivitate

445 5443 521 5513 (1)
554 5445 983 5502 Authenticum
1009 5447 1275 5502 Graecum
1303 5443 1573 5499 nondum
1596 5443 2027 5502 inventumest.

375 5515 578 5600 Versio
600 5517 831 5600 Latina.
847 5533 1138 5600 perquam
1165 5515 1418 5600 barbare
1441 5515 1812 5600 tactanuam
1834 5522 2032 5600 tegtus

374 5586 924 5656 prmstat,exstatin
948 5586 1156 5643 codice
1181 5586 1572 5658 diplomatico
1605 5586 1664 5642 Si
1691 5588 1868 5643 Marci
1891 5591 2035 5645 Tre-

373 5657 612 5735 visaneo
646 5659 720 5716 cl.
748 5659 949 5735 }_{_cod.
975 5657 1479 5735 CLZ(X_X_I’fol.__8;
1541 5675 1793 5735 eamque
1841 5677 2033 5735 nuper

374 5732 508 5796 post
535 5729 682 5785 alios
713 5730 1031 5787 ediderunt
1058 5731 1218 5786 Tafel
1260 5735 1319 5787 et
1355 5730 1608 5787 Thomas
1643 5729 1945 5790 Urkunden'
1982 5751 2028 5788 τ.

2141 4719 2526 4790 provinciam.

2213 4811 2292 4864 Ne
2320 4814 2520 4865 autem
2560 4808 2779 4862 habere
2810 4808 3112 4863 licentiam
3146 4824 3252 4879 pro
3285 4808 3561 4879 cupidate
3593 4813 3794 4863 tenere

2141 4899 2278 4955 illos
2315 4898 2452 4969 plus
2482 4897 2695 4954 diebus
2727 4897 2938 4964 tribus,
2964 4903 3024 4952 et
3051 4896 3178 4952 ilud
3205 4897 3394 4963 ﬁeret,
3438 4896 3796 4967 quandoque

2141 4984 2561 5057 necessitat[is]
2611 4999 2682 5039 ea
2747 4985 2978 5039 occasio
3038 4986 3147 5048 est,
3194 4983 3351 5053 quod
3410 4981 3586 5037 debet
3640 4982 3794 5036 viam

2143 5076 2272 5147 ejus
2303 5073 2621 5144 contraire,
2645 5078 2703 5129 et
2722 5073 2836 5144 ipsi
2851 5077 3050 5128 autem
3063 5071 3328 5126 Venetici
3351 5088 3457 5144 pro
3480 5073 3794 5129 occasioue

2143 5162 2509 5221 defensionis
2528 5179 2733 5218 eorum
2766 5161 3035 5232 alioquin
3057 5160 3216 5233 quod
3237 5162 3542 5235 negotium
3572 5163 3798 5218 habent

2143 5253 2215 5310 de
2238 5251 2798 5325 Constantinopolin
2819 5251 2880 5307 in
2904 5251 3027 5307 suis
3053 5250 3306 5323 navigiis
3330 5252 3547 5319 levare,
3569 5252 3800 5309 scilicet

2143 5444 2356 5500 alteren
2386 5444 2710 5499 Handels-u.
2758 5441 3126 5514 Staatsgesch-
3182 5442 3279 5498 der
3332 5445 3467 5513 Rep.
3535 5441 3798 5512 Venedig.

2143 5521 2288 5572 tom.
2320 5515 2340 5570 Ι
2369 5514 2650 5586 (Vindob.
2684 5515 2863 5586 1856),
2894 5531 2952 5585 p.
2987 5516 3055 5570 36
3095 5515 3182 5586 397.

2215 5587 2293 5656 (2)
2325 5585 2798 5659 COmmerciaros
2827 5585 3085 5659 intelligi
3104 5585 3363 5642 editores
3384 5591 3655 5643 monent.

2213 5661 2291 5730 (3)
2323 5659 2449 5787 Ηοῖ
2500 5658 2743 5714 verbum
2795 5656 3195 5732 supplendum
3246 5674 3375 5715 esse
3427 5675 3661 5715 censeo.
3696 5656 3800 5711 ZA-

2217 5749 2308 5787 AR.
2341 5749 2376 5787 Α
2454 5747 2567 5787 me.

2143 5747 2308 5788 CHAR.
2341 5749 2376 5787 Α
2411 5747 2567 5787 LING.
