4128 6426
317 431 443 490 617

1488 427 1881 491 NOVELL/E
1925 427 2605 494 CONSTITUTIONES

3641 433 3761 491 618

317 560 736 628 Amalfitanos,
784 559 1022 629 Judeos,
1081 559 1582 633 Longombardos,
1629 559 1700 616 de
1750 561 1984 617 civitate
2013 565 2060 631 Α
2097 563 2401 618 hominem
2433 561 2653 617 habere
2684 561 2989 618 licentiam
3021 578 3289 633 unquam
3339 565 3605 634 tempore
3654 576 3762 633 per

327 651 461 706 Bari
477 656 537 705 et
549 650 801 706 aliorum
814 650 939 714 ,sed
956 649 1150 705 solum
1169 650 1407 706 illorum
1422 651 1724 722 negotium
1743 651 1996 706 adduxe-

333 742 477 795 rint.
507 739 728 805 Quodsi
751 741 864 795 hoc
884 739 1130 810 faciunt,
1153 756 1271 795 non
1297 739 1489 794 solum
1518 740 1653 795 illos
1673 741 1996 796 defendere

336 829 509 904 [non]
540 831 865 901 potuerint,
899 830 1003 885 sed
1032 835 1091 884 et
1123 847 1295 884 suum
1320 830 1551 902 justum
1582 830 1994 902 perdiderunt.

398 923 652 993 Insuper
681 925 740 975 et
768 920 880 974 hoc
908 919 1216 991 jubemus,
1241 923 1309 974 ut
1334 934 1441 990 per
1462 919 1990 992 solumlogotheta,

329 1013 436 1085 qui
469 1018 737 1084 tempore
770 1011 872 1066 illo
902 1013 1016 1067 erit
1073 1012 1144 1067 de
1192 1011 1404 1067 diorno
1456 1013 1552 1084 (4),
1604 1013 1717 1067 ista
1763 1013 1995 1082 navigia

327 1103 406 1159 de
439 1104 570 1159 istis
603 1103 901 1158 Veneticis
935 1107 992 1157 et
1040 1102 1154 1174 ipsi
1209 1103 1474 1158 Venetici
1526 1108 1885 1173 scrutentur,
1937 1107 1995 1157 et

329 1197 667 1266 pensentur
699 1197 758 1247 et
782 1191 1158 1264 judicentur,
1192 1192 1522 1247 secundum
1553 1191 1709 1262 quod
1742 1191 1814 1247 ab
1840 1190 1994 1247 anti-

329 1299 454 1354 quo
484 1282 598 1338 fuit
627 1281 998 1337 consuetudo
1025 1301 1039 1349 ;
1074 1286 1131 1336 et
1163 1281 1383 1352 quibus
1409 1281 1707 1352 judicium
1740 1280 1992 1336 forsitan

331 1371 497 1427 inter
525 1371 664 1426 illos
696 1377 798 1426 aut
827 1387 962 1426 cum
995 1371 1128 1426 aliis
1164 1371 1740 1439 crescetur,scrutari
1761 1376 1820 1427 et
1834 1370 1992 1442 judi-

326 1479 466 1518 care
485 1479 591 1533 pro
614 1461 744 1532 ipso
775 1461 900 1516 solo
929 1461 1250 1533 logotheta,
1284 1465 1343 1516 et
1370 1477 1493 1516 non
1515 1477 1620 1532 pro
1645 1461 1760 1517 alio
1785 1460 1989 1532 judice

321 1550 814 1623 qualemcunque
844 1567 1132 1622 unquam.
1166 1550 1304 1606 Ideo
1321 1551 1604 1622 jubemus
1627 1555 1685 1606 et
1709 1550 1988 1606 omnibus

323 1639 705 1696 mandamus.
752 1679 765 1692 .
813 1679 826 1694 .
871 1680 886 1694 .
920 1640 1000 1711 (5)
1051 1639 1164 1711 ipsi
1214 1639 1516 1695 cartularii
1567 1640 1669 1712 qui
1721 1640 1828 1695 sub
1883 1640 1986 1696 illo

323 1733 472 1785 sunt
501 1733 557 1784 et
587 1727 805 1783 notarii
837 1728 1265 1800 parohalasari,
1301 1727 1663 1784 luminarchi
1701 1726 1987 1802 [λιμενάρο

323 1817 478 1891 χαι],
509 1816 851 1890 epologerni
883 1814 1186 1890 [ὐπολόγοι
1219 1821 1315 1870 τοῦ
1345 1818 1608 1890 γενικοῦ],
1660 1823 1717 1872 et
1758 1817 1846 1871 illi
1896 1818 1989 1873 di-

2103 653 2581 725 qualemcunque
2607 652 2978 707 occasionem
3033 658 3134 707 aut
3181 652 3294 724 ipsi
3344 652 3607 707 Venetici
3661 655 3764 707 aut

2103 743 2206 798 illo
2237 743 2486 814 navigiis
2519 746 2748 796 tentare
2779 747 2879 796 aut
2915 749 3154 814 tangere
3202 746 3304 796 aut
3354 741 3605 796 scrutari
3656 746 3763 798 aut

2101 832 2515 903 qualecunque
2547 831 2856 886 occasione
2880 832 3246 903 perquirere,
3270 836 3373 886 aut
3395 831 3589 886 dicere
3609 830 3756 901 illis,

2099 938 2206 992 pro
2240 920 2455 991 quibus
2486 920 2566 991 (6)
2598 925 2802 975 nostro
2834 921 3090 992 Imperio
3124 920 3569 976 commendabit
3617 920 3755 976 illos

2101 1027 2231 1064 esse
2255 1010 2362 1064 sub
2395 1026 2574 1065 manu
2607 1010 2679 1065 de
2711 1010 3030 1082 logothetis
3064 1010 3136 1064 de
3171 1010 3380 1064 diorno
3413 1010 3559 1078 solo,
3594 1014 3652 1063 et
3681 1009 3756 1064 ab

2099 1099 2203 1154 illo
2237 1099 2364 1155 solo
2397 1100 2533 1154 illos
2566 1106 2868 1172 pensetur.
2895 1099 3270 1156 Observando
3294 1105 3352 1154 et
3372 1099 3508 1154 illos
3531 1099 3755 1168 omnia,

2100 1207 2231 1260 qua)
2257 1190 2660 1263 suprascripta
2692 1195 2848 1260 sunt,
2898 1195 2957 1244 et
2985 1206 3120 1245 cum
3154 1189 3285 1245 aliis
3318 1188 3572 1244 servitiis
3608 1205 3752 1260 ope-

2097 1298 2227 1337 rare
2260 1299 2394 1337 cum
2427 1281 2548 1336 suis
2576 1282 2822 1354 navigiis
2853 1298 2958 1353 pro
3008 1281 3380 1336 karicatione
3427 1279 3500 1334 de
3547 1284 3754 1335 nostro

2095 1371 2265 1426 hoste
2297 1371 2399 1442 qui
2431 1370 2677 1426 forsitan
2703 1370 2826 1426 vult
2856 1376 3061 1425 nostro
3094 1370 3346 1442 imperio
3376 1370 3435 1423 in
3460 1370 3752 1441 Longom-

2093 1461 2301 1518 bardia
2329 1461 2603 1534 dirigere.
2640 1462 2955 1518 Pensando
2988 1478 3200 1516 omnes
3233 1465 3291 1516 et
3324 1461 3747 1532 exspectando,

2093 1552 2194 1623 qui
2229 1568 2409 1606 ausus
2436 1552 2650 1607 fuisset
2681 1552 3074 1621 contrarium,
3099 1569 3230 1622 qua)
3256 1551 3668 1622 nosjussimus
3693 1557 3752 1605 et

2096 1642 2221 1696 haec
2243 1641 2612 1712 scripsimus,
2630 1659 2734 1713 pro
2751 1642 2954 1713 quovis
2981 1642 3366 1712 praevaricare
3384 1645 3440 1695 et
3461 1641 3759 1696 contraire

2091 1729 2337 1798 faciunt,
2358 1747 2536 1802 super
2548 1747 2684 1785 eum
2702 1731 2898 1785 venire
2912 1729 3415 1802 disdignationem
3435 1734 3494 1786 et
3508 1730 3658 1785 iram
3683 1729 3756 1786 de

2092 1823 2295 1875 nostro
2309 1819 2561 1890 imperio
2576 1819 2928 1875 sufficiendo
2944 1819 3107 1874 omni
3125 1818 3616 1874 demonstratione
3631 1819 3760 1875 sola

327 1911 551 1963 cuntur
568 1905 920 1974 silocalami,
944 1906 1463 1962 commerclariide
1479 1906 1682 1974 Avido,
1715 1912 1817 1962 aut
1837 1906 1986 1962 alios
2015 1929 2064 1994 Β
2094 1909 2166 1964 de
2187 1913 2391 1963 nostro
2422 1909 2550 1980 ipso
2581 1907 2936 1964 chrisobulli
2971 1907 3197 1980 sigillo;
3229 1907 3389 1979 quod
3412 1907 3640 1964 factum
3666 1914 3758 1965 est

321 1995 626 2066 homines,
660 1995 1078 2066 qui‘reductus
1111 2001 1178 2050 ut
1207 1996 1503 2068 imperiali
1527 1996 1764 2052 servitio
1795 2013 1984 2068 usque

321 2087 390 2141 in
424 2085 672 2142 minimo
701 2085 1181 2154 servitio,verum
1206 2085 1278 2140 de
1296 2086 1534 2158 publico
1558 2087 1737 2142 etiam
1751 2087 1984 2143 nullum

2094 1999 2156 2053 in
2190 2014 2394 2053 mense
2426 1999 2630 2052 Martio
2650 1998 2976 2053 indictione
2999 1997 3236 2069 quinta;
3258 1997 3318 2050 in
3343 2013 3459 2068 quo
3476 2002 3535 2052 et
3550 2003 3756 2053 nostro

2096 2088 2194 2160 pio
2226 2092 2285 2144 et
2313 2103 2346 2144 a
2377 2088 2494 2144 Deo
2531 2087 2802 2144 ordinato
2836 2087 3088 2159 imperio
3120 2086 3511 2142 confirmavit.
3536 2089 3750 2144 Amen.

1994 2214 2090 2270 III.

323 2337 358 2396 ιι
385 2314 539 2387 Imp.
569 2311 771 2368 Basilii
807 2312 1328 2396 Porphyrogeninti,
1353 2316 1429 2396 ut.
1447 2314 1810 2396 monasteria
1841 2312 1977 2381 sint,
2012 2329 2145 2396 qua;
2175 2313 2334 2396 ultra
2363 2315 2495 2396 Vill
2515 2313 2690 2396 velgg
2733 2314 3059 2396 monachos
3119 2313 3403 2382 habeant,
3451 2311 3753 2384 siquidem

412 2384 422 2408 '-
481 2384 503 2387 “
1076 2406 1104 2435 ‹‹
1126 2384 1536 2442 sufﬁcientem
1567 2386 1641 2442 iis
1671 2391 1891 2443 terram
1921 2385 2270 2458 possideant
2301 2409 2352 2442 ι.
2385 2385 2562 2458 (Inter
2590 2387 2876 2457 975-996.)
2907 2385 3004 2458 [7].

1124 2501 1197 2558 Δ“.

328 2587 629 2679 Βασιλείου
692 2591 820 2679 τοῖ’)Δ
845 2592 1372 2679 [Ιορφυρογεννήτου
1399 2664 1439 2679 Π
1459 2591 1756 2679 νομοθεσία
1828 2591 1992 2679 νεαρὰ

405 2666 473 2721 α’.
532 2663 948 2740 Ἐκφιυνηθεῖσα
976 2663 1169 2740 ’κατὰ-ν
1221 2665 1318 2740 τὴν
1349 2728 1374 2740 ﬁ
1399 2663 1729 2740 Ἰανουάριον
1822 2663 1988 2739 μῆνα,

407 2741 509 2805 τῆς
537 2735 581 2799 θ’
611 2728 975 2802 mmmon
1005 2738 1172 2804 τοῦ,ζ
1201 2756 1236 2812 φ
1271 2733 1318 2789 δ’
1348 2728 1520 2799 ἔτους.

330 2822 416 2898 Τᾷ
466 2818 775 2898 κεφάλαια.-
819 2827 916 2890 σῆς
1001 2821 1285 2898 παρούσης
1363 2819 1673 2897 διατάξεως,
1749 2823 1809 2878 ἐκ
1880 2829 1986 2879 τῶν

405 2890 880 2970 Ἀριέενοπούλᾲσυ.
936 2890 1378 2970 ς--Ἂνατρέπει
1435 2890 1544 2970 τὴν
1619 2890 1987 2970 τεσσαρακουο

411 2962 641 3042 ταετίαν,
673 2962 867 3042 *μηδὲν
919 2962 1249 3042 ὠφελεῖσθαι
1289 2962 1666 3042 διοριζόμενος
1715 2962 1844 3042 τοὺς
1893 2967 1988 3042 δυ-

420 3035 610 3098 νατοὺς
665 3035 986 3100 ἀδικοῦντας
1037 3039 1126 3094 καὶ
1184 3035 1645 3104 πλεονεκτοῦντας
1703 3041 1830 3105 τοὺς
1890 3040 1988 3097 πέ-

426 3111 701 3185 νηταςιτῇ
754 3111 1288 3185 τεσσαρακονταετία,
1350 3109 1493 3184 μηδὲ
1549 3113 1676 3176 τοὺς
1750 3115 1986 3185 πένητας

419 3179 521 3234 ὑπό
539 3179 735 3236 τούτων
765 3185 872 3237 τῶν
919 3179 1174 3237 ’δυνατῶν
1231 3179 1629 3248 ἄδικουμένους
1688 3179 1983 3241 ἀποκλείε-

419 3205 735 3236 υποτουτων
765 3205 872 3237 των
933 3205 1174 3237 ουνατων
1231 3205 1424 3240 αοικου
1476 3205 1629 3248 ενοος
1688 3205 1983 3241 αποκΑειε-

409 3263 526 3315 σθαι
583 3255 650 3326 τῇ
708 3256 1238 3343 τεσσαριακονταετίᾳο
1306 3205 1472 3343 apud;
1554 3257 1770 3343 ἱσχύειν
1852 3256 1984 3320 τοὺς

403 3324 829 3403 περιορισμοὺς,
869 3324 914 3380 εἱ
973 3327 1065 3382 καὶ
1125 3324 1559 3403 χρυσοϐούλλων
1619 3324 1978 3403 ἐντόςλείσιν,

407 3393 607 3478 datm-ii:
637 3393 730 3478 xui
770 3393 1176 3478 πλεονεκτικῶς
1224 3399 1634 3478 γεγενημένους)
1693 3398 1835 3478 μηδὲ
1888 3393 1981 3478 τὸν

403 3466 674 3546 δῃμέσιον
704 3468 1089 3546 άποκλείεσβαι
1139 3466 1350 3546 χρᾶνῴ,
1399 3466 1547 3529 ἆλλά
1599 3466 1984 3546 ἀνακαλεῖσθαι

403 3491 674 3541 οημοσιον
704 3491 1089 3526 αποκΛειεσυαι
1185 3491 1350 3546 ρονῳ,
1399 3491 1547 3529 αΛΛα
1599 3491 1984 3528 ανακαΛεισυαι

399 3541 466 3621 τὸ
523 3537 664 3621 ἴδιον
720 3537 928 3621 δίκαιον
973 3543 1094 3621 ’ἀπὸ
1139 3491 1470 3621 ᾄύγοςόστου
1533 3544 1828 3621 Καίσαρος,
1893 3544 1984 3600 καὶ

402 3609 743 3677 δικαιοῦσθαι
775 3615 897 3688 περὶ
928 3615 1028 3684 τὴν
1059 3609 1258 3672 τούτου
1286 3615 1586 3691 ἀνάληψιν.

401 3714 468 3770 α’.
530 3711 661 3789 Περὶ
736 3717 1301 3787 τεσσαρακονταετίας.
1387 3749 1456 3760 -·
1538 3713 1870 3792 Ἐπειδήπερ
1951 3719 1986 3787 ἡ

337 3800 594 3878 βασιλεία
629 3823 754 3875 μου,
787 3801 876 3881 ἀφ’
908 3804 970 3858 οὗ
1000 3805 1468 3881 ηὖτοκρατόρησε,
1519 3805 1608 3860 καὶ
1654 3805 1750 3868 τὰς
1796 3817 1988 3860 κινου-

336 3891 505 3963 μένας
564 3890 841 3955 ὑποθέσεις
897 3892 1042 3969 παρά
1095 3917 1154 3950 τε
1208 3899 1316 3950 τῶν
1375 3894 1654 3951 πλουσίων
1726 3896 1814 3950 καὶ
1874 3897 1983 3949 τῶν

336 3985 588 4057 πτωχῶν
643 3981 965 4059 ἐπεχείρησε
1023 3989 1223 4056 ζητεῖν,
1286 3985 1433 4057 εὗρεν
1492 3982 1574 4039 ὅτι
1635 3987 1687 4039 oi
1743 3982 1994 4048 θέλοντες

337 4073 689 4132 πλεονεκτεῖν
746 4070 983 4145 δυνατοῖ,
1044 4072 1273 4150 εὔλογον
1337 4075 1592 4152 ἀφορμὴν
1648 4071 1844 4149 έχουσι
1890 4074 1990 4143 τὴν

329 4163 910 4242 τεσσαρακονταετίαν,
942 4164 1032 4221 καὶ
1061 4162 1454 4234 σπουδάζουσιν
1489 4163 1596 4218 εἴτε
1647 4159 1736 4218 διὰ
1785 4162 1991 4235 ξενίων,

333 4257 450 4314 εἴτε
481 4253 571 4310 διὰ
600 4251 743 4317 ἰδίας
801 4250 1114 4317 δυναστείας
1165 4253 1263 4321 τήν
1323 4251 1586 4323 τοιαύτην
1633 4271 1994 4328 τεσσαρακον-

336 4346 554 4406 ταετίαν
589 4338 864 4417 διαϐῆναι,
895 4345 984 4400 καὶ
1019 4338 1206 4399 ἔκτοτε
1235 4341 1372 4398 κατὰ
1428 4339 1638 4397 τελείαν
1681 4338 1993 4397 δεσποτείαν

345 4439 523 4516 ἔχειν,
556 4435 690 4511 ἅπερ
719 4441 902 4500 κακῶς
958 4432 1390 4504 ἐπλεονέκτησαν
1436 4431 1564 4496 τοὺς
1612 4432 1864 4498 πένητας
1914 4430 1999 4504 ἐξ-

341 4534 498 4596 έθετο
527 4529 628 4598 τὴν
655 4531 933 4603 παροῦσαν
965 4522 1309 4599 νομοθεσίαν,
1340 4526 1506 4577 τοῦτο
1538 4522 1631 4596 μὲν
1654 4521 1744 4576 καὶ
1770 4522 1838 4577 τὰ
1861 4539 1999 4596 προ-

334 4619 599 4699 γεγονότα
628 4611 1018 4692 διορθουμένη,
1049 4615 1178 4666 τοῦο
1212 4608 1269 4666 δὲ
1297 4610 1388 4665 καὶ
1417 4611 1544 4673 τοὺς
1601 4615 1693 4666 νῦν
1745 4607 2002 4675 δυνατοὺς

335 4697 767 4774 ἆναστέλλουσα,
799 4700 890 4756 καὶ
949 4697 1075 4760 τοὺς
1130 4699 1417 4772 μετέπειτα
1464 4697 1780 4768 κωλύουσα,
1829 4697 1999 4774 γινώ-

334 4814 569 4856 σκοντας
601 4793 699 4863 ὡς,
733 4789 996 4865 οὐδεμίαν
1028 4787 1293 4866 ὠφέλειαν
1349 4787 1454 4843 ἀπὸ
1497 4787 1694 4843 τούτου
1738 4788 2000 4864 εὑρήσου-

337 4907 451 4957 σιν,
509 4885 635 4942 ἀλλ’
693 4884 1153 4962 ἀφαιρεθήσονται
1213 4879 1281 4934 τὰ
1338 4878 1610 4954 ἀλλότρια
1689 4879 1789 4935 οὐκ
1846 4878 2000 4936 αὐτοὶ

342 4977 539 5051 μόνον,
571 4975 716 5032 ἀλλὰ
746 4976 837 5030 καὶ
879 4973 931 5028 oi.
960 4969 1308 5048 κληρονόμοι
1341 4970 1543 5027 αὐτῶν.
1587 4971 1708 5028 ’Ότι
1767 4970 1862 5043 μὲν
1910 4966 2000 5024 οὖν

339 5070 378 5139 ἡ
430 5066 679 5144 βασιλεία
735 5068 898 5140 ἡμῶν
958 5061 1059 5117 οὐκ
1111 5060 1388 5130 ἀσκόπως,
1448 5056 1562 5115 οὐδ’
1620 5057 2004 5132 ἆδοκιμάστως

332 5158 440 5228 τὴν
496 5151 1047 5233 τεσσαρακονταετίαν
1106 5148 1416 5224 ἀνατρέπει,
1504 5146 1655 5205 ἀλλὰ
1705 5147 1834 5212 τοὺς
1896 5151 2002 5204 πέ-

335 5267 512 5319 νητας
554 5245 807 5316 ὲλεοῦσα,
837 5242 929 5298 καὶ
986 5244 1088 5296 τοῦ
1145 5239 1483 5298 κοινοῦ,καὶ
1541 5241 1641 5304 τῆς
1700 5238 2003 5300 συστάσεως

341 5336 514 5392 αὐτοῦ
571 5333 958 5416 φροντίζουσα,
1021 5331 1110 5386 καὶ
1171 5329 1233 5383 τὸ
1293 5325 1500 5383 δίκαιον
1555 5327 1841 5404 ἀγαπῶσα,
1913 5326 2003 5382 καὶ

343 5425 452 5495 τὴν
511 5411 832 5498 πλεονεξίαν
893 5417 1254 5488 ἰκκόπτουσα,
1315 5419 1543 5493 φανερὸν
1612 5411 1760 5474 ἔσται
1818 5415 1870 5488 ἐξ
1928 5417 2001 5471 ὧν

1387 3749 1456 3760 ι-

422 5571 500 5643 (4)
532 5571 808 5643 Editores
839 5569 1052 5643 notant
1075 5581 1101 5643 :_
1118 5586 1146 5615 ‹‹
1181 5564 1502 5643 ιοςοῲειρ.
1553 5562 1626 5643 de
1675 5563 1852 5643 domo
1897 5563 2011 5643 erit

339 5631 648 5717 λοῇοδέτης
683 5645 806 5717 τῶνΔ
846 5637 1142 5717 ,οἶκε-ιακιῖη
1176 5655 1226 5717 s.
1267 5631 1382 5689 ’τοῦ
1438 5631 1637 5717 ἴδικοῖξ.
1672 5657 1701 5686 ››
1749 5639 1879 5717 lmo
1929 5633 2012 5692 lo-

339 5707 810 5789 gotheta_'dron1i
837 5708 1269 5789 intelligendus
1301 5707 1825 5789 e_sse_vi_detur;ln:

417 5789 496 5858 (5)
529 5786 804 5843 Editores
828 5777 1148 5858 Logothétae
1178 5781 1478 5858 supplent.
1508 5780 1676 5858 hiate.
1700 5779 1906 5838 Potius
1933 5777 2005 5834 de

331 5852 581 5934 ἐπάρχῳ
613 5852 1064 5932 παραθαλασσίτῃ
1097 5852 1497 5924 cogitaverim.
1531 5853 1610 5908 ID.

678 5978 955 6060 Pauor,
999 5972 1112 6041 Gn.
1159 5971 1389 6036 CXLII.

2809 2506 2900 2560 IV.

2100 2594 2304 2650 Basilii
2325 2593 2796 2664 Porphyrogeniti
2842 2595 3057 2650 novella
3105 2593 3422 2650 constitutio
3464 2595 3760 2664 publicata

2098 2682 2280 2721 mense
2298 2666 2633 2735 Jannuario,
2667 2665 2966 2722 indictione
2996 2683 3075 2733 ιχ,
3109 2682 3256 2722 anno
3286 2684 3340 2722 γι
3371 2683 3429 2722 ιι.
3465 2683 3538 2722 1:).
3573 2683 3682 2722 ιιιι.

2099 2848 2128 2878 ι(
2153 2825 2356 2896 Capita
2375 2825 2825 2898 Constitutionis
2847 2826 3026 2897 hujus
3050 2844 3118 2881 ex
3145 2826 3585 2898 llarmenopulo
3609 2845 3634 2878 ιι
3650 2868 3663 2882 .
3687 2857 3757 2868 --

2174 2897 2684 2968 Praescriptionem
2716 2914 3009 2952 annorum
3042 2899 3133 2952 XL
3157 2899 3332 2965 tollit,
3365 2897 3656 2965 statuens,
3679 2915 3756 2954 ne

2169 2985 2464 3041 annorum
2520 2970 2611 3023 XL
2643 2970 3010 3041 prmscriptio
3070 2970 3506 3040 potentioribus
3540 2971 3753 3041 inopes

2169 3040 2391 3112 injuste
2451 3046 2628 3111 atque
2675 3057 2845 3096 avare
2896 3041 3372 3166 opprimentibus
3419 3040 3755 3112 quidquam

2169 3111 2394 3166 prosit?
2430 3129 2576 3166 neve
2604 3129 2895 3166 nauneres
2937 3129 2972 3166 a
3059 3112 3273 3166 iisdem
3317 3112 3754 3166 potentioribus

2210 3112 2394 3184 rosit:
2430 3129 2576 3167 neve
2603 3129 2895 3184 pauperes
2937 3112 3008 3168 ab
3059 3112 3273 3167 iisdem
3317 3112 3754 3184 potentioribus

2192 3183 2292 3237 tesi
2324 3200 2430 3254 per
2460 3200 2757 3256 annorum
2809 3185 2900 3239 XL
2946 3184 3459 3256 praescriptionem
3497 3183 3753 3256 submo-

2164 3261 2426 3310 veantur.
2467 3257 2546 3310 Ne
2588 3255 2982 3310 terminorum
3031 3255 3267 3327 quoque
3317 3255 3746 3327 descriptiones

2164 3327 2347 3381 robur
2375 3327 2652 3393 habeant,
2685 3327 2826 3382 licet
2854 3327 3052 3381 aureis
3074 3327 3254 3382 bullis
3303 3329 3744 3394 contineantur,

2162 3397 2458 3469 siquidem
2490 3399 2712 3469 injuste
2743 3416 2812 3454 ac
2843 3399 3250 3454 fraudulenter
3278 3398 3446 3454 factm
3474 3398 3615 3453 sint.
3651 3399 3750 3452 Fi-

2164 3486 2329 3542 scum
2341 3471 2522 3542 etiam
2545 3470 2709 3524 nullo
2727 3471 3007 3542 temporis
3023 3470 3332 3525 intervallo
3349 3471 3472 3524 vult
3488 3469 3744 3542 excludi,

2164 3539 2267 3595 sed
2299 3539 2375 3614 ab
2404 3544 2665 3613 Augusto
2692 3539 2921 3597 Caesare
2943 3542 3045 3614 jus
3067 3557 3239 3597 suum
3261 3540 3745 3614 repetere,idque

2163 3613 2376 3667 merito
2408 3629 2786 3685 recuperare.

2169 3722 2218 3774 1.
2253 3740 2280 3770 ‹‹
2311 3720 2388 3775 De
2413 3736 2707 3775 annorum
2726 3736 2795 3775 x1.
2818 3720 3267 3792 przescriptione
3295 3742 3345 3778 ».
3377 3752 3432 3762 —
3457 3720 3749 3788 Quoniam

2096 3810 2377 3880 majestas
2411 3825 2542 3864 mea
2572 3810 2884 3882 comperit,
2919 3827 2989 3865 ex
3038 3828 3154 3882 quo
3205 3811 3383 3882 cmpit
3432 3810 3747 3882 imperare,

2095 3904 2406 3971 motasque
2457 3905 2577 3954 tam
2637 3900 2708 3955 ab
2770 3901 3093 3972 opulentis,
3152 3917 3331 3972 quam
3389 3900 3749 3974 pauperibus

2096 4006 2305 4045 causas
2366 3990 2628 4045 instituit
2682 4007 3062 4062 cognoscere,
3119 3990 3540 4064 locupletiores
3590 3991 3754 4046 frau-

2098 4080 2432 4135 dandorum
2463 4080 2716 4135 aliorum
2735 4080 2981 4151 cupidos
3011 4085 3363 4152 praetextum
3388 4081 3605 4136 habere
3627 4098 3758 4152 pro.

2098 4169 2380 4239 habilem,
2414 4170 2702 4225 nimirum
2729 4186 3027 4224 annorum
3060 4169 3451 4243 quadraginta
3480 4171 3758 4242 praescri-

2099 4259 2402 4330 ptionem;
2438 4264 2495 4314 et
2526 4260 2586 4314 in
2617 4260 2728 4314 hoc
2795 4259 3160 4330 incumbere,
3213 4261 3331 4315 sive
3383 4259 3757 4326 muneribus,

2102 4350 2222 4405 sive
2244 4350 2466 4404 viribus
2498 4349 2622 4404 suis
2654 4347 3210 4418 intervenientibus,
3246 4355 3309 4403 ut
3330 4349 3442 4404 hoc
3463 4365 3760 4404 annorum

2103 4438 2494 4511 quadraginta
2509 4439 2766 4510 spatium
2784 4437 3256 4506 transeant,etab
3273 4455 3339 4494 eo
3356 4443 3619 4510 tempore
3632 4437 3762 4509 ple-

2104 4545 2181 4583 no
2195 4527 2463 4583 dominio
2479 4527 2940 4599 possideantilla
2956 4527 3172 4599 quibus
3188 4527 3455 4600 improbe
3468 4543 3761 4600 pauperes

2109 4616 2463 4672 fraudarunt
2491 4634 2504 4671 :
2539 4618 2692 4672 hanc
2723 4618 2914 4689 ipsam
2940 4617 3131 4690 legem
3157 4618 3312 4685 tulit,
3344 4618 3563 4690 partim
3586 4621 3651 4672 ut
3672 4634 3761 4685 ea,

2114 4723 2244 4779 qum
2277 4708 2563 4762 hactenus
2595 4707 2884 4775 accidere,
2915 4708 3200 4780 corrigat;
3229 4707 3443 4779 partim
3461 4712 3527 4763 ut
3556 4712 3767 4781 poten-

2113 4801 2222 4862 tes,
2251 4797 2350 4867 qui
2368 4796 2494 4868 jam
2517 4797 2735 4864 vivunt,
2759 4796 3046 4868 reprimat
3069 4815 3082 4863 ;
3105 4802 3164 4852 et
3183 4797 3439 4853 victuros
3464 4796 3767 4871 deinceps,

2114 4892 2422 4942 coerceat:
2458 4887 2732 4953 scituros,
2781 4903 2842 4940 se
2899 4887 3135 4942 nullum
3193 4886 3334 4943 hinc
3385 4887 3770 4945 commodum

2112 4979 2526 5048 percepturos,
2561 4975 2663 5030 sed
2694 4975 2958 5030 futurum
2991 4981 3056 5031 ut
3085 4993 3179 5032 res
3209 4977 3420 5033 alienaa
3470 4996 3592 5034 non
3641 4983 3772 5034 tan-

2121 5072 2245 5121 tum
2277 5065 2443 5137 ipsis,
2479 5064 2582 5120 sed
2615 5069 2672 5121 et
2729 5065 2995 5137 ipsorum
3030 5067 3365 5122 haeredibus
3411 5068 3770 5123 adimantur.

2112 5155 2426 5210 Enimvero
2446 5171 2566 5209 non
2595 5153 2954 5225 inconsulto,
2980 5173 3090 5210 nec
3112 5155 3366 5212 absurde
3398 5158 3773 5229 majestatem

2115 5250 2381 5300 nostram
2396 5245 2547 5299 hanc
2565 5259 2860 5299 annorum
2877 5243 3268 5314 quadraginta
3281 5244 3688 5317 przescription
3698 5261 3782 5302 em

2115 5334 2349 5403 tollere,
2383 5334 2486 5389 sed
2519 5333 3040 5389 commiseratione
3065 5339 3281 5390 tactam
3302 5351 3438 5406 erga
3461 5350 3772 5406 pauperes,

2116 5423 2306 5495 deque
2341 5422 2649 5495 republica
2680 5427 2737 5478 et
2791 5423 2920 5496 ejus
2964 5423 3276 5480 duratione
3325 5423 3665 5491 sollicitam,
3717 5429 3777 5479 et

2186 5565 2427 5646 (9).!!th
2458 5565 2702 5646 verbaz.
2735 5572 2832 5646 aut
2878 5567 3071 5646 dicere.
3099 5565 3232 5633 illis,
3279 5581 3385 5634 pro
3434 5565 3651 5646 quibus,
3705 5565 3772 5621 in

2115 5637 2245 5692 cod.
2281 5637 2438 5692 inter
2464 5639 2704 5694 scrutari
2733 5643 2792 5693 et
2816 5644 2912 5693 aut
2938 5637 3318 5707 qualecunque
3335 5637 3548 5707 posita,
3566 5641 3773 5692 trans-

2115 5708 2391 5780 ponenda
2429 5726 2558 5780 esse
2590 5708 2867 5763 viderunt
2896 5709 3177 5762 editores.

2184 5782 2262 5850 (‘7)
2295 5779 2589 5836 Laudatur
2619 5780 2681 5835 in
2739 5779 3012 5851 sequenti
3051 5778 3307 5853 novella,
3353 5796 3490 5853 cap.
3534 5782 3588 5836 3.
3636 5783 3772 5856 Ipsa

2113 5869 2236 5908 non
2268 5857 2480 5908 exstat.

3405 5974 3486 6032 20
