4128 6424
342 475 463 537 619

1604 491 1770 552 ΙΜΡ.
1815 487 2097 550 BASlLIl
2139 489 2500 553 JUNIORIS

3635 491 3758 551 6‘20

342 613 641 682 aequitatis
664 616 983 684 amantem,
1017 619 1076 669 et
1093 617 1510 679 exscindenda;
1540 625 1798 681 avaritiae
1830 624 2000 697 cupi-

2114 622 2372 698 ἐθέλομεν
2405 624 2598 681 εἰπεῖν.
2641 622 2741 679 Καὶ
2791 621 2893 700 γὰρ
2960 620 3095 697 [καὶ]
3147 619 3336 678 πολλᾶ
3390 622 3760 698 παρη-ἀοχλή-

347 699 483 756 dam
508 718 521 768 ;
546 701 925 772 perspicuum
952 718 1021 757 ex
1054 703 1175 760 illis
1208 706 1329 780 ﬁet,
1363 727 1495 781 quae
1517 713 1733 769 dicturi
1774 730 1998 771 sumus.

348 792 585 862 Magnas
610 791 768 845 enim
802 790 1105 849 molestias
1136 812 1171 850 a
1200 801 1563 870 pauperibus
1612 804 1724 859 hoc
1757 804 1999 859 nomine

342 879 699 952 pertulimus
716 880 1004 951 etquibus
1017 885 1284 954 quotidie
1297 889 1837 948 circumveniantur
1847 893 2002 948 frau-

345 968 521 1024 dibus
553 972 611 1024 et
655 968 913 1040 injuriis,
949 975 1170 1029 nostris
1201 975 1457 1048 ipsemet
1486 982 1674 1037 oculis
1714 982 1997 1054 vidimus,

346 1056 488 1113 dum
518 1057 851 1129 provincias
881 1059 1118 1132 imperii
1140 1068 1328 1122 nostri
1351 1086 1823 1143 peragraremus,
1849 1076 1908 1125 et
1925 1070 2002 1127 ad

343 1147 754 1220 expeditiones
784 1149 1318 1221 proﬁcisceremur.
1343 1158 1490 1214 Nam
1519 1177 1634 1231 quo
1656 1165 1828 1233 pacto
1852 1161 2000 1216 sim-

342 1239 581 1311 pliciter
610 1243 788 1309 atque
820 1243 1045 1297 temere
1082 1247 1367 1317 temporis
1393 1249 1672 1306 habenda
1692 1251 2000 1321 eritratio,

348 1346 484 1385 cum
517 1330 590 1401 is,
628 1330 729 1401 qui
763 1347 1079 1404 pauperem
1111 1336 1568 1408 circumscribit,
1618 1342 1833 1414 opibus
1862 1342 2005 1398 sub-

350 1418 546 1488 nixus,
573 1418 675 1475 diu
697 1421 964 1491 potentia
992 1422 1396 1498 felicitateque
1428 1446 1536 1485 sua
1558 1430 1810 1499 fruatur,
1835 1447 2003 1487 eam-

352 1525 467 1580 que
496 1510 827 1581 potentiam
859 1516 918 1565 et
947 1512 1291 1571 felicitatem
1320 1534 1488 1573 suam
1519 1520 1593 1575 ad
1629 1536 2004 1576 successores

353 1613 494 1654 suos
515 1598 920 1654 transmittat?
939 1616 1006 1656 ac
1023 1601 1293 1661 fortassis
1315 1607 1442 1677 ipse
1461 1606 1702 1680 quidem
1717 1608 2004 1680 patricius

352 1685 449 1752 sit,
483 1690 544 1742 at
572 1687 695 1742 nati
725 1704 794 1742 ex
828 1704 917 1757 eo,
950 1696 1094 1760 puta
1124 1700 1370 1764 nepotes
1400 1700 1460 1750 et
1487 1700 1865 1768 pronepotes,
1920 1697 2003 1752 si-

351 1774 576 1831 militer
602 1782 874 1847 potentes
904 1784 964 1834 et
990 1778 1395 1839 familiaritate
1444 1785 1816 1857 principibus
1858 1803 2004 1842 cono

349 1865 565 1936 juncti,
597 1865 942 1923 felicitatem
969 1886 1139 1925 suam
1171 1871 1244 1927 ad
1276 1890 1385 1928 Lxx
1414 1874 1505 1929 vel
1537 1892 1567 1929 α
1594 1890 1784 1930 annos
1806 1892 2006 1948 porre-

354 1959 511 2010 ctam
542 1955 889 2012 retineant?
915 1974 1036 2014 non
1065 1960 1203 2017 illos
1232 1978 1342 2017 nos
1392 1964 1800 2020 coercebimus
1822 1965 1850 2020 ‘I
1885 1982 2004 2021 non

2114 1968 2175 2024 οὐ
2237 1966 2562 2042 κωλύσομεν
2597 1988 2611 2039 ς

356 2044 719 2116 pauperibus
745 2062 814 2102 ea
843 2046 1142 2118 dabimus,
1173 2051 1392 2122 quibus
1422 2053 1577 2108 male
1611 2060 1749 2110 sunt
1772 2053 2009 2110 defrau-

354 2132 528 2190 dati?
554 2135 781 2208 Quippe
810 2138 1050 2210 cumis,
1106 2141 1208 2211 qui
1254 2141 1471 2198 fundos
1513 2160 1863 2200 communes
1909 2162 2007 2201 ac-

353 2223 560 2296 quirit,
611 2224 703 2279 vel
759 2226 954 2298 majus
1010 2229 1269 2300 pretium
1328 2231 1564 2298 obtulit,
1625 2239 1837 2305 potens
1895 2239 2005 2305 est,

355 2313 608 2385 ejusque
637 2314 908 2371 haeredes
939 2333 1146 2373 rursus
1176 2323 1297 2375 tam
1330 2319 1389 2375 in
1421 2322 1805 2393 patrimonio,
1829 2339 2008 2394 quam

352 2403 485 2475 ipsa
503 2407 797 2476 potestate
820 2405 1287 2477 succedunt,nec
1309 2411 1555 2482 pauperi
1578 2410 1776 2467 locum
1799 2412 2006 2467 adver-

357 2509 459 2548 sus
490 2510 554 2549 se
595 2494 944 2566 experiundi
975 2514 1177 2553 rerum
1212 2497 1452 2554 illarum
1502 2501 1745 2556 nomine
1796 2519 2010 2558 conce-

354 2580 523 2653 dunt,
587 2582 804 2654 quibus
861 2584 1040 2641 rebus
1089 2603 1227 2642 cum
1284 2589 1564 2659 nequiter
1612 2590 2005 2651 fraudarunt:

356 2671 606 2728 omnino
628 2672 1011 2729 manifestum
1039 2680 1148 2743 est,
1171 2683 1699 2751 quantumcunque
1723 2680 2009 2753 temporis

353 2761 585 2817 interea
611 2766 891 2832 transeat,
915 2764 1160 2820 minime
1179 2767 1618 2838 prohibendum
1638 2786 1766 2825 esse
1783 2788 2006 2843 paupe-

354 2867 504 2923 rem,
539 2852 861 2923 quominus
887 2859 946 2909 et
992 2855 1280 2927 requirat,
1331 2863 1388 2913 et
1432 2859 1662 2915 auferat
1716 2859 1800 2928 id,
1850 2860 2008 2933 quod

356 2959 531 2999 suum
564 2948 672 2999 est.
703 2944 845 2999 Nam
869 2944 985 3000 nisi
1009 2945 1122 3001 hoc
1142 2945 1452 3016 faciamus,
1485 2965 1657 3005 avaro
1683 2949 2006 3007 fenestram

353 3033 713 3104 aperiemus,
745 3038 812 3088 ut
840 3033 1035 3089 dicat:
1069 3036 1360 3101 Quoniam
1393 3054 1498 3111 ego
1556 3056 1843 3111 prospera
1886 3040 2011 3096 for.

354 3127 501 3178 tuna
531 3122 700 3177 fruor
728 3122 927 3191 hodie,
960 3139 1070 3179 nec
1101 3142 1328 3198 pauper
1358 3126 1458 3182 ille
1483 3145 1720 3184 mecum
1751 3130 2009 3201 experiri

357 3216 557 3285 potest
580 3231 592 3269 :
627 3213 677 3268 si
707 3212 836 3285 pari
854 3213 1139 3271 felicitate
1160 3217 1321 3273 filius
1339 3236 1577 3291 quoque
1598 3237 1769 3275 meus
1783 3226 2006 3297 utatur,

355 3307 416 3357 et
439 3303 610 3358 nobis
641 3304 754 3359 hac
783 3305 1176 3376 prosperitate
1208 3307 1544 3365 fruentibus
1575 3311 1717 3365 anni
1749 3310 2007 3381 quadra-

355 3393 519 3465 ginta
547 3398 927 3465 praetereant,
948 3400 1049 3450 aut
1079 3395 1206 3468 ipse
1229 3397 1330 3453 diu
1361 3415 1458 3454 res
1489 3400 1782 3455 secundas
1812 3400 2006 3456 conti-

357 3499 537 3539 nuem
564 3500 578 3539 :
612 3485 955 3557 inadempta
988 3486 1542 3561 retinebimus,quaa
1565 3490 2009 3562 acquisivimus,

356 3572 625 3646 adeoque
656 3574 804 3629 mihi
835 3577 1132 3647 rapaciter
1151 3592 1325 3650 agere
1350 3579 1636 3651 proderit.
1663 3581 1873 3653 [Atque
1899 3581 2012 3637 hoc

354 3662 740 3720 manifestum
772 3668 863 3736 est
892 3663 1071 3720 etiam
1104 3663 1177 3719 de
1208 3666 1618 3736 Malcinorum,
1679 3669 2009 3741 itidemque

356 3750 431 3806 de
462 3750 803 3807 Phocadum
833 3751 1079 3809 familia.
1133 3754 1360 3827 Quippe
1413 3757 1838 3814 Constantinus
1887 3758 2007 3815 Ma-

354 3838 552 3894 leinus
583 3840 889 3911 patricius,
911 3843 1328 3900 etEustathius
1354 3845 1483 3917 ejus
1507 3845 1686 3913 ﬁlius,
1706 3848 2008 3919 magister,

355 3944 545 3999 usque
578 3927 652 3985 ad
681 3934 945 3999 centum,
984 3931 1073 3987 vel
1105 3938 1342 3989 centum
1363 3934 1564 4007 viginti
1585 3952 1793 4002 annos,
1816 3935 2007 3991 felici-

354 4022 537 4074 tatem
565 4034 733 4075 suam
765 4020 1191 4078 continuarunt
1223 4040 1235 4077 :
1270 4024 1574 4081 Phocades
1621 4044 1778 4095 vero,
1830 4028 2008 4085 etiam

351 4105 512 4162 ultra
542 4107 654 4164 hoc
678 4109 956 4180 spatium.
982 4112 1125 4166 Nam
1150 4116 1209 4167 et
1227 4128 1367 4168 avus
1383 4130 1610 4184 eorum,
1644 4121 1702 4170 et
1726 4116 2008 4190 deinceps

346 4202 604 4269 pater,et
620 4204 827 4271 postea
840 4199 1413 4273 ﬁlii,propemodum
1428 4202 1701 4275 dixerim,
1717 4223 1751 4262 a
1766 4209 2008 4263 nemine

353 4286 749 4360 interruptam
781 4288 855 4345 ad
888 4306 999 4345 nos
1029 4307 1219 4362 usque
1250 4294 1580 4363 potentiam
1597 4295 2006 4352 obtinuerunt.

349 4379 419 4434 Et
459 4395 722 4450 quonam
777 4380 955 4436 modo
1015 4381 1234 4437 talibus
1291 4385 1661 4457 przescriptio
1720 4388 2007 4457 temporis

288 4505 310 4523 ο.
355 4466 719 4536 subveniet?]
742 4486 859 4540 quo
878 4486 1116 4525 rursum
1134 4471 1311 4527 modo
1328 4490 1448 4528 non
1468 4473 1879 4547 reputabimus
1902 4493 2009 4547 po-

354 4561 579 4611 tentem
610 4557 834 4629 pariter
864 4558 1329 4629 etimbecillum,
1355 4563 1454 4633 qui
1478 4562 1550 4617 ab
1574 4562 1745 4618 initio
1765 4563 2007 4635 quidem

355 4660 582 4716 pauper
613 4652 721 4713 est,
755 4646 1039 4720 deinceps
1069 4653 1267 4704 autem
1300 4650 1647 4721 honoratus,
1683 4657 1742 4708 et
1769 4653 1842 4708 ad
1873 4653 2003 4727 glo-

2107 807 2340 879 νομὲνας
2398 802 2473 866 εἷς
2532 802 2727 866 αὐτοὺς
2786 802 2906 866 καθ’

2111 727 2283 790 θημεν
2316 714 2463 791 παρὰ
2489 718 2597 769 τῶν
2631 715 2873 788 πτωχῶν
2933 712 3097 788 χάριν
3148 712 3346 767 τούτου
3393 711 3484 767 xui
3536 711 3632 775 τὰς
3680 733 3761 788 γι-

2989 801 3218 872 ἒκάστην
3296 798 3611 873 πλεονεξίας
3668 801 3761 857 καὶ

2109 893 2321 958 ἀδικίας
2350 899 2467 956 τοῖς
2500 891 2662 954 ἰδίοις
2696 894 2857 965 ἡμῶν
2887 889 3198 967 ὀφθαλμοῖς
3239 887 3481 964 εἷ’δομεν,
3534 887 3758 966 διερχό-

2115 1008 2265 1062 μενοι
2292 987 2361 1041 ea
2390 986 2597 1059 θέματα
2652 986 2752 1053 τῆς
2817 978 3100 1060 βασιλείας
3144 982 3327 1055 ἡμῶν,
3376 982 3467 1037 καὶ
3518 981 3656 1057 πρὸς
3694 982 3764 1038 τὰ

2112 1073 2347 1147 ταξείδια
2375 1075 2772 1151 ἀπερχόμενοι.
2828 1076 2955 1136 Πῶς
2996 1072 3101 1147 γὰρ
3141 1068 3335 1136 ἁπλῶς
3379 1069 3471 1125 καὶ
3519 1070 3594 1132 ὡς
3643 1069 3763 1126 ἔτυ-

2111 1187 2208 1242 χεν
2242 1166 2519 1242 ἐνεργήσει
2559 1166 2788 1240 χρόνος,
2846 1162 2936 1218 ὅτε
2993 1159 3220 1225 δυνατὸς
3269 1158 3342 1217 ὢν
3376 1161 3404 1216 6
3434 1162 3525 1216 τὸν
3556 1159 3764 1233 πένητα

2111 1255 2536 1324 πλεονεκτάσας,
2590 1251 2764 1308 πολὺν
2836 1253 3036 1327 χρόνον
3122 1253 3343 1321 ποιήσει
3424 1246 3760 1304 δυναστεύων

2110 1344 2200 1400 καὶ
2258 1344 2570 1419 εὐημερῶν,
2629 1340 2721 1397 καὶ
2776 1342 2876 1410 τήν
2937 1336 3247 1395 δυναστείαν
3307 1337 3470 1394 αὐτοῦ
3522 1338 3613 1394 xui
3668 1338 3763 1395 εὐ-

2110 1435 2344 1509 ημερίαν
2377 1434 2457 1497 είς
2485 1433 2614 1496 τοὺς
2662 1428 2961 1507 δζαδόχους
3015 1428 3179 1485 αὐτοῦ
3234 1429 3613 1503 παραπέμψεις
3670 1427 3758 1484 καὶ

2109 1522 2280 1597 τυχὸν
2311 1521 2470 1584 οὗτος
2531 1521 2626 1593 μὲν
2680 1517 2965 1592 πατρίκιός
3022 1517 3188 1588 ἐστιν,
3237 1518 3290 1573 οἱ
3352 1514 3410 1572 δὲ
3467 1516 3516 1590 ἐξ
3574 1517 3760 1588 αὐτοῦ,

2113 1613 2231 1666 οἷον
2288 1607 2504 1686 ἔγγονοι
2555 1608 2647 1664 καὶ
2702 1605 3031 1685 δισὲγγονοι,
3114 1606 3322 1680 ὁμοίως
3403 1604 3619 1662 δυνατοὶ
3671 1607 3760 1662 καὶ

2114 1700 2429 1771 οἶκειόκητα
2466 1694 2689 1776 ἔχοντες
2745 1699 2885 1775 πρὸς
2931 1697 3060 1762 τοὺς
3121 1697 3388 1773 βασιλεῖς,
3445 1696 3535 1752 καὶ
3596 1698 3766 1772 μέχρι

2111 1794 2219 1846 τῶν
2255 1784 2636 1862 ἑϐδομήκοντα
2689 1785 2725 1858 ἤ
2787 1787 2974 1843 ἑκατὸν
3033 1786 3250 1862 χρόνων
3308 1786 3408 1855 τήν
3467 1784 3764 1861 εὐημερίαν

2115 1878 2289 1935 αὐτῶν
2348 1879 2845 1953 παρεκτεινομένην
2902 1872 3147 1952 ἔχοντες.
3206 1875 3331 1950 Ἆρ’
3391 1871 3482 1929 οῦν
3540 1874 3768 1939 τούτους

2597 1988 2613 2039 ;
2671 1966 2762 2022 xui
2819 1971 2936 2029 τοῖς
2992 1965 3188 2036 πένησι
3246 1962 3494 2038 δώσομεν
3528 1962 3563 2020 ἅ
3589 1969 3766 2027 κακῶς

2114 2059 2649 2130 ἐπλεονεκτήθησαν;
2680 2061 2779 2113 τοῦ
2812 2058 2913 2131 [τε]
2971 2056 3074 2132 γὰρ
3142 2054 3219 2120 εἷς
3275 2054 3598 2127 κοινότητας
3644 2073 3767 2130 χω-

2116 2149 2250 2225 ρίων
2308 2147 2766 2222 ἐπικτησαμένου,
2825 2146 2862 2216 ἢ
2921 2144 3089 2202 πλέον
3150 2144 3476 2215 ἐκτίσαντος,
3539 2142 3766 2199 δυνατοῦ

2114 2240 2507 2313 τυγχάνοντος,
2546 2236 2637 2292 καὶ
2693 2240 2801 2291 τῶν
2859 2235 3026 2289 αὐτοῦ
3085 2230 3361 2309 διαδόχων
3410 2231 3573 2288 πάλιν
3631 2230 3768 2304 μετὰ

2114 2334 2216 2398 τῆς
2260 2328 2611 2389 ὑποστάσεως
2662 2325 2752 2381 καὶ
2817 2324 2917 2403 τὴν
2978 2320 3287 2379 δυναστείαν
3338 2319 3790 2404 διαδεχομὲνιψρ

2116 2418 2207 2473 καὶ
2254 2418 2330 2491 μή
2393 2414 2655 2472 διδόντων
2713 2417 2904 2491 χώραν
2956 2418 3037 2487 τῷ
3089 2413 3281 2485 πένητι
3338 2412 3476 2489 πρὸς
3531 2412 3594 2467 τὸ
3647 2412 3767 2468 κατ’

2118 2507 2295 2563 αὐτῶν
2321 2514 2538 2576 κινῆσαι
2567 2505 2691 2581 περὶ
2737 2506 2811 2559 ὧν
2863 2508 3045 2568 κακῶς
3102 2501 3528 2573 ἐπλεονέκτησαν
3580 2502 3765 2556 αὐτόν’

2117 2599 2334 2662 πάντως
2363 2594 2646 2674 πρόδηλόν
2680 2594 2849 2665 ἐστιν,
2883 2595 2968 2649 ὅτι
2999 2592 3126 2658 ὅσος
3149 2592 3210 2649 ἄν
3264 2592 3469 2669 χρόνος
3517 2590 3605 2647 ἐπὶ
3643 2591 3773 2647 τού-

2115 2708 2224 2743 των
2260 2682 2447 2762 διαϐῇ,
2492 2686 2779 2749 ἀκώλυτος
2811 2686 2839 2741 6
2870 2685 3038 2755 πένης
3087 2682 3230 2738 ἔσται
3285 2684 3422 2758 πρὸς
3470 2681 3533 2738 τὸ
3584 2686 3768 2752 ζητεῖν

2114 2776 2206 2831 καὶ
2237 2775 2483 2850 ἀπαίρειν
2513 2776 2576 2830 τὸ
2610 2772 2768 2830 ἴδιον.
2803 2772 2867 2829 Ei
2930 2774 3006 2847 μὴ
3056 2771 3158 2849 γὰρ
3210 2775 3375 2827 τοῦτο
3434 2772 3768 2845 ποιήσομεν,

2116 2861 2356 2941 πάροδον
2390 2861 2635 2937 δώσομεν
2666 2866 2747 2935 τῷ
2778 2858 3079 2933 πλεονέκτῃ
3109 2863 3207 2914 τοῦ
3253 2856 3454 2933 λέγειν,
3500 2856 3582 2914 ὅτι
3614 2855 3768 2914 Ἐπεὶ

2116 2953 2222 3031 ἐγὼ
2254 2956 2494 3028 σήμερον
2555 2952 2834 3027 εὐημερῶ,
2890 2949 2982 3005 καὶ
3033 2947 3095 3004 οὐ
3144 2945 3365 3003 δύναται
3410 2948 3530 3004 κατ’
3571 2946 3707 3021 ἐμοῦ
3736 2947 3764 3002 6

2116 3044 2284 3112 πένης
2341 3049 2582 3113 κινῆσαι,
2643 3041 2730 3095 ἐὰν
2782 3040 3104 3115 εὐημερήσῃ
3144 3038 3233 3093 καὶ
3267 3037 3443 3099 ὁυὶός
3497 3058 3623 3111 μου,
3673 3035 3762 3091 καὶ

2119 3131 2207 3189 διὰ
2235 3138 2337 3202 τῆς
2386 3129 2682 3206 εὐημερίας
2734 3132 2894 3203 ἡμῶν
2957 3123 3120 3202 διαϐῇ
3162 3124 3697 3202 τεσσαρακονταετία,
3726 3125 3763 3195 ἢ

2119 3223 2223 3298 ἐγὼ
2253 3221 2498 3299 χρονίσω
2530 3221 2844 3294 εὐημερῶν,
2905 3214 3108 3294 ἔχομεν
3163 3216 3487 3294 ἀναφαίρετα
3537 3215 3603 3269 τά
3648 3213 3767 3269 ἐπι-

2118 3313 2406 3383 κτηῦἑντα,
2437 3310 2528 3366 καὶ
2589 3308 2850 3388 συμφέρει
2905 3329 2998 3381 μοι
3051 3308 3114 3363 τὸ
3153 3305 3517 3365 πλεονεκτεῖν.
3571 3307 3766 3379 [Τοῦτο

2119 3402 2177 3459 δὲ
2206 3402 2428 3483 φανερόν
2463 3401 2575 3456 ἐστι
2603 3399 2694 3455 καὶ
2752 3397 2859 3454 ἀπὸ
2913 3404 3012 3468 τῆς
3062 3401 3250 3473 γενεᾶς
3296 3399 3404 3451 τῶν
3451 3392 3766 3465 Μαλεΐνων,

2117 3491 2207 3549 καὶ
2240 3493 2406 3548 πάλιν
2436 3494 2543 3546 τῶν
2578 3486 2879 3546 Φωκάδων.
2910 3489 2973 3545 ’0
3008 3487 3102 3561 μὶν
3134 3486 3236 3564 γὰρ
3276 3485 3560 3562 πατρίκιος
3609 3489 3770 3541 Κων-

2120 3588 2396 3647 σταντῖνος
2429 3584 2457 3639 6
2487 3579 2786 3651 Μαλεΐνος,
2836 3579 2927 3636 καὶ
2956 3580 2984 3634 6
3019 3580 3323 3654 μάγιστρος
3374 3576 3673 3638 Εὐπάοιος
3739 3574 3768 3630 6

2117 3674 2316 3731 τούτου
2347 3674 2484 3745 υίὸς,
2519 3671 2686 3748 μέχρι
2718 3675 2826 3727 τῶν
2859 3668 3046 3725 ἑκατὸν
3081 3668 3322 3744 χρόνων,
3354 3666 3389 3737 ἢ
3421 3667 3512 3722 καὶ
3532 3670 3638 3721 τῶν
3653 3665 3773 3721 ὲκαο

2118 3764 2210 3819 τὸν
2245 3761 2416 3818 εἴκοσι
2447 3762 2548 3830 τήν
2599 3756 2893 3833 εὐημερίαν
2957 3755 3119 3831 ἔσχον
3165 3754 3766 3829 συμπαρεκτεινομένην

2117 3852 2322 3914 αὐτοῖς.
2356 3852 2423 3908 Οἱ
2454 3847 2512 3905 δὲ
2544 3846 2806 3909 Φωκάδες
2863 3843 3007 3900 πολὺ
3045 3844 3256 3898 τούτων
3306 3841 3573 3898 ἐπέκτινα.
3607 3843 3674 3899 Ὀ
3711 3863 3771 3897 τε

2117 3942 2219 4016 γὰρ
2277 3940 2503 4000 πάππος
2563 3939 2661 4007 [αι.
2721 3934 3078 4011 πρόπαππος]
3153 3928 3352 3997 αὐτῶν,
3413 3927 3526 3982 εἶτα
3589 3927 3679 4016 καὶ
3738 3928 3767 3980 6

2117 4012 2320 4103 πατὴρ,
2358 4025 2493 4101 μετᾶ
2523 4023 2581 4080 δὲ
2608 4027 2776 4078 ταῦτα
2813 4020 2905 4076 xui
2950 4020 3003 4074 oi
3059 4018 3257 4074 τούτου
3305 4016 3415 4071 υἱοὶ
3466 4012 3766 4092 ἀδιάδοχον

2118 4101 2315 4193 σχεδύν
2348 4115 2516 4170 εἷ’πεῖν
2568 4110 2673 4175 ἕως
2718 4113 2880 4182 ἡμῶν
2929 4109 3082 4184 εἶχον
3134 4107 3233 4175 τήν
3290 4103 3619 4161 δυναστείαν.
3668 4101 3767 4158 Καὶ

2116 4191 2235 4268 πῶς
2270 4206 2324 4260 oi
2361 4206 2603 4259 τοιοῦτοι
2639 4203 2947 4278 βοηθοῦντα
2986 4195 3080 4253 τὸν
3120 4196 3324 4272 χρόνον
3375 4191 3555 4267 ἕξουσι
3587 4197 3665 4268 ('7)
3699 4214 3713 4265 ;
3745 4194 3765 4267 ]

2115 4293 2282 4352 πάλιν
2317 4292 2395 4364 δὲ,
2428 4296 2545 4356 πῶς
2578 4291 2641 4347 οὐ
2688 4288 3030 4365 λογισόμεθα
3080 4283 3303 4343 δυνατὸν
3344 4286 3438 4341 καὶ
3487 4282 3769 4356 ἀδύνατον,

2114 4387 2207 4443 τὸν
2241 4384 2480 4459 ἐξαρχῆς
2513 4381 2610 4455 μὶν
2639 4380 2863 4450 πένητα,
2913 4376 3137 4454 ὕστερον
3188 4373 3246 4431 δὲ
3290 4375 3631 4448 τιμώμενον,
3679 4370 3770 4459 καὶ

2115 4474 2252 4551 πρὸς
2499 4468 2662 4543 δόξης
2721 4467 3098 4545 ἆναγόμενον;
3155 4464 3419 4522 ἀδύνατον
3496 4463 3610 4536 μὶν,
3667 4457 3772 4524 ἕως

2120 4550 2358 4639 ὑπάρχει
2389 4566 2495 4617 τῶν
2559 4561 2729 4616 κάτω·
2791 4559 2882 4614 καὶ
2938 4557 3031 4613 τόν
3091 4557 3292 4632 χρόνον
3354 4554 3575 4629 βοηθεῖν
3625 4550 3770 4622 αὐτῷ

2114 4653 2573 4730 συγχωρήσομεν·
2609 4647 2830 4705 δυνατὸν
2893 4644 2972 4716 δὲ,
3036 4646 3123 4723 ἀφ’
3175 4643 3238 4700 οὗ
3285 4645 3479 4712 καιροῦ
3509 4639 3769 4730 Ατιμηθῇ*

350 4714 458 4788 riae
478 4714 729 4790 culmen
763 4741 996 4791 evectus
1017 4736 1046 4791 ‘?
1074 4737 1463 4807 imbecillum,
1498 4741 1784 4813 quamdiu
1817 4748 1906 4799 est
1935 4743 1997 4800 in

2114 4714 2613 4816 καὶωτδν’χρόνον
2679 4732 2848 4813 μηδὲν
2910 4735 3074 4790 αὐτὸν
3134 4731 3455 4810 ὠφελοῦντα
3504 4726 3772 4816 δείξομεν.

349 4837 603 4878 numero
637 4823 1025 4881 inferiorum:
1068 4831 1128 4883 et
1176 4832 1409 4901 tempus
1457 4821 1597 4886 huic
1653 4848 2000 4889 succurrere

340 4912 797 4984 permittemus:
830 4920 1154 4987 potentem,
1189 4934 1258 4973 ex
1289 4936 1405 4990 quo
1428 4924 1695 4991 tempore
1715 4938 2003 4978 consecu-

345 5008 443 5059 tus
474 5004 765 5060 honorem
794 5006 1008 5064 fuerit:
1045 5013 1103 5064 et
1130 5009 1284 5064 nihil
1317 5011 1368 5065 ei
1395 5011 1678 5082 prodesse
1726 5014 2003 5083 praescri-

343 5092 615 5164 ptionem
647 5094 934 5166 temporis
963 5096 1371 5168 probabimus.
1413 5099 1620 5164 Qualia
1643 5116 1784 5155 sane
1808 5118 1998 5174 smpe-

342 5196 597 5238 numero
630 5183 895 5254 quotidie
928 5185 1126 5241 videre
1157 5191 1246 5242 est
1274 5188 1609 5257 usuvenire,
1644 5205 1712 5244 ac
1736 5205 1946 5246 recens
1966 5207 2003 5246 a

342 5270 516 5327 nobis
538 5273 685 5328 adeo
708 5279 1080 5345 compertum
1103 5280 1211 5330 est.
1247 5277 1585 5332 Invenimus
1607 5278 1768 5334 enim
1800 5279 2003 5335 Philo-

345 5359 558 5427 calem,
591 5360 664 5415 ab
693 5361 862 5416 initio
894 5362 1150 5417 fortuna)
1178 5364 1375 5419 tenuis
1396 5364 2000 5434 hominem,etunum

345 5463 415 5503 ex
443 5448 736 5516 vicaneis;
794 5457 1002 5521 postea
1047 5449 1452 5523 splendidum,
1503 5459 1561 5508 et
1604 5455 1994 5526 opulentum:

345 5535 446 5606 qui
478 5535 765 5607 quamdiu
794 5537 1066 5608 plebeius
1098 5543 1247 5607 erat,
1272 5540 1479 5595 eadem
1502 5558 1637 5596 cum
1661 5543 1784 5599 suis
1800 5544 2004 5600 convi-

341 5624 544 5680 caneis
632 5642 816 5681 onera
895 5627 1365 5700 pensitationum
1454 5631 1810 5705 sustinebat,
1889 5650 2001 5690 nec

2110 4835 2216 4891 Οἷα
2246 4813 2521 4892 πολλάκις
2554 4830 2673 4883 καθ’
2728 4827 2959 4896 ἑκάστην
2992 4819 3133 4880 ἔστιν
3196 4820 3330 4877 ἰδεῖν
3376 4813 3767 4893 συμϐαίνοντα,

2109 4922 2199 4977 καὶ
2234 4918 2352 4994 ἄρτι
2387 4920 2514 4994 παρ’
2568 4920 2731 4991 ἡμῶν
2788 4914 3007 4991 εὐρέθη.
3061 4912 3172 4969 Καὶ
3227 4910 3327 4985 γὰρ
3389 4908 3624 4983 εὕρομεν
3679 4904 3772 4994 τὸν

2112 4990 2780 5083 Φιλοκάληνίγενόμενον
2817 4990 2913 5078 μὲν
2960 5001 3237 5077 καταρχὰς
3268 5001 3376 5054 τῶν
3410 4994 3647 5083 εὐτελῶν
3681 4990 3772 5049 καὶ

2110 5101 2369 5174 χωριτῶν
2399 5080 2513 5149 ἕναζ
2546 5094 2768 5168 ὕστερον
2821 5089 2900 5161 δὶ,
2932 5093 3043 5145 τῶν
3096 5084 3396 5163 περιδόξιον
3444 5084 3535 5174 xui
3591 5080 3771 5138 πλουο

2115 5172 2266 5243 σίων.
2299 5185 2400 5247 ’Ὀς
2429 5180 2532 5246 ἕως
2566 5183 2660 5257 μὲν
2695 5183 2913 5257 ὑπῆρχε
2940 5183 3050 5235 τῶν
3107 5175 3276 5245 κάτω,
3331 5172 3603 5230 συνετέλει
3651 5176 3770 5235 τοῖς

2113 5279 2303 5333 ἑαυτοῦ
2336 5271 2729 5351 συγχωρίταις,
2796 5270 2891 5326 καὶ
2947 5266 3103 5324 οὐδὲν
3164 5264 3360 5328 αὐτοὺς
3406 5263 3770 5336 ἐκαινοτόμει.

2113 5366 2234 5444 Ἀφ’
2264 5364 2325 5420 οὗ
2355 5361 2413 5419 δὲ
2440 5367 2635 5418 τοῦτον
2693 5361 2771 5423 εὶς
2821 5360 2989 5432 τιμὴν
3042 5358 3070 5413 6
3117 5356 3249 5419 Θεὸς
3287 5354 3503 5444 ἀνῆγεν,
3532 5352 3769 5444 [ἀνῆξεν]

2113 5437 2520 5528 ἑϐδομαδαρίου
2552 5453 2650 5523 [αι.
2683 5444 3067 5524 ἒϐδομαρίου],
3119 5446 3231 5501 εἶτα
3284 5443 3631 5511 κοιτωνίτου,
3680 5437 3773 5494 καὶ

2116 5541 2251 5617 μετὰ
2292 5545 2459 5596 ταῦτα
2510 5532 3041 5614 πρωτοϐεστιαρίου,
3084 5535 3148 5590 τὸ
3197 5531 3328 5588 ὅλον
3381 5530 3442 5586 ἐκ
3494 5533 3592 5617 τοῦ
3640 5547 3774 5617 κατ-

2112 5615 2307 5707 ολίγον
2340 5630 2600 5707 ἐκράτησε
2626 5626 2860 5704 χωρίον,
2890 5625 2981 5683 καὶ
3012 5623 3337 5699 προάστειον
3385 5617 3522 5676 ἴδιον
3576 5615 3768 5687 ἐποίη-

382 5802 486 5889 ’(8)
516 5816 693 5877 Uncis
725 5822 957 5882 inclusa
988 5824 1281 5886 scholium
1313 5827 1627 5902 redolent;
1660 5832 1916 5891 fortasse
1947 5833 2220 5910 superius
2252 5833 2601 5907 reponenda
2631 5837 2792 5891 sunt.
