4128 6442
296 479 415 540 621

1468 469 1855 537 NOVELLIE
1897 469 2572 540 CONSTITUTIONES

3605 483 3727 546 622

302 630 419 677 σεν,
451 605 751 678 ἐναλλάξας
809 604 899 660 καὶ
956 606 1056 676 τήν
1090 603 1406 680 ἐπωνυμίαν
1437 609 1534 660 τοῦ
1553 603 1807 660 τοιούτου
1837 623 1966 680 χω-

2083 609 2410 682 quidquam
2441 613 2504 667 in
2538 627 2639 669 eos
2670 613 2804 669 novi
2835 613 3211 669 moliebatur.
3248 615 3462 669 Verum
3489 629 3560 669 ex
3609 632 3726 686 quo

300 699 449 774 ρίου.
480 696 630 753 Ἐπεὶ
664 693 756 752 οὖν
815 694 991 757 οὕτως
1048 695 1291 771 ἀνήχθη,
1361 695 1453 750 καὶ
1512 692 1692 756 οὕτως
1757 692 1969 767 ἐγένετο

296 787 370 843 τὰ
397 787 519 842 κατ’
550 784 734 858 αὐτὸν,
767 782 1130 858 ἐνδεχόμενόν
1186 783 1354 850 ἐστιν,
1417 781 1501 838 ἵνα
1531 780 1778 856 δώσομεν
1807 785 1970 837 τοῦτο

297 875 557 951 [τούτῳ]
615 873 691 936 εἷς
752 875 1031 950 βοήθειαν,
1081 873 1173 928 καὶ
1230 871 1646 946 καταλείψωμεν
1707 871 1877 947 ἔχειν,
1938 872 1970 925 ἂὶ

296 969 485 1027 κακῶς
539 963 1009 1035 ἐπλεονέκτησεν;
1068 963 1168 1019 οὐκ
1219 961 1330 1018 ἔστι
1381 959 1612 1022 δίκαιον.
1671 964 1824 1016 Ὅθεν
1879 962 1969 1015 καὶ

298 1059 338 1126 ὴ
376 1053 627 1130 βασιλεία
656 1056 820 1126 ἡμῶν
852 1053 990 1109 κατᾶ
1016 1053 1108 1109 τὸν
1147 1053 1318 1109 τόπον
1385 1046 1754 1119 διαϐαίνουσα,
1787 1050 1876 1106 καὶ
1907 1051 1971 1106 τὸ

297 1150 531 1219 πρᾶγμα
562 1142 821 1220 ἐγκλήσει
882 1147 992 1198 τῶν
1051 1144 1299 1214 πενήτων
1362 1140 1676 1218 διαγνοῦσα,
1720 1141 1789 1195 τὰ
1837 1139 1968 1194 τού-

299 1255 405 1290 του
461 1233 737 1307 οἰκήματα
817 1231 1100 1302 πολυτελῆ
1187 1227 1317 1288 ὄντα
1422 1232 1776 1307 κατέστρεψεν
1861 1227 1970 1291 ἓως

305 1320 567 1401 ἐδάφους,
620 1323 709 1376 καὶ
766 1326 883 1383 τοῖς
931 1322 1127 1392 πένησι
1178 1323 1246 1376 τὰ
1331 1323 1533 1376 ἑαυτῶν
1604 1316 1967 1375 ἀποδέδωκενο

302 1415 500 1488 ἐκείνῳ
532 1413 589 1470 δὲ
645 1412 953 1484 κατέλιπεν,
1015 1413 1148 1489 ὅπερ
1205 1413 1447 1488 ἐξαρχῆς
1502 1413 1619 1487 εἶχε
1675 1408 1966 1484 δημόσιον,

301 1506 398 1563 καὶ
429 1510 538 1560 τῶν
575 1507 832 1580 χωριτῶν
863 1500 959 1557 ἕνα
1015 1500 1182 1557 πάλιν
1239 1501 1400 1557 αὐτὸν
1452 1500 1623 1557 ἐποίει
1675 1498 1967 1574 [ἐποίησε].

303 1593 536 1651 Δυνατοὶ
569 1591 626 1648 δὲ
662 1589 1057 1669 λογιζέσθωσαν
1090 1595 1192 1666 (9),
1257 1592 1333 1664 μή
1397 1589 1561 1663 μόνον
1614 1591 1666 1644 οἱ
1702 1593 1970 1656 τοιοῦτοι,

302 1682 576 1740 ἀλλὰκαὶ
625 1683 856 1744 ἅπαντες
911 1681 963 1735 οἱ
1023 1679 1464 1756 ἀναγραφόμενοι
1521 1679 1662 1734 κατὰ
1721 1679 1884 1754 μὲρος
1916 1676 1969 1732 ἐν

301 1779 377 1849 τῇ
440 1771 672 1846 διατάξει
731 1776 829 1827 τοῦ
881 1771 1217 1846 προπάππου
1274 1772 1436 1844 ἡμῶν
1521 1768 1612 1824 καὶ
1677 1769 1970 1844 βασιλέως,

303 1867 598 1936 εΡωμανοίἰ
645 1866 744 1918 τοῦ
800 1858 1076 1937 γέροντος.
1111 1862 1286 1924 Οὗτος
1338 1861 1440 1936 γὰρ
1469 1859 1560 1915 καὶ
1591 1859 1787 1920 αὐτοὺς
1816 1857 1972 1933 ,τοὺς

307 1953 649 2030 σχολαρίους
707 1950 968 2052 δυνατοὺς
1029 1950 1335 2052 ὠνόμασεν.
1393 1951 1588 2052 Ἥμέεἷς
1647 1947 1704 2004 δὲ
1734 1947 1968 2024 λὲγομεν
2000 1986 2049 2052 Β

305 2046 398 2100 καὶ
446 2043 680 2105 τούτους
735 2039 1014 2110 δυνατοὺς,
1076 2040 1433 2116 προστίθεμεν
1490 2037 1548 2094 δὲ
1603 2040 1693 2094 καὶ
1749 2058 1969 2113 πρωτο-

304 2133 662 2208 κεντάρχους.
698 2131 800 2188 Καὶ
831 2130 935 2206 γὰρ
965 2130 1194 2192 τούτους
1254 2127 1539 2200 δυνατοὺς,
1580 2126 1688 2199 ἤδη
1717 2148 1971 2205 πραγμα-

302 2227 476 2286 τικῶς
539 2220 862 2297 διέγνωμεν.
921 2219 1019 2275 Διᾶ
1073 2224 1240 2276 ταῦτα
1293 2223 1587 2296 τοιγαροῦν
1648 2217 1972 2291 θεσπίζομεν

307 2311 401 2368 διὰ
453 2318 556 2382 τῆς
613 2309 896 2387 παρούσης
959 2311 1122 2384 ἡμῶν
1181 2309 1508 2384 νομοθεσίας
1561 2309 1628 2364 τὰ
1709 2308 1817 2382 πρὸ
1872 2312 1970 2364 τοῦ

306 2403 650 2479 προπάππου
699 2403 862 2474 ἡμῶν
921 2401 1012 2455 καὶ
1074 2397 1366 2474 βασιλέως,
1406 2399 1691 2472 Ῥωμανοῦ
1723 2401 1822 2452 τοῦ
1877 2395 1972 2472 γέ-

306 2513 525 2567 ροντος,
555 2486 908 2561 ἐπικτηθέντα
960 2494 1078 2551 τοῖς
1135 2487 1383 2551 δυνατοῖς
1441 2487 1516 2549 είς
1565 2485 1792 2563 χωρίων
1851 2507 1973 2542 κοι-

304 2582 561 2654 νότητας,
657 2577 805 2635 ἀλλὰ
885 2576 957 2634 δι’
1023 2577 1302 2656 ἐγγράφων
1389 2575 1798 2650 δικαιωμάτων,
1880 2575 1970 2631 καὶ

306 2673 644 2728 συστατικῶν
682 2669 995 2745 μαρτυριῶν
1052 2668 1116 2723 τὸ
1178 2663 1394 2744 βέϐαιον
1453 2661 1672 2742 ἔχοντα,
1705 2663 1970 2734 δεσπόζε-

306 2763 431 2816 σθαι
464 2761 594 2837 παρ’
622 2758 823 2827 αὐτῶν,
855 2757 992 2813 καθὰ
1021 2755 1112 2811 καὶ
1148 2758 1201 2811 οἳ
1230 2754 1458 2812 παλαιοὶ
1511 2755 1674 2828 νόμοι
1728 2753 1968 2830 λέγουσι.

308 2851 412 2904 Διά
463 2852 628 2904 τοῦτο
687 2843 744 2901 δὲ
823 2846 892 2901 τὰ
957 2842 1196 2922 ἕγγραφα
1279 2842 1643 2917 δικαιώματα,
1728 2845 1817 2899 καὶ
1876 2843 1973 2906 τὰς

315 2936 636 2999 συστατικὰς
725 2934 1023 3012 μαρτυρίας
1104 2933 1534 3011 προκομίζεσθαι
1624 2928 1968 3009 βουλόμεθα,

323 3029 480 3087 ὅπως
509 3026 561 3081 οἰ
589 3023 797 3082 δυνατοὶ
858 3026 935 3100 μὴ
989 3026 1431 3101 προφασίσωνται
1481 3023 1617 3079 κατὰ
1675 3022 1969 3099 περίνοιαν,

327 3115 398 3169 τὰ
434 3116 620 3169 νεωστὶ
677 3115 858 3178 αὐτοῖς
918 3113 1274 3184 ἐπικτηθέντα
1324 3118 1634 3188 κρατεῖσθαι
1691 3115 1820 3187 παρ’
1870 3114 1969 3167 αὐ-

320 3208 433 3257 τῶν
464 3202 566 3258 ἀπὸ
591 3201 845 3260 παλαιοῦ.
874 3205 1013 3262 Ἀπὸ
1064 3203 1189 3258 τότε
1247 3201 1325 3271 δὲ,
1357 3203 1448 3258 καὶ
1511 3205 1678 3278 μέχρι
1726 3205 1823 3257 τοῦ
1853 3206 1968 3273 νῦν,

308 3291 432 3362 ἥτις
462 3291 572 3348 ἐστὶ
603 3294 794 3368 πρώτη
845 3290 942 3348 τοῦ
993 3291 1326 3366 Ἰανουαρίου
1361 3291 1552 3363 μηνὸς,
1583 3298 1683 3360 τῆς
1742 3291 1963 3362 ἐννάτης

308 3381 676 3452 ίνδικτιῶνος,
708 3387 806 3438 τοῦ
839 3403 863 3445 ς
894 3404 930 3460 φ
962 3380 990 3436 δ
1022 3380 1195 3451 ἔτους,
1252 3380 1398 3437 ἀλλὰ
1443 3381 1534 3436 καὶ
1593 3379 1671 3442 είς
1727 3381 1790 3435 τὸ
1820 3378 1965 3454 ἐξῇς,

308 3472 426 3529 ἐπεὶ
507 3473 600 3528 καὶ
675 3471 1021 3549 παραγγελία
1077 3469 1347 3548 ἔγγραφος
1413 3467 1618 3545 ἐγένετο
1698 3467 1787 3524 διὰ
1864 3476 1966 3540 τῆς

307 3559 658 3634 δηλωθείσης
710 3561 1034 3635 νομοθεσίας
1092 3565 1190 3616 τοῦ
1266 3559 1602 3636 προπάππου
1658 3561 1819 3633 ἡμῶν
1876 3560 1967 3614 καὶ

309 3650 606 3727 βασιλέως,
637 3652 927 3724 Ῥωμανοῦ
955 3653 1053 3705 τοῦ
1080 3649 1358 3726 γέροντος,
1396 3645 1564 3722 μηδὲν
1612 3648 1675 3702 τὸ
1733 3647 1964 3703 σύνολον

306 3741 546 3816 ἰσχύειν,
603 3737 641 3810 ἤ
706 3738 993 3804 ἀκούεσθαι
1050 3739 1152 3808 τήν
1209 3739 1784 3814 τεσσαρακονταετίαν,
1830 3738 1969 3810 μήτε

307 3827 624 3886 τοκαθόλου
684 3830 821 3884 κατὰ
848 3833 957 3883 τῶν
1011 3829 1259 3898 πενήτων
1318 3825 1587 3902 ἐνέργειάν
1615 3847 1739 3881 τινα
1764 3825 1965 3897 ταύτην

305 3918 486 3996 ἔχειν,
517 3921 656 3976 ὅπου
693 3920 829 3994 μετὰ
886 3922 1042 3990 [τῶν]
1102 3915 1340 3973 δυνατῶν
1374 3915 1616 3992 ἔχουσιν,
1664 3913 1790 3972 ἀλλ’
1821 3917 1966 3971 ἀντι·

307 4010 636 4087 στρέφεσθαι
708 4014 826 4072 τοῖς
882 4009 1077 4078 πένησι
1135 4008 1204 4062 τὰ
1254 4005 1386 4063 ἴδια.
1443 4007 1602 4077 Μήτε
1685 4007 1792 4079 μὴν
1842 4004 1969 4068 τοὺς

307 4097 573 4161 δυνατοὺς
606 4097 948 4164 δικαιουσθαι
979 4096 1058 4159 εἷς
1117 4097 1178 4151 τὸ
1235 4090 1528 4151 ἀναλαϐεῖν
1584 4095 1654 4150 τὰ
1681 4097 1970 4168 τιμήματα

303 4193 419 4244 τῶν
450 4189 713 4244 τοιούτων
745 4187 952 4257 τόπων,
1009 4187 1044 4257 ἢ
1112 4185 1208 4248 τὰς
1245 4182 1586 4261 βελτιώσεις⁶
1637 4181 1763 4240 ἀλλ’
1794 4183 1968 4242 ἇπόλ-

305 4278 428 4336 λειν
459 4281 549 4336 καὶ
571 4279 636 4336 τὰ
663 4281 978 4355 τιμήματα,
1035 4278 1126 4334 καὶ
1155 4278 1254 4339 τὰς
1310 4275 1650 4352 βελτιώσεις,
1683 4272 1822 4330 διότι
1878 4270 1967 4329 καὶ

301 4371 410 4439 τήν
461 4368 758 4444 εἰρημένην
819 4367 1146 4443 νομοθεσίαν
1205 4361 1539 4440 παραϐάντες
1601 4364 1967 4439 εὑρίσκονται.

307 4460 411 4514 Καὶ
450 4456 662 4531 μᾶλλον
721 4458 860 4529 ἄξιοί
918 4458 1052 4513 εἰσιν
1114 4455 1444 4520 εὐθύνεσθαι.
1508 4456 1721 4531 Γράῴας
1779 4455 1883 4530 γὰρ
1943 4456 1972 4510 ὁ

308 4548 502 4626 ῥηθεὶς
531 4548 864 4626 πρόπαππος
895 4551 1057 4622 ἡμῶν
1115 4545 1207 4602 καὶ
1271 4543 1550 4622 βασιλεὺς,
1601 4545 1882 4617 Ῥωμανὸς
1943 4545 1971 4599 ὁ

301 4635 505 4714 γέρων,
563 4640 650 4694 καὶ
715 4637 903 4710 εἷ’πὼν,
937 4636 1022 4692 ὅτι
1079 4637 1220 4692 Ἀπὸ
1276 4632 1375 4691 τοῦ
1432 4638 1524 4689 νῦν
1585 4632 1786 4689 κωλύω
1842 4632 1972 4696 τοὺς

2080 700 2235 755 Deus
2265 717 2400 757 eum
2433 703 2507 758 ad
2537 704 2828 758 honorem
2867 703 3340 771 hebdomadarii,
3374 703 3590 759 deinde
3622 721 3729 760 cu-

2078 787 2374 861 bicularii,
2424 797 2631 864 postea
2690 794 3124 865 protovestiarii
3178 795 3446 866 provexit
3486 811 3498 848 :
3534 799 3726 850 totum

2078 879 2366 948 paulatim
2396 881 2590 937 vicum
2630 882 2907 950 obtinuit,
2963 900 3030 939 ac
3086 883 3494 940 suburbanum
3549 900 3725 939 suum

2079 967 2359 1038 reddidit,
2381 971 2558 1027 etiam
2589 973 2993 1044 appellatione
3022 973 3131 1028 vici
3154 979 3398 1029 mutata.
3432 974 3724 1039 Quoniam

2079 1057 2259 1128 igitur
2287 1059 2348 1115 in
2375 1060 2537 1116 hunc
2567 1061 2812 1118 modum
2840 1067 3075 1118 evectus
3104 1063 3235 1129 fuit,
3260 1064 3723 1135 ejusquererum

2079 1146 2176 1201 hic
2208 1147 2320 1203 fuit
2349 1155 2536 1206 status
2572 1152 2817 1207 :ﬁerine
2845 1157 3058 1224 potest,
3109 1158 3176 1207 ut
3229 1153 3339 1221 hoc
3387 1153 3585 1224 ipsum
3635 1153 3724 1206 illi

2081 1237 2393 1295 subvenire
2443 1241 2868 1308 concedamus,
2924 1247 2983 1297 et
3040 1258 3109 1296 ea
3179 1242 3591 1314 relinquamus
3647 1242 3724 1312 ei,

2080 1327 2296 1396 quibus
2329 1331 2609 1401 nequiter
2636 1331 2786 1386 alios
2815 1331 3110 1387 fraudavit
3135 1331 3164 1387 ‘I
3189 1349 3309 1386 non
3358 1349 3594 1402 aequum
3616 1333 3728 1387 hoc

2078 1415 2544 1490 fuerit.Ideoque
2574 1421 2858 1492 majestas
2890 1425 3115 1489 nostra,
3149 1437 3283 1475 cum
3316 1422 3510 1476 locum
3531 1421 3727 1493 ipsum

2081 1506 2457 1576 transiret,ac
2468 1526 2596 1564 rem
2611 1510 2683 1566 de
2697 1511 2959 1582 querelis
2979 1526 3307 1582 pauperum
3333 1511 3730 1583 cognovisset:

2079 1598 2250 1654 villas
2273 1601 2401 1671 ejus
2432 1617 2575 1656 sane
2604 1618 2785 1673 quam
2813 1602 3109 1673 pretiosas
3162 1601 3238 1656 ad
3286 1601 3483 1672 ipsum
3541 1616 3732 1671 usque

2082 1688 2276 1745 solum
2299 1689 2500 1758 diruit,
2536 1708 2604 1747 ac
2624 1691 2988 1762 pauperibus
3021 1707 3128 1746 sua
3162 1691 3422 1746 restituit
3445 1707 3458 1744 :
3483 1690 3573 1745 illi
3592 1705 3732 1746 vero

2081 1777 2326 1850 reliquit
2346 1797 2483 1836 eum
2503 1781 2757 1837 fundum
2781 1781 3112 1853 publicum,
3146 1798 3325 1852 quem
3354 1782 3525 1838 initio
3559 1781 3734 1837 habe-

2079 1867 2201 1935 bat,
2226 1873 2285 1924 et
2307 1886 2515 1925 rursus
2545 1887 2734 1926 unum
2755 1888 2825 1926 ex
2855 1870 3112 1926 vicaneis
3171 1873 3386 1926 eﬂ‘ecit.
3438 1872 3730 1926 Caeterum

2080 1962 2352 2028 potentes
2396 1959 2830 2027 existimantor,
2871 1975 2992 2015 non
3047 1959 3391 2031 hujusmodi
3445 1960 3734 2016 duntaxat

2081 2046 2395 2103 homines:
2430 2049 2534 2104 sed
2562 2049 2840 2116 universi,
2871 2049 2972 2120 qui
3024 2049 3375 2121 singillatim
3413 2049 3729 2121 perscripti

2082 2141 2224 2190 sunt
2253 2137 2314 2192 in
2337 2138 2765 2194 constitutione
2789 2139 2990 2210 proavi
3022 2138 3212 2194 nostri
3251 2143 3310 2193 et
3329 2139 3729 2210 imperatoris,

2081 2227 2331 2282 Romani
2357 2227 2626 2299 majoris.
2661 2228 2766 2283 Hic
2798 2228 2959 2283 enim
3010 2232 3069 2282 et
3097 2227 3259 2299 ipsos
3301 2227 3602 2283 scholares
3627 2243 3734 2298 ap-

2081 2314 2324 2386 pellavit
2352 2320 2647 2387 potentes,
2677 2332 2825 2388 quos
2853 2333 2995 2372 sane
3025 2333 3136 2371 nos
3183 2333 3421 2388 quoque
3459 2320 3734 2388 potentes

2081 2403 2356 2471 dicimus,
2401 2409 2460 2461 et
2505 2407 3036 2477 protocentarchos
3094 2406 3432 2478 adjicimus.
3475 2407 3618 2461 Nam
3677 2410 3736 2461 et

2081 2493 2191 2548 hos
2217 2499 2490 2564 potentes
2522 2512 2676 2563 esse,
2701 2495 2829 2567 jam
2891 2495 3050 2551 edita
3078 2495 3442 2568 pragmatica
3468 2511 3734 2566 pronun-

2079 2583 2376 2639 tiavimus.
2411 2583 2494 2640 Ob
2537 2585 2832 2658 hae‘cergo
2863 2585 3168 2641 sancimus
3197 2585 3478 2657 praesenti
3510 2584 3736 2640 consti-

2081 2672 2313 2727 tutione
2344 2677 2572 2740 nostra,
2602 2677 2668 2728 ut
2719 2690 3092 2744 quaecunque
3123 2674 3550 2745 acquisiverint
3577 2673 3734 2729 bona

2080 2765 2355 2831 potentes
2387 2761 2448 2815 in
2482 2763 2906 2818 communibus
2937 2763 3305 2818 consortium
3322 2763 3732 2834 prmdiis,ante

2079 2865 2362 2920 proavum
2418 2856 2689 2905 nostrum
2748 2857 2806 2906 et
2888 2852 3334 2922 imperatorem,
3395 2855 3731 2908 Romanum

2080 2937 2574 3008 majorem,modo
2610 2944 2742 2994 acta
2762 2945 3036 3010 sunt,per
3067 2939 3469 2995 instrumenta
3492 2941 3730 3012 scriptis

2081 3028 3002 3100 comprehensa,probabiliaque
3037 3029 3380 3084 testimonia
3400 3028 3582 3084 robur
3611 3031 3728 3084 ha-

2080 3115 2281 3185 beant,
2302 3118 2363 3173 in
2386 3134 2590 3173 eorum
2609 3116 2874 3172 dominio
2886 3124 3190 3185 maneant,
3223 3118 3729 3189 quemadmodum

2082 3209 2140 3260 et
2167 3211 2366 3262 vetera
2387 3207 2529 3278 jura
2557 3207 3151 3278 tradunt.Pr0pterea
3180 3209 3735 3264 veroinstrumenla

2083 3296 2326 3366 scripta,
2359 3313 2493 3350 cum
2517 3295 2926 3367 probabilibus
2950 3295 3308 3351 testimoniis
3355 3297 3605 3368 proferri
3637 3314 3736 3351 vo-

2001 3360 2044 3428 C
2083 3383 2320 3440 lumus:
2357 3402 2430 3440 ne
2458 3386 2827 3456 potentiores
2858 3383 3016 3441 vafre
3075 3390 3416 3456 causentur,
3477 3403 3547 3441 ea
3602 3403 3734 3456 quas

2080 3488 2291 3529 recens
2313 3476 2887 3546 compararunt,jam
2919 3473 3062 3529 olim
3095 3474 3168 3529 ab
3199 3491 3261 3529 se
3292 3475 3601 3546 possideri.
3623 3475 3733 3529 Ve-

2077 3584 2211 3622 rum
2232 3584 2300 3622 ex
2334 3583 2402 3621 eo
2436 3572 2702 3636 tempore
2736 3567 2795 3620 in
2845 3565 3008 3620 hunc
3039 3581 3229 3636 usque
3263 3565 3443 3631 diem,
3478 3565 3579 3634 qui
3610 3564 3733 3634 pri-

2078 3674 2211 3713 mus
2234 3661 2324 3711 est
2354 3655 2579 3710 mensis
2614 3655 2900 3723 Januarii,
2936 3653 3281 3710 indictionis
3329 3670 3526 3723 nonas,
3585 3653 3729 3708 anni

2076 3762 2286 3801 vumc.
2322 3761 2428 3800 1m.
2470 3744 2589 3798 imo
2645 3745 2823 3799 etiam
2887 3743 3188 3814 deinceps,
3241 3742 3727 3814 quandoquidem

2076 3835 2298 3890 factum
2323 3838 2414 3888 est
2435 3831 2815 3887 interdictum
2836 3831 3056 3902 scripto
3084 3831 3420 3902 expositum
3433 3847 3540 3902 per
3559 3829 3725 3884 indi-

2078 3929 2269 3979 catam
2294 3921 2782 3977 constitutionem
2803 3921 3002 3992 proavi
3036 3921 3223 3976 nostri
3247 3926 3306 3975 et
3324 3920 3725 3991 imperatoris,

2079 4013 2329 4068 Romani
2363 4011 2631 4082 majoris,
2660 4010 2813 4065 nihil
2871 4011 2935 4064 in
2987 4010 3330 4066 universum
3372 4010 3584 4077 valeat,
3616 4025 3727 4064 nec

2079 4103 2356 4160 audiatur
2385 4116 2680 4156 annorum
2725 4099 3118 4171 quadraginta
3174 4099 3544 4170 prmscriptio
3578 4115 3730 4166 ;nec

2077 4209 2322 4265 prorsus
2344 4190 2530 4245 ullam
2553 4190 2620 4244 ad
2632 4205 2834 4244 versus
2856 4206 3148 4260 pauperes
3181 4188 3596 4243 efﬁcacitatem
3623 4189 3731 4242 ha-

2079 4280 2346 4350 beat,ubi
2369 4279 2596 4350 prazdia
2617 4295 2752 4332 cum
2776 4277 3119 4349 potentibus
3135 4277 3444 4348 possident
3466 4293 3479 4344 ;
3501 4275 3605 4331 sed
3625 4292 3732 4331 sua

2080 4370 2443 4444 pauperibus
2475 4369 2884 4424 restituantur.
2913 4370 3028 4422 Nec
3059 4368 3200 4422 item
3233 4365 3733 4437 quidquamjuris

2081 4464 2356 4534 potentes
2370 4459 2733 4525 liabeant,ad
2747 4456 3156 4528 recipiendum
3171 4455 3465 4528 ejusmodi
3479 4455 3739 4510 locorum

2081 4551 2292 4624 pretia,
2327 4547 2417 4602 vel
2470 4547 2961 4602 meliorationes:
3024 4544 3129 4599 sed
3171 4549 3290 4599 tam
3341 4544 3470 4615 ipsa
3519 4543 3732 4615 pretia,

2083 4655 2262 4712 quam
2296 4636 2746 4691 meliorationes
2760 4635 3056 4702 amittant,
3080 4637 3396 4706 propterea
3413 4631 3573 4703 quod
3587 4631 3738 4686 indi-

311 4727 583 4792 δυνατοὺς
621 4733 720 4783 τοῦ
777 4730 853 4802 μή
915 4732 1096 4783 ποιεῖν
1152 4725 1464 4798 ἐπικτήσεις
1520 4723 1597 4787 εἷς
1656 4725 1970 4795 κοινότητας

2086 4733 2276 4784 catam
2309 4724 2799 4780 constitutionem
2816 4723 3067 4779 violasse
3093 4719 3739 4794 comperiantur,adeo-

307 4819 564 4894 χωρίωνο
604 4815 823 4892 ἔδειξεν,
873 4813 958 4874 ὅτι
989 4814 1180 4873 διόλου
1231 4816 1320 4871 καὶ
1379 4815 1456 4878 εἰς
1513 4812 1805 4889 ἀπέραντον
1839 4812 1977 4869 ἐκώ-

308 4908 470 4965 λυσεν
503 4907 719 4976 αὐτοὺς,
751 4908 842 4963 καὶ
901 4907 1002 4976 τήν
1057 4904 1604 4980 τεσσαρακονταετίαν
1648 4903 1710 4959 οὐ
1744 4901 1976 4960 δέδωκεν

313 5000 500 5064 αὐτοῖς
529 5001 606 5064 ιἰς
665 5001 945 5078 βοήθειαν.
981 4997 1061 5056 Οὐ
1097 4996 1260 5072 μόνον
1295 4993 1353 5052 δὲ
1391 4995 1467 5058 εἷς
1495 4994 1624 5058 τοὺς
1653 4994 1977 5071 παρέμπρο-

308 5100 432 5154 σθεν
498 5091 730 5164 χρόνους
784 5093 956 5145 ταῦτα
1023 5090 1453 5161 νομοθετοῦμεν,
1512 5083 1660 5140 ἀλλὰ
1709 5084 1796 5142 καὶ
1839 5083 1979 5140 κατὰ

305 5184 418 5234 τῶν
481 5177 782 5236 διαϐάντων
845 5178 1061 5256 χρόνων
1115 5177 1408 5252 είσάγομεν
1492 5177 1595 5245 τὴν
1655 5174 1975 5249 νομοθεσίαν

307 5266 535 5339 ταύτην·
586 5267 845 5340 δηλονότι
881 5268 971 5346 ἀφ’
1004 5267 1069 5320 οὗ
1127 5267 1162 5336 ἡ
1221 5264 1514 5338 νομοθεσία
1565 5267 1664 5318 τοῦ
1720 5264 1976 5339 προπάπ-

305 5378 420 5412 που
451 5360 610 5431 ήμῶν
643 5360 732 5414 καὶ
801 5353 1093 5432 βασιλέως,
1155 5359 1253 5410 τοῦ
1311 5354 1508 5430 κυρίου
1548 5354 1829 5426 Ῥωμανοῦ
1883 5355 1980 5408 τοῦ

304 5447 588 5524 γέροντος,
648 5443 884 5521 ἐξετέθη.
952 5445 1019 5504 Et
1078 5444 1177 5521 γὰρ
1243 5446 1319 5519 μὴ
1385 5442 1800 5519 διορθωσόμεθα
1837 5439 1978 5515 ἄρτι,

307 5537 411 5593 ὅσα
463 5541 743 5594 κινοῦνται
799 5537 906 5592 ἀπὸ
962 5539 1072 5591 τῶν
1150 5533 1559 5610 παρελθόντων,
1612 5535 1733 5593 πῶς
1788 5529 1980 5607 ἔχουσι

308 5624 668 5706 φυλαχθῆναι
695 5629 765 5682 τὰ
798 5625 1076 5700 μέλλοντα
1111 5644 1124 5696 ;
1156 5625 1249 5680 καὶ
1278 5627 1398 5688 πῶς
1432 5621 1622 5679 ἔχουσι
1676 5616 1983 5698 φοϐηθῆναι

2087 4834 2202 4890 que
2228 4830 2404 4888 poma
2432 4813 2631 4886 potius
2662 4813 2824 4886 digni
2858 4813 2996 4869 sint.
3021 4814 3165 4868 Nam
3197 4827 3332 4867 cum
3353 4812 3544 4884 legem
3591 4812 3740 4867 scri-

2084 4907 2274 4981 pserit
2304 4905 2497 4960 dictus
2547 4903 2648 4959 ille
2705 4907 2911 4959 noster
2962 4918 3215 4975 proavus
3275 4906 3335 4957 et
3390 4902 3738 4974 imperator,

2084 5001 2390 5054 Romanus
2411 4994 2626 5064 major,
2659 4994 2833 5064 eique
2865 4993 3205 5061 inseruerit,
3238 4990 3522 5063 deinceps
3554 4991 3741 5046 inter—

2086 5087 2284 5142 dicere
2307 5101 2370 5140 se
2401 5083 2782 5156 potentibus;
2812 5099 2887 5138 ne
2919 5081 3064 5152 quid
3095 5081 3166 5136 de
3207 5079 3740 5136 communitatibus

2085 5177 2354 5231 vicorum
2387 5178 2772 5244 comparent:
2803 5171 3087 5240 ostendit,
3120 5175 3186 5226 ut
3213 5171 3557 5230 universum
3589 5173 3647 5221 et
3674 5167 3739 5219 in

2088 5263 2394 5320 infinitum
2427 5279 2490 5318 se
2521 5263 2634 5317 hoc
2661 5261 2784 5316 illis
2805 5261 3324 5332 prohibuisse,nec
3340 5256 3743 5329 praescriptio-

2089 5370 2226 5409 nem
2257 5369 2556 5408 annorum
2575 5351 2969 5424 quadraginta
3009 5349 3400 5414 concessisse,
3430 5362 3560 5417 quas
3593 5344 3741 5414 ipsis

2092 5444 2693 5513 succurreret.Neque
2711 5447 2805 5497 tan
2815 5439 3120 5496 tummodo
3133 5456 3241 5494 nos
3253 5455 3357 5509 pro
3375 5434 3742 5507 temporibus

2094 5531 2388 5588 secuturis
2411 5532 2565 5586 hanc
2609 5531 2798 5604 legem
2820 5529 3088 5596 ferimus,
3121 5525 3505 5581 verumetiam
3537 5521 3745 5578 adver-

2093 5639 2193 5679 sus
2216 5637 2446 5692 ea,quaa
2479 5621 2920 5693 prwterierunt,
2953 5617 3226 5675 eamdem
3259 5612 3694 5670 introducimus
3727 5627 3741 5667 :

377 5811 455 5883 (9)
489 5811 696 5881 Merg.,
732 5804 1077 5879 Σημείωσαι,
1108 5802 1250 5866 τίνες
1282 5801 1533 5880 λέγονται
1566 5797 1806 5858 δυνατοί.
1837 5803 1970 5860 Nota

2081 5804 2136 5858 ui
2165 5802 2426 5858 dicantur
2460 5807 2737 5872 potentes.
