4128 6458
373 460 494 520 623

1616 451 1781 512 1MP.
1827 449 2123 525 BASILllj
2155 454 2518 518 JUNIORIS

3675 465 3798 526 624

379 601 590 664 ex’quo
618 590 846 647 scilicet
873 585 1218 642 constitutio
1250 584 1452 656 proavi
1482 583 1669 639 nostri
1693 583 2024 655 etimpera-

2142 584 2228 640 καὶ
2285 584 2655 656 ἀνασταλῆναι
2742 588 2796 642 οἱ
2851 589 3139 661 μετέπειτα
3193 607 3207 658 ;
3266 589 3358 643 καὶ
3434 595 3554 654 πῶς
3603 591 3798 670 ἔχουσι

384 683 554 750 toris,
587 675 1085 735 dominillomani
1137 673 1405 748 majoris,
1468 673 1843 746 promulgata
1897 673 2028 730 fuit.

382 772 609 842 Quippe
669 770 728 823 ni
779 768 953 823 domo
1009 765 1465 833 correxerimus,
1519 780 1909 836 quaecumque
1958 763 2031 818 de

379 859 699 933 praeteritis
729 858 862 912 lites
902 856 1336 912 instituuntur:
1373 871 1633 926 quonam
1655 859 1826 926 pacto
1841 854 2032 909 caveri

383 955 590 1005 rutura
621 946 960 1019 poterunt?
1013 950 1069 999 et
1101 945 1348 1015 quinam
1408 947 1689 1015 poterunt
1744 942 2030 998 deterreri

385 1039 767 1110 coercerique
806 1036 1087 1109 posteri?
1118 1041 1176 1089 et
1227 1034 1521 1105 quomodo
1581 1034 1839 1088 coerceri
1887 1050 2030 1104 pos-

383 1134 544 1197 sunt,
601 1145 716 1200 quo
764 1127 965 1182 minus
1017 1125 1161 1180 talia
1216 1124 1438 1178 faciant
1483 1123 1511 1177 ‘I
1566 1121 1834 1177 omnium
1894 1138 2030 1176 vero

381 1220 793 1294 gravissimum
826 1223 934 1280 est,
970 1216 1128 1288 quod
1186 1219 1558 1286 comparatas
1607 1230 1677 1269 ex
1735 1214 1944 1285 rapina
1975 1219 2032 1268 et

381 1310 626 1368 avaritia
673 1307 1084 1381 possessiones
1143 1305 1344 1359 liberis
1403 1305 1529 1358 suis
1605 1309 1878 1375 potentes
1935 1319 2027 1357 re-

377 1401 695 1471 linquant:
755 1397 1182 1464 existimantes,
1242 1411 1539 1448 annorum
1598 1410 1667 1448 XL
1722 1393 2028 1464 prescrip-

378 1491 560 1546 tionis
592 1504 696 1560 spe
718 1485 1050 1542 dominium
1064 1482 1358 1555 ejusmodi
1377 1499 1576 1538 rerum
1600 1482 2026 1551 sichabituros,

379 1586 447 1637 ut
477 1581 564 1636 eis
597 1578 782 1635 adimi
812 1580 1090 1648 nequeat.
1126 1579 1198 1629 At
1226 1590 1363 1629 vero
1425 1574 1474 1628 si
1530 1573 1641 1628 hoc
1697 1572 1784 1628 eis
1833 1572 2026 1628 admi-

378 1670 667 1734 niculum,
704 1684 818 1738 quo
853 1665 926 1721 ab
988 1680 1278 1720 annorum
1321 1680 1392 1718 xx.
1440 1662 1888 1734 praescriptione
1920 1662 2028 1716 sci-

378 1761 522 1815 licet
550 1758 792 1826 habent,
841 1754 1086 1810 tollatur
1112 1771 1125 1821 ;
1157 1753 1490 1825 potentium
1523 1751 1728 1806 liberis
1759 1751 2026 1806 aufertur

378 1847 673 1922 ejusmodi
704 1846 775 1900 ab
833 1843 1078 1900 avaritia
1107 1843 1370 1914 profecta
1401 1840 1738 1911 hacreditas,
1781 1857 1958 1912 quam
1990 1857 2026 1896 a

376 1937 724 2013 parentibus
746 1937 1184 2005 acceperunt,et
1201 1931 1274 1987 ad
1297 1931 1560 2002 inopiam
1581 1935 2022 2002 egestatemque

375 2030 615 2103 plenam
637 2025 1026 2098 perveniunt:
1061 2021 1396 2093 cujusmodi
1422 2026 1480 2077 et
1504 2037 1538 2075 a
1567 2021 1879 2092 majestate
1917 2037 2030 2075 no-

379 2125 502 2176 stra
532 2116 831 2188 contigere
860 2113 1107 2168 Romani
1140 2111 1379 2167 Muselm
1403 2110 1669 2182 magistri
1687 2110 2025 2181 nepotibus.

377 2212 522 2266 Nam
555 2213 614 2262 et
666 2205 752 2260 illi
781 2201 1197 2276 patrimonium
1259 2201 1374 2256 tale
1417 2201 1589 2272 juxta
1624 2199 2029 2255 Philomilium

377 2298 773 2372 possidentes,
807 2294 880 2349 ab
896 2310 999 2349 avo
1013 2297 1071 2346 et
1087 2290 1434 2363 parentibus
1451 2289 1753 2358 relictum,
1784 2289 1858 2344 ad
1880 2305 2027 2361 pau-

380 2395 669 2463 pertatem
701 2385 925 2442 redacti
964 2388 1129 2440 sunt.
1169 2384 1538 2453 Quapropter
1560 2385 1619 2436 et
1649 2380 2030 2452 injustitiam,

377 2485 436 2536 et
463 2477 935 2549 inaequalitatem
980 2471 1274 2545 ejusmodi
1334 2469 1689 2525 exscindens
1747 2470 2032 2542 majestas

373 2566 958 2635 nostra,cunctisque
981 2568 1101 2619 tam
1121 2560 1442 2634 opulentis,
1468 2577 1648 2630 quam
1671 2559 2032 2633 pauperibus

374 2657 782 2730 utiliapariter
804 2655 1032 2726 etjusta
1055 2649 2032 2722 dispensans,praascriptionisan—

2140 678 2342 729 παῦσαι
2395 679 2490 730 τοῦ
2520 681 2698 732 ποιεῖν
2757 676 2825 731 τὰ
2866 677 3090 732 τοιαῦτα
3151 697 3166 746 ;
3217 679 3246 732 δ
3294 675 3351 734 δὲ
3399 681 3618 737 πάντων
3686 684 3800 740 ἐστὶ

2140 762 2556 840 χαλεπώτερον,
2623 764 2705 820 ὅτι
2753 766 2821 820 τὰ
2895 764 2947 836 ἐξ
3003 767 3249 843 ἁρπαγῆς
3319 769 3409 825 καὶ
3485 770 3801 847 πλεονεξίας

2141 858 2501 928 συνιστάμενα
2559 856 2818 928 κτήματα
2873 853 3379 929 καταλιμπάνουσιν
3451 860 3504 914 οἱ
3577 859 3798 919 δυνατοὶ

2139 947 2257 1004 τοῖς
2316 944 2518 998 ἑαυτῶν
2574 944 2777 1016 παισὶν,
2854 943 3040 1000 ἐλπίδι
3097 952 3198 1016 τῆς
3251 953 3799 1025 τεσσαρακονταετίας

2140 1030 2494 1109 ἀναφαίρετον
2526 1030 2671 1108 ἔχειν
2728 1035 2828 1103 τήν
2885 1031 3196 1091 δεσποτείαν
3228 1041 3336 1092 τῶν
3385 1039 3652 1097 τοιούτων
3683 1042 3799 1098 οἷό-

2144 1142 2320 1195 μενοι.
2353 1125 2428 1181 Τὸ
2460 1121 2518 1179 δὲ
2559 1123 2820 1196 τοιαύτης
2883 1126 3160 1200 βοηθείας,
3223 1126 3483 1199 δηλονότι
3538 1139 3637 1203 τῆς
3694 1135 3801 1189 ἀπὸ

2139 1219 2239 1282 τῆς
2312 1217 2882 1290 τεσσαρακονταετίας,
2972 1215 3392 1294 ἀναιρουμένης,
3465 1221 3802 1300 ἀφαιρούμε-

2138 1324 2224 1358 νοι
2255 1303 2310 1358 οἱ
2341 1308 2449 1359 τῶν
2484 1301 2721 1361 δυνατῶν
2762 1303 2952 1368 παῖδες
2981 1308 3074 1363 τὸν
3128 1313 3379 1364 τοιοῦτον
3415 1309 3796 1370 πλεονεκτικὸν

2138 1391 2371 1467 κλῆρον,
2404 1393 2464 1447 ’ὀν
2498 1393 2558 1448 ἐκ
2597 1395 2844 1468 πατέρων
2905 1391 3126 1466 ἔλαϐον,
3188 1397 3264 1462 εἷς
3320 1398 3551 1477 ἀπορίαν
3603 1423 3802 1468 καταντ-

2136 1484 2295 1548 τῶσι,
2326 1482 2418 1536 καὶ
2447 1481 2656 1538 τελείαν
2705 1478 2935 1554 ἔνδειαν,
2991 1485 3080 1538 οἶα
3126 1485 3214 1540 καὶ
3272 1487 3416 1562 παρά
3473 1496 3574 1559 τῆς
3645 1492 3801 1567 βασι-

2140 1567 2291 1633 λείας
2324 1573 2485 1644 ἡμῶν
2519 1570 2718 1628 ἔπαθον
2759 1575 2812 1628 οἱ
2869 1578 2966 1628 τοῖ’)
3029 1574 3333 1650 μαγίστρου
3386 1579 3676 1653 Ῥωμανοῦ
3704 1586 3802 1636 τοῦ

2140 1659 2392 1716 Μουσελέ
2420 1654 2659 1736 ἔγγονοι.
2721 1663 2825 1719 Καὶ
2858 1663 2961 1739 γὰρ
2995 1663 3147 1719 οὗτοι
3178 1669 3315 1721 κατὰ
3342 1668 3404 1722 τὸ
3456 1667 3798 1743 Φιλομίλιον

2131 1750 2392 1819 τοιαύτην
2422 1750 2741 1825 περιουσίαν
2800 1750 2859 1806 ἐκ
2915 1751 3140 1808 πάππου
3162 1776 3222 1810 τε
3250 1756 3341 1810 καὶ
3392 1757 3642 1834 πατέρων
3698 1781 3795 1814 κα-

2129 1837 2508 1915 ταλειφθεῖσαν
2570 1841 2756 1906 αὐτοῖς
2811 1839 3056 1915 ἔχοντες,
3118 1847 3461 1918 κατήντησαν
3515 1849 3607 1904 καὶ
3649 1849 3801 1907 αὐτοὶ

2105 1929 2216 2010 ἱεἷς
2248 1929 2452 1986 πενίαν.
2487 1933 2594 2000 Τὴν
2631 1929 2722 1986 οὖν
2776 1932 3035 2004 τοιαύτην
3098 1932 3309 1990 ἀδικίαν
3368 1939 3455 1992 καὶ
3512 1938 3804 2010 ἀνισότητα

2059 1981 2112 2046 Β

2137 2021 2171 2088 ἡ
2209 2019 2458 2094 βασιλεία
2487 2022 2648 2093 ἡμῶν
2680 2019 3032 2095 ἐκτὲμνουσα,
3091 2023 3181 2078 καὶ
3237 2030 3368 2081 πᾶσι
3423 2024 3716 2093 πλουσίοις
3744 2050 3803 2085 τε

2137 2107 2228 2163 καὶ
2259 2115 2510 2184 πτωχοῖς
2559 2110 2625 2165 τὰ
2682 2113 3029 2185 συμφέροντα
3085 2113 3177 2169 καὶ
3241 2113 3421 2171 δίκαια
3476 2113 3800 2193 ἐπιϐραϐεύ-

2142 2218 2292 2267 ουσα,
2323 2197 2416 2252 τὸν
2447 2205 2550 2268 τῆς
2578 2201 3128 2276 τεσσαρακονταετίας
3189 2203 3390 2279 χρόνον
3433 2204 3661 2282 ἀναιρεῖ,
3722 2207 3798 2270 ὡς

2141 2287 2200 2344 ἄν
2235 2288 2324 2342 καὶ
2357 2289 2409 2342 οἱ
2450 2285 2668 2344 δυνατοὶ
2697 2295 2860 2345 τοῦτο
2920 2292 3303 2366 γινώσκοντες,
3360 2299 3604 2351 τοιοῦτον
3662 2295 3800 2367 κλῆ,

2141 2397 2234 2452 ρον
2271 2382 2388 2440 τοῖς
2417 2378 2619 2434 ἑαυτῶν
2653 2380 2808 2435 παισὶ
2843 2381 2919 2454 μὴ
2978 2380 3488 2456 καταλιμπάνωσιν·
3533 2383 3682 2441 ἀλλᾶ
3707 2385 3801 2442 καὶ

2141 2469 2194 2523 οἱ
2224 2468 2452 2539 πένητες
2484 2474 2590 2542 τῶν
2626 2467 2778 2526 ίδίων
2814 2471 3164 2547 στερούμενοι
3199 2474 3275 2547 μὴ
3325 2475 3800 2551 ἀπογινώσκωσιν,

2141 2557 2270 2616 ἀλλ’
2309 2555 2482 2636 ἔχωσι
2536 2557 2755 2637 βεϐαίαν
2809 2569 2908 2633 τήν
2970 2564 3078 2619 ἀπὸ
3131 2571 3233 2635 τῆς
3290 2565 3571 2642 παρούσης
3628 2590 3802 2644 νομο-

2143 2648 2317 2712 θεσίας
2357 2652 2614 2726 βοήθειαν
2643 2652 2780 2726 πρὸς
2809 2653 2907 2722 τὴν
2935 2657 3043 2708 τῶν
3080 2651 3234 2710 ἰδίων
3268 2654 3559 2730 ἀνάληψιν.

376 2766 592 2809 norum
622 2765 692 2803 xL
725 2752 959 2816 tempus
989 2743 1268 2814 abrogat:
1298 2745 1364 2795 ut
1393 2740 1492 2795 ubi
1525 2745 1798 2811 potentes
1831 2739 2009 2795 etiam
2068 2739 2181 2796 hoc
2229 2741 2586 2815 intelligent,
2644 2743 3055 2800 hmreditatem
3087 2746 3384 2818 ejusmodi
3438 2747 3645 2804 liberis
3678 2750 3802 2806 suis

378 2856 504 2899 non
533 2838 883 2908 relinquant
915 2852 929 2901 ;
959 2839 1019 2888 et
1037 2848 1352 2904 pauperes,
1387 2830 1434 2884 si
1461 2830 1638 2885 rebus
1670 2829 1792 2884 suis
1825 2829 2178 2903 spolientur,
2225 2848 2346 2887 non
2377 2832 2696 2905 desperent
2729 2851 2742 2901 ;
2773 2834 2877 2891 sed
2900 2835 2974 2890 ad
3005 2852 3248 2891 suorum
3281 2839 3800 2908 recuperationem

383 2946 454 2984 ex
479 2930 606 3001 lege
639 2923 920 2999 prwsenti
952 2923 1193 2978 firmum
1219 2919 1506 2975 auxilium
1537 2918 1814 2974 habeant.

452 3022 510 3077 2.
578 3020 656 3072 De
711 3017 908 3084 ﬁnium
958 3014 1071 3067 sive
1129 3011 1484 3065 terminorum
1552 3008 2030 3079 descﬁptionibus.

381 3145 450 3157 --
480 3110 628 3176 Quia
650 3123 785 3161 vero
817 3105 878 3158 in
913 3103 1122 3157 finium
1143 3099 1665 3171 descriptionibus,
1699 3115 1829 3170 quae
1852 3098 2032 3154 bullis

379 3200 582 3260 aureis
613 3192 1159 3260 inferuntur,etiam
1174 3190 1362 3246 multa
1379 3205 1706 3260 pauperum
1730 3187 1861 3246 loca
1877 3205 2033 3244 com-

2219 3008 2285 3083 β’.
2349 3009 2475 3085 Περὶ
2535 3014 2643 3064 τῶν
2690 3015 3085 3086 περιορισμῶν.
3129 3045 3197 3055 --
3256 3013 3404 3070 Ἐπεὶ
3465 3012 3522 3070 δὲ
3573 3015 3663 3070 καὶ
3723 3015 3800 3078 εἴς

2143 3096 2273 3159 τοὺς
2327 3098 2719 3174 περιορισμοὺς
2775 3105 2883 3155 τῶν
2947 3097 3406 3176 χρυσοϐουλλίων
3459 3103 3798 3180 εὑρίσκονται

2141 3187 2300 3242 τόποι
2331 3187 2537 3244 πολλοὶ
2560 3191 2808 3260 πενήτων
2865 3187 3542 3266 συμπεριλαμϐανόμενοι,
3575 3195 3637 3248 οὐ
3690 3197 3798 3267 μὴν

378 3291 680 3365 prehensa
696 3283 1096 3356 reperiuntur,
1130 3286 1308 3351 atque
1367 3278 1545 3334 etiam
1577 3283 1747 3350 prata
1777 3283 1835 3332 et
1862 3277 2030 3333 fundi

2145 3276 2289 3333 ἀλλά
2318 3277 2406 3332 γαὶ
2443 3276 2701 3353 βασιλικά
2759 3275 3004 3352 λιϐαδια,
3059 3281 3149 3336 καὶ
3183 3282 3256 3344 ὡς
3316 3282 3375 3338 ἐκ
3402 3283 3598 3338 τούτου
3629 3285 3682 3338 οἱ
3734 3285 3800 3338 τὰ

378 3377 765 3455 augustales;
797 3380 857 3430 et
885 3372 1022 3428 inde
1055 3372 1155 3443 qui
1190 3369 1385 3426 bullas
1444 3385 1654 3426 aureas
1708 3368 2030 3440 accipiunt,

379 3469 680 3546 ejusmodi
705 3468 837 3522 loca
866 3481 974 3537 per
1004 3462 1383 3518 occasionem
1416 3459 1555 3516 talis
1578 3459 1787 3515 ﬁnium
1815 3459 2041 3514 descri-

379 3561 606 3636 ptionis
638 3555 966 3630 possident,
1017 3550 1354 3624 cujusmodi
1410 3549 1696 3621 pleraque
1755 3549 2037 3621 majestas

381 3656 590 3708 nostra
619 3643 1037 3718 deprehendit,
1067 3641 1128 3696 in
1160 3640 1398 3695 Oriente
1431 3638 1864 3710 propemodum
1890 3644 2035 3708 toto,

384 3749 445 3798 et
472 3744 532 3796 in
567 3737 887 3796 Occidente
919 3734 1220 3800 universo,
1248 3747 1383 3788 cum
1443 3730 1566 3785 illic
1598 3730 1659 3785 in
1710 3730 2039 3802 expeditio-

386 3832 568 3888 nibus
600 3828 1108 3883 commoraretur:
1141 3821 1362 3876 idcirco
1414 3819 1678 3887 mandat,
1728 3825 1796 3876 ut
1827 3821 2037 3876 ﬁnium

386 3917 823 3990 descriptiones
840 3911 1132 3985 ejusmodi
1160 3911 1312 3966 nihil
1335 3910 1580 3965 omnino
1594 3909 1962 3979 valeant,nec
1975 3915 2040 3966 ut

393 4007 636 4080 aliquod
660 4005 797 4060 inde
823 4005 924 4076 jus
954 4001 1232 4065 habeant,
1264 3999 1565 4055 incidente
1616 4000 2036 4068 controversia,

392 4099 492 4171 qui
526 4115 625 4153 eas
656 4094 1009 4168 producunt.
1043 4093 1158 4146 Nec
1189 4090 1349 4145 enim
1381 4088 1529 4144 tales
1563 4089 1773 4144 (inium
1814 4088 2037 4143 descri—

387 4190 622 4263 ptiones
649 4186 734 4241 sic
764 4183 1119 4254 amajestate
1141 4197 1270 4235 mea
1297 4178 1643 4250 ﬁunt,quasi
1661 4177 2039 4250 plenamipsa

385 4277 835 4352 perceptionem
868 4288 1072 4328 earum
1104 4273 1443 4336 consecuta,
1471 4274 1629 4323 ratas
1660 4267 1794 4322 illas
1826 4273 1883 4320 et
1913 4266 2033 4322 im-

384 4367 707 4426 mutabiles
733 4362 1066 4420 existimet:
1103 4358 1206 4414 sed
1239 4364 1304 4413 ut
1331 4358 1547 4413 factam
1581 4357 1642 4410 in
1675 4355 2036 4412 aureabulla

384 4458 769 4514 donationem
792 4453 1073 4524 majestas
1103 4465 1236 4504 mea
1266 4447 1458 4502 eidem
1482 4445 1800 4509 inserit,ita
1824 4445 2032 4500 [inium

383 4543 970 4614 circumscriptiones
997 4539 1070 4595 ab
1089 4537 1221 4593 aliis
1238 4534 1890 4609 proﬁciscentes,fidem
1905 4534 2034 4606 ple-

383 4653 551 4701 nam,
584 4640 642 4689 et
677 4631 1078 4697 securitatem,
1114 4633 1171 4683 et
1202 4627 1566 4692 ﬁrmitatem,
1617 4629 1902 4695 tanquam
1959 4622 2031 4680 ab

386 4742 582 4781 aurem
610 4723 789 4777 bullae
834 4721 914 4786 vi,
946 4718 1073 4790 pari
1105 4717 1283 4774 modo
1314 4716 1534 4772 habere
1564 4719 1887 4786 nequeunt.

456 4819 509 4871 3.
543 4817 615 4870 De
643 4813 1006 4869 monasteriis.
1054 4839 1123 4850 —-
1184 4808 1484 4873 Quoniam
1523 4823 1659 4861 vero
1712 4822 2032 4876 propemo-

388 4905 529 4961 dum
564 4903 636 4958 ab
663 4901 980 4968 universis,
1011 4904 1078 4954 ut
1107 4898 1190 4953 ita
1221 4897 1436 4964 dicam,
1487 4894 1803 4967 provinciis
1829 4910 2029 4948 coram

384 4996 697 5069 majestate
729 4998 933 5046 nostra
963 4989 1078 5044 tale
1121 4986 1405 5057 quiddam
1451 4990 1680 5039 motum
1727 4989 1835 5051 est,
1870 4983 2028 5053 quod

379 5085 667 5160 pleraque
697 5081 919 5154 praedia
952 5079 1238 5134 damnum
1259 5081 1319 5130 et
1339 5074 1620 5146 injuriam
1643 5072 1911 5143 accipere
1933 5073 2030 5128 de-

379 5168 1156 5249 prehendantur,nonnulla
1177 5181 1414 5236 quoque
1445 5180 1653 5234 parum
1688 5161 1855 5217 abest
1879 5179 2028 5233 quo-

377 5266 580 5322 minus
613 5265 675 5319 in
707 5261 964 5317 nihilum
990 5257 1338 5329 redigantur
1373 5270 1479 5325 per
1509 5253 1882 5308 occasionem
1901 5271 2026 5311 mo-

378 5355 800 5412 nasteriorum.
833 5352 979 5406 Nam
1018 5347 1080 5401 in
1108 5344 1348 5417 prmdiis
1380 5343 1679 5414 plerisque
1708 5343 2024 5415 reperitur,

379 5445 536 5518 quod
567 5443 720 5498 villa)
750 5455 1062 5512 possessor
1091 5435 1311 5504 aliquis
1344 5432 1654 5488 ecclesiam
1688 5433 1748 5488 in
1772 5433 1901 5489 loco
1920 5450 2026 5490 suo

378 5533 728 5602 construxit,
763 5531 936 5600 eique
994 5530 1227 5598 partem
1277 5539 1444 5578 suam
1477 5522 1789 5593 dedicavit,
1821 5540 2026 5579 assen-

373 5623 662 5680 tientibus
689 5619 775 5674 illi
807 5615 1183 5673 consortibus
1225 5612 1286 5667 in
1341 5612 1565 5683 praedio
1599 5612 1849 5668 caeteris.
1881 5613 2026 5668 Inde

378 5712 687 5783 calogerus
707 5711 819 5780 (£0)
847 5708 972 5778 ipse
997 5705 1187 5760 factus
1221 5707 1326 5770 est,
1363 5706 1420 5756 et
1450 5702 1512 5756 in
1536 5717 1604 5756 ea
1625 5701 1798 5774 sedit,
1816 5719 2022 5774 quam-

2147 3364 2542 3444 χρυσὸϐουλλα
2573 3365 2975 3444 λαμϐάνοντες,
3005 3373 3290 3436 τοιούτους
3340 3372 3541 3436 τόπους
3573 3373 3632 3430 ἐκ
3659 3395 3799 3450 προ-

2148 3460 2360 3533 φάσεως
2415 3464 2511 3516 τοῦ
2595 3467 2964 3538 περιορισμοῦ
3041 3463 3388 3539 κατὲχουσίν,
3473 3467 3563 3521 οἷα
3619 3465 3806 3522 πολλὰ

2147 3549 2294 3620 εὗρεν
2327 3552 2363 3619 ἡ
2402 3549 2653 3626 βασιλεία
2683 3553 2848 3624 ἡμῶν
2895 3551 2972 3616 εἷς
3027 3574 3086 3609 τε
3121 3555 3220 3623 τήν
3251 3552 3550 3624 Ἀνατολήι
3586 3552 3806 3626 σχεδὸν,

2146 3637 2237 3694 καὶ
2271 3638 2347 3702 εἰς
2389 3645 2555 3695 πᾶσαν
2613 3642 2716 3710 τήν
2775 3641 2954 3712 Λύσιν,
3014 3641 3068 3696 ἐν
3122 3649 3242 3706 καῖς
3297 3644 3657 3718 ἐκστρατείαις
3688 3643 3810 3702 δια-

2145 3723 2428 3803 τρίϐουσα·
2489 3727 2940 3806 παρακελεύεται,
2999 3736 3098 3786 τοῦ
3160 3730 3331 3802 μηδὲν
3392 3733 3538 3796 ὅλως
3595 3734 3807 3810 ἰσχύειν

2145 3818 2272 3881 τοὺς
2309 3818 2597 3881 τοιούτους
2657 3819 3080 3894 περιορισμοὺς,
3147 3819 3288 3892 μηδὲ
3344 3843 3468 3877 τινα
3525 3821 3806 3880 δικαίωσιν

2148 3906 2207 3961 ἐκ
2269 3907 2478 3962 τούτων
2535 3906 2682 3982 ἔχειν
2743 3904 3088 3984 ἀμφιϐολίας
3140 3911 3635 3982 παρεμπιπτούσης
3677 3912 3804 3975 τοὺς

2146 3996 2584 4069 προκομίζόντας
2659 3995 2872 4060 αὐτούς.
2936 3993 3076 4052 Οὐδὲ
3144 3996 3246 4072 γὰρ
3329 4002 3571 4052 τοιοῦτοι
3647 4020 3801 4074 περι-

2147 4085 2370 4161 ορισμοὶ
2431 4085 2576 4161 παρᾶ
2630 4091 2732 4154 τῆς
2792 4081 3070 4159 βασιλείας
3103 4106 3212 4158 μου
3266 4085 3530 4160 γίνονται,
3564 4088 3655 4144 ἳνα
3712 4110 3797 4144 τε-

2147 4175 2297 4229 Λείαν
2338 4169 2544 4230 ἔχουσα
2599 4175 2697 4242 τήν
2737 4174 2944 4230 τούτων
3003 4173 3335 4248 κατάληψιν,
3397 4173 3650 4250 βεϐαίους
3701 4180 3800 4234 αύ-

2143 4262 2270 4326 τοὺς
2302 4264 2390 4318 καὶ
2442 4259 2862 4336 ἀμεταϐλήτους
2912 4266 3139 4339 ἡγῆται,
3197 4264 3342 4321 ἀλλὰ
3397 4267 3498 4336 τήν
3566 4266 3653 4322 ἐπὶ
3700 4274 3798 4324 τοῦ

2144 4348 2592 4429 χρυσοϐουλλίου
2626 4353 2831 4430 δωρεάν
2863 4357 2897 4425 ἡ
2945 4353 3195 4430 βασιλεία
3229 4377 3332 4429 μου
3391 4356 3685 4429 ἐντίθησιν·
3746 4360 3798 4414 οἱ

2144 4443 2201 4500 δὲ
2231 4444 2580 4519 περιορισμοὶ
2611 4451 2736 4521 παρ’
2784 4444 2981 4520 ἑτέρων
3037 4446 3313 4520 γινόμενοι
3371 4449 3434 4503 τὸ
3493 4447 3800 4520 ἀξιόπιστον

2140 4532 2232 4588 καὶ
2262 4531 2499 4609 ἀσφαλὲς
2524 4533 2612 4586 καὶ
2651 4527 2870 4608 βέϐαιον
2904 4535 2978 4597 ὡς
3027 4534 3133 4588 ὰπὸ
3162 4541 3264 4604 τῆς
3294 4539 3391 4590 τοῦ
3443 4529 3798 4609 χρυσοϐουλ-

2145 4622 2268 4679 λίου
2301 4619 2582 4697 δυνάμεως
2613 4621 2759 4698 ἔχειν
2783 4625 2920 4687 ’ὶσως
2965 4623 3027 4679 ού
3061 4620 3331 4682 δύνανται.

2222 4801 2448 4879 τ“.11ερί
2504 4807 2614 4858 τῶν
2675 4803 3080 4880 μοναστηρίων.
3111 4838 3177 4848 -
3213 4804 3362 4861 Ἐπεὶ
3423 4804 3480 4861 δὲ
3537 4805 3626 4860 καὶ
3656 4807 3801 4880 παρὰ

2140 4892 2357 4948 πάντων
2391 4890 2585 4967 σχεδὸν
2639 4892 2808 4949 εἴπεῖν
2861 4899 2969 4950 τῶν
2999 4894 3246 4967 θεμάτων
3308 4896 3530 4964 ἐκινήθη
3565 4893 3794 4951 ἐνώπιον

2137 4991 2238 5052 τῆς
2275 4981 2554 5058 βασιλείας
2587 4985 2769 5056 ἡμῶν,
2829 4983 2912 5040 ὅτι
2962 4983 3149 5040 πολλὰ
3206 4988 3308 5038 τῶν
3367 4983 3590 5058 χωρίων
3644 4983 3793 5058 εὑρί-

2137 5093 2360 5129 σκονται
2397 5071 2754 5148 βλαπτόμενεί
2782 5094 2840 5128 τε
2869 5073 2959 5128 καὶ
2992 5070 3342 5144 ἀδικούμενα,
3391 5072 3513 5126 τινα
3543 5068 3600 5125 δὲ
3657 5072 3794 5147 ἀφα-

2135 5165 2396 5237 νιζόμενα
2448 5165 2575 5238 παρ’
2635 5162 2825 5238 ὀλίγον
2879 5163 2986 5217 ἀπὸ
3041 5167 3140 5229 τῇς
3222 5165 3328 5215 τῶν
3410 5162 3791 5238 μοναστηρίων

2135 5253 2414 5330 ἀφορμῆς.
2478 5253 2793 5326 Εὐρίσκεται
2851 5253 2952 5327 γὰρ
3008 5251 3086 5313 εἰς
3141 5249 3330 5306 πολλὰ
3375 5255 3485 5306 τῶν
3538 5252 3789 5328 χωρίων,

2137 5344 2220 5398 ὅτι
2253 5341 2476 5413 ἐποίησὲ
2503 5363 2588 5404 τις
2621 5343 2872 5417 χωρίτης
2897 5339 3189 5410 ἐκκλησίαν
3231 5338 3306 5402 εἷς
3362 5341 3454 5396 τὸν
3503 5338 3649 5396 ’ἰδιον
3705 5342 3792 5396 τό·

2136 5454 2262 5503 πον,
2292 5431 2381 5488 καὶ
2410 5432 2647 5508 ἀφώρισε
2678 5430 2862 5504 ταύμῃ
2895 5430 2995 5498 τήν
3031 5426 3172 5483 ἰδίαν
3229 5433 3450 5502 μοῖραν,
3515 5429 3786 5506 βουλομέ-

2135 5544 2243 5578 νων
2275 5523 2497 5577 καὶτῶν
2562 5520 2920 5596 συγχωριτῶν
2975 5518 3162 5574 αὐτοῦ.
3225 5520 3474 5594 Ἐγένετο
3533 5517 3591 5575 δὲ
3628 5519 3789 5582 αὐτὸς

2135 5611 2591 5687 καλόγηρος,καὶ
2633 5608 2846 5673 ἐκάθισε
2902 5608 2953 5664 ἐν
3013 5608 3151 5684 αὐτῇ
3199 5606 3303 5672 ἕως
3360 5609 3478 5680 ἔζη.
3532 5611 3794 5680 Ἐποίησε

2139 5698 2197 5756 δὲ
2227 5699 2361 5756 αὐτὸ
2414 5700 2551 5772 [καὶ]
2606 5695 2778 5761 ἄλλος
2833 5697 3106 5774 χωρίτης,
3167 5699 3257 5753 καὶ
3319 5693 3502 5775 ἔτερος
3559 5696 3791 5773 ὁμοίως.

445 5837 558 5909 (10)
589 5833 909 5891 Monachus
928 5831 1000 5889 ab
1025 5835 1196 5886 aetate
1228 5827 1588 5898 veneranda,
1621 5827 1790 5900 quasi
1823 5827 2018 5884 bonus
2047 5843 2247 5884 senex.
