4128 6422
323 389 453 448 625

1474 385 1863 445 ΝΟνΕΙιΙιιΕ
1908 384 2613 450 (ΣΟΝΞΤΙΤΗΤῙΟΝΕΞ.

3638 391 3760 454 626

326 522 435 576 Καὶ
467 519 714 594 ἐγένοντο
768 514 864 572 δύο
923 518 1016 572 καὶ
1070 521 1217 591 τρεῖς
1269 515 1600 592 καλόγηροι.
1647 518 1782 593 Εἶτα
1809 515 1998 573 τελευ-

2113 519 2405 579 diu‘vixlt.
2444 522 2621 579 'Idem
2672 527 2730 578 et
2772 523 2923 579 alius
2963 523 3116 579 villae
3164 541 3479 596 possessor
3508 525 3674 591 fecit,
3707 530 3766 582 et

321 610 614 682 τησάντων
664 608 866 680 αὐτῶν,
917 608 1182 684 ἐκράτησε
1227 608 1326 676 τήν
1383 606 1674 678 ἐκκλησίαν
1709 609 1737 663 ὁ
1769 606 1858 662 ἐπὶ
1903 611 2002 664 τοῦ

323 701 510 758 τόπου
549 699 973 776 μητροπολίτης
1019 700 1232 775 τυχὼν,
1277 698 1312 769 ἢ
1364 699 1680 770 έπισκοπος,
1727 699 1816 774 καὶ
1852 697 2000 753 ἴδιο-

327 793 614 862 ποιήσατο
670 791 899 860 ταύτην,
957 788 1047 843 καὶ
1127 787 1380 862 ὠνόμασε
1446 789 1836 864 μοναστήριον.
1894 788 2000 845 Καὶ

327 882 451 959 [καὶ
513 882 648 953 εἶτα]
703 878 788 935 ὅτι
843 878 909 933 τὰ
965 880 1061 954 μὲν
1119 881 1228 934 τῶν
1286 877 1554 933 τοιούτων
1617 876 2000 952 μοναστηρίωδ

327 969 494 1027 αὐτοὶ
524 970 722 1025 ἐκεῖνοι
771 971 1096 1043 κρατοῦντες
1149 967 1200 1023 οἱ
1256 965 1666 1044 μητροπολῖται
1713 964 1750 1036 ἤ
1784 966 2002 1022 ἐπίσκο-

322 1081 453 1129 ποι,
486 1061 552 1115 τὰ
587 1057 644 1114 δὲ
683 1059 819 1113 κατὰ
878 1054 1084 1132 δωρεάν
1125 1078 1235 1112 τισι
1291 1054 1557 1126 διδόντες,
1611 1055 2000 1112 πλεονεκτοῦσι

319 1150 403 1207 τὰ
434 1149 636 1226 χωρία,
666 1148 756 1204 καὶ
815 1144 1091 1216 ἀδικοῦσι,
1147 1148 1234 1202 καὶ
1295 1145 1688 1224 ἐξαλείφουσιν.
1723 1146 1873 1203 Ἐπεὶ
1907 1143 1998 1201 οῦν

320 1241 526 1298 πολλὰ
570 1245 798 1295 τοιαῦτα
842 1239 948 1316 πρὸ
992 1243 1091 1293 τοῦ
1139 1239 1388 1312 βήματος
1437 1239 1600 1310 ἡμῶν
1651 1236 1997 1322 ἐκινήθησαν,

317 1329 632 1404 κελεύομεν
681 1329 781 1384 ’ὀσα
823 1332 1052 1384 τοιαῦτα
1099 1325 1190 1382 καὶ
1238 1325 1382 1382 οὕτω
1429 1324 1699 1401 γενόμενα
1737 1326 2000 1401 εύκτήρια

323 1418 701 1495 εὑρίσκονται,
748 1421 866 1480 τοῖς
912 1412 1134 1487 πένησιν
1185 1416 1274 1470 ί¹να
1318 1413 1691 1492 παρέχωνται·
1723 1415 1786 1470 τὸ
1817 1412 1876 1469 δὲ
1898 1416 1997 1484 τῆς

329 1507 767 1585 μητροπόλεως,
815 1503 852 1576 ἤ
900 1512 1002 1576 τῆς
1065 1504 1368 1575 ἐπισκοπῆς
1424 1503 1608 1579 μέρος,
1661 1502 1861 1568 ἐκεῖθεν
1909 1524 1998 1560 τε-

325 1598 506 1662 λείως
538 1594 899 1669 ἐκϐάλληται.
961 1597 1022 1653 Εἰ
1084 1594 1142 1652 δὲ
1196 1595 1288 1651 καὶ
1345 1596 1663 1672 προσώποις
1692 1596 1832 1650 τισὶν
1861 1591 1996 1650 ἐδω-

328 1692 577 1766 ρήσαντο
621 1688 790 1744 ταῦτα
840 1687 892 1742 οἱ
946 1685 1381 1764 μητροπολῖται,
1413 1686 1448 1756 ἢ
1483 1686 1534 1740 οἱ
1567 1683 1876 1756 ἐπίσκοποι,
1903 1683 1996 1741 ’ἱνα

325 1779 428 1834 καὶ
484 1779 553 1833 τὰ
597 1781 822 1833 τοιαῦτα
879 1777 1147 1852 πρόσωπα
1205 1774 1403 1830 ἐκεῖθεν
1471 1771 1915 1845 ἀποδιὼκωνται,
1947 1774 1993 1831 εἰ

324 1869 428 1924 καὶ
459 1867 604 1943 τάχα
634 1867 809 1923 πολὺν
842 1861 1030 1942 ἔχουσι
1064 1863 1265 1941 χρόνον
1313 1866 1414 1935 τὴν
1447 1861 1760 1919 δεσποτείαν
1791 1863 1990 1923 αὐτῶν,

325 1956 636 2033 Ούδὶνγὰρ
705 1957 912 2032 ίσοχύειν
973 1955 1048 2018 εἷς
1104 1959 1274 2010 ταῦτα
1328 1954 1420 2010 τὸν
1471 1953 1674 2029 χρόνον
1710 1952 1991 2026 ὁρίζομεν,

329 2047 464 2104 ἀλλ’
499 2051 574 2111 ὡς
625 2047 837 2124 εἴρηται
882 2044 1386 2123 παρακελευόμεθα,
1416 2045 1508 2100 ἳνα
1547 2045 1615 2100 τὰ
1669 2045 1763 2117 μὲν
1797 2045 1994 2115 εύκτή-

329 2161 427 2216 ρια
456 2144 572 2201 τοῖς
631 2137 894 2214 χωρίταις
951 2137 1447 2207 ἀποκαθιστῶνται,
1503 2135 1595 2189 καὶ
1652 2135 1753 2189 ὦσι
1795 2133 1886 2190 καὶ
1918 2133 1996 2198 εἷς

323 2229 397 2285 τὸ
425 2229 548 2301 ἑξῆς
581 2228 862 2302 εὐκτήρια,
893 2225 1020 2282 ἀλλ’
1070 2226 1172 2280 ὑπὸ
1223 2227 1290 2280 τὰ
1336 2223 1539 2301 χωρία’
1572 2224 1661 2279 καὶ
1689 2222 1995 2300 καλόγηροι

328 2317 390 2375 ἐν
422 2317 607 2379 αὐτοῖς
643 2315 988 2392 ὑπάρχωσιν,
1047 2313 1165 2370 ὅσοι
1225 2315 1314 2370 καὶ
1371 2315 1566 2390 πρώην
1619 2314 1896 2389 ὑπῆρχον.
1927 2314 1996 2370 Οἱ

333 2405 396 2464 δὲ
424 2405 856 2480 μητροπολῖται,
906 2405 943 2474 ἢ
1003 2404 1313 2474 ἐπισκοποι,
1376 2398 1548 2476 μὸνην
1590 2404 1688 2472 τὴν
1722 2401 1994 2477 ἀναφορὰν

333 2497 390 2553 ἐν
414 2497 623 2567 αὐτοῖς,
656 2497 747 2550 καὶ
777 2495 876 2564 τὴν
911 2491 1198 2571 σφραγῖδα,
1256 2492 1346 2548 καὶ
1401 2493 1500 2562 τὴν
1564 2489 1856 2566 διόρθωσιν
1884 2495 1995 2546 τῶν

341 2585 473 2649 ἴσως
529 2587 838 2660 γινομένων
897 2581 1230 2662 σφαλμάτων
1297 2583 1446 2659 παρὰ
1498 2585 1607 2637 τῶν
1665 2580 1994 2657 καλογῆρων

338 2675 532 2754 ἔχωσι·
561 2675 651 2730 καὶ
687 2677 828 2748 μήτε
869 2677 1180 2746 συνήθειαν,
1235 2674 1374 2747 μήτε
1401 2693 1454 2726 τι
1485 2673 1732 2726 ὁπωσοῦν
1765 2668 1908 2726 ἄλλο
1939 2670 1998 2725 έκ

337 2766 544 2824 τούτων
577 2760 959 2838 λαμϐάνωσιν,
1005 2764 1079 2826 ὡς
1129 2760 1285 2832 δῆθεν
1320 2763 1428 2816 απὸ
1462 2759 1854 2835 μοναστηρίου.
1883 2761 2000 2817 Ἵνα

341 2856 400 2914 δέ
455 2855 856 2933 ἀναγκάζωνται
905 2857 974 2910 τὰ
1023 2859 1250 2911 τοιαῦτα
1321 2853 1504 2930 χωρία
1558 2848 1705 2928 ἔχειν
1765 2851 1816 2906 ἐν
1875 2854 1998 2913 τοῖς

344 2946 668 3018 δηλωθεῖσιν
723 2945 1032 3022 εύκτηρίοις
1092 2945 1462 3020 καλογήρους,
1519 2943 1637 2998 ὅσοι
1679 2943 1770 2997 καὶ
1801 2940 1999 3016 πρότε-

354 3057 451 3112 ρον
482 3036 533 3090 έν
585 3036 759 3101 αὐτοῖς
804 3035 967 3106 ἦσαν.
1029 3033 1094 3092 Ei
1155 3032 1216 3090 δὲ
1279 3032 1359 3098 εἴς
1412 3055 1536 3090 τινα
1561 3037 1667 3089 τῶν
1701 3032 1876 3088 αὐτῶν
1911 3030 2000 3086 εύ-

350 3127 586 3202 κτηρίων
634 3126 896 3201 σολέμνια
944 3128 1094 3202 παρὰ
1144 3125 1414 3203 βασιλέως
1461 3127 1496 3197 ἢ
1550 3122 1828 3204 φωταψίαι
1860 3125 1998 3197 [φω-

346 3217 555 3292 θαψίαι]
608 3219 920 3293 γεγόνασιν,
975 3215 1166 3294 ἔχουσι
1225 3214 1284 3272 δὲ
1332 3217 1400 3272 τὰ
1455 3219 1680 3272 τοιαῦτα
1738 3214 1998 3288 εὐκτήρια

2095 617 2348 667 ’rursum
2381 612 2534 668 alius
2567 613 2860 679 similiter,
2909 615 2992 669 ita
3025 614 3291 684 quidem,
3325 620 3392 670 ut
3420 615 3537 670 duo
3572 620 3759 671 tresve

2112 702 2369 774 calogeri
2396 704 2627 759 fierent.
2654 704 2802 758 Hinc
2824 703 3119 759 defunctis
3142 704 3560 774 istis,obtinuit
3589 705 3757 762 illam

2111 792 2425 848 ecclesiam
2456 793 2569 849 loci
2601 793 2751 848 forte
2782 792 3180 863 metropolita,
3204 793 3295 848 vel
3329 795 3664 866 episcOpus,
3699 799 3759 850 et

2111 881 2202 935 sui
2244 882 2400 953 juris
2431 898 2562 938 eam
2614 883 2775 950 fecit,
2831 898 2899 936 ac
2951 884 3379 939 monasterium
3410 884 3757 939 nominavit.

2106 969 2249 1025 Inde
2267 971 2471 1028 talium
2485 973 2767 1045 pleraque
2780 972 3260 1042 nonasteriorum
3275 973 3361 1028 illi
3381 975 3392 1028 i
3403 975 3491 1046 psi
3504 973 3764 1029 retinen-

2109 1065 2198 1116 tes
2231 1063 2646 1134 metropolitaa,
2689 1064 2781 1119 vel
2813 1064 3094 1135 episcopi,
3143 1064 3427 1135 pleraque
3456 1081 3594 1118 vero
3625 1063 3762 1134 qui-

2091 1149 2359 1207 ibusdam
2399 1169 2506 1224 per
2557 1153 2942 1209 donationem
3001 1154 3398 1209 concedentes
3439 1154 3762 1209 fundorum

2087 1242 2398 1314 'majorem
2429 1249 2660 1314 partem
2684 1261 2791 1314 pro
2814 1259 2877 1298 se
2895 1243 3229 1314 rapiunt,et
3250 1243 3486 1314 injuriis
3515 1245 3764 1316 gravant

2093 1337 2168 1387 et
2194 1333 2455 1388 abolent.
2490 1334 2782 1399 Quoniam
2805 1334 2984 1406 igitur
3015 1333 3324 1404 complura
3354 1333 3495 1388 talia
3525 1350 3630 1404 pro
3657 1332 3758 1386 tri-

2107 1420 2312 1477 buuali
2343 1428 2546 1478 nostro
2574 1429 2736 1478 mota
2759 1428 2918 1488 sunt,
2953 1422 3343 1490 mandamus;
3371 1428 3439 1478 ut
3467 1438 3756 1494 quaecun-

2108 1528 2223 1583 que
2255 1513 2416 1582 talia,
2440 1514 2663 1585 talique
2688 1512 2864 1568 modo
2884 1512 3040 1568 facta
3071 1513 3446 1583 repetiuntur
3473 1512 3754 1580 oratoria,

2105 1602 2468 1674 pauperibus
2524 1603 2955 1669 restituantur;
2988 1607 3176 1673 utque
3207 1602 3607 1673 metropoleos
3656 1605 3759 1658 aut

2105 1693 2480 1764 episcopatus
2526 1708 2664 1764 pars
2704 1692 2843 1747 inde
2893 1691 3135 1764 penitur
3175 1691 3469 1762 ejiciatur.
3492 1689 3659 1756 Quod
3708 1691 3758 1744 si

2102 1782 2280 1838 etiam
2301 1779 3760 1854 metropolitm,ve1episc0pi,personisquibusdam

2100 1872 2568 1940 haecdonarunt;
2585 1869 3236 1944 expellanturindidem
3259 1875 3315 1924 et
3337 1869 3454 1924 illae
3466 1887 3760 1942 personae,

2109 1963 2343 2019 tametsi
2392 1963 2566 2036 longo
2595 1967 2862 2033 tempore
2893 1961 3142 2016 forsitan
3176 1975 3383 2016 eorum
3425 1960 3760 2014 dominium

2103 2053 2384 2109 habeant.
2411 2055 2554 2108 Nam
2576 2053 2638 2107 in
2661 2053 2755 2106 his
2778 2051 3291 2123 praescriptionem
3319 2050 3604 2120 temporis
3629 2049 3764 2104 nul-

2106 2142 2233 2198 lum
2256 2143 2474 2198 habere
2496 2142 2680 2197 robur
2703 2141 3044 2208 statuimus,
3068 2140 3171 2195 sed
3195 2139 3596 2211 praecipimus,
3612 2154 3765 2209 quo-

2105 2233 2495 2290 madmodum
2530 2232 2755 2287 dictum
2782 2236 2890 2300 est,
2923 2234 2988 2285 ut
3033 2229 3293 2285 oratoria
3319 2228 3596 2284 villarum
3626 2245 3764 2300 pos-

2109 2322 2442 2380 sessoribus
2473 2323 2884 2387 restituantur,
2917 2325 3094 2390 atque
3126 2319 3306 2374 etiam
3356 2319 3416 2373 in
3447 2321 3757 2389 posterum

2108 2414 2230 2470 sint
2259 2413 2538 2478 oratoria,
2595 2427 2798 2467 verum
2854 2409 3094 2482 praediis
3150 2409 3390 2464 rusticis
3447 2408 3760 2478 subjecta;

2109 2503 2347 2574 sintque
2372 2503 2435 2557 in
2467 2502 2554 2558 eis
2585 2501 2839 2573 calogeri
2871 2499 3139 2567 totidem,
3198 2502 3344 2569 quot
3384 2498 3562 2553 etiam
3593 2497 3760 2568 prius

2109 2597 2299 2649 erant.
2327 2594 2398 2646 At
2418 2582 2834 2664 metropolitae,
2857 2589 2948 2644 vel
2978 2587 3264 2660 episcopi,
3297 2587 3486 2643 solam
3509 2586 3758 2642 oblatio-

2111 2698 2251 2738 nem
2282 2683 2344 2736 in
2377 2682 2482 2750 eis,
2518 2685 2577 2736 et
2609 2679 3004 2753 signaculum,
3037 2683 3096 2733 et
3134 2677 3566 2733 correctionem
3598 2691 3759 2732 erra-

2109 2777 2329 2839 torum,
2363 2788 2495 2842 quae
2527 2787 2562 2826 a
2614 2769 2902 2841 calogeris
2930 2769 3081 2822 forte
3139 2767 3618 2830 committuntur,
3651 2767 3764 2821 ha-

2110 2860 2333 2916 beant:
2367 2875 2434 2914 ac
2491 2876 2690 2930 neque
2721 2857 3239 2924 consuetudinem,
3299 2872 3496 2926 neque
3529 2855 3765 2926 quidvis

2111 2949 2275 3007 aliud
2293 2949 2586 3022 ejusmodi
2612 2965 2683 3005 ex
2709 2948 2794 3002 eis
2816 2946 3132 3018 accipiant,
3156 2945 3764 3000 velutamonasterio.

2111 3042 2407 3114 Cogantur
2437 3043 2636 3095 autem
2695 3037 2847 3092 villae
2880 3036 3028 3091 tales
3080 3037 3143 3090 in
3175 3034 3450 3090 oratoriis
3487 3033 3768 3090 indicatis

2109 3130 2331 3186 habere
2383 3132 2470 3183 tot
2517 3127 2842 3200 calogeros,
2877 3129 3022 3197 quot
3049 3126 3216 3197 prius
3247 3124 3309 3179 in
3339 3123 3426 3179 eis
3485 3127 3674 3180 erant.
3706 3123 3765 3178 Si

2107 3235 2242 3274 vero
2275 3219 2337 3273 in
2369 3217 2569 3289 aliquo
2602 3233 2672 3272 ex
2702 3216 2797 3271 his
2826 3215 3099 3271 oratoriis
3130 3214 3203 3270 ab
3253 3214 3614 3285 imperatore
3670 3212 3762 3268 vel

336 3306 427 3362 καὶ
459 3308 788 3380 καοίσματα,
835 3306 883 3362 εἲ
927 3292 1074 3382 τάχα
1117 3305 1208 3361 καὶ
1264 3303 1473 3361 δίκαιον
1505 3306 1608 3360 οὐκ
1659 3299 1828 3375 ἔστιν,
1868 3299 1996 3359 ἀλλ’

2109 3307 2426 3372 solemnia,
2456 3305 2546 3361 vel
2571 3305 2956 3361 accensiones
2995 3303 3292 3358 luminum
3322 3302 3491 3358 factae
3521 3302 3660 3367 sint,
3705 3309 3764 3357 et

335 3395 431 3452 οῦν
513 3396 629 3452 ἐπεὶ
707 3395 968 3471 προνοίας
1042 3393 1334 3472 βασιλικῆς
1395 3393 1624 3474 ἔφθασαν
1682 3394 2003 3466 ἀξιωθῆναι,

339 3486 432 3542 ἵνα
464 3484 763 3560 διαμένωσι
792 3488 884 3542 καὶ
934 3487 1011 3550 εἷς
1059 3488 1122 3542 τὸ
1172 3487 1313 3560 ἑξῆς,
1362 3484 1470 3542 εἴτε
1501 3486 1607 3542 ὐπὸ
1643 3486 2000 3562 μητροπολι-

335 3575 612 3646 τῶν,ε’ἶτε
666 3578 769 3632 ὑπὸ
828 3575 1166 3650 ἐπισκόπων,
1230 3578 1312 3633 ὑφ’
1371 3578 1444 3632 ὧν
1512 3577 1622 3654 [ὑφ’
1667 3573 1759 3651 ἤν]
1789 3577 1879 3632 καὶ
1910 3581 1999 3632 νῦν

338 3666 508 3735 εἰσὶν,
541 3664 738 3742 ἔχοντα
791 3667 882 3722 καὶ
941 3665 1108 3723 πάλιν
1167 3665 1236 3723 τὰ
1293 3665 1427 3721 αὐτὰ
1481 3665 1812 3740 καθίσματα,
1852 3666 2000 3736 πλὴν

324 3756 427 3811 ’ίνα
485 3755 562 3828 μή
623 3756 1091 3831 παραπέμπωνται
1166 3755 1243 3819 εἷς
1317 3753 1474 3832 ἕτερα
1548 3755 1836 3833 πρόσωπα.
1906 3755 2004 3811 Διὰ

331 3851 499 3903 τοῦτο
530 3845 634 3923 γὰρ
666 3849 700 3917 ἡ
738 3845 988 3922 βασιλεία
1034 3849 1196 3921 ἡμῶν
1239 3845 1364 3903 οὐδὲ
1413 3849 1756 3923 μοναστήρια
1799 3848 2004 3922 ὀνομά-

337 3942 419 4006 ζει
476 3935 630 4008 adrui,
693 3935 819 3992 ἀλλ’
870 3936 1129 4012 εὖκτήρια
1185 3941 1283 3992 τοῦ
1353 3937 1586 4013 χωρίου,
1647 3936 1851 4013 ἔχοντα
1907 3938 2001 4010 (ὡς

334 4022 578 4100 εἴρηται)
632 4026 723 4080 καὶ
781 4023 1149 4102 καλογήρους.
1209 4027 1350 4084 "Oc:
1407 4023 1466 4081 δὲ
1515 4025 1680 4082 πάλιν
1734 4027 1840 4082 ἀπὸ
1885 4047 2005 4103 χω-

338 4113 475 4190 ρίων
529 4115 618 4169 καὶ
673 4114 930 4170 τοιούτου
986 4116 1192 4191 τρόπου
1253 4115 1578 4187 συνέστησαν
1639 4118 2004 4190 μοναστήρια,

333 4201 565 4282 ἔφθαζον
601 4202 658 4260 δὲ
686 4202 895 4260 πολλοὶ
949 4209 1056 4260 τῶν
1116 4203 1534 4277 πλησιαζόντων
1567 4205 1618 4260 ἐν
1653 4205 1836 4269 αὐτοῖς
1868 4207 2005 4261 ἀποο

330 4300 590 4368 καρῆναι,
669 4295 946 4373 ἀφώρισαν
1026 4315 1084 4350 τε
1159 4296 1248 4350 καὶ
1307 4294 1402 4357 τὰς
1462 4293 1601 4357 ἱδίας
1685 4294 2009 4375 ύποστάσεις

331 4382 468 4454 ἐκεῖ,
500 4384 590 4438 καὶ
650 4385 904 4460 γεγόνασι
969 4385 1102 4459 μετὰ
1157 4387 1324 4440 ταῦτα
1384 4383 1620 4460 μεγάλα,
1665 4385 1756 4441 καὶ
1789 4385 1921 4441 εἰσὶν
1955 4384 2008 4442 ἐν

335 4473 527 4536 αὐτοῖς
557 4472 657 4528 ἀνᾶ
718 4475 790 4545 η“,
849 4473 885 4543 ἢ
948 4480 998 4544 ι’,
1055 4473 1092 4544 ἢ
1149 4473 1395 4530 ἐπέκεινα
1451 4473 1784 4551 καλόγηροι,
1831 4474 1879 4530 εἲ
1915 4468 2006 4530 καὶ

329 4564 481 4638 τάχα
529 4561 736 4619 δίκαιον
795 4565 898 4620 ούκ
957 4559 1120 4636 ἔστιν,
1186 4563 1314 4620 ἀλλ’
1375 4565 1468 4620 οῦν
1527 4563 1884 4639 εὐδοκοῦμεν,
1914 4567 2006 4621 ἳνα

2109 3399 2407 3454 sessiones
2440 3397 2619 3452 etiam
2649 3394 2908 3450 habeant
2936 3392 3281 3465 hujusmodi
3303 3391 3562 3446 oratoria
3584 3408 3598 3457 ;
3623 3391 3763 3446 licet

2109 3488 2221 3544 hoc
2243 3486 2513 3542 fortassis
2528 3486 2665 3557 jure
2697 3501 2820 3539 non
2843 3484 2966 3552 flat,
2994 3487 3194 3538 tamen
3226 3485 3561 3552 prepterea,
3595 3480 3755 3551 quod

2102 3579 2232 3652 jam
2278 3582 2415 3633 ante
2446 3575 2845 3648 provisionem
2894 3572 3263 3645 augustalem
3312 3571 3663 3638 meruerint,
3697 3572 3760 3626 in

2110 3674 2416 3742 posterum
2436 3683 2672 3739 quoque
2688 3663 3227 3738 permaneant,sive
3244 3661 3352 3716 sub
3368 3660 3766 3732 metropolitis

2112 3777 2217 3817 seu
2249 3758 2565 3832 episcopis,
2600 3757 2707 3812 sub
2739 3756 2956 3828 quibus
2992 3760 3049 3810 et
3079 3753 3254 3809 modo
3287 3757 3445 3818 sunt,
3493 3752 3762 3808 easdem-

2113 3867 2227 3923 que
2260 3850 2430 3905 sedes
2461 3865 2670 3904 rursus
2694 3847 2975 3917 habeant,
2999 3862 3066 3900 eo
3097 3843 3384 3900 nimirum
3415 3848 3764 3914 excepto,ue

2113 3941 2188 3997 ad
2218 3941 2365 3996 alias
2397 3954 2682 4010 personas
2724 3936 3226 3992 transmittantur.
3278 3935 3423 3988 Nam
3453 3937 3770 4004 propterea

2112 4031 2395 4102 majestas
2420 4034 2626 4084 nostra
2656 4044 2730 4082 ne
2780 4025 3146 4081 monasteria
3193 4023 3434 4095 quidem
3483 4039 3553 4078 ea
3578 4027 3768 4088 vocat,

2114 4120 2218 4176 sed
2249 4120 2404 4175 ruris
2455 4117 2746 4184 oratoria;
2779 4116 3084 4187 calogeros
3141 4114 3343 4180 etiam,
3375 4129 3484 4168 ceu
3517 4112 3765 4180 dictum,

2112 4210 2414 4266 habentia.
2461 4210 2861 4276 Qumcumque
2892 4221 3028 4259 vero
3087 4219 3326 4258 rursum
3385 4218 3455 4256 ex
3483 4201 3663 4268 villis,
3711 4206 3770 4256 et

2112 4300 2378 4357 indicato
2402 4296 2576 4353 modo
2599 4297 2755 4351 facta
2776 4300 2916 4350 sunt
2934 4291 3318 4357 monasteria,
3345 4291 3394 4344 si
3425 4290 3766 4359 complures

2115 4407 2185 4447 ex
2205 4389 2414 4445 vicinis
2425 4387 2552 4458 jam
2568 4391 2703 4442 ante
2721 4382 3034 4454 contigerit
3050 4382 3110 4436 in
3129 4378 3482 4444 eistonderi,
3509 4394 3766 4448 quorum

2113 4477 2491 4553 patrimoniis
2521 4476 2646 4531 illic
2661 4471 3049 4539 consecratis,
3070 4485 3286 4542 magna
3314 4468 3596 4539 deinceps
3613 4467 3770 4521 facta

2116 4571 2256 4638 sint,
2283 4572 2349 4622 ut
2377 4567 2438 4622 in
2463 4565 2714 4638 singulis
2745 4562 2821 4619 ad
2851 4566 3006 4630 octo,
3037 4560 3128 4616 vel
3157 4558 3386 4622 decem,
3418 4557 3510 4612 vel
3562 4556 3767 4628 plures

331 4653 436 4708 ὦσι
498 4657 664 4708 ταῦτα
724 4653 830 4709 ὑπὸ
886 4651 1017 4717 τοὺς
1071 4652 1492 4731 μητροπολίτας
1549 4655 1640 4710 καὶ
1697 4653 1823 4718 τοὺς
1884 4653 2000 4710 ἐπι-

2115 4658 2370 4729 calogeri
2402 4656 2650 4728 degant:
2704 4657 2762 4708 et
2793 4652 2841 4707 si
2872 4649 3141 4706 fortassis
3171 4648 3285 4703 hoc
3317 4647 3454 4719 jure
3486 4663 3608 4702 non
3639 4647 3764 4712 ﬂat,

332 4744 598 4818 σκόπους,
627 4745 717 4799 καὶ
775 4744 866 4800 ἳνα
926 4741 1104 4819 μηδὲν
1164 4746 1216 4799 οἱ
1271 4748 1519 4800 τοιοῦτοι
1565 4741 2004 4833 διακωλύωνταη

328 4832 396 4888 τὸ
428 4829 716 4908 δωρεῖσθαι
762 4834 856 4889 καὶ
891 4833 1274 4910 παραπέμπειν
1331 4831 1650 4906 αύτᾶξὸπου
1687 4829 2004 4911 βούλονται,

333 4922 491 4990 Πλὴν
525 4922 633 4997 ε’ἰγε
663 4929 957 5001 προεῖχον,
991 4921 1138 4980 ἀλλᾶ
1204 4922 1294 4980 καὶ
1345 4922 1435 4980 νῦν
1469 4921 1659 5000 ἔχουσι
1689 4923 1755 4979 τὰ
1786 4927 2008 4979 τοιαῦτα

331 5011 585 5068 ἐπέκεινα
637 5017 750 5068 τῶν
810 5020 880 5085 η’,
940 5016 975 5086 ἢ
1039 5021 1068 5068 ι’
1117 5013 1474 5090 καλογιςρων,
1509 5015 1599 5069 καὶ
1632 5012 1885 5088 ἰσχύουσι
1918 5011 2008 5069 διὰ

327 5109 434 5172 τῆς
491 5101 774 5182 εὐπορίας,
826 5107 894 5175 ἧς
948 5099 1162 5180 ἔχουσι,
1219 5104 1448 5168 τούτους
1501 5103 1753 5162 διοικεῖν.
1803 5105 1880 5163 Οὐ
1902 5106 2004 5182 γὰρ

330 5191 585 5250 δύνανται
686 5192 807 5259 νέας
911 5194 1224 5268 ἐπικτήσεις
1315 5197 1611 5268 ποιεῖσθαι,
1695 5195 2006 5252 κωλυθέντα

329 5281 600 5358 πρότερον
663 5284 759 5358 μὶν
819 5287 967 5360 παρᾶ
1016 5290 1113 5341 τοῦ
1159 5284 1496 5362 προπάππου
1545 5287 1706 5359 ἡμῶν
1766 5286 1854 5339 καὶ
1909 5286 2003 5360 βα·

331 5369 537 5437 σιλέως
596 5375 881 5449 Ῥωμανοῦ
937 5381 1033 5431 τοῦ
1086 5377 1362 5453 γέροντος.
1423 5379 1532 5430 Νῦν
1592 5372 1670 5444 δὲ,
1728 5374 1875 5447 παρὰ
1905 5381 2002 5445 τῆς

337 5461 630 5538 βασιλείας
688 5465 876 5537 ἡμῶν,
935 5463 1074 5522 Ἀπὸ
1131 5465 1233 5540 γὰρ
1290 5470 1390 5534 τῆς
1448 5461 1732 5539 παρούσης
1771 5463 2003 5536 νομοθεο

335 5570 462 5614 σιας
509 5553 599 5607 καὶ
651 5550 913 5617 πλείονας
964 5553 1052 5609 ἐὰν
1104 5552 1435 5632 ἀφορίσωσιν
1487 5551 1564 5615 εἷς
1593 5551 1722 5615 τοὺς
1752 5551 2002 5628 καλογή-

337 5661 490 5716 ρους,
533 5639 588 5696 εἷ’
629 5662 691 5697 τε
748 5641 1194 5718 μητροπολίτης,
1253 5642 1299 5698 εἲ
1355 5662 1413 5697 τε
1471 5641 1792 5712 ἐπισκοπος,
1826 5640 1916 5697 διὰ
1942 5642 2004 5697 τὸ

337 5731 442 5801 τήν
481 5730 762 5806 βασιλείαν
816 5735 978 5808 ἡμῶν
1037 5730 1156 5810 ἄρτι
1215 5731 1578 5809 διορίσασθαι,
1604 5731 1697 5788 ’ίνα
1736 5730 1836 5788 ὦσι
1873 5753 2002 5807 μον-

2115 4751 2310 4824 placet
2341 4751 2540 4802 tamen
2598 4743 2794 4812 nobis,
2826 4745 2892 4796 ut
2947 4739 3054 4794 illa
3083 4737 3191 4794 sub
3251 4735 3651 4808 metrOpolitis
3709 4739 3769 4790 et

2117 4837 2412 4913 episcopis
2442 4835 2581 4897 sint,
2612 4839 2671 4888 et
2697 4835 2765 4886 ut
2795 4831 2855 4885 hi
2887 4843 3266 4900 nequaquam
3315 4827 3769 4898 prohibeantur,

2115 4947 2233 5002 quo
2266 4927 2464 4983 minus
2489 4929 2546 4980 et
2574 4923 2820 4988 donent,
2852 4925 2911 4976 et
2941 4918 3355 4974 transmittant
3381 4933 3470 4985 ea,
3504 4932 3770 4988 quocun-

2115 5036 2233 5092 que
2260 5017 2504 5073 volunt:
2537 5012 2712 5070 modo
2763 5015 2965 5066 tamen
3023 5012 3082 5062 et
3115 5007 3282 5079 prius
3340 5005 3682 5070 habuerint,
3714 5009 3775 5059 et

2113 5123 2274 5163 nunc
2307 5105 2500 5160 adhuc
2529 5101 2788 5158 habeant
2817 5098 2976 5154 ultra
3004 5114 3121 5165 vm,
3153 5095 3242 5152 vel
3287 5114 3323 5150 χ
3355 5095 3679 5166 calogeros,
3711 5097 3773 5147 et

2114 5202 2350 5254 tantum
2380 5193 2615 5249 valeant
2657 5191 2719 5244 in
2777 5187 2971 5254 bonis,
3029 5203 3162 5257 quas
3221 5183 3550 5256 possident,
3581 5187 3647 5236 ut
3674 5180 3770 5235 his

2114 5285 2345 5343 alendis
2369 5283 2688 5339 sufficiant.
2705 5279 2931 5350 Quippe
2947 5291 3127 5332 novas
3141 5274 3447 5344 acquirere
3462 5275 3772 5340 nequeunt

2115 5377 2547 5451 possessiones,
2580 5372 2639 5428 id
2665 5372 2858 5427 facere
2909 5367 3212 5440 prohibita
3241 5365 3405 5436 prius
3463 5361 3704 5434 quidem
3735 5377 3771 5415 a

2113 5482 2336 5540 proavo
2353 5462 3016 5532 nostro,etimperatore
3035 5459 3300 5511 Romano
3319 5452 3575 5516 seniore,
3608 5465 3770 5504 nunc

2115 5559 2315 5613 autem
2339 5570 2372 5609 a
2396 5553 2706 5625 majestate
2723 5553 2947 5605 nostra.
2976 5547 3119 5601 Nam
3141 5545 3276 5614 post
3297 5541 3487 5614 legem
3504 5554 3768 5611 prassen-

2114 5649 2258 5713 tem,
2291 5642 2527 5700 etiamsi
2547 5641 2752 5712 plures
2773 5639 2929 5693 inter
2951 5635 3254 5705 calogeros
3277 5632 3633 5686 consecrent
3649 5627 3769 5683 sive

2115 5733 2498 5809 metropolita
2527 5730 2848 5804 quispiam,
2901 5741 3004 5781 seu
3059 5721 3393 5794 episcopus,
3453 5723 3771 5793 propterea
