4128 6430
402 380 522 442 627

1696 369 1868 430 IMP.
1914 364 2199 428 BASlLlI
2240 365 2603 428 JUNIORIS

3711 368 3834 430 628

410 512 571 587 quod
593 511 872 584 majestas
896 511 1102 565 nostra
1123 503 1300 561 modo
1325 504 1622 573 statuerit,
1651 508 1718 560 ut
1756 505 2045 560 monaste-

2174 519 2426 594 αστήρια,
2460 515 2528 573 τὰ
2557 515 2804 572 ἐπέκεινα
2867 515 2939 588 η’,
2995 517 3030 587 ἢ
3094 517 3123 569 ἱ“
3175 514 3507 591 καλογήρων
3541 514 3759 594 ἔχοντα,
3792 540 3839 575 ιι

410 606 504 661 ria
533 604 669 669 sint,
705 617 838 671 quae
869 599 1027 654 ultra
1054 613 1146 650 Vill
1196 595 1286 650 vel
1313 613 1349 650 x
1379 595 1682 666 calogeros
1731 594 1974 661 habent,
2013 593 2062 648 si

413 695 568 751 forte
590 689 983 746 sufﬁcientem
1007 702 1243 757 quoque
1266 689 1354 740 tot
1375 685 1681 740 monachis
1698 690 1914 739 terram
1927 700 2065 754 pos-

417 782 672 847 sideant,
705 795 824 833 non
881 776 1251 832 admittimus
1283 790 1390 829 ea:
1425 774 1526 829 sed
1559 780 1904 844 reputamus
1935 779 2062 827 tan-

417 887 597 943 quam
629 868 906 936 oratoria,
941 883 1072 937 quae
1096 865 1156 919 in
1187 865 1503 919 consortiis
1532 863 1892 934 praadiorum
1919 880 2062 917 con-

414 964 747 1024 struuntur,
772 958 927 1012 sicut
947 961 1006 1010 et
1022 954 1427 1026 praediximus,
1445 970 1804 1024 rursumque
1822 954 2062 1024 praediis

415 1065 484 1103 ea
505 1047 875 1118 subjicimus.
902 1043 1258 1098 Monasteria
1277 1058 1412 1096 vero
1436 1059 1542 1113 per
1563 1059 1624 1096 se
1649 1043 2056 1110 consistentia,

412 1143 470 1192 et
490 1138 618 1208 jam
651 1135 794 1192 olim
823 1150 1061 1206 magna,
1101 1132 1244 1187 licet
1272 1130 1448 1186 modo
1505 1130 1807 1202 calogeros
1837 1131 2059 1186 multos

408 1243 530 1281 non
561 1225 838 1292 habeant,
872 1222 974 1278 sed
1007 1223 1156 1277 forte
1181 1237 1287 1292 per
1316 1219 1738 1292 negligentiam
1769 1225 2062 1292 metropo-

407 1313 552 1386 litw,
582 1315 676 1370 vel
703 1313 987 1386 episcopi,
1022 1312 1149 1367 sine
1207 1310 1496 1382 calogeris
1527 1309 1685 1378 sint;
1720 1310 2056 1378 statuimus,

406 1409 475 1462 ut
497 1419 737 1460 rursum
769 1400 1196 1474 metrepolibus
1229 1405 1287 1455 et
1315 1398 1754 1472 episcopatibus
1800 1399 2055 1466 subsint,

405 1499 590 1566 utque
613 1494 842 1550 donent
863 1509 932 1548 ac
959 1490 1370 1546 transmittant
1387 1505 1477 1558 ea,
1501 1494 1618 1544 tam
1638 1489 2056 1560 metr0politze,

406 1600 589 1655 quam
623 1581 885 1655 episcopi
943 1596 1301 1652 quocunque
1358 1579 1492 1650 ipsi,
1544 1582 1602 1634 et
1659 1595 2056 1651 quancunque

408 1673 634 1728 volunt.

479 1764 533 1818 4.
591 1761 666 1817 De
726 1760 968 1816 tollenda
1016 1759 1438 1829 praescﬁptione
1489 1758 1748 1827 temporis
1799 1757 2056 1812 adversus

400 1856 610 1921 ﬁscum.
641 1879 712 1891 —
763 1850 983 1904 Praeter
1013 1847 1141 1902 haec
1197 1846 1520 1912 sancimus,
1577 1863 1652 1902 ne
1714 1851 1946 1917 tempus
1979 1846 2055 1900 sit

399 1939 644 2011 aliquod
665 1938 945 1994 adversus
971 1937 1202 2004 ﬁscum,
1229 1935 1460 2008 quojus
1491 1935 1620 2006 ejus
1649 1934 1880 1990 excludi
1911 1951 2036 2006 pos~

397 2030 510 2084 sit:
536 2029 638 2083 sed
663 2032 728 2083 ut
753 2029 931 2083 ﬁscus
983 2026 1282 2080 indicatus
1323 2026 1424 2096 jus
1473 2041 1647 2080 suum
1681 2024 1754 2080 ab
1786 2026 2046 2098 Augusto

392 2121 622 2174 Csesare
641 2122 892 2190 repetat,
926 2116 1176 2187 ejusque
1207 2113 1845 2186 recuperandijustam
1875 2119 2044 2186 pote-

393 2213 607 2264 statem
635 2207 868 2262 habeat.
906 2207 1050 2261 Nam
1079 2203 1378 2276 permulta
1411 2209 1569 2270 sunt,
1605 2219 1735 2274 quae
1766 2203 2042 2276 probant,

391 2314 567 2369 posse
591 2298 801 2353 ﬁscum
823 2296 1064 2350 omnino
1088 2311 1197 2350 sua
1225 2299 1515 2366 repetere.
1570 2293 1856 2363 Primum,
1885 2293 2045 2364 quod

393 2385 670 2442 sufﬁcere
699 2402 822 2441 non
861 2384 1048 2457 possit
1077 2384 1420 2454 imperator,
1452 2381 1527 2438 ad
1559 2398 1734 2454 quem
1785 2383 1887 2454 jus
1914 2383 2045 2454 ejus

395 2481 644 2548 spectat,
675 2475 762 2530 illi
792 2475 896 2530 toti
928 2475 1018 2529 vel
1065 2472 1471 2546 inspiciundo,
1503 2472 1594 2527 vel
1651 2473 2042 2541 observando,

395 2569 642 2636 propter
665 2565 1083 2636 occupationes
1114 2569 1174 2618 et
1201 2579 1376 2618 curas
1399 2561 1470 2616 de
1494 2561 1801 2633 republica
1830 2563 2039 2632 varias,

397 2670 636 2726 quoque
665 2653 1168 2710 sollicitudinibus
1200 2651 1453 2707 inﬁnitis
1493 2651 1758 2722 undique
1789 2652 2042 2707 circum-

397 2743 572 2799 datus
605 2743 698 2798 sit.
752 2742 1000 2809 Deinde,
1060 2741 1218 2813 quod
1273 2741 1400 2795 ﬁsci
1425 2740 1567 2812 jura
1617 2741 1677 2796 in
1709 2740 2044 2812 provincias

395 2831 676 2887 euntibus
733 2832 1022 2902 imponat.
1053 2829 1217 2885 Unde
1270 2829 1655 2885 manifestum
1715 2835 1823 2901 est,
1884 2829 2043 2901 quod

393 2939 771 2994 quiscunque
805 2921 892 2976 illi
952 2926 1132 2988 recte,
1194 2937 1260 2976 ac
1283 2921 1470 2992 juste,
1523 2937 1635 2976 nec
1680 2920 1755 2976 ad
1786 2920 2041 2977 circum-

388 3013 777 3084 scriptionem
808 3029 876 3067 ac
906 3011 1176 3066 fraudem
1209 3010 1336 3065 ﬁsci
1397 3010 1645 3078 faciunt,
1681 3010 1855 3066 ﬁrma
1885 3011 2038 3066 sint:

389 3119 521 3173 quae
548 3119 683 3158 vero
708 3102 791 3157 sic
814 3104 1156 3172 comparata
1177 3117 1298 3154 non
1321 3103 1481 3168 sunt,
1516 3100 1644 3155 sine
1675 3100 1888 3156 robore
1916 3118 2039 3156 ma-

389 3197 594 3247 neant.
653 3191 754 3246 Vel
780 3191 997 3262 potius,
1060 3189 1283 3262 siquid
1339 3189 1659 3245 dicendum
1719 3207 1824 3261 pro
1871 3191 2036 3261 ﬁsco,

389 3296 525 3336 cum
551 3280 804 3336 voluerit
833 3280 1176 3351 imperator,
1208 3278 1552 3334 facultatem
1575 3278 1754 3334 habet
1779 3279 1883 3334 illa
1908 3297 2044 3351 per-

391 3370 682 3442 sequendi
739 3386 808 3425 ac
863 3374 1042 3442 prout
1096 3369 1209 3440 ipsi
1264 3368 1481 3440 placet,
1540 3368 1878 3424 ordinandi.
1932 3372 2048 3426 Nec

397 3460 665 3531 alioquin
696 3458 986 3515 accidisse
1047 3457 1397 3530 reperietur,
1459 3457 1617 3529 quod
1649 3475 1946 3514 annorum
1978 3477 2050 3515 xL

398 3553 635 3621 tempus
667 3549 728 3603 in
755 3549 1131 3602 observatum
1178 3546 1494 3617 efﬂuxerit,
1528 3552 1588 3602 et
1618 3547 1774 3618 quod
1821 3549 2051 3605 interea

402 3654 526 3695 non
557 3638 768 3694 exierit
792 3637 1112 3708 inspector,
1146 3640 1249 3691 aut
1278 3636 1496 3707 aliquis
1535 3638 1884 3710 augustalis,
1919 3639 2047 3694 ﬁsci

395 3729 498 3799 jus
530 3732 974 3800 persecuturus.
1008 3727 1064 3780 Si
1096 3743 1231 3781 vero
1286 3711 1425 3781 talis.
1452 3726 1750 3798 quispiam
1801 3728 1875 3782 ad
1907 3745 2047 3784 con-

401 3817 798 3873 servationem
829 3832 896 3870 ac
927 3815 1342 3886 repetitionem
1365 3815 1594 3887 jurium
1646 3817 1772 3871 ﬁsci
1804 3817 2046 3887 missus,

399 3906 590 3976 turpis
611 3905 761 3960 lucri
787 3904 1040 3975 cupidus
1060 3921 1128 3959 ac
1160 3904 1576 3960 fraudulentus
1607 3906 1960 3974 inveniatur,
1991 3913 2050 3964 et

397 4011 604 4050 eorum
627 3994 1076 4065 inquisitionem
1109 4010 1176 4049 ac
1207 3995 1647 4067 reparationem
1678 3996 1954 4068 negligat,
1987 4004 2046 4053 et

395 4101 570 4141 avaro
590 4084 980 4156 improboque
1003 4086 1205 4140 animo
1233 4085 1503 4156 proditor
1524 4085 1755 4156 jurium
1782 4087 1910 4158 ejus
1941 4105 2042 4158 po-

397 4175 513 4229 tius
539 4192 669 4229 esse
697 4175 855 4228 visus
885 4173 1104 4239 fuerit;
1159 4191 1280 4229 non
1311 4179 1626 4246 propterea
1659 4177 1836 4231 ﬁscus
1867 4193 2046 4232 causa

395 4281 503 4320 sua
524 4265 935 4336 cadet,quijus
958 4281 1133 4320 suum
1152 4281 1462 4334 nunquam
1483 4267 1761 4336 persequi
1812 4266 2040 4322 deﬁnit.

392 4358 584 4425 Atque
617 4357 727 4410 hoc
757 4371 961 4410 revera
988 4354 1159 4410 factis
1186 4354 1331 4424 ipsis
1363 4354 1643 4425 majestas
1675 4372 1807 4411 mea
1831 4355 2044 4428 depre-

391 4447 623 4513 hendit,
655 4447 814 4516 quod
877 4450 1002 4499 tum
1058 4446 1448 4516 inspectores,
1503 4450 1627 4500 tum
1677 4445 1777 4500 alii
1837 4463 2040 4502 curam

391 4535 520 4590 ﬁsci
551 4540 824 4606 gerentes
879 4535 981 4605 qui
1011 4534 1086 4589 ad
1118 4533 1488 4606 prmstandas
1519 4551 1732 4606 operas
1767 4535 2042 4590 emittun-

391 4629 509 4690 tur,
543 4624 811 4678 inﬁnitas
842 4623 1122 4678 adversus
1177 4639 1314 4678 eum
1372 4623 1614 4678 fraudes
1669 4623 2040 4694 excogitent;

2159 4625 2229 4688 εἷς
2305 4623 2557 4686 δουλείας
2615 4621 3110 4697 ἀποστελλόμενοι,

392 4712 671 4782 quodque
722 4712 893 4782 pauci
928 4713 1325 4783 reperiantur,
1359 4713 1461 4783 qui
1494 4712 1790 4768 mendatis
1822 4713 2042 4768 nostris

391 4800 453 4854 in
483 4799 764 4855 omnibus
793 4817 923 4870 quae
955 4800 1112 4856 dicta
1141 4806 1300 4869 sunt,
1333 4801 1720 4857 satisfaciant.

463 5000 514 5052 5.
549 4999 626 5051 De
655 4997 966 5055 homicidio.
995 5030 1061 5038 —
1093 4999 1213 5052 Hoc
1245 4978 1482 5070 quoque
1514 4999 1838 5065 sancimus,
1872 5003 1937 5052 ut
1962 5003 2042 5054 ta-

388 5087 560 5142 metsi
609 5085 700 5140 lex
766 5087 962 5157 prisca
992 5089 1088 5155 sit,
1143 5103 1261 5158 qua
1315 5087 1798 5160 protospatharii,
1859 5092 1916 5142 et
1945 5088 2039 5143 his

387 5177 746 5247 superiores,
767 5176 826 5230 in
841 5177 1144 5232 homicidii
1160 5177 1463 5246 piaculum
1478 5177 1830 5244 incidentes,
1847 5182 2037 5232 morte

385 5284 504 5321 non
535 5267 898 5335 afﬁciuntur,
934 5267 1036 5321 sed
1066 5267 1318 5320 infames
1360 5268 1530 5331 ﬁunt,
1563 5270 1622 5320 et
1652 5266 1768 5320 alia
1794 5267 2034 5336 patiun-

383 5361 498 5424 tur,
525 5372 918 5426 qumcunque,
944 5356 1049 5409 illa
1080 5355 1206 5426 lege
1229 5360 1449 5409 statuta
1482 5361 1652 5410 sunt:
1691 5361 1889 5409 tamen
1922 5355 2032 5422 illi,

383 5447 483 5516 qui
508 5445 706 5515 palam
739 5444 1044 5499 homicidii
1065 5445 1524 5512 convincuntur,
1549 5445 1795 5500 etdolos
1819 5445 2031 5511 malos,

383 5541 483 5589 aut
505 5535 978 5604 conjurationes,
1013 5538 1116 5587 aut
1153 5532 1454 5604 improbas
1515 5534 1874 5602 molitiones,
1933 5539 2036 5589 aut

383 5623 742 5693 imposturas
760 5623 833 5678 ad
866 5622 1215 5678 detestabile
1240 5623 1470 5678 facinus
1495 5625 1604 5679 hoc
1651 5629 1906 5690 struunt,
1933 5630 2035 5680 aut

384 5726 627 5780 operam
657 5711 769 5768 sibi
798 5717 1114 5770 navaturos
1141 5711 1216 5772 ad
1245 5711 1306 5770 id
1335 5713 1614 5786 nequiter
1642 5714 2026 5784 persuadent,

2170 605 2315 682 τάχα
2368 605 2458 661 καί
2515 607 2614 674 τήν
2673 606 2997 681 ἐξαρκοῦσαν
3060 610 3175 668 τοῖς
3233 605 3519 668 τοσούτοις
3561 613 3841 682 μοναχοῖς

2171 698 2273 770 γῆς
2304 690 2548 771 ἔχουσιν,
2600 696 2661 751 ού
2716 693 2994 771 δεχόμεθα
3050 699 3240 752 ταῦτα.
3295 695 3457 751 Ἀλλ’
3489 697 3562 758 ὡς
3593 695 3668 759 εἷς
3703 698 3836 752 ἀνα-

2171 787 2455 849 κοινώσεις
2536 786 2762 862 χωρίων
2821 785 3083 860 γινόμενα
3142 783 3401 859 εύκτήρια
3462 784 3830 860 λογιζόμεθα,

2172 877 2262 929 οἷα
2318 875 2409 929 καὶ
2459 875 2817 950 προείπομεν,
2876 874 2968 928 καὶ
3023 874 3127 928 ὑπὸ
3177 876 3244 929 τὰ
3295 875 3476 949 χωρία
3507 874 3672 930 πάλιν
3703 876 3838 932 αὐτὰ

2169 969 2454 1038 ποιοῦμεν.
2486 966 2565 1020 Τὰ
2597 963 2654 1020 δὲ
2685 963 2984 1034 ἱδιόστατα,
3016 963 3106 1019 καὶ
3161 963 3260 1019 ὅσα
3315 963 3526 1038 μεγάλα
3561 968 3838 1038 μοναστή-

2170 1074 2260 1128 ρια
2290 1054 2350 1108 ἐκ
2391 1055 2632 1110 παλαιοῦ
2682 1054 2842 1126 ἦσαν,
2894 1054 2939 1108 εἰ
2986 1055 3133 1128 τάχα
3190 1053 3280 1108 καὶ
3330 1053 3680 1130 καλογήρους
3714 1054 3834 1131 ἄρτι

2168 1140 2414 1206 πολλοὺς
2463 1144 2562 1201 ούκ
2615 1148 2857 1220 ἐχουσιν,
2916 1143 3064 1200 ἀλλά
3115 1147 3185 1217 τῇ
3242 1141 3473 1216 ἀμελείᾳ
3525 1146 3694 1220 τυχὸν
3736 1151 3835 1201 τοῦ

2173 1231 2588 1308 μητροπολίτου
2641 1233 2675 1302 ἢ
2733 1237 2830 1287 τοῦ
2907 1231 3206 1287 ἐπισκόπου
3273 1231 3450 1306 χωρὶς
3508 1230 3828 1309 καλογὲρων

2168 1320 2290 1376 εἶσί·
2324 1319 2701 1398 διοριζόμεθα,
2749 1323 2840 1376 ’ἰνα
2883 1322 2971 1376 καὶ
3021 1319 3186 1376 πάλιν
3233 1324 3401 1375 ταῦτα
3452 1320 3555 1376 ὑπὸ
3593 1322 3687 1384 τὰς
3719 1345 3833 1396 μη-

2163 1409 2458 1485 τροπόλεις
2516 1411 2606 1466 καὶ
2665 1411 2760 1472 τὰς
2809 1409 3105 1472 ἐπισκοπάς
3166 1410 3476 1485 ὑπάρχωσι,
3525 1413 3617 1465 καὶ
3665 1413 3828 1488 χαρί-

2169 1505 2299 1570 ζωσι
2329 1505 2517 1572 ταῦτα,
2568 1501 2659 1556 καὶ
2703 1501 3142 1574 παραπέμπωσιν
3194 1501 3248 1554 οἱ
3301 1500 3708 1576 μητροπολῖται
3736 1502 3827 1558 καὶ

2166 1591 2219 1645 οἱ
2250 1590 2563 1664 ἐπίσκοποι,
2598 1590 2738 1646 ὅπου
2766 1590 2858 1646 καὶ
2890 1591 2981 1646 ὅτε
3012 1587 3250 1654 θέλουσι.

2237 1768 2300 1827 δ’.
2355 1771 2484 1846 Ηερὶ
2541 1774 2638 1826 τοῦ
2699 1768 2904 1846 χρόνου
2965 1771 3042 1842 μὴ
3111 1768 3245 1824 εἶναι
3305 1769 3442 1824 κατᾶ
3491 1773 3590 1825 τοῦ
3645 1768 3826 1842 δημο-

2081 1880 2129 1946 Β
2164 1857 2302 1917 σίου.
2335 1891 2405 1902 —-
2435 1860 2576 1936 Πρὸς
2631 1860 2847 1923 τούτοις
2904 1858 3251 1932 θεσπίζομεν,
3299 1859 3389 1946 ’ίνα
3447 1859 3523 1932 μὴ
3624 1861 3828 1934 χρόνος

2158 1948 2294 2003 κατά
2321 1949 2417 2003 τοῦ
2467 1947 2761 2022 δημοσίου,
2812 1946 3111 2022 δυνάμενος
3163 1945 3474 2003 ἀποκλείειν
3519 1948 3582 2004 τὸ
3614 1946 3821 2006 δίκαιον

2155 2038 2372 2094 τούτου’
2422 2036 2550 2093 ἀλλ’
2593 2037 2686 2094 ’ίνα
2734 2040 2761 2094 6
2812 2037 2998 2114 ῥηθεὶς
3057 2034 3324 2110 δημόσιος
3383 2037 3721 2109 ἀνακαλῆται
3761 2040 3822 2095 τὸ

2156 2124 2300 2181 ἴδιον
2334 2126 2542 2183 δίκαιον
2599 2128 2704 2183 ἀπὸ
2762 2127 3076 2201 Αὐγούστου
3136 2125 3428 2201 Καίσαρος,
3474 2127 3563 2182 καὶ
3597 2124 3820 2182 δικαιῶ-

2152 2237 2241 2272 ται
2297 2217 2422 2292 περὶ
2476 2219 2574 2286 τὴν
2635 2237 2830 2272 τουτου
2879 2213 3172 2289 ἀνάληψιν.
3235 2213 3429 2272 Πολλᾶ
3487 2215 3587 2291 γὰρ
3620 2215 3820 2271 εἰσιτά

2153 2311 2484 2362 συνιστῶντα
2509 2310 2707 2362 τοῦτον
2754 2304 3001 2376 ἐκζητεῖν
3051 2302 3118 2360 δι’
3177 2303 3312 2360 ὅλου
3341 2307 3410 2361 τὰ
3439 2302 3569 2360 ἱ’δια⁶
3602 2309 3818 2380 πρῶτον

2157 2397 2278 2470 μὲν,
2325 2398 2388 2451 τὸ
2448 2397 2525 2469 μή
2587 2393 2840 2451 δύνασθαι
2899 2393 3138 2470 ἐξαρκεῖν
3170 2396 3263 2450 τὸν
3295 2399 3592 2471 κρατοῦντα
3617 2393 3816 2450 τούτου

2159 2484 2386 2560 βασιλέα
2416 2484 2585 2541 πάντα
2640 2483 2845 2541 ἐκεῖνον
2901 2483 3312 2549 ἐπισκέπτεσθαι
3370 2483 3460 2539 καὶ
3513 2483 3813 2559 ἐπιτηρεῖν,

2155 2574 2246 2631 διὰ
2272 2577 2334 2631 τὸ
2378 2574 2774 2650 πολυάσχολον
2834 2575 2925 2630 καὶ
2974 2574 3442 2652 πολυφρόντιστον
3474 2578 3572 2630 τοῦ
3601 2578 3816 2646 κοινοῦ,

2151 2663 2242 2719 καὶ
2291 2664 2353 2719 τὸ
2417 2663 2633 2738 μυρίαις
2691 2662 3031 2738 πανταχόθεν
3093 2661 3593 2738 περιστοιχίζεσθαι
3649 2682 3817 2740 φρον-

2149 2753 2309 2808 τίσινο
2363 2747 2546 2808 ἔπειτα
2600 2749 2677 2824 δὲ,
2728 2753 2790 2806 τὸ
2844 2747 3140 2815 ἀνατιθέναι
3185 2752 3254 2805 τά
3298 2751 3494 2806 τούτου
3521 2756 3638 2814 τοῖς
3671 2752 3814 2826 ἐξερ-

2150 2836 2410 2915 χομένοις
2443 2841 2519 2904 είς
2561 2839 2626 2894 τὰ
2683 2841 2910 2914 θὲματα.
2967 2841 3121 2904 Ὃθεν
3181 2836 3352 2909 δῆλόν
3411 2839 3575 2908 ἐστιν,
3609 2841 3682 2904 ὡς
3715 2840 3814 2896 ὅσα

2155 2933 2250 3005 μὶν
2302 2933 2355 2986 οἱ
2406 2935 2646 2986 τοιοῦτοι
2705 2928 2914 2998 καλῶς,
2974 2930 3064 2984 καὶ
3129 2929 3265 3003 μετά
3323 2927 3690 3002 δικαιοσύνης,
3721 2931 3811 2986 καὶ

2155 3023 2231 3094 μὴ
2291 3022 2428 3096 πρὸς
2488 3022 2832 3096 περιγραφὴν
2892 3021 3062 3074 αὐτοῦ
3119 3023 3393 3090 ποιοῦσιν,
3449 3020 3616 3095 παγία
3655 3022 3808 3076 εἶναι’

2149 3111 2216 3166 τὰ
2241 3107 2298 3166 δὲ
2333 3112 2409 3184 μὴ
2456 3108 2630 3172 οὕτως
2670 3107 2890 3185 ἔχοντα,
2947 3109 3220 3186 ἀνίσχυρα
3280 3113 3521 3182 μενοῦσι.
3583 3109 3810 3168 Μᾶλλον

2158 3198 2236 3269 δὲ,
2267 3200 2311 3254 εἰ
2344 3201 2456 3276 χρή
2506 3221 2558 3254 τι
2617 3199 2707 3254 καὶ
2763 3199 2895 3273 ὑπὲρ
2940 3203 3038 3253 τοῦ
3089 3196 3358 3272 δημοσίου
3390 3197 3584 3270 εἰπεῖν,
3632 3198 3754 3253 ὅταν
3787 3200 3814 3254 ὁ

2163 3287 2470 3367 βασιλεύειν
2502 3288 2693 3364 λαχὼν
2738 3287 3060 3364 βουληθείη,
3090 3289 3158 3342 ’ἶν’
3190 3282 3294 3362 ἔχῃ
3328 3285 3410 3342 ἐπ’
3439 3285 3618 3350 ἀδείας
3650 3291 3818 3343 ταῦτα

2162 3383 2366 3449 ζητεῖν,
2451 3379 2542 3433 καὶ
2629 3378 2702 3439 ὡς
2792 3377 3014 3453 ἀρεστὸν
3102 3377 3274 3450 αὐτῷ,
3340 3379 3510 3432 ταῦτα
3568 3373 3814 3434 διοικεῖν.

2159 3465 2494 3530 ’Λλλωςοτε
2552 3463 2610 3521 δὲ
2659 3463 2785 3521 οὐδὲ
2861 3465 3228 3541 εὑρεθήσεται,
3287 3467 3361 3528 ὠς
3437 3465 3818 3541 ἀπερισκόπως

2157 3553 2674 3628 τεσσαρακονταετία
2723 3552 2939 3625 διῆλθε,
2998 3555 3087 3609 καὶ
3145 3555 3244 3610 οὐκ
3293 3554 3514 3629 ἐξῆλθεν
3575 3555 3815 3627 ἐπόπτης

2158 3645 2193 3715 ἢ
2243 3644 2550 3719 βασιλικὸς,
2604 3645 2856 3714 ζητήσων
2907 3644 2970 3698 τὸ
3017 3648 3114 3698 τοῦ
3169 3641 3441 3717 δημοσίου
3489 3641 3718 3702 δίκαιον.
3754 3645 3818 3703 Εἰ

2159 3731 2218 3789 δὲ
2249 3735 2277 3788 ὁ
2305 3739 2555 3798 τοιοῦτος
2601 3733 2736 3808 πρὸς
2787 3733 3041 3788 σύστασιν
3093 3733 3184 3788 καὶ
3227 3735 3289 3788 τὸ
3338 3733 3820 3800 ἀνακαλεῖσθαιτά

2155 3828 2253 3878 τοῦ
2311 3820 2583 3896 δημοσίου
2636 3819 3117 3893 ἀποστελλόμενος
3184 3818 3387 3891 δίκαια,
3449 3822 3817 3900 αίσχοκερδής

2156 3911 2244 3966 καὶ
2305 3909 2531 3985 δολερὸς
2607 3908 3014 3985 εὑρισκόμενος,
3091 3913 3305 3983 παρορᾷ
3380 3909 3474 3980 μὲν
3531 3913 3594 3964 τὸ
3648 3917 3817 3967 ταῦτα

2156 4001 2429 4072 ἐπιζητεῖν
2505 4000 2594 4054 καὶ
2697 3997 3079 4072 ἀναρῥύεσθαι,
3155 3997 3515 4070 πλεονεκτικῇ
3593 3996 3650 4053 δὲ
3723 4002 3813 4055 καὶ

2158 4085 2421 4164 μοχθηρᾷ
2475 4087 2669 4164 γνώμῃ
2721 4083 2997 4160 προδότης
3050 4083 3263 4158 μᾶλλον
3311 4089 3418 4140 τῶν
3470 4085 3674 4142 ἐκείνου
3729 4087 3813 4144 δι-

2152 4177 2320 4232 καίων
2375 4176 2641 4248 ἀναφανῇ,
2721 4171 2878 4228 ούδὶν
2947 4173 3093 4249 παρὰ
3147 4177 3309 4229 τοῦτο
3361 4179 3812 4252 κατακριθήσεται

2153 4267 2181 4321 6
2233 4264 2520 4338 δημόσιος,
2569 4265 2596 4319 ὁ
2648 4260 2924 4336 μηδέποτε
2973 4262 3316 4337 παυσάμενος
3363 4266 3426 4320 τὸ
3483 4266 3675 4321 ἑαυτοῦ
3733 4266 3814 4324 δί-

2149 4377 2303 4412 καιον
2359 4355 2626 4426 ἐκζητεῖν.
2687 4355 2791 4410 Καὶ
2852 4358 3018 4410 τοῦτο
3077 4353 3159 4409 ἐπ’
3220 4355 3399 4411 αὐτῶν
3478 4361 3585 4412 τῶν
3643 4354 3814 4434 ἔργων

2149 4449 2546 4521 πραγματικῶς
2594 4445 2744 4519 εὗρεν
2789 4446 2824 4514 ἡ
2881 4443 3132 4518 βασιλεία
3184 4465 3312 4518 μου,
3365 4446 3439 4507 ὡς
3487 4445 3574 4500 καὶ
3623 4447 3674 4500 οἱ
3720 4446 3814 4501 ἐπ-

2153 4535 2335 4604 όπται,
2364 4535 2453 4590 καὶ
2500 4535 2552 4589 οἱ
2604 4532 2792 4596 ἄλλως
2839 4535 3236 4610 προνοούμενοι
3267 4538 3365 4590 τοῦ
3398 4533 3691 4607 δημοσίου,
3722 4536 3812 4591 καὶ

3193 4624 3421 4700 μυρίους
3477 4625 3594 4680 κατ’
3650 4625 3814 4681 αὐτοῦ

2151 4715 2500 4791 τεχνάζονται
2556 4709 2776 4781 δόλους,
2833 4712 2924 4766 καὶ
2970 4713 3151 4788 ὀλίγοι
3200 4713 3557 4787 εὑρίσκονται,
3618 4717 3669 4770 οἱ
3721 4717 3814 4778 τὰς

2151 4805 2473 4881 προστάξεις
2521 4806 2680 4875 ἡμῶν
2734 4800 3139 4877 ἐκπληροῦντες
3189 4801 3278 4857 ἐπὶ
3326 4809 3454 4858 πᾶσι
3506 4810 3622 4866 τοῖς
3660 4825 3816 4879 ειρη-

2153 4896 2360 4968 μένοις.

2222 4985 2278 5040 ε’.
2316 4981 2443 5057 Περὶ
2477 4981 2663 5056 φόνου.
2709 5012 2775 5021 —
2821 4981 2917 5034 Καὶ
2968 4984 3132 5035 τοῦτο
3183 4978 3531 5051 θεσπίζομεν·
3580 4979 3624 5034 εἰ
3672 4979 3817 5055 τάχα

2147 5075 2234 5128 καὶ
2283 5073 2458 5142 νόμος
2507 5068 2745 5131 παλαιός
2787 5068 3074 5140 ἐστι,τοὺς
3123 5069 3670 5142 πρωτοσπαθαρίους,
3723 5071 3814 5129 καὶ

2145 5163 2274 5223 τοὺς
2341 5157 2597 5232 ἀνωτέρω
2663 5157 2896 5226 τούτων,
2969 5163 3048 5230 τῷ
3109 5161 3317 5235 φονικῷ
3389 5159 3814 5233 περιπίπτοντας

2151 5252 2330 5324 μύσει,
2381 5250 2458 5321 μή
2505 5247 2888 5318 ἀποθνήσκειν,
2950 5245 3078 5301 ἀλλ’
3123 5247 3471 5319 ἀτιμοῦσθαι,
3507 5251 3816 5315 πανθαίνειν

2144 5341 2470 5417 [παθαίνειν]
2499 5360 2558 5394 τε
2587 5339 2675 5393 καὶ
2712 5335 2878 5407 ἄλλα,
2911 5336 3009 5391 ὅσα
3059 5342 3136 5409 τῷ
3184 5337 3340 5411 νόμῳ
3390 5339 3579 5414 ἐκείνῳ
3625 5339 3813 5418 διηγό-

2145 5450 2348 5507 ρευται”
2385 5427 2511 5484 ἀλλ’
2543 5430 2635 5484 οὖν
2682 5429 2811 5490 τοὺς
2857 5433 3101 5506 φανερῶς
3155 5427 3566 5505 ἐλεγχομένους
3606 5439 3808 5510 φονεῖς,

2143 5522 2231 5577 καὶ
2266 5519 2483 5588 δόλους,
2533 5519 2567 5588 ἢ
2624 5517 2988 5590 συνωμοσίας,
3039 5515 3075 5586 ἤ
3129 5520 3412 5591 συσκευᾶς,
3465 5523 3498 5590 ἢ
3551 5519 3812 5586 ἐπιθέσεις

2140 5611 2278 5685 πρὸς
2306 5611 2368 5665 τὸ
2399 5608 2602 5682 μύσους
2652 5606 2796 5677 ἄξιον
2845 5611 3008 5661 τοῦτο
3054 5605 3208 5685 ἔργον
3258 5614 3572 5684 ποιοῧνίιεοις³
3617 5612 3652 5680 ἢ
3684 5613 3811 5668 τοὺς

2148 5701 2629 5776 ὑπηρετουμένους
2689 5700 2876 5763 αὐτοῖς
2933 5701 3370 5775 παραπείθοντας
3419 5703 3508 5758 καὶ
3577 5705 3639 5758 τὸ
3706 5725 3808 5759 πο-
