4128 6428
383 316 503 378 629

1546 314 1943 377 NOVELLE
1984 314 2561 376 CONSTlTUTION
2571 315 2657 376 ES

3691 316 3813 375 630

383 447 550 522 νηρὸν
581 443 954 517 ἐκτελοῦντας,
983 446 1209 508 τούτους
1247 443 1419 518 μηδὲν
1445 444 1551 501 ἀπὸ
1581 451 1677 501 τοῦ
1723 445 2033 520 ἀξιώματος

2152 453 2208 504 et
2225 449 2418 504 scelus
2432 449 2627 520 ipsum
2646 449 2984 521 perﬁciunt,
3004 449 3240 506 nullum
3255 454 3313 505 et
3329 449 3616 522 dignitate
3632 449 3808 520 adju-

390 536 741 615 ωφελεῖσθαι,
774 534 904 591 ἀλλ’
959 535 1034 596 ὡς
1091 534 1339 606 ἀναξίους
1393 534 1484 590 καὶ
1542 534 1769 609 ἀτίμους
1815 533 2044 606 κολάζε-

384 637 506 690 σθαι
537 624 626 679 καὶ
657 624 1040 695 ἀποθνήσκειν.
1092 621 1246 693 Πλὴν
1301 627 1468 679 τοῦτο
1516 621 1746 701 λέγομεν
1777 626 2042 700 γίνεσθαι,

385 717 512 770 ὅταν
545 717 580 784 ἡ
612 712 844 782 συσκευή
877 711 937 767 ἐκ
996 709 1230 786 μελέτης
1290 711 1379 767 καί
1431 709 1622 782 δόλου,
1681 715 1770 768 καὶ
1801 716 1836 783 ἡ
1870 735 2039 768 συνω-

387 802 557 876 μοσία
583 802 674 857 καὶ
707 805 742 872 ἡ
776 801 1013 867 ἐπίθεσις
1060 801 1167 856 ἀπὸ
1225 805 1480 878 φανεροῦ,
1510 803 1597 858 καὶ
1659 803 1766 858 ἀπὸ
1797 809 2042 876 πονηρᾶς

384 893 620 969 γνώμης
654 893 970 967 ὑπάρχωσι,
994 891 1084 947 καὶ
1116 897 1246 946 πᾶσι
1304 892 1606 969 καταφανὲς
1662 892 1772 963 εἴη,
1803 893 1878 956 ὡς
1909 912 2042 967 προ-

380 985 586 1057 τροπῇ,
618 983 705 1037 καὶ
770 981 1065 1036 συναινέσὲι
1123 980 1214 1036 καὶ
1273 979 1476 1052 εἷδήσει
1535 982 1736 1051 αὐτῶν,
1770 980 1877 1038 εἴτε
1909 980 2040 1044 λαὸς

385 1070 613 1140 συνέστη
645 1113 665 1140 ,
724 1070 814 1124 καὶ
867 1064 1146 1144 προϐάντα
1213 1069 1374 1146 φόνον
1437 1067 1765 1143 ἐνήργησεν,
1825 1069 1931 1125 εἷ’τε
1988 1070 2042 1124 οἱ

387 1158 783 1234 ὗπρὲτούμενοι
841 1159 1018 1213 αὐτῶν
1080 1157 1342 1232 [αὐτοῖς]
1398 1155 1488 1213 διὰ
1542 1160 1642 1229 τὴν
1692 1159 2043 1234 προύπαρξα-

383 1270 479 1304 σαν
517 1245 679 1322 μέσον
716 1246 896 1302 αὐτῶν
949 1267 1009 1302 τε
1062 1246 1152 1302 καὶ
1210 1251 1308 1302 τοῦ
1364 1248 1712 1325 φονευθέντος
1759 1245 2043 1322 διαμάχην

380 1339 473 1395 καὶ
539 1335 874 1416 φιλονεικίαν
956 1340 1117 1391 τοῦτο
1176 1335 1424 1393 ἐτέλεσαν
1461 1381 1476 1408 ,
1525 1339 1561 1409 ἢ
1629 1337 1783 1393 αὐτοὶ
1841 1337 2038 1394 ἐκεῖνοι

377 1428 761 1504 οἶκειοχείρως
789 1426 852 1481 τὸ
902 1429 1150 1481 τοιοῦτον
1184 1427 1416 1500 ἄθεσμον
1478 1421 1635 1504 ἔργον
1698 1427 2037 1504 εἰργάσαντο,

379 1517 415 1586 ἢ
471 1515 678 1580 ἀλλους
733 1514 1008 1592 γνωστοὺς
1067 1515 1252 1578 αὐτοῖς
1309 1516 1400 1571 καὶ
1459 1515 1656 1592 φίλους
1711 1517 2036 1591 παρέπεισαν

297 1658 311 1672 ,
379 1609 545 1662 τοῦτο
575 1603 990 1682 διαπράξασθαι.

455 1813 518 1870 ς’.
575 1805 707 1880 Περί
763 1807 872 1858 τῶν
931 1796 1372 1878 χρυσοϐούλλων
1409 1843 1422 1856 .

379 1900 502 1958 τοῖς
554 1892 806 1970 ἀνωτέρω
874 1891 1186 1967 εἰρημένοις
1272 1888 1627 1965 διοριζόμεθα
1710 1893 1798 1948 καὶ
1851 1897 2034 1948 τοῦτο’

380 1983 540 2042 Ἐπεὶ
594 1984 678 2038 καὶ
739 1975 1158 2057 χρυσοϐούλλια
1195 1979 1384 2036 πολλά
1433 1981 1740 2058 γεγόνασιν,
1786 1983 1874 2060 ἀφ’
1906 1980 1968 2038 οὗ
2000 1984 2035 2053 ἡ

390 2073 637 2150 βασιλεία
703 2073 856 2145 ἡμῶν
915 2077 1016 2141 τῆς
1071 2070 1535 2147 αύτοκρατορικῆς
1585 2067 1750 2142 ἐπέϐη
1814 2073 2037 2148 ἀρχῆς,

383 2164 585 2239 μέχρις
619 2162 680 2216 οὗ
711 2162 740 2215 ὁ
770 2157 1038 2237 πρόεδρος
1071 2157 1354 2223 Βασίλειος
1411 2159 1500 2215 καὶ
1540 2161 2040 2236 παρακοιμώμενος

370 2246 604 2322 κατέϐη,
636 2250 710 2313 εἰς
743 2247 799 2304 δὲ
825 2248 954 2313 τοὺς
981 2247 1271 2311 τοιούτους
1303 2251 1543 2324 χρόνους
1577 2249 1638 2304 ού
1667 2251 1737 2305 τὰ
1773 2247 2040 2306 δοκοῦντα

371 2343 513 2414 ἡμῖν
560 2340 788 2416 ἐγίνετο,
847 2336 974 2394 ἀλλ’
1010 2341 1046 2408 ἡ
1099 2335 1310 2393 ἐκείνου
1349 2336 1404 2393 ἐν
1450 2344 1579 2394 πᾶσι
1640 2337 1862 2411 θέλησις
1893 2339 2038 2417 ἐνερ-

371 2436 524 2507 γεῖτο
554 2430 646 2484 καὶ
679 2428 988 2502 πρόσταξις,
1039 2426 1525 2504 παρακελευόμεθα
1579 2428 1647 2483 τὰ
1706 2429 1759 2484 ἐν
1813 2427 2038 2491 ἐκείνοις

373 2526 496 2582 τοῖς
532 2518 762 2595 χρόνοις
821 2516 1090 2594 γενόμενα
1146 2511 1585 2592 χρυσοϐούλλια,
1645 2517 1818 2573 πάντα
1869 2516 2042 2594 ἄκυρα

383 2612 562 2684 μένειν
598 2609 689 2663 καὶ
721 2609 1071 2682 ἀνενέργητα·
1137 2607 1235 2661 ὅσα
1280 2604 1542 2677 δηλονότι
1604 2609 1679 2681 μὴ
1739 2608 2039 2681 προεκομί-

381 2712 586 2770 σθησαν
625 2698 948 2771 μετάτοῦτο
1003 2699 1072 2770 τῇ
1132 2693 1381 2772 βασιλείᾳ
1436 2717 1564 2769 μου,
1625 2698 1712 2751 καὶ
1767 2697 2041 2766 15,3111-

385 2791 568 2845 ΡΠΘΠ
616 2785 670 2842 ἐν
724 2785 907 2848 αὐτοῖς
968 2785 1196 2862 ἐργάφη.
1257 2785 1322 2840 Ἠ
1380 2788 1484 2860 γάρ
1547 2785 1799 2860 βασιλεία
1857 2787 2044 2859 ἡμῶν,

383 2878 550 2948 ἡνίκα
577 2877 670 2932 τὸν
700 2873 1022 2948 δηλωθέντα
1079 2871 1345 2950 πρόεδρον
1403 2875 1491 2930 καὶ
1535 2876 2041 2952 παρακοιμώμενον

387 2966 717 3038 κατεδίκασε,
777 2967 1067 3039 πρόσταξιν
1129 2963 1356 3037 ἐξέθετο,
1411 2963 1501 3018 ’ἱνα
1557 2967 1751 3026 πάντες
1802 2965 1870 3019 τὰ
1923 2985 2044 3020 τοι·

397 3059 534 3110 αὔτα
580 3053 952 3130 προκομίσωσι
990 3097 1004 3124 ,
1061 3051 1152 3108 καὶ
1233 3050 1488 3124 δέξωνται
1549 3048 1838 3128 βεϐαίωσιν
1873 3098 1888 3127 ,
1946 3059 2043 3109 τοῦ

397 3145 714 3202 ΕΤΙΙΡΙΙΘΗ
764 3141 1115 3218 οἴκειοχείρῳ
1171 3144 1332 3215 ἡμῶν
1390 3145 1573 3220 γραφῇ
1618 3144 2043 3219 προστιθεμένου

389 3233 445 3289 ἐν
477 3239 592 3296 τοῖς
612 3201 918 3296 τοιούτοις.
945 3201 1096 3290 ⁵⁷0ὲᾶ
1147 3201 1226 3287 δέ·
1259 3233 1323 3286 οὗ
1382 3201 1892 3307 προεκομίσθησαν,ι
1920 3231 2045 3289 οὐδὲ
2076 3201 2120 3269 C

385 3320 634 3397 ἐδέξαντο
660 3325 759 3393 τὴν
817 3317 1136 3399 βεϐαίωσιν,
1170 3321 1341 3397 ἄκυρα
1389 3321 1480 3376 καὶ
1529 3317 1757 3377 ἀϐέϐαια
1805 3319 2041 3378 ἔστωσαν

389 3414 466 3476 ὡς
495 3415 628 3478 νόθα
656 3414 743 3468 καὶ
777 3410 971 3488 ψευδῆ.
1019 3410 1084 3466 Εἰ
1142 3413 1247 3487 γὰρ
1279 3409 1462 3482 ἀληθῆ
1523 3415 1681 3484 ἦσαν,
1737 3413 2043 3488 προεκομί⁴

389 3504 590 3572 σθησαν
622 3501 684 3557 ’ἀν
716 3501 862 3579 παρὰ
884 3505 991 3556 τῶν
1027 3500 1267 3577 ἐχόντων
1291 3498 1444 3556 αὐτά.

465 3792 526 3861 ζ’.
559 3788 879 3848 Τελευταῖον
910 3787 967 3846 δὲ
994 3787 1085 3845 καὶ
1117 3790 1179 3844 τὸ
1209 3788 1333 3865 περὶ
1393 3791 1490 3844 τοῦ
1541 3785 1754 3844 δικαίου
1806 3793 1914 3845 τῶν
1947 3811 2044 3845 πα·

384 3880 664 3957 νηγύρεων
725 3880 1040 3945 στασιασθὲν
1101 3878 1418 3956 βουλόμεθα
1491 3879 1593 3948 τήν
1663 3879 2045 3954 προσήκουσαν

382 3971 534 4043 τάξιν
594 3969 812 4047 λαχεῖν.
872 3970 1024 4027 Ἐπεὶ
1099 3970 1201 4046 γὰρ
1260 3965 1558 4040 ἐδεήθησάν
1629 3990 1771 4032 τινες
1831 3967 2043 4046 διεγκα-

388 4065 648 4130 Λοῦντες,
708 4060 784 4124 ὡς
836 4055 1068 4115 ἔκπαλαι
1125 4062 1234 4113 τῶν
1290 4058 1506 4134 χρόνων
1564 4057 1804 4134 ἐχόντων
1865 4058 2039 4114 αὐτῶν

385 4153 691 4227 πανήγυριν
739 4145 1136 4222 συνισταμένην
1197 4146 1251 4203 ἐν
1305 4151 1424 4210 τοῖς
1479 4145 1639 4210 ἰδίοις
1667 4149 1882 4218 τόποις,
1940 4149 2041 4224 ἀφ-

386 4243 632 4298 ίστανται
676 4241 884 4298 τούτων
945 4242 1034 4296 καὶ
1091 4239 1472 4315 ἀναχωροῦσιν
1523 4239 1574 4292 οἱ
1605 4239 1702 4308 τήν
1734 4241 2039 4315 πανήγυριν

381 4337 738 4396 συνιστῶντες
800 4331 1232 4408 πραγματευταὶ,
1290 4329 1381 4385 καὶ
1434 4327 1560 4392 τοὺς
1621 4331 1714 4403 μὲν
1774 4329 2042 4394 παλαιοὺς

383 4421 652 4485 δεσπότας
682 4429 783 4492 τῆς
806 4419 1164 4495 πανηγύρεως
1208 4417 1452 4494 ἐρήμους
1509 4417 2039 4493 καταλιμπάνσυσιν,

385 4512 440 4568 ἐν
477 4511 535 4567 δὲ
564 4517 686 4575 τοῖς
732 4511 926 4573 τόποις
985 4513 1090 4564 τῶν
1148 4505 1576 4585 ὑποδεχομένων
1625 4508 1818 4572 αὐτοὺς
1862 4510 2038 4565 καινί-

386 4609 542 4673 ζουσι
577 4603 674 4672 τήν
727 4603 1051 4677 πανήγυριν·
1111 4595 1431 4672 κελεύομεν,
1491 4597 1642 4673 εἷ’περ
1691 4599 1824 4654 ποτὲ
1865 4583 2121 4656 τοιάδ-Ι)

377 4694 478 4749 τόν
508 4714 561 4748 τι
591 4695 851 4768 γήνηται,
886 4689 932 4746 εἰ
967 4691 1062 4763 μὲν
1088 4687 1284 4764 ἀθρόον
1307 4687 1502 4750 πάντες
1546 4688 1638 4743 καὶ
1687 4689 2040 4763 ὁμοθυμαδὸν

382 4783 440 4837 οἱ
473 4779 872 4858 πανηγυρισταὶ
926 4778 1016 4834 καὶ
1075 4775 1312 4852 ἔμποροι
1369 4778 1422 4833 οἳ
1479 4798 1537 4833 τε
1593 4776 1923 4853 αὐτόχθονες
1951 4782 2043 4836 καὶ

384 4874 441 4928 οἱ
476 4868 744 4943 ἐπήλυδες
789 4869 1104 4949 ἀφίστανται
1138 4868 1234 4941 μὶν
1267 4867 1372 4922 ἀπὸ
1423 4870 1521 4922 τοῦ
1566 4864 1806 4922 παλαιοῦ
1847 4865 2043 4925 δεσπό-

380 4985 482 5027 τος
511 4970 610 5034 τῆς
640 4961 1022 5038 πανηγύρεως,
1064 4958 1465 5035 προσέρχονται
1518 4955 1574 5014 δὲ
1621 4958 1825 5034 ἑτέροις
1852 4962 2044 5025 τόποις

380 5053 714 5123 καινίζοντες
737 5053 838 5122 τήν
871 5051 1197 5126 πανήγυριν,
1242 5043 1389 5124 ἔχειν
1445 5046 1639 5113 αὐτους
1662 5049 1724 5104 τὸ
1756 5049 2041 5107 ἀκώλυτον

383 5143 481 5201 καὶ
517 5141 822 5217 ἐλεύθερον,
853 5140 944 5195 καὶ
976 5139 1052 5202 ὡς
1085 5139 1144 5194 ἃν
1188 5134 1255 5208 δὴ
1293 5135 1585 5207 βούλονται
1618 5135 1912 5215 διενεργεῖν
1941 5143 2040 5210 τῆς

381 5231 743 5310 πανηγύρεως
801 5229 1034 5297 τοπικὴν
1126 5225 1405 5301 μετάθεσιν
1441 5270 1456 5297 ,
1547 5227 1620 5300 μὴ
1687 5227 2042 5303 βίαζομένους

385 5323 631 5392 πάντως,
662 5318 789 5376 ἀλλ’
842 5317 1099 5380 ἑκουσίως
1157 5317 1250 5372 καὶ
1307 5314 1639 5392 αὐθαιρέτως
1697 5317 1834 5392 πρός
1879 5323 2040 5375 τοῦτο

384 5410 740 5494 φερομένους.
788 5409 853 5468 Εἰ
887 5406 943 5464 δὲ
1001 5405 1276 5468 διάστασις
1334 5405 1385 5460 ἐν
1437 5411 1554 5469 τοῖς
1609 5415 2042 5483 πανηγυρισταῖς

377 5500 627 5581 γένηται,
677 5500 768 5556 καὶ
830 5500 882 5554 οἱ
935 5498 1028 5572 μὶν
1089 5496 1362 5571 αἱροῦνται
1422 5496 1555 5550 εἶναι
1612 5494 1665 5550 ἐν
1724 5497 1806 5560 οἷς
1849 5498 2042 5562 τόποις

379 5591 785 5668 ἐπανηγύριζον
845 5588 934 5644 καὶ
966 5587 1256 5663 πρότερον,
1290 5585 1343 5640 οἱ
1374 5583 1431 5639 δὲ
1485 5585 1692 5640 τούτων
1726 5587 2040 5665 ἀφίστανται

376 5685 469 5744 καὶ
533 5683 672 5758 πρὸς
729 5678 941 5754 ἐτέρους
1003 5674 1368 5752 μεθίστανται,
1426 5679 1720 5747 τηνικαῦτα
1756 5677 1818 5732 τὸ
1851 5675 2038 5757 διαφέ-

2155 545 2424 596 mentum
2440 541 2808 612 capiant,sed
2825 548 3105 612 tanquam
3123 541 3470 613 illaindigni
3484 539 3808 596 etinfames

2154 632 2574 703 puniantur,ac
2590 631 2797 686 mortis
2814 631 3170 702 supplicium
3183 631 3683 686 ferant.Attamen
3697 630 3807 684 hoc

2155 720 2283 774 ﬁeri
2317 725 2460 776 tunc
2494 720 2710 776 debere
2743 720 3017 787 dicimus,
3067 737 3202 776 cum
3233 720 3527 776 insidiosa
3575 718 3807 774 molitio

2153 810 2585 884 proﬂsciscitur
2615 828 2649 867 a
2675 811 2810 866 dolo
2834 811 3140 878 meditato,
3175 817 3233 866 et
3254 811 3588 882 conjuratio
3629 814 3809 881 atque

2153 899 2373 956 invasis
2399 901 2620 972 palam,
2645 906 2704 956 et
2732 900 3004 972 improbo
3029 901 3260 955 exsistit
3281 901 3502 968 animo,
3527 916 3805 970 cumque,

2151 990 2536 1045 manifestum
2589 994 2679 1044 est
2732 989 3034 1057 omnibus,
3099 989 3258 1061 quod
3316 989 3714 1056 hortantibus,
3750 992 3808 1043 et

2151 1079 2640 1152 approbantibus,
2676 1084 2735 1133 et
2764 1078 3091 1134 scientibus
3117 1079 3264 1150 ipsis
3295 1085 3398 1134 aut
3423 1079 3677 1150 populus
3704 1096 3804 1133 co-

2149 1169 2342 1238 iverit,
2375 1171 2434 1222 et
2462 1168 2685 1223 caedem
2717 1167 3036 1223 admissam
3064 1167 3500 1240 designaverit;
3533 1172 3636 1223 aut
3670 1168 3804 1238 qui-

2150 1258 2285 1313 dam
2310 1275 2519 1330 cperas
2545 1259 2691 1330 ipsis
2724 1262 3010 1314 navantes
3041 1263 3285 1330 propter
3328 1258 3517 1313 rixam
3578 1262 3636 1312 et
3661 1273 3803 1312 con-

2150 1349 2500 1416 tentionem,
2520 1365 2652 1419 quae
2678 1348 2841 1420 prius
2865 1348 3024 1403 inter
3042 1348 3203 1420 ipsos
3217 1349 3547 1403 etoccisum
3565 1347 3807 1402 exstite-

2147 1442 2257 1507 rat,
2291 1454 2428 1493 eum
2458 1437 2863 1504 confecerint;
2897 1442 3000 1493 aut
3019 1437 3179 1509 quod
3211 1437 3452 1509 ipsimet
3476 1453 3583 1492 sua
3612 1451 3794 1492 manu

2145 1527 2378 1584 facinus
2440 1528 2737 1600 ejusmodi
2793 1527 3088 1585 nefarium
3144 1528 3638 1601 perpetraverint,
3696 1530 3799 1582 aut

2149 1617 2299 1673 alios
2328 1617 2439 1672 sibi
2467 1623 2661 1686 notos,
2698 1617 2758 1673 ef
2783 1618 3028 1686 amicos,
3063 1617 3137 1673 ad
3185 1616 3654 1690 perpetrandum
3684 1616 3794 1671 im-

2148 1707 2432 1779 pulerint.

1483 1834 1552 1845 —-
1619 1803 1741 1860 Ἑπὶ
1793 1808 1922 1858 πᾶσι
1983 1801 2040 1859 δὲ
2072 1823 2119 1887 Β
2214 1808 2264 1860 6.
2290 1805 2364 1860 De
2383 1805 2546 1860 bullis
2592 1807 2792 1860 aureis.
2823 1834 2891 1847 —
2951 1805 3115 1860 Ultra
3169 1821 3306 1860 vero
3330 1804 3489 1860 dicta
3529 1805 3804 1876 superius

2149 1894 2372 1964 omnia,
2396 1894 2507 1950 hoc
2526 1895 2705 1950 etiam
2730 1894 3074 1950 statuimus:
3098 1893 3388 1960 Quoniam
3411 1892 3799 1949 aureaebullaa

2148 1983 2352 2038 multaa
2375 1983 2542 2039 facta)
2580 1989 2741 2047 sunt,
2765 2000 2835 2039 ex
2867 1999 2981 2054 quo
3032 1984 3313 2055 majestas
3340 1987 3544 2038 nostra
3573 1982 3798 2054 princi-

2148 2077 2352 2145 patum
2384 2073 2831 2146 imperatorium
2864 2073 3032 2140 adiit,
3073 2071 3410 2144 usquedum
3443 2089 3663 2144 praeses
3694 2071 3796 2126 ille

2150 2163 2403 2218 Basilius
2435 2168 2494 2219 et
2551 2163 2857 2218 excubitor
2896 2167 3101 2218 noster
3157 2162 3424 2234 dejectus
3455 2162 3586 2229 fuit,
3640 2160 3802 2216 etiis

2149 2252 2521 2325 temporibus
2552 2269 2672 2308 non
2697 2270 2829 2324 qua)
2863 2251 3035 2306 nobis
3058 2251 3400 2306 viderentur
3420 2251 3642 2306 fiebant
3663 2268 3677 2317 ;
3699 2249 3804 2304 sed

2150 2342 2212 2397 in
2243 2342 2521 2398 omnibus
2551 2343 2823 2398 voluntas
2854 2342 3063 2414 ipsius,
3097 2347 3156 2396 et
3187 2340 3802 2412 quidquidjussisset,

2148 2432 2573 2505 perﬁciebatur
2593 2450 2604 2488 :
2623 2431 3002 2500 mandamus,
3021 2435 3088 2486 ut
3108 2447 3315 2486 omnes
3332 2430 3453 2486 illis
3470 2430 3640 2485 facta:
3656 2435 3812 2485 tem"

2152 2521 2399 2594 poribus
2417 2537 2612 2577 aureae
2635 2521 2814 2576 bullaa
2830 2525 3113 2576 maneant
3133 2520 3412 2591 irritaa,ac
3435 2519 3809 2587 inefﬁcaces;

2153 2617 2298 2683 quot
2330 2612 2558 2667 scilicet
2586 2617 2792 2683 postea
2822 2611 3121 2684 majestati
3177 2627 3324 2667 meae
3355 2609 3658 2682 producta;
3691 2626 3813 2666 non

2151 2700 2413 2768 fuerunt,
2441 2706 2500 2755 et
2528 2701 2590 2756 in
2633 2701 2849 2773 quibus
2907 2701 3174 2772 verbum,
3227 2717 3490 2768 sanun,
3552 2716 3671 2755 non
3702 2699 3816 2755 fuit

2152 2790 2530 2861 inscriptum.
2561 2791 2683 2855 Quo
2719 2791 2880 2845 enim
2903 2796 3168 2863 tempore
3191 2791 3473 2862 majestas
3503 2805 3637 2845 mea
3657 2805 3812 2861 praa-

2155 2881 2348 2937 sidem
2403 2886 2462 2936 et
2518 2881 2925 2937 excubitorem
2981 2881 3311 2936 indicatum
3370 2879 3810 2937 condemnavit.

2154 2968 2414 3026 edictum
2446 2968 2681 3042 publice
2714 2971 3045 3042 preposuit,
3068 2975 3135 3025 ut
3156 2970 3352 3025 cuncti
3375 2969 3572 3024 bullas
3593 2985 3806 3025 aureas

2154 3059 2447 3131 ejusmodi
2508 3057 2868 3130 proferrent,
2926 3063 2986 3113 et
3041 3058 3559 3114 conﬁrmationem
3599 3071 3807 3112 earum

2154 3149 2334 3204 talem
2368 3149 2742 3221 acciperent;
2778 3164 2896 3220 qua
2920 3147 3165 3204 verbum
3217 3165 3454 3204 sanun
3486 3163 3626 3217 FUIT,
3660 3145 3809 3202 scri-

2153 3244 2329 3311 ptura
2359 3241 2614 3311 propriae
2642 3254 2857 3294 manus
2897 3256 2931 3294 a
2954 3239 3130 3294 nobis
3162 3240 3224 3294 in
3269 3240 3354 3294 eis
3384 3241 3808 3311 apponeretur-

2154 3331 2532 3400 Quaecunque
2563 3345 2697 3384 vero
2729 3328 3030 3400 productae
3061 3344 3182 3384 non
3216 3329 3478 3399 fuerunt,
3513 3345 3624 3383 nec
3663 3344 3809 3383 con-

2157 3427 2554 3483 ﬁrmationem
2585 3428 2759 3494 hanc,
2791 3427 3200 3493 obtinuerunt,
3230 3428 3414 3482 irrita)
3439 3427 3810 3498 minimeque

2156 3519 2343 3574 ﬁrmas
2377 3524 2574 3587 sunto,
2627 3519 2806 3574 veluti
2837 3535 2959 3574 non
3017 3518 3298 3590 legitima;
3352 3523 3412 3573 et
3439 3517 3625 3573 falsaa.
3660 3520 3807 3573 Nam

2157 3609 2205 3664 si
2237 3624 2386 3664 verte
2413 3613 2613 3664 essent
2661 3609 2888 3680 utique,
2923 3607 2994 3665 ab
3036 3607 3179 3677 illis,
3221 3608 3321 3680 qui
3353 3607 3654 3664 habebant
3682 3623 3806 3677 eas,

2154 3697 2458 3770 producta:
2490 3697 2762 3754 fuissent.

2227 3797 2534 3852 Postremo
2548 3797 2906 3852 concionum
2925 3797 3280 3852 solemnium
3305 3797 3556 3854 antistiti
3578 3796 3803 3868 locum,

2154 3901 2333 3956 quem
2364 3902 2653 3957 occupare
2687 3885 2884 3954 debet,
2929 3886 3322 3959 assignamus.
3347 3887 3434 3942 Ad
3465 3887 3802 3958 aliquorum

2153 3991 2413 4045 namque
2426 3991 2632 4046 preces
2646 3992 2782 4031 cum
2792 3976 3124 4048 antiquitus
3137 3977 3454 4033 conciones
3475 3977 3534 4031 in
3549 3975 3806 4049 ipsorum

2152 4063 2492 4136 regionibus
2540 4064 2964 4134 celebrassent,
3021 4065 3318 4121 antistites
3344 4067 3471 4138 jam
3518 4065 3578 4122 id
3607 4066 3801 4123 facere

2152 4158 2497 4208 recusantes
2510 4153 2946 4223 abscesserunt,
2968 4155 3135 4210 novis
3150 4154 3400 4210 subinde
3414 4155 3802 4210 concionibus

2151 4241 2311 4315 apud
2343 4259 2463 4312 eos,
2497 4259 2753 4314 quorum
2784 4244 3041 4315 hospitio
3086 4244 3428 4311 utebantur,
3469 4244 3667 4299 locum
3699 4243 3804 4300 da-

2153 4331 2290 4388 turi.
2325 4332 2649 4387 Statuimus
2669 4333 2848 4405 igitur
2876 4338 2959 4401 ut,
2987 4332 3226 4404 quando
3258 4333 3375 4388 tale
3399 4331 3544 4404 quid
3568 4333 3803 4388 accide-

2151 4422 2249 4487 rit,
2281 4420 2382 4476 ubi
2436 4437 2651 4492 nempe
2690 4421 3159 4490 concionatores,
3217 4427 3600 4494 mercatores,
3631 4422 3798 4477 indi-

2150 4527 2314 4583 gena:
2349 4514 2451 4565 aut
2477 4511 2684 4580 exteri,
2714 4511 2973 4583 priorem
3004 4512 3320 4583 praesidem
3343 4511 3796 4584 dereliquerint,

2151 4599 2386 4670 aliaque
2418 4599 2551 4655 loca
2580 4617 2760 4656 novas
2805 4601 3124 4656 conciones
3154 4601 3486 4657 instituturi
3517 4601 3796 4674 adierint,

2153 4690 2212 4746 id
2236 4690 2430 4746 facere
2453 4691 2539 4746 eis
2563 4691 2757 4747 liceat.
2785 4691 3190 4748 Voluntariam
3213 4693 3398 4763 enim,
3418 4692 3797 4749 arbitrariam

2150 4797 2515 4854 prorsusque
2538 4781 2788 4837 liberam
2811 4783 2883 4836 iis
2915 4781 3091 4838 talem
3118 4782 3641 4840 translocationem
3671 4785 3797 4839 fore

2149 4871 2571 4942 prmsuminus.
2596 4871 2762 4937 Quod
2788 4871 2835 4926 si
2859 4872 3016 4927 inter
3039 4872 3394 4928 concionum
3426 4873 3800 4930 ordinatores

2151 4959 2444 5016 dissensio
2473 4961 2896 5029 intercesserit,
2924 4963 3005 5018 ita
3023 4967 3090 5017 ut
3119 4963 3221 5017 alii
3244 4963 3304 5018 in
3323 4963 3558 5033 iisdem,
3583 4965 3800 5036 quibus

2151 5057 2347 5117 antea,
2380 5051 2528 5107 locis
2555 5053 2872 5108 conciones
2918 5053 3220 5109 celebrare
3270 5059 3558 5127 satagant,
3592 5054 3694 5110 alii
3725 5055 3798 5109 de

2151 5141 2319 5196 novis
2362 5140 2508 5196 locis
2559 5142 2838 5214 cogitent,
2893 5159 3002 5198 nos
3029 5143 3268 5214 quidem
3314 5143 3416 5214 jus
3475 5143 3800 5214 prioritatis

2151 5230 2467 5303 praevaleat
2497 5231 2834 5299 statuimus,
2864 5233 2945 5288 ita
2973 5237 3039 5287 ut
3068 5233 3248 5304 priori
3269 5232 3397 5287 loco
3428 5231 3801 5304 privilegium

2151 5320 2455 5376 communi
2503 5322 2780 5393 suffragio
2837 5321 3052 5376 fultum
3109 5325 3435 5377 remaneat.
3469 5323 3658 5392 Atque
3689 5322 3801 5377 hoc

2151 5409 2281 5465 loco
2316 5426 2437 5466 non
2470 5415 2560 5465 est
2588 5411 3066 5482 praetereundum
3097 5410 3256 5481 quod
3287 5411 3412 5464 ista;
3446 5410 3800 5466 concionum

2151 5499 2574 5555 translationes
2592 5500 3038 5572 quadripartitaa
3053 5505 3218 5567 sunt;
3239 5503 3340 5554 aut
3353 5499 3513 5553 enim
3536 5515 3570 5555 a
3586 5504 3796 5570 poten-

2151 5590 2308 5645 tibus
2331 5589 2404 5645 ad
2426 5596 2719 5662 potentes,
2745 5596 2846 5647 aut
2867 5592 2938 5648 ab
2962 5588 3388 5662 impotentibus
3411 5588 3483 5644 ad
3499 5590 3793 5662 impoten-

2150 5685 2257 5749 tes,
2290 5683 2393 5737 aut
2420 5696 2455 5736 a
2478 5681 2821 5756 potentibus
2854 5680 2925 5737 ab
2958 5681 3334 5753 impotentes,
3369 5682 3471 5734 aut
3501 5679 3572 5738 ab
3606 5679 3795 5754 impo-
