  <div class='ocr_page' id='page_1' title='image "/cluster/home/n/w/nwhite01/storage/ocr_20150623/117/coo.31924054870211/325.png"; bbox 0 0 4128 6420; ppageno 0'>
   <div class='ocr_carea' id='block_1_1' title="bbox 361 383 479 444">
    <p class='ocr_par' dir='ltr' id='par_1_1' title="bbox 361 383 479 444">
     <span class='ocr_line' id='line_1_1' title="bbox 361 383 479 444; baseline 0 0"><span class='ocrx_word' id='word_1_1' title='bbox 361 383 479 444; x_wconf 79' lang='grc'><strong>631</strong></span> 
     </span>
    </p>
   </div>
   <div class='ocr_carea' id='block_1_2' title="bbox 1628 381 2532 449">
    <p class='ocr_par' dir='ltr' id='par_1_2' title="bbox 1628 381 2532 449">
     <span class='ocr_line' id='line_1_2' title="bbox 1628 381 2532 449; baseline 0.009 -8"><span class='ocrx_word' id='word_1_2' title='bbox 1628 381 1799 445; x_wconf 88' lang='grc' dir='ltr'>ΙΜΡ.</span> <span class='ocrx_word' id='word_1_3' title='bbox 1845 383 2132 445; x_wconf 86' lang='lat' dir='ltr'>BASILlI</span> <span class='ocrx_word' id='word_1_4' title='bbox 2174 385 2532 449; x_wconf 84' lang='lat' dir='ltr'>JUNIOBIS</span> 
     </span>
    </p>
   </div>
   <div class='ocr_carea' id='block_1_3' title="bbox 3675 394 3797 455">
    <p class='ocr_par' dir='ltr' id='par_1_3' title="bbox 3675 394 3797 455">
     <span class='ocr_line' id='line_1_3' title="bbox 3675 394 3797 455; baseline 0.016 -2"><span class='ocrx_word' id='word_1_5' title='bbox 3675 394 3797 455; x_wconf 90' lang='lat'>632</span> 
     </span>
    </p>
   </div>
   <div class='ocr_carea' id='block_1_4' title="bbox 368 512 2036 598">
    <p class='ocr_par' dir='ltr' id='par_1_4' title="bbox 368 512 2019 585">
     <span class='ocr_line' id='line_1_4' title="bbox 368 512 2019 585; baseline -0.001 -13"><span class='ocrx_word' id='word_1_6' title='bbox 368 516 636 573; x_wconf 84' lang='lat' dir='ltr'>tentibus</span> <span class='ocrx_word' id='word_1_7' title='bbox 653 515 725 571; x_wconf 89' lang='lat' dir='ltr'>ad</span> <span class='ocrx_word' id='word_1_8' title='bbox 745 517 1018 585; x_wconf 84' lang='lat' dir='ltr'>potentes</span> <span class='ocrx_word' id='word_1_9' title='bbox 1043 514 1167 568; x_wconf 80' lang='lat' dir='ltr'>fieri</span> <span class='ocrx_word' id='word_1_10' title='bbox 1196 512 1409 567; x_wconf 80' lang='lat' dir='ltr'>solent.</span> <span class='ocrx_word' id='word_1_11' title='bbox 1444 513 1525 568; x_wconf 82' lang='lat' dir='ltr'>Ex</span> <span class='ocrx_word' id='word_1_12' title='bbox 1551 513 1643 568; x_wconf 85' lang='lat' dir='ltr'>his</span> <span class='ocrx_word' id='word_1_13' title='bbox 1667 532 1800 585; x_wconf 67' lang='lat' dir='ltr'>qua)</span> <span class='ocrx_word' id='word_1_14' title='bbox 1825 516 1897 570; x_wconf 93' lang='lat' dir='ltr'>de</span> <span class='ocrx_word' id='word_1_15' title='bbox 1924 517 2019 571; x_wconf 84' lang='lat' dir='ltr'>tri-</span> 
     </span>
    </p>
   </div>
   <div class='ocr_carea' id='block_1_5' title="bbox 2149 512 3797 598">
    <p class='ocr_par' dir='ltr' id='par_1_5' title="bbox 2149 517 3797 598">
     <span class='ocr_line' id='line_1_5' title="bbox 2149 517 3797 598; baseline 0.005 -28"><span class='ocrx_word' id='word_1_16' title='bbox 2149 535 2223 571; x_wconf 83' lang='grc' dir='ltr'>&gt;ον</span> <span class='ocrx_word' id='word_1_17' title='bbox 2254 521 2322 591; x_wconf 80' lang='grc' dir='ltr'>τῇ</span> <span class='ocrx_word' id='word_1_18' title='bbox 2383 519 2712 594; x_wconf 80' lang='grc' dir='ltr'>ἀρχαιότητι</span> <span class='ocrx_word' id='word_1_19' title='bbox 2767 523 3005 596; x_wconf 85' lang='grc' dir='ltr'>κρατεῖν,</span> <span class='ocrx_word' id='word_1_20' title='bbox 3062 517 3157 574; x_wconf 86' lang='grc' dir='ltr'>καὶ</span> <span class='ocrx_word' id='word_1_21' title='bbox 3206 517 3335 582; x_wconf 77' lang='grc' dir='ltr'>τοὺς</span> <span class='ocrx_word' id='word_1_22' title='bbox 3392 520 3797 598; x_wconf 73' lang='grc' dir='ltr'>ἀφισταμένους</span> 
     </span>
    </p>
   </div>
   <div class='ocr_carea' id='block_1_6' title="bbox 369 603 2032 678">
    <p class='ocr_par' dir='ltr' id='par_1_6' title="bbox 369 603 2032 678">
     <span class='ocr_line' id='line_1_6' title="bbox 369 603 2032 678; baseline -0.002 -14"><span class='ocrx_word' id='word_1_23' title='bbox 369 609 484 664; x_wconf 90' lang='lat' dir='ltr'>bus</span> <span class='ocrx_word' id='word_1_24' title='bbox 496 605 796 678; x_wconf 82' lang='lat' dir='ltr'>prioribus</span> <span class='ocrx_word' id='word_1_25' title='bbox 814 604 1299 674; x_wconf 84' lang='lat' dir='ltr'>memoravimus,</span> <span class='ocrx_word' id='word_1_26' title='bbox 1314 603 1646 660; x_wconf 90' lang='lat' dir='ltr'>thematum</span> <span class='ocrx_word' id='word_1_27' title='bbox 1669 605 1786 660; x_wconf 91' lang='lat' dir='ltr'>vim</span> <span class='ocrx_word' id='word_1_28' title='bbox 1809 606 2032 662; x_wconf 84' lang='lat' dir='ltr'><strong>habent</strong></span> 
     </span>
    </p>
   </div>
   <div class='ocr_carea' id='block_1_7' title="bbox 371 693 2028 767">
    <p class='ocr_par' dir='ltr' id='par_1_7' title="bbox 371 693 2028 767">
     <span class='ocr_line' id='line_1_7' title="bbox 371 693 2028 767; baseline -0.001 -16"><span class='ocrx_word' id='word_1_29' title='bbox 371 697 445 752; x_wconf 91' lang='lat' dir='ltr'>de</span> <span class='ocrx_word' id='word_1_30' title='bbox 457 694 791 767; x_wconf 88' lang='lat' dir='ltr'>potentium</span> <span class='ocrx_word' id='word_1_31' title='bbox 803 699 1002 749; x_wconf 87' lang='lat' dir='ltr'>autem</span> <span class='ocrx_word' id='word_1_32' title='bbox 1026 693 1100 748; x_wconf 86' lang='lat' dir='ltr'>ad</span> <span class='ocrx_word' id='word_1_33' title='bbox 1119 699 1412 765; x_wconf 88' lang='lat' dir='ltr'>potentes,</span> <span class='ocrx_word' id='word_1_34' title='bbox 1439 699 1496 749; x_wconf 87' lang='lat' dir='ltr'>et</span> <span class='ocrx_word' id='word_1_35' title='bbox 1513 694 1584 749; x_wconf 90' lang='lat' dir='ltr'>ab</span> <span class='ocrx_word' id='word_1_36' title='bbox 1610 695 2028 766; x_wconf 89' lang='lat' dir='ltr'>impotentium</span> 
     </span>
    </p>
   </div>
   <div class='ocr_carea' id='block_1_8' title="bbox 369 783 2030 856">
    <p class='ocr_par' dir='ltr' id='par_1_8' title="bbox 369 783 2030 856">
     <span class='ocr_line' id='line_1_8' title="bbox 369 783 2030 856; baseline 0.001 -17"><span class='ocrx_word' id='word_1_37' title='bbox 369 785 444 840; x_wconf 93' lang='lat' dir='ltr'>ad</span> <span class='ocrx_word' id='word_1_38' title='bbox 473 788 769 856; x_wconf 86' lang='lat' dir='ltr'>potentes,</span> <span class='ocrx_word' id='word_1_39' title='bbox 798 788 857 837; x_wconf 87' lang='lat' dir='ltr'>et</span> <span class='ocrx_word' id='word_1_40' title='bbox 882 783 1219 854; x_wconf 90' lang='lat' dir='ltr'>potentium</span> <span class='ocrx_word' id='word_1_41' title='bbox 1249 783 1324 838; x_wconf 87' lang='lat' dir='ltr'>ad</span> <span class='ocrx_word' id='word_1_42' title='bbox 1371 784 1731 854; x_wconf 86' lang='lat' dir='ltr'>impotentes</span> <span class='ocrx_word' id='word_1_43' title='bbox 1773 785 2030 841; x_wconf 88' lang='lat' dir='ltr'>transla-</span> 
     </span>
    </p>
   </div>
   <div class='ocr_carea' id='block_1_9' title="bbox 369 872 2030 944">
    <p class='ocr_par' dir='ltr' id='par_1_9' title="bbox 369 872 2030 944">
     <span class='ocr_line' id='line_1_9' title="bbox 369 872 2030 944; baseline 0.001 -16"><span class='ocrx_word' id='word_1_44' title='bbox 369 874 531 928; x_wconf 80' lang='lat' dir='ltr'>tione</span> <span class='ocrx_word' id='word_1_45' title='bbox 553 872 878 943; x_wconf 86' lang='lat' dir='ltr'>loquimur.</span> <span class='ocrx_word' id='word_1_46' title='bbox 903 873 1190 938; x_wconf 87' lang='lat' dir='ltr'>Quartum</span> <span class='ocrx_word' id='word_1_47' title='bbox 1221 888 1482 943; x_wconf 80' lang='lat' dir='ltr'>namque</span> <span class='ocrx_word' id='word_1_48' title='bbox 1513 879 1691 944; x_wconf 85' lang='lat' dir='ltr'>caput</span> <span class='ocrx_word' id='word_1_49' title='bbox 1721 874 1917 929; x_wconf 90' lang='lat' dir='ltr'>lenius</span> <span class='ocrx_word' id='word_1_50' title='bbox 1948 879 2030 930; x_wconf 87' lang='lat' dir='ltr'>at-</span> 
     </span>
    </p>
   </div>
   <div class='ocr_carea' id='block_1_10' title="bbox 377 961 2027 1035">
    <p class='ocr_par' dir='ltr' id='par_1_10' title="bbox 377 961 2027 1035">
     <span class='ocr_line' id='line_1_10' title="bbox 377 961 2027 1035; baseline 0 -17"><span class='ocrx_word' id='word_1_51' title='bbox 377 979 492 1034; x_wconf 88' lang='lat' dir='ltr'>que</span> <span class='ocrx_word' id='word_1_52' title='bbox 532 961 855 1016; x_wconf 86' lang='lat' dir='ltr'>humanius</span> <span class='ocrx_word' id='word_1_53' title='bbox 900 961 1451 1032; x_wconf 82' lang='lat' dir='ltr'>interpretabimur.</span> <span class='ocrx_word' id='word_1_54' title='bbox 1486 962 1679 1017; x_wconf 87' lang='lat' dir='ltr'>Facile</span> <span class='ocrx_word' id='word_1_55' title='bbox 1709 964 1868 1018; x_wconf 90' lang='lat' dir='ltr'>enim</span> <span class='ocrx_word' id='word_1_56' title='bbox 1920 981 2027 1035; x_wconf 89' lang='lat' dir='ltr'>po-</span> 
     </span>
    </p>
   </div>
   <div class='ocr_carea' id='block_1_11' title="bbox 374 1050 2028 1123">
    <p class='ocr_par' dir='ltr' id='par_1_11' title="bbox 374 1050 2028 1123">
     <span class='ocr_line' id='line_1_11' title="bbox 374 1050 2028 1123; baseline 0.001 -17"><span class='ocrx_word' id='word_1_57' title='bbox 374 1056 568 1107; x_wconf 80' lang='lat' dir='ltr'>tentes</span> <span class='ocrx_word' id='word_1_58' title='bbox 599 1050 997 1105; x_wconf 90' lang='lat' dir='ltr'>concionandi</span> <span class='ocrx_word' id='word_1_59' title='bbox 1020 1050 1123 1120; x_wconf 82' lang='lat' dir='ltr'>jus</span> <span class='ocrx_word' id='word_1_60' title='bbox 1177 1050 1606 1122; x_wconf 80' lang='lat' dir='ltr'>impotentibus</span> <span class='ocrx_word' id='word_1_61' title='bbox 1639 1052 1920 1123; x_wconf 89' lang='lat' dir='ltr'>eripiunt.</span> <span class='ocrx_word' id='word_1_62' title='bbox 1959 1053 2028 1108; x_wconf 94' lang='lat' dir='ltr'>In</span> 
     </span>
    </p>
   </div>
   <div class='ocr_carea' id='block_1_12' title="bbox 369 1138 2030 1211">
    <p class='ocr_par' dir='ltr' id='par_1_12' title="bbox 369 1138 2030 1211">
     <span class='ocr_line' id='line_1_12' title="bbox 369 1138 2030 1211; baseline 0.001 -16"><span class='ocrx_word' id='word_1_63' title='bbox 369 1140 482 1195; x_wconf 92' lang='lat' dir='ltr'>hoc</span> <span class='ocrx_word' id='word_1_64' title='bbox 512 1139 694 1211; x_wconf 82' lang='lat' dir='ltr'>igitur</span> <span class='ocrx_word' id='word_1_65' title='bbox 720 1138 980 1210; x_wconf 91' lang='lat' dir='ltr'>capitulo</span> <span class='ocrx_word' id='word_1_66' title='bbox 1027 1138 1378 1194; x_wconf 85' lang='lat' dir='ltr'>ordinamus</span> <span class='ocrx_word' id='word_1_67' title='bbox 1427 1145 1494 1194; x_wconf 93' lang='lat' dir='ltr'>ut</span> <span class='ocrx_word' id='word_1_68' title='bbox 1523 1141 1830 1196; x_wconf 89' lang='lat' dir='ltr'>concionis</span> <span class='ocrx_word' id='word_1_69' title='bbox 1874 1141 2030 1196; x_wconf 91' lang='lat' dir='ltr'>inter</span> 
     </span>
    </p>
   </div>
   <div class='ocr_carea' id='block_1_13' title="bbox 365 1228 2027 1303">
    <p class='ocr_par' dir='ltr' id='par_1_13' title="bbox 365 1228 2027 1303">
     <span class='ocr_line' id='line_1_13' title="bbox 365 1228 2027 1303; baseline 0.001 -18"><span class='ocrx_word' id='word_1_70' title='bbox 365 1229 727 1300; x_wconf 81' lang='lat' dir='ltr'>impotentes</span> <span class='ocrx_word' id='word_1_71' title='bbox 753 1233 811 1283; x_wconf 92' lang='lat' dir='ltr'>et</span> <span class='ocrx_word' id='word_1_72' title='bbox 829 1233 1103 1300; x_wconf 85' lang='lat' dir='ltr'>potentes</span> <span class='ocrx_word' id='word_1_73' title='bbox 1128 1228 1439 1284; x_wconf 86' lang='lat' dir='ltr'>translatio</span> <span class='ocrx_word' id='word_1_74' title='bbox 1463 1228 1663 1284; x_wconf 91' lang='lat' dir='ltr'>locum</span> <span class='ocrx_word' id='word_1_75' title='bbox 1686 1230 1886 1303; x_wconf 86' lang='lat' dir='ltr'>habet,</span> <span class='ocrx_word' id='word_1_76' title='bbox 1910 1232 2027 1292; x_wconf 87' lang='lat' dir='ltr'>nisi</span> 
     </span>
    </p>
   </div>
   <div class='ocr_carea' id='block_1_14' title="bbox 365 1317 2026 1390">
    <p class='ocr_par' dir='ltr' id='par_1_14' title="bbox 365 1317 2026 1390">
     <span class='ocr_line' id='line_1_14' title="bbox 365 1317 2026 1390; baseline 0 -15"><span class='ocrx_word' id='word_1_77' title='bbox 365 1318 714 1376; x_wconf 85' lang='lat' dir='ltr'>communia</span> <span class='ocrx_word' id='word_1_78' title='bbox 743 1317 1024 1390; x_wconf 71' lang='lat' dir='ltr'>suffragia</span> <span class='ocrx_word' id='word_1_79' title='bbox 1058 1317 1275 1389; x_wconf 81' lang='lat' dir='ltr'>prioris</span> <span class='ocrx_word' id='word_1_80' title='bbox 1304 1317 1419 1372; x_wconf 85' lang='lat' dir='ltr'>loci</span> <span class='ocrx_word' id='word_1_81' title='bbox 1453 1318 1828 1390; x_wconf 80' lang='lat' dir='ltr'>privilegium</span> <span class='ocrx_word' id='word_1_82' title='bbox 1881 1336 2026 1376; x_wconf 89' lang='lat' dir='ltr'>con-</span> 
     </span>
    </p>
   </div>
   <div class='ocr_carea' id='block_1_15' title="bbox 366 1406 2025 1480">
    <p class='ocr_par' dir='ltr' id='par_1_15' title="bbox 366 1406 2025 1480">
     <span class='ocr_line' id='line_1_15' title="bbox 366 1406 2025 1480; baseline -0.002 -15"><span class='ocrx_word' id='word_1_83' title='bbox 366 1413 692 1465; x_wconf 87' lang='lat' dir='ltr'>servarent.</span> <span class='ocrx_word' id='word_1_84' title='bbox 729 1407 822 1463; x_wconf 88' lang='lat' dir='ltr'>Sic</span> <span class='ocrx_word' id='word_1_85' title='bbox 854 1408 1015 1463; x_wconf 89' lang='lat' dir='ltr'>enim</span> <span class='ocrx_word' id='word_1_86' title='bbox 1041 1406 1292 1464; x_wconf 89' lang='lat' dir='ltr'>duarum</span> <span class='ocrx_word' id='word_1_87' title='bbox 1320 1423 1521 1462; x_wconf 91' lang='lat' dir='ltr'>rerum</span> <span class='ocrx_word' id='word_1_88' title='bbox 1553 1407 1666 1463; x_wconf 88' lang='lat' dir='ltr'>erit</span> <span class='ocrx_word' id='word_1_89' title='bbox 1690 1408 1832 1463; x_wconf 89' lang='lat' dir='ltr'>unio</span> <span class='ocrx_word' id='word_1_90' title='bbox 1859 1423 1872 1462; x_wconf 92' lang='lat'><strong><em>:</em></strong></span> <span class='ocrx_word' id='word_1_91' title='bbox 1904 1407 2025 1480; x_wconf 88' lang='lat' dir='ltr'>pri-</span> 
     </span>
    </p>
   </div>
   <div class='ocr_carea' id='block_1_16' title="bbox 367 1497 2030 1569">
    <p class='ocr_par' dir='ltr' id='par_1_16' title="bbox 367 1497 2030 1569">
     <span class='ocr_line' id='line_1_16' title="bbox 367 1497 2030 1569; baseline 0 -16"><span class='ocrx_word' id='word_1_92' title='bbox 367 1498 601 1553; x_wconf 86' lang='lat' dir='ltr'>oritatis</span> <span class='ocrx_word' id='word_1_93' title='bbox 639 1497 774 1569; x_wconf 91' lang='lat' dir='ltr'>jum</span> <span class='ocrx_word' id='word_1_94' title='bbox 833 1513 968 1552; x_wconf 90' lang='lat' dir='ltr'>cum</span> <span class='ocrx_word' id='word_1_95' title='bbox 1027 1497 1299 1554; x_wconf 90' lang='lat' dir='ltr'>omnium</span> <span class='ocrx_word' id='word_1_96' title='bbox 1357 1497 1636 1569; x_wconf 70' lang='lat' dir='ltr'>suifragio</span> <span class='ocrx_word' id='word_1_97' title='bbox 1695 1497 1906 1553; x_wconf 92' lang='lat' dir='ltr'>eadem</span> <span class='ocrx_word' id='word_1_98' title='bbox 1937 1497 2030 1553; x_wconf 86' lang='lat' dir='ltr'>via</span> 
     </span>
    </p>
   </div>
   <div class='ocr_carea' id='block_1_17' title="bbox 366 1585 2031 1660">
    <p class='ocr_par' dir='ltr' id='par_1_17' title="bbox 366 1585 2031 1660">
     <span class='ocr_line' id='line_1_17' title="bbox 366 1585 2031 1660; baseline -0.001 -17"><span class='ocrx_word' id='word_1_99' title='bbox 366 1586 803 1660; x_wconf 88' lang='lat' dir='ltr'>progredietur.</span> <span class='ocrx_word' id='word_1_100' title='bbox 839 1586 897 1641; x_wconf 92' lang='lat' dir='ltr'>Si</span> <span class='ocrx_word' id='word_1_101' title='bbox 927 1586 1089 1642; x_wconf 92' lang='lat' dir='ltr'>enim</span> <span class='ocrx_word' id='word_1_102' title='bbox 1120 1586 1182 1641; x_wconf 92' lang='lat' dir='ltr'>in</span> <span class='ocrx_word' id='word_1_103' title='bbox 1231 1586 1461 1642; x_wconf 63' lang='lat' dir='ltr'>casteris</span> <span class='ocrx_word' id='word_1_104' title='bbox 1511 1585 1699 1642; x_wconf 88' lang='lat' dir='ltr'>tribus</span> <span class='ocrx_word' id='word_1_105' title='bbox 1751 1586 2031 1642; x_wconf 90' lang='lat' dir='ltr'>themati-</span> 
     </span>
    </p>
   </div>
   <div class='ocr_carea' id='block_1_18' title="bbox 371 1675 2029 1747">
    <p class='ocr_par' dir='ltr' id='par_1_18' title="bbox 371 1675 2029 1747">
     <span class='ocr_line' id='line_1_18' title="bbox 371 1675 2029 1747; baseline -0.001 -16"><span class='ocrx_word' id='word_1_106' title='bbox 371 1676 486 1732; x_wconf 89' lang='lat' dir='ltr'>bus</span> <span class='ocrx_word' id='word_1_107' title='bbox 518 1677 581 1732; x_wconf 90' lang='lat' dir='ltr'>in</span> <span class='ocrx_word' id='word_1_108' title='bbox 613 1675 1027 1731; x_wconf 88' lang='lat' dir='ltr'>tantummodo</span> <span class='ocrx_word' id='word_1_109' title='bbox 1059 1676 1269 1731; x_wconf 85' lang='lat' dir='ltr'>sufﬁce</span> <span class='ocrx_word' id='word_1_110' title='bbox 1319 1675 1471 1731; x_wconf 90' lang='lat' dir='ltr'>solet</span> <span class='ocrx_word' id='word_1_111' title='bbox 1501 1675 1660 1747; x_wconf 93' lang='lat' dir='ltr'>quod</span> <span class='ocrx_word' id='word_1_112' title='bbox 1706 1675 2029 1732; x_wconf 90' lang='lat' dir='ltr'>verisimile</span> 
     </span>
    </p>
   </div>
   <div class='ocr_carea' id='block_1_19' title="bbox 371 1764 2029 1837">
    <p class='ocr_par' dir='ltr' id='par_1_19' title="bbox 371 1764 2029 1837">
     <span class='ocr_line' id='line_1_19' title="bbox 371 1764 2029 1837; baseline 0 -16"><span class='ocrx_word' id='word_1_113' title='bbox 371 1771 480 1832; x_wconf 90' lang='lat' dir='ltr'>est,</span> <span class='ocrx_word' id='word_1_114' title='bbox 515 1765 615 1821; x_wconf 91' lang='lat' dir='ltr'>ubi</span> <span class='ocrx_word' id='word_1_115' title='bbox 649 1769 771 1820; x_wconf 89' lang='lat' dir='ltr'>tota</span> <span class='ocrx_word' id='word_1_116' title='bbox 794 1765 1022 1820; x_wconf 86' lang='lat' dir='ltr'>scilicet</span> <span class='ocrx_word' id='word_1_117' title='bbox 1052 1765 1258 1820; x_wconf 90' lang='lat' dir='ltr'>concio</span> <span class='ocrx_word' id='word_1_118' title='bbox 1287 1764 1641 1821; x_wconf 87' lang='lat' dir='ltr'>transfertur</span> <span class='ocrx_word' id='word_1_119' title='bbox 1663 1771 1722 1821; x_wconf 91' lang='lat' dir='ltr'>et</span> <span class='ocrx_word' id='word_1_120' title='bbox 1749 1766 2029 1837; x_wconf 89' lang='lat' dir='ltr'>prioritas</span> 
     </span>
    </p>
   </div>
   <div class='ocr_carea' id='block_1_20' title="bbox 371 1853 2031 1927">
    <p class='ocr_par' dir='ltr' id='par_1_20' title="bbox 371 1853 2031 1927">
     <span class='ocr_line' id='line_1_20' title="bbox 371 1853 2031 1927; baseline -0.001 -16"><span class='ocrx_word' id='word_1_121' title='bbox 371 1855 642 1927; x_wconf 80' lang='lat' dir='ltr'>ejusdem</span> <span class='ocrx_word' id='word_1_122' title='bbox 675 1855 1113 1909; x_wconf 89' lang='lat' dir='ltr'>determinatur</span> <span class='ocrx_word' id='word_1_123' title='bbox 1153 1859 1212 1908; x_wconf 89' lang='lat' dir='ltr'>et</span> <span class='ocrx_word' id='word_1_124' title='bbox 1242 1855 1304 1908; x_wconf 91' lang='lat' dir='ltr'>in</span> <span class='ocrx_word' id='word_1_125' title='bbox 1335 1853 1448 1908; x_wconf 93' lang='lat' dir='ltr'>duo</span> <span class='ocrx_word' id='word_1_126' title='bbox 1500 1854 1818 1922; x_wconf 82' lang='lat' dir='ltr'>dividitur;</span> <span class='ocrx_word' id='word_1_127' title='bbox 1871 1853 2031 1926; x_wconf 92' lang='lat' dir='ltr'>quod</span> 
     </span>
    </p>
   </div>
   <div class='ocr_carea' id='block_1_21' title="bbox 368 1942 2031 2016">
    <p class='ocr_par' dir='ltr' id='par_1_21' title="bbox 368 1942 2031 2016">
     <span class='ocr_line' id='line_1_21' title="bbox 368 1942 2031 2016; baseline -0.001 -15"><span class='ocrx_word' id='word_1_128' title='bbox 368 1944 443 2002; x_wconf 89' lang='lat' dir='ltr'>ad</span> <span class='ocrx_word' id='word_1_129' title='bbox 476 1949 749 2016; x_wconf 90' lang='lat' dir='ltr'>quartum</span> <span class='ocrx_word' id='word_1_130' title='bbox 785 1943 1022 1998; x_wconf 90' lang='lat' dir='ltr'>titulum</span> <span class='ocrx_word' id='word_1_131' title='bbox 1064 1942 1297 2010; x_wconf 86' lang='lat' dir='ltr'>attinet,</span> <span class='ocrx_word' id='word_1_132' title='bbox 1346 1943 1633 2016; x_wconf 84' lang='lat' dir='ltr'>jubemus</span> <span class='ocrx_word' id='word_1_133' title='bbox 1683 1949 1749 1999; x_wconf 93' lang='lat' dir='ltr'>ut</span> <span class='ocrx_word' id='word_1_134' title='bbox 1779 1944 2031 2000; x_wconf 89' lang='lat' dir='ltr'>duorum</span> 
     </span>
    </p>
   </div>
   <div class='ocr_carea' id='block_1_22' title="bbox 369 2032 2031 2106">
    <p class='ocr_par' dir='ltr' id='par_1_22' title="bbox 369 2032 2031 2106">
     <span class='ocr_line' id='line_1_22' title="bbox 369 2032 2031 2106; baseline -0.001 -18"><span class='ocrx_word' id='word_1_135' title='bbox 369 2033 796 2088; x_wconf 88' lang='lat' dir='ltr'>verisimilium</span> <span class='ocrx_word' id='word_1_136' title='bbox 830 2033 906 2087; x_wconf 88' lang='lat' dir='ltr'>sit</span> <span class='ocrx_word' id='word_1_137' title='bbox 936 2032 1077 2087; x_wconf 90' lang='lat' dir='ltr'>unio</span> <span class='ocrx_word' id='word_1_138' title='bbox 1111 2036 1168 2087; x_wconf 92' lang='lat' dir='ltr'>et</span> <span class='ocrx_word' id='word_1_139' title='bbox 1197 2032 1536 2100; x_wconf 89' lang='lat' dir='ltr'>consensio,</span> <span class='ocrx_word' id='word_1_140' title='bbox 1579 2033 1662 2088; x_wconf 87' lang='lat' dir='ltr'>ita</span> <span class='ocrx_word' id='word_1_141' title='bbox 1691 2033 1934 2106; x_wconf 89' lang='lat' dir='ltr'>quidem</span> <span class='ocrx_word' id='word_1_142' title='bbox 1965 2038 2031 2089; x_wconf 90' lang='lat' dir='ltr'>ut</span> 
     </span>
    </p>
   </div>
   <div class='ocr_carea' id='block_1_23' title="bbox 372 2120 2030 2193">
    <p class='ocr_par' dir='ltr' id='par_1_23' title="bbox 372 2120 2030 2193">
     <span class='ocr_line' id='line_1_23' title="bbox 372 2120 2030 2193; baseline -0.002 -13"><span class='ocrx_word' id='word_1_143' title='bbox 372 2123 697 2180; x_wconf 83' lang='lat' dir='ltr'>concilium</span> <span class='ocrx_word' id='word_1_144' title='bbox 729 2122 800 2178; x_wconf 89' lang='lat' dir='ltr'>ab</span> <span class='ocrx_word' id='word_1_145' title='bbox 830 2120 1260 2193; x_wconf 87' lang='lat' dir='ltr'>impotentibus</span> <span class='ocrx_word' id='word_1_146' title='bbox 1291 2121 1365 2177; x_wconf 90' lang='lat' dir='ltr'>ad</span> <span class='ocrx_word' id='word_1_147' title='bbox 1385 2127 1658 2193; x_wconf 87' lang='lat' dir='ltr'>potentes</span> <span class='ocrx_word' id='word_1_148' title='bbox 1681 2122 1834 2178; x_wconf 89' lang='lat' dir='ltr'>viam</span> <span class='ocrx_word' id='word_1_149' title='bbox 1864 2123 2030 2178; x_wconf 89' lang='lat' dir='ltr'>inve-</span> 
     </span>
    </p>
   </div>
   <div class='ocr_carea' id='block_1_24' title="bbox 371 2211 2032 2284">
    <p class='ocr_par' dir='ltr' id='par_1_24' title="bbox 371 2211 2032 2284">
     <span class='ocr_line' id='line_1_24' title="bbox 371 2211 2032 2284; baseline -0.001 -16"><span class='ocrx_word' id='word_1_150' title='bbox 371 2212 517 2280; x_wconf 90' lang='lat' dir='ltr'>niat,</span> <span class='ocrx_word' id='word_1_151' title='bbox 548 2217 606 2266; x_wconf 92' lang='lat' dir='ltr'>et</span> <span class='ocrx_word' id='word_1_152' title='bbox 633 2216 702 2267; x_wconf 91' lang='lat' dir='ltr'>ut</span> <span class='ocrx_word' id='word_1_153' title='bbox 747 2211 1064 2267; x_wconf 89' lang='lat' dir='ltr'>consensio</span> <span class='ocrx_word' id='word_1_154' title='bbox 1111 2216 1444 2267; x_wconf 88' lang='lat' dir='ltr'>memorata</span> <span class='ocrx_word' id='word_1_155' title='bbox 1474 2217 1532 2266; x_wconf 88' lang='lat' dir='ltr'>et</span> <span class='ocrx_word' id='word_1_156' title='bbox 1560 2211 1885 2284; x_wconf 89' lang='lat' dir='ltr'>prioritatis</span> <span class='ocrx_word' id='word_1_157' title='bbox 1911 2212 2032 2284; x_wconf 90' lang='lat' dir='ltr'>pri-</span> 
     </span>
    </p>
   </div>
   <div class='ocr_carea' id='block_1_25' title="bbox 367 2299 2032 2374">
    <p class='ocr_par' dir='ltr' id='par_1_25' title="bbox 367 2299 2032 2374">
     <span class='ocr_line' id='line_1_25' title="bbox 367 2299 2032 2374; baseline 0.001 -19"><span class='ocrx_word' id='word_1_158' title='bbox 367 2301 646 2374; x_wconf 84' lang='lat' dir='ltr'>vilegium</span> <span class='ocrx_word' id='word_1_159' title='bbox 704 2299 1068 2372; x_wconf 78' lang='lat' dir='ltr'>conspirant.</span> <span class='ocrx_word' id='word_1_160' title='bbox 1133 2299 1502 2372; x_wconf 90' lang='lat' dir='ltr'>Pauperibus</span> <span class='ocrx_word' id='word_1_161' title='bbox 1552 2301 1732 2372; x_wconf 83' lang='lat' dir='ltr'>igitur</span> <span class='ocrx_word' id='word_1_162' title='bbox 1787 2318 2032 2357; x_wconf 90' lang='lat' dir='ltr'>manum</span> 
     </span>
    </p>
   </div>
   <div class='ocr_carea' id='block_1_26' title="bbox 362 2391 2025 2465">
    <p class='ocr_par' dir='ltr' id='par_1_26' title="bbox 362 2391 2025 2465">
     <span class='ocr_line' id='line_1_26' title="bbox 362 2391 2025 2465; baseline -0.002 -14"><span class='ocrx_word' id='word_1_163' title='bbox 362 2392 798 2451; x_wconf 82' lang='lat' dir='ltr'>auxiliatricem</span> <span class='ocrx_word' id='word_1_164' title='bbox 828 2391 1222 2464; x_wconf 88' lang='lat' dir='ltr'>porrigamus,</span> <span class='ocrx_word' id='word_1_165' title='bbox 1270 2391 1465 2464; x_wconf 89' lang='lat' dir='ltr'>iisque</span> <span class='ocrx_word' id='word_1_166' title='bbox 1511 2391 1572 2446; x_wconf 93' lang='lat' dir='ltr'>id</span> <span class='ocrx_word' id='word_1_167' title='bbox 1604 2391 1764 2464; x_wconf 93' lang='lat' dir='ltr'>quod</span> <span class='ocrx_word' id='word_1_168' title='bbox 1815 2393 1887 2448; x_wconf 91' lang='lat' dir='ltr'>de</span> <span class='ocrx_word' id='word_1_169' title='bbox 1917 2410 2025 2465; x_wconf 90' lang='lat' dir='ltr'>po-</span> 
     </span>
    </p>
   </div>
   <div class='ocr_carea' id='block_1_27' title="bbox 368 2481 2036 2554">
    <p class='ocr_par' dir='ltr' id='par_1_27' title="bbox 368 2481 2036 2554">
     <span class='ocr_line' id='line_1_27' title="bbox 368 2481 2036 2554; baseline 0.001 -17"><span class='ocrx_word' id='word_1_170' title='bbox 368 2482 628 2538; x_wconf 89' lang='lat' dir='ltr'>tentium</span> <span class='ocrx_word' id='word_1_171' title='bbox 657 2481 927 2554; x_wconf 89' lang='lat' dir='ltr'>potentia</span> <span class='ocrx_word' id='word_1_172' title='bbox 957 2486 1232 2553; x_wconf 89' lang='lat' dir='ltr'>superest</span> <span class='ocrx_word' id='word_1_173' title='bbox 1263 2481 1685 2537; x_wconf 86' lang='lat' dir='ltr'>concedamus.</span> <span class='ocrx_word' id='word_1_174' title='bbox 1719 2484 1800 2538; x_wconf 88' lang='lat' dir='ltr'>Ea</span> <span class='ocrx_word' id='word_1_175' title='bbox 1829 2482 2036 2539; x_wconf 88' lang='lat' dir='ltr'>itidem</span> 
     </span>
    </p>
   </div>
   <div class='ocr_carea' id='block_1_28' title="bbox 369 2570 2032 2642">
    <p class='ocr_par' dir='ltr' id='par_1_28' title="bbox 369 2570 2032 2642">
     <span class='ocr_line' id='line_1_28' title="bbox 369 2570 2032 2642; baseline 0 -14"><span class='ocrx_word' id='word_1_176' title='bbox 369 2587 512 2629; x_wconf 88' lang='lat' dir='ltr'>cura</span> <span class='ocrx_word' id='word_1_177' title='bbox 540 2572 654 2628; x_wconf 88' lang='lat' dir='ltr'>fuit</span> <span class='ocrx_word' id='word_1_178' title='bbox 698 2572 788 2628; x_wconf 85' lang='lat' dir='ltr'>avi</span> <span class='ocrx_word' id='word_1_179' title='bbox 841 2571 1030 2628; x_wconf 88' lang='lat' dir='ltr'>nostri</span> <span class='ocrx_word' id='word_1_180' title='bbox 1090 2570 1202 2642; x_wconf 74' lang='lat' dir='ltr'>piae</span> <span class='ocrx_word' id='word_1_181' title='bbox 1263 2571 1593 2640; x_wconf 77' lang='lat' dir='ltr'>memoriae,</span> <span class='ocrx_word' id='word_1_182' title='bbox 1649 2571 1890 2627; x_wconf 91' lang='lat' dir='ltr'>domino</span> <span class='ocrx_word' id='word_1_183' title='bbox 1923 2574 2032 2630; x_wconf 83' lang='lat' dir='ltr'>Ro-</span> 
     </span>
    </p>
   </div>
   <div class='ocr_carea' id='block_1_29' title="bbox 367 2661 2034 2734">
    <p class='ocr_par' dir='ltr' id='par_1_29' title="bbox 367 2661 2034 2734">
     <span class='ocr_line' id='line_1_29' title="bbox 367 2661 2034 2734; baseline -0.001 -14"><span class='ocrx_word' id='word_1_184' title='bbox 367 2678 548 2720; x_wconf 89' lang='lat' dir='ltr'>mano</span> <span class='ocrx_word' id='word_1_185' title='bbox 581 2661 802 2717; x_wconf 89' lang='lat' dir='ltr'>seniori</span> <span class='ocrx_word' id='word_1_186' title='bbox 831 2682 845 2729; x_wconf 91' lang='lat'><strong>;</strong></span> <span class='ocrx_word' id='word_1_187' title='bbox 875 2677 1113 2733; x_wconf 88' lang='lat' dir='ltr'>semper</span> <span class='ocrx_word' id='word_1_188' title='bbox 1143 2661 1305 2716; x_wconf 92' lang='lat' dir='ltr'>enim</span> <span class='ocrx_word' id='word_1_189' title='bbox 1332 2661 1473 2734; x_wconf 87' lang='lat' dir='ltr'>jura</span> <span class='ocrx_word' id='word_1_190' title='bbox 1503 2666 1718 2718; x_wconf 89' lang='lat' dir='ltr'>natura</span> <span class='ocrx_word' id='word_1_191' title='bbox 1749 2677 1858 2718; x_wconf 90' lang='lat' dir='ltr'>sua</span> <span class='ocrx_word' id='word_1_192' title='bbox 1887 2662 2034 2718; x_wconf 87' lang='lat' dir='ltr'>inal-</span> 
     </span>
    </p>
   </div>
   <div class='ocr_carea' id='block_1_30' title="bbox 369 2750 2032 2823">
    <p class='ocr_par' dir='ltr' id='par_1_30' title="bbox 369 2750 2032 2823">
     <span class='ocr_line' id='line_1_30' title="bbox 369 2750 2032 2823; baseline -0.002 -15"><span class='ocrx_word' id='word_1_193' title='bbox 369 2750 645 2808; x_wconf 88' lang='lat' dir='ltr'>terabilia</span> <span class='ocrx_word' id='word_1_194' title='bbox 675 2750 747 2806; x_wconf 92' lang='lat' dir='ltr'>ab</span> <span class='ocrx_word' id='word_1_195' title='bbox 778 2750 1207 2823; x_wconf 88' lang='lat' dir='ltr'>impotentibus</span> <span class='ocrx_word' id='word_1_196' title='bbox 1256 2767 1325 2806; x_wconf 93' lang='lat' dir='ltr'>ac</span> <span class='ocrx_word' id='word_1_197' title='bbox 1379 2755 1652 2823; x_wconf 89' lang='lat' dir='ltr'>potentes</span> <span class='ocrx_word' id='word_1_198' title='bbox 1704 2751 2032 2807; x_wconf 89' lang='lat' dir='ltr'>transtulit.</span> 
     </span>
    </p>
   </div>
   <div class='ocr_carea' id='block_1_31' title="bbox 2144 605 3800 687">
    <p class='ocr_par' dir='ltr' id='par_1_31' title="bbox 2144 605 3800 687">
     <span class='ocr_line' id='line_1_31' title="bbox 2144 605 3800 687; baseline 0.004 -27"><span class='ocrx_word' id='word_1_199' title='bbox 2144 605 2359 679; x_wconf 82' lang='grc' dir='ltr'>μᾶλλον</span> <span class='ocrx_word' id='word_1_200' title='bbox 2395 606 2579 663; x_wconf 79' lang='grc' dir='ltr'>ὁποῖοι</span> <span class='ocrx_word' id='word_1_201' title='bbox 2614 609 2674 663; x_wconf 82' lang='grc' dir='ltr'>ἂν</span> <span class='ocrx_word' id='word_1_202' title='bbox 2714 629 2854 670; x_wconf 88' lang='grc' dir='ltr'>τινες</span> <span class='ocrx_word' id='word_1_203' title='bbox 2907 611 2998 663; x_wconf 82' lang='grc' dir='ltr'>καὶ</span> <span class='ocrx_word' id='word_1_204' title='bbox 3054 608 3155 663; x_wconf 80' lang='grc' dir='ltr'>εἷεν</span> <span class='ocrx_word' id='word_1_205' title='bbox 3215 608 3628 666; x_wconf 85' lang='grc' dir='ltr'>συνελαύνεσθαι</span> <span class='ocrx_word' id='word_1_206' title='bbox 3659 611 3800 687; x_wconf 87' lang='grc' dir='ltr'>πρὸς</span> 
     </span>
    </p>
   </div>
   <div class='ocr_carea' id='block_1_32' title="bbox 2137 702 3799 784">
    <p class='ocr_par' dir='ltr' id='par_1_32' title="bbox 2137 702 3799 784">
     <span class='ocr_line' id='line_1_32' title="bbox 2137 702 3799 784; baseline 0.003 -24"><span class='ocrx_word' id='word_1_207' title='bbox 2137 707 2237 774; x_wconf 83' lang='grc' dir='ltr'>τήν</span> <span class='ocrx_word' id='word_1_208' title='bbox 2267 702 2456 762; x_wconf 76' lang='grc' dir='ltr'>ἕνωσιν</span> <span class='ocrx_word' id='word_1_209' title='bbox 2485 709 2592 762; x_wconf 82' lang='grc' dir='ltr'>τῶν</span> <span class='ocrx_word' id='word_1_210' title='bbox 2626 708 2987 784; x_wconf 72' lang='grc' dir='ltr'>αἱρουμένων,</span> <span class='ocrx_word' id='word_1_211' title='bbox 3046 707 3136 762; x_wconf 82' lang='grc' dir='ltr'>καὶ</span> <span class='ocrx_word' id='word_1_212' title='bbox 3190 715 3406 783; x_wconf 83' lang='grc' dir='ltr'>κρατεῖν</span> <span class='ocrx_word' id='word_1_213' title='bbox 3464 710 3528 764; x_wconf 87' lang='grc' dir='ltr'>τὸ</span> <span class='ocrx_word' id='word_1_214' title='bbox 3561 709 3799 765; x_wconf 85' lang='grc' dir='ltr'>παλαιὸν</span> 
     </span>
    </p>
   </div>
   <div class='ocr_carea' id='block_1_33' title="bbox 2135 796 3802 874">
    <p class='ocr_par' dir='ltr' id='par_1_33' title="bbox 2135 796 3802 874">
     <span class='ocr_line' id='line_1_33' title="bbox 2135 796 3802 874; baseline 0.004 -25"><span class='ocrx_word' id='word_1_215' title='bbox 2135 799 2232 850; x_wconf 84' lang='grc' dir='ltr'>τοῦ</span> <span class='ocrx_word' id='word_1_216' title='bbox 2263 796 2432 851; x_wconf 84' lang='grc' dir='ltr'>τόπου</span> <span class='ocrx_word' id='word_1_217' title='bbox 2453 797 2781 874; x_wconf 75' lang='grc' dir='ltr'>προνόμιον.</span> <span class='ocrx_word' id='word_1_218' title='bbox 2818 797 2914 852; x_wconf 86' lang='grc' dir='ltr'>Καὶ</span> <span class='ocrx_word' id='word_1_219' title='bbox 2975 796 3090 853; x_wconf 77' lang='grc' dir='ltr'>ἐπεὶ</span> <span class='ocrx_word' id='word_1_220' title='bbox 3153 800 3208 852; x_wconf 74' lang='grc' dir='ltr'>αἱ</span> <span class='ocrx_word' id='word_1_221' title='bbox 3271 798 3641 871; x_wconf 81' lang='grc' dir='ltr'>μεταστάσεις,</span> <span class='ocrx_word' id='word_1_222' title='bbox 3676 798 3802 870; x_wconf 65' lang='grc' dir='ltr'>ἤτοι</span> 
     </span>
    </p>
   </div>
   <div class='ocr_carea' id='block_1_34' title="bbox 2142 894 3805 972">
    <p class='ocr_par' dir='ltr' id='par_1_34' title="bbox 2142 894 3805 972">
     <span class='ocr_line' id='line_1_34' title="bbox 2142 894 3805 972; baseline 0.004 -24"><span class='ocrx_word' id='word_1_223' title='bbox 2142 894 2452 966; x_wconf 71' lang='grc' dir='ltr'>μεταθέσεις</span> <span class='ocrx_word' id='word_1_224' title='bbox 2497 901 2603 951; x_wconf 89' lang='grc' dir='ltr'>τῶν</span> <span class='ocrx_word' id='word_1_225' title='bbox 2638 896 3016 972; x_wconf 85' lang='grc' dir='ltr'>πανηγύρεων,</span> <span class='ocrx_word' id='word_1_226' title='bbox 3075 901 3356 972; x_wconf 80' lang='grc' dir='ltr'>τετραχῶς</span> <span class='ocrx_word' id='word_1_227' title='bbox 3405 898 3504 965; x_wconf 88' lang='grc' dir='ltr'>τήν</span> <span class='ocrx_word' id='word_1_228' title='bbox 3542 895 3805 972; x_wconf 78' lang='grc' dir='ltr'>διαίρεσιν</span> 
     </span>
    </p>
   </div>
   <div class='ocr_carea' id='block_1_35' title="bbox 2140 979 3804 1061">
    <p class='ocr_par' dir='ltr' id='par_1_35' title="bbox 2140 979 3804 1061">
     <span class='ocr_line' id='line_1_35' title="bbox 2140 979 3804 1061; baseline 0.004 -24"><span class='ocrx_word' id='word_1_229' title='bbox 2140 979 2415 1059; x_wconf 80' lang='grc' dir='ltr'>δέχονται·</span> <span class='ocrx_word' id='word_1_230' title='bbox 2448 985 2484 1055; x_wconf 75' lang='grc' dir='ltr'><strong>ἢ</strong></span> <span class='ocrx_word' id='word_1_231' title='bbox 2515 985 2616 1061; x_wconf 77' lang='grc' dir='ltr'>γὰρ</span> <span class='ocrx_word' id='word_1_232' title='bbox 2675 986 2781 1041; x_wconf 88' lang='grc' dir='ltr'>ἀπὸ</span> <span class='ocrx_word' id='word_1_233' title='bbox 2844 984 3087 1041; x_wconf 78' lang='grc' dir='ltr'>δυνατῶν</span> <span class='ocrx_word' id='word_1_234' title='bbox 3149 986 3231 1049; x_wconf 79' lang='grc' dir='ltr'>εἷς</span> <span class='ocrx_word' id='word_1_235' title='bbox 3275 985 3535 1050; x_wconf 83' lang='grc' dir='ltr'>δυνατοὺς</span> <span class='ocrx_word' id='word_1_236' title='bbox 3582 987 3804 1043; x_wconf 80' lang='grc' dir='ltr'>εἰώθασί</span> 
     </span>
    </p>
   </div>
   <div class='ocr_carea' id='block_1_36' title="bbox 2143 1082 3802 1158">
    <p class='ocr_par' dir='ltr' id='par_1_36' title="bbox 2143 1082 3802 1158">
     <span class='ocr_line' id='line_1_36' title="bbox 2143 1082 3802 1158; baseline 0.001 -22"><span class='ocrx_word' id='word_1_237' title='bbox 2143 1082 2541 1155; x_wconf 80' lang='grc' dir='ltr'>μετατίθεσθαι,</span> <span class='ocrx_word' id='word_1_238' title='bbox 2573 1083 2606 1152; x_wconf 78' lang='grc' dir='ltr'><strong>ἢ</strong></span> <span class='ocrx_word' id='word_1_239' title='bbox 2642 1082 2747 1138; x_wconf 83' lang='grc' dir='ltr'>ἀπὸ</span> <span class='ocrx_word' id='word_1_240' title='bbox 2807 1082 3084 1138; x_wconf 81' lang='grc' dir='ltr'>ἀδυνάτων</span> <span class='ocrx_word' id='word_1_241' title='bbox 3137 1083 3214 1145; x_wconf 72' lang='grc' dir='ltr'>εἲς</span> <span class='ocrx_word' id='word_1_242' title='bbox 3267 1082 3584 1158; x_wconf 75' lang='grc' dir='ltr'>ἀδυνάτους,</span> <span class='ocrx_word' id='word_1_243' title='bbox 3620 1087 3654 1155; x_wconf 75' lang='grc' dir='ltr'><strong>ἢ</strong></span> <span class='ocrx_word' id='word_1_244' title='bbox 3690 1083 3802 1142; x_wconf 86' lang='grc' dir='ltr'>ἀπὸ</span> 
     </span>
    </p>
   </div>
   <div class='ocr_carea' id='block_1_37' title="bbox 2141 1168 3802 1246">
    <p class='ocr_par' dir='ltr' id='par_1_37' title="bbox 2141 1168 3802 1246">
     <span class='ocr_line' id='line_1_37' title="bbox 2141 1168 3802 1246; baseline 0.003 -21"><span class='ocrx_word' id='word_1_245' title='bbox 2141 1168 2380 1226; x_wconf 79' lang='grc' dir='ltr'>δυνατῶν</span> <span class='ocrx_word' id='word_1_246' title='bbox 2415 1171 2490 1234; x_wconf 68' lang='grc' dir='ltr'>εἲς</span> <span class='ocrx_word' id='word_1_247' title='bbox 2525 1169 2840 1240; x_wconf 82' lang='grc' dir='ltr'>ἀδυνάτους,</span> <span class='ocrx_word' id='word_1_248' title='bbox 2875 1175 2909 1242; x_wconf 71' lang='grc' dir='ltr'><strong>ἦ</strong></span> <span class='ocrx_word' id='word_1_249' title='bbox 2945 1173 3050 1227; x_wconf 85' lang='grc' dir='ltr'>ἀπὸ</span> <span class='ocrx_word' id='word_1_250' title='bbox 3104 1170 3380 1228; x_wconf 82' lang='grc' dir='ltr'>ἀδυνάτων</span> <span class='ocrx_word' id='word_1_251' title='bbox 3415 1173 3492 1231; x_wconf 81' lang='grc' dir='ltr'>εἰς</span> <span class='ocrx_word' id='word_1_252' title='bbox 3525 1172 3802 1246; x_wconf 79' lang='grc' dir='ltr'>δυνατοὺς,</span> 
     </span>
    </p>
   </div>
   <div class='ocr_carea' id='block_1_38' title="bbox 2137 1257 3796 1340">
    <p class='ocr_par' dir='ltr' id='par_1_38' title="bbox 2137 1257 3796 1340">
     <span class='ocr_line' id='line_1_38' title="bbox 2137 1257 3796 1340; baseline 0.004 -26"><span class='ocrx_word' id='word_1_253' title='bbox 2137 1260 2205 1315; x_wconf 84' lang='grc' dir='ltr'>τά</span> <span class='ocrx_word' id='word_1_254' title='bbox 2238 1261 2332 1333; x_wconf 76' lang='grc' dir='ltr'>μὲν</span> <span class='ocrx_word' id='word_1_255' title='bbox 2363 1257 2472 1331; x_wconf 74' lang='grc' dir='ltr'>ἤδη</span> <span class='ocrx_word' id='word_1_256' title='bbox 2513 1263 2970 1336; x_wconf 87' lang='grc' dir='ltr'>προθεσπισθέντα</span> <span class='ocrx_word' id='word_1_257' title='bbox 3029 1261 3117 1317; x_wconf 75' lang='grc' dir='ltr'>ἐπὶ</span> <span class='ocrx_word' id='word_1_258' title='bbox 3173 1267 3282 1317; x_wconf 90' lang='grc' dir='ltr'>τῶν</span> <span class='ocrx_word' id='word_1_259' title='bbox 3336 1267 3500 1338; x_wconf 84' lang='grc' dir='ltr'>τριῶν</span> <span class='ocrx_word' id='word_1_260' title='bbox 3560 1265 3796 1340; x_wconf 88' lang='grc' dir='ltr'>πρώτων</span> 
     </span>
    </p>
   </div>
   <div class='ocr_carea' id='block_1_39' title="bbox 2138 1346 3802 1425">
    <p class='ocr_par' dir='ltr' id='par_1_39' title="bbox 2138 1346 3802 1425">
     <span class='ocr_line' id='line_1_39' title="bbox 2138 1346 3802 1425; baseline 0.002 -21"><span class='ocrx_word' id='word_1_261' title='bbox 2138 1349 2228 1404; x_wconf 86' lang='grc' dir='ltr'>καὶ</span> <span class='ocrx_word' id='word_1_262' title='bbox 2263 1349 2444 1422; x_wconf 87' lang='grc' dir='ltr'>μόνων</span> <span class='ocrx_word' id='word_1_263' title='bbox 2464 1351 2564 1419; x_wconf 81' lang='grc' dir='ltr'>τήν</span> <span class='ocrx_word' id='word_1_264' title='bbox 2600 1349 2758 1425; x_wconf 79' lang='grc' dir='ltr'>ἰσχὺν</span> <span class='ocrx_word' id='word_1_265' title='bbox 2818 1346 2918 1421; x_wconf 77' lang='grc' dir='ltr'>ἔξει</span> <span class='ocrx_word' id='word_1_266' title='bbox 2982 1351 3253 1424; x_wconf 79' lang='grc' dir='ltr'>θεμάτων,</span> <span class='ocrx_word' id='word_1_267' title='bbox 3310 1350 3436 1421; x_wconf 77' lang='grc' dir='ltr'>ἤτοι</span> <span class='ocrx_word' id='word_1_268' title='bbox 3496 1352 3584 1408; x_wconf 84' lang='grc' dir='ltr'>ἐπί</span> <span class='ocrx_word' id='word_1_269' title='bbox 3612 1374 3670 1408; x_wconf 81' lang='grc' dir='ltr'>τε</span> <span class='ocrx_word' id='word_1_270' title='bbox 3693 1358 3802 1409; x_wconf 91' lang='grc' dir='ltr'>τῶν</span> 
     </span>
    </p>
   </div>
   <div class='ocr_carea' id='block_1_40' title="bbox 2141 1445 3806 1522">
    <p class='ocr_par' dir='ltr' id='par_1_40' title="bbox 2141 1445 3806 1522">
     <span class='ocr_line' id='line_1_40' title="bbox 2141 1445 3806 1522; baseline 0.002 -18"><span class='ocrx_word' id='word_1_271' title='bbox 2141 1447 2200 1504; x_wconf 77' lang='grc' dir='ltr'>ἐκ</span> <span class='ocrx_word' id='word_1_272' title='bbox 2230 1445 2468 1504; x_wconf 81' lang='grc' dir='ltr'>δυνατῶν</span> <span class='ocrx_word' id='word_1_273' title='bbox 2515 1449 2590 1510; x_wconf 80' lang='grc' dir='ltr'>εἷς</span> <span class='ocrx_word' id='word_1_274' title='bbox 2649 1447 2906 1512; x_wconf 77' lang='grc' dir='ltr'>δυνατοὺς</span> <span class='ocrx_word' id='word_1_275' title='bbox 2968 1451 3302 1522; x_wconf 89' lang='grc' dir='ltr'>μεταθέσεων</span> <span class='ocrx_word' id='word_1_276' title='bbox 3357 1452 3447 1506; x_wconf 76' lang='grc' dir='ltr'>καὶ</span> <span class='ocrx_word' id='word_1_277' title='bbox 3503 1451 3610 1507; x_wconf 86' lang='grc' dir='ltr'>ἀπὸ</span> <span class='ocrx_word' id='word_1_278' title='bbox 3669 1451 3806 1507; x_wconf 85' lang='grc' dir='ltr'>ἀδυ-</span> 
     </span>
    </p>
   </div>
   <div class='ocr_carea' id='block_1_41' title="bbox 2138 1535 3802 1606">
    <p class='ocr_par' dir='ltr' id='par_1_41' title="bbox 2138 1535 3802 1606">
     <span class='ocr_line' id='line_1_41' title="bbox 2138 1535 3802 1606; baseline 0.003 -13"><span class='ocrx_word' id='word_1_279' title='bbox 2138 1539 2312 1593; x_wconf 88' lang='grc' dir='ltr'>νάτων</span> <span class='ocrx_word' id='word_1_280' title='bbox 2347 1541 2423 1600; x_wconf 87' lang='grc' dir='ltr'>εἱς</span> <span class='ocrx_word' id='word_1_281' title='bbox 2483 1535 2780 1601; x_wconf 84' lang='grc' dir='ltr'>ἀδυνάτους</span> <span class='ocrx_word' id='word_1_282' title='bbox 2810 1539 2900 1594; x_wconf 83' lang='grc' dir='ltr'>καὶ</span> <span class='ocrx_word' id='word_1_283' title='bbox 2961 1539 3066 1594; x_wconf 83' lang='grc' dir='ltr'>ἀπὸ</span> <span class='ocrx_word' id='word_1_284' title='bbox 3100 1537 3336 1595; x_wconf 88' lang='grc' dir='ltr'>δυνατῶν</span> <span class='ocrx_word' id='word_1_285' title='bbox 3371 1540 3448 1604; x_wconf 83' lang='grc' dir='ltr'>εἷς</span> <span class='ocrx_word' id='word_1_286' title='bbox 3481 1539 3802 1606; x_wconf 82' lang='grc' dir='ltr'>ἀδυνάτους.</span> 
     </span>
    </p>
   </div>
   <div class='ocr_carea' id='block_1_42' title="bbox 2141 1629 3829 1708">
    <p class='ocr_par' dir='ltr' id='par_1_42' title="bbox 2141 1629 3829 1708">
     <span class='ocr_line' id='line_1_42' title="bbox 2141 1629 3829 1708; baseline 0.002 -25"><span class='ocrx_word' id='word_1_287' title='bbox 2141 1631 2219 1687; x_wconf 90' lang='grc' dir='ltr'>Τὸ</span> <span class='ocrx_word' id='word_1_288' title='bbox 2252 1629 2355 1705; x_wconf 77' lang='grc' dir='ltr'>γὰρ</span> <span class='ocrx_word' id='word_1_289' title='bbox 2414 1630 2668 1705; x_wconf 86' lang='grc' dir='ltr'>τέταρτον</span> <span class='ocrx_word' id='word_1_290' title='bbox 2728 1629 3025 1708; x_wconf 77' lang='grc' dir='ltr'>κεφάλαιον</span> <span class='ocrx_word' id='word_1_291' title='bbox 3088 1629 3408 1707; x_wconf 79' lang='grc' dir='ltr'>ἷδικωτέρας</span> <span class='ocrx_word' id='word_1_292' title='bbox 3461 1632 3552 1686; x_wconf 81' lang='grc' dir='ltr'>καὶ</span> <span class='ocrx_word' id='word_1_293' title='bbox 3605 1631 3829 1707; x_wconf 78' lang='grc' dir='ltr'>φιλαν-ο</span> 
     </span>
    </p>
   </div>
   <div class='ocr_carea' id='block_1_43' title="bbox 2143 1718 3803 1796">
    <p class='ocr_par' dir='ltr' id='par_1_43' title="bbox 2143 1718 3803 1796">
     <span class='ocr_line' id='line_1_43' title="bbox 2143 1718 3803 1796; baseline 0.003 -24"><span class='ocrx_word' id='word_1_294' title='bbox 2143 1719 2493 1794; x_wconf 82' lang='grc' dir='ltr'>θρωποτέρας</span> <span class='ocrx_word' id='word_1_295' title='bbox 2553 1718 2789 1792; x_wconf 80' lang='grc' dir='ltr'>τεύξεται</span> <span class='ocrx_word' id='word_1_296' title='bbox 2848 1726 2948 1788; x_wconf 81' lang='grc' dir='ltr'>τῆς</span> <span class='ocrx_word' id='word_1_297' title='bbox 3009 1719 3280 1796; x_wconf 81' lang='grc' dir='ltr'>ἡμετέρας</span> <span class='ocrx_word' id='word_1_298' title='bbox 3340 1720 3654 1796; x_wconf 74' lang='grc' dir='ltr'>ἑρμηνείας·</span> <span class='ocrx_word' id='word_1_299' title='bbox 3686 1721 3803 1778; x_wconf 82' lang='grc' dir='ltr'>ἐπεὶ</span> 
     </span>
    </p>
   </div>
   <div class='ocr_carea' id='block_1_44' title="bbox 2139 1815 3806 1897">
    <p class='ocr_par' dir='ltr' id='par_1_44' title="bbox 2139 1815 3806 1897">
     <span class='ocr_line' id='line_1_44' title="bbox 2139 1815 3806 1897; baseline 0.002 -23"><span class='ocrx_word' id='word_1_300' title='bbox 2139 1817 2241 1894; x_wconf 82' lang='grc' dir='ltr'>γὰρ</span> <span class='ocrx_word' id='word_1_301' title='bbox 2274 1817 2527 1894; x_wconf 80' lang='grc' dir='ltr'>εὐχέρεια</span> <span class='ocrx_word' id='word_1_302' title='bbox 2572 1823 2690 1882; x_wconf 89' lang='grc' dir='ltr'>τοῖς</span> <span class='ocrx_word' id='word_1_303' title='bbox 2743 1815 2988 1881; x_wconf 85' lang='grc' dir='ltr'>δυνατοῖς</span> <span class='ocrx_word' id='word_1_304' title='bbox 3021 1817 3209 1888; x_wconf 86' lang='grc' dir='ltr'>πολλή</span> <span class='ocrx_word' id='word_1_305' title='bbox 3266 1841 3349 1882; x_wconf 90' lang='grc' dir='ltr'>τις</span> <span class='ocrx_word' id='word_1_306' title='bbox 3408 1820 3516 1876; x_wconf 81' lang='grc' dir='ltr'>ἐστὶ</span> <span class='ocrx_word' id='word_1_307' title='bbox 3573 1822 3711 1897; x_wconf 78' lang='grc' dir='ltr'>πρὸς</span> <span class='ocrx_word' id='word_1_308' title='bbox 3741 1822 3806 1877; x_wconf 89' lang='grc' dir='ltr'>τὸ</span> 
     </span>
    </p>
   </div>
   <div class='ocr_carea' id='block_1_45' title="bbox 2063 1903 3798 1982">
    <p class='ocr_par' dir='ltr' id='par_1_45' title="bbox 2063 1903 3798 1982">
     <span class='ocr_line' id='line_1_45' title="bbox 2063 1903 3798 1982; baseline 0.002 -19"><span class='ocrx_word' id='word_1_309' title='bbox 2063 1903 2108 1968; x_wconf 89' lang='grc' dir='ltr'><strong>Β</strong></span> <span class='ocrx_word' id='word_1_310' title='bbox 2134 1908 2229 1970; x_wconf 70' lang='grc' dir='ltr'>τὰς</span> <span class='ocrx_word' id='word_1_311' title='bbox 2261 1907 2596 1982; x_wconf 79' lang='grc' dir='ltr'>πανηγύρεις</span> <span class='ocrx_word' id='word_1_312' title='bbox 2633 1907 2739 1962; x_wconf 84' lang='grc' dir='ltr'>ἀπὸ</span> <span class='ocrx_word' id='word_1_313' title='bbox 2789 1912 2898 1963; x_wconf 89' lang='grc' dir='ltr'>τῶν</span> <span class='ocrx_word' id='word_1_314' title='bbox 2959 1906 3184 1962; x_wconf 87' lang='grc' dir='ltr'>δικαίων</span> <span class='ocrx_word' id='word_1_315' title='bbox 3212 1913 3318 1964; x_wconf 90' lang='grc' dir='ltr'>τῶν</span> <span class='ocrx_word' id='word_1_316' title='bbox 3351 1907 3628 1965; x_wconf 86' lang='grc' dir='ltr'>ἀδυνάτων</span> <span class='ocrx_word' id='word_1_317' title='bbox 3660 1911 3798 1966; x_wconf 89' lang='grc' dir='ltr'>ἀπο-</span> 
     </span>
    </p>
   </div>
   <div class='ocr_carea' id='block_1_46' title="bbox 2139 2003 3804 2085">
    <p class='ocr_par' dir='ltr' id='par_1_46' title="bbox 2139 2003 3804 2085">
     <span class='ocr_line' id='line_1_46' title="bbox 2139 2003 3804 2085; baseline 0.002 -25"><span class='ocrx_word' id='word_1_318' title='bbox 2139 2007 2366 2061; x_wconf 82' lang='grc' dir='ltr'>σπᾶσθαι</span> <span class='ocrx_word' id='word_1_319' title='bbox 2402 2052 2417 2076; x_wconf 86' lang='grc'>,</span> <span class='ocrx_word' id='word_1_320' title='bbox 2479 2003 2801 2078; x_wconf 84' lang='grc' dir='ltr'>θεσπίζομεν</span> <span class='ocrx_word' id='word_1_321' title='bbox 2858 2005 2908 2060; x_wconf 83' lang='grc' dir='ltr'>ἐν</span> <span class='ocrx_word' id='word_1_322' title='bbox 2967 2005 3148 2079; x_wconf 87' lang='grc' dir='ltr'>τούτῳ</span> <span class='ocrx_word' id='word_1_323' title='bbox 3231 2012 3311 2080; x_wconf 75' lang='grc' dir='ltr'>τῷ</span> <span class='ocrx_word' id='word_1_324' title='bbox 3391 2007 3673 2085; x_wconf 78' lang='grc' dir='ltr'>κεφαλαίῳ</span> <span class='ocrx_word' id='word_1_325' title='bbox 3725 2009 3804 2082; x_wconf 80' lang='grc' dir='ltr'>μὴ</span> 
     </span>
    </p>
   </div>
   <div class='ocr_carea' id='block_1_47' title="bbox 2141 2093 3806 2174">
    <p class='ocr_par' dir='ltr' id='par_1_47' title="bbox 2141 2093 3806 2174">
     <span class='ocr_line' id='line_1_47' title="bbox 2141 2093 3806 2174; baseline 0.001 -24"><span class='ocrx_word' id='word_1_326' title='bbox 2141 2093 2328 2158; x_wconf 77' lang='grc' dir='ltr'>ἄλλως</span> <span class='ocrx_word' id='word_1_327' title='bbox 2385 2098 2546 2150; x_wconf 76' lang='grc' dir='ltr'>τοῦτο</span> <span class='ocrx_word' id='word_1_328' title='bbox 2601 2099 2954 2170; x_wconf 84' lang='grc' dir='ltr'>παραχωρεῖν</span> <span class='ocrx_word' id='word_1_329' title='bbox 3015 2094 3278 2172; x_wconf 82' lang='grc' dir='ltr'>γίνεσθαι,</span> <span class='ocrx_word' id='word_1_330' title='bbox 3332 2094 3503 2174; x_wconf 74' lang='grc' dir='ltr'>ἤγουν</span> <span class='ocrx_word' id='word_1_331' title='bbox 3549 2099 3651 2168; x_wconf 79' lang='grc' dir='ltr'>τὴν</span> <span class='ocrx_word' id='word_1_332' title='bbox 3699 2097 3806 2152; x_wconf 88' lang='grc' dir='ltr'>ἀπὸ</span> 
     </span>
    </p>
   </div>
   <div class='ocr_carea' id='block_1_48' title="bbox 2140 2189 3802 2271">
    <p class='ocr_par' dir='ltr' id='par_1_48' title="bbox 2140 2189 3802 2271">
     <span class='ocr_line' id='line_1_48' title="bbox 2140 2189 3802 2271; baseline 0.003 -25"><span class='ocrx_word' id='word_1_333' title='bbox 2140 2195 2248 2247; x_wconf 90' lang='grc' dir='ltr'>τῶν</span> <span class='ocrx_word' id='word_1_334' title='bbox 2305 2189 2581 2247; x_wconf 81' lang='grc' dir='ltr'>ἀδυνάτων</span> <span class='ocrx_word' id='word_1_335' title='bbox 2614 2193 2692 2254; x_wconf 87' lang='grc' dir='ltr'>εἷς</span> <span class='ocrx_word' id='word_1_336' title='bbox 2749 2190 3006 2255; x_wconf 81' lang='grc' dir='ltr'>δυνατοὺς</span> <span class='ocrx_word' id='word_1_337' title='bbox 3059 2199 3160 2262; x_wconf 77' lang='grc' dir='ltr'>τῆς</span> <span class='ocrx_word' id='word_1_338' title='bbox 3215 2193 3571 2271; x_wconf 79' lang='grc' dir='ltr'>πανηγύρεως</span> <span class='ocrx_word' id='word_1_339' title='bbox 3631 2195 3802 2268; x_wconf 88' lang='grc' dir='ltr'>μετά-</span> 
     </span>
    </p>
   </div>
   <div class='ocr_carea' id='block_1_49' title="bbox 2143 2279 3802 2357">
    <p class='ocr_par' dir='ltr' id='par_1_49' title="bbox 2143 2279 3802 2357">
     <span class='ocr_line' id='line_1_49' title="bbox 2143 2279 3802 2357; baseline 0.002 -22"><span class='ocrx_word' id='word_1_340' title='bbox 2143 2283 2309 2354; x_wconf 79' lang='grc' dir='ltr'>θεσιν,</span> <span class='ocrx_word' id='word_1_341' title='bbox 2343 2281 2388 2335; x_wconf 88' lang='grc' dir='ltr'>εἰ</span> <span class='ocrx_word' id='word_1_342' title='bbox 2427 2281 2504 2354; x_wconf 78' lang='grc' dir='ltr'>μὴ</span> <span class='ocrx_word' id='word_1_343' title='bbox 2567 2279 2918 2354; x_wconf 83' lang='grc' dir='ltr'>ὁμοθυμαδὸν</span> <span class='ocrx_word' id='word_1_344' title='bbox 2975 2283 3256 2357; x_wconf 85' lang='grc' dir='ltr'>ἀναχωρεῖ</span> <span class='ocrx_word' id='word_1_345' title='bbox 3307 2284 3483 2338; x_wconf 81' lang='grc' dir='ltr'>ἅπασα</span> <span class='ocrx_word' id='word_1_346' title='bbox 3539 2283 3802 2347; x_wconf 69' lang='grc' dir='ltr'>ἑκουσίως</span> 
     </span>
    </p>
   </div>
   <div class='ocr_carea' id='block_1_50' title="bbox 2141 2369 3808 2448">
    <p class='ocr_par' dir='ltr' id='par_1_50' title="bbox 2141 2369 3808 2448">
     <span class='ocr_line' id='line_1_50' title="bbox 2141 2369 3808 2448; baseline 0.002 -23"><span class='ocrx_word' id='word_1_347' title='bbox 2141 2371 2231 2426; x_wconf 84' lang='grc' dir='ltr'>καὶ</span> <span class='ocrx_word' id='word_1_348' title='bbox 2281 2370 2452 2425; x_wconf 80' lang='grc' dir='ltr'>ἐκεῖσε</span> <span class='ocrx_word' id='word_1_349' title='bbox 2543 2370 2855 2444; x_wconf 81' lang='grc' dir='ltr'>μεθίσταται</span> <span class='ocrx_word' id='word_1_350' title='bbox 2937 2369 3063 2434; x_wconf 80' lang='grc' dir='ltr'>ἔνθα</span> <span class='ocrx_word' id='word_1_351' title='bbox 3132 2371 3222 2426; x_wconf 87' lang='grc' dir='ltr'>καὶ</span> <span class='ocrx_word' id='word_1_352' title='bbox 3275 2372 3538 2448; x_wconf 88' lang='grc' dir='ltr'>πρότερον</span> <span class='ocrx_word' id='word_1_353' title='bbox 3597 2373 3686 2428; x_wconf 78' lang='grc' dir='ltr'>καὶ</span> <span class='ocrx_word' id='word_1_354' title='bbox 3747 2372 3808 2429; x_wconf 80' lang='grc' dir='ltr'>ἐκ</span> 
     </span>
    </p>
   </div>
   <div class='ocr_carea' id='block_1_51' title="bbox 2143 2469 3808 2548">
    <p class='ocr_par' dir='ltr' id='par_1_51' title="bbox 2143 2469 3808 2548">
     <span class='ocr_line' id='line_1_51' title="bbox 2143 2469 3808 2548; baseline 0.002 -22"><span class='ocrx_word' id='word_1_355' title='bbox 2143 2469 2383 2526; x_wconf 74' lang='grc' dir='ltr'>παλαιοῦ</span> <span class='ocrx_word' id='word_1_356' title='bbox 2441 2470 2746 2526; x_wconf 88' lang='grc' dir='ltr'>συνίστατο⁶</span> <span class='ocrx_word' id='word_1_357' title='bbox 2811 2471 2886 2534; x_wconf 83' lang='grc' dir='ltr'>ὡς</span> <span class='ocrx_word' id='word_1_358' title='bbox 2947 2472 3264 2548; x_wconf 70' lang='grc' dir='ltr'>συντρέχειν</span> <span class='ocrx_word' id='word_1_359' title='bbox 3327 2471 3550 2528; x_wconf 74' lang='grc' dir='ltr'>ἐνταῦθα</span> <span class='ocrx_word' id='word_1_360' title='bbox 3591 2472 3658 2528; x_wconf 86' lang='grc' dir='ltr'>τά</span> <span class='ocrx_word' id='word_1_361' title='bbox 3711 2471 3808 2529; x_wconf 87' lang='grc' dir='ltr'>δύο</span> 
     </span>
    </p>
   </div>
   <div class='ocr_carea' id='block_1_52' title="bbox 2146 2557 3812 2637">
    <p class='ocr_par' dir='ltr' id='par_1_52' title="bbox 2146 2557 3812 2637">
     <span class='ocr_line' id='line_1_52' title="bbox 2146 2557 3812 2637; baseline 0.002 -23"><span class='ocrx_word' id='word_1_362' title='bbox 2146 2557 2368 2637; x_wconf 66' lang='grc' dir='ltr'>εὔλογα,</span> <span class='ocrx_word' id='word_1_363' title='bbox 2400 2561 2461 2615; x_wconf 84' lang='grc' dir='ltr'>τὸ</span> <span class='ocrx_word' id='word_1_364' title='bbox 2497 2580 2555 2615; x_wconf 91' lang='grc' dir='ltr'>τε</span> <span class='ocrx_word' id='word_1_365' title='bbox 2583 2563 2684 2630; x_wconf 77' lang='grc' dir='ltr'>τῇς</span> <span class='ocrx_word' id='word_1_366' title='bbox 2736 2559 3107 2636; x_wconf 86' lang='grc' dir='ltr'>ἀρχαιότητος</span> <span class='ocrx_word' id='word_1_367' title='bbox 3167 2559 3374 2616; x_wconf 85' lang='grc' dir='ltr'>δίκαιον</span> <span class='ocrx_word' id='word_1_368' title='bbox 3429 2563 3518 2618; x_wconf 87' lang='grc' dir='ltr'>καὶ</span> <span class='ocrx_word' id='word_1_369' title='bbox 3577 2564 3676 2633; x_wconf 84' lang='grc' dir='ltr'>τήν</span> <span class='ocrx_word' id='word_1_370' title='bbox 3713 2565 3812 2618; x_wconf 76' lang='grc' dir='ltr'>τοῦ</span> 
     </span>
    </p>
   </div>
   <div class='ocr_carea' id='block_1_53' title="bbox 2146 2657 3803 2740">
    <p class='ocr_par' dir='ltr' id='par_1_53' title="bbox 2146 2657 3803 2740">
     <span class='ocr_line' id='line_1_53' title="bbox 2146 2657 3803 2740; baseline 0.001 -26"><span class='ocrx_word' id='word_1_371' title='bbox 2146 2661 2348 2722; x_wconf 88' lang='grc' dir='ltr'>παντὸς</span> <span class='ocrx_word' id='word_1_372' title='bbox 2380 2657 2630 2731; x_wconf 79' lang='grc' dir='ltr'>πλήθους</span> <span class='ocrx_word' id='word_1_373' title='bbox 2665 2657 2920 2737; x_wconf 73' lang='grc' dir='ltr'>σύρῥοιάν</span> <span class='ocrx_word' id='word_1_374' title='bbox 2949 2681 3008 2715; x_wconf 88' lang='grc' dir='ltr'>τε</span> <span class='ocrx_word' id='word_1_375' title='bbox 3055 2661 3146 2716; x_wconf 85' lang='grc' dir='ltr'>καὶ</span> <span class='ocrx_word' id='word_1_376' title='bbox 3176 2682 3506 2734; x_wconf 87' lang='grc' dir='ltr'>συμπνοιαν.</span> <span class='ocrx_word' id='word_1_377' title='bbox 3538 2661 3644 2720; x_wconf 87' lang='grc' dir='ltr'>Καὶ</span> <span class='ocrx_word' id='word_1_378' title='bbox 3672 2662 3803 2740; x_wconf 79' lang='grc' dir='ltr'>γὰρ,</span> 
     </span>
    </p>
   </div>
   <div class='ocr_carea' id='block_1_54' title="bbox 2149 2747 3812 2829">
    <p class='ocr_par' dir='ltr' id='par_1_54' title="bbox 2149 2747 3812 2829">
     <span class='ocr_line' id='line_1_54' title="bbox 2149 2747 3812 2829; baseline 0.002 -26"><span class='ocrx_word' id='word_1_379' title='bbox 2149 2747 2195 2804; x_wconf 74' lang='grc' dir='ltr'>εί</span> <span class='ocrx_word' id='word_1_380' title='bbox 2225 2749 2371 2824; x_wconf 79' lang='grc' dir='ltr'>τάχα</span> <span class='ocrx_word' id='word_1_381' title='bbox 2396 2749 2448 2804; x_wconf 84' lang='grc' dir='ltr'>έν</span> <span class='ocrx_word' id='word_1_382' title='bbox 2480 2754 2596 2811; x_wconf 92' lang='grc' dir='ltr'>τοῖς</span> <span class='ocrx_word' id='word_1_383' title='bbox 2628 2747 2826 2812; x_wconf 83' lang='grc' dir='ltr'>ἄλλοις</span> <span class='ocrx_word' id='word_1_384' title='bbox 2860 2749 3008 2825; x_wconf 86' lang='grc' dir='ltr'>τρισὶ</span> <span class='ocrx_word' id='word_1_385' title='bbox 3063 2751 3259 2824; x_wconf 88' lang='grc' dir='ltr'>θέμασι</span> <span class='ocrx_word' id='word_1_386' title='bbox 3286 2751 3376 2806; x_wconf 82' lang='grc' dir='ltr'>καὶ</span> <span class='ocrx_word' id='word_1_387' title='bbox 3408 2753 3470 2806; x_wconf 90' lang='grc' dir='ltr'>τὸ</span> <span class='ocrx_word' id='word_1_388' title='bbox 3502 2748 3555 2807; x_wconf 76' lang='grc' dir='ltr'>ἔν</span> <span class='ocrx_word' id='word_1_389' title='bbox 3583 2749 3812 2829; x_wconf 67' lang='grc' dir='ltr'>εὔλογον</span> 
     </span>
    </p>
   </div>
   <div class='ocr_carea' id='block_1_55' title="bbox 377 2835 3807 2917">
    <p class='ocr_par' dir='ltr' id='par_1_55' title="bbox 377 2835 3807 2917">
     <span class='ocr_line' id='line_1_55' title="bbox 377 2835 3807 2917; baseline 0.001 -24"><span class='ocrx_word' id='word_1_390' title='bbox 377 2836 435 2894; x_wconf 75' lang='grc' dir='ltr'>δν</span> <span class='ocrx_word' id='word_1_391' title='bbox 473 2838 637 2912; x_wconf 90' lang='grc' dir='ltr'>μόνον</span> <span class='ocrx_word' id='word_1_392' title='bbox 671 2835 811 2893; x_wconf 74' lang='grc' dir='ltr'>οἶδεν</span> <span class='ocrx_word' id='word_1_393' title='bbox 844 2839 1048 2914; x_wconf 79' lang='grc' dir='ltr'>ἀρκεῖν,</span> <span class='ocrx_word' id='word_1_394' title='bbox 1076 2839 1189 2894; x_wconf 76' lang='grc' dir='ltr'>οἶον</span> <span class='ocrx_word' id='word_1_395' title='bbox 1227 2838 1400 2912; x_wconf 91' lang='grc' dir='ltr'>μόνην</span> <span class='ocrx_word' id='word_1_396' title='bbox 1435 2840 1533 2909; x_wconf 83' lang='grc' dir='ltr'>τήν</span> <span class='ocrx_word' id='word_1_397' title='bbox 1563 2837 1864 2913; x_wconf 89' lang='grc' dir='ltr'>σύμπνοιαν</span> <span class='ocrx_word' id='word_1_398' title='bbox 1899 2838 1989 2895; x_wconf 76' lang='grc' dir='ltr'>ὅτε</span> <span class='ocrx_word' id='word_1_399' title='bbox 2047 2837 2227 2894; x_wconf 74' lang='grc' dir='ltr'>ἅπασα</span> <span class='ocrx_word' id='word_1_400' title='bbox 2285 2838 2600 2912; x_wconf 84' lang='grc' dir='ltr'>μεθίσταται</span> <span class='ocrx_word' id='word_1_401' title='bbox 2631 2841 2666 2909; x_wconf 79' lang='grc' dir='ltr'><strong>ἡ</strong></span> <span class='ocrx_word' id='word_1_402' title='bbox 2699 2841 3023 2917; x_wconf 87' lang='grc' dir='ltr'>πανήγυρις,</span> <span class='ocrx_word' id='word_1_403' title='bbox 3055 2839 3090 2908; x_wconf 70' lang='grc' dir='ltr'><strong>ἢ</strong></span> <span class='ocrx_word' id='word_1_404' title='bbox 3127 2839 3300 2912; x_wconf 87' lang='grc' dir='ltr'>μόνην</span> <span class='ocrx_word' id='word_1_405' title='bbox 3332 2843 3431 2910; x_wconf 76' lang='grc' dir='ltr'>τήν</span> <span class='ocrx_word' id='word_1_406' title='bbox 3463 2840 3807 2916; x_wconf 83' lang='grc' dir='ltr'>ἀρχαιότητα</span> 
     </span>
    </p>
   </div>
   <div class='ocr_carea' id='block_1_56' title="bbox 375 2924 3810 3008">
    <p class='ocr_par' dir='ltr' id='par_1_56' title="bbox 375 2924 3810 3008">
     <span class='ocr_line' id='line_1_56' title="bbox 375 2924 3810 3008; baseline 0 -24"><span class='ocrx_word' id='word_1_407' title='bbox 375 2926 730 3003; x_wconf 78' lang='grc' dir='ltr'>διϊσταμένης</span> <span class='ocrx_word' id='word_1_408' title='bbox 792 2924 1054 2998; x_wconf 85' lang='grc' dir='ltr'>δηλονότι</span> <span class='ocrx_word' id='word_1_409' title='bbox 1111 2927 1202 2984; x_wconf 83' lang='grc' dir='ltr'>καὶ</span> <span class='ocrx_word' id='word_1_410' title='bbox 1248 2926 1676 3004; x_wconf 87' lang='grc' dir='ltr'>διατεμνομὲνης</span> <span class='ocrx_word' id='word_1_411' title='bbox 1736 2928 1812 2991; x_wconf 77' lang='grc' dir='ltr'>εἰς</span> <span class='ocrx_word' id='word_1_412' title='bbox 1880 2927 1976 2985; x_wconf 86' lang='grc' dir='ltr'>δύο</span> <span class='ocrx_word' id='word_1_413' title='bbox 2023 2935 2124 2999; x_wconf 86' lang='grc' dir='ltr'>τῆς</span> <span class='ocrx_word' id='word_1_414' title='bbox 2183 2929 2564 3004; x_wconf 76' lang='grc' dir='ltr'>πανηγύρεως,</span> <span class='ocrx_word' id='word_1_415' title='bbox 2624 2926 2748 2984; x_wconf 84' lang='grc' dir='ltr'>ἀλλ’</span> <span class='ocrx_word' id='word_1_416' title='bbox 2805 2927 2891 2984; x_wconf 82' lang='grc' dir='ltr'>ἐπὶ</span> <span class='ocrx_word' id='word_1_417' title='bbox 2951 2933 3048 2984; x_wconf 80' lang='grc' dir='ltr'>τοῦ</span> <span class='ocrx_word' id='word_1_418' title='bbox 3105 2928 3364 3006; x_wconf 85' lang='grc' dir='ltr'>τετάρτου</span> <span class='ocrx_word' id='word_1_419' title='bbox 3419 2928 3586 2986; x_wconf 80' lang='grc' dir='ltr'>τοῦδε</span> <span class='ocrx_word' id='word_1_420' title='bbox 3642 2952 3810 3008; x_wconf 76' lang='grc' dir='ltr'>κεφα-</span> 
     </span>
    </p>
   </div>
   <div class='ocr_carea' id='block_1_57' title="bbox 373 3015 3815 3096">
    <p class='ocr_par' dir='ltr' id='par_1_57' title="bbox 373 3015 3815 3096">
     <span class='ocr_line' id='line_1_57' title="bbox 373 3015 3815 3096; baseline 0 -22"><span class='ocrx_word' id='word_1_421' title='bbox 373 3015 540 3075; x_wconf 88' lang='grc' dir='ltr'>λαίου</span> <span class='ocrx_word' id='word_1_422' title='bbox 595 3018 694 3088; x_wconf 81' lang='grc' dir='ltr'>τήν</span> <span class='ocrx_word' id='word_1_423' title='bbox 727 3021 836 3072; x_wconf 90' lang='grc' dir='ltr'>τῶν</span> <span class='ocrx_word' id='word_1_424' title='bbox 898 3015 995 3073; x_wconf 90' lang='grc' dir='ltr'>δύο</span> <span class='ocrx_word' id='word_1_425' title='bbox 1051 3016 1292 3096; x_wconf 82' lang='grc' dir='ltr'>εὐλόγων</span> <span class='ocrx_word' id='word_1_426' title='bbox 1356 3017 1664 3075; x_wconf 87' lang='grc' dir='ltr'>συνέλευσιν</span> <span class='ocrx_word' id='word_1_427' title='bbox 1729 3019 1861 3073; x_wconf 74' lang='grc' dir='ltr'>εἶναι</span> <span class='ocrx_word' id='word_1_428' title='bbox 1893 3017 2190 3092; x_wconf 82' lang='grc' dir='ltr'>κελεύομεν</span> <span class='ocrx_word' id='word_1_429' title='bbox 2225 3016 2314 3072; x_wconf 78' lang='grc' dir='ltr'>ἐπὶ</span> <span class='ocrx_word' id='word_1_430' title='bbox 2371 3021 2452 3090; x_wconf 80' lang='grc' dir='ltr'>τῷ</span> <span class='ocrx_word' id='word_1_431' title='bbox 2509 3037 2701 3090; x_wconf 87' lang='grc' dir='ltr'>κρατεν</span> <span class='ocrx_word' id='word_1_432' title='bbox 2762 3019 2859 3088; x_wconf 77' lang='grc' dir='ltr'>τήν</span> <span class='ocrx_word' id='word_1_433' title='bbox 2920 3018 3026 3073; x_wconf 88' lang='grc' dir='ltr'>ἀπὸ</span> <span class='ocrx_word' id='word_1_434' title='bbox 3076 3017 3352 3075; x_wconf 88' lang='grc' dir='ltr'>ἀδυνάτων</span> <span class='ocrx_word' id='word_1_435' title='bbox 3416 3020 3491 3083; x_wconf 82' lang='grc' dir='ltr'>εἰς</span> <span class='ocrx_word' id='word_1_436' title='bbox 3552 3017 3815 3082; x_wconf 80' lang='grc' dir='ltr'>δυνατοὺς</span> 
     </span>
    </p>
   </div>
   <div class='ocr_carea' id='block_1_58' title="bbox 382 3105 3824 3186">
    <p class='ocr_par' dir='ltr' id='par_1_58' title="bbox 382 3105 3824 3186">
     <span class='ocr_line' id='line_1_58' title="bbox 382 3105 3824 3186; baseline 0 -23"><span class='ocrx_word' id='word_1_437' title='bbox 382 3107 667 3180; x_wconf 82' lang='grc' dir='ltr'>μετάθεσιν</span> <span class='ocrx_word' id='word_1_438' title='bbox 728 3110 836 3161; x_wconf 87' lang='grc' dir='ltr'>τῶν</span> <span class='ocrx_word' id='word_1_439' title='bbox 894 3105 1252 3182; x_wconf 88' lang='grc' dir='ltr'>πανηγύρεων</span> <span class='ocrx_word' id='word_1_440' title='bbox 1288 3151 1303 3177; x_wconf 93' lang='grc'>,</span> <span class='ocrx_word' id='word_1_441' title='bbox 1359 3107 1460 3176; x_wconf 76' lang='grc' dir='ltr'>τὴν</span> <span class='ocrx_word' id='word_1_442' title='bbox 1515 3127 1572 3162; x_wconf 83' lang='grc' dir='ltr'>τε</span> <span class='ocrx_word' id='word_1_443' title='bbox 1631 3105 1886 3184; x_wconf 76' lang='grc' dir='ltr'>ῥηθεῖσαν</span> <span class='ocrx_word' id='word_1_444' title='bbox 1942 3110 2041 3162; x_wconf 77' lang='grc' dir='ltr'>τοῦ</span> <span class='ocrx_word' id='word_1_445' title='bbox 2100 3127 2300 3170; x_wconf 90' lang='grc' dir='ltr'>παντος</span> <span class='ocrx_word' id='word_1_446' title='bbox 2357 3106 2662 3180; x_wconf 85' lang='grc' dir='ltr'>σύμπνοιαν</span> <span class='ocrx_word' id='word_1_447' title='bbox 2718 3108 2809 3162; x_wconf 84' lang='grc' dir='ltr'>καὶ</span> <span class='ocrx_word' id='word_1_448' title='bbox 2889 3107 2951 3162; x_wconf 87' lang='grc' dir='ltr'>τὸ</span> <span class='ocrx_word' id='word_1_449' title='bbox 3007 3113 3108 3178; x_wconf 82' lang='grc' dir='ltr'>τῆς</span> <span class='ocrx_word' id='word_1_450' title='bbox 3161 3109 3534 3186; x_wconf 78' lang='grc' dir='ltr'>ἀρχαιότητος</span> <span class='ocrx_word' id='word_1_451' title='bbox 3590 3107 3824 3164; x_wconf 47' lang='grc' dir='ltr'>δίκαιον</span> 
     </span>
    </p>
   </div>
   <div class='ocr_carea' id='block_1_59' title="bbox 375 3193 3808 3273">
    <p class='ocr_par' dir='ltr' id='par_1_59' title="bbox 375 3193 3808 3273">
     <span class='ocr_line' id='line_1_59' title="bbox 375 3193 3808 3273; baseline 0 -22"><span class='ocrx_word' id='word_1_452' title='bbox 375 3201 494 3260; x_wconf 85' lang='grc' dir='ltr'>τοῖς</span> <span class='ocrx_word' id='word_1_453' title='bbox 521 3196 718 3266; x_wconf 86' lang='grc' dir='ltr'>πένησι</span> <span class='ocrx_word' id='word_1_454' title='bbox 749 3194 922 3268; x_wconf 83' lang='grc' dir='ltr'>πάντη</span> <span class='ocrx_word' id='word_1_455' title='bbox 955 3200 1119 3272; x_wconf 90' lang='grc' dir='ltr'>χεῖρα</span> <span class='ocrx_word' id='word_1_456' title='bbox 1151 3195 1351 3272; x_wconf 82' lang='grc' dir='ltr'>βοηθὸν</span> <span class='ocrx_word' id='word_1_457' title='bbox 1385 3195 1664 3273; x_wconf 79' lang='grc' dir='ltr'>ὀρέγοντες</span> <span class='ocrx_word' id='word_1_458' title='bbox 1697 3197 1788 3251; x_wconf 81' lang='grc' dir='ltr'>καὶ</span> <span class='ocrx_word' id='word_1_459' title='bbox 1819 3197 1881 3251; x_wconf 81' lang='grc' dir='ltr'>τὸ</span> <span class='ocrx_word' id='word_1_460' title='bbox 1903 3196 2090 3272; x_wconf 79' lang='grc' dir='ltr'>περιὸν</span> <span class='ocrx_word' id='word_1_461' title='bbox 2111 3202 2211 3265; x_wconf 82' lang='grc' dir='ltr'>τῆς</span> <span class='ocrx_word' id='word_1_462' title='bbox 2245 3193 2526 3269; x_wconf 86' lang='grc' dir='ltr'>δυνάμεως</span> <span class='ocrx_word' id='word_1_463' title='bbox 2558 3200 2665 3251; x_wconf 87' lang='grc' dir='ltr'>τῶν</span> <span class='ocrx_word' id='word_1_464' title='bbox 2701 3194 2980 3271; x_wconf 87' lang='grc' dir='ltr'>δυνάμεως</span> <span class='ocrx_word' id='word_1_465' title='bbox 3001 3196 3353 3254; x_wconf 87' lang='grc' dir='ltr'>τῶνδυνατῶν</span> <span class='ocrx_word' id='word_1_466' title='bbox 3384 3195 3808 3260; x_wconf 79' lang='grc' dir='ltr'>ἀναστέλλοντες</span> 
     </span>
    </p>
   </div>
   <div class='ocr_carea' id='block_1_60' title="bbox 379 3285 3809 3365">
    <p class='ocr_par' dir='ltr' id='par_1_60' title="bbox 379 3285 3809 3365">
     <span class='ocr_line' id='line_1_60' title="bbox 379 3285 3809 3365; baseline -0 -23"><span class='ocrx_word' id='word_1_467' title='bbox 379 3286 408 3342; x_wconf 74' lang='grc' dir='ltr'><strong>’ὀ</strong></span> <span class='ocrx_word' id='word_1_468' title='bbox 434 3286 523 3340; x_wconf 82' lang='grc' dir='ltr'>καὶ</span> <span class='ocrx_word' id='word_1_469' title='bbox 554 3288 635 3358; x_wconf 80' lang='grc' dir='ltr'>τῷ</span> <span class='ocrx_word' id='word_1_470' title='bbox 669 3285 940 3363; x_wconf 79' lang='grc' dir='ltr'>μακαρίτῃ</span> <span class='ocrx_word' id='word_1_471' title='bbox 977 3286 1186 3360; x_wconf 85' lang='grc' dir='ltr'>πάππῳ</span> <span class='ocrx_word' id='word_1_472' title='bbox 1215 3289 1376 3361; x_wconf 77' lang='grc' dir='ltr'>ἡμῶν</span> <span class='ocrx_word' id='word_1_473' title='bbox 1414 3285 1630 3362; x_wconf 85' lang='grc' dir='ltr'>βασιλεῖ</span> <span class='ocrx_word' id='word_1_474' title='bbox 1658 3292 1808 3363; x_wconf 87' lang='grc' dir='ltr'>κυρῷ</span> <span class='ocrx_word' id='word_1_475' title='bbox 1863 3289 2134 3360; x_wconf 81' lang='grc' dir='ltr'>Ῥωμανῷ</span> <span class='ocrx_word' id='word_1_476' title='bbox 2184 3290 2264 3358; x_wconf 81' lang='grc' dir='ltr'>τῷ</span> <span class='ocrx_word' id='word_1_477' title='bbox 2319 3287 2526 3363; x_wconf 87' lang='grc' dir='ltr'>γέρεντι</span> <span class='ocrx_word' id='word_1_478' title='bbox 2587 3287 2992 3364; x_wconf 89' lang='grc' dir='ltr'>μεμερίμνηται</span> <span class='ocrx_word' id='word_1_479' title='bbox 3022 3287 3192 3345; x_wconf 87' lang='grc' dir='ltr'>πάλαι</span> <span class='ocrx_word' id='word_1_480' title='bbox 3224 3287 3414 3365; x_wconf 80' lang='grc' dir='ltr'>ἄριστα</span> <span class='ocrx_word' id='word_1_481' title='bbox 3441 3286 3529 3344; x_wconf 82' lang='grc' dir='ltr'>ἐπί</span> <span class='ocrx_word' id='word_1_482' title='bbox 3549 3291 3668 3350; x_wconf 89' lang='grc' dir='ltr'>ταῖς</span> <span class='ocrx_word' id='word_1_483' title='bbox 3699 3291 3809 3342; x_wconf 91' lang='grc' dir='ltr'>τῶν</span> 
     </span>
    </p>
   </div>
   <div class='ocr_carea' id='block_1_61' title="bbox 376 3371 2214 3452">
    <p class='ocr_par' dir='ltr' id='par_1_61' title="bbox 376 3371 2214 3452">
     <span class='ocr_line' id='line_1_61' title="bbox 376 3371 2214 3452; baseline 0.001 -20"><span class='ocrx_word' id='word_1_484' title='bbox 376 3375 650 3448; x_wconf 73' lang='grc' dir='ltr'>ἀκινήτων</span> <span class='ocrx_word' id='word_1_485' title='bbox 683 3371 908 3432; x_wconf 85' lang='grc' dir='ltr'>δικαίων</span> <span class='ocrx_word' id='word_1_486' title='bbox 936 3380 1044 3432; x_wconf 90' lang='grc' dir='ltr'>τῶν</span> <span class='ocrx_word' id='word_1_487' title='bbox 1079 3373 1355 3433; x_wconf 85' lang='grc' dir='ltr'>ἀδυνάτων</span> <span class='ocrx_word' id='word_1_488' title='bbox 1381 3377 1520 3452; x_wconf 82' lang='grc' dir='ltr'>πρὸς</span> <span class='ocrx_word' id='word_1_489' title='bbox 1552 3374 1814 3442; x_wconf 85' lang='grc' dir='ltr'>δυνατοὺς</span> <span class='ocrx_word' id='word_1_490' title='bbox 1844 3375 2214 3448; x_wconf 76' lang='grc' dir='ltr'>ἔκποῖήσεσιν.</span> 
     </span>
    </p>
   </div>
   <div class='ocr_carea' id='block_1_62' title="bbox 2055 3521 2132 3578">
    <p class='ocr_par' dir='ltr' id='par_1_62' title="bbox 2055 3521 2132 3578">
     <span class='ocr_line' id='line_1_62' title="bbox 2055 3521 2132 3578; baseline 0.026 -2"><span class='ocrx_word' id='word_1_491' title='bbox 2055 3521 2132 3578; x_wconf 80' lang='grc' dir='ltr'>ν.</span> 
     </span>
    </p>
   </div>
   <div class='ocr_carea' id='block_1_63' title="bbox 1092 3664 3097 3740">
    <p class='ocr_par' dir='ltr' id='par_1_63' title="bbox 1092 3664 3097 3740">
     <span class='ocr_line' id='line_1_63' title="bbox 1092 3664 3097 3740; baseline 0.001 -20"><span class='ocrx_word' id='word_1_492' title='bbox 1092 3667 1232 3736; x_wconf 87' lang='lat' dir='ltr'>Imp.</span> <span class='ocrx_word' id='word_1_493' title='bbox 1282 3665 1479 3721; x_wconf 78' lang='lat' dir='ltr'>Basilii</span> <span class='ocrx_word' id='word_1_494' title='bbox 1517 3665 1988 3738; x_wconf 78' lang='lat' dir='ltr'>Porphyrogem’ti</span> <span class='ocrx_word' id='word_1_495' title='bbox 2020 3664 2086 3721; x_wconf 82' lang='lat' dir='ltr'>de</span> <span class='ocrx_word' id='word_1_496' title='bbox 2114 3664 2594 3738; x_wconf 76' lang='lat' dir='ltr'>archiepiscopum</span> <span class='ocrx_word' id='word_1_497' title='bbox 2641 3667 2920 3736; x_wconf 70' lang='lat' dir='ltr'>Bulgaria:</span> <span class='ocrx_word' id='word_1_498' title='bbox 2964 3668 3097 3740; x_wconf 81' lang='lat' dir='ltr'>(H).</span> 
     </span>
    </p>
   </div>
   <div class='ocr_carea' id='block_1_64' title="bbox 452 3802 2036 3886">
    <p class='ocr_par' dir='ltr' id='par_1_64' title="bbox 452 3807 2030 3882">
     <span class='ocr_line' id='line_1_64' title="bbox 452 3807 2030 3882; baseline 0 -18"><span class='ocrx_word' id='word_1_499' title='bbox 452 3811 597 3865; x_wconf 88' lang='lat' dir='ltr'>Cum</span> <span class='ocrx_word' id='word_1_500' title='bbox 631 3808 822 3864; x_wconf 88' lang='lat' dir='ltr'>multa</span> <span class='ocrx_word' id='word_1_501' title='bbox 852 3807 974 3863; x_wconf 87' lang='lat' dir='ltr'>sint</span> <span class='ocrx_word' id='word_1_502' title='bbox 1019 3813 1079 3862; x_wconf 88' lang='lat' dir='ltr'>et</span> <span class='ocrx_word' id='word_1_503' title='bbox 1119 3824 1335 3881; x_wconf 85' lang='lat' dir='ltr'>magna</span> <span class='ocrx_word' id='word_1_504' title='bbox 1377 3827 1510 3881; x_wconf 58' lang='lat' dir='ltr'>quin</span> <span class='ocrx_word' id='word_1_505' title='bbox 1541 3825 1575 3864; x_wconf 92' lang='lat' dir='ltr'>a</span> <span class='ocrx_word' id='word_1_506' title='bbox 1603 3809 1862 3882; x_wconf 88' lang='lat' dir='ltr'>benigno</span> <span class='ocrx_word' id='word_1_507' title='bbox 1913 3809 2030 3864; x_wconf 89' lang='lat' dir='ltr'>Deo</span> 
     </span>
    </p>
   </div>
   <div class='ocr_carea' id='block_1_65' title="bbox 2149 3802 3802 3886">
    <p class='ocr_par' dir='ltr' id='par_1_65' title="bbox 2214 3802 3802 3886">
     <span class='ocr_line' id='line_1_65' title="bbox 2214 3802 3802 3886; baseline 0.004 -26"><span class='ocrx_word' id='word_1_508' title='bbox 2214 3807 2452 3863; x_wconf 81' lang='grc' dir='ltr'>Πολλῶν</span> <span class='ocrx_word' id='word_1_509' title='bbox 2487 3802 2657 3863; x_wconf 71' lang='grc' dir='ltr'>ὄντῶν</span> <span class='ocrx_word' id='word_1_510' title='bbox 2691 3810 2782 3864; x_wconf 86' lang='grc' dir='ltr'>καὶ</span> <span class='ocrx_word' id='word_1_511' title='bbox 2819 3806 3070 3882; x_wconf 86' lang='grc' dir='ltr'>μεγάλων</span> <span class='ocrx_word' id='word_1_512' title='bbox 3127 3813 3234 3864; x_wconf 90' lang='grc' dir='ltr'>τῶν</span> <span class='ocrx_word' id='word_1_513' title='bbox 3297 3812 3444 3883; x_wconf 89' lang='grc' dir='ltr'>παρά</span> <span class='ocrx_word' id='word_1_514' title='bbox 3470 3815 3568 3866; x_wconf 78' lang='grc' dir='ltr'>τοῦ</span> <span class='ocrx_word' id='word_1_515' title='bbox 3600 3811 3802 3886; x_wconf 83' lang='grc' dir='ltr'>φιλαν-</span> 
     </span>
    </p>
   </div>
   <div class='ocr_carea' id='block_1_66' title="bbox 389 3897 2040 3972">
    <p class='ocr_par' dir='ltr' id='par_1_66' title="bbox 389 3897 2040 3972">
     <span class='ocr_line' id='line_1_66' title="bbox 389 3897 2040 3972; baseline -0.001 -19"><span class='ocrx_word' id='word_1_516' title='bbox 389 3897 611 3954; x_wconf 89' lang='lat' dir='ltr'>donata</span> <span class='ocrx_word' id='word_1_517' title='bbox 640 3903 780 3954; x_wconf 91' lang='lat' dir='ltr'>sunt</span> <span class='ocrx_word' id='word_1_518' title='bbox 808 3897 1107 3969; x_wconf 86' lang='lat' dir='ltr'>majestati</span> <span class='ocrx_word' id='word_1_519' title='bbox 1139 3903 1356 3954; x_wconf 76' lang='lat' dir='ltr'>nostraa</span> <span class='ocrx_word' id='word_1_520' title='bbox 1389 3900 1565 3972; x_wconf 60' lang='lat' dir='ltr'>regia;</span> <span class='ocrx_word' id='word_1_521' title='bbox 1596 3898 1754 3954; x_wconf 87' lang='lat' dir='ltr'>bona</span> <span class='ocrx_word' id='word_1_522' title='bbox 1791 3898 2040 3954; x_wconf 87' lang='lat' dir='ltr'>diversis</span> 
     </span>
    </p>
   </div>
   <div class='ocr_carea' id='block_1_67' title="bbox 383 3987 2043 4060">
    <p class='ocr_par' dir='ltr' id='par_1_67' title="bbox 383 3987 2043 4060">
     <span class='ocr_line' id='line_1_67' title="bbox 383 3987 2043 4060; baseline -0.001 -18"><span class='ocrx_word' id='word_1_523' title='bbox 383 3987 754 4058; x_wconf 85' lang='lat' dir='ltr'>temporibus</span> <span class='ocrx_word' id='word_1_524' title='bbox 785 3992 843 4042; x_wconf 91' lang='lat' dir='ltr'>et</span> <span class='ocrx_word' id='word_1_525' title='bbox 870 4002 1190 4042; x_wconf 89' lang='lat' dir='ltr'>numerum</span> <span class='ocrx_word' id='word_1_526' title='bbox 1223 3989 1588 4060; x_wconf 88' lang='lat' dir='ltr'>superantia,</span> <span class='ocrx_word' id='word_1_527' title='bbox 1622 3987 1771 4042; x_wconf 89' lang='lat' dir='ltr'>illud</span> <span class='ocrx_word' id='word_1_528' title='bbox 1815 3992 1906 4043; x_wconf 89' lang='lat' dir='ltr'>est</span> <span class='ocrx_word' id='word_1_529' title='bbox 1940 4003 2043 4042; x_wconf 83' lang='lat' dir='ltr'>su-</span> 
     </span>
    </p>
   </div>
   <div class='ocr_carea' id='block_1_68' title="bbox 383 4075 2042 4150">
    <p class='ocr_par' dir='ltr' id='par_1_68' title="bbox 383 4075 2042 4150">
     <span class='ocr_line' id='line_1_68' title="bbox 383 4075 2042 4150; baseline 0 -20"><span class='ocrx_word' id='word_1_530' title='bbox 383 4093 492 4150; x_wconf 88' lang='lat' dir='ltr'>per</span> <span class='ocrx_word' id='word_1_531' title='bbox 530 4076 732 4132; x_wconf 91' lang='lat' dir='ltr'>omnia</span> <span class='ocrx_word' id='word_1_532' title='bbox 779 4075 1078 4148; x_wconf 86' lang='lat' dir='ltr'>egregium</span> <span class='ocrx_word' id='word_1_533' title='bbox 1126 4077 1286 4147; x_wconf 92' lang='lat' dir='ltr'>quod</span> <span class='ocrx_word' id='word_1_534' title='bbox 1338 4077 1609 4132; x_wconf 89' lang='lat' dir='ltr'>additum</span> <span class='ocrx_word' id='word_1_535' title='bbox 1665 4077 1742 4131; x_wconf 88' lang='lat' dir='ltr'>sit</span> <span class='ocrx_word' id='word_1_536' title='bbox 1792 4076 2042 4148; x_wconf 92' lang='lat' dir='ltr'>imperio</span> 
     </span>
    </p>
   </div>
   <div class='ocr_carea' id='block_1_69' title="bbox 384 4165 2043 4238">
    <p class='ocr_par' dir='ltr' id='par_1_69' title="bbox 384 4165 2043 4238">
     <span class='ocr_line' id='line_1_69' title="bbox 384 4165 2043 4238; baseline -0.001 -16"><span class='ocrx_word' id='word_1_537' title='bbox 384 4169 650 4223; x_wconf 82' lang='lat' dir='ltr'>Romano</span> <span class='ocrx_word' id='word_1_538' title='bbox 689 4165 1075 4238; x_wconf 87' lang='lat' dir='ltr'>Bulgarorum</span> <span class='ocrx_word' id='word_1_539' title='bbox 1128 4167 1449 4237; x_wconf 90' lang='lat' dir='ltr'>imperium</span> <span class='ocrx_word' id='word_1_540' title='bbox 1491 4172 1549 4220; x_wconf 88' lang='lat' dir='ltr'>et</span> <span class='ocrx_word' id='word_1_541' title='bbox 1586 4166 1692 4221; x_wconf 87' lang='lat' dir='ltr'>sub</span> <span class='ocrx_word' id='word_1_542' title='bbox 1737 4184 1857 4221; x_wconf 90' lang='lat' dir='ltr'>uno</span> <span class='ocrx_word' id='word_1_543' title='bbox 1899 4167 2043 4238; x_wconf 75' lang='lat' dir='ltr'>jugo</span> 
     </span>
    </p>
   </div>
   <div class='ocr_carea' id='block_1_70' title="bbox 382 4254 2045 4328">
    <p class='ocr_par' dir='ltr' id='par_1_70' title="bbox 382 4254 2045 4328">
     <span class='ocr_line' id='line_1_70' title="bbox 382 4254 2045 4328; baseline -0.001 -17"><span class='ocrx_word' id='word_1_544' title='bbox 382 4257 645 4328; x_wconf 89' lang='lat' dir='ltr'>positum</span> <span class='ocrx_word' id='word_1_545' title='bbox 675 4255 876 4310; x_wconf 86' lang='lat' dir='ltr'>fuerit.</span> <span class='ocrx_word' id='word_1_546' title='bbox 911 4254 1052 4309; x_wconf 89' lang='lat' dir='ltr'>Inde</span> <span class='ocrx_word' id='word_1_547' title='bbox 1101 4255 1282 4327; x_wconf 80' lang='lat' dir='ltr'>igitur</span> <span class='ocrx_word' id='word_1_548' title='bbox 1327 4272 1437 4310; x_wconf 90' lang='lat' dir='ltr'>nos</span> <span class='ocrx_word' id='word_1_549' title='bbox 1481 4255 2045 4311; x_wconf 87' lang='lat' dir='ltr'>reverendissimum</span> 
     </span>
    </p>
   </div>
   <div class='ocr_carea' id='block_1_71' title="bbox 383 4345 2044 4416">
    <p class='ocr_par' dir='ltr' id='par_1_71' title="bbox 383 4345 2044 4416">
     <span class='ocr_line' id='line_1_71' title="bbox 383 4345 2044 4416; baseline -0.002 -14"><span class='ocrx_word' id='word_1_550' title='bbox 383 4346 742 4402; x_wconf 90' lang='lat' dir='ltr'>monachum</span> <span class='ocrx_word' id='word_1_551' title='bbox 773 4346 1063 4400; x_wconf 85' lang='lat' dir='ltr'>Joannem</span> <span class='ocrx_word' id='word_1_552' title='bbox 1082 4345 1599 4416; x_wconf 88' lang='lat' dir='ltr'>archiepiscopum</span> <span class='ocrx_word' id='word_1_553' title='bbox 1621 4346 1908 4416; x_wconf 80' lang='lat' dir='ltr'>Bulgariae</span> <span class='ocrx_word' id='word_1_554' title='bbox 1940 4345 2044 4399; x_wconf 88' lang='lat' dir='ltr'>de-</span> 
     </span>
    </p>
   </div>
   <div class='ocr_carea' id='block_1_72' title="bbox 384 4434 2046 4506">
    <p class='ocr_par' dir='ltr' id='par_1_72' title="bbox 384 4434 2046 4506">
     <span class='ocr_line' id='line_1_72' title="bbox 384 4434 2046 4506; baseline -0.002 -14"><span class='ocrx_word' id='word_1_555' title='bbox 384 4437 677 4492; x_wconf 90' lang='lat' dir='ltr'>crevimus</span> <span class='ocrx_word' id='word_1_556' title='bbox 711 4451 862 4502; x_wconf 91' lang='lat' dir='ltr'>esse,</span> <span class='ocrx_word' id='word_1_557' title='bbox 896 4438 955 4488; x_wconf 89' lang='lat' dir='ltr'>et</span> <span class='ocrx_word' id='word_1_558' title='bbox 986 4451 1119 4504; x_wconf 69' lang='lat' dir='ltr'>quas</span> <span class='ocrx_word' id='word_1_559' title='bbox 1155 4434 1229 4488; x_wconf 88' lang='lat' dir='ltr'>ad</span> <span class='ocrx_word' id='word_1_560' title='bbox 1261 4435 1422 4490; x_wconf 91' lang='lat' dir='ltr'>hunc</span> <span class='ocrx_word' id='word_1_561' title='bbox 1465 4435 2046 4506; x_wconf 77' lang='lat' dir='ltr'>archiepiscoPatum</span> 
     </span>
    </p>
   </div>
   <div class='ocr_carea' id='block_1_73' title="bbox 384 4523 2048 4598">
    <p class='ocr_par' dir='ltr' id='par_1_73' title="bbox 384 4523 2048 4598">
     <span class='ocr_line' id='line_1_73' title="bbox 384 4523 2048 4598; baseline -0.002 -17"><span class='ocrx_word' id='word_1_562' title='bbox 384 4526 711 4598; x_wconf 88' lang='lat' dir='ltr'>pertinent,</span> <span class='ocrx_word' id='word_1_563' title='bbox 738 4523 841 4578; x_wconf 90' lang='lat' dir='ltr'>illa</span> <span class='ocrx_word' id='word_1_564' title='bbox 872 4523 1067 4579; x_wconf 90' lang='lat' dir='ltr'>eidem</span> <span class='ocrx_word' id='word_1_565' title='bbox 1099 4524 1392 4595; x_wconf 59' lang='lat' dir='ltr'>praestari.</span> <span class='ocrx_word' id='word_1_566' title='bbox 1438 4525 1508 4578; x_wconf 90' lang='lat' dir='ltr'>Et</span> <span class='ocrx_word' id='word_1_567' title='bbox 1541 4525 1682 4595; x_wconf 89' lang='lat' dir='ltr'>quia</span> <span class='ocrx_word' id='word_1_568' title='bbox 1726 4524 2048 4596; x_wconf 88' lang='lat' dir='ltr'>postulavit</span> 
     </span>
    </p>
   </div>
   <div class='ocr_carea' id='block_1_74' title="bbox 386 4612 2046 4683">
    <p class='ocr_par' dir='ltr' id='par_1_74' title="bbox 386 4612 2046 4683">
     <span class='ocr_line' id='line_1_74' title="bbox 386 4612 2046 4683; baseline -0.001 -15"><span class='ocrx_word' id='word_1_569' title='bbox 386 4616 497 4670; x_wconf 89' lang='lat' dir='ltr'>iste</span> <span class='ocrx_word' id='word_1_570' title='bbox 529 4613 748 4668; x_wconf 89' lang='lat' dir='ltr'>habere</span> <span class='ocrx_word' id='word_1_571' title='bbox 776 4612 1161 4683; x_wconf 87' lang='lat' dir='ltr'>descriptum,</span> <span class='ocrx_word' id='word_1_572' title='bbox 1196 4619 1341 4683; x_wconf 88' lang='lat' dir='ltr'>quot</span> <span class='ocrx_word' id='word_1_573' title='bbox 1371 4613 1630 4668; x_wconf 87' lang='lat' dir='ltr'>debeant</span> <span class='ocrx_word' id='word_1_574' title='bbox 1659 4613 1720 4668; x_wconf 89' lang='lat' dir='ltr'>in</span> <span class='ocrx_word' id='word_1_575' title='bbox 1766 4612 2046 4668; x_wconf 91' lang='lat' dir='ltr'>Ecclesiis</span> 
     </span>
    </p>
   </div>
   <div class='ocr_carea' id='block_1_75' title="bbox 388 4701 2050 4773">
    <p class='ocr_par' dir='ltr' id='par_1_75' title="bbox 388 4701 2050 4773">
     <span class='ocr_line' id='line_1_75' title="bbox 388 4701 2050 4773; baseline -0.001 -15"><span class='ocrx_word' id='word_1_576' title='bbox 388 4701 693 4758; x_wconf 72' lang='lat' dir='ltr'>dimcessis</span> <span class='ocrx_word' id='word_1_577' title='bbox 725 4717 844 4755; x_wconf 73' lang='lat' dir='ltr'>sum</span> <span class='ocrx_word' id='word_1_578' title='bbox 877 4706 936 4754; x_wconf 91' lang='lat' dir='ltr'>et</span> <span class='ocrx_word' id='word_1_579' title='bbox 984 4702 1399 4773; x_wconf 90' lang='lat' dir='ltr'>episcoporum</span> <span class='ocrx_word' id='word_1_580' title='bbox 1460 4719 1704 4757; x_wconf 90' lang='lat' dir='ltr'>suorum</span> <span class='ocrx_word' id='word_1_581' title='bbox 1757 4701 1957 4759; x_wconf 87' lang='lat' dir='ltr'>clerici</span> <span class='ocrx_word' id='word_1_582' title='bbox 1991 4707 2050 4757; x_wconf 91' lang='lat' dir='ltr'>et</span> 
     </span>
    </p>
   </div>
   <div class='ocr_carea' id='block_1_76' title="bbox 388 4791 2046 4866">
    <p class='ocr_par' dir='ltr' id='par_1_76' title="bbox 388 4791 2046 4866">
     <span class='ocr_line' id='line_1_76' title="bbox 388 4791 2046 4866; baseline 0 -19"><span class='ocrx_word' id='word_1_583' title='bbox 388 4791 607 4866; x_wconf 71' lang='lat' dir='ltr'>parmci</span> <span class='ocrx_word' id='word_1_584' title='bbox 656 4791 1018 4856; x_wconf 90' lang='lat' dir='ltr'>ministrare,</span> <span class='ocrx_word' id='word_1_585' title='bbox 1079 4791 1353 4848; x_wconf 90' lang='lat' dir='ltr'>dedimus</span> <span class='ocrx_word' id='word_1_586' title='bbox 1386 4793 1439 4848; x_wconf 91' lang='lat' dir='ltr'>ei</span> <span class='ocrx_word' id='word_1_587' title='bbox 1470 4810 1734 4865; x_wconf 74' lang='lat' dir='ltr'>praesens</span> <span class='ocrx_word' id='word_1_588' title='bbox 1786 4793 2046 4865; x_wconf 87' lang='lat' dir='ltr'>sigillum</span> 
     </span>
    </p>
   </div>
   <div class='ocr_carea' id='block_1_77' title="bbox 390 4880 1200 4952">
    <p class='ocr_par' dir='ltr' id='par_1_77' title="bbox 390 4880 1200 4952">
     <span class='ocr_line' id='line_1_77' title="bbox 390 4880 1200 4952; baseline -0.004 -13"><span class='ocrx_word' id='word_1_589' title='bbox 390 4887 609 4939; x_wconf 71' lang='lat' dir='ltr'>nostrae</span> <span class='ocrx_word' id='word_1_590' title='bbox 640 4880 816 4952; x_wconf 58' lang='lat' dir='ltr'>regias</span> <span class='ocrx_word' id='word_1_591' title='bbox 849 4881 1200 4952; x_wconf 88' lang='lat' dir='ltr'>majestatis.</span> 
     </span>
    </p>
   </div>
   <div class='ocr_carea' id='block_1_78' title="bbox 460 5059 2049 5133">
    <p class='ocr_par' dir='ltr' id='par_1_78' title="bbox 460 5059 2049 5133">
     <span class='ocr_line' id='line_1_78' title="bbox 460 5059 2049 5133; baseline 0.001 -15"><span class='ocrx_word' id='word_1_592' title='bbox 460 5060 860 5128; x_wconf 89' lang='lat' dir='ltr'>Quamobrem</span> <span class='ocrx_word' id='word_1_593' title='bbox 890 5059 1246 5117; x_wconf 90' lang='lat' dir='ltr'>mandamus</span> <span class='ocrx_word' id='word_1_594' title='bbox 1289 5062 1460 5117; x_wconf 92' lang='lat' dir='ltr'>illum</span> <span class='ocrx_word' id='word_1_595' title='bbox 1525 5061 1766 5133; x_wconf 90' lang='lat' dir='ltr'>quidem</span> <span class='ocrx_word' id='word_1_596' title='bbox 1819 5062 2049 5119; x_wconf 84' lang='lat' dir='ltr'>archie-</span> 
     </span>
    </p>
   </div>
   <div class='ocr_carea' id='block_1_79' title="bbox 386 5150 2047 5225">
    <p class='ocr_par' dir='ltr' id='par_1_79' title="bbox 386 5150 2047 5225">
     <span class='ocr_line' id='line_1_79' title="bbox 386 5150 2047 5225; baseline 0 -18"><span class='ocrx_word' id='word_1_597' title='bbox 386 5153 702 5225; x_wconf 90' lang='lat' dir='ltr'>piscopum</span> <span class='ocrx_word' id='word_1_598' title='bbox 728 5150 945 5205; x_wconf 89' lang='lat' dir='ltr'>habere</span> <span class='ocrx_word' id='word_1_599' title='bbox 979 5151 1040 5206; x_wconf 91' lang='lat' dir='ltr'>in</span> <span class='ocrx_word' id='word_1_600' title='bbox 1069 5152 1303 5222; x_wconf 88' lang='lat' dir='ltr'>oppidis</span> <span class='ocrx_word' id='word_1_601' title='bbox 1326 5151 1597 5207; x_wconf 71' lang='lat' dir='ltr'>diincesis</span> <span class='ocrx_word' id='word_1_602' title='bbox 1630 5151 1840 5217; x_wconf 78' lang='lat' dir='ltr'>suae,id</span> <span class='ocrx_word' id='word_1_603' title='bbox 1871 5153 2047 5222; x_wconf 89' lang='lat' dir='ltr'>est,in</span> 
     </span>
    </p>
   </div>
   <div class='ocr_carea' id='block_1_80' title="bbox 2153 3894 3814 3972">
    <p class='ocr_par' dir='ltr' id='par_1_80' title="bbox 2153 3894 3814 3972">
     <span class='ocr_line' id='line_1_80' title="bbox 2153 3894 3814 3972; baseline 0.002 -23"><span class='ocrx_word' id='word_1_604' title='bbox 2153 3897 2377 3968; x_wconf 83' lang='grc' dir='ltr'>θρώπου</span> <span class='ocrx_word' id='word_1_605' title='bbox 2409 3901 2542 3952; x_wconf 80' lang='grc' dir='ltr'>Θεοῦ</span> <span class='ocrx_word' id='word_1_606' title='bbox 2574 3894 2966 3972; x_wconf 83' lang='grc' dir='ltr'>δεδωρημένων</span> <span class='ocrx_word' id='word_1_607' title='bbox 3000 3900 3068 3969; x_wconf 82' lang='grc' dir='ltr'>τῇ</span> <span class='ocrx_word' id='word_1_608' title='bbox 3105 3896 3358 3968; x_wconf 80' lang='grc' dir='ltr'>βασιλείᾳ</span> <span class='ocrx_word' id='word_1_609' title='bbox 3385 3899 3546 3970; x_wconf 79' lang='grc' dir='ltr'>ἡμῶν</span> <span class='ocrx_word' id='word_1_610' title='bbox 3598 3900 3814 3972; x_wconf 86' lang='grc' dir='ltr'>ἀγαθῶν</span> 
     </span>
    </p>
   </div>
   <div class='ocr_carea' id='block_1_81' title="bbox 2150 3980 3812 4063">
    <p class='ocr_par' dir='ltr' id='par_1_81' title="bbox 2150 3980 3812 4063">
     <span class='ocr_line' id='line_1_81' title="bbox 2150 3980 3812 4063; baseline -0.001 -23"><span class='ocrx_word' id='word_1_611' title='bbox 2150 3986 2287 4040; x_wconf 86' lang='grc' dir='ltr'>κατά</span> <span class='ocrx_word' id='word_1_612' title='bbox 2317 3985 2610 4063; x_wconf 78' lang='grc' dir='ltr'>διαφόρους</span> <span class='ocrx_word' id='word_1_613' title='bbox 2649 3986 2873 4060; x_wconf 79' lang='grc' dir='ltr'>καιροὺς</span> <span class='ocrx_word' id='word_1_614' title='bbox 2903 3986 2989 4040; x_wconf 84' lang='grc' dir='ltr'>καὶ</span> <span class='ocrx_word' id='word_1_615' title='bbox 3054 3986 3284 4059; x_wconf 85' lang='grc' dir='ltr'>ἀριθμὸν</span> <span class='ocrx_word' id='word_1_616' title='bbox 3349 3980 3812 4058; x_wconf 81' lang='grc' dir='ltr'>ὑπερϐαινόντων,</span> 
     </span>
    </p>
   </div>
   <div class='ocr_carea' id='block_1_82' title="bbox 2149 4072 3812 4150">
    <p class='ocr_par' dir='ltr' id='par_1_82' title="bbox 2149 4072 3812 4150">
     <span class='ocr_line' id='line_1_82' title="bbox 2149 4072 3812 4150; baseline 0 -21"><span class='ocrx_word' id='word_1_617' title='bbox 2149 4076 2311 4129; x_wconf 78' lang='grc' dir='ltr'>τοῦτό</span> <span class='ocrx_word' id='word_1_618' title='bbox 2369 4074 2480 4130; x_wconf 77' lang='grc' dir='ltr'>ἐστι</span> <span class='ocrx_word' id='word_1_619' title='bbox 2553 4074 2699 4147; x_wconf 87' lang='grc' dir='ltr'>παρά</span> <span class='ocrx_word' id='word_1_620' title='bbox 2775 4073 2948 4128; x_wconf 84' lang='grc' dir='ltr'>πάντα</span> <span class='ocrx_word' id='word_1_621' title='bbox 3019 4072 3288 4148; x_wconf 79' lang='grc' dir='ltr'>ἐξαίρετον</span> <span class='ocrx_word' id='word_1_622' title='bbox 3372 4075 3434 4129; x_wconf 88' lang='grc' dir='ltr'>τὸ</span> <span class='ocrx_word' id='word_1_623' title='bbox 3490 4075 3812 4150; x_wconf 78' lang='grc' dir='ltr'>προσθήκην</span> 
     </span>
    </p>
   </div>
   <div class='ocr_carea' id='block_1_83' title="bbox 2153 4163 3812 4239">
    <p class='ocr_par' dir='ltr' id='par_1_83' title="bbox 2153 4163 3812 4239">
     <span class='ocr_line' id='line_1_83' title="bbox 2153 4163 3812 4239; baseline 0 -21"><span class='ocrx_word' id='word_1_624' title='bbox 2153 4164 2398 4237; x_wconf 87' lang='grc' dir='ltr'>γενέσθαι</span> <span class='ocrx_word' id='word_1_625' title='bbox 2430 4166 2500 4238; x_wconf 79' lang='grc' dir='ltr'>τῇ</span> <span class='ocrx_word' id='word_1_626' title='bbox 2531 4165 2813 4236; x_wconf 77' lang='grc' dir='ltr'>Ῥωμαϊκῇ</span> <span class='ocrx_word' id='word_1_627' title='bbox 2847 4164 2995 4239; x_wconf 83' lang='grc' dir='ltr'>ἀρχῇ</span> <span class='ocrx_word' id='word_1_628' title='bbox 3027 4164 3117 4217; x_wconf 85' lang='grc' dir='ltr'>καὶ</span> <span class='ocrx_word' id='word_1_629' title='bbox 3168 4163 3270 4232; x_wconf 79' lang='grc' dir='ltr'>τὴν</span> <span class='ocrx_word' id='word_1_630' title='bbox 3308 4167 3414 4219; x_wconf 82' lang='grc' dir='ltr'>τῶν</span> <span class='ocrx_word' id='word_1_631' title='bbox 3475 4163 3812 4239; x_wconf 85' lang='grc' dir='ltr'>Βουλγάρων</span> 
     </span>
    </p>
   </div>
   <div class='ocr_carea' id='block_1_84' title="bbox 2152 4249 3804 4329">
    <p class='ocr_par' dir='ltr' id='par_1_84' title="bbox 2152 4249 3804 4329">
     <span class='ocr_line' id='line_1_84' title="bbox 2152 4249 3804 4329; baseline 0.002 -22"><span class='ocrx_word' id='word_1_632' title='bbox 2152 4253 2393 4327; x_wconf 76' lang='grc' dir='ltr'>γενέσθαι</span> <span class='ocrx_word' id='word_1_633' title='bbox 2430 4254 2533 4307; x_wconf 82' lang='grc' dir='ltr'>ὑπὸ</span> <span class='ocrx_word' id='word_1_634' title='bbox 2594 4253 2750 4329; x_wconf 88' lang='grc' dir='ltr'>ζυγὸν</span> <span class='ocrx_word' id='word_1_635' title='bbox 2807 4249 2919 4308; x_wconf 70' lang='grc' dir='ltr'>ἕνα·</span> <span class='ocrx_word' id='word_1_636' title='bbox 2980 4252 3214 4318; x_wconf 81' lang='grc' dir='ltr'>ἐντεῦθεν</span> <span class='ocrx_word' id='word_1_637' title='bbox 3262 4251 3352 4308; x_wconf 78' lang='grc' dir='ltr'>οὖν</span> <span class='ocrx_word' id='word_1_638' title='bbox 3401 4254 3491 4310; x_wconf 83' lang='grc' dir='ltr'>καὶ</span> <span class='ocrx_word' id='word_1_639' title='bbox 3520 4257 3611 4310; x_wconf 90' lang='grc' dir='ltr'>τὸν</span> <span class='ocrx_word' id='word_1_640' title='bbox 3641 4253 3804 4310; x_wconf 79' lang='grc' dir='ltr'>εὐλα-</span> 
     </span>
    </p>
   </div>
   <div class='ocr_carea' id='block_1_85' title="bbox 2155 4336 3812 4418">
    <p class='ocr_par' dir='ltr' id='par_1_85' title="bbox 2155 4336 3812 4418">
     <span class='ocr_line' id='line_1_85' title="bbox 2155 4336 3812 4418; baseline 0.001 -22"><span class='ocrx_word' id='word_1_641' title='bbox 2155 4336 2414 4396; x_wconf 74' lang='grc' dir='ltr'>ϐέστατον</span> <span class='ocrx_word' id='word_1_642' title='bbox 2449 4342 2693 4417; x_wconf 88' lang='grc' dir='ltr'>μοναχὸν</span> <span class='ocrx_word' id='word_1_643' title='bbox 2751 4341 3004 4413; x_wconf 88' lang='grc' dir='ltr'>Ἰωάννην</span> <span class='ocrx_word' id='word_1_644' title='bbox 3063 4342 3499 4418; x_wconf 88' lang='grc' dir='ltr'>ἀρχιεπίσκοπον</span> <span class='ocrx_word' id='word_1_645' title='bbox 3563 4343 3812 4418; x_wconf 87' lang='grc' dir='ltr'>Βουλγα-</span> 
     </span>
    </p>
   </div>
   <div class='ocr_carea' id='block_1_86' title="bbox 2156 4431 3820 4509">
    <p class='ocr_par' dir='ltr' id='par_1_86' title="bbox 2156 4431 3820 4509">
     <span class='ocr_line' id='line_1_86' title="bbox 2156 4431 3820 4509; baseline 0 -23"><span class='ocrx_word' id='word_1_646' title='bbox 2156 4431 2273 4509; x_wconf 89' lang='grc' dir='ltr'>ρίας</span> <span class='ocrx_word' id='word_1_647' title='bbox 2332 4433 2678 4508; x_wconf 83' lang='grc' dir='ltr'>ἐκυρώσαμεν</span> <span class='ocrx_word' id='word_1_648' title='bbox 2745 4434 2878 4487; x_wconf 73' lang='grc' dir='ltr'>εἶναι</span> <span class='ocrx_word' id='word_1_649' title='bbox 2961 4433 3050 4488; x_wconf 87' lang='grc' dir='ltr'>καὶ</span> <span class='ocrx_word' id='word_1_650' title='bbox 3134 4432 3203 4487; x_wconf 84' lang='grc' dir='ltr'>τὰ</span> <span class='ocrx_word' id='word_1_651' title='bbox 3279 4438 3348 4508; x_wconf 80' lang='grc' dir='ltr'>τῇ</span> <span class='ocrx_word' id='word_1_652' title='bbox 3408 4434 3820 4508; x_wconf 80' lang='grc' dir='ltr'>ἀρχιεπισκοπῇ</span> 
     </span>
    </p>
   </div>
   <div class='ocr_carea' id='block_1_87' title="bbox 2153 4521 3816 4598">
    <p class='ocr_par' dir='ltr' id='par_1_87' title="bbox 2153 4521 3816 4598">
     <span class='ocr_line' id='line_1_87' title="bbox 2153 4521 3816 4598; baseline -0.001 -21"><span class='ocrx_word' id='word_1_653' title='bbox 2153 4523 2505 4597; x_wconf 86' lang='grc' dir='ltr'>προσήκοντα</span> <span class='ocrx_word' id='word_1_654' title='bbox 2533 4524 2660 4598; x_wconf 86' lang='grc' dir='ltr'>παρ’</span> <span class='ocrx_word' id='word_1_655' title='bbox 2694 4521 2858 4579; x_wconf 81' lang='grc' dir='ltr'>αὐτοῦ</span> <span class='ocrx_word' id='word_1_656' title='bbox 2914 4521 3210 4581; x_wconf 80' lang='grc' dir='ltr'>ἰθύνεσθαι.</span> <span class='ocrx_word' id='word_1_657' title='bbox 3271 4522 3369 4578; x_wconf 84' lang='grc' dir='ltr'>Καὶ</span> <span class='ocrx_word' id='word_1_658' title='bbox 3424 4523 3536 4578; x_wconf 81' lang='grc' dir='ltr'>ἐπεὶ</span> <span class='ocrx_word' id='word_1_659' title='bbox 3570 4521 3816 4597; x_wconf 74' lang='grc' dir='ltr'>ᾐτήσατο</span> 
     </span>
    </p>
   </div>
   <div class='ocr_carea' id='block_1_88' title="bbox 2158 4607 3816 4690">
    <p class='ocr_par' dir='ltr' id='par_1_88' title="bbox 2158 4607 3816 4690">
     <span class='ocr_line' id='line_1_88' title="bbox 2158 4607 3816 4690; baseline -0.001 -24"><span class='ocrx_word' id='word_1_660' title='bbox 2158 4613 2187 4666; x_wconf 83' lang='grc' dir='ltr'>ὁ</span> <span class='ocrx_word' id='word_1_661' title='bbox 2241 4615 2493 4673; x_wconf 82' lang='grc' dir='ltr'>τοιοῦτος</span> <span class='ocrx_word' id='word_1_662' title='bbox 2550 4611 2838 4686; x_wconf 82' lang='grc' dir='ltr'>ἐγγράφως</span> <span class='ocrx_word' id='word_1_663' title='bbox 2894 4607 3042 4686; x_wconf 80' lang='grc' dir='ltr'>ἔχειν</span> <span class='ocrx_word' id='word_1_664' title='bbox 3123 4611 3253 4674; x_wconf 83' lang='grc' dir='ltr'>τοὺς</span> <span class='ocrx_word' id='word_1_665' title='bbox 3320 4610 3640 4690; x_wconf 77' lang='grc' dir='ltr'>ὀφείλοντας</span> <span class='ocrx_word' id='word_1_666' title='bbox 3696 4614 3816 4674; x_wconf 85' lang='grc' dir='ltr'>ταῖς</span> 
     </span>
    </p>
   </div>
   <div class='ocr_carea' id='block_1_89' title="bbox 2156 4698 3816 4776">
    <p class='ocr_par' dir='ltr' id='par_1_89' title="bbox 2156 4698 3816 4776">
     <span class='ocr_line' id='line_1_89' title="bbox 2156 4698 3816 4776; baseline -0.001 -22"><span class='ocrx_word' id='word_1_667' title='bbox 2156 4698 2508 4772; x_wconf 84' lang='grc' dir='ltr'>Ἐκκλησίαις</span> <span class='ocrx_word' id='word_1_668' title='bbox 2550 4707 2650 4770; x_wconf 84' lang='grc' dir='ltr'>τῆς</span> <span class='ocrx_word' id='word_1_669' title='bbox 2706 4700 2914 4776; x_wconf 85' lang='grc' dir='ltr'>ἐνορίας</span> <span class='ocrx_word' id='word_1_670' title='bbox 2970 4700 3135 4756; x_wconf 79' lang='grc' dir='ltr'>αὐτοῦ</span> <span class='ocrx_word' id='word_1_671' title='bbox 3195 4701 3284 4756; x_wconf 88' lang='grc' dir='ltr'>καὶ</span> <span class='ocrx_word' id='word_1_672' title='bbox 3339 4706 3448 4757; x_wconf 91' lang='grc' dir='ltr'>τῶν</span> <span class='ocrx_word' id='word_1_673' title='bbox 3504 4701 3816 4757; x_wconf 80' lang='grc' dir='ltr'>ἐπισκόπων</span> 
     </span>
    </p>
   </div>
   <div class='ocr_carea' id='block_1_90' title="bbox 2158 4786 3825 4866">
    <p class='ocr_par' dir='ltr' id='par_1_90' title="bbox 2158 4786 3825 4866">
     <span class='ocr_line' id='line_1_90' title="bbox 2158 4786 3825 4866; baseline -0.001 -22"><span class='ocrx_word' id='word_1_674' title='bbox 2158 4790 2323 4844; x_wconf 83' lang='grc' dir='ltr'>αὐτοῦ</span> <span class='ocrx_word' id='word_1_675' title='bbox 2373 4789 2678 4864; x_wconf 84' lang='grc' dir='ltr'>κληρικοὺς</span> <span class='ocrx_word' id='word_1_676' title='bbox 2725 4790 2815 4844; x_wconf 86' lang='grc' dir='ltr'>καὶ</span> <span class='ocrx_word' id='word_1_677' title='bbox 2893 4789 3190 4864; x_wconf 83' lang='grc' dir='ltr'>παροίκους</span> <span class='ocrx_word' id='word_1_678' title='bbox 3259 4789 3545 4866; x_wconf 76' lang='grc' dir='ltr'>ὑπηρετεῖν</span> <span class='ocrx_word' id='word_1_679' title='bbox 3581 4834 3596 4861; x_wconf 93' lang='grc'>,</span> <span class='ocrx_word' id='word_1_680' title='bbox 3655 4786 3825 4844; x_wconf 85' lang='grc' dir='ltr'>δεδώ-</span> 
     </span>
    </p>
   </div>
   <div class='ocr_carea' id='block_1_91' title="bbox 2154 4877 3827 4953">
    <p class='ocr_par' dir='ltr' id='par_1_91' title="bbox 2154 4877 3827 4953">
     <span class='ocr_line' id='line_1_91' title="bbox 2154 4877 3827 4953; baseline -0.001 -20"><span class='ocrx_word' id='word_1_681' title='bbox 2154 4899 2326 4952; x_wconf 91' lang='grc' dir='ltr'>καμεν</span> <span class='ocrx_word' id='word_1_682' title='bbox 2409 4879 2560 4950; x_wconf 81' lang='grc' dir='ltr'>αύτῷ</span> <span class='ocrx_word' id='word_1_683' title='bbox 2642 4882 2705 4932; x_wconf 86' lang='grc' dir='ltr'>τὸ</span> <span class='ocrx_word' id='word_1_684' title='bbox 2788 4879 2958 4952; x_wconf 88' lang='grc' dir='ltr'>παρὸν</span> <span class='ocrx_word' id='word_1_685' title='bbox 3020 4878 3295 4952; x_wconf 79' lang='grc' dir='ltr'>σιγίλλιον</span> <span class='ocrx_word' id='word_1_686' title='bbox 3381 4886 3483 4948; x_wconf 81' lang='grc' dir='ltr'>τῆς</span> <span class='ocrx_word' id='word_1_687' title='bbox 3539 4877 3827 4953; x_wconf 86' lang='grc' dir='ltr'>βασιλείας</span> 
     </span>
    </p>
   </div>
   <div class='ocr_carea' id='block_1_92' title="bbox 2158 4969 2344 5040">
    <p class='ocr_par' dir='ltr' id='par_1_92' title="bbox 2158 4969 2344 5040">
     <span class='ocr_line' id='line_1_92' title="bbox 2158 4969 2344 5040; baseline 0 -19"><span class='ocrx_word' id='word_1_688' title='bbox 2158 4969 2344 5040; x_wconf 83' lang='grc' dir='ltr'>ἡμῶν.</span> 
     </span>
    </p>
   </div>
   <div class='ocr_carea' id='block_1_93' title="bbox 2231 5053 3824 5132">
    <p class='ocr_par' dir='ltr' id='par_1_93' title="bbox 2231 5053 3824 5132">
     <span class='ocr_line' id='line_1_93' title="bbox 2231 5053 3824 5132; baseline 0 -22"><span class='ocrx_word' id='word_1_689' title='bbox 2231 5058 2307 5110; x_wconf 90' lang='grc' dir='ltr'>Δι’</span> <span class='ocrx_word' id='word_1_690' title='bbox 2337 5054 2399 5112; x_wconf 74' lang='grc' dir='ltr'>οὗ</span> <span class='ocrx_word' id='word_1_691' title='bbox 2430 5054 2937 5132; x_wconf 78' lang='grc' dir='ltr'>παρακελευόμεθα,</span> <span class='ocrx_word' id='word_1_692' title='bbox 2983 5054 3144 5110; x_wconf 78' lang='grc' dir='ltr'>αὐτὸν</span> <span class='ocrx_word' id='word_1_693' title='bbox 3207 5055 3301 5127; x_wconf 70' lang='grc' dir='ltr'>μέν</span> <span class='ocrx_word' id='word_1_694' title='bbox 3335 5054 3427 5109; x_wconf 85' lang='grc' dir='ltr'>τὸν</span> <span class='ocrx_word' id='word_1_695' title='bbox 3456 5053 3824 5130; x_wconf 87' lang='grc' dir='ltr'>ἀρχιεπίσκο-</span> 
     </span>
    </p>
   </div>
   <div class='ocr_carea' id='block_1_94' title="bbox 2161 5145 3829 5224">
    <p class='ocr_par' dir='ltr' id='par_1_94' title="bbox 2161 5145 3829 5224">
     <span class='ocr_line' id='line_1_94' title="bbox 2161 5145 3829 5224; baseline -0.002 -18"><span class='ocrx_word' id='word_1_696' title='bbox 2161 5173 2264 5206; x_wconf 88' lang='grc' dir='ltr'>πον</span> <span class='ocrx_word' id='word_1_697' title='bbox 2299 5147 2446 5224; x_wconf 81' lang='grc' dir='ltr'>ἔχειν</span> <span class='ocrx_word' id='word_1_698' title='bbox 2479 5148 2555 5210; x_wconf 73' lang='grc' dir='ltr'>εἲς</span> <span class='ocrx_word' id='word_1_699' title='bbox 2607 5147 2674 5202; x_wconf 81' lang='grc' dir='ltr'>τὰ</span> <span class='ocrx_word' id='word_1_700' title='bbox 2703 5147 2907 5223; x_wconf 88' lang='grc' dir='ltr'>κάστρα</span> <span class='ocrx_word' id='word_1_701' title='bbox 2964 5153 3065 5216; x_wconf 85' lang='grc' dir='ltr'>τῆς</span> <span class='ocrx_word' id='word_1_702' title='bbox 3117 5146 3328 5220; x_wconf 82' lang='grc' dir='ltr'>ένορίας</span> <span class='ocrx_word' id='word_1_703' title='bbox 3363 5145 3528 5201; x_wconf 80' lang='grc' dir='ltr'>αὐτοῦ</span> <span class='ocrx_word' id='word_1_704' title='bbox 3583 5146 3709 5217; x_wconf 71' lang='grc' dir='ltr'>ἤτοι</span> <span class='ocrx_word' id='word_1_705' title='bbox 3752 5148 3829 5212; x_wconf 85' lang='grc' dir='ltr'>εἷς</span> 
     </span>
    </p>
   </div>
   <div class='ocr_carea' id='block_1_95' title="bbox 385 5205 2036 5313">
    <p class='ocr_par' dir='ltr' id='par_1_95' title="bbox 385 5205 2036 5311">
     <span class='ocr_line' id='line_1_95' title="bbox 385 5205 2036 5311; baseline -0.001 -14"><span class='ocrx_word' id='word_1_706' title='bbox 385 5205 660 5308; x_wconf 55' lang='grc' dir='ltr'>λοὶπὶῖίε,</span> <span class='ocrx_word' id='word_1_707' title='bbox 720 5242 960 5311; x_wconf 87' lang='lat' dir='ltr'>Prespa,</span> <span class='ocrx_word' id='word_1_708' title='bbox 1011 5205 1227 5306; x_wconf 62' lang='lat' dir='ltr'>Macro,</span> <span class='ocrx_word' id='word_1_709' title='bbox 1259 5246 1318 5294; x_wconf 91' lang='lat' dir='ltr'>et</span> <span class='ocrx_word' id='word_1_710' title='bbox 1348 5241 1563 5295; x_wconf 88' lang='lat' dir='ltr'>Citzabi</span> <span class='ocrx_word' id='word_1_711' title='bbox 1613 5205 1857 5295; x_wconf 72' lang='lat' dir='ltr'>clericos</span> <span class='ocrx_word' id='word_1_712' title='bbox 1891 5205 2036 5296; x_wconf 48' lang='lat' dir='ltr'>40’e1</span> 
     </span>
    </p>
   </div>
   <div class='ocr_carea' id='block_1_96' title="bbox 2149 5205 3829 5313">
    <p class='ocr_par' dir='ltr' id='par_1_96' title="bbox 2156 5205 3829 5313">
     <span class='ocr_line' id='line_1_96' title="bbox 2172 5205 3826 5224; baseline -0.002 -18"><span class='ocrx_word' id='word_1_713' title='bbox 2329 5205 2366 5224; x_wconf 58' lang='grc' dir='ltr'><strong><em>η</em></strong></span> <span class='ocrx_word' id='word_1_714' title='bbox 2542 5205 2552 5210; x_wconf 84' lang='lat'>_</span> <span class='ocrx_word' id='word_1_715' title='bbox 2839 5205 2847 5223; x_wconf 57' lang='grc' dir='ltr'>ι</span> <span class='ocrx_word' id='word_1_716' title='bbox 3021 5205 3063 5216; x_wconf 78' lang='grc'>,,</span> <span class='ocrx_word' id='word_1_717' title='bbox 3209 5205 3217 5220; x_wconf 53' lang='grc' dir='ltr'>ι</span> <span class='ocrx_word' id='word_1_718' title='bbox 3315 5205 3325 5208; x_wconf 93' lang='lat'>_</span> <span class='ocrx_word' id='word_1_719' title='bbox 3608 5205 3618 5217; x_wconf 68' lang='grc'>,</span> <span class='ocrx_word' id='word_1_720' title='bbox 3815 5205 3826 5212; x_wconf 90' lang='lat'>_</span> 
     </span>
     <span class='ocr_line' id='line_1_97' title="bbox 2156 5235 3829 5313; baseline -0.002 -18"><span class='ocrx_word' id='word_1_721' title='bbox 2156 5243 2257 5310; x_wconf 67' lang='grc' dir='ltr'>τὴν</span> <span class='ocrx_word' id='word_1_722' title='bbox 2322 5235 2573 5313; x_wconf 67' lang='grc' dir='ltr'>Ἀχρίδα,</span> <span class='ocrx_word' id='word_1_723' title='bbox 2641 5239 2740 5306; x_wconf 83' lang='grc' dir='ltr'>τήν</span> <span class='ocrx_word' id='word_1_724' title='bbox 2802 5236 3093 5310; x_wconf 79' lang='grc' dir='ltr'>ἱΙρέσπαν,</span> <span class='ocrx_word' id='word_1_725' title='bbox 3157 5237 3235 5290; x_wconf 89' lang='grc' dir='ltr'>ἱὸν</span> <span class='ocrx_word' id='word_1_726' title='bbox 3296 5237 3520 5313; x_wconf 81' lang='grc' dir='ltr'>Μάκρον</span> <span class='ocrx_word' id='word_1_727' title='bbox 3578 5238 3671 5293; x_wconf 85' lang='grc' dir='ltr'>καὶ</span> <span class='ocrx_word' id='word_1_728' title='bbox 3727 5240 3829 5308; x_wconf 73' lang='grc' dir='ltr'>τὴν</span> 
     </span>
    </p>
   </div>
   <div class='ocr_carea' id='block_1_97' title="bbox 383 5330 2046 5403">
    <p class='ocr_par' dir='ltr' id='par_1_97' title="bbox 383 5330 2046 5403">
     <span class='ocr_line' id='line_1_98' title="bbox 383 5330 2046 5403; baseline -0.001 -15"><span class='ocrx_word' id='word_1_729' title='bbox 383 5348 648 5403; x_wconf 69' lang='grc' dir='ltr'>ρανωοοε</span> <span class='ocrx_word' id='word_1_730' title='bbox 680 5333 748 5385; x_wconf 87' lang='grc'>30</span> <span class='ocrx_word' id='word_1_731' title='bbox 773 5351 786 5397; x_wconf 90' lang='grc'>;</span> <span class='ocrx_word' id='word_1_732' title='bbox 811 5330 1160 5401; x_wconf 89' lang='lat' dir='ltr'>episcopum</span> <span class='ocrx_word' id='word_1_733' title='bbox 1184 5331 1466 5385; x_wconf 67' lang='lat' dir='ltr'>Castoriaa</span> <span class='ocrx_word' id='word_1_734' title='bbox 1491 5331 1550 5384; x_wconf 91' lang='lat' dir='ltr'>in</span> <span class='ocrx_word' id='word_1_735' title='bbox 1576 5330 1810 5402; x_wconf 84' lang='lat' dir='ltr'>Oppidis</span> <span class='ocrx_word' id='word_1_736' title='bbox 1835 5330 2046 5387; x_wconf 56' lang='lat' dir='ltr'>dioece-</span> 
     </span>
    </p>
   </div>
   <div class='ocr_carea' id='block_1_98' title="bbox 384 5420 2045 5490">
    <p class='ocr_par' dir='ltr' id='par_1_98' title="bbox 384 5420 2045 5490">
     <span class='ocr_line' id='line_1_99' title="bbox 384 5420 2045 5490; baseline 0 -14"><span class='ocrx_word' id='word_1_737' title='bbox 384 5422 465 5477; x_wconf 91' lang='lat' dir='ltr'>sis</span> <span class='ocrx_word' id='word_1_738' title='bbox 498 5439 643 5486; x_wconf 80' lang='lat' dir='ltr'>suae,</span> <span class='ocrx_word' id='word_1_739' title='bbox 676 5421 735 5475; x_wconf 88' lang='lat' dir='ltr'>id</span> <span class='ocrx_word' id='word_1_740' title='bbox 769 5425 858 5474; x_wconf 87' lang='lat' dir='ltr'>est</span> <span class='ocrx_word' id='word_1_741' title='bbox 889 5420 948 5473; x_wconf 90' lang='lat' dir='ltr'>in</span> <span class='ocrx_word' id='word_1_742' title='bbox 982 5420 1113 5490; x_wconf 88' lang='lat' dir='ltr'>ipsa</span> <span class='ocrx_word' id='word_1_743' title='bbox 1142 5421 1431 5486; x_wconf 89' lang='lat' dir='ltr'>Castoria,</span> <span class='ocrx_word' id='word_1_744' title='bbox 1467 5420 1528 5473; x_wconf 88' lang='lat' dir='ltr'>in</span> <span class='ocrx_word' id='word_1_745' title='bbox 1562 5422 1826 5488; x_wconf 86' lang='lat' dir='ltr'>Curesto,</span> <span class='ocrx_word' id='word_1_746' title='bbox 1872 5422 2045 5476; x_wconf 85' lang='lat' dir='ltr'>Colo-</span> 
     </span>
    </p>
   </div>
   <div class='ocr_carea' id='block_1_99' title="bbox 385 5509 2046 5580">
    <p class='ocr_par' dir='ltr' id='par_1_99' title="bbox 385 5509 2046 5580">
     <span class='ocr_line' id='line_1_100' title="bbox 385 5509 2046 5580; baseline -0.001 -14"><span class='ocrx_word' id='word_1_747' title='bbox 385 5527 482 5578; x_wconf 87' lang='lat' dir='ltr'>na,</span> <span class='ocrx_word' id='word_1_748' title='bbox 515 5510 781 5573; x_wconf 84' lang='lat' dir='ltr'>Deaboli,</span> <span class='ocrx_word' id='word_1_749' title='bbox 827 5511 1011 5563; x_wconf 88' lang='lat' dir='ltr'>Boosa</span> <span class='ocrx_word' id='word_1_750' title='bbox 1062 5513 1121 5562; x_wconf 85' lang='lat' dir='ltr'>et</span> <span class='ocrx_word' id='word_1_751' title='bbox 1170 5511 1327 5564; x_wconf 85' lang='lat' dir='ltr'>Moro</span> <span class='ocrx_word' id='word_1_752' title='bbox 1389 5509 1636 5564; x_wconf 87' lang='lat' dir='ltr'>clericos</span> <span class='ocrx_word' id='word_1_753' title='bbox 1669 5511 1737 5563; x_wconf 82' lang='grc'>40</span> <span class='ocrx_word' id='word_1_754' title='bbox 1769 5514 1826 5563; x_wconf 90' lang='lat' dir='ltr'>et</span> <span class='ocrx_word' id='word_1_755' title='bbox 1853 5526 2046 5580; x_wconf 75' lang='lat' dir='ltr'>parm-</span> 
     </span>
    </p>
   </div>
   <div class='ocr_carea' id='block_1_100' title="bbox 389 5598 2047 5669">
    <p class='ocr_par' dir='ltr' id='par_1_100' title="bbox 389 5598 2047 5669">
     <span class='ocr_line' id='line_1_101' title="bbox 389 5598 2047 5669; baseline 0.001 -15"><span class='ocrx_word' id='word_1_756' title='bbox 389 5617 490 5654; x_wconf 89' lang='lat' dir='ltr'>cos</span> <span class='ocrx_word' id='word_1_757' title='bbox 522 5602 589 5653; x_wconf 90' lang='lat'>30</span> <span class='ocrx_word' id='word_1_758' title='bbox 617 5617 630 5665; x_wconf 89' lang='lat'><strong>;</strong></span> <span class='ocrx_word' id='word_1_759' title='bbox 663 5599 778 5653; x_wconf 90' lang='lat' dir='ltr'>nisi</span> <span class='ocrx_word' id='word_1_760' title='bbox 811 5598 962 5653; x_wconf 83' lang='lat' dir='ltr'>forte</span> <span class='ocrx_word' id='word_1_761' title='bbox 1013 5599 1456 5653; x_wconf 88' lang='lat' dir='ltr'>numerosiores</span> <span class='ocrx_word' id='word_1_762' title='bbox 1488 5599 1696 5654; x_wconf 88' lang='lat' dir='ltr'>habuit</span> <span class='ocrx_word' id='word_1_763' title='bbox 1724 5601 1910 5669; x_wconf 86' lang='lat' dir='ltr'>prius,</span> <span class='ocrx_word' id='word_1_764' title='bbox 1943 5601 2047 5655; x_wconf 89' lang='lat' dir='ltr'>sed</span> 
     </span>
    </p>
   </div>
   <div class='ocr_carea' id='block_1_101' title="bbox 2157 5323 3830 5401">
    <p class='ocr_par' dir='ltr' id='par_1_101' title="bbox 2157 5323 3830 5401">
     <span class='ocr_line' id='line_1_102' title="bbox 2157 5323 3830 5401; baseline 0 -18"><span class='ocrx_word' id='word_1_765' title='bbox 2157 5323 2415 5398; x_wconf 76' lang='grc' dir='ltr'>Κίτζαϐιν</span> <span class='ocrx_word' id='word_1_766' title='bbox 2475 5326 2780 5401; x_wconf 82' lang='grc' dir='ltr'>κληρικοὺς</span> <span class='ocrx_word' id='word_1_767' title='bbox 2836 5328 2888 5400; x_wconf 79' lang='grc' dir='ltr'>μ’</span> <span class='ocrx_word' id='word_1_768' title='bbox 2969 5325 3060 5380; x_wconf 90' lang='grc' dir='ltr'>καὶ</span> <span class='ocrx_word' id='word_1_769' title='bbox 3139 5325 3444 5401; x_wconf 84' lang='grc' dir='ltr'>παροίκους</span> <span class='ocrx_word' id='word_1_770' title='bbox 3505 5326 3572 5383; x_wconf 82' lang='grc' dir='ltr'>λ“’</span> <span class='ocrx_word' id='word_1_771' title='bbox 3630 5327 3720 5383; x_wconf 84' lang='grc' dir='ltr'>τὸν</span> <span class='ocrx_word' id='word_1_772' title='bbox 3772 5325 3830 5383; x_wconf 68' lang='grc' dir='ltr'>δὲ</span> 
     </span>
    </p>
   </div>
   <div class='ocr_carea' id='block_1_102' title="bbox 2156 5416 3834 5493">
    <p class='ocr_par' dir='ltr' id='par_1_102' title="bbox 2156 5416 3834 5493">
     <span class='ocr_line' id='line_1_103' title="bbox 2156 5416 3834 5493; baseline -0.001 -19"><span class='ocrx_word' id='word_1_773' title='bbox 2156 5419 2452 5474; x_wconf 84' lang='grc' dir='ltr'>ἐπίσκοπον</span> <span class='ocrx_word' id='word_1_774' title='bbox 2515 5417 2820 5490; x_wconf 83' lang='grc' dir='ltr'>Καστορίας</span> <span class='ocrx_word' id='word_1_775' title='bbox 2905 5416 2980 5477; x_wconf 83' lang='grc' dir='ltr'>εἷς</span> <span class='ocrx_word' id='word_1_776' title='bbox 3063 5417 3130 5470; x_wconf 75' lang='grc' dir='ltr'>τὰ</span> <span class='ocrx_word' id='word_1_777' title='bbox 3188 5416 3393 5493; x_wconf 83' lang='grc' dir='ltr'>κάστρα</span> <span class='ocrx_word' id='word_1_778' title='bbox 3453 5421 3554 5486; x_wconf 74' lang='grc' dir='ltr'>τῆς</span> <span class='ocrx_word' id='word_1_779' title='bbox 3619 5417 3834 5492; x_wconf 84' lang='grc' dir='ltr'>ένορίας</span> 
     </span>
    </p>
   </div>
   <div class='ocr_carea' id='block_1_103' title="bbox 2157 5505 3830 5581">
    <p class='ocr_par' dir='ltr' id='par_1_103' title="bbox 2157 5505 3830 5581">
     <span class='ocr_line' id='line_1_104' title="bbox 2157 5505 3830 5581; baseline -0.002 -18"><span class='ocrx_word' id='word_1_780' title='bbox 2157 5509 2322 5564; x_wconf 78' lang='grc' dir='ltr'>αὐτοῦ</span> <span class='ocrx_word' id='word_1_781' title='bbox 2349 5506 2475 5577; x_wconf 74' lang='grc' dir='ltr'>ἤτοι</span> <span class='ocrx_word' id='word_1_782' title='bbox 2528 5506 2604 5568; x_wconf 80' lang='grc' dir='ltr'>εἷς</span> <span class='ocrx_word' id='word_1_783' title='bbox 2663 5505 2831 5574; x_wconf 79' lang='grc' dir='ltr'>αὐτὴν</span> <span class='ocrx_word' id='word_1_784' title='bbox 2879 5505 2979 5574; x_wconf 79' lang='grc' dir='ltr'>τήν</span> <span class='ocrx_word' id='word_1_785' title='bbox 3034 5505 3359 5581; x_wconf 83' lang='grc' dir='ltr'>Καστορίαν,</span> <span class='ocrx_word' id='word_1_786' title='bbox 3423 5507 3501 5569; x_wconf 83' lang='grc' dir='ltr'>εἰς</span> <span class='ocrx_word' id='word_1_787' title='bbox 3540 5508 3652 5562; x_wconf 88' lang='grc' dir='ltr'>ιτὸν</span> <span class='ocrx_word' id='word_1_788' title='bbox 3681 5505 3830 5564; x_wconf 84' lang='grc' dir='ltr'>Κού-</span> 
     </span>
    </p>
   </div>
   <div class='ocr_carea' id='block_1_104' title="bbox 2160 5591 3828 5676">
    <p class='ocr_par' dir='ltr' id='par_1_104' title="bbox 2160 5591 3828 5676">
     <span class='ocr_line' id='line_1_105' title="bbox 2160 5591 3828 5676; baseline -0.002 -22"><span class='ocrx_word' id='word_1_789' title='bbox 2160 5620 2368 5676; x_wconf 86' lang='grc' dir='ltr'>ρεστον,</span> <span class='ocrx_word' id='word_1_790' title='bbox 2400 5598 2499 5666; x_wconf 75' lang='grc' dir='ltr'>τὴν</span> <span class='ocrx_word' id='word_1_791' title='bbox 2533 5596 2826 5667; x_wconf 86' lang='grc' dir='ltr'>Κολώνην,</span> <span class='ocrx_word' id='word_1_792' title='bbox 2859 5596 2958 5664; x_wconf 78' lang='grc' dir='ltr'>τὴν</span> <span class='ocrx_word' id='word_1_793' title='bbox 3009 5591 3305 5669; x_wconf 77' lang='grc' dir='ltr'>Δεάϐολιν,</span> <span class='ocrx_word' id='word_1_794' title='bbox 3333 5601 3433 5666; x_wconf 77' lang='grc' dir='ltr'>τήν</span> <span class='ocrx_word' id='word_1_795' title='bbox 3467 5599 3688 5654; x_wconf 88' lang='grc' dir='ltr'>Βοῶσαν</span> <span class='ocrx_word' id='word_1_796' title='bbox 3736 5597 3828 5652; x_wconf 80' lang='grc' dir='ltr'>καὶ</span> 
     </span>
    </p>
   </div>
   <div class='ocr_carea' id='block_1_105' title="bbox 465 5723 3821 5797">
    <p class='ocr_par' dir='ltr' id='par_1_105' title="bbox 465 5723 3821 5797">
     <span class='ocr_line' id='line_1_106' title="bbox 465 5723 3821 5797; baseline 0.003 -24"><span class='ocrx_word' id='word_1_797' title='bbox 465 5723 571 5797; x_wconf 65' lang='lat' dir='ltr'>(ti)</span> <span class='ocrx_word' id='word_1_798' title='bbox 612 5724 773 5778; x_wconf 88' lang='lat' dir='ltr'>Hanc</span> <span class='ocrx_word' id='word_1_799' title='bbox 803 5723 1094 5797; x_wconf 82' lang='lat' dir='ltr'>novellam</span> <span class='ocrx_word' id='word_1_800' title='bbox 1127 5724 1304 5795; x_wconf 87' lang='lat' dir='ltr'>primi</span> <span class='ocrx_word' id='word_1_801' title='bbox 1336 5724 1653 5780; x_wconf 87' lang='lat' dir='ltr'>ediderunt</span> <span class='ocrx_word' id='word_1_802' title='bbox 1685 5725 1908 5780; x_wconf 81' lang='lat' dir='ltr'>Rhallis</span> <span class='ocrx_word' id='word_1_803' title='bbox 1958 5729 2016 5781; x_wconf 90' lang='lat' dir='ltr'>et</span> <span class='ocrx_word' id='word_1_804' title='bbox 2073 5727 2258 5782; x_wconf 88' lang='lat' dir='ltr'>Potlis</span> <span class='ocrx_word' id='word_1_805' title='bbox 2319 5725 2382 5781; x_wconf 89' lang='lat' dir='ltr'>in</span> <span class='ocrx_word' id='word_1_806' title='bbox 2439 5724 2686 5782; x_wconf 82' lang='lat' dir='ltr'>Collect.</span> <span class='ocrx_word' id='word_1_807' title='bbox 2708 5794 2723 5797; x_wconf 91' lang='lat'><strong><em>_</em></strong></span> <span class='ocrx_word' id='word_1_808' title='bbox 2748 5738 2962 5797; x_wconf 87' lang='lat' dir='ltr'>canon.</span> <span class='ocrx_word' id='word_1_809' title='bbox 3000 5726 3063 5793; x_wconf 91' lang='lat' dir='ltr'>V,</span> <span class='ocrx_word' id='word_1_810' title='bbox 3098 5743 3154 5796; x_wconf 89' lang='lat' dir='ltr'>p.</span> <span class='ocrx_word' id='word_1_811' title='bbox 3190 5728 3314 5797; x_wconf 87' lang='lat'>268,</span> <span class='ocrx_word' id='word_1_812' title='bbox 3349 5743 3420 5782; x_wconf 83' lang='lat' dir='ltr'>ex</span> <span class='ocrx_word' id='word_1_813' title='bbox 3450 5725 3652 5783; x_wconf 89' lang='lat' dir='ltr'>codice</span> <span class='ocrx_word' id='word_1_814' title='bbox 3707 5742 3821 5783; x_wconf 89' lang='lat' dir='ltr'>ms.</span> 
     </span>
    </p>
   </div>
   <div class='ocr_carea' id='block_1_106' title="bbox 399 5791 3240 5870">
    <p class='ocr_par' dir='ltr' id='par_1_106' title="bbox 399 5791 3240 5870">
     <span class='ocr_line' id='line_1_107' title="bbox 399 5791 3240 5870; baseline 0.002 -25"><span class='ocrx_word' id='word_1_815' title='bbox 399 5791 658 5862; x_wconf 89' lang='lat' dir='ltr'>quodam</span> <span class='ocrx_word' id='word_1_816' title='bbox 693 5795 977 5850; x_wconf 86' lang='lat' dir='ltr'>Gerasimi</span> <span class='ocrx_word' id='word_1_817' title='bbox 1005 5791 1458 5869; x_wconf 80' lang='lat' dir='ltr'>archiepiscopi.</span> <span class='ocrx_word' id='word_1_818' title='bbox 1490 5799 1568 5853; x_wconf 88' lang='lat' dir='ltr'>De</span> <span class='ocrx_word' id='word_1_819' title='bbox 1600 5797 1728 5870; x_wconf 83' lang='lat' dir='ltr'>ejus</span> <span class='ocrx_word' id='word_1_820' title='bbox 1759 5797 2128 5870; x_wconf 88' lang='lat' dir='ltr'>genuinitate</span> <span class='ocrx_word' id='word_1_821' title='bbox 2157 5799 2391 5855; x_wconf 85' lang='lat' dir='ltr'>dubitat</span> <span class='ocrx_word' id='word_1_822' title='bbox 2421 5798 2562 5854; x_wconf 91' lang='lat' dir='ltr'>clar.</span> <span class='ocrx_word' id='word_1_823' title='bbox 2597 5794 2766 5853; x_wconf 86' lang='lat' dir='ltr'>Zacb.</span> <span class='ocrx_word' id='word_1_824' title='bbox 2802 5812 2836 5853; x_wconf 90' lang='lat' dir='ltr'>a</span> <span class='ocrx_word' id='word_1_825' title='bbox 2871 5791 3240 5870; x_wconf 17' lang='lat' dir='ltr'>Linge‘nthal.</span> 
     </span>
    </p>
   </div>
  </div>
