4128 6412
359 391 482 452 633

1506 383 1896 447 NOVELLE
1937 381 2642 446 CONSTITUTIONES.

3667 383 3791 446 634

434 523 526 580 τὸν
558 525 760 598 Μῶρον
793 518 1096 596 κλῆρικοὺς
1133 520 1192 593 μ’
1223 518 1314 574 καὶ
1351 519 1650 595 παροίκους
1679 517 1748 574 λ’·
1804 517 1850 572 εί
1879 515 2015 594 τάχα

2141 517 2422 575 nolumus
2455 535 2734 592 superare
2766 535 3082 575 numerum
3114 519 3465 574 clericorum
3499 523 3557 574 et
3599 537 3792 592 parua-

358 615 447 671 καὶ
483 611 901 686 περισσοτέρους
934 611 1052 683 εἶχε
1082 612 1298 682 πρῴην,
1331 605 1459 663 ἀλλ’
1484 605 1574 662 οὖν
1609 606 1670 661 οὗ
1706 606 2019 682 βουλόμεθα

357 699 703 778 ὑπερϐαίνειν
734 700 826 755 τὸν
860 697 1092 773 ἀριθμὸν
1125 702 1234 753 τῶν
1262 695 1547 773 κληρικῶν
1591 697 1683 752 καὶ
1737 695 2016 773 παροίκων

352 797 457 849 τοῦ
514 787 969 866 ἆρχιεπισκόπου.
1026 787 1126 842 Τὸν
1189 783 1248 842 δὲ
1300 785 1594 842 ἐπίσκοπον
1655 782 2018 857 Γλαϐινίτζης

359 883 437 946 εἷς
469 883 634 950 αὐτὴν
692 879 794 950 τήν
857 872 1215 947 Γλαϐινίτζαν
1275 878 1366 932 καὶ
1426 876 1502 940 εἷς
1558 877 1626 933 τὰ
1683 876 1884 931 Κάνινα
1925 875 2016 931 καὶ

360 977 438 1036 εἷς
481 971 779 1029 Νεάνισκαν
863 966 1162 1040 κελεύομεν
1228 963 1376 1042 ἔχειν
1450 964 1752 1040 κληρικοὺς
1812 968 1870 1040 μ’
1925 965 2015 1021 καὶ

359 1064 662 1139 παροίκους
697 1059 754 1132 μ’
791 1057 884 1114 τὸν
945 1054 1004 1112 δὲ
1062 1054 1358 1112 ἐπίσκοπον
1418 1054 1744 1131 Μογλαίνων
1778 1055 1853 1119 είς
1882 1054 2017 1113 αὐτὰ

355 1155 427 1209 τὰ
453 1149 733 1228 Μόγλκινα
769 1146 858 1203 καὶ
915 1147 1010 1202 τὸν
1068 1145 1346 1222 Πρόσακον
1395 1151 1489 1201 καῖ
1529 1147 1630 1217 τὴν
1690 1141 2012 1223 Μυρίχοϐαν

356 1243 449 1300 καὶ
504 1242 604 1312 τήν
666 1237 894 1309 Σετίνην
951 1235 1041 1292 καὶ
1099 1238 1192 1293 τὸν
1255 1230 1550 1310 Ὀστροϐὸν
1638 1236 1728 1292 καὶ
1798 1237 1875 1301 εἰς
1947 1237 2014 1291 τὰ

355 1329 608 1407 Ζαόδρυα
651 1325 954 1403 κληρικοὺς
1016 1334 1072 1381 ιε’
1128 1325 1220 1380 καὶ
1278 1325 1578 1400 παροίκους
1639 1327 1714 1382 ιε’⁶
1774 1326 1863 1381 καὶ
1919 1324 2012 1381 τὸν

355 1421 651 1478 ἐπίσκοπον
685 1417 1000 1480 Βουτέλεως
1034 1417 1111 1480 εἷς
1165 1416 1263 1486 τὴν
1303 1413 1640 1490 Πελαγονίαν
1700 1416 1788 1470 καὶ
1818 1415 1893 1477 εἷς
1919 1415 2012 1470 τὸν

356 1511 646 1582 Πρίλαπον
673 1510 765 1565 καὶ
796 1509 874 1571 εἷς
902 1508 1005 1578 τὴν
1045 1507 1309 1582 Δευρετήν
1359 1506 1449 1561 καὶ
1502 1505 1579 1569 εἰς
1633 1507 1724 1560 τὸν
1780 1505 2012 1564 Βελεσὸν

323 1599 670 1678 ,κληρικοὺς
732 1599 788 1654 ιε’
817 1597 907 1654 καὶ
950 1596 1248 1674 παροίκους
1311 1597 1388 1651 is"
1442 1596 1532 1650 καὶ
1583 1596 1674 1650 τὸν
1721 1593 2017 1650 ἐπίσκοπον

362 1689 789 1768 Στρουμμίτζής
819 1687 895 1748 είς
934 1686 1101 1757 αὐτὴν
1159 1687 1257 1755 τήν
1318 1685 1740 1761 Στροῦμμιτζαν
1785 1686 1876 1740 καὶ
1926 1684 2020 1740 τὸν

355 1775 706 1836 Ῥαδὸὄιστον
765 1776 855 1833 καὶ
908 1775 1000 1832 τὸν
1062 1773 1324 1845 Κονὲτζην
1385 1772 1690 1849 κληρικοὺς
1751 1773 1870 1849 ιβ’,
1927 1773 2017 1828 καὶ

358 1869 657 1945 πιροίκους
715 1868 822 1944 ip"
882 1867 970 1921 καὶ
1029 1865 1121 1920 τὸν
1174 1863 1471 1920 ἐπίσκοπον
1534 1857 1886 1939 Μοροϐίσδου
1944 1863 2022 1928 εἰς

367 1958 528 2014 αὖτὸν
584 1958 675 2013 τὸν
731 1951 1075 2032 Μορόϐισδον
1133 1953 1224 2010 καὶ
1295 1955 1386 2009 τὸν
1447 1953 1714 2022 Κοζίακον
1767 1951 1856 2008 καὶ
1914 1955 2013 2022 τήν

2130 624 2334 664 corum
2357 610 2810 682 archiepiscopi.
2835 610 3194 681 Episc0pum
3217 607 3557 664 Glabinitzm
3580 611 3640 665 in
3659 611 3789 684 ipsa

2131 698 2473 767 Glabinitza,
2508 701 2659 756 etin
2690 701 2929 755 Caninis
2977 705 3035 754 et
3091 700 3380 755 Neanisca
3429 701 3787 759 mandamus

2129 787 2349 844 habere
2381 790 2630 846 clericos
2655 792 2723 844 49
2755 794 2812 844 et
2843 805 3107 860 parmcos
3147 791 3248 855 30;
3285 789 3629 861 episc0pum
3654 810 3788 848 vero

2127 879 2549 950 Moglaanorum
2582 880 2642 935 in
2671 879 2818 950 ipsis
2864 878 3186 950 Moglaenis,
3217 883 3275 932 et
3322 878 3594 948 Prosaco,
3629 883 3790 936 Miri-

2126 968 2338 1036 choba,
2378 969 2600 1040 Setina,
2633 968 2902 1036 Ostrobo,
2937 973 2994 1023 et
3044 967 3282 1023 Zaodris
3327 968 3578 1025 clericos
3625 974 3686 1024 15
3731 975 3790 1028 et

2125 1074 2390 1130 parmcos
2418 1059 2520 1127 15;
2555 1060 2901 1131 episcopum
2939 1057 3167 1112 Butelei
3199 1058 3258 1112 in
3292 1058 3629 1131 Pelagonia,
3663 1063 3792 1116 Pri-

2125 1148 2284 1221 lapo,
2319 1147 2578 1205 Deureta
2602 1156 2659 1204 et
2690 1149 2916 1216 Beleso,
2947 1148 3194 1203 clericos
3228 1151 3290 1202 15
3314 1154 3373 1203 et
3399 1166 3662 1221 paruacos
3686 1152 3786 1218 15;

2126 1238 2472 1311 episcopum
2495 1238 2885 1295 Strummitzae
2910 1238 2972 1294 in
2993 1238 3121 1310 ipsa
3143 1238 3538 1305 Strummitza,
3554 1241 3790 1296 Rhada-

2124 1328 2300 1397 bisto,
2337 1334 2397 1384 et.
2425 1331 2675 1385 Conetza
2731 1329 2987 1385 clericos
3022 1330 3088 1384 12
3119 1332 3177 1383 et
3206 1346 3468 1401 parmcos
3503 1332 3608 1398 12;
3666 1332 3789 1403 epi-

2127 1435 2372 1490 scopum
2422 1419 2741 1475 Morohisdi
2795 1420 2855 1475 in
2912 1419 3040 1491 ipso
3092 1419 3426 1475 Morobisdo
3462 1463 3475 1489 ,
3527 1421 3788 1490 Coziaco,

2127 1507 2404 1576 Slabista,
2439 1508 2766 1578 Sthleloba,
2802 1509 3132 1576 Lucobitzo,
3178 1509 3452 1565 Piavitza.
3492 1516 3564 1566 'et
3609 1511 3787 1566 Mole'

2131 1597 2275 1653 soba
2304 1597 2555 1654 clericos
2595 1601 2659 1652 15
2693 1603 2750 1653 et
2779 1615 3049 1670 paruacos
3094 1601 3154 1652 15
3186 1616 3200 1667 ;
3244 1601 3590 1671 episcopum
3623 1601 3793 1656 Bele-

2131 1684 2329 1741 busdii
2361 1686 2424 1741 in
2477 1687 2607 1758 ipsa
2663 1687 3015 1756 Belebusda,
3081 1688 3417 1756 Suntiasco,
3451 1691 3786 1760 Germania,

2132 1776 2454 1844 Terimero,
2481 1776 2679 1845 Stobo,
2713 1777 2992 1833 inferiore
3025 1778 3358 1833 Suadeasco
3382 1784 3439 1833 et
3469 1780 3788 1853 Rhmlogis,

2135 1865 2384 1921 clericos
2418 1869 2480 1920 15
2508 1871 2564 1921 et
2593 1884 2856 1938 parmcos
2893 1871 2954 1922 15
2980 1885 2993 1936 ;
3029 1867 3373 1939 episcopum
3395 1869 3697 1925 Triaditzaa
3729 1871 3792 1926 in

2127 1956 2256 2028 ipsa
2279 1955 2590 2024 Triaditza,
2625 1962 2684 2012 et
2711 1957 3056 2014 Pernico....

366 2042 686 2118 Σληϐίστην
743 2045 833 2102 καὶ
889 2047 988 2114 τὴν
1051 2037 1358 2100 Σθλετοϐἆν
1401 2043 1490 2098 καὶ
1555 2042 1646 2097 τὸν
1707 2037 2079 2113 Λουκόϐιτζον
2134 2043 2223 2098 καὶ
2281 2043 2381 2112 τὴν
2443 2044 2729 2114 Πιάνιτζαν
2799 2044 2890 2099 καὶ
2945 2045 3044 2113 τὴν
3105 2039 3425 2101 Μολέσοϐαν
3485 2042 3790 2120 κληρικοὺς

357 2135 421 2191 ιε’
477 2137 563 2191 καὶ
629 2134 926 2210 παροίκους
993 2134 1052 2190 ιε’
1085 2177 1098 2192 .
1165 2134 1254 2190 καὶ
1343 2133 1435 2189 τὸν
1503 2131 1799 2188 ἐπίσκοπον

1895 2128 2294 2190 Βελεϐὁυσδίου
2367 2130 2442 2192 εἷς
2522 2133 2692 2202 αὐτὴν
2761 2134 2860 2202 τήν
2929 2127 3296 2187 Βελεϐουσδαν
3363 2133 3453 2187 καὶ
3517 2135 3608 2189 τὸν
3677 2140 3788 2188 Σο-

355 2222 642 2280 υντιασκδν
661 2223 751 2280 καὶ
781 2226 881 2295 τὴν
914 2223 1240 2300 Γερμάνειαν
1274 2223 1362 2279 καὶ
1391 2221 1486 2278 τὸν
1533 2220 1828 2297 Τερίμερον
1884 2222 1972 2277 καὶ
2015 2223 2106 2277 τὸν
2137 2215 2341 2276 Στοϐὸν
2374 2220 2463 2275 καὶ
2493 2221 2586 2276 τὸν
2617 2216 2821 2276 Στοϐὸν
2853 2220 2943 2276 καὶ
2963 2221 3055 2276 τὸν
3087 2220 3234 2276 κάτω
3292 2219 3664 2278 Σουαδὲασκον
3695 2209 3782 2300 καί

351 2313 426 2369 τὰ
473 2311 736 2389 Ῥαίλογα
787 2311 1091 2391 κληρικοὺς
1157 2314 1214 2368 ιε’
1271 2313 1360 2368 καί
1431 2310 1728 2387 παροίκους
1783 2311 1841 2365 ιε’
1873 2329 1886 2340 '

351 2405 447 2460 τὸν
482 2401 883 2478 Πέρνικον......

1941 2309 2032 2366 καὶ
2088 2311 2180 2366 τὸν
2248 2308 2546 2366 ἐπίσκοπον
2599 2308 2922 2386 Τριαδίτζης
2974 2309 3049 2373 είς
3107 2309 3272 2380 αὐτὴν
3325 2309 3642 2387 Τριάδιτζαν
3699 2298 3788 2368 καιἱ
