4128 6424
1723 531 1884 577 ANNO
1941 529 2154 574 DOMINI
2196 529 2502 574 CMLXXXIX

1099 699 1968 903 LEONIS
2110 697 3021 901 DIACON
3043 701 3123 898 Ι

1767 1029 2464 1127 CALOENSIS
2559 1053 2562 1056 ‘

858 1263 1906 1417 HISTOBIZE
2020 1263 2587 1414 LIBRI
2695 1260 3388 1413 DECEM

1914 1533 1950 1576 E
1993 1532 2366 1578 RECENSIONE

1021 1694 1633 1797 GABOLI
1723 1693 2579 1797 BBNEDIGT
2603 1696 2651 1794 Ι

1603 1696 1633 1793 li
1723 1693 2665 1797 BBNEDIGTI
2751 1694 3233 1796 HAS]!

1319 1934 1626 1981 INSTITUTI
1657 1935 1944 1982 FRANCLE
1973 1935 2156 1980 ACAD.
2191 1935 2522 1981 INSCRIPTT.
2559 1933 2733 1992 SOCII,
2774 1935 2905 1979 ETC.

581 2078 876 2139 ADDITA
913 2082 1258 2142 EJUSDEM
1293 2081 1693 2143 VERSIONE
1735 2082 1998 2148 ATQUE
2029 2080 2724 2143 ANNOTATIONIBUS
2773 2080 2872 2140 AB
2925 2079 3096 2140 IPSO
3135 2077 3622 2139 RECOGNITIS.

1590 2374 1667 2436 G.
1700 2374 1782 2437 B.
1817 2374 2078 2435 HASII
2107 2374 2630 2436 DEDICATIO.

1369 2550 1866 2598 ILLUSTRISSIMO
1909 2551 1992 2596 ET
2047 2551 2651 2597 EXCELLENTISSIMO
2695 2551 2852 2598 VIRO

1547 2631 1826 2679 NICOLAO
1869 2631 2095 2678 COMITI
2137 2632 2224 2677 DE
2267 2632 2658 2679 ROMANZOF'F

1247 2712 1510 2758 IMPERII
1553 2712 1809 2760 RUSSICI
1867 2713 2318 2760 CANCELLARIO
2367 2713 2675 2759 ORDINUM
2721 2712 2984 2758 IMPERII

977 2791 1642 2848 PEREGRINORUMQUE
1683 2793 1950 2842 ALIORR.
2002 2792 2418 2840 PLURIMORR.
2465 2793 2694 2849 EQUITI
2739 2795 2881 2840 ETC.
2931 2793 3072 2839 ETC.
3119 2791 3260 2838 ETC.

2063 2873 2175 2927 QUI

1599 2954 1892 3003 SINCERZE
1951 2954 2336 3008 MAGNzEQUE
2379 2953 2641 3001 GLORLE

1749 3035 2144 3082 CUPIDITATE
2173 3034 2489 3082 INCENSUS

1429 3115 1857 3163 LITTERARUM
1899 3117 1981 3162 ET
2024 3115 2472 3162 HONESTARUM
2514 3115 2771 3162 ARTIUM

1240 3196 1382 3242 TUM
1426 3196 1889 3244 SUBLIMIORUM
1931 3197 2200 3243 OMNIUM
2245 3196 2689 3244 SCIENTIARUM
2733 3195 2970 3243 STUDIA

1384 3278 1492 3324 I'I‘A
1541 3277 1934 3324 COMPLEXUS
1977 3277 2094 3323 EST
2124 3278 2205 3322 ET
2234 3277 2444 3324 FOVET

1348 3357 1432 3404 UT
1464 3359 1694 3405 IISDEM
1725 3357 1865 3405 CUM
1893 3357 2007 3403 REI
2050 3357 2346 3404 PUBLICAE
2393 3357 2850 3404 UTILITATIBUS

1247 3438 1638 3485 ARCTISSIMO
1691 3438 1976 3486 VINCULO
2021 3438 2434 3485 CONSOCIATIS
2478 3438 2643 3485 OMNI
2676 3437 2954 3485 EUROP/E

1142 3517 1444 3573 OMNIQUE
1480 3520 1902 3567 POSTERITATI
1935 3518 2166 3565 SUMMO
2211 3519 2287 3565 SE
2316 3519 2612 3566 CULMINE
2655 3518 3100 3566 DIGNISSIMUM

1939 3600 2345 3646 PRODIDERIT

1735 3680 2064 3727 HISTORL‘E
2095 3681 2484 3729 BYZANTINzE

1722 3761 1960 3809 NOVUM
2012 3760 2141 3808 HOC
2196 3761 2517 3809 VOLUMEN

1957 3841 2024 3887 D.
2071 3843 2139 3889 N.
2187 3842 2249 3887 E.

1099 4404 1226 4526 Ο.
1355 4404 1492 4536 Β,
1592 4405 2062 4526 HASII
2189 4402 2729 4526 ΡΗᾸΕΡΑ

1623 4405 2062 4526 HASII
2189 4399 3134 4526 PREFATIO.
3251 4427 3253 4431 ’

483 4816 670 4896 [Ι-ΧΙ]
706 4818 754 4877 Ι.
789 4817 854 4878 Si
885 4817 1025 4896 quis
1055 4817 1320 4878 fortasse
1354 4817 1640 4896 miratur,
1674 4817 1822 4897 quid
1856 4815 1955 4890 sit,
2019 4817 2190 4895 quod
2254 4815 2480 4878 Leonis
2527 4812 2787 4876 Diaconi
2847 4812 3151 4887 Historia,
3213 4833 3406 4892 quam
3466 4815 3824 4893 complures

395 4921 541 4975 ante
573 4931 772 4974 annos
827 4933 1192 4993 receperam
1229 4935 1324 4976 me
1355 4916 1697 4994 editurum,
1733 4933 1899 4976 nunc
1930 4915 2184 4976 demum
2217 4921 2398 4975 exeat
2427 4934 2440 4973 :
2475 4914 2548 4988 is,
2599 4912 2707 4972 ubi
2754 4911 3079 4972 dilationis
3110 4929 3366 4972 causam
3399 4912 3818 4990 perspexerit,

399 5032 528 5073 una
585 5019 648 5073 et
709 5012 861 5072 mihi
929 5012 1112 5072 facile
1171 5013 1416 5075 veniam
1462 5014 1639 5075 dabit
1687 5012 2297 5092 procrastinationis,
2359 5017 2417 5070 ct
2474 5028 2547 5070 eo
2595 5009 2868 5086 majores
2925 5008 3160 5086 gratias
3211 5008 3343 5069 viro
3404 5009 3817 5088 amplissimo,

303 5111 306 5117 ’
399 5111 580 5191 cujus
639 5109 1070 5170 muniﬁcentia
1124 5111 1377 5171 conatui
1446 5132 1586 5173 meo
1651 5111 2028 5172 subventum
2081 5115 2194 5181 est,
2257 5107 2539 5168 habebit.
2593 5110 2994 5185 Quapropter
3039 5105 3198 5166 nihil
3259 5106 3435 5184 prius
3477 5125 3818 5187 exponam,

397 5228 589 5288 quam
676 5227 802 5288 qua
854 5208 1110 5268 fortuna
1140 5208 1408 5285 scriptor
1456 5209 1563 5270 diu
1613 5214 1897 5269 retrusus
1954 5225 2122 5268 nunc
2173 5205 2570 5286 potissimum
2625 5204 2956 5265 exstiterit.
3009 5203 3241 5264 Deinde
3292 5204 3498 5265 dicam
3546 5207 3623 5266 de
3692 5205 3824 5266 vita

397 5307 692 5383 auctoris,
725 5313 788 5366 et
818 5325 960 5385 qua:
996 5323 1134 5365 mea
1165 5305 1417 5383 quidem
1451 5307 1529 5368 sit
1561 5308 1637 5369 de
1668 5307 1921 5386 ingenio
1954 5306 2110 5385 ejus,
2147 5306 2223 5367 de
2254 5323 2483 5384 genere
2514 5303 2785 5376 dicendi,
2821 5301 2896 5362 de
2926 5301 3069 5375 ﬁde,
3106 5302 3488 5364 existimatio
3515 5322 3528 5363 :
3564 5305 3714 5366 item
3746 5305 3825 5367 de

393 5407 632 5476 codice,
665 5406 729 5465 in
762 5423 888 5483 quo
921 5423 1070 5479 uno,
1107 5408 1417 5482 quantum
1450 5407 1603 5480 scio,
1640 5405 1915 5465 Historia
1948 5403 2082 5482 ejus
2113 5411 2206 5464 est
2237 5408 2632 5464 conservata.
2664 5405 2824 5461 'l‘um
2876 5401 2953 5460 de
2981 5401 3252 5462 Tacticis
3284 5421 3470 5480 agam
3503 5403 3820 5481 Nicepho-

393 5506 448 5565 ri
491 5505 742 5576 Phocea,
793 5508 1112 5582 postremo
1147 5503 1453 5562 rationem
1487 5511 1549 5564 et
1579 5504 1880 5564 versionis
1912 5508 1974 5562 et
2023 5509 2316 5562 notarum
2351 5519 2658 5573 mearum,
2695 5505 2756 5560 et
2787 5499 3046 5560 omnino
3070 5499 3385 5579 editionis,
3421 5501 3774 5581 explicabo.

473 5605 550 5663 ΙΙ.
590 5605 746 5682 Ego,
793 5609 1128 5681 postquam
1179 5601 1243 5661 in
1293 5601 1687 5663 Bibliotheca
1733 5602 1926 5680 Regia
1971 5619 2103 5661 esse
2148 5601 2338 5680 ccepi,
2394 5606 2462 5661 ut
2510 5599 2784 5679 primum
2836 5598 3108 5678 penitius
3156 5619 3295 5661 eam
3344 5618 3526 5662 nosse
3573 5600 3815 5662 licitum

398 5705 512 5769 est,
598 5700 780 5762 facile
852 5699 1157 5777 intellexi,
1257 5699 1447 5762 etiam
1542 5705 1688 5782 post
1771 5700 1980 5775 Goari,
2071 5699 2340 5774 Possini,
2427 5698 2735 5778 Ducangii
2827 5703 2911 5773 et,
3000 5699 3109 5778 qui
3191 5699 3536 5762 admodum
3613 5698 3814 5760 multa
