4128 6416
365 362 482 422 637
1637 362 1701 423 C.
1752 364 1821 423 Β.
1871 364 2078 425 HASII
2123 365 2567 430 PREFA’I‘IO.
3668 373 3788 434 638

370 501 652 558 veterum
709 502 1122 558 monumenta
1170 516 1204 558 e
1243 497 1370 558 situ
1400 497 1586 572 eruit,
1637 496 1998 559 Combefisii
2028 499 2236 560 varios
2265 499 2534 576 labores,
2571 504 2750 582 quasi
2781 524 2814 565 e
2845 509 3120 585 quodam
3164 510 3547 573 inexhausto
3592 509 3787 582 fonte,

371 593 614 654 hauriri
641 593 784 654 inde
814 613 941 654 non
982 613 1183 674 pauca
1216 613 1396 674 posse
1445 594 1526 686 ad
1574 595 2012 656 collectionem
2044 601 2376 657 auctorum
2437 600 2924 679 Byzantinorum
2958 607 3344 668 cumulatius
3402 606 3784 684 augendam.

368 692 418 752 E
477 691 885 771 scriptoribus
941 698 1151 753 autem
1210 692 1300 752 ibi
1357 691 1622 753 servatis
1678 691 1837 752 duos
1888 711 2022 754 esse
2080 694 2499 772 potissimum,
2564 702 2831 760 Leonem
2886 702 3228 764 Diaconum
3288 711 3350 766 et
3408 703 3786 766 Michaelem

365 789 668 866 Psellum,
716 810 985 870 quorum
1045 791 1234 852 editio
1280 796 1342 851 et
1398 791 1864 851 desideraretur
1933 791 2172 852 dudum
2241 811 2280 853 a
2339 793 2486 854 viris
2545 796 2769 871 doctis,
2821 806 2880 860 ct
2938 807 3098 862 esset
3151 804 3284 879 jam
3331 803 3677 881 aliquando
3734 801 3789 862 si

365 889 574 948 minus
605 889 914 962 confecta,
947 895 1256 969 concepta
1287 895 1453 951 certe
1513 889 1726 950 animo
1784 895 1974 968 atque
2014 890 2262 951 affecta.
2324 896 2479 953 Nam
2515 893 2692 955 illum
2736 896 2942 976 ipsum
2984 900 3426 961 Combeiisium
3491 905 3787 962 testatum

365 994 460 1049 est
493 1007 568 1048 ex
591 988 833 1050 Harles.
863 989 1027 1050 Bibl.
1061 992 1256 1051 Graec.
1289 990 1418 1065 VII,
1456 988 1595 1068 681,
1631 1008 1772 1050 cum
1805 995 1967 1051 esset
1997 991 2206 1051 animo
2239 999 2445 1053 erecto
2479 994 2556 1054 ad
2589 994 2952 1074 indaganda
2982 999 3045 1058 in
3104 999 3437 1078 lucemque
3464 999 3790 1061 evocanda

367 1088 732 1149 Graecorum
763 1087 1019 1167 scripta,
1054 1087 1366 1168 imprimis
1395 1087 1818 1149 ecclesiastica
1853 1093 1915 1148 et
1942 1089 2309 1168 Byzantina,
2344 1089 2801 1152 Bibliothecam
2839 1095 3096 1174 ltcgiam
3129 1103 3516 1159 scrutantem
3547 1097 3786 1175 cepisse

368 1203 512 1246 cum
543 1187 768 1248 Leonis
799 1191 932 1246 tum
991 1186 1183 1247 Pselli
1238 1187 1423 1265 (XIV)
1482 1186 1906 1264 cognitionem
1966 1186 2436 1268 editionemque
2478 1191 2806 1269 utriusque
2865 1193 3227 1256 adornasse.
3286 1196 3446 1266 Quin
3502 1195 3638 1273 ipse
3699 1195 3787 1255 sic

368 1283 563 1344 habet
611 1284 776 1345 notis
831 1285 911 1344 ad
969 1284 1504 1344 Auctarznoviss.
1565 1283 1868 1345 Biblioth.
1929 1286 2202 1345 Grascor.
2261 1289 2433 1348 Patr.
2494 1288 2690 1348 Paris.
2735 1291 2913 1363 1672,
2976 1311 3035 1370 p.
3071 1295 3212 1370 545,
3263 1293 3636 1354 subhorride
3693 1292 3792 1370 (ut

365 1381 746 1462 plerumque
801 1383 1162 1463 incomptus
1193 1389 1286 1444 est
1311 1383 1373 1442 in
1435 1383 1720 1443 oratione
1750 1381 2001 1459 Latina)
2033 1399 2048 1442 :
2083 1383 2299 1443 Photii
2355 1385 2594 1447 technas
2649 1385 2950 1469 malasque
2980 1400 3138 1451 artes
3169 1411 3302 1451 cum
3335 1391 3455 1451 alii
3472 1389 3790 1470 prosecuti

361 1491 497 1541 sunt
527 1480 722 1543 Graeci
744 1480 1018 1563 aequales,
1042 1491 1148 1542 aut
1173 1501 1393 1563 parum
1423 1499 1735 1562 suppares,
1771 1489 1892 1542 tum
1919 1500 2078 1541 meus
2106 1481 2430 1560 Logotbeta
2453 1483 2581 1564 (hic
2613 1491 2705 1546 est
2737 1486 2989 1548 Simeon
3017 1489 3315 1568 magister
3346 1494 3406 1550 et
3437 1487 3789 1567 logotheta,

365 1580 442 1640 de
475 1598 601 1659 quo
661 1580 902 1640 Harles.
936 1580 1072 1653 VII,
1105 1583 1268 1660 417),
1303 1578 1356 1640 si
1382 1577 1644 1661 quando,
1677 1598 1825 1657 pace
1855 1578 2044 1640 lenius
2079 1582 2400 1662 aspirante,
2433 1600 2504 1643 ac
2556 1581 3072 1648 Christianissimo
3104 1607 3244 1667 rege
3291 1607 3518 1668 semper
3549 1587 3790 1658 victore,

368 1678 571 1756 Regia
641 1677 920 1760 Lupura,
999 1677 1265 1740 historiae
1349 1676 1710 1759 Byzantinos
1783 1697 1956 1758 plene
2029 1680 2353 1740 necessario
2423 1681 2854 1762 supplemento,
2922 1706 3053 1746 cum
3127 1686 3320 1748 Leone
3397 1686 3660 1746 Dz’acono
3737 1692 3796 1744 et

373 1776 668 1838 Michaele
722 1776 953 1851 Psello,
1012 1778 1247 1858 regium
1307 1795 1441 1838 vere
1493 1775 1822 1857 multiplici
1881 1777 2053 1837 titulo
2127 1789 2572 1858 argumentum,
2629 1779 2792 1855 furis
2841 1783 3084 1862 publici
3145 1785 3314 1864 regia
3385 1783 3792 1863 muniﬁcentia

371 1877 718 1956 faciat:ne
775 1875 893 1935 sibi
943 1895 1054 1956 per
1109 1895 1308 1937 moras
1357 1875 1644 1950 Batavus,
1707 1883 1814 1937 aut
1867 1895 2013 1954 gens
2067 1877 2215 1951 alia,
2276 1896 2406 1938 eam
2462 1877 2724 1958 gloriam
2782 1882 3014 1958 rapiat.
3078 1883 3202 1945 Sed
3246 1901 3304 1942 a.
3365 1883 3520 1942 1679
3567 1900 3606 1941 a
3663 1880 3792 1940 vita

377 1973 659 2034 discessit
710 1973 1152 2048 Combeﬁsius,
1213 1974 1418 2053 deque
1475 1973 1722 2034 duobus
1779 1973 1966 2034 tomis
2022 1974 2306 2041 Auctarii
2380 1976 2730 2055 Byzantini,
2799 1997 2960 2057 quos
3034 1979 3312 2040 edendos
3387 1978 3502 2038 sibi
3551 1997 3790 2057 propo-

379 2079 613 2144 suerat,
671 2090 750 2133 ne
807 2072 1082 2152 priorem
1141 2073 1395 2152 quidem
1454 2071 1660 2151 potuit
1707 2071 2056 2150 divulgare.
2111 2074 2171 2133 Is
2229 2072 2417 2149 enim,
2479 2074 2817 2153 scriptores
2877 2083 3019 2155 post
3072 2076 3523 2155 Theophanem
3582 2075 3786 2135 conti-

374 2189 552 2242 nens,
631 2170 1111 2232 Constantinum
1187 2169 1819 2250 Porphyrogenetam
1897 2169 2038 2230 dico
2117 2169 2195 2230 de
2267 2171 2407 2232 Vita
2483 2172 2718 2244 Basilii,
2797 2174 3311 2235 Continuatorem
3395 2191 3783 2252 anonymum

370 2269 801 2349 Theophanis,
860 2271 1170 2332 Joannem
1246 2269 1706 2344 Cameniatam,
1791 2269 2132 2347 Georgium
2193 2268 2599 2343 monachum,
2658 2270 2842 2344 alios,
2901 2292 3028 2333 non
3085 2272 3207 2332 nisi
3262 2273 3560 2333 sexennio
3619 2277 3785 2350 post,

368 2376 630 2428 curante
686 2368 1057 2429 Sebastiano
1115 2366 1716 2446 Mabre-Cramoisy,
1777 2385 1854 2426 ex
1907 2366 2332 2446 typographia
2390 2367 2585 2447 Regia
2632 2369 2881 2429 a.1685
2941 2371 3002 2430 in
3063 2369 3269 2430 lucem
3329 2369 3614 2450 prolatus
3671 2375 3786 2428 est.

365 2465 576 2527 Editio
659 2465 940 2539 alterius,
1004 2465 1272 2524 Leonem
1335 2463 1841 2543 Michaelemque
1922 2464 2201 2524 Psellum
2284 2465 2698 2544 complexuri,
2785 2485 2982 2546 prope
3059 2467 3322 2546 triginta
3398 2467 3578 2527 annis
3647 2471 3795 2544 post

367 2564 704 2626 commissa
777 2569 872 2624 est
946 2561 1244 2623 Michaeli
1301 2564 1383 2622 Le
1442 2562 1662 2635 Quien,
1748 2580 1826 2622 ex
1903 2561 2150 2622 schedis
2217 2563 2694 2624 Combeiisianis
2768 2565 3142 2626 adornanda
3217 2583 3232 2626 :
3309 2565 3436 2626 vid.
3510 2563 3784 2624 Echard.

367 2663 691 2744 scriptorr.
725 2661 964 2722 ordinis
1011 2659 1419 2721 Praedicator.
1471 2661 1548 2734 II,
1609 2661 1751 2721 684.
1813 2663 1946 2721 Nec
2004 2660 2282 2739 segniter
2336 2661 2388 2720 is
2443 2679 2507 2721 se
2559 2661 2639 2722 ad
2697 2681 2858 2743 opus
2914 2664 3216 2738 admovit,
3274 2663 3364 2724 ita
3419 2667 3488 2724 ut
3543 2665 3667 2724 Leo
3722 2663 3788 2722 in

369 2759 797 2843 typographia
848 2760 1040 2839 Regia
1096 2758 1383 2820 formulis
1429 2757 1564 2836 jam
1625 2763 1869 2838 coeptus
1926 2757 2005 2818 sit
2051 2758 2346 2836 describi,
2406 2759 2666 2840 ipseque
2724 2763 2808 2822 Le
2860 2761 3059 2833 Quien
3112 2762 3199 2823 sic
3255 2761 3490 2822 habeat
3545 2760 3785 2821 Orient.

373 2860 683 2922 Christian
741 2863 792 2930 Ι,
853 2860 968 2920 255
1021 2876 1036 2918 :
1102 2857 1244 2933 Quae
1297 2855 1412 2917 Leo
1452 2856 1759 2918 Diaconus
1813 2864 2006 2934 refert
2061 2857 2121 2917 in
2181 2855 2473 2932 Historia,
2535 2859 2706 2937 cuius
2750 2879 2904 2940 pars
2949 2862 3108 2942 typis
3162 2861 3377 2940 Regiis
3421 2867 3558 2931 jam
3633 2858 3793 2919 edita

375 2969 478 3020 est.
544 2958 786 3020 Atenim
845 2957 1187 3019 intervenit
1252 2956 1652 3036 impressioni
1708 2956 2149 3035 ingravescens
2207 2954 2468 3031 bellum,
2527 2958 2698 3035 quod
2771 2959 2847 3018 de
2902 2958 3346 3038 Hispaniarum
3399 2958 3792 3018 successione

385 3063 622 3136 gestum
652 3063 761 3130 est,
817 3054 1270 3137 consiliumque,
1329 3060 1397 3116 ut
1453 3054 1670 3116 scribit
1725 3053 2052 3115 Echardus
2108 3054 2230 3114 loc.
2283 3055 2417 3129 cit.,
2477 3055 2640 3136 quod
2693 3055 2988 3118 Michaeli
3036 3056 3117 3116 Le
3175 3054 3364 3131 Quien
3420 3061 3790 3116 commissum

376 3165 506 3216 erat
529 3154 977 3238 exsequendum,
992 3155 1252 3236 jamque
1283 3153 1444 3235 typis
1474 3153 1684 3232 Regiis
1715 3153 2030 3234 inceptum,
2078 3151 2224 3214 bello
2256 3162 2377 3213 tum
2425 3155 2716 3214 atrociori
2761 3153 2980 3235 ubique
3024 3155 3324 3236 ﬂagrante
3380 3154 3782 3234 interruptum

369 3263 450 3314 est
477 3273 547 3316 ac
569 3258 907 3336 prolatum.
946 3256 1107 3333 Ergo
1163 3271 1368 3332 neque
1397 3252 1756 3313 Combeﬁsii
1785 3271 1979 3331 opera
2017 3270 2224 3330 neque
2259 3251 2605 3329 Lequienii,
2639 3270 2698 3311 a.
2737 3253 2914 3329 1733,
2948 3253 3074 3314 vita
3107 3252 3324 3325 functi,
3361 3251 3551 3312 Leoni
3582 3240 3792 3330 potuit

369 3352 687 3432 prodesse.
726 3355 802 3414 Et
860 3352 1074 3413 mirari
1112 3351 1280 3430 licet,
1314 3350 1606 3430 plagulas
1663 3350 1806 3411 illas
1863 3357 2012 3410 tunc
2068 3349 2406 3428 impressas
2454 3349 2787 3429 interiisse,
2834 3370 3032 3430 prope
3090 3351 3321 3424 dicam,
3380 3351 3443 3408 in
3489 3349 3783 3421 nihilum,

369 3470 574 3529 neque
604 3469 872 3531 usquam
898 3451 1033 3530 jam
1094 3467 1485 3530 comparere.
1521 3452 1655 3528 Ego
1685 3454 1853 3510 certe
1884 3453 2201 3509 scrutatus
2245 3465 2382 3507 sum
2439 3467 2579 3527 quas
2616 3449 2813 3527 potui,
2863 3457 2924 3509 et
2977 3449 3342 3528 perquisivi,
3376 3453 3786 3527 percontatus

369 3567 624 3629 quoque
655 3556 916 3629 agentes
947 3547 1388 3629 typographizn
1442 3549 1676 3626 Regius,
1732 3546 1900 3607 viros
1928 3565 2054 3607 non
2086 3546 2290 3606 solum
2347 3546 2760 3624 peritissimos
2787 3547 2938 3607 artis
2968 3566 3120 3624 suae,
3178 3565 3396 3607 verum
3458 3544 3791 3605 historicos

369 3667 648 3728 quoque,
685 3653 1372 3727 monumentorumque
1421 3645 1691 3708 ofﬁcinas
1749 3645 2031 3724 ipsorum
2082 3643 2525 3723 percuriosos:
2591 3644 2888 3723 reliquias
2951 3643 3244 3705 editionis
3299 3643 3470 3704 illius
3519 3642 3789 3721 inceptae

368 3745 579 3806 nullas
607 3745 787 3825 potui
816 3744 1116 3807 nancisci.
1149 3745 1544 3826 Quapropter
1575 3743 1733 3825 (XV)
1789 3742 2096 3822 suspicor,
2147 3741 2536 3821 exemplaria
2567 3760 2641 3803 ea
2672 3743 2768 3804 vel
2820 3761 2968 3804 casu
3027 3743 3242 3822 aliquo
3300 3740 3624 3822 peculiari,
3689 3739 3788 3803 vel

372 3845 524 3906 data
552 3863 768 3926 Opera,
803 3844 996 3906 fuisse
1028 3843 1254 3906 deleta.

453 4045 564 4106 ΙΙΙ.
598 4042 962 4123 Reliquerat
989 4041 1183 4121 igitur
1211 4041 1644 4116 Combeflsius,
1680 4060 1758 4103 ex
1788 4040 1909 4102 hac
1938 4039 2068 4100 vita
2119 4038 2424 4117 migrans,
2483 4056 2628 4100 cum
2682 4039 2805 4101 alia
2860 4038 3161 4121 praeclare
3216 4037 3517 4099 inchoata
3567 4038 3789 4114 multa,

372 4149 509 4206 tum
566 4143 940 4214 confectam,
1005 4147 1074 4202 ut
1132 4139 1401 4213 videtur,
1461 4139 1684 4201 Leonis
1739 4138 2056 4217 Psellique
2113 4136 2464 4197 versionem
2540 4137 2852 4198 Latinam.
2913 4137 3036 4198 Sed
3106 4136 3215 4196 illa
3277 4136 3511 4214 priora,
3580 4135 3796 4194 multis

372 4241 652 4320 undique
680 4239 744 4300 in
774 4239 1038 4301 schedas
1066 4238 1357 4300 exstincti
1387 4237 1817 4299 involantibus
1844 4237 1942 4317 (ut
1971 4237 2100 4296 fere
2131 4235 2200 4294 fit
2239 4235 2303 4295 in
2334 4235 2727 4296 eruditorum
2759 4235 2985 4315 obitu),
3017 4234 3320 4313 dissipata
3348 4239 3737 4293 evanuerunt
3774 4248 3790 4291 :

371 4339 722 4400 versionem
755 4338 979 4398 Leonis
1035 4355 1108 4398 ac
1174 4336 1358 4398 Pselli
1411 4335 1668 4398 Parisiis
1721 4336 1787 4396 in
1845 4334 2086 4395 aedibus
2142 4333 2265 4392 FF.
2329 4333 2884 4394 Dominicanorum
2944 4331 3025 4392 ad
3082 4331 3276 4390 vitam
3334 4331 3395 4392 S.
3458 4328 3790 4404 Honorati,

372 4437 482 4499 ubi
513 4437 640 4498 vita
672 4436 855 4498 cessit
883 4434 1314 4508 Combeﬁsius,
1353 4434 1586 4495 multos
1616 4452 1817 4495 annos
1871 4439 2255 4494 asservatam
2312 4448 2446 4490 esse
2502 4435 2771 4501 constat,
2825 4427 3088 4507 ejusque
3118 4427 3364 4506 c0piam
3407 4425 3556 4485 viris
3586 4425 3788 4486 doctis

373 4535 806 4615 compluribus
863 4534 1119 4594 factam.
1189 4534 1282 4594 lta
1338 4532 1498 4596 varii
1554 4533 1742 4593 variis
1799 4531 1951 4592 locis
2009 4552 2134 4593 non
2194 4532 2399 4593 solum
2457 4527 2838 4590 mentionem
2899 4527 3180 4586 fecerunt
3246 4524 3492 4596 Leonis,
3570 4541 3788 4584 verum

373 4634 546 4695 illius
597 4633 953 4712 fragmenta
1025 4629 1274 4711 scriptis
1351 4650 1604 4711 quoque
1679 4631 2080 4692 inseruerunt
2158 4631 2311 4692 suis.
2374 4627 2562 4691 Velut
2607 4625 2964 4687 Bandurius
3040 4626 3272 4704 Imper.
3329 4621 3633 4684 Orien'tal.
3710 4623 3785 4694 ll,

373 4732 518 4803 465,
576 4731 716 4802 480,
775 4732 916 4804 481,
977 4730 1116 4802 726,
1177 4729 1348 4807 728;
1412 4728 1775 4808 Ducangius
1833 4747 1976 4789 cum
2034 4729 2100 4789 in
2176 4726 2492 4790 Glossario
2551 4743 2676 4785 non
2755 4742 2882 4784 uno
2941 4723 3102 4796 loco,
3158 4727 3292 4782 tum
3369 4720 3434 4781 in
3493 4720 3661 4783 notis
3715 4719 3796 4780 ad

375 4833 685 4892 Zonaram
752 4831 826 4903 ΙΙ,
881 4830 981 4904 90,
1042 4827 1180 4903 103,
1246 4827 1383 4906 105,
1469 4827 1634 4901 107;
1735 4826 2005 4887 omnium

2167 4827 2374 4890 axime
2452 4829 2662 4885 autem
2744 4821 3062 4883 Francisc.
3146 4819 3376 4898 Pagius
3444 4819 3653 4881 Critic.
3731 4818 3797 4878 in

384 4929 648 4990 Annales
722 4927 979 4989 Baronii
1051 4927 1163 5007 ΙΙΙ,
1245 4927 1390 4999 873,
1457 4944 1584 4987 eam
1659 4932 1990 4987 versionem
2065 4944 2250 5007 opera
2339 4919 2650 4985 Bernardi
2733 4916 3152 4999 Montfauconi
3219 4937 3256 4979 a
3303 4937 3361 4978 se
3438 4915 3668 4995 lectam,
3746 4925 3805 4977 et

373 5028 579 5108 quoad
597 5025 912 5107 praecipua
936 5023 1139 5102 capita
1169 5024 1338 5106 (utor
1365 5025 1562 5104 ipsius
1596 5024 1822 5106 verbis)
1845 5023 2200 5106 descriptam
2227 5043 2343 5085 esse
2363 5038 2747 5093 asseverans,
2781 5019 2860 5078 ad
2885 5017 3213 5078 historiam
3241 5036 3387 5077 saec.
3414 5035 3454 5076 x
3485 5014 3798 5094 vergentis

371 5128 588 5190 certius
619 5123 1063 5187 illustrandum.
1097 5128 1186 5185 Ac
1216 5125 1500 5203 profecto
1532 5124 1668 5202 ejus
1699 5124 2068 5202 fragmentis
2099 5122 2344 5183 refersit
2375 5138 2518 5182 cum
2550 5125 2900 5180 extremum
2936 5123 3177 5177 tomum
3213 5115 3466 5176 tertium
3506 5113 3790 5173 Criticor.

373 5226 518 5295 873,
551 5226 690 5298 875,
723 5225 865 5294 876,
899 5231 1033 5285 tum
1066 5241 1360 5285 exorsum
1393 5223 1549 5283 tomi
1601 5223 1812 5300 quarti
1843 5225 1902 5283 3.
1937 5256 2013 5268 -
2039 5223 2138 5282 39.
2203 5221 2378 5284 Unde
2435 5219 2656 5280 eadem
2712 5216 2924 5276 hausit
2982 5215 3342 5294 partimque
3404 5210 3797 5288 transcripsit

372 5322 780 5385 Schloezerus
810 5325 876 5384 in
907 5321 1160 5383 Nestore
1187 5341 1237 5381 s.
1271 5321 1584 5381 Russisclze
1613 5319 1890 5381 Annalen
1933 5322 1990 5379 in
2023 5319 2194 5379 i/zrer
2252 5314 2714 5397 Grundsprache
2770 5336 2830 5374 u.
2866 5333 2912 5373 s.
2947 5333 3020 5372 w.
3072 5313 3134 5382 V,
3174 5313 3308 5379 125,
3343 5344 3418 5354 —
3450 5312 3586 5369 177.
3623 5308 3796 5369 Alios

371 5427 596 5484 contra
654 5422 914 5482 nimium
974 5419 1662 5500 quantum‘neglexisse
1710 5437 1786 5479 ea
1829 5422 2090 5496 questus
2146 5421 2240 5476 est
2294 5416 2519 5476 Saxius
2564 5418 2887 5474 Onomast.
2934 5429 3001 5482 ιι,
3056 5411 3191 5486 156,
3254 5405 3624 5466 nobilissima
3686 5404 3795 5465 illa

372 5531 739 5601 fragmenta,
820 5519 1035 5580 Latine
1088 5517 1272 5597 edita,
1329 5516 1619 5598 quomodo
1693 5515 1940 5576 subinde
1996 5515 2257 5574 homines
2325 5513 2605 5582 eruditos,
2691 5520 2972 5591 tanquam
3056 5506 3246 5570 Guill.
3330 5505 3485 5566 Cave
3558 5504 3790 5563 Histor.

373 5621 636 5681 litterar.
689 5619 1011 5698 scriptorr.
1074 5617 1417 5679 ecclesiast.
1491 5618 1568 5690 ΙΙ,
1633 5616 1768 5689 106,
1831 5613 2226 5696 inprimisque
2278 5611 2338 5672 J.
2399 5617 2480 5674 A.
2553 5609 2902 5670 Fabricium
2964 5607 3118 5666 Bibl.
3178 5605 3280 5663 Gr.
3334 5605 3435 5676 Vl,
3484 5602 3564 5681 (is
3623 5601 3788 5662 enim

375 5737 563 5786 verus
601 5723 695 5780 est
752 5733 1056 5779 numerus
1090 5734 1102 5776 :
1135 5713 1306 5797 apud
1355 5714 1613 5778 Saxium
1673 5713 1903 5794 legitur
1957 5711 2059 5793 V,)
2109 5713 2227 5774 353
2282 5719 2340 5772 et
2395 5711 2533 5772 XIII
2590 5711 2732 5789 788,
2796 5708 2976 5768 latere
3023 5702 3353 5786 potuerint,
3408 5700 3788 5782 cogitatione
