4128 6420
374 408 492 467 639
1628 403 1692 461 C.
1742 404 1812 463 B.
1864 403 2065 464 HASll
2108 404 2549 465 PR/EFATIO.
3677 402 3798 462 640

377 542 627 622 assequi
690 560 754 601 se
811 559 932 600 non
997 557 1202 618 posse.
1250 539 1524 599 Tametsi
1581 538 1645 598 in
1677 539 1774 599 his
1803 546 2080 601 erratum
2140 546 2233 601 est
2280 540 2478 619 ipsius
2525 539 2719 602 Saxii.
2782 543 2938 601 Nam
2985 539 3170 600 cadat
3211 539 3347 619 jam
3401 538 3538 615 ejus
3589 556 3802 616 repre-

378 643 599 703 hensio
656 640 718 699 in
779 639 1158 706 Fabricium,
1223 639 1401 716 cujus
1461 637 1782 698 volumina
1839 638 2127 700 exierunt
2195 640 2461 700 alterum
2542 659 2598 699 a.
2686 641 2861 712 1714,
2938 640 3204 700 alterum
3257 659 3316 698 a.
3381 638 3559 708 1726,
3624 637 3793 696 Guil.

375 743 580 801 Caveo
638 744 825 798 certe.
886 737 994 814 qui
1047 735 1292 814 scripsit
1351 754 1408 796 a.
1468 736 1644 809 1688,
1706 736 1856 796 vitio
1914 737 2132 816 nequit
2189 737 2346 813 dari,
2404 738 2574 816 quod
2624 743 2773 800 tunc
2828 738 3144 817 ignoravit
3229 757 3370 816 quae
3443 735 3675 813 Pagius
3733 752 3793 793 a.

376 840 530 898 1705
591 843 724 898 erat
784 835 1085 896 editurus.
1151 835 1269 895 Sed
1328 841 1398 894 ut
1454 840 1732 894 revertar
1784 835 1862 894 ad
1925 834 2274 896 versionem
2335 836 2883 908 Combefisianam,
2957 835 3336 916 superfuisse
3395 853 3469 894 ea
3542 833 3794 892 videtur

373 955 573 1015 usque
631 936 708 995 ad
771 942 1010 994 motum
1073 933 1467 1013 repentinum
1551 952 1675 1011 quo
1746 932 1947 993 Gallia
2026 939 2191 1009 tota,
2274 941 2571 1013 vergente
2642 936 2872 996 saeculo
2939 937 3282 1015 superiore,
3363 934 3625 994 confusa
3676 937 3790 992 est.

372 1037 549 1095 Tunc
635 1033 743 1093 illa
818 1033 955 1111 ipsa
1033 1031 1345 1111 procella,
1426 1050 1565 1108 qua:
1643 1030 1809 1091 viros
1879 1030 2102 1092 studiis
2177 1051 2247 1092 ac
2332 1032 2634 1094 doctrinis
2704 1033 3210 1112 exquisitioribus
3275 1032 3480 1092 claros
3566 1030 3795 1111 partim

378 1133 609 1211 dejecit
695 1133 772 1193 de
825 1137 989 1191 statu
1049 1130 1242 1208 omni,
1307 1129 1535 1209 partim
1596 1129 1951 1210 praecipites
2010 1130 2403 1208 perturbavit
2454 1151 2528 1191 ex
2564 1131 2820 1211 patria;
2883 1130 3069 1213 (XVI)
3129 1149 3254 1209 quo
3315 1131 3464 1191 ﬂatu
3535 1129 3801 1207 collegia

376 1230 684 1291 litteraria
744 1229 1146 1307 et‘religiosa
1204 1229 1494 1288 universa
1571 1226 1816 1301 evertit,
1895 1229 2109 1288 eodem
2182 1235 2248 1289 ut
2306 1231 2503 1289 multa
2580 1230 2704 1289 alia
2771 1229 3007 1308 ingenii
3068 1235 3498 1297 monumenta,
3559 1226 3797 1288 chartis

378 1327 721 1390 reconditis
798 1327 1121 1406 mandata,
1203 1326 1289 1386 sic
1354 1326 1504 1386 item
1579 1326 1835 1386 ultimas
1911 1327 2210 1406 reliquias
2284 1328 2633 1388 sedulitatis
2709 1329 3186 1390 Combcﬁsianae
3260 1325 3617 1404 dissipavit,
3684 1331 3795 1385 aut

369 1426 600 1487 obruit.
680 1427 860 1486 Certe
935 1443 1138 1505 neque
1216 1430 1348 1484 tum
1427 1443 1569 1484 cum
1648 1423 2076 1503 expilarentur
2151 1425 2410 1485 libraria
2488 1428 2605 1486 FF.
2691 1426 3272 1496 Dominicanorum,
3364 1442 3567 1502 neque
3645 1442 3787 1482 cum

369 1531 515 1605 post
571 1524 998 1604 surreptiones
1055 1523 1262 1583 varias
1320 1522 1462 1582 libri
1539 1523 1684 1583 inde
1760 1523 1990 1582 residui
2065 1541 2175 1602 per
2251 1523 2674 1585 bibliothecas
2751 1525 3026 1585 diversas
3097 1523 3541 1590 diriberentur,
3605 1521 3788 1599 quid-

371 1643 562 1703 quam
624 1624 700 1684 de
757 1623 1020 1702 repertis
1075 1621 1432 1683 Combefisii
1489 1621 1735 1681 schedis
1791 1621 2075 1681 auditum
2137 1627 2253 1694 est,
2313 1622 2542 1682 nedum
2605 1623 2682 1682 de
2733 1623 3126 1683 versionibus
3177 1623 3399 1682 Leonis
3453 1627 3513 1681 et
3543 1619 3782 1688 Pselli;

377 1740 518 1800 qua:
551 1720 650 1780 vel
682 1721 746 1779 in
781 1719 1018 1780 latebra
1081 1719 1294 1797 aliqua
1354 1717 1644 1796 ignorata
1703 1715 2082 1778 delitescunt
2137 1718 2367 1789 adhuc,
2427 1719 2524 1778 vel
2585 1719 2775 1800 (quod
2811 1720 3010 1799 magis
3058 1725 3151 1780 est
3181 1717 3502 1796 credibile)
3535 1715 3796 1776 omnino

372 1818 561 1879 hodie
591 1818 1066 1879 interciderunt.

465 1916 559 1976 1V.
613 1920 839 1989 Quare,
919 1915 1024 1976 ubi
1100 1913 1296 1975 semel
1347 1915 1407 1974 in
1458 1913 1740 1974 animum
1792 1913 2166 1974 induxeram
2232 1919 2505 1976 Leonem
2560 1917 2619 1975 in
2685 1917 2890 1978 lucem
2951 1917 3250 1996 proferre,
3318 1914 3453 1974 ﬁeri
3515 1913 3806 1992 Oportuit

367 2033 593 2076 novam
657 2013 1243 2092 interpretationem
1305 2012 1441 2091 ejus
1505 2013 1844 2073 Latinam:
1905 2019 2085 2073 extra
2142 2033 2346 2093 pauca
2423 2035 2563 2094 quae
2624 2035 2816 2095 supra
2875 2015 3024 2088 dixi,
3077 2015 3138 2074 in
3199 2013 3443 2076 Criticis
3497 2009 3793 2090 Pagianis

367 2118 763 2174 conservata.
821 2111 1057 2172 Deinde
1115 2111 1466 2190 conquisivi
1523 2130 1665 2189 qure
1721 2111 1800 2172 ad
1850 2111 2299 2173 illustrandum
2356 2113 2730 2193 scriptorem
2787 2119 3169 2194 spectarent.
3231 2113 3376 2187 Sed,
3411 2129 3604 2190 opera
3653 2110 3787 2187 jam

367 2212 495 2272 fere
556 2211 731 2291 prelo
792 2217 1036 2291 parate,
1099 2210 1454 2290 perspicere
1518 2210 1704 2289 coepi,
1767 2216 2037 2289 quantas
2100 2210 2236 2291 ejus
2290 2211 2481 2273 editio
2556 2213 2962 2273 difficultates
3031 2218 3194 2274 esset
3251 2211 3568 2280 habitura,
3650 2226 3791 2266 cum

368 2311 546 2384 alias,
595 2329 751 2389 quas
801 2309 901 2368 hic.
958 2309 1214 2369 definite
1272 2309 1528 2369 edisseri
1579 2309 1731 2388 quid
1791 2309 2073 2371 attinet?
2137 2315 2267 2370 tum
2325 2311 2823 2389 magnitudinem
2879 2311 3337 2391 impensarum,
3398 2309 3624 2387 quibus
3682 2323 3796 2367 nec

370 2409 602 2491 privati
673 2408 948 2487 cujusvis
1026 2409 1211 2468 unius
1281 2412 1694 2487 suppeterent
1751 2407 1934 2468 facile
2009 2407 2233 2487 copiae,
2294 2427 2407 2469 nec
2465 2415 2632 2470 certe
2695 2429 2874 2470 meae.
2959 2409 3338 2484 Accedebat,
3399 2413 3466 2466 ut
3523 2406 3656 2483 ipse
3727 2403 3790 2463 in

369 2506 756 2568 Bibliotheca
818 2505 1016 2583 Regia
1077 2505 1192 2565 sub
1249 2503 1312 2564 id
1371 2510 1622 2583 tempus
1680 2521 1880 2565 essem
1936 2505 2482 2584 occupatissimus,
2554 2507 2844 2567 notitiam
2922 2506 3108 2568 codd.
3171 2509 3405 2566 Greece.
3468 2522 3543 2563 ex
3608 2501 3791 2562 Italia

369 2623 588 2667 recens
619 2604 955 2664 allatorum
992 2603 1299 2663 conﬁcere
1332 2620 1592 2676 conans,
1625 2601 1879 2681 qualem
1914 2601 1992 2663 de
2024 2602 2208 2663 codd.
2243 2603 2626 2664 Florentinis
2665 2604 3030 2678 Bandinius,
3067 2604 3141 2665 de
3196 2599 3794 2664 Vindobonensibus

368 2701 740 2766 Lambecius
819 2701 1176 2762 ediderunt.
1257 2700 1708 2774 Quamobrem,
1783 2719 1908 2779 quo
1985 2700 2207 2761 saltem
2306 2701 2748 2781 intelligerem,
2829 2703 3016 2782 quale
3103 2702 3381 2762 virorum
3459 2699 3791 2759 doctorum

360 2801 672 2883 judicium
726 2801 1009 2862 futurum
1071 2805 1234 2860 esset
1291 2801 1368 2860 de
1422 2801 1652 2873 Leone,
1689 2798 1841 2859 satis
1895 2803 2045 2860 tunc
2101 2799 2318 2873 habui,
2379 2799 2612 2861 librum
2671 2807 2941 2874 sextum,
2997 2806 3067 2861 ut
3123 2805 3255 2860 erat
3307 2818 3345 2859 a
3378 2817 3477 2858 me
3549 2814 3790 2872 versus,

367 2919 648 2961 seorsum
705 2898 1064 2980 speciminis
1113 2916 1302 2960 causa
1334 2898 1397 2958 in
1429 2897 1631 2958 lucem
1688 2899 1969 2978 proferre
2027 2896 2264 2959 Notice:
2293 2907 2348 2959 et
2381 2899 2673 2961 Extraz'ts
2723 2898 2822 2960 des
2878 2899 3017 2960 Mss.
3055 2896 3125 2958 de
3173 2898 3232 2959 la
3263 2896 3678 2978 Bibliothéque
3709 2895 3788 2955 du

371 2999 502 3073 Rei,
567 3003 686 3060 etc.
719 2999 880 3073 VIII,
931 3001 1048 3058 254
1075 3033 1154 3042 —
1175 2999 1314 3058 296.
1349 2998 1564 3076 Neque
1596 2997 1944 3077 quidquam
1977 2997 2241 3076 posthac
2274 2998 2568 3078 preprius
2592 3003 2684 3059 est
2713 2998 2975 3075 factum,
3008 3015 3194 3077 quam
3236 3002 3305 3057 ut
3334 2993 3780 3074 cogitationem

365 3096 662 3158 editionis
691 3097 953 3175 integrae
984 3095 1241 3156 omnino
1273 3094 1679 3156 dimitterem.
1713 3094 1974 3173 Aliquot
2003 3094 2153 3155 anni
2185 3113 2326 3155 cum
2362 3095 2449 3158 sic
2480 3096 2892 3172 effluxissent,
2931 3115 3029 3156 me
3072 3095 3210 3156 aliis
3258 3092 3788 3154 sollicitudinibus

366 3195 664 3273 curisque
722 3193 1015 3271 distento,
1077 3211 1222 3254 ecce
1277 3193 1372 3253 vir
1449 3193 1696 3270 doctus,
1746 3211 1879 3271 quo
1953 3211 2139 3253 nemo
2199 3194 2373 3255 omni
2431 3194 2830 3276 antiquitatis
2894 3191 3407 3274 septentrionalis
3482 3189 3790 3251 memoria

366 3292 821 3367 abundantior,
872 3310 1058 3352 nemo
1087 3291 1150 3351 in
1209 3289 1634 3352 monumentis
1690 3289 1967 3351 historiae
2026 3291 2303 3353 Russicm
2352 3293 2810 3367 examinandis,
2873 3291 3339 3372 comparandis,
3399 3285 3789 3368 explicandis

359 3391 608 3452 acutior
626 3396 738 3452 aut
767 3390 1029 3464 felicior,
1064 3390 1396 3470 Philippus
1440 3391 1634 3465 Kaue,
1689 3389 2047 3450 Academiae
2097 3391 2449 3470 Imperialis
2496 3391 2901 3453 scientiarum
2950 3391 3442 3472 Petropolitanaa
3487 3387 3676 3449 decus
3725 3391 3789 3448 et

359 3497 824 3565 ornamentum,
859 3489 1022 3550 ultro
1047 3507 1143 3550 me
1177 3488 1398 3550 litteris
1430 3488 1585 3548 mire
1612 3487 1808 3567 puris,
1835 3487 2077 3562 amicis,
2109 3489 2392 3551 candidis
2413 3490 2590 3562 adiit,
2616 3491 2901 3571 nihilque
2931 3490 3222 3572 opinanti
3249 3483 3788 3559 commonstravit,

360 3589 898 3668 quemadmodum
924 3588 1012 3648 rei
1041 3587 1284 3667 pridem
1318 3587 1622 3648 instituta:
1653 3586 1938 3666 expediri
1969 3586 2172 3648 exitus
2202 3594 2430 3668 posset.
2471 3591 2708 3668 Nempe
2752 3589 3000 3670 imperii
3032 3588 3278 3652 Russici
3309 3584 3784 3654 cancellarium,

365 3692 512 3755 etc.,
546 3686 637 3746 ill.
672 3687 965 3746 comitem
996 3686 1323 3746 Nicolaum
1356 3702 1433 3746 DE
1464 3687 1857 3759 ROIANZOFF,
1882 3685 2112 3761 virum,
2149 3691 2218 3748 ut
2250 3685 2420 3747 omni
2471 3672 2845 3766 magnarum
2877 3707 3085 3748 rerum
3144 3687 3332 3747 laude
3369 3683 3786 3745 cumulatum,

369 3783 460 3844 ita
516 3788 734 3844 natum
793 3783 1215 3863 provehendis
1272 3783 1639 3844 liberalibus
1696 3784 1941 3857 studiis,
2003 3803 2146 3845 cum
2204 3784 2269 3844 in
2331 3803 2558 3846 manus
2616 3784 2752 3863 ejus
2821 3785 3144 3846 incidisset
3199 3783 3514 3862 specimen
3575 3779 3790 3860 (XVII)

367 3881 598 3942 Leonis
675 3881 737 3940 in
798 3880 1049 3941 Notitiis
1103 3882 1251 3942 Mss.
1314 3881 1576 3957 editum,
1657 3887 1900 3962 optare,
1961 3888 2033 3943 ut
2086 3883 2358 3962 scriptor
2413 3890 2582 3944 totus
2639 3883 2700 3942 in
2760 3883 2963 3943 lucem
3043 3883 3438 3960 proferatur:
3499 3887 3789 3954 sumptus

370 3977 759 4040 necessarios
815 3979 1107 4039 eumdem
1161 3978 1809 4040 subministraturum.
1880 3979 2139 4041 Miriﬁce
2195 3979 2391 4058 igitur
2447 3979 2796 4040 delectatus
2854 3979 2976 4038 hoc
3033 3976 3277 4048 nuntio,
3333 3975 3532 4035 multo
3577 3972 3784 4032 acrius

365 4075 571 4138 exarsi
630 4076 710 4137 ad
767 4076 1178 4156 cupiditatem
1250 4076 1478 4137 edendi
1536 4078 1793 4157 operis:
1853 4077 2178 4158 ipsiusque
2254 4077 2483 4137 illustr.
2547 4077 2793 4138 comitis
2848 4076 3074 4137 litteris
3128 4074 3321 4154 paulo
3385 4077 3529 4153 post
3585 4069 3787 4146 magis

361 4175 550 4235 etiam
601 4174 1035 4253 confirmatus,
1099 4174 1403 4254 evestigio
1457 4194 1638 4236 orsus
1668 4195 1804 4236 sum
1855 4174 2222 4237 editionem.
2281 4178 2503 4256 Neque
2555 4175 2811 4237 aliunde
2860 4174 3399 4256 amplissimorum
3461 4169 3788 4231 hominum

364 4273 520 4334 mihi
575 4273 776 4336 defuit
828 4274 1112 4334 studium
1172 4281 1282 4334 aut
1339 4275 1653 4335 voluntas.
1712 4277 1869 4335 Nam
1929 4280 1992 4336 et
2050 4274 2143 4334 vir
2195 4293 2481 4335 summus
2552 4293 2763 4335 comes
2819 4291 2894 4335 DE
2970 4275 3432 4344 MONTESQUIOU,
3503 4267 3786 4330 Franciae

361 4389 502 4452 par,
566 4371 730 4452 regis
778 4371 1293 4434 Christianissimi
1346 4373 1745 4433 consiliarius
1786 4373 2068 4446 intimus,
2131 4391 2275 4433 cum
2345 4373 2956 4434 administrationem
3031 4371 3419 4442 interiorem,
3479 4376 3548 4428 ut
3615 4384 3784 4426 nunc

364 4488 689 4543 vocamus,
769 4471 832 4530 in
910 4471 1110 4531 Gallia
1187 4469 1471 4541 haberet,
1551 4471 1877 4550 redempto
1955 4470 2440 4549 exemplarium,
2515 4477 2582 4532 ut
2658 4471 2859 4545 aiunt,
2931 4489 3197 4532 numero
3275 4466 3449 4528 haud
3525 4464 3780 4542 exiguo,

365 4569 904 4646 expeditissimum
966 4568 1230 4630 reddere
1287 4573 1490 4629 totum
1549 4569 1959 4650 imprimendi
2019 4570 2350 4647 negotium
2411 4571 2710 4649 dignatus
2769 4576 2905 4630 est:
2955 4587 3145 4649 quam
3203 4566 3339 4646 ejus
3395 4563 3785 4625 voluntatem

366 4679 572 4734 ratam
642 4675 787 4736 fecit
843 4680 986 4754 post
1034 4694 1177 4736 eum
1231 4676 1453 4736 eodem
1513 4694 1770 4737 munere
1827 4677 2094 4755 fungens
2150 4676 2239 4737 ill.
2301 4677 2484 4739 Dom.
2537 4696 2746 4740 comes
2801 4677 3098 4755 DECAZES,
3159 4679 3308 4747 etc.,
3361 4671 3785 4733 immortalem

360 4771 617 4832 laudem
676 4790 1076 4852 comparans,
1126 4774 1276 4835 dum
1306 4773 1547 4836 litteras
1578 4780 1638 4836 et
1669 4774 1981 4850 scientias,
2046 4775 2434 4856 omninoque
2465 4776 2664 4838 bonas
2721 4775 2976 4854 quasvis
3028 4771 3392 4850 disciplinas
3421 4771 3483 4831 in
3518 4770 3786 4832 Francia

363 4870 591 4931 ﬂorere
621 4875 811 4949 atque
836 4871 1048 4932 ornari
1070 4872 1242 4934 omni
1284 4877 1515 4934 conatu
1546 4879 1726 4934 curat
1756 4890 1771 4934 :
1807 4880 1871 4934 et
1901 4874 1993 4934 vir
2023 4874 2400 4947 eruditione,
2435 4874 2836 4947 auctoritate,
2863 4871 3202 4932 virtutibus
3227 4869 3780 4943 eminentissimus,

363 4967 670 5030 doctrinae
735 4970 1069 5031 Orientalis
1146 4990 1258 5050 per
1313 4971 1530 5032 orbem
1587 4978 1899 5033 terrarum
1951 4972 2266 5052 princeps,
2325 4972 2486 5032 liber
2563 4973 2724 5032 Baro
2779 4971 3120 5031 SILVESTER
3179 4983 3262 5028 DE
3314 4965 3496 5039 SACY,
3562 4970 3788 5026 Hector

360 5068 801 5131 Universitatis
832 5069 1219 5144 Parisiensis,
1254 5070 1669 5131 institutionis
1699 5071 1969 5150 publicae
2004 5069 2463 5132 constituendae
2493 5071 2662 5144 Vvir,
2708 5067 2946 5130 ordinis
2974 5071 3124 5145 Reg.
3187 5065 3481 5144 Legionis
3508 5063 3782 5142 honorif,
3832 5102 3840 5110 -

363 5169 724 5247 praefectus,
760 5168 1117 5230 Academiae
1145 5173 1302 5246 Reg.
1337 5167 1656 5247 Inscriptt.
1691 5173 1753 5229 et
1781 5169 2084 5231 litterarr.
2144 5169 2407 5230 human.
2445 5169 2644 5230 sodal.
2679 5175 2826 5242 etc.,
2856 5167 3216 5227 interventu
3247 5182 3360 5225 suo
3391 5163 3689 5240 obtinuit,
3722 5172 3790 5227 ut

361 5264 427 5325 in
479 5266 904 5346 typographia
963 5267 1155 5345 Regia
1213 5270 1334 5327 Leo
1366 5265 1654 5326 formulis
1713 5267 2198 5329 describeretur.
2235 5267 2350 5342 Ita,
2388 5265 2485 5328 his
2515 5266 2810 5347 auspiciis
2840 5264 3114 5342 incepta,
3174 5260 3413 5322 biennii
3468 5263 3674 5342 spatio
3707 5265 3785 5325 ad

363 5363 601 5424 exitum
653 5364 928 5426 adducta
955 5363 1285 5443 impressio
1335 5369 1430 5423 est
1462 5380 1478 5422 :
1515 5363 1756 5425 tardius
1787 5365 2056 5426 fortasse
2111 5385 2301 5445 quam
2359 5366 2670 5439 volebam,
2727 5362 2988 5441 obsequi
3043 5359 3344 5420 continuo
3404 5363 3593 5421 tantis
3641 5361 3791 5422 viris

356 5461 888 5538 jucundissimum
947 5462 1318 5524 existimans
1353 5477 1366 5519 :
1402 5460 1552 5520 satis
1611 5461 1759 5538 cito,
1792 5463 1841 5523 si
1873 5463 2105 5524 molem
2164 5462 2502 5524 voluminis
2533 5463 2979 5539 difficilemque
3012 5458 3322 5519 rationem
3353 5461 3794 5520 commentarii

363 5557 930 5639 characterumque
961 5561 1320 5620 Graecorum
1354 5563 1618 5636 spectes.

445 5654 518 5712 V.
556 5656 755 5718 Venio
807 5677 976 5719 nunc
1034 5657 1115 5718 ad
1146 5673 1221 5716 ea
1273 5674 1414 5734 quae
1471 5663 1763 5719 constant
1821 5660 1899 5719 de
1954 5660 2084 5721 vita
2138 5659 2383 5736 Leonis,
2449 5679 2653 5742 pauca
2699 5676 2872 5733 sane,
2932 5673 3049 5717 nec
3097 5654 3345 5716 diversa
3394 5657 3523 5718 fere
3575 5656 3655 5716 ab
3711 5655 3786 5714 iis

381 5765 521 5825 qum
579 5752 799 5815 Notitt.
857 5757 1003 5817 Mss.
1065 5755 1231 5827 VIII,
1287 5753 1424 5829 257,
1489 5755 1734 5835 pridem
1793 5758 2004 5836 protul

2152 5757 2309 5819 itam
2387 5761 2512 5821 Leo
2570 5759 2727 5821 adiit
2779 5756 2992 5829 Caloe,
3052 5752 3180 5833 (τῆς
3213 5752 3514 5824 Καλοητῶν
3545 5747 3782 5817 πόλεως,
