4128 6454
382 430 496 489 641
1631 428 1699 488 C.
1746 428 1816 489 B.
1861 427 2012 492 HAS

2189 428 2539 492 RJEFATIO
3700 445 3819 502 642

387 560 476 617 Le
507 551 708 625 Quien
761 551 1003 613 Orient.
1056 550 1288 613 Christ.
1337 552 1385 612 Ι.
1431 550 1600 631 726.)
1645 570 1787 632 quas
1818 553 2039 614 civitas
2086 558 2179 615 est
2219 554 2384 616 Asiaa
2434 553 2903 634 proconsularis
2951 554 3015 615 in
3063 557 3286 620 Tmolo
3338 569 3572 641 monte,
3619 585 3817 647 prope

378 656 622 716 fontem
680 652 927 732 Caystri
984 651 1188 713 amnis
1233 652 1420 733 (infra
1467 650 1561 732 2*)
1606 673 1618 712 :
1671 652 1724 712 is
1774 659 2010 713 tractus
2063 653 2270 714 omnis
2321 653 2585 714 themati
2633 652 3091 716 Thracensium
3145 663 3292 719 tunc
3337 664 3814 728 accensebatur.

371 755 461 814 De
540 758 874 831 parentum
951 750 1315 810 conditione
1385 769 1509 809 non
1588 749 1898 812 habemus
1973 752 2146 830 quod
2221 753 2462 831 liqueat
2528 769 2541 811 :
2625 751 2789 831 patri
2848 771 3076 814 nomen
3157 757 3374 818 Basilii
3428 761 3618 823 fuisse
3681 765 3817 844 ipse

376 851 465 911 ait
521 854 580 926 2,
636 868 710 910 ac
770 847 1040 928 primam
1119 847 1372 926 quidem
1453 847 1774 908 aetatulam
1836 849 1900 908 in
1977 850 2185 928 patria
2245 857 2706 929 parentumque
2765 849 3098 928 disciplina
3172 854 3419 915 videtur
3481 862 3809 939 exegisse:

371 948 516 1020 inde
573 947 928 1008 studiorum
984 964 1174 1006 causa
1247 947 1860 1026 Constantinopolim
1921 953 2228 1026 tanquam
2291 949 2366 1008 ad
2429 949 2689 1008 domum
2763 949 3107 1027 quamdam
3179 953 3492 1016 doctrinas
3567 962 3812 1036 profec-

373 1051 499 1121 tus,
560 1046 646 1106 ibi
719 1065 756 1108 a
806 1047 945 1122 966,
1011 1064 1207 1105 mens.
1277 1045 1507 1124 April.,
1578 1064 1758 1106 sacro
1833 1045 2100 1106 solemni
2166 1047 2590 1122 Ascensionis,
2663 1053 2835 1106 motu
2907 1048 3197 1126 p0pulari
3256 1050 3319 1110 in
3389 1054 3810 1134 Nicephorum

373 1145 622 1218 effecto,
707 1143 1154 1222 imperatorem
1226 1142 1542 1222 gradatim
1620 1161 1730 1222 per
1813 1143 2032 1204 urbem
2109 1145 2502 1223 equitantem
2589 1145 2942 1222 conspexit,
3035 1145 3454 1227 virtutemque
3531 1154 3666 1232 ejus
3749 1163 3813 1218 et

370 1245 565 1306 animi
616 1241 980 1304 ﬁrmitatem
1041 1241 1286 1322 [XVIII]
1360 1242 1418 1301 vi
1483 1242 1718 1302 furiosa
1789 1241 1990 1321 plebis
2055 1241 2415 1320 perturbari
2489 1242 2986 1322 haudquaquam
3055 1263 3234 1322 posse
3271 1248 3616 1313 admiratus
3687 1262 3802 1319 est.

376 1347 523 1404 Haec
581 1361 646 1402 se
701 1340 1172 1402 adolescentulo
1227 1339 1526 1400 accidisse
1581 1339 1796 1400 scribit
1845 1341 1944 1399 40.
2013 1342 2104 1400 ita
2133 1340 2185 1400 si
2215 1339 2574 1413 statuimus,
2641 1359 2699 1400 a.
2761 1342 2878 1401 966
2937 1359 3080 1401 cum
3140 1343 3340 1421 egisse
3399 1367 3634 1411 annum
3687 1355 3808 1413 cir-

374 1441 531 1502 citer
572 1445 818 1501 sextum
868 1446 929 1499 et
971 1438 1308 1509 decimum,
1363 1439 1670 1516 sequitur,
1715 1443 1933 1498 natum
1984 1455 2116 1498 esse
2155 1438 2272 1498 sub
2321 1457 2378 1499 a.
2422 1440 2561 1498 950.
2609 1440 2785 1500 Circa
2831 1458 2887 1498 a.
2938 1442 3079 1511 973,
3122 1461 3272 1520 quo,
3321 1445 3550 1508 Basilio
3583 1469 3810 1513 exauc-

373 1545 606 1612 torato,
673 1536 980 1598 Antonius
1038 1535 1399 1612 patriarcha
1451 1541 1700 1596 creatus
1758 1543 1872 1606 est,
1938 1537 2000 1595 in
2054 1535 2200 1596 Asia
2261 1537 2407 1596 fuit:
2470 1537 2558 1596 ibi
2614 1544 2780 1598 certe
2833 1538 3138 1615 gemellos
3189 1549 3641 1619 monstruosos,
3693 1551 3810 1610 im.

376 1639 536 1718 perii
595 1635 950 1716 provincias
1005 1635 1331 1706 obeuntes,
1401 1633 1622 1694 crebro
1681 1652 1747 1694 se
1811 1633 2039 1693 vidisse
2101 1633 2295 1693 tradit
2364 1637 2497 1695 10:2.
2571 1638 2721 1695 Post
2794 1633 3118 1713 aliquanto
3175 1637 3238 1697 in
3300 1641 3636 1720 collegium
3703 1667 3804 1708 sa-

373 1737 702 1797 cerdotum
763 1731 1190 1812 palatinorum
1246 1731 1502 1802 ascitus,
1567 1750 1625 1791 a.
1685 1733 1822 1802 981,
1885 1750 2026 1791 cum
2094 1732 2364 1792 Basilius
2422 1732 2576 1811 imp.
2642 1751 2872 1809 magno
2943 1743 3258 1813 apparatu
3327 1741 3618 1818 Bulgaris
3674 1745 3806 1806 bel-

379 1833 512 1894 lum
569 1833 848 1903 inferret,
888 1829 1236 1909 castrisque
1289 1831 1365 1890 ad
1427 1828 1802 1908 Stoponium
1871 1829 2092 1908 positis
2149 1830 2530 1890 'l‘riaditzam
2586 1839 2986 1909 oppugnaret
3043 1833 3247 1910 (Cedr.
3307 1837 3387 1896 II.
3447 1841 3614 1920 695),
3670 1843 3804 1905 dia-

386 1930 528 1993 coni
586 1947 837 1990 munere
898 1929 1165 2006 fungens
1217 1934 1466 1989 secutus
1537 1927 1908 1988 comitatum
1959 1934 2092 1988 est:
2147 1927 2628 2009 legionibusque
2693 1935 3035 1989 retrorsum
3092 1934 3311 2010 raptis,
3368 1954 3509 1996 cum
3570 1943 3805 2002 exerci-

385 2037 485 2091 tus
538 2028 905 2108 perterritus
961 2027 1345 2088 interneciva
1401 2027 1579 2087 clade
1634 2027 1697 2086 in
1759 2026 1984 2087 itinere
2044 2028 2419 2100 afficeretur,
2476 2027 2608 2105 ipse
2668 2045 2702 2087 e
2754 2028 3174 2105 Bulgarorum
3232 2033 3511 2111 undique
3569 2056 3799 2115 provo-

378 2127 645 2188 lantium
704 2125 994 2186 manibus
1049 2124 1220 2207 (107)
1280 2143 1444 2204 aegre
1504 2125 1721 2186 evasit.
1784 2125 1988 2195 Quare
2045 2125 2272 2204 opinor
2328 2126 2391 2184 in
2449 2125 2746 2198 Historia,
2810 2127 3056 2204 quoties
3113 2129 3352 2190 Mmsim
3414 2136 3799 2197 mentionem

373 2226 524 2287 facit
553 2224 756 2305 (velut
812 2223 936 2303 38),
995 2229 1262 2284 tremere
1317 2231 1378 2284 et
1436 2223 1836 2284 exalbescere
1895 2228 2198 2302 tanquam
2260 2222 2508 2302 objecta
2567 2223 2831 2283 terribili
2890 2242 2955 2284 re
3017 2225 3286 2306 videtur,
3347 2230 3504 2289 nihil
3561 2238 3630 2293 ut
3695 2237 3798 2310 sit,

371 2323 544 2402 quod
607 2341 785 2403 reque
832 2322 887 2382 ei
942 2321 1344 2382 formidinem
1402 2321 1573 2382 dicas
1625 2320 1945 2399 injecisse.
2007 2321 2203 2393 Quem
2275 2327 2492 2400 postea
2561 2321 2835 2381 tenuerit
2892 2321 3034 2382 vitae
3094 2342 3346 2385 cursum
3407 2346 3609 2408 neque
3664 2333 3801 2410 ipse

366 2422 629 2496 indicat,
679 2437 888 2499 neque
939 2419 1046 2480 alii
1095 2420 1385 2480 tradunt:
1441 2420 1558 2480 nisi
1609 2439 1756 2481 vero
1811 2419 1864 2480 si
1910 2420 2052 2498 quis
2101 2426 2218 2497 est,
2275 2419 2381 2498 qui
2430 2418 2650 2480 addita
2703 2419 2958 2480 demum
3009 2427 3194 2483 aetate
3252 2444 3288 2484 a
3341 2444 3549 2488 rerum
3601 2431 3798 2492 eccle-

363 2519 762 2581 siasticarum
819 2536 971 2578 cura
1031 2536 1176 2578 eum
1223 2518 1562 2579 abduxisse
1619 2536 1754 2578 sese
1811 2523 2009 2597 putet,
2041 2522 2232 2596 atque
2289 2519 2354 2576 in
2412 2535 2749 2590 secessum,
2812 2519 3102 2581 Historiae
3170 2523 3516 2586 condendas
3570 2547 3790 2605 causa,

365 2636 431 2678 se
463 2618 799 2698 recepisse.
861 2619 1119 2677 Constat
1179 2622 1367 2686 certe,
1428 2635 1553 2678 non
1615 2616 1815 2677 exisse
1873 2615 2280 2693 scriptionem
2340 2621 2486 2676 ante
2545 2635 2602 2676 a.
2669 2615 2808 2690 989,
2871 2636 2996 2695 quo
3046 2619 3284 2680 Bardas
3342 2622 3582 2686 Phocas
3639 2645 3792 2688 con-

369 2725 468 2778 tra
520 2716 820 2777 Basilium
870 2717 1025 2795 imp.
1086 2715 1400 2775 rebellans
1446 2733 1786 2793 oppressus
1845 2721 1973 2774 est:
2036 2713 2271 2792 quippe
2322 2713 2459 2792 ejus
2515 2714 2806 2774 interitus
2860 2716 3132 2777 refertur
3187 2720 3323 2779 108.
3388 2723 3792 2802 Expugnatio

373 2814 730 2884 Chersonis,
791 2815 868 2874 de
928 2831 1055 2892 qua
1117 2815 1249 2883 108,
1307 2817 1370 2873 et
1427 2831 1594 2872 mors
1657 2811 1869 2871 Basilii
1929 2812 2212 2890 praesidis
2281 2810 2470 2890 (106),
2543 2830 2708 2871 anno
2769 2818 2916 2871 ante
2983 2815 3366 2877 acciderunt.
3427 2822 3589 2880 Num
3645 2841 3796 2884 con-

373 2913 581 2974 silium
655 2913 842 2973 fuerit
917 2911 1132 2985 Leoni,
1187 2911 1354 2971 ultra
1427 2909 1748 2971 'l‘zimiscaa
1823 2915 2090 2969 mortem
2168 2909 2478 2968 deducere
2551 2907 2906 2980 historiam,
2983 2911 3261 2973 dubitari
3333 2921 3557 2992 potest.
3637 2922 3794 2982 Nam

385 3012 556 3091 quod
619 3011 834 3072 scribit
891 3011 1028 3082 100,
1104 3011 1291 3080 mala,
1363 3028 1474 3089 per
1539 3007 1786 3068 stellam
1855 3007 2143 3067 crinitam
2214 3011 2701 3086 praemonstrata
2769 3005 2936 3087 (quae
3001 3016 3221 3087 postea
3289 3013 3522 3075 Basilio
3587 3017 3796 3097 impe-

383 3115 560 3171 rante
607 3109 998 3189 evenerunt),
1047 3129 1161 3169 suo
1214 3109 1494 3188 quidque
1552 3108 1770 3168 ordine
1830 3107 1908 3167 ab
1963 3105 2227 3166 historia
2284 3104 2522 3165 dictum
2567 3105 2666 3174 iri,
2723 3105 2785 3164 id
2818 3106 3081 3168 fortasse
3140 3127 3265 3169 non
3298 3111 3384 3170 sic
3441 3113 3800 3194 intelligen-

380 3207 524 3269 dum
584 3221 696 3283 est,
758 3208 939 3288 quasi
995 3209 1129 3287 ipse
1188 3208 1306 3268 sibi
1358 3225 1432 3268 ea
1489 3211 1825 3287 seponeret
1874 3205 2216 3276 narranda,
2269 3204 2374 3264 sed
2433 3203 2804 3282 generatim,
2867 3203 3006 3264 aliis
3065 3223 3134 3268 ea
3195 3207 3608 3288 scriptoribus
3667 3233 3794 3276 ma-

377 3307 601 3368 teriam
635 3307 886 3369 dicendi
919 3307 1286 3386 praebitura.

453 3426 568 3485 Vl.
620 3426 786 3504 Ergo
837 3423 958 3484 tria
1016 3423 1409 3504 potissimum
1463 3423 1668 3496 bella,
1731 3421 2065 3496 Creticum,
2120 3418 2494 3489 Asiaticum,
2548 3418 2922 3493 Russicum,
2977 3418 3387 3482 formidolosa
3435 3430 3626 3505 atque
3683 3429 3801 3489 dif-

374 3522 590 3596 ficilia,
650 3522 986 3583 scribenda
1043 3521 1159 3582 sibi
1211 3522 1499 3601 sumpsit,
1562 3521 1913 3600 aﬂ‘erreque
1967 3519 2178 3578 lumen
2240 3517 2441 3576 voluit
2496 3516 2693 3594 rebus
2748 3535 2860 3576 sua
2917 3522 3101 3578 aetate
3161 3517 3532 3602 (959—975)
3580 3526 3794 3602 gestis.

361 3619 490 3680 Sed
546 3626 637 3680 est
691 3639 988 3698 magnum
1049 3639 1278 3680 munus
1349 3619 1644 3698 historia,
1685 3625 1746 3680 et
1799 3638 1875 3679 ex
1931 3617 2105 3678 omni
2147 3615 2474 3695 scripturae
2533 3632 2763 3693 genere
2825 3633 3022 3694 prope
3067 3615 3270 3676 dicam
3323 3618 3792 3704 difficillimum,

356 3717 525 3779 Sunt
591 3718 924 3797 unicuique
987 3719 1218 3780 saeculo
1289 3736 1419 3779 suae
1486 3717 1801 3778 caecitates
1858 3715 2134 3776 mentis:
2197 3719 2294 3786 ut,
2356 3712 2641 3792 quamvis
2698 3718 2927 3773 caetera
2984 3713 3236 3775 ratione
3300 3723 3472 3778 recta
3522 3717 3795 3798 judicct,

358 3815 425 3877 in
479 3815 858 3896 quibusdam
917 3823 1128 3878 tamen
1187 3817 1415 3878 erroris
1472 3822 1664 3896 atque
1722 3813 2122 3877 hebetudinis
2182 3813 2262 3872 sit
2329 3812 2917 3872 condemnandum.
2982 3812 3306 3874 Infinitam
3378 3817 3501 3876 vim
3561 3819 3798 3886 habent

357 3914 732 3993 religiones,
813 3914 1101 3976 instituta
1148 3963 1162 3991 ,
1243 3916 1591 3989 factiones,
1669 3919 1914 3975 sectae:
1973 3931 2098 3973 non
2179 3912 2373 3986 [XIX]
2456 3929 2581 3970 uno
2656 3911 2841 3972 modo
2919 3911 3274 3990 praestringi
3350 3915 3516 3977 acies
3575 3921 3799 3979 mentis

369 4012 532 4073 solet
589 4013 836 4073 saeculis
895 4013 1078 4073 cultis
1150 4019 1211 4074 et
1286 4013 1577 4086 eruditis,
1642 4011 1872 4072 nedum
1931 4009 2171 4089 asperis
2237 4015 2299 4068 et
2371 4008 2814 4068 tenebricosis.
2872 4009 3152 4082 Accedit,
3220 4017 3288 4070 ut
3353 4013 3581 4074 Leonis
3647 4021 3798 4076 aetas

371 4110 803 4189 eloquentiam
864 4115 1126 4189 poneret
1184 4111 1242 4170 in
1314 4110 1562 4183 ﬂorida,
1627 4117 1698 4170 ut
1752 4111 1840 4170 ita
1896 4109 2124 4178 dicam,
2190 4105 2514 4167 oratione:
2577 4125 2721 4166 cum
2795 4125 3088 4184 magnam
3131 4127 3194 4168 sc
3250 4109 3513 4190 quisque
3573 4113 3636 4173 in
3700 4115 3796 4176 di-

369 4208 572 4268 cendo
627 4207 877 4268 laudem
947 4209 1243 4288 adeptum
1308 4215 1580 4288 putaret,
1654 4209 1728 4282 si,
1794 4207 1992 4268 multa
2051 4203 2392 4266 acervatim
2467 4204 2836 4282 complexus
2892 4213 3284 4280 ornamenta,
3347 4210 3611 4286 poetica:
3670 4213 3796 4274 dic-

367 4305 558 4365 tionis
615 4305 1021 4366 aemulatione
1074 4308 1520 4386 grandioribus
1588 4307 1812 4386 verbis,
1868 4311 1930 4365 et
1985 4305 2183 4376 duris,
2248 4322 2324 4363 ne
2381 4303 2612 4380 ineptis
2669 4303 2895 4375 di‘eam,
2958 4304 3348 4382 metaphoris
3398 4314 3560 4369 esset
3616 4329 3789 4373 usus.

371 4406 578 4481 Atque
637 4403 807 4463 haud
883 4405 1010 4465 scio
1079 4424 1292 4466 annon
1359 4406 1705 4485 quidquam
1773 4404 1973 4481 magis
2040 4401 2319 4462 historiae
2395 4399 2651 4473 officiat,
2732 4418 2920 4478 quam
2990 4401 3238 4462 fucatus
3293 4402 3604 4481 ejusmodi
3659 4410 3793 4471 sine

365 4501 678 4579 dignitate
735 4501 950 4562 color:
1009 4505 1264 4581 quando
1321 4504 1411 4564 ita
1469 4504 1664 4565 nimio
1723 4502 2228 4564 calamistrorum
2290 4518 2402 4558 usu
2471 4498 2706 4558 incedit
2761 4497 2989 4569 oratio,
3045 4503 3117 4559 ut
3173 4505 3235 4560 et
3290 4505 3565 4565 sermoni
3618 4505 3796 4585 lepos

366 4600 577 4660 omnis
634 4599 974 4675 adimatur,
1053 4608 1115 4662 et
1186 4620 1398 4662 rerum
1476 4601 1853 4682 expositioni
1921 4599 2094 4659 fides.
2148 4599 2217 4658 Id
2285 4596 2506 4656 vitium
2585 4598 2733 4669 Leo,
2807 4596 3062 4657 tametsi
3116 4616 3240 4658 non
3309 4599 3466 4660 adeo
3523 4602 3798 4667 insaniat

367 4716 563 4778 quam
619 4697 1134 4778 TheOphylactus
1187 4701 1535 4763 Simocatta
1590 4705 1700 4762 aut
1753 4699 2001 4759 Nicetas
2057 4696 2395 4757 Choniates
2450 4693 2540 4773 (in
2599 4694 2990 4755 orationibus
3045 4697 3383 4776 praecipue,
3447 4700 3557 4762 ubi
3616 4721 3794 4764 cum-

369 4796 587 4878 primis
656 4797 920 4876 cupiunt
980 4797 1196 4860 diserti
1257 4799 1498 4880 videri),
1574 4798 1850 4877 effugere
1924 4801 2138 4857 tamen
2215 4793 2389 4854 omni
2442 4811 2513 4853 ex
2576 4798 2752 4871 parte
2812 4811 2936 4852 non
2993 4793 3219 4871 potuit,
3281 4795 3606 4878 felicisque
3665 4804 3794 4865 for-

367 4902 533 4958 tasse
590 4896 828 4974 ingenii
888 4915 1137 4958 cursum
1196 4885 1509 4979 oppressit
1565 4897 1723 4958 illud
1789 4902 2093 4974 tanquam
2160 4893 2434 4973 adipata;
2491 4891 2781 4952 dictionis
2841 4891 3144 4951 studium.
3205 4894 3488 4974 Cumque
3545 4919 3583 4961 a
3642 4904 3796 4965 Divo

361 4993 554 5068 Julio,
614 4995 820 5074 primo
867 4999 953 5056 De
1009 4997 1328 5076 analogia,
1406 4999 1642 5059 dictum
1695 4997 1796 5071 sit,
1853 5001 2159 5074 tanquam
2220 4991 2551 5070 scopulum
2613 4989 2700 5049 sic
2757 4989 3128 5068 fugiendum
3187 4992 3540 5056 inauditum
3603 5007 3794 5080 atque

363 5091 640 5154 insolens
691 5095 954 5155 verbum
1020 5113 1194 5168 esse,
1267 5100 1393 5157 Leo
1462 5103 1683 5157 contra
1739 5093 1918 5174 quasi
1976 5091 2284 5171 quasdam
2355 5095 2570 5149 cautes
2639 5087 3011 5149 reformidat
3071 5090 3379 5153 vocabula
3444 5095 3672 5158 idonea
3733 5107 3796 5162 et

367 5191 623 5252 usitata.
695 5195 927 5254 Vocem
981 5197 1217 5278 ἀδελφὸς
1285 5213 1430 5255 raro
1493 5200 1802 5275 usurpat:
1860 5191 1997 5253 creb

2161 5207 2238 5248 ne
2269 5191 2626 5268 αὐτάδελφος,
2686 5192 2964 5266 ὁμαίμων,
3018 5192 3304 5268 σύναιμος.
3347 5197 3527 5274 Πὲλω,
3584 5199 3791 5267 τελέοω

364 5285 467 5365 (ut
535 5294 699 5349 certe
767 5291 988 5370 scripsi
1057 5291 1160 5372 90)
1218 5295 1414 5370 τελέω,
1461 5299 1717 5374 ὑπάρχω,
1762 5295 1972 5374 πὲφῃνα

2219 5285 2344 5364 93),
2393 5289 2624 5366 πὲφυκα,
2659 5289 3011 5364 χρηματίζοι),
3062 5286 3161 5346 vel
3237 5287 3515 5364 quidvis,
3584 5295 3793 5372 potius

363 5383 626 5446 adhibet
675 5406 864 5466 quam
912 5394 1046 5468 εἰμί·
1085 5396 1471 5471 ἆκουτίζομαι,
1505 5394 1801 5471 διενηχὲω,
1847 5393 1993 5449 διενα

2163 5436 2166 5453 ,
2217 5387 2460 5457 ὲνωτίζω
2514 5381 2722 5460 potius
2769 5401 2958 5460 quam
3009 5388 3214 5444 ἀκούω.
3250 5385 3486 5447 Passim
3540 5408 3793 5469 quoque

358 5483 569 5543 verbis
613 5487 880 5546 vetustis
924 5504 958 5547 θ
1015 5489 1346 5568 poetisque
1394 5489 1588 5550 erutis
1629 5487 1979 5548 orationem
2031 5491 2351 5569 tanquam.
2391 5479 2587 5540 stellis
2637 5479 2736 5559 (ut
2786 5481 2902 5541 sibi
2946 5481 3223 5560 videtur)
3281 5491 3788 5570 ornatfl‘mw-gatq

359 5583 462 5657 22,
524 5583 793 5663 arripuit
850 5602 928 5646 ex
983 5586 1262 5665 Odyssea
1317 5588 1384 5648 E.
1445 5588 1584 5661 404,
1645 5586 1754 5646 ubi
1802 5604 1969 5646 nunc

2164 5600 2299 5641 mus
2356 5583 2611 5659 ἐπιωγαί·
2664 5585 2844 5658 Νέων,
2905 5577 3142 5655 vadens,
3201 5582 3301 5654 27,
3360 5601 3393 5641 e
3473 5605 3791 5662 grumam-

353 5677 478 5740 tico
538 5681 794 5761 aliquo,
846 5681 1073 5763 opinor
1129 5684 1296 5765 (vid.
1352 5683 1968 5764 perspicacissimum
2020 5683 2252 5743 Graacae
2322 5675 2730 5757 proprietatis
2790 5677 3098 5737 arbitrum
3149 5677 3320 5739 Frid.
3371 5681 3534 5760 Aug.
3594 5685 3788 5747 Wolf.

352 5777 718 5858 Prolegom.
781 5782 885 5858 IV,
949 5782 1098 5863 18):
1163 5783 1282 5844 nisi
1312 5783 1397 5844 ibi
1459 5783 1632 5845 dicas
1679 5790 1814 5845 νεὼν
1873 5779 2237 5862 legendum,
2291 5775 2552 5854 ejusque
2601 5774 2877 5854 glossam
2927 5791 3060 5836 esse
3111 5777 3428 5856 ἐκκλησίαν,
3488 5784 3793 5848 excidisse

424 5893 444 5915 '
472 5894 737 5974 Numeri,
771 5899 866 5956 hic
897 5903 955 5958 ct
1007 5899 1184 5970 infra,
1216 5901 1467 5974 paginas
1497 5901 1637 5959 edit.
1676 5901 1859 5970 Paris,
1892 5899 2175 5974 principis
2225 5895 2674 5969 repraesentant,
2709 5908 2866 5964 quas
2910 5891 3063 5948 inter
3093 5908 3282 5974 uncos
3315 5895 3373 5974 in
3405 5900 3564 5959 textu
3595 5905 3791 5960 Graeco

355 5969 696 6038 posuimus.
1172 5969 1175 5970 ⁷
1216 5969 1236 5973 “
1294 5969 1325 5974 ⁷
1845 5969 1849 5970 ⁷
1892 5969 1913 5974 “
2085 5969 2105 5973 ’
3127 5973 3287 6028 Enrr.
3329 5971 3504 6030 Pun.
