4128 6424
316 455 432 518 643
1579 456 1646 515 C.
1695 452 1765 513 B.
1813 449 1946 511 HAS

2102 441 2485 505 'BIEFATIO
2767 465 2772 470 '
3613 457 3732 516 644

317 587 528 643 autem
577 588 928 667 ἀφικόμενος,
987 579 1083 642 vel
1135 579 1260 640 tale
1313 579 1576 660 aliquid.
1625 587 1855 660 "oxeoq,
1917 579 2016 653 32,
2075 569 2532 649 signiﬁcatione
2580 567 2753 667 ripas,
2808 586 3021 630 rarum
3073 578 3186 644 est,
3236 575 3335 635 vel
3381 579 3551 656 apud
3581 598 3734 658 poe-

321 686 435 740 tas.
497 665 770 742 Verbum
828 682 1181 742 obsoletum
1233 686 1514 761 προσὲπω,
1577 679 1740 739 unde
1797 703 1951 760 προσι

2110 702 2142 750 ,,
2197 669 2390 730 habet
2445 669 2545 728 99.
2607 665 2730 727 Sed
2781 667 2927 728 nolo
2983 669 3220 732 multus
3271 673 3467 736 videri
3526 679 3590 738 in
3639 699 3740 741 re-

321 799 508 857 quam
570 781 735 840 inter
794 782 1125 860 legendum
1184 781 1616 860 unusquisque
1672 778 1852 839 facile
1897 793 2007 856 per
2063 792 2128 833 se
2187 769 2452 831 notabit.

398 895 529 954 VII.
582 896 770 956 Aliud
817 897 1045 956 Leonis
1102 899 1320 959 vitium
1371 902 1465 956 est
1511 910 2010 974 synonymorum
2059 902 2224 949 vana
2281 882 2724 945 accumulatio.
2777 883 2991 944 Sicubi
3052 889 3492 971 σοϐαρευόμενος
3542 897 3743 976 scrip-

318 993 398 1053 sit
463 993 614 1072 (13),
693 1013 770 1054 ne
841 1014 1064 1073 parum
1142 997 1341 1056 multa
1417 993 1610 1054 verba
1671 991 1859 1051 scisse
1928 1009 1948 1047 η

2116 993 2237 1061 tur,
2309 985 2608 1045 continuo
2674 992 2734 1045 et
2814 991 3191 1066 γαυρούμενος
3263 991 3617 1072 subjungit,
3685 1002 3745 1056 et

313 1095 672 1171 ἐπαιρόμενός
727 1117 783 1151 τε
839 1097 928 1152 καὶ
961 1099 1371 1176 βρενθυόμενος.
1431 1091 1533 1151 Sic
1580 1089 1842 1167 singulis
1892 1107 1943 1166 ρ(

2110 1083 2366 1162 paginis.
2422 1083 2744 1161 Ejusmodi
2804 1086 3169 1164 tautologiis
3227 1089 3532 1150 cumulati
3589 1098 3740 1153 sunt

313 1186 641 1264 Byzantini
698 1205 916 1248 omnes
995 1189 1182 1248 medii
1240 1188 1412 1248 aevi:
1481 1203 1594 1247 nec
1652 1183 1770 1243 nisi
1831 1189 2115 1261 tempore
2173 1179 2676 1258 Palaeologorum
2741 1181 2822 1242 ab
2880 1183 3230 1243 acrioribus
3295 1183 3564 1264 ingeniis
3616 1190 3741 1248 De-

314 1285 537 1345 metrio
594 1286 894 1364 Cydonio,
951 1288 1107 1361 [XX]
1168 1286 1570 1366 Chrysolora,
1632 1282 1964 1343 Theodoro
2020 1283 2209 1349 Gaza,
2282 1278 2731 1357 Chalcondyla,
2789 1279 2854 1340 id
2906 1299 3105 1358 genus
3153 1281 3402 1343 dicendi
3453 1291 3737 1363 spretum

317 1389 411 1444 est
465 1402 538 1443 ac
588 1385 934 1463 repulsum.
996 1385 1197 1445 Simul
1244 1385 1431 1444 iidem
1487 1381 1671 1462 primi
1723 1383 2049 1458 coeperunt
2117 1377 2325 1438 minus
2381 1376 2690 1437 serviliter
2739 1382 3018 1439 veterum
3069 1380 3302 1458 stylum
3363 1399 3436 1442 ac
3477 1401 3735 1458 omnes;

319 1487 381 1540 et
438 1487 619 1541 erant
676 1489 978 1560 tanquam
1052 1482 1329 1542 anniculi
1387 1481 1678 1552 infantes,
1741 1478 1846 1558 qui
1906 1475 2156 1537 nonnisi
2212 1476 2275 1536 in
2335 1476 2671 1547 curriculo,
2746 1483 2856 1536 aut
2911 1485 3229 1556 praeeunte
3287 1479 3468 1549 duce,
3531 1482 3737 1543 inam-

321 1578 564 1638 bulant.
632 1581 767 1641 Non
832 1599 1162 1660 perennem
1224 1599 1297 1640 ac
1362 1585 1731 1658 perpetuam
1793 1582 1926 1636 tum
1985 1574 2363 1653 simplicium
2423 1580 2556 1634 tum
2610 1573 3063 1635 collocatorum
3123 1577 3458 1638 verborum
3515 1587 3576 1640 et
3633 1587 3730 1641 to-

320 1675 445 1734 tius
492 1682 823 1737 structurm
866 1678 1354 1739 concinnitatem
1409 1693 1870 1753 numerumque
1919 1672 2407 1744 aemulabantur,
2450 1690 2576 1732 non
2618 1670 2812 1750 (quod
2864 1679 3055 1750 caput
3099 1673 3258 1754 erat)
3305 1676 3550 1736 animos
3572 1695 3739 1738 erec-

321 1777 418 1831 tos
474 1779 751 1834 veterum
786 1794 806 1833 :
857 1776 964 1834 sed
1023 1776 1073 1835 si
1131 1793 1290 1853 quos
1349 1773 1798 1835 existimabant
1857 1771 2211 1831 imitatione
2268 1770 2513 1847 dignos,
2585 1786 2804 1829 eorum
2866 1771 3125 1848 phrases
3186 1772 3464 1852 undique
3518 1793 3736 1855 arrep-

319 1875 413 1928 tas
471 1871 548 1929 ad
609 1873 870 1932 verbum
929 1874 1394 1934 transferebant
1448 1873 1512 1933 in
1569 1872 1830 1951 propria
1879 1870 2137 1948 scripta.
2198 1871 2420 1947 Neque
2480 1867 2605 1930 alio
2663 1877 2851 1946 pacto
2909 1872 3030 1930 Leo
3075 1870 3225 1948 egit.
3285 1873 3738 1934 Verumtamen

314 1967 480 2029 inter
534 1987 675 2029 eum
737 1975 797 2030 et
853 1971 1131 2049 aequales
1189 1971 1387 2051 ipsius
1453 1970 1610 2030 illud
1667 1969 1950 2042 interest,
2012 1967 2180 2046 quod
2240 1967 2326 2038 hi,
2392 1971 2701 2044 quantum
2761 1974 3040 2046 possent,
3116 1987 3337 2029 omnes
3401 1989 3734 2050 propemo-

318 2065 466 2124 dum
527 2067 805 2128 omnium
867 2075 1195 2130 auctorum
1273 2069 1581 2130 nobilium
1661 2071 2106 2128 consumerent
2171 2064 2420 2125 arculas
2487 2064 2819 2135 imitando,
2887 2067 3109 2128 Leonis
3167 2087 3372 2128 sermo
3443 2087 3476 2128 e
3536 2069 3737 2128 tribus

317 2162 571 2223 demum
638 2165 919 2227 fontibus
985 2167 1261 2238 ﬂuxerit,
1332 2185 1409 2227 ex
1467 2167 1752 2226 versione
1811 2167 1967 2226 LXX
2029 2167 2446 2242 Interpretum
2502 2162 2719 2242 (libros
2773 2164 2931 2225 Novi
2998 2166 3276 2226 Foederis
3328 2167 3534 2227 minus
3591 2185 3727 2226 cre-

316 2259 431 2319 bro
490 2263 837 2343 compilat),
911 2282 983 2322 ex
1057 2267 1353 2336 Homero,
1425 2283 1501 2323 ex
1568 2262 1841 2341 Agathia
1917 2260 2286 2340 Myrinensi.
2347 2259 2498 2320 Inde
2571 2261 2845 2340 piscatus
2902 2267 2994 2322 est
3053 2263 3423 2338 locutiones,
3500 2265 3730 2343 quibus

318 2357 552 2435 scripta
601 2359 845 2420 infercit
903 2367 964 2421 et
1020 2362 1229 2440 explet
1288 2379 1425 2438 sua,
1488 2368 1791 2439 tauquam
1849 2360 1911 2420 in
1985 2378 2181 2419 unum
2248 2377 2471 2436 agrum
2532 2358 2715 2438 plura
2765 2361 2927 2420 inter
2984 2380 3049 2422 se
3101 2361 3360 2423 inimica
3426 2382 3733 2443 spargens

316 2454 576 2515 semina.
649 2458 773 2517 Sed
827 2477 952 2517 non
1012 2459 1203 2519 refert
1262 2458 1471 2519 alieno
1529 2466 1756 2519 ornatu
1829 2457 2214 2535 distinguere
2279 2475 2663 2534 sermonem,
2735 2457 2851 2518 nisi
2922 2477 3117 2537 queas
3177 2460 3239 2519 id
3299 2478 3440 2520 cum
3495 2458 3734 2538 judicio

315 2559 589 2634 apteque
638 2557 896 2617 facere:
961 2557 1295 2634 minusque
1358 2577 1558 2635 genus
1630 2557 1878 2618 dicendi
1949 2556 2084 2634 ejus
2159 2555 2478 2616 videretur
2544 2556 3014 2629 inconcinnum,
3090 2558 3141 2618 si
3199 2559 3507 2638 depositio
3562 2559 3737 2620 omni

313 2651 660 2713 rhetorices
717 2655 1006 2733 strepitu,
1069 2655 1465 2716 Constantini
1527 2655 2104 2734 Porphyrogenetze
2163 2652 2453 2733 exemplo
2523 2653 2623 2714 vel
2680 2655 2758 2714 ad
2828 2655 3061 2716 intimae
3119 2655 3320 2735 plebis
3379 2658 3731 2718 orationem

311 2754 436 2810 Leo
509 2769 642 2811 sese
701 2751 1049 2829 dejecisset.
1126 2754 1184 2812 ls
1255 2759 1476 2814 contra
1546 2753 1841 2831 Agathia,
1918 2751 2097 2831 cujus
2157 2753 2774 2830 grandiloqucntiam
2836 2758 2898 2812 et
2958 2754 3340 2814 cothurnum
3402 2756 3504 2815 vix
3563 2775 3729 2819 nunc

311 2848 591 2920 ferimus,
643 2849 894 2911 videtur
951 2851 1266 2930 praecipue
1326 2851 1694 2913 delectatus.
1754 2854 1885 2912 Hoc
1941 2850 2373 2912 demonstravi
2425 2850 2631 2911 allatis
2687 2852 2750 2911 in
2805 2853 3277 2913 Commentario
3327 2853 3523 2932 (velut
3569 2855 3735 2936 206°)

311 2944 480 3005 illius
531 2946 704 3017 locis,
763 2967 886 3007 non
939 2948 1173 3027 ubique
1233 2955 1481 3008 tamen:
1551 2969 1695 3010 nam
1749 2948 1964 3010 omnia
2021 2947 2284 3008 minima
2359 2947 2636 3008 maxima
2688 2948 2952 3026 vestigia
3003 2949 3376 3010 imitationis
3433 2951 3729 3029 colligere

309 3044 600 3120 putidum
660 3051 793 3106 erat
859 3064 973 3106 nec
1031 3046 1426 3108 conducebat
1484 3048 1831 3127 quidquam
1894 3047 1971 3106 ad
2032 3045 2310 3105 auctoris
2370 3063 2512 3104 cum
2587 3045 3174 3125 interpretationem
3237 3055 3368 3107 tum
3430 3049 3729 3111 emenda-

309 3140 568 3203 tionem.
623 3143 669 3203 E
720 3145 1050 3223 Procopio,
1107 3145 1425 3224 jejuniore
1479 3146 1640 3224 stylo
1707 3165 1804 3205 res
1865 3147 2200 3219 tractante,
2269 3141 2424 3202 nihil
2485 3143 2735 3204 videtur
2788 3144 3126 3224 sumpsisse
3203 3151 3435 3225 praeter
3485 3153 3737 3208 senten-

308 3239 491 3300 tiolas
547 3243 880 3320 quasdam,
941 3243 1200 3303 exordio
1234 3250 1294 3304 et
1364 3245 1757 3304 orationibus
1821 3242 2051 3323 passim
2116 3241 2408 3300 insertas.
2464 3243 2689 3320 Neque
2759 3263 3024 3322 usquam
3112 3243 3242 3304 ullo
3301 3244 3561 3322 vestigio
3620 3245 3732 3305 de—

313 3339 704 3416 prehendere
761 3340 938 3416 licet,
1013 3341 1346 3419 primarios
1420 3343 1805 3422 scriptores:
1869 3338 2328 3418 Thucydidem,
2407 3341 2764 3419 I’olybium,
2825 3341 3260 3416 Plutarchum,
3323 3342 3402 3402 ab
3463 3361 3537 3403 eo
3597 3361 3730 3403 esse

310 3438 763 3515 pervolutatos.
812 3439 1126 3500 Praeterea
1181 3441 1453 3520 reperies
1510 3442 1570 3500 in
1632 3460 1706 3502 eo
1761 3441 2136 3521 plerumque
2190 3441 2443 3507 τὸιοῦτος
2478 3439 2775 3518 positum,
2841 3440 2944 3500 ubi
3001 3441 3191 3502 Attici
3248 3448 3408 3512 οὗτος
3458 3441 3731 3520 scripsis-

313 3541 470 3595 sent.
533 3536 837 3598 Similiter
894 3557 1074 3597 usum
1137 3539 1586 3600 creberrimum
1645 3539 2112 3618 praepositionis
2167 3540 2303 3600 κατὰ
2362 3557 2476 3616 pro
2529 3547 2606 3600 ὶν·
2660 3540 2855 3617 velut,
2914 3546 2984 3600 ut
3039 3539 3160 3601 hoc
3207 3548 3369 3612 utar,
3425 3543 3564 3616 108,
3615 3555 3731 3611 τοῖς

305 3640 443 3693 κατὰ
470 3640 571 3708 τὴν
619 3640 796 3695 ’Λσιαν
837 3641 1208 3710 στασιάζουσι,
1251 3635 1676 3697 rebellantibus
1725 3639 1787 3697 in
1837 3640 1935 3699 Ast

2099 3641 2291 3700 ’erum
2344 3639 2480 3700 haec
2522 3637 2579 3698 ei
2621 3637 2982 3698 communia
3030 3656 3171 3698 cum
3216 3641 3456 3700 caeteris
3498 3643 3729 3720 Byzan-

295 3729 464 3788 tinis.
523 3729 683 3789 Illud
745 3731 1083 3807 peculiare,
1153 3752 1388 3809 ponere
1461 3734 1846 3794 infinitivum
1910 3738 2125 3808 futuri,
2188 3737 2295 3797 ubi
2354 3735 2570 3796 aoristi
2627 3735 2722 3796 vel
2782 3735 3112 3813 praesentis
3167 3745 3506 3814 exspectes,
3569 3758 3729 3817 prae-

295 3826 476 3902 cipue
535 3831 679 3903 post
725 3831 1015 3904 βούλεσται
1075 3827 1260 3906 [XXI]
1320 3828 1415 3904 (ut
1471 3832 1572 3902 23,
1625 3830 1764 3909 24);
1829 3832 1925 3892 dei

2139 3834 2305 3892 idem
2358 3831 2762 3904 vocabulum,
2825 3832 3068 3909 aliquot
3118 3831 3304 3892 lineis
3351 3834 3720 3911 interjectis,

292 3921 567 3981 libenter
598 3922 836 3981 iterari.

373 4036 538 4095 VIII.
601 4035 764 4106 Dixi,
816 4036 1215 4097 criminosius
1269 4040 1554 4112 fortasse,
1607 4061 1745 4118 quae
1794 4044 1858 4102 in
1922 4047 2123 4103 Leone
2179 4043 2392 4122 culpet
2439 4043 2707 4121 aliquis:
2770 4060 2884 4102 nec
2941 4041 3222 4120 profecto
3272 4061 3390 4121 ego
3442 4043 3495 4103 is
3556 4063 3723 4135 sum,

291 4132 399 4210 qui
453 4133 672 4194 laudes
704 4134 1029 4212 scriptoris
1069 4135 1452 4216 cujuspiam,
1507 4139 1606 4198 cui
1656 4141 2026 4214 studuerim,
2079 4142 2220 4220 plus
2271 4161 2465 4221 quam
2515 4140 2667 4201 satis
2722 4140 2802 4200 sit
2850 4139 3205 4203 decantcm.
3251 4143 3426 4202 Nune
3468 4132 3719 4222 aequum

293 4235 406 4300 est,
471 4250 609 4310 qua:
670 4232 749 4292 ab
805 4231 914 4293 illo
970 4233 1227 4308 faciant,
1284 4236 1438 4297 item
1497 4255 1887 4300 enumerare.
1948 4243 2039 4300 Ac
2108 4240 2314 4319 primo
2374 4240 2629 4320 quidem
2693 4258 2922 4319 magna
2971 4245 3066 4300 est
3125 4240 3357 4301 Leonis
3411 4260 3732 4304 commen-

289 4328 488 4403 datio,
547 4329 716 4410 quod
765 4351 906 4409 quae
961 4331 1094 4411 ipse
1142 4333 1368 4394 viderit
1415 4335 1638 4396 litteris
1690 4338 2032 4411 mandavit,
2070 4337 2527 4418 habendusque
2586 4343 2680 4399 est
2735 4337 2900 4398 inter
2948 4337 3292 4418 scriptores
3339 4339 3505 4408 illos,
3561 4342 3726 4400 unde

289 4425 428 4498 alii,
504 4430 612 4508 qui
686 4429 997 4507 posterius
1080 4431 1366 4506 fuerunt,
1441 4435 1620 4513 quasi
1677 4454 1709 4496 e
1765 4437 1934 4497 fonte
2007 4435 2340 4515 capiteque
2412 4437 2808 4498 narrationes
2875 4455 3083 4497 rerum
3133 4438 3560 4499 deduxerunt.
3623 4438 3723 4498 Sic

289 4524 620 4600 Scylitzem
681 4532 1036 4586 mutuatum
1099 4546 1233 4590 esse
1291 4531 1370 4591 ab
1431 4534 1634 4593 Leone
1696 4533 1896 4594 multa
1953 4533 2380 4594 demonstravi
2452 4534 2516 4594 in
2573 4534 2776 4595 notis:
2834 4553 2872 4595 a
2934 4534 3200 4613 Scylitze
3241 4539 3452 4595 autem
3509 4534 3726 4596 omnia

291 4619 552 4679 minima
608 4623 886 4683 maxima
934 4628 1276 4704 sumpsisse
1336 4629 1682 4691 Cedrenum
1719 4637 1938 4691 notum
2000 4637 2130 4693 est.
2191 4634 2502 4693 Zonaram
2564 4632 2713 4693 item
2750 4652 2928 4693 usum
2980 4652 3114 4694 esse
3161 4634 3438 4695 Historia
3495 4633 3722 4695 Leonis

291 4715 612 4778 arbitror:
673 4719 798 4779 vid.
858 4723 1139 4801 Ducang.
1213 4727 1290 4786 ad
1350 4731 1577 4789 Zonar.
1651 4731 1727 4801 ll,
1764 4733 1901 4790 107.
1961 4729 2224 4809 Pagium
2284 4750 2537 4810 quoque
2606 4750 2682 4792 ex
2740 4738 2955 4792 nostro
3013 4751 3139 4793 non
3199 4751 3404 4810 pauca
3434 4733 3728 4802 videmus

290 4814 691 4893 emendasse,
767 4835 805 4876 a
862 4823 1318 4884 recentioribus
1376 4826 1434 4884 in
1493 4819 1738 4889 ratione
1795 4834 2151 4907 temporum
2215 4828 2626 4890 conturbata.
2711 4831 2806 4889 Ita
2868 4829 2947 4889 ab
3008 4829 3128 4890 hac
3189 4837 3366 4908 parte
3442 4850 3568 4893 non
3619 4832 3725 4890 in-

281 4909 569 4989 jucunda
643 4911 760 4973 erit
804 4915 1100 4976 studiosis
1177 4920 1616 5002 historicisque
1687 4925 2052 4986 hominibus
2129 4927 2522 5004 comparatio
2589 4926 2914 5004 scriptoris
2974 4927 3173 4988 nostri
3245 4946 3386 4988 cum
3456 4929 3723 5006 reliquis

289 5009 397 5086 qui
471 5008 690 5068 eadem
755 5011 1172 5076 tradiderunt.
1236 5021 1450 5099 Neque
1510 5029 1698 5098 neget
1753 5023 2069 5102 quisqam,
2131 5041 2228 5084 res
2285 5030 2423 5102 post
2486 5023 2728 5084 obitum
2794 5025 3062 5085 Romani
3116 5025 3397 5086 Junioris
3451 5025 3516 5085 in
3576 5028 3726 5089 aula

290 5114 498 5186 gestas
547 5107 646 5188 (19
695 5107 1312 5206 sq.),rebellionem
1361 5121 1584 5180 Leonis
1632 5122 2031 5200 Curopalataa
2083 5119 2242 5202 (90),
2305 5121 2470 5182 bella
2499 5122 2820 5183 Tzimiscze
2871 5143 2982 5203 per
3033 5124 3350 5185 Orientem
3393 5125 3498 5205 (98
3546 5128 3722 5206 sqq.)

291 5205 623 5265 commode
679 5204 758 5264 ab
835 5204 945 5265 illo
1015 5213 1281 5290 exponi,
1369 5216 1600 5276 bellum
1669 5218 2400 5296 Sphendosthlabianum
2483 5220 2618 5279 fuse
2689 5239 2942 5299 quoque
3017 5240 3091 5281 ac
3167 5221 3540 5301 diligenter.
3601 5204 3719 5285 ’ὑφ

289 5302 652 5381 Nicephoro
711 5301 971 5381 perjurii
1027 5325 1169 5379 reo,
1227 5311 1337 5384 25,
1402 5315 1552 5374 satis
1611 5333 1841 5394 magna
1898 5316 2232 5389 libertate,
2311 5317 2388 5378 de
2443 5317 2746 5378 Tzimisce
2802 5318 2992 5398 hujus
3061 5338 3429 5398 percussore
3505 5341 3721 5384 severe

287 5406 350 5459 et
403 5400 649 5460 fortiter
715 5399 998 5480 scripsit,
1063 5411 1130 5466 ut
1184 5407 1502 5471 hominem
1565 5417 1718 5472 recti
1776 5413 2152 5494 honestique
2219 5415 2570 5476 studiosum
2625 5415 2810 5476 facile
2866 5435 3212 5496 agnoscas.
3249 5421 3535 5499 Denique
3563 5426 3726 5482 Leo-

286 5517 459 5570 nem,
542 5499 932 5577 temporibus
994 5504 1234 5566 miseris
1310 5515 1372 5569 et
1428 5512 1609 5571 cmcis
1679 5513 1758 5571 ad
1829 5512 2159 5573 historiam
2233 5532 2296 5574 se
2365 5513 2826 5587 conferentem,
2899 5515 3114 5594 inique
3186 5534 3516 5598 compares
3577 5538 3721 5580 cum

286 5596 874 5671 pronuntiatoribus
954 5619 1162 5664 rerum
1235 5614 1555 5684 gestarum
1624 5609 1886 5671 ﬂorente
1954 5610 2230 5684 Graecia,
2311 5612 2419 5690 qui
2483 5611 2867 5674 curriculum
2945 5613 3117 5674 nacti
3186 5596 3460 5691 felicius,
3523 5635 3717 5678 aurea

287 5691 590 5792 orationis
647 5693 947 5792 facultate
985 5701 1079 5760 usi
1139 5705 1252 5763 toti
1310 5711 1620 5766 terrarum
1653 5706 1790 5767 orbi
1827 5713 2019 5786 atque
2048 5708 2342 5770 omnibus
2372 5709 2620 5770 saeculis
2669 5710 3048 5789 cognitionis
3077 5717 3138 5773 et
3165 5712 3548 5792 eloquentiae
3581 5714 3712 5775 cla-

283 5783 535 5844 rissima
573 5787 813 5849 lumina
854 5799 1202 5862 accendere
1233 5809 1597 5881 potuerunt.
1633 5807 1856 5867 Noster
1887 5804 2148 5884 judicio,
2184 5807 2496 5884 doctrina,
2528 5826 2759 5888 genere
2793 5809 3068 5883 dicendi,
3103 5812 3457 5893 exprimere
3498 5812 3716 5874 debuit

355 5895 501 5950 Vide
533 5896 784 5957 indicem
826 5915 896 5959 νο
925 5910 1192 5980 Agat/tias
1244 5917 1402 5977 Em'r.
1439 5920 1608 5977 Pars.
