4128 6418
332 465 454 525 645
1629 456 1697 516 C.
1742 458 1812 518 B.
1861 455 2072 518 HASII
2114 457 2542 521 Plt/EFATIO
3639 467 3760 528 646

329 593 695 668 temporum
740 603 999 647 suorum
1051 583 1422 662 imaginem.
1458 584 1883 662 Quapropter,
1935 582 2126 644 modo
2185 583 2388 646 lucem
2443 585 2639 646 addat
2701 585 2887 646 rebus
2944 605 3018 648 ea
3077 593 3262 648 atate
3319 589 3511 667 gestis
3559 591 3762 671 (quod

330 687 619 767 profecto
687 683 887 763 facit),
968 683 1154 744 facile
1211 683 1490 743 feramus
1541 700 1688 741 eum
1737 680 2097 759 astrologiae
2173 683 2362 743 ﬁdem
2422 682 2738 756 habuisse,
2803 687 2942 759 104,
2994 685 3285 765 exiguam
3348 689 3758 769 geographia

328 786 623 848 notitiam
656 783 941 864 prodere,
974 783 1075 860 80,
1113 780 1392 842 historia
1423 779 1669 852 veteris,
1705 779 2144 858 92.—Polybii
2175 800 2439 841 acumen
2479 782 2802 862 miramur,
2838 784 3158 844 Plutarchi
3193 786 3456 866 litteras,
3509 788 3754 867 copiam

334 881 690 943 Strabonis.
726 878 843 952 Qui
876 877 1038 938 tanti
1097 877 1214 936 viri
1273 882 1466 955 atque
1527 875 1709 948 tales,
1769 874 2077 954 prasidiis
2135 877 2460 955 sapientia
2521 878 2947 956 circumsepti,
3011 879 3060 938 si
3119 900 3361 941 errores
3413 883 3754 963 deponere,

331 981 549 1061 lapsus
573 980 768 1040 vitare
804 997 1024 1039 omnes
1053 996 1178 1038 non
1222 980 1584 1056 potuerunt,
1622 975 1763 1054 quis
1813 981 1944 1035 tam
1977 975 2151 1035 rudis
2200 983 2293 1036 est
2338 981 2693 1056 temporum
2746 979 3259 1057 Byzantinorum,
3322 981 3430 1060 qui
3477 987 3753 1044 Leonem

327 1081 396 1140 id
426 1079 707 1160 potuisse
756 1076 982 1157 putet?

414 1195 517 1255 IX.
577 1195 759 1254 Hunc
837 1193 1054 1272 igitur,
1143 1191 1256 1252 illa
1325 1191 1557 1252 virtute
1643 1189 1966 1261 historica,
2026 1209 2420 1270 quacunque
2484 1199 2598 1270 est,
2662 1193 3022 1272 praeditum,
3089 1196 3308 1270 [XXII]
3362 1199 3757 1260 conservavit

345 1293 530 1353 nobis
589 1311 752 1352 unus
811 1290 1070 1352 omnino
1127 1289 1329 1352 codex
1383 1288 1790 1350 Bibliotheca
1862 1287 2098 1366 Regia,
2183 1289 2468 1366 signatus
2533 1291 2707 1370 prius
2764 1291 2944 1366 2561,
3009 1312 3175 1354 nunc
3228 1294 3404 1368 1712,
3466 1297 3617 1357 olim
3689 1297 3755 1358 in

329 1390 726 1470 supellectile
798 1390 1108 1450 lilteraria
1186 1388 1526 1467 Raphaelis
1601 1387 1878 1448 Tricheti
1951 1387 2036 1446 du
2143 1389 2371 1448 Fresne
2427 1406 2439 1447 :
2518 1389 2627 1468 qui
2683 1391 2985 1451 causidici
3035 1391 3508 1471 Burdigalensis
3556 1395 3746 1469 ﬁlius,

331 1510 478 1552 cum
564 1509 798 1569 magno
857 1489 1193 1550 duceretur
1265 1487 1572 1548 librorum
1649 1487 2180 1564 acquirendorum
2257 1488 2491 1562 studio,
2569 1489 2902 1568 Hispanias
2969 1492 3345 1571 Italiamque
3411 1495 3604 1555 semel
3695 1501 3756 1555 et

329 1591 567 1670 sapius
641 1593 945 1668 regnante
1021 1586 1336 1648 Ludovico
1393 1586 1519 1646 Xlll
1582 1603 1730 1663 rege
1784 1585 2320 1646 Christianissimo
2379 1586 2466 1646 sic
2528 1586 2792 1662 obicrat,
2857 1595 2946 1664 ut,
2998 1590 3294 1669 inspectis
3354 1591 3586 1671 passim
3637 1593 3754 1653 ho-

339 1691 584 1752 minum
670 1686 1112 1748 historicorum
1190 1685 1486 1762 librariis,
1565 1684 1883 1763 propriam
1962 1683 2410 1744 bibliothecam
2473 1685 2861 1765 locupletare
2927 1687 3073 1748 inde
3113 1695 3472 1750 conaretur.
3552 1693 3607 1751 Is
3677 1711 3754 1752 ex

337 1789 525 1850 Italia
556 1781 724 1846 hunc
784 1784 1062 1846 codicem
1096 1783 1157 1843 in
1191 1782 1456 1845 Galliam
1519 1781 1897 1860 deportavit,
1940 1786 2210 1842 testante
2242 1782 2616 1843 Combeﬁsio
2650 1784 2889 1861 Origin.
2925 1785 3099 1863 Cpol.
3132 1785 3271 1846 265.
3311 1787 3545 1847 Deinde
3604 1805 3748 1848 cum

340 1887 480 1949 vita
539 1882 904 1946 excessisset
955 1881 1306 1960 Trichetus,
1363 1884 1424 1940 J.
1484 1880 1554 1940 B.
1617 1879 1968 1952 Colbertus,
2028 1879 2348 1940 Ludovico
2405 1881 2536 1940 XIV
2596 1883 2819 1959 Magno
2877 1883 2957 1942 ab
3033 1883 3270 1943 intimis
3348 1885 3625 1945 consiliis
3692 1893 3756 1946 et

346 1982 655 2064 generalis
687 1981 895 2044 ararii
923 1980 1307 2056 moderator,
1357 1977 1538 2057 cujus
1593 1977 1969 2038 immortalis
2028 1978 2180 2038 vivit
2239 1979 2527 2057 vivetque
2586 1979 2666 2039 ob
2717 1979 3018 2040 beneﬁcia
3076 1980 3139 2040 in
3197 1980 3461 2041 Galliam
3521 1983 3758 2044 collata

342 2080 670 2154 memoria,
746 2079 900 2140 emit
975 2078 1053 2139 de
1129 2078 1318 2138 vidua
1393 2077 1458 2137 in
1514 2076 2101 2154 Bibliothecamque
2187 2076 2440 2154 Regiam
2519 2076 2732 2138 intulit
2802 2095 2985 2138 omne
3047 2077 3321 2139 Tricheti
3380 2079 3754 2141 litterarium

333 2180 857 2240 instrumentum.
919 2180 990 2238 In
1045 2195 1173 2253 quo
1230 2182 1412 2236 erant
1470 2174 1616 2234 libri
1686 2173 1975 2253 impressi
2038 2193 2303 2234 numero
2373 2174 2653 2252 plurimi,
2719 2195 2909 2236 muss.
2980 2177 3188 2237 Latini
3247 2183 3310 2237 et
3343 2177 3539 2238 Italici
3616 2179 3759 2258 plus

334 2277 550 2338 minus
606 2277 674 2348 Ο,
737 2274 934 2337 Graci
989 2275 1107 2334 XL.
1162 2277 1380 2351 Itaque
1417 2273 1479 2332 in
1540 2271 1931 2332 Bibliotheca
1988 2271 2240 2349 publica
2299 2272 2566 2332 collatus
2623 2272 2820 2333 codex
2880 2281 3110 2346 noster,
3174 2275 3522 2355 Ducangio,
3582 2276 3750 2336 Ban-

332 2376 532 2447 dinio,
610 2372 890 2451 reliquis,
970 2389 1129 2452 quos
1195 2369 1375 2430 initio
1450 2368 1796 2447 nominavi,
1875 2369 2174 2429 innotuit.
2243 2372 2503 2430 Constat
2573 2389 2718 2431 vero
2799 2372 2963 2432 foliis
3041 2373 3541 2434 membranaceis
3611 2375 3748 2448 422,

327 2470 688 2534 chartaceis
769 2476 935 2548 octo,
1007 2469 1338 2530 continens
1391 2474 1621 2547 prater
1676 2467 1801 2527 alia
1860 2467 2120 2526 minoris
2182 2468 2485 2528 momenti
2544 2468 2688 2547 (vid.
2750 2469 2951 2530 Calai.
3013 2470 3212 2530 Codd.
3279 2490 3424 2532 mss.
3505 2475 3744 2533 Graec.

326 2569 495 2631 Bibl.
575 2572 728 2647 lteg.
789 2569 867 2640 II,
931 2566 1072 2646 391)
1126 2565 1267 2626 illa:
1343 2565 1434 2644 1.)
1499 2564 1856 2626 Chronicon
1932 2564 2240 2625 Simeonis
2309 2565 2674 2642 Logutheta
2738 2565 3016 2627 maxima
3072 2575 3252 2646 parte
3313 2568 3645 2648 ineditum,
3715 2589 3754 2631 a

325 2669 440 2730 fol.
497 2671 573 2730 18
617 2685 780 2727 verso
839 2665 918 2727 ad
977 2665 1090 2726 fol.
1146 2665 1264 2724 272
1322 2673 1590 2737 rectum;
1646 2661 1734 2742 2.)
1791 2663 2015 2724 Leonis
2076 2663 2334 2723 Diacoui
2401 2665 2763 2742 Historiam,
2821 2684 2963 2744 qua
3021 2685 3191 2726 nunc
3246 2667 3480 2745 prodit,
3541 2687 3578 2727 a
3633 2667 3746 2729 fol.

331 2765 455 2828 272
515 2772 669 2825 recto
717 2763 798 2824 ad
849 2763 966 2824 322
1025 2771 1306 2835 rectum;
1366 2760 1458 2840 3.)
1518 2758 1840 2821 Michaelis
1901 2759 2090 2820 Pselli
2149 2759 2740 2840 Chronographiam
2801 2763 2990 2822 tomis
3045 2781 3296 2837 novem,
3354 2764 3502 2825 item
3563 2764 3761 2825 inedi-

330 2868 491 2941 tam,
527 2881 564 2923 a
611 2860 864 2923 {01.322
898 2869 1054 2921 recto
1085 2859 1166 2921 ad
1197 2862 1314 2920 422
1373 2867 1620 2918 reclum.
1656 2859 1999 2918 Exaratum
2061 2875 2196 2918 esse
2252 2857 2303 2917 si
2364 2859 2571 2918 minus
2630 2877 2712 2932 xI,
2769 2866 2834 2920 at
2893 2867 3061 2921 certe
3118 2878 3206 2920 xu
3265 2862 3496 2922 saculo
3554 2863 3760 2924 forma

327 2960 686 3021 litterarum
755 2959 1172 3036 demonstrat,
1256 2956 1426 3016 haud
1501 2954 1808 3016 absimilis
1863 2953 1957 3014 illi
2014 2973 2209 3034 quam
2268 2956 2801 3017 Montefalconius
2861 2957 3124 3036 protulit
3178 2959 3490 3036 Palaogr.
3553 2959 3747 3020 Crac.

337 3059 477 3128 291,
550 3066 619 3118 n°
694 3059 826 3131 VII,
909 3062 978 3116 ut
1049 3055 1244 3133 igitur
1314 3053 1587 3115 nesciam
1663 3052 1810 3131 quid
1887 3052 1951 3112 in
2051 3060 2321 3113 mentem
2387 3055 2631 3116 venerit
2700 3055 3163 3117 confectoribus
3239 3057 3527 3136 Catalogi
3582 3058 3748 3120 Bibl.

335 3160 488 3235 Reg.
522 3158 610 3226 Il,
657 3155 797 3235 391,
854 3155 1087 3232 dicere,
1149 3172 1292 3214 eum
1348 3152 1579 3213 saculo
1639 3151 1882 3211 decimo
1938 3150 2160 3229 quinto
2213 3152 2408 3213 videri
2463 3153 2812 3232 scriptum:
2867 3154 2983 3215 nisi
3041 3153 3105 3214 id
3155 3155 3233 3215 de
3300 3155 3374 3215 iis
3435 3157 3754 3216 duntaxat

327 3253 672 3333 intelligas,
706 3273 847 3332 qua
882 3254 942 3312 in
969 3257 1110 3312 octo
1141 3252 1306 3312 foliis
1333 3249 1682 3311 chartaceis
1713 3249 1791 3310 ad
1823 3253 2090 3309 exstent.
2124 3250 2263 3328 Ipse
2292 3250 2509 3324 codex,
2547 3251 2798 3311 tametsi
2825 3271 2950 3312 non
3007 3252 3164 3313 adeo
3195 3252 3406 3313 multis
3436 3254 3751 3332 profunde

326 3351 672 3413 latentibus
699 3349 940 3412 mendis
972 3356 1190 3422 scatet,
1228 3349 1419 3409 habet
1452 3355 1663 3409 tamen
1697 3347 2028 3407 itacismos
2061 3352 2173 3421 tot,
2213 3354 2369 3426 quot
2399 3348 2461 3408 in
2489 3348 2665 3408 libris
2694 3368 2838 3410 sac.
2872 3367 2956 3410 xu
2990 3351 3298 3430 peraratis
3325 3368 3457 3411 esse
3511 3351 3739 3425 solent,

323 3457 396 3512 ut
447 3451 738 3511 videlicet
793 3471 818 3505 ε
878 3453 940 3508 et
970 3474 1047 3524 αι,
1082 3474 1117 3527 ῃ
1165 3474 1179 3505 t
1213 3452 1275 3507 et
1303 3473 1373 3520 ει,
1405 3471 1433 3505 o
1459 3455 1520 3507 et
1545 3473 1612 3518 ω,
1646 3471 1697 3505 οι
1731 3450 1794 3505 et
1823 3473 1878 3520 υ⁹
1935 3463 1953 3504 ε

2119 3465 2164 3505 ιε
2223 3445 2386 3506 inter
2445 3465 2508 3507 se
2565 3447 3060 3526 confundantur,
3123 3467 3326 3527 neque
3379 3449 3469 3509 ita
3527 3467 3749 3510 rarum

323 3550 426 3622 sit,
465 3550 542 3612 είς
571 3551 670 3620 τήν
706 3547 815 3609 l‘ol.
850 3546 966 3608 315
999 3545 1290 3622 -recto(ed.
1318 3543 1448 3623 95.)
1483 3543 1786 3622 scriptum
1824 3543 2104 3623 conspici
2135 3544 2243 3613 sic,
2273 3550 2435 3619 ἠςήν.
2469 3543 2795 3622 Ejusmodi
2827 3547 3056 3606 menda
3114 3547 3330 3608 notavi
3386 3546 3700 3607 interdum
3731 3563 3746 3608 :

325 3647 731 3725 plerumque,
787 3643 1044 3724 quando
1103 3643 1258 3703 nihil
1317 3641 1639 3703 habebant
1693 3639 1859 3719 quod
1921 3640 2106 3700 ﬁdem
2144 3647 2406 3721 recepta
2468 3641 2755 3701 lectionis
2806 3642 3191 3704 labefactare
3249 3650 3483 3724 posset,
3539 3644 3745 3705 omisi.

326 3747 399 3806 In
462 3761 734 3822 summa,
794 3744 994 3804 fateor
1050 3761 1174 3802 non
1235 3741 1536 3820 majorem
1602 3757 1696 3799 me
1755 3738 2036 3800 laborem
2097 3740 2471 3819 suscepisse,
2527 3759 2720 3819 quam
2775 3759 2882 3802 eos
2935 3742 3242 3803 sustinere
3325 3762 3576 3804 necesse
3628 3748 3742 3818 est,

325 3839 439 3918 qui
521 3840 736 3902 codice
813 3859 890 3901 ex
943 3839 1128 3900 unico
1184 3838 1458 3918 pendent
1506 3837 1567 3897 in
1644 3836 1892 3911 [XXIII]
1959 3836 2264 3916 scriptore
2323 3838 2594 3917 primum
2653 3837 2920 3899 edendo.
2978 3838 3092 3900 Ubi
3151 3839 3280 3900 fere
3332 3859 3456 3900 non
3515 3845 3746 3919 potest,

334 3937 486 4017 quin
546 3958 693 4018 pars
801 3939 1171 3999 mendorum
1285 3935 1564 3998 codicem
1651 3933 2219 3995 contaminanlium
2307 3935 2699 4014 diligentiam
2758 3937 2851 3998 vel
2909 3937 3394 4000 minutissimam
3463 3939 3751 4017 effugiat:

335 4055 504 4115 nque
533 4037 732 4117 ipsam
767 4035 1109 4099 editionem
1140 4035 1472 4096 redundet.
1505 4036 1604 4095 Ita
1634 4033 1803 4112 quod
1838 4038 1971 4093 erat
2021 4034 2332 4114 reliquum
2390 4034 2648 4107 tentavi,
2701 4042 2770 4096 ut
2801 4054 2942 4114 qua
3000 4054 3274 4115 possem,
3339 4035 3747 4114 conjecturis,

321 4139 386 4194 et
442 4135 1025 4215 comparationibus
1090 4134 1518 4205 emendarem,
1607 4129 1837 4192 collato
1897 4131 2178 4193 Cedreno
2235 4139 2297 4192 et
2353 4132 2641 4211 Scylitze,
2695 4134 2799 4211 qui
2861 4136 3196 4212 complura
3257 4152 3332 4194 ex
3391 4135 3598 4194 Leone
3656 4131 3747 4192 ad

319 4233 583 4294 verbum
669 4233 734 4293 in
825 4233 1120 4293 historias
1205 4251 1348 4292 suas
1437 4229 1898 4290 transtulerunt
1973 4228 2123 4309 (vid.
2185 4230 2441 4310 supra§
2497 4231 2658 4302 VIII,
2721 4230 2886 4290 intra
2945 4231 3137 4310 2:25):
3197 4238 3539 4310 postremo,
3597 4248 3738 4307 qua

316 4331 477 4392 ratio
508 4337 570 4391 et
598 4331 888 4392 doctrina
914 4330 1321 4411 prascribere
1350 4328 1748 4398 videbantur,
1775 4345 1851 4388 ea
1885 4346 1998 4406 pro
2031 4328 2333 4390 facultate
2365 4328 2428 4388 in
2463 4328 2901 4389 constituenda
2922 4328 3207 4389 oratione
3240 4330 3454 4390 Graca
3483 4331 3748 4388 conatus

324 4447 460 4488 sum
494 4435 821 4508 prastare.

395 4527 466 4585 Χ.
527 4527 841 4588 Libellum
901 4531 1032 4608 Περὶ
1088 4529 1421 4608 παράδρμῆς
1481 4529 1684 4600 πολου,
1728 4524 1818 4585 De
1882 4523 2025 4583 velit

2103 4529 2238 4584 ione
2299 4521 2534 4597 bellica,
2597 4523 2806 4584 adhuc
2863 4523 3196 4601 ineditum,
3257 4523 3537 4584 secundo
3591 4523 3731 4583 loco

315 4623 639 4692 collocavi,
675 4630 745 4684 nt
798 4623 1125 4685 historiam
1180 4629 1498 4702 gestarum
1559 4642 1596 4683 a
1652 4622 2008 4701 Nicephoro
2067 4625 2228 4699 Aug.
2294 4639 2503 4680 rerum
2557 4621 2814 4700 scriptio
2875 4620 3159 4700 ejusdem
3213 4621 3393 4699 jussu
3456 4620 3748 4682 confecta

317 4721 658 4801 exciperet.
735 4726 932 4791 Quam
1007 4739 1134 4782 non
1194 4721 1274 4781 ab
1333 4720 1470 4799 ipso
1533 4721 1887 4801 Nicephoro
1942 4718 2167 4780 litteris
2227 4719 2662 4796 consignatam
2723 4737 2879 4794 esse,
2938 4719 3479 4798 quemadmodum
3541 4719 3748 4780 Meur-

319 4819 451 4881 sius
509 4820 919 4883 existimabat
977 4820 1171 4900 (conf.
1235 4817 1527 4882 Lambec.
1587 4821 1939 4882 Comment.
2005 4818 2082 4878 de
2139 4817 2300 4878 Bibl.
2363 4819 2519 4878 Cas.
2599 4819 2728 4890 VII,
2807 4816 3000 4898 433.),
3082 4837 3226 4878 cum
3303 4837 3378 4878 ex
3451 4818 3752 4880 universo

318 4935 507 4995 opere
571 4917 976 4998 perspicitur,
1040 4923 1172 4979 tum
1231 4934 1378 4978 vero
1446 4917 1682 4997 apertis
1749 4916 1956 4981 verbis
2020 4915 2136 4976 sub
2203 4915 2390 4976 ﬁnem
2451 4914 2866 4994 prafationis,
2929 4917 3068 4988 119,
3138 4915 3524 4978 declaratur.
3614 4919 3742 4977 Nec

323 5018 556 5083 tamen,
611 5016 664 5075 si
720 5017 797 5077 de
856 5016 1112 5076 nomine
1163 5014 1487 5093 scriptoris
1545 5035 1671 5077 non
1733 5015 2042 5076 habemus
2101 5013 2270 5092 quod
2325 5013 2584 5091 liqueat,
2624 5012 2701 5072 de
2755 5019 3037 5091 tempore
3097 5031 3226 5091 quo
3280 5013 3606 5074 confectus
3663 5013 3746 5073 sit

325 5111 379 5172 is
418 5115 946 5188 Commentarius,
990 5112 1301 5174 dubitatio
1345 5113 1593 5175 inﬁnita
1652 5133 1785 5175 esse
1843 5119 2076 5194 potest.
2137 5113 2240 5173 Ait
2296 5119 2538 5185 auctor,
2599 5111 2883 5191 quisquis
2939 5116 3033 5172 est
3086 5111 3216 5184 ille,
3275 5129 3314 5172 a
3374 5109 3731 5190 Nicephoro

314 5210 530 5274 Phoca
599 5215 759 5293 Imp.
844 5212 1214 5274 mandatum
1288 5211 1407 5272 sibi
1464 5230 1623 5286 esse,
1694 5217 1763 5272 ut
1821 5230 2017 5290 genus
2051 5209 2170 5270 hoc
2228 5210 2506 5270 bellandi
2563 5209 2876 5289 scriptura
2934 5215 3441 5289 persequeretur.
3539 5207 3724 5267 Illum

329 5316 541 5371 autem
631 5312 713 5372 ob
790 5331 889 5372 res
954 5311 1115 5372 bene
1187 5316 1396 5389 gestas
1472 5310 1768 5372 laudibus
1839 5310 1913 5370 iis
1987 5309 2188 5382 effert,
2271 5308 2500 5386 quibus
2564 5326 2880 5388 quemque
2945 5308 3316 5369 memoriam
3361 5306 3496 5385 ejus
3564 5322 3748 5364 reno-

321 5426 523 5482 vasse,
613 5411 951 5489 superstite
1026 5415 1088 5469 et
1167 5409 1522 5488 imperante
1609 5427 1977 5488 percussore
2057 5407 2194 5484 ejus
2273 5407 2518 5468 Joanne
2587 5407 2914 5481 'l‘zimisce,
2995 5407 3098 5467 vix
3157 5411 3252 5466 est
3330 5403 3741 5465 credendum.

328 5507 575 5567 Etenim
634 5507 949 5588 repentini
998 5506 1309 5586 homines,
1369 5525 1443 5568 ac
1500 5524 1613 5586 per
1667 5508 1870 5568 scelus
1927 5505 2005 5566 ad
2064 5522 2314 5565 summa
2367 5505 2588 5578 evecti,
2651 5524 2778 5585 quo
2833 5506 3151 5566 uberiores
3200 5503 3441 5562 fructus
3508 5503 3747 5579 patrati

315 5604 618 5667 facinoris
675 5605 956 5687 capiunt,
1020 5623 1094 5668 eo
1180 5604 1616 5666 vehementius
1673 5604 1811 5684 ejus
1891 5603 2496 5665 commemoratione
2549 5608 3051 5666 commoventur.
3112 5601 3262 5660 Ideo
3314 5599 3598 5660 adducor
3656 5604 3724 5660 ut

312 5703 597 5781 credam,
633 5705 871 5786 scripta
905 5723 979 5766 ea
1036 5704 1292 5764 demum
1354 5721 1488 5764 esse
1543 5703 1660 5764 sub
1717 5702 1952 5764 Basilio
2013 5708 2075 5764 et
2124 5702 2559 5775 Constantino,
2617 5720 2828 5762 rerum
2885 5699 3099 5779 potitis
3157 5715 3214 5757 a.
3278 5697 3418 5756 976.
3481 5695 3751 5756 Accedit

311 5801 509 5883 quod,
544 5803 792 5882 quoties
823 5801 1136 5883 principis
1158 5802 1229 5863 fit
1259 5802 1520 5880 mentio,
1553 5801 1739 5864 toties
1790 5808 1936 5864 auct

2113 5819 2329 5862 umero
2387 5798 2619 5880 plurali
2678 5800 2914 5862 utitur:
2951 5805 3002 5858 ot
3035 5805 3180 5878 ἅγιοι
3241 5804 3402 5876 ήμῶν
3464 5799 3735 5877 βασιλεῖς,

311 5903 462 5969 155.
492 5912 600 5964 τῶν
637 5906 802 5985 ἁγίων
837 5907 1135 5984 βασιλέων,
1167 5903 1306 5981 155,
1337 5910 1443 5962 τῶν
1478 5904 1751 5983 βασιλέων
1784 5908 1941 5982 ήμῶν

2119 5927 2169 5978 ν,
2205 5901 2342 5974 154,
2374 5899 2543 5980 quod
2598 5896 2663 5958 in
2720 5896 3112 5976 geminatum
3192 5893 3410 5958 Basilii
3466 5898 3532 5955 et
3585 5894 3747 5955 Con-

308 6004 576 6070 stantini
621 5999 957 6082 imperium
1008 5999 1324 6080 quadrare
1379 6004 1525 6082 apte
1581 5998 1855 6063 videtur.
1927 5997 2252 6062 Habemus
2333 5997 2526 6077 igitur
2581 5995 2646 6058 in
2702 5995 2824 6058 hoc
2881 5994 3099 6058 libello
3159 5993 3579 6076 perscriptam
3637 6007 3749 6067 no-
