4128 6442
368 437 484 498 647
1650 427 1720 490 C.
1767 428 1838 486 Β.
1886 426 1992 486 ΗΑ

2159 424 2569 524 ΡΗᾸΕΕἊΤΙΟ
3669 427 3789 489 648

369 562 596 637 titiam,
642 555 1173 639 quemadmodum
1236 552 1468 614 saeculo
1517 572 1556 611 x
1615 551 1822 612 medio
1882 556 1992 611 aut
2051 556 2320 612 exeunte
2385 569 2421 610 a
2480 549 2714 612 Graecis
2771 549 2871 611 vel
2931 548 3496 612 administrabatur
3548 551 3787 614 bellum

370 659 436 721 in
469 657 705 737 asperis
734 653 944 725 Tauri,
1030 651 1370 724 Antitauri,
1460 649 1688 712 Amani
1729 648 1904 723 locis,
1966 648 2066 708 vel
2123 647 2553 710 administrari
2607 647 2945 711 debuisset.
3009 651 3100 710 Ea
3160 668 3283 709 una
3343 668 3440 709 me
3474 653 3794 730 permovit

370 759 554 828 ratio,
620 760 688 814 ut
745 754 808 814 in
870 751 1165 812 volumen
1226 749 1386 809 istuc
1445 748 1788 826 reciperem
1848 747 2250 826 opusculum,
2314 747 2484 826 quod
2545 746 2664 807 nisi
2719 766 2834 827 pro
2891 747 3349 808 commentario
3410 749 3668 810 militari
3727 747 3790 812 in

368 853 802 934 expeditiones
881 850 1111 910 Phocze
1170 848 1619 925 Tzimiscmque
1675 865 1712 906 a
1765 849 1975 906 Leone
2051 864 2379 924 expressas
2436 845 2672 906 habere
2725 845 2919 920 velis;
2971 846 3251 924 alioquin
3309 846 3493 908 facile
3561 850 3790 938 fateor,

365 971 572 1032 neque
620 969 828 1012 rerum
887 948 1092 1027 copia,
1143 965 1347 1024 neque
1405 944 1681 1006 auctoris
1740 943 2053 1017 doctrina,
2111 945 2344 1003 nedum
2404 943 2722 1022 elegantia
2777 943 3050 1022 dicendi,
3104 942 3345 1023 [XXIV]
3407 945 3546 1024 plus
3597 951 3791 1026 quam

367 1053 570 1111 multa
608 1049 734 1109 alia
782 1046 1066 1125 ejusdem
1115 1045 1340 1116 aetatis,
1402 1062 1544 1123 quae
1594 1041 1857 1102 editioni
1911 1047 2138 1120 parata
2195 1041 2490 1115 habeam,
2549 1041 2752 1102 lucem
2798 1059 3205 1102 commerere.
3269 1041 3417 1102 Gavi
3468 1051 3657 1118 certe,
3721 1052 3792 1108 ut

368 1169 450 1209 ne
523 1148 677 1227 quid
732 1145 1000 1206 nimium
1060 1163 1095 1203 a
1155 1141 1336 1202 nobis
1385 1141 1447 1200 in
1506 1141 1625 1201 hac
1671 1147 1850 1219 parte
1909 1139 2227 1218 adjectum
2280 1157 2412 1201 esse
2460 1139 2793 1201 diceretur.
2868 1142 3151 1212 Quatuor
3211 1147 3390 1200 erant
3447 1141 3667 1214 Codd'.,
3721 1144 3786 1205 in

364 1249 594 1328 quibus
649 1246 932 1307 libellum
979 1243 1150 1302 hunc
1198 1242 1585 1302 offenderem
1621 1257 1634 1300 :
1671 1240 1750 1320 Ι.)
1804 1238 2038 1316 Regius
2091 1239 2246 1300 2137
2281 1239 2388 1300 fol.
2423 1240 2534 1300 371
2599 1259 2771 1300 verso
2827 1274 2907 1285 —
2960 1240 3078 1300 409
3134 1248 3338 1313 recto;
3403 1241 3511 1321 Il.)
3555 1243 3785 1323 Regius

366 1349 528 1411 2445
585 1347 695 1406 fol.
747 1344 864 1405 320
948 1351 1105 1402 recto
1139 1376 1216 1385 —
1277 1341 1393 1401 335
1444 1358 1651 1414 verso;
1714 1338 1847 1418 IlI.)
1899 1338 2106 1399 Codex
2163 1340 2262 1398 N°.
2316 1337 2393 1399 26
2457 1338 2894 1417 Supplementi
2951 1339 3173 1411 nostri,
3281 1358 3467 1419 quem
3542 1342 3605 1403 in
3674 1361 3786 1407 ora

365 1446 554 1506 modo
583 1441 856 1503 iudicavi
887 1440 1094 1501 littera
1120 1443 1190 1517 B,
1229 1438 1414 1498 modo
1448 1437 1608 1515 siglo
1667 1436 1807 1508 hoc,
1871 1435 2013 1498 Cod.
2075 1438 2301 1517 suppl.,
2353 1435 2441 1496 ibi
2495 1437 2726 1514 legitur
2772 1437 2825 1496 is
2872 1436 3124 1497 libellus
3181 1438 3286 1498 fol.
3353 1442 3462 1500 171
3519 1451 3677 1502 recto
3709 1476 3785 1488 —

365 1543 482 1605 172
545 1560 712 1603 verso
747 1558 762 1614 ;
824 1537 958 1617 IV.)
988 1536 1316 1597 Palatinus
1348 1537 1425 1596 N°
1473 1537 1613 1608 393,
1648 1553 1706 1596 a.
1746 1535 1899 1594 I797
1957 1552 2035 1594 ex
2064 1533 2234 1597 Urbe
2263 1534 2565 1595 advectus
2598 1534 2661 1594 in
2709 1533 3190 1611 Bibliothecam,
3228 1555 3288 1598 a.
3326 1537 3480 1601 1815
3525 1541 3788 1601 Romam

361 1646 745 1722 reportatus.
782 1639 832 1698 E
875 1635 1105 1714 quibus
1153 1633 1215 1694 in
1261 1633 1504 1694 edendo
1545 1639 1796 1694 secutus
1847 1652 1981 1693 sum
2041 1633 2437 1714 potissimum
2493 1632 2647 1693 Cod.
2708 1633 2859 1711 Reg.
2922 1633 3119 1696 2437:
3175 1635 3356 1714 cujus
3414 1643 3484 1698 ut
3531 1637 3684 1699 folia
3709 1639 3774 1698 in

362 1739 646 1819 margine
673 1735 962 1798 editionis
985 1733 1308 1807 annotavi,
1338 1731 1428 1792 ita
1457 1731 1760 1792 lectiones
1823 1731 2098 1811 intelligi
2150 1737 2424 1812 oportet,
2484 1731 2731 1810 quoties
2793 1731 2942 1796 Cod.
3003 1734 3080 1808 A,
3140 1734 3269 1795 sive
3325 1736 3514 1796 etiam
3593 1739 3792 1812 Cod.,

360 1836 666 1917 singulari
698 1852 982 1903 numero,
1019 1831 1082 1892 in
1113 1850 1225 1892 ora
1257 1831 1598 1910 ascriptum
1630 1831 1878 1908 legitur.
1913 1831 2035 1893 Ubi
2069 1829 2261 1894 Codd.
2298 1830 2653 1910 pluraliter,
2716 1830 2993 1909 reliquos
3021 1838 3144 1892 tres
3191 1833 3254 1893 in
3286 1834 3636 1896 subsidium
3670 1839 3798 1898 vo-'

366 1939 525 2011 CBVI.
558 1935 749 2014 idque
797 1950 966 2010 SEBPB
1022 1931 1294 1990 frustra:
1357 1930 1592 2008 Quippe
1639 1934 1821 1990 erant
1873 1934 2002 1990 tam
2036 1929 2363 2009 depravati
2424 1945 2667 2002 omnes,
2726 1935 2795 1989 ut
2850 1930 3175 1991 sententiae
3225 1939 3604 2012 complures,
3662 1935 3780 1996 nisi

363 2037 580 2114 aliqua
611 2049 844 2110 magna
877 2027 1186 2090 medicina
1217 2027 1525 2100 adhibita,
1563 2033 1854 2088 constare
1886 2028 2145 2088 omnino
2180 2047 2304 2088 non
2365 2033 2642 2106 possent.
2694 2026 3025 2106 Ejusmodi
3085 2029 3254 2090 locos
3283 2048 3361 2090 ex
3417 2031 3786 2111 conjectura

361 2133 701 2197 emendare
729 2135 994 2191 conatus
1031 2145 1212 2186 sum:
1247 2127 1337 2186 ita
1384 2133 1597 2186 tamen
1659 2132 1751 2199 ut,
1808 2127 2310 2205 quotiescunque
2369 2125 2506 2186 ﬁeri
2559 2132 2793 2204 posset,
2847 2127 3246 2206 transpositis
3305 2131 3514 2208 potius
3573 2131 3780 2192 verbis

363 2251 555 2314 quam
591 2227 870 2300 mutatis,
907 2243 1047 2286 meo
1091 2242 1264 2285 more
1301 2225 1565 2286 nimium
1621 2224 1954 2303 religiosus
1999 2224 2065 2285 in
2119 2223 2590 2303 exemplaribus
2643 2224 3001 2302 sequendis,
3062 2244 3255 2306 quam
3314 2228 3680 2289 temerarius
3711 2229 3775 2289 in

364 2327 775 2408 corrigendis,
810 2342 943 2384 esse
973 2322 1250 2382 mallem.
2387 2402 2393 2408 ~

440 2431 544 2490 XI.
582 2424 778 2504 Hujus
811 2427 1021 2482 autem
1053 2419 1349 2490 auctoris,
1393 2419 1680 2500 quisquis
1712 2419 1848 2494 fuit,
1883 2419 2133 2482 dicendi
2165 2439 2362 2500 genus
2393 2423 2566 2481 caret
2623 2419 2919 2482 omnibus
2949 2422 3360 2494 ornamentis,
3420 2422 3775 2486 horridius-

365 2546 489 2608 que
519 2531 612 2588 est
641 2543 715 2587 ac
746 2518 1160 2603 prmfractius.
1195 2521 1562 2579 Sermonem
1595 2519 1918 2598 vulgarem
1951 2520 2307 2599 frequentat
2360 2537 2502 2580 saec.
2539 2536 2580 2576 x
2602 2515 2737 2596 jam
2770 2519 3114 2600 plurimum
3149 2539 3186 2582 a
3215 2521 3464 2602 syntaxi
3519 2522 3776 2602 elegan-

378 2626 535 2687 tiore
647 2621 921 2683 abfuisse
1021 2617 1459 2678 demonstrant
1569 2617 1943 2679 nominativi

2145 2618 2345 2679 soluti
2404 2618 2559 2684 125:
2671 2624 2894 2694 Πλῆθος
2922 2616 3021 2700 γάρ
3133 2653 3210 2666 -
3297 2621 3431 2682 130.
3466 2628 3610 2701 ὁρῶν
3699 2655 3775 2669 -

382 2729 604 2785 contra
675 2739 865 2800 quam
979 2715 1316 2795 oportebat
1398 2715 1627 2795 positi:
1744 2715 2006 2795 genitivi

2155 2717 2346 2778 soluti
2471 2719 2620 2781 item
2711 2720 2866 2780 I23:
2906 2725 3311 2799 μανθανόντων,
3364 2727 3779 2799 -ὁρμήσωσι,

369 2821 505 2882 150,
543 2817 892 2902 ἐγγιζόντων,
933 2823 1065 2883 159.
1102 2817 1498 2894 διατιθεμένου·
1613 2813 1999 2892 subjunctivx

2161 2815 2378 2876 aoristi
2495 2837 2606 2898 pro
2694 2820 2906 2880 futuro
3021 2821 3378 2895 usurpatus,
3494 2820 3561 2878 ut
3637 2817 3776 2894 140,

366 2925 698 3002 ἐκφύγωσιν,
757 2920 1046 2999 effugient
1101 2916 1296 2999 (quod
1353 2912 1518 2973 idem
1582 2912 1643 2971 in
1687 2912 1901 2973 multis
1957 2912 2369 2993 praecipitatae
2426 2916 2680 2978 Graeciae
2739 2914 3151 2996 scriptoribus
3209 2933 3321 2974 usu
3385 2915 3592 2975 venit:
3652 2915 3777 2979 vid.

352 3017 552 3076 Indic.
587 3036 638 3076 s.
689 3035 749 3076 v.
817 3013 1312 3097 Conjunctwus):
1351 3017 1402 3071 ἐν
1465 3015 1772 3090 perpetuo
1831 3009 1982 3070 adhi

2149 3029 2188 3070 n
2250 3031 2364 3090 pro
2397 3018 2475 3081 εἷς
2534 3016 2670 3086 126,
2737 3012 2874 3089 127,
2938 3012 3075 3084 133,
3131 3015 3283 3085 152;
3328 3017 3428 3072 σὺν
3493 3021 3779 3074 constru-

354 3118 523 3174 ctum
557 3133 698 3174 cum
734 3114 1009 3192 genitivo
1045 3116 1207 3190 158,.
1245 3126 1634 3188 casuumque
1682 3108 1943 3168 omnino
1991 3108 2213 3169 crebra
2263 3110 2571 3171 confusio.
2632 3112 2847 3191 Neque
2895 3110 2949 3170 is
3005 3116 3174 3171 certe
3231 3107 3643 3191 quemquam,
3708 3117 3778 3172 ut

353 3215 624 3271 Leonem
685 3211 905 3273 fecisse
990 3207 1585 3278 demonstravimus,
1668 3205 1967 3284 exprimit
2023 3206 2342 3267 dicendo:
2406 3199 2798 3288 simplicibus
2869 3208 3068 3268 utitur
3123 3207 3480 3287 nativisque
3537 3210 3768 3270 verbis.

343 3308 547 3379 Quare
585 3308 839 3368 fuissem
892 3309 1146 3381 nimius,
1212 3306 1262 3366 si
1320 3305 1384 3365 in
1443 3303 1800 3364 scrutandis
1859 3303 2138 3364 fontibus
2191 3304 2566 3366 imitationis
2607 3312 2851 3367 tantum
2900 3306 3166 3384 egissem
3223 3305 3399 3384 satis,
3456 3313 3768 3384 quantum

344 3407 422 3467 ad
469 3409 732 3467 Leonem
777 3407 898 3486 egi.
955 3411 1148 3468 Notas
1207 3410 1439 3485 praeter
1495 3401 1731 3482 oppido
1787 3420 2045 3480 paucas,
2097 3403 2381 3464 resecui':
2445 3411 2764 3484 postrema
2821 3402 3278 3483 {undetriginta
3331 3403 3562 3484 capita,
3629 3425 3771 3483 qua:

346 3505 625 3567 habebat
680 3526 845 3568 unus
935 3508 1135 3568 codex
1219 3503 1575 3576 Palatinus,
1637 3501 1805 3582 quod
1852 3501 1931 3562 ab
2009 3503 2135 3564 alio
2196 3501 2416 3578 [ΧΠ]
2478 3512 2734 3566 auctore
2783 3504 2866 3566 ad
2919 3504 3041 3566 hoc
3097 3504 3471 3584 opusculum
3557 3503 3773 3566 addita

353 3604 823 3684 existimabam,
858 3605 919 3664 in
958 3603 1298 3684 prmsentia
1328 3599 1725 3680 praetermisi.
1762 3599 1923 3661 Sunt
1953 3607 2163 3662 autem
2198 3600 2479 3681 ejusdem
2514 3622 2714 3684 prope
2745 3603 3102 3682 argumenti
3160 3621 3287 3682 quo
3327 3603 3673 3683 superiora,
3707 3607 3776 3662 ut

357 3720 429 3763 ex
465 3703 660 3763 titulis
695 3707 900 3782 potest
929 3701 1221 3780 intelligi,
1255 3700 1364 3779 qui
1413 3699 1501 3761 sic
1527 3719 1592 3759 se
1625 3698 1862 3759 habent
1894 3716 1908 3758 :

422 3817 617 3873 XXVI.
646 3816 768 3870 ’Ὀτι
803 3812 864 3867 οὐ
897 3811 978 3867 δεῖ
1008 3811 1334 3883 ἀπΛηκεύειν
1370 3811 1421 3881 ἐξ
1453 3809 1640 3882 ἐτέρου
1672 3810 1903 3883 θέματος
1937 3808 2069 3865 λαὸν
2099 3811 2176 3874 εἷς
2207 3811 2390 3886 ἐτέρου
2425 3815 2657 3888 θέματος
2685 3816 2721 3886 ἢ
2752 3814 3026 3892 τάγματος
3057 3815 3362 3886 ἀπλῆκτον.

421 3905 655 3958 XXVII.
689 3901 820 3976 Περὶ
849 3904 959 3956 τῶν
993 3900 1044 3955 ἐν
1077 3901 1228 3954 νυκτί
1261 3898 1598 3974 ὀφειλουσῶν
1632 3898 1909 3975 γὲγνεσθαι
1941 3898 1993 3953 ἐν
2025 3901 2177 3956 νυκτὶ
2208 3903 2297 3956 καὶ
2327 3905 2511 3979 ἡμέρᾳ
2545 3901 2769 3979 βιγλῶν.

415 3992 664 4046 XXVIII.
700 3989 830 4065 Περὶ
859 3992 967 4043 τῶν
999 3988 1340 4066 ὁφειλουσῶν
1375 3988 1649 4062 γίγνεσθαι
1680 3987 1732 4042 έν
1764 3987 1915 4043 νυκτὶ
1945 3988 2035 4043 καὶ
2065 3991 2248 4065 ἡμέρᾳ
2282 3991 2512 4066 βιγλῶν.

419 4081 620 4138 XXIX.
655 4084 780 4140 Πῶς
815 4076 898 4133 δεῖ
951 4077 1338 4155 σμικρύνεσθαι
1397 4078 1458 4132 τὸ
1516 4076 1826 4150 ἀπλῆκτον,
1884 4076 2202 4154 ὂλοκλήρου
2249 4081 2350 4150 τῆς
2408 4086 2635 4151 πεζικῆς
2691 4088 2940 4158 στρατιᾶς
3003 4081 3382 4160 ὑπαρχούσης,
3442 4091 3544 4154 τῆς
3599 4081 3655 4139 δί
3715 4105 3777 4161 γε

351 4168 582 4238 ἱππικῆς
615 4167 929 4244 ὀλιγοστῆς.

419 4261 568 4316 XXX
599 4259 729 4333 Περὶ
758 4263 866 4314 τῶν
904 4259 975 4332 ιβ“
1002 4258 1334 4333 ταξιαρχῶν.

412 4350 610 4406 XXXI.
643 4349 764 4405 Ὃτι
823 4345 927 4420 δεῖ,
975 4346 1291 4424 ἐπισφαλῶν
1345 4347 1434 4402 καὶ
1495 4350 1693 4402 στενῶν
1752 4347 1935 4402 τόπων
1969 4347 2218 4403 ἁπάντων
2253 4353 2348 4422 (α),
2381 4348 2457 4412 εἰς
2515 4347 2614 4405 δύο
2671 4348 2898 4425 διαιρεῖν
2956 4355 3162 4408 ἅπασαν
3220 4354 3320 4424 τήν
3381 4354 3656 4428 στρατιὰν,
3686 4352 3775 4407 καὶ

351 4435 539 4499 ἶδικῶς
572 4436 928 4507 ἀπληκεύειν.

410 4529 638 4585 XXXII.
675 4529 804 4601 Περὶ
834 4530 954 4596 τοῦ,
981 4526 1182 4581 ὁπόσον
1214 4525 1444 4602 ἀριθμὸν
1477 4525 1685 4603 ὀφείλει
1717 4520 1864 4600 ἔχειν
1895 4527 1958 4582 τὸ
1991 4527 2214 4583 ἴππικὸν
2249 4530 2574 4602 στράτευμα.

411 4619 655 4672 XXXIII.
695 4619 816 4678 Πῶς
849 4613 934 4671 δεῖ
961 4620 1138 4671 ποιεῖν
1171 4617 1269 4686 τὴν
1304 4614 1364 4671 ἐκ
1390 4619 1487 4672 τοῦ
1522 4614 1812 4686 ἄπληκτοι)
1842 4614 2212 4692 στρατοπέδου
2243 4621 2444 4682 παντὸς
2477 4619 2824 4693 ἀποκίνησιν.

417 4706 668 4761 XXXIV.
703 4705 837 4780 Περί
867 4702 1205 4780 ὁδοιπορίας.

419 4796 633 4849 XXXV.
667 4793 798 4867 Περὶ
828 4797 946 4862 τοῦ,
979 4797 1096 4855 πῶς
1130 4792 1212 4848 δεῖ
1241 4799 1481 4865 ποιεῖεν,
1503 4792 1591 4849 ὅτε
1616 4797 1904 4869 γνωσθῶσι
1937 4794 2198 4870 πολέμιοι
2231 4798 2283 4852 έν
2311 4798 2463 4853 νυκτῖ
2499 4797 2788 4874 βούλεσθαι
2821 4797 3065 4854 ἐπελθεῖν
3089 4803 3168 4872 τῷ
3199 4799 3422 4874 χάρακι.

417 4885 664 4937 XXXVI.
721 4885 839 4943 ιΙῶς
900 4879 982 4936 δεῖ
1038 4888 1210 4938 ποιεῖν
1251 4929 1265 4953 ,
1323 4881 1473 4958 εἷ’περ
1538 4881 1938 4961 ὁδοιπορούσης
2006 4892 2106 4956 τῆς
2161 4893 2414 4963 στρατιᾶς
2473 4887 2735 4964 πολέμιοι
2802 4890 2936 4964 μετὰ
2996 4889 3216 4964 βαρείας
3274 4885 3550 4961 δυνάμεως
3607 4886 3776 4961 ταύτῃ

345 4970 670 5028 ἐπέλθωσιν.

415 5064 685 5119 XXXVII.
720 5061 846 5136 Περὶ
879 5066 998 5134 τοῦ,
1033 5061 1078 5116 εἷ
1110 5061 1407 5133 απαντησεί
1441 5059 1712 5134 στένωμα,
1745 5062 1779 5132 ἢ
1813 5063 2050 5140 γεφύρας
2078 5065 2170 5120 καὶ
2202 5071 2455 5140 ποταμοῦ
2492 5067 2695 5142 βαθέως
2726 5066 3041 5143 περαίωσις,
3071 5065 3124 5120 τί
3158 5061 3240 5120 δεῖ
3268 5069 3469 5125 ποιεῖν.

415 5153 709 5209 XXXVIII.
745 5153 873 5228 Περὶ
905 5156 1024 5221 τοῦ,
1061 5155 1136 5224 μὴ
1172 5151 1460 5227 ἐπάγεσθαι
1494 5149 1710 5220 πλῆθος
1735 5152 1900 5229 ἀργὸν
1938 5153 1990 5209 έν
2018 5158 2087 5229 τῇ
2114 5154 2378 5229 πολεμίᾳ,

412 5240 670 5297 XXXIX.
706 5239 836 5313 Περὶ
861 5246 961 5309 τῆς
994 5240 1344 5313 ἁρμοζούσης
1374 5236 1702 5302 πανοπλίας.

415 5331 530 5385 XL.
565 5329 695 5403 Περὶ
726 5333 846 5397 τοῦ,
884 5328 960 5400 μὴ
995 5325 1141 5402 ἔχειν
1174 5325 1303 5386 τοὺς
1336 5324 1744 5402 εὐτελεστέρους
1771 5333 1878 5383 τῶν
1913 5329 2196 5407 ἀρχόντων
2231 5334 2452 5404 σκηνάς.

418 5421 556 5474 XLI.
593 5420 718 5492 Περὶ
755 5416 1100 5492 δουκατὸρων
1132 5417 1221 5471 καὶ
1252 5419 1631 5472 κατασκιῖπων.

416 5511 579 5566 XLII.
615 5509 742 5582 Περὶ
776 5505 1100 5569 διελεύσεως
1139 5505 1463 5581 κλεισούρας
1496 5507 1572 5579 μὴ
1603 5508 1982 5583 κατεχομένης
2013 5513 2160 5586 παρά
2187 5517 2296 5568 τῶν
2331 5510 2638 5586 πολεμίων.

417 5598 602 5655 XLIII.
639 5597 768 5670 Περῖ
800 5593 1125 5670 κλεισούρας
1154 5597 1534 5670 κατεχομένης
1569 5596 1670 5652 ὑπὸ
1694 5602 1802 5653 τῶν
1834 5598 2145 5675 πολεμίων.

413 5688 604 5742 XLIV.
643 5687 775 5761 Περὶ
796 5684 1149 5758 πολιορκίας.

413 5774 568 5829 XLV.
601 5778 724 5838 Πῶς
759 5773 841 5829 δεῖ
871 5773 1231 5853 φυλάττεσθαι
1263 5774 1392 5840 τοὺς
1424 5774 1500 5837 εἰς
1536 5773 1812 5856 συλλογὴν
1837 5783 2041 5856 χρειῶν
2071 5777 2606 5858 ἀποστελλομένους,
2638 5779 2727 5836 καὶ
2756 5777 2884 5845 τοὺς
2913 5779 3177 5857 νέμοντας
3204 5779 3332 5844 τοὺς
3364 5777 3587 5840 ἵππους.

418 5916 490 5988 (α)
515 5919 669 5975 Fort.
703 5916 1088 5979 ἀπαντώντων.
