4128 6436
361 357 485 422 649
1611 357 1677 416 C.
1722 356 1792 416 B.
1840 355 1991 417 HAS

2163 357 2198 415 Β
2209 353 2520 418 ᾸΞΡΑἸῚΟ
2533 400 2548 416 .
3672 365 3793 425 650

433 487 616 543 XLVI.
653 488 777 546 Πῶς
808 481 894 538 δεῖ
921 484 1308 560 τροπώσασθαι
1339 483 1467 548 τοὺς
1497 483 1828 560 πολεμίους,
1854 483 1980 547 τοὺς
2016 483 2234 560 ἐνέδρας
2260 483 2576 558 τιθεμένους
2606 485 2742 540 κατᾶ
2767 491 2877 541 τῶν
2914 487 2991 551 εἷς
3037 486 3319 563 συλλογὴν
3381 495 3590 566 χρεῖῶν
3647 459 3799 568 ἐξερέ-

413 575 645 630 οιιένων.

413 597 440 630 ο
492 594 645 630 ενω».

367 594 638 722 χὲιέὶΝΙΙ.
663 662 794 740 Περὶ
823 665 947 734 τοῦ,
983 660 1033 716 εἲ
1067 664 1385 736 γνωσθῶσιν
1419 663 1471 718 οἱ
1503 661 1750 739 ἀρχηγοὶ
1780 666 1887 718 τῶν
1921 661 2203 736 πολεμίων
2242 663 2376 736 μετᾶ
2402 669 2502 733 τῆς
2538 664 2628 718 ὑπ’
2671 661 2854 727 αὐτοῖς
2910 662 3189 741 δυνάμεως
3245 668 3427 746 κρύφα
3491 667 3797 743 μέλλοντες

358 750 844 817 ἐπιϐουλεύσασθαι
874 755 955 823 τῷ
984 750 1362 828 στρατοπέδῳ,
1399 753 1434 823 ἢ
1467 757 1585 815 τοῖς
1616 753 1753 827 πρὸς
1785 751 2066 828 συλλογὴν
2103 752 2332 825 ἐξιοῦσιν
2371 753 2688 830 ὑπουργοῖς.

437 847 671 902 XLVIII.
701 846 827 906 Πῶς
857 839 940 896 δεῖ
967 841 1162 904 νυκτὸς
1191 846 1271 915 τῷ
1310 839 1585 915 ἀπλήκτῳ
1613 845 1720 896 τῶν
1749 840 2034 915 πολεμίων
2058 841 2330 898 ἐπελθεῖν.

437 935 616 993 XLIX.
647 936 774 989 Πῶς
807 929 1028 987 δυνατόν
1058 929 1168 987 ἐστι
1205 932 1322 1005 μετ’
1351 929 1763 1001 ἐπιτηδεύσεως
1790 930 1920 995 τοὺς
1949 928 2454 1008 πολιορκουμένους
2513 931 2650 1006 πρὸς
2709 931 2776 987 τὰ
2823 930 2980 995 ἐκτὸς
3037 933 3463 1008 ἐπισπάσασθαι,
3523 935 3612 992 καί
3639 958 3801 1013 τραυ-

369 1025 591 1100 ματίσαι
620 1020 846 1084 αὐτούς.

440 1117 499 1171 L.
533 1112 664 1189 Περὶ
692 1108 1099 1186 τειχομαχίας.

440 1205 528 1260 LI.
560 1199 691 1274 Περὶ
721 1204 844 1270 τοῦ,
875 1203 996 1262 πῶς
1030 1197 1113 1254 δεῖ
1141 1197 1233 1254 τὸν
1269 1199 1573 1276 στρατηγὸν
1599 1196 1909 1269 δικάζεσθαι
1943 1201 2039 1272 (a).

442 1294 555 1348 LII.
596 1290 726 1364 Περὶ
756 1287 1096 1362 ἀδνουμίων.

439 1383 579 1438 LIII.
613 1379 869 1457 Περῖτοῦ
901 1375 1179 1433 διδάσκειν
1208 1379 1300 1434 τὸν
1366 1377 1592 1454 στρατὸν
1643 1377 1735 1433 καὶ
1791 1375 1992 1447 ἐθίζειν
2049 1373 2126 1432 ἔτι
2184 1377 2237 1432 ἐν
2268 1380 2337 1452 τῇ
2392 1375 2504 1450 ῗδίᾳ
2533 1373 2680 1450 ὄντα,
2710 1379 2847 1434 κατά
2899 1379 3046 1451 τᾶξιν
3103 1378 3435 1452 ἀπληκεύειν
3487 1381 3576 1438 καὶ
3635 1380 3790 1438 ὁδοι-

412 1489 580 1525 οοειν.

366 1489 580 1544 πορειν.

437 1561 570 1616 LIV.
605 1559 736 1632 Περὶ
765 1561 862 1613 τοῦ
895 1554 1461 1622 ὗπαλλάττεσθαιτὰς
1488 1555 1818 1619 ἐκτελούσας
1874 1555 2052 1628 τάξεις
2103 1555 2204 1625 τὴν
2261 1559 2360 1610 τοῦ
2417 1553 2554 1610 σάκα
2611 1553 2910 1627 διακονίαν,
2971 1554 3061 1612 διὰ
3115 1558 3208 1613 τὸν
3267 1557 3443 1614 πολὺν
3487 1560 3658 1615 κόπον
3687 1564 3787 1617 τοῦ

481 1668 640 1702 οντος
667 1668 762 1702 IOl.

364 1648 842 1811 EPLV’fIIZé‘thth
880 1734 1256 1809 ὑποκειμένων
1290 1733 1580 1804 δουλειῶν,
1614 1735 1700 1790 ὅτι
1730 1734 1844 1809 χρὴ
1876 1733 1984 1808 πρὸ
2005 1729 2277 1809 ἡμετέρας
2303 1735 2507 1805 ταύτης
2532 1733 2938 1810 λελογισμένης
2978 1737 3041 1810 [Ι.
3096 1737 3310 1811 ἡμέρας
3364 1735 3566 1800 ταύτας
3626 1737 3798 1794 λελο-

363 1827 664 1902 γισμένως]
693 1828 903 1880 τυποῦν
937 1824 1027 1880 καὶ
1060 1823 1416 1889 διατίθεσθαι.

451 1954 690 2036 (XXVI)
745 1954 858 2036 Ea,
918 1954 1202 2036 inquam,
1260 1953 1498 2036 capita,
1558 1951 2037 2036 qualiacunque
2082 1960 2250 2036 sunt,
2321 1958 2384 2036 et
2442 1952 2743 2036 descripsi
2793 1953 3180 2036 jampridem
3236 1961 3299 2016 et
3367 1956 3591 2036 Latine,
3639 1975 3797 2017 con-

369 2032 552 2104 verti,
621 2032 690 2095 ut
743 2035 806 2094 in
842 2032 1275 2112 'subs’equenti
1334 2034 1549 2112 aliquo
1615 2033 1934 2092 volumine
2011 2032 2193 2092 facile
2268 2033 2509 2110 vulgari
2583 2032 2840 2110 queant,
2920 2037 2971 2094 si
3031 2035 3218 2095 modo
3277 2037 3438 2096 tanti
3498 2035 3796 2097 videntur

371 2114 654 2178 eruditis.
707 2116 984 2188 Quorum
1011 2113 1321 2192 judicium
1356 2115 1475 2174 hac
1504 2114 1582 2174 de
1611 2132 1678 2173 re
1708 2113 1994 2192 exquiro,
2031 2131 2237 2172 meum
2270 2115 2513 2174 nullum
2546 2115 2971 2193 interponens.

479 2198 615 2258 XII.
671 2197 812 2257 Jam
872 2195 1044 2275 quod
1096 2196 1173 2256 ad
1253 2195 1836 2274 interpretationem
1916 2195 2193 2254 Latinam
2280 2195 2566 2254 Historia
2624 2198 2847 2256 Leonis
2923 2195 3170 2268 attinet,
3229 2194 3402 2255 locos
3473 2193 3775 2254 versionis

369 2276 848 2338 Combefisiana
906 2281 969 2336 in
1025 2275 1262 2336 Criticis
1317 2275 1471 2352 Pagi
1513 2275 1692 2356 7(vide
1759 2293 1951 2356 supra
2024 2292 2170 2352 pag.
2230 2275 2369 2354 637)
2429 2283 2730 2347 servatos,
2793 2275 2913 2335 nisi
2989 2276 3096 2336 ubi
3171 2276 3506 2336 manifesto
3563 2276 3781 2356 lapsus

371 2363 531 2430 erat,
606 2357 824 2417 iisdem
884 2355 1347 2437 propemodum
1399 2355 1604 2415 verbis
1659 2357 1740 2437 in
1781 2355 2120 2437 editionem
2172 2373 2374 2414 meam
2423 2357 2630 2437 retuli.
2694 2357 2883 2436 Cujus
2940 2357 3028 2416 rei
3100 2374 3621 2435 unumquemque
3657 2355 3796 2437 rad-

374 2437 681 2498 monitum
741 2435 1158 2497 esse'velim:
1209 2455 1308 2508 ne,
1373 2438 1424 2496 si
1483 2454 1670 2514 quem
1726 2435 1789 2494 in
1852 2435 2138 2495 versione
2214 2443 2323 2496 aut
2375 2436 2520 2515 styli
2578 2438 3025 2507 inconstantia,
3088 2444 3198 2497 aut
3255 2437 3584 2516 quippiam
3645 2436 3781 2496 for-

372 2527 535 2578 tasse
594 2537 717 2577 non
776 2518 926 2578 satis
995 2535 1148 2596 pure
1207 2523 1397 2594 atque
1455 2517 1790 2576 amendate
1869 2517 2107 2576 dictum
2173 2516 2526 2587 offenderit,
2593 2519 2905 2582 continuo
2982 2517 3044 2577 id
3102 2517 3166 2576 in
3227 2518 3780 2596 reprehensionem

372 2599 740 2659 vertendum
799 2603 998 2677 putet.
1050 2600 1215 2659 Nam
1273 2603 1409 2657 erat
1463 2596 1874 2657 Combeﬁsius
1932 2596 2122 2656 homo
2173 2598 2311 2673 pius
2385 2598 2636 2675 quidem
2692 2607 2752 2658 et
2808 2599 2869 2657 in
2924 2599 3108 2658 rebus
3139 2599 3333 2658 sacris
3383 2597 3787 2676 singulariter

373 2683 620 2751 doctus,
689 2678 796 2738 sed
849 2678 958 2755 qui
1016 2696 1342 2757 nunquam
1401 2677 1480 2736 ab
1537 2677 1840 2757 orationis
1889 2677 2226 2757 asperitate
2285 2678 2708 2757 maestitiaque
2757 2679 2972 2738 abesse
3020 2679 3246 2756 potuit.
3308 2679 3498 2738 Nobis
3529 2695 3785 2755 quoque

372 2760 434 2819 in
489 2760 780 2821 universo
838 2756 1444 2834 volumine'lingua
1503 2765 1695 2836 atque
1754 2756 2145 2836 elocutionis
2182 2775 2334 2816 cura
2389 2756 2658 2836 (vereor)
2717 2778 2840 2818 non
2901 2767 3077 2818 tanta
3132 2759 3272 2829 fuit,
3355 2765 3596 2836 quanta
3655 2776 3789 2817 esse

376 2847 646 2918 poterat,
698 2841 961 2900 fortasse
1020 2841 1208 2899 etiam
1265 2837 1556 2898 debebat.
1593 2835 1738 2897 ’Sed
1790 2837 2046 2918 veniam
2093 2835 2404 2918 ejusmodi
2457 2838 2702 2898 facilius
2759 2839 2897 2898 dari
2955 2857 3135 2916 posse
3194 2835 3485 2899 existimo
3545 2841 3789 2918 Byzan-

373 2915 520 2981 tina
580 2919 860 2980 historia
935 2919 1255 2989 studiosis,
1339 2920 1729 2996 omninoque
1785 2917 1860 2976 iis
1929 2915 2031 2992 qui
2088 2916 2150 2975 in
2210 2917 2624 2997 scriptoribus
2704 2919 2892 2978 medii
2952 2915 3093 2988 avi,
3146 2918 3356 2978 nescio
3417 2915 3789 2997 quid'bar-

375 3003 597 3062 barum
637 3006 698 3061 et
752 3000 1200 3061 inconcinnum
1236 2999 1632 3068 sonantibus,
1668 2997 2114 3075 cogitationem
2150 2996 2369 3075 perdiu
2417 3005 2679 3075 ponunt.
2718 3001 3033 3058 Praeterea
3066 3000 3372 3058 bonorum
3407 2996 3788 3076 scriptorum

376 3080 733 3160 exemplum
766 3087 1166 3158 consecutus,
1193 3079 1291 3139 vel
1322 3081 1386 3138 in
1419 3079 1624 3138 verbis
1655 3081 1731 3138 ad
1767 3077 2100 3160 religiones
2124 3077 2693 3160 persuasionesque
2717 3078 3196 3160 pertinentibus,
3230 3079 3338 3137 ubi
3364 3078 3786 3160 fdifﬁcilimum

377 3170 531 3232 erat,
561 3158 776 3221 malui
807 3160 1124 3220 interdum
1147 3160 1385 3239 aliquid
1419 3160 1651 3220 audere
1701 3159 1931 3238 potius,
1968 3177 2156 3237 quam
2198 3159 2478 3218 Latinam
2539 3159 2888 3218 orationem
2925 3159 3136 3217 multis
3181 3159 3410 3219 Gracis
3465 3158 3790 3219 vocabulis

373 3243 727 3321 inquinare.
762 3240 1049 3322 (Nomina
1077 3261 1279 3301 rerum
1315 3247 1523 3322 Graeca
1551 3258 1680 3320 qua
1709 3241 2102 3299 convertimus
2137 3246 2202 3322 ut
2229 3239 2543 3298 Corniﬁcii
2575 3240 2778 3299 verbis
2811 3245 2970 3311 utar,
2993 3246 3220 3318 quarto
3256 3239 3780 3322 Rhetoricorum),

377 3319 477 3385 θα
503 3331 729 3383 remota
774 3319 928 3382 sunt
965 3340 1002 3382 a
1057 3320 1477 3381 consuetudine
1510 3338 1523 3380 :
1555 3319 1690 3400 Quae
1718 3326 1874 3379 enim
1903 3339 1994 3378 res
2024 3319 2188 3400 apud
2213 3329 2439 3378 nostros
2467 3339 2586 3381 non
2615 3329 2811 3392 erant,
2843 3339 3054 3379 earum
3107 3338 3305 3379 rerum
3362 3321 3606 3380 nomina
3661 3339 3782 3400 non

371 3414 651 3485 poterant
680 3422 796 3462 esse
849 3409 1098 3485 usitata.
1133 3399 1633 3485 Designationes
1661 3399 2073 3485 dignitatum,
2126 3401 2511 3485 patriarcha,
2562 3401 2964 3485 domesticus,
2999 3401 3400 3478 drungarius,
3436 3400 3688 3485 aliaque
3719 3399 3786 3458 id

379 3479 599 3563 genus,
672 3483 1018 3542 necessario
1076 3483 1328 3552 retinui,
1390 3480 1637 3563 tametsi
1669 3499 1743 3563 ex_
1779 3479 2149 3563 nitidissimo
2190 3481 2502 3563 ALatinatis
2561 3483 2732 3542 fonte
2791 3483 3285 3560 haudquaquam
3340 3480 3785 3563 profluxerint.

379 3559 546 3637 Quas
582 3559 633 3624 si
665 3563 928 3642 (XXVII)
959 3563 1099 3642 quis
1121 3568 1230 3622 aut
1260 3562 1453 3622 nimia
1478 3560 1746 3623 Romani
1768 3560 2072 3642 sermonis
2095 3559 2397 3642 religione
2417 3562 2666 3622 silentio
2690 3559 3034 3642 praterire,
3075 3568 3184 3621 aut
3218 3580 3327 3637 per
3356 3561 3788 3642 circuitionem

378 3639 696 3723 explicare
731 3639 1018 3712 voluerit,
1053 3661 1149 3704 na
1180 3643 1285 3702 ille
1334 3641 1929 3723 mihiiimprudens,
1992 3647 2048 3700 et
2105 3639 2285 3723 cujus
2340 3643 2644 3723 sententia
2692 3639 2971 3702 'minime
3027 3643 3320 3702 standum
3370 3641 3471 3714 sit,
3541 3641 3792 3723 videtur

373 3719 773 3805 jndicandus.
835 3724 1121 3805 "Versironi
1172 3722 1396 3805 Leonis
1453 3721 1532 3782 ad
1594 3720 1960 3805 marginem_
1994 3721 2362 3779 exteriorem
2419 3720 2715 3805 lectiones
2763 3723 3547 3805 codicissuntapposita,
3590 3719 3795 3805 sicubi

384 3801 628 3883 vocem,
689 3824 726 3864 a
786 3804 1056 3864 librariis
1109 3803 1440 3863 manifesto
1497 3809 1883 3878 corruptam,
1946 3801 2008 3859 in
2066 3806 2238 3883 textu
2280 3803 2523 3883 recepi.
2578 3803 2693 3864 Ηιιί
2752 3804 3064 3863 dubitatio
3123 3804 3400 3874 suberat,
3464 3803 3794 3861 lectionem

382 3881 619 3946 codicis
662 3884 725 3944 in
779 3891 951 3944 textu
1009 3884 1274 3955 servavi,
1330 3883 1756 3958 conjecturam
1790 3961 1793 3962 γ
1830 3899 2028 3941 meam
2091 3881 2294 3955 adieci
2368 3882 2430 3940 in
2489 3902 2619 3952 ora,
2701 3883 2749 3940 si
2807 3884 2988 3943 valde
3047 3883 3464 3962 probabilem,
3534 3883 3798 3961 praﬁxa

379 3967 590 4026 littera
621 3963 661 4024 ἰ.
695 3965 813 4025 hoc
870 3972 963 4024 est
1011 3965 1156 4044 tege,
1192 3965 1284 4024 sin
1346 3963 1573 4032 minus,
1639 3961 1896 4044 praefixa
1924 3964 2309 4044 [._/ortasse(
2347 3982 2488 4022 nam
2547 3967 2704 4040 forte
2733 3961 3059 4044 siquando
3091 3965 3494 4040 impressum,
3555 3969 3673 4034 est,
3733 3962 3796 4020 id

381 4065 601 4124 aquus
634 4045 828 4107 lector
855 4042 1205 4106 oscitantia
1275 4060 1612 4122 operarum
1671 4042 1996 4124 ascribat.)
2032 4043 2102 4124 ln
2127 4061 2374 4124 summa
2403 4044 2465 4102 id
2517 4045 2642 4124 egi,
2679 4049 2737 4102 ut
2774 4043 2850 4102 de
2880 4043 3345 4122 suspicionibus
3395 4046 3568 4116 meis,
3601 4060 3792 4121 quam

383 4122 651 4206 quaque
675 4126 1019 4204 probabilis
1049 4127 1135 4206 sit
1157 4126 1284 4206 sive
1314 4142 1496 4206 vana,
1534 4141 1726 4206 penes
1758 4123 2055 4206 lectorem
2089 4122 2392 4199 iudicium
2427 4122 2902 4206 relinqueretur.

458 4208 617 4267 XIII.
653 4201 974 4284 Superest,
1005 4212 1072 4266 ut
1103 4205 1180 4265 de
1209 4205 1494 4264 instituto
1525 4203 1952 4263 adnotationis
1984 4221 2162 4274 mea,
2200 4209 2470 4263 maxime
2501 4205 2580 4263 ad
2611 4208 2910 4270 Leonem,
2946 4203 2996 4264 si
3018 4203 3124 4281 qui
3156 4209 3452 4284 vagatum
3491 4220 3586 4284 me
3619 4201 3681 4261 in
3714 4201 3792 4260 iis

379 4286 569 4346 latius
597 4282 787 4365 atque
817 4287 1145 4347 deﬂexisse
1175 4303 1608 4365 sapenumero
1638 4285 1715 4365 de
1750 4284 1848 4344 via
1882 4289 2125 4365 putent,
2151 4284 2326 4365 apud
2355 4285 2817 4365 existimatores
2848 4284 3071 4343 harum
3103 4302 3330 4365 rerum
3363 4282 3794 4365 intelligentes

379 4373 442 4426 et
475 4360 700 4445 aquos'
726 4369 944 4445 paucis
976 4386 1075 4426 me
1107 4360 1392 4446 purgem.
1420 4363 1658 4424 Etenim
1684 4360 2323 4446 intelleaiitripliciter
2343 4364 2473 4424 fieri
2504 4384 2702 4446 posse,
2731 4371 2796 4423 ut
2819 4365 3078 4424 editoris
3099 4364 3159 4422 in
3180 4382 3370 4446 opere
3390 4360 3793 4446 exsequendo

379 4441 682 4508 sedulitas
703 4441 1014 4508 fautorem
1038 4441 1394 4508 nostrorum
1419 4446 1872 4506 benevolentia
1894 4443 2292 4522 aliquatenus
2316 4441 2740 4524 responderet.
2766 4449 2906 4508 Uno
2933 4446 3144 4522 modo,
3169 4445 3219 4503 si
3234 4443 3572 4524 scriptores
3595 4441 3791 4519 ipsos,

381 4529 680 4605 qualesin
719 4528 1077 4588 menbranis
1107 4527 1533 4596 offendissem,
1565 4525 1827 4584 sublatis
1858 4531 2102 4583 tantum
2141 4526 2486 4586 manifestis
2537 4526 2800 4603 mendis,
2839 4525 3052 4584 addita
3087 4525 3303 4584 Latina
3336 4523 3643 4605 versione,
3691 4539 3792 4605 ar:

383 4597 570 4668 bitrio
591 4610 980 4670 eruditorum
1006 4607 1456 4686 permitterem.
1491 4606 1749 4678 Deinde,
1783 4623 1923 4686 cum
1952 4606 2228 4682 plurima
2247 4615 2454 4665 essent
2485 4625 2688 4685 nuper
2715 4597 3199 4666 in'Bibliotheca
3236 4606 3449 4680 Regia,
3476 4601 3678 4662 multa
3702 4597 3797 4676 sui

382 4691 714 4768 persintacl
736 4689 1103 4759 hancdiem,
1121 4687 1203 4748 ad
1220 4685 2189 4768 resByzantinasquodammodo
2204 4687 2606 4768 pertinentia,
2630 4705 2830 4765 neque
2845 4687 3011 4768 edita
3030 4686 3259 4768 adhuc,
3287 4703 3493 4763 neque
3519 4700 3797 4768 unquam

384 4764 610 4847 opinor
639 4770 738 4849 (ut
783 4787 948 4829 nunc
979 4775 1126 4829 sunt
1156 4764 1466 4849 tempora)
1502 4767 1752 4843 integra
1783 4767 1982 4825 lucem
2021 4765 2250 4849 visura,
2289 4766 2445 4849 Vita
2474 4764 2874 4849 Sanctorum,
2909 4766 3191 4849 epistola
3224 4766 3488 4824 fratrum
3541 4764 3800 4824 devoto-

385 4846 550 4921 rum,
610 4846 988 4920 antistitum,
1060 4846 1587 4928 patriarcharum,
1646 4846 2392 4928 tratactusudogmatici,
2471 4847 2744 4921 ascetici,
2832 4848 3123 4924 polemici
3196 4864 3426 4928 magno
3503 4861 3792 4928 numero,

385 4931 647 4990 annales
677 4950 930 5009 qunque
961 4924 1200 5001 inediti,
1265 4928 1664 5006 pervolutare
1695 4947 1767 4987 ea
1825 4926 2118 5009 studiose
2151 4933 2341 5002 atque
2389 4945 2721 5009 excerpere
2778 4929 2942 5005 capi
2974 4927 3280 5009 quidquid
3314 4927 3517 5009 lucem
3566 4924 3802 5009 aiferre

387 5016 638 5087 poterat
686 5002 868 5070 annis
914 5011 1183 5071 sedecim
1243 5002 1351 5083 qui
1407 5028 1444 5068 a
1477 5015 1677 5068 morte
1734 5007 2125 5068 Constantini
2172 5009 2279 5068 VIl
2344 5002 2918 5086 Porphjrogeneta
2971 5002 3076 5086 (15
3133 5007 3474 5068 Novembr.
3519 5007 3664 5087 959)
3721 5002 3802 5063 ad

384 5085 774 5163 'I‘zimiscem,
810 5091 885 5152 IO
917 5093 1174 5151 Januar.
1208 5089 1328 5152 976
1360 5107 1598 5150 veneno
1629 5087 1973 5160 sublatum,
2007 5087 2411 5158 efﬂuxerunt,
2438 5085 2834 5166 quorumque
2866 5085 3235 5148 memoriam
3271 5091 3392 5148 Leo
3436 5085 3804 5166 complexus

387 5176 499 5230 est.
559 5171 680 5234 Ubi
713 5191 852 5231 cum
889 5173 1206 5251 praecipue
1251 5169 1389 5230 usui
1421 5169 1587 5251 mihi~
1603 5167 1836 5251 fuerint
1885 5168 2162 5251 historia
2190 5169 2356 5251 dua,
2393 5163 2594 5230 altera
2625 5163 2938 5229 Simeonis
2966 5167 3336 5251 Logotheta
3371 5166 3520 5245 (vid.
3555 5163 3797 5224 Harles.

385 5251 548 5311 Bibl.
585 5255 690 5314 Gr.
723 5254 858 5321 VII,
891 5248 1032 5321 685,
1086 5248 1186 5330 2.),
1239 5251 1442 5310 altera
1490 5249 1642 5310 Julii
1680 5248 1979 5330 Pollucis,
2028 5249 2131 5310 hic
2176 5250 2382 5309 facere
2431 5268 2552 5308 non
2602 5267 2878 5326 possum,
2940 5250 3091 5325 quin
3143 5248 3499 5308 Italicorum
3548 5259 3803 5330 quoque

383 5333 781 5393 eruditorum
807 5333 871 5393 in
899 5351 998 5393 me
1026 5324 1334 5402 animum,
1368 5348 1560 5408 quam
1614 5328 1924 5407 singulari
1966 5329 2174 5390 ofﬁcio
2223 5330 2432 5400 fuerit,
2465 5324 2685 5408 gratus
2713 5324 3232 5390 commemorem.
3267 5331 3420 5387 Nam
3474 5324 3804 5403 repentino

461 5591 537 5664 ig)
569 5590 764 5664 godex
786 5591 968 5664 male,
1012 5587 1416 5664 γυμνάζεσθαι.-
1619 5657 1656 5664 __
1779 5659 1801 5664 ,
2016 5660 2026 5664 -

2182 5588 2259 5664 Ilii
2286 5592 2518 5664 mutare
2541 5589 2662 5664 sic:
2695 5585 2975 5653 -κόπον,
3007 5588 3106 5640 τοῦ
3137 5582 3437 5660 ἄρχοντος,
3488 5579 3534 5636 εἰ
3567 5575 3812 5647 δυνατὸς,

459 5657 537 5733 (ὁ)
571 5662 664 5718 Sic
696 5662 880 5718 codex
909 5679 923 5718 :
954 5657 1058 5717 sed
1090 5657 1247 5742 lecto
1284 5659 1485 5732 capite
1514 5657 1724 5715 malim
1770 5659 1953 5717 ﬁnem
1989 5660 2062 5716 ti-

1014 5657 1058 5716 :d
1090 5657 1247 5742 lecto
1284 5659 1485 5732 capite
1514 5657 1724 5715 malim
1770 5659 1953 5717 ﬁnem
1989 5660 2062 5716 ti—
2171 5657 2429 5733 μένοντος
2459 5659 2644 5719 αὐτοῦ.

713 5781 976 5841 ΡΑτικοι..
1024 5779 1134 5839 Gn.
1183 5777 1356 5838 CXV.

3377 5771 3452 5834 21
