  <div class='ocr_page' id='page_1' title='image "/cluster/home/n/w/nwhite01/storage/ocr_20150623/117/coo.31924054870211/335.png"; bbox 0 0 4128 6430; ppageno 0'>
   <div class='ocr_carea' id='block_1_1' title="bbox 336 409 1966 483">
    <p class='ocr_par' dir='ltr' id='par_1_1' title="bbox 336 410 1964 483">
     <span class='ocr_line' id='line_1_1' title="bbox 336 410 1964 483; baseline -0.007 -3"><span class='ocrx_word' id='word_1_1' title='bbox 336 422 452 483; x_wconf 80' lang='grc'><strong>651</strong></span> <span class='ocrx_word' id='word_1_2' title='bbox 1577 411 1644 471; x_wconf 87' lang='lat' dir='ltr'><strong>C.</strong></span> <span class='ocrx_word' id='word_1_3' title='bbox 1692 413 1763 470; x_wconf 90' lang='lat' dir='ltr'><strong>B.</strong></span> <span class='ocrx_word' id='word_1_4' title='bbox 1811 410 1964 470; x_wconf 83' lang='lat' dir='ltr'><strong>HAS</strong></span> 
     </span>
    </p>
   </div>
   <div class='ocr_carea' id='block_1_2' title="bbox 2133 409 3763 483">
    <p class='ocr_par' dir='ltr' id='par_1_2' title="bbox 2133 409 3763 473">
     <span class='ocr_line' id='line_1_2' title="bbox 2133 409 3763 473; baseline 0.002 -4"><span class='ocrx_word' id='word_1_5' title='bbox 2133 409 2510 471; x_wconf 74' lang='lat' dir='ltr'><strong>RIEFATIO.</strong></span> <span class='ocrx_word' id='word_1_6' title='bbox 3640 412 3763 473; x_wconf 78' lang='grc'><strong>652</strong></span> 
     </span>
    </p>
   </div>
   <div class='ocr_carea' id='block_1_3' title="bbox 342 543 3762 633">
    <p class='ocr_par' dir='ltr' id='par_1_3' title="bbox 342 543 3762 633">
     <span class='ocr_line' id='line_1_3' title="bbox 342 543 3762 633; baseline -0.003 -12"><span class='ocrx_word' id='word_1_7' title='bbox 342 561 492 622; x_wconf 91' lang='lat' dir='ltr'><strong>anni</strong></span> <span class='ocrx_word' id='word_1_8' title='bbox 526 559 680 620; x_wconf 81' lang='grc'><strong>1815</strong></span> <span class='ocrx_word' id='word_1_9' title='bbox 712 562 1020 633; x_wconf 89' lang='lat' dir='ltr'><strong>tempore,</strong></span> <span class='ocrx_word' id='word_1_10' title='bbox 1056 569 1196 611; x_wconf 93' lang='lat' dir='ltr'><strong>cum</strong></span> <span class='ocrx_word' id='word_1_11' title='bbox 1231 556 1483 624; x_wconf 70' lang='lat' dir='ltr'><strong>statuae,</strong></span> <span class='ocrx_word' id='word_1_12' title='bbox 1543 548 1816 633; x_wconf 56' lang='lat' dir='ltr'><strong>tabulae,</strong></span> <span class='ocrx_word' id='word_1_13' title='bbox 1849 547 2490 633; x_wconf 32' lang='lat' dir='ltr'><strong>reliquaﬂcivitatum-</strong></span> <span class='ocrx_word' id='word_1_14' title='bbox 2513 552 2886 608; x_wconf 89' lang='lat' dir='ltr'><strong>ornamenta</strong></span> <span class='ocrx_word' id='word_1_15' title='bbox 2936 544 3206 633; x_wconf 77' lang='lat' dir='ltr'><strong>Parisios</strong></span> <span class='ocrx_word' id='word_1_16' title='bbox 3255 543 3405 633; x_wconf 73' lang='lat' dir='ltr'><strong>olim</strong></span> <span class='ocrx_word' id='word_1_17' title='bbox 3447 555 3762 633; x_wconf 76' lang='lat' dir='ltr'><strong>convecta.</strong></span> 
     </span>
    </p>
   </div>
   <div class='ocr_carea' id='block_1_4' title="bbox 343 627 3759 722">
    <p class='ocr_par' dir='ltr' id='par_1_4' title="bbox 343 627 3759 722">
     <span class='ocr_line' id='line_1_4' title="bbox 343 627 3759 722; baseline -0.003 -22"><span class='ocrx_word' id='word_1_18' title='bbox 343 640 634 722; x_wconf 80' lang='lat' dir='ltr'><strong>(XXVlIl)</strong></span> <span class='ocrx_word' id='word_1_19' title='bbox 669 627 946 722; x_wconf 82' lang='lat' dir='ltr'><strong>undique</strong></span> <span class='ocrx_word' id='word_1_20' title='bbox 969 638 1384 722; x_wconf 61' lang='lat' dir='ltr'><strong>_re_pe_t_en__tur,</strong></span> <span class='ocrx_word' id='word_1_21' title='bbox 1446 629 1674 722; x_wconf 75' lang='lat' dir='ltr'><strong>accipit</strong></span> <span class='ocrx_word' id='word_1_22' title='bbox 1707 635 1772 688; x_wconf 89' lang='lat' dir='ltr'><strong>ut</strong></span> <span class='ocrx_word' id='word_1_23' title='bbox 1801 629 1965 688; x_wconf 88' lang='lat' dir='ltr'><strong>inter</strong></span> <span class='ocrx_word' id='word_1_24' title='bbox 1996 627 2241 722; x_wconf 78' lang='lat' dir='ltr'><strong>codices</strong></span> <span class='ocrx_word' id='word_1_25' title='bbox 2366 629 2617 721; x_wconf 45' lang='lat' dir='ltr'><strong>.Urbem</strong></span> <span class='ocrx_word' id='word_1_26' title='bbox 2663 627 3076 722; x_wconf 60' lang='lat' dir='ltr'><strong>reportandos</strong></span> <span class='ocrx_word' id='word_1_27' title='bbox 3113 632 3275 686; x_wconf 85' lang='lat' dir='ltr'><strong>esset</strong></span> <span class='ocrx_word' id='word_1_28' title='bbox 3321 627 3666 722; x_wconf 50' lang='lat' dir='ltr'><strong>Vaticanus</strong></span> <span class='ocrx_word' id='word_1_29' title='bbox 3696 650 3759 722; x_wconf 66' lang='grc' dir='ltr'><strong>ηε</strong></span> 
     </span>
    </p>
   </div>
   <div class='ocr_carea' id='block_1_5' title="bbox 356 709 3762 793">
    <p class='ocr_par' dir='ltr' id='par_1_5' title="bbox 356 709 3762 793">
     <span class='ocr_line' id='line_1_5' title="bbox 356 709 3762 793; baseline -0.003 -14"><span class='ocrx_word' id='word_1_30' title='bbox 356 709 491 791; x_wconf 71' lang='grc'><strong>163,</strong></span> <span class='ocrx_word' id='word_1_31' title='bbox 523 709 694 777; x_wconf 84' lang='lat' dir='ltr'><strong>illam</strong></span> <span class='ocrx_word' id='word_1_32' title='bbox 727 709 927 793; x_wconf 82' lang='lat' dir='ltr'><strong>ipsam</strong></span> <span class='ocrx_word' id='word_1_33' title='bbox 959 709 1110 774; x_wconf 82' lang='lat' dir='ltr'><strong>Julii</strong></span> <span class='ocrx_word' id='word_1_34' title='bbox 1149 713 1419 772; x_wconf 83' lang='lat' dir='ltr'><strong>Pollucis</strong></span> <span class='ocrx_word' id='word_1_35' title='bbox 1450 710 1776 793; x_wconf 80' lang='lat' dir='ltr'><strong>historiam</strong></span> <span class='ocrx_word' id='word_1_36' title='bbox 1810 709 2383 793; x_wconf 84' lang='lat' dir='ltr'><strong>c_omplectens._lbi</strong></span> <span class='ocrx_word' id='word_1_37' title='bbox 2414 729 2554 770; x_wconf 92' lang='lat' dir='ltr'><strong>cum</strong></span> <span class='ocrx_word' id='word_1_38' title='bbox 2588 710 3044 793; x_wconf 78' lang='lat' dir='ltr'><strong>intellexissent</strong></span> <span class='ocrx_word' id='word_1_39' title='bbox 3067 713 3504 785; x_wconf 83' lang='lat' dir='ltr'><strong>procuratores</strong></span> <span class='ocrx_word' id='word_1_40' title='bbox 3528 711 3762 770; x_wconf 90' lang='lat' dir='ltr'><strong>summi</strong></span> 
     </span>
    </p>
   </div>
   <div class='ocr_carea' id='block_1_6' title="bbox 345 788 3760 879">
    <p class='ocr_par' dir='ltr' id='par_1_6' title="bbox 345 788 3760 879">
     <span class='ocr_line' id='line_1_6' title="bbox 345 788 3760 879; baseline -0.002 -21"><span class='ocrx_word' id='word_1_41' title='bbox 345 788 682 879; x_wconf 80' lang='lat' dir='ltr'><strong>pontificis,</strong></span> <span class='ocrx_word' id='word_1_42' title='bbox 717 788 812 855; x_wconf 83' lang='lat' dir='ltr'><strong>me</strong></span> <span class='ocrx_word' id='word_1_43' title='bbox 843 796 907 853; x_wconf 90' lang='lat' dir='ltr'><strong>in</strong></span> <span class='ocrx_word' id='word_1_44' title='bbox 932 793 1333 879; x_wconf 85' lang='lat' dir='ltr'><strong>conﬁciendis</strong></span> <span class='ocrx_word' id='word_1_45' title='bbox 1365 792 1529 879; x_wconf 85' lang='lat' dir='ltr'><strong>notis</strong></span> <span class='ocrx_word' id='word_1_46' title='bbox 1559 790 1685 879; x_wconf 78' lang='lat' dir='ltr'><strong>hoc</strong></span> <span class='ocrx_word' id='word_1_47' title='bbox 1716 789 2122 879; x_wconf 59' lang='lat' dir='ltr'><strong>codicesegre</strong></span> <span class='ocrx_word' id='word_1_48' title='bbox 2155 791 2523 879; x_wconf 81' lang='lat' dir='ltr'><strong>cariturum,</strong></span> <span class='ocrx_word' id='word_1_49' title='bbox 2561 788 3038 879; x_wconf 84' lang='lat' dir='ltr'><strong>perhumaniter</strong></span> <span class='ocrx_word' id='word_1_50' title='bbox 3071 795 3558 879; x_wconf 68' lang='lat' dir='ltr'><strong>negavernntse</strong></span> <span class='ocrx_word' id='word_1_51' title='bbox 3588 808 3760 850; x_wconf 91' lang='lat' dir='ltr'><strong>com-</strong></span> 
     </span>
    </p>
   </div>
   <div class='ocr_carea' id='block_1_7' title="bbox 339 869 3752 949">
    <p class='ocr_par' dir='ltr' id='par_1_7' title="bbox 339 869 3752 949">
     <span class='ocr_line' id='line_1_7' title="bbox 339 869 3752 949; baseline -0.003 -10"><span class='ocrx_word' id='word_1_52' title='bbox 339 869 675 948; x_wconf 77' lang='lat' dir='ltr'><strong>missuros,</strong></span> <span class='ocrx_word' id='word_1_53' title='bbox 713 883 781 936; x_wconf 91' lang='lat' dir='ltr'><strong>ut</strong></span> <span class='ocrx_word' id='word_1_54' title='bbox 827 895 863 934; x_wconf 92' lang='lat' dir='ltr'><strong>a</strong></span> <span class='ocrx_word' id='word_1_55' title='bbox 906 893 969 933; x_wconf 86' lang='lat' dir='ltr'><strong>se</strong></span> <span class='ocrx_word' id='word_1_56' title='bbox 1025 874 1246 932; x_wconf 84' lang='lat' dir='ltr'><strong>studiis</strong></span> <span class='ocrx_word' id='word_1_57' title='bbox 1305 873 1457 932; x_wconf 97' lang='lat' dir='ltr'><strong>meis</strong></span> <span class='ocrx_word' id='word_1_58' title='bbox 1513 873 1761 930; x_wconf 85' lang='lat' dir='ltr'><strong>obesset</strong></span> <span class='ocrx_word' id='word_1_59' title='bbox 1806 870 2178 946; x_wconf 88' lang='lat' dir='ltr'><strong>quidquam,</strong></span> <span class='ocrx_word' id='word_1_60' title='bbox 2258 873 2802 949; x_wconf 81' lang='lat' dir='ltr'><strong>permiseruntque</strong></span> <span class='ocrx_word' id='word_1_61' title='bbox 2880 875 2947 927; x_wconf 91' lang='lat' dir='ltr'><strong>ut</strong></span> <span class='ocrx_word' id='word_1_62' title='bbox 3018 887 3215 945; x_wconf 90' lang='lat' dir='ltr'><strong>usque</strong></span> <span class='ocrx_word' id='word_1_63' title='bbox 3282 869 3360 926; x_wconf 93' lang='lat' dir='ltr'><strong>ad</strong></span> <span class='ocrx_word' id='word_1_64' title='bbox 3411 870 3752 930; x_wconf 79' lang='lat' dir='ltr'><strong>editionem</strong></span> 
     </span>
    </p>
   </div>
   <div class='ocr_carea' id='block_1_8' title="bbox 337 949 3756 1028">
    <p class='ocr_par' dir='ltr' id='par_1_8' title="bbox 337 949 3756 1028">
     <span class='ocr_line' id='line_1_8' title="bbox 337 949 3756 1028; baseline -0.002 -10"><span class='ocrx_word' id='word_1_65' title='bbox 337 960 481 1019; x_wconf 93' lang='lat' dir='ltr'><strong>libri</strong></span> <span class='ocrx_word' id='word_1_66' title='bbox 530 963 581 1019; x_wconf 93' lang='lat' dir='ltr'><strong>is</strong></span> <span class='ocrx_word' id='word_1_67' title='bbox 612 957 808 1018; x_wconf 84' lang='lat' dir='ltr'>codex</span> <span class='ocrx_word' id='word_1_68' title='bbox 862 955 1112 1014; x_wconf 73' lang='lat' dir='ltr'><strong>Parisiis</strong></span> <span class='ocrx_word' id='word_1_69' title='bbox 1157 956 1529 1014; x_wconf 82' lang='lat' dir='ltr'><strong>remaneret.</strong></span> <span class='ocrx_word' id='word_1_70' title='bbox 1587 950 1894 1020; x_wconf 83' lang='lat' dir='ltr'><strong>Quocirca</strong></span> <span class='ocrx_word' id='word_1_71' title='bbox 1945 951 2254 1009; x_wconf 85' lang='lat' dir='ltr'><strong>maximas</strong></span> <span class='ocrx_word' id='word_1_72' title='bbox 2303 953 2540 1028; x_wconf 78' lang='lat' dir='ltr'><strong>gratias</strong></span> <span class='ocrx_word' id='word_1_73' title='bbox 2584 959 2644 1010; x_wconf 89' lang='lat' dir='ltr'><strong>et</strong></span> <span class='ocrx_word' id='word_1_74' title='bbox 2696 969 2815 1027; x_wconf 85' lang='lat' dir='ltr'><strong>ago</strong></span> <span class='ocrx_word' id='word_1_75' title='bbox 2865 957 2928 1008; x_wconf 86' lang='lat' dir='ltr'><strong>et</strong></span> <span class='ocrx_word' id='word_1_76' title='bbox 2975 949 3178 1008; x_wconf 84' lang='lat' dir='ltr'><strong>habeo</strong></span> <span class='ocrx_word' id='word_1_77' title='bbox 3227 950 3360 1008; x_wconf 90' lang='lat' dir='ltr'><strong>viro</strong></span> <span class='ocrx_word' id='word_1_78' title='bbox 3411 954 3756 1012; x_wconf 88' lang='lat' dir='ltr'><strong>reverendo</strong></span> 
     </span>
    </p>
   </div>
   <div class='ocr_carea' id='block_1_9' title="bbox 337 1030 3753 1118">
    <p class='ocr_par' dir='ltr' id='par_1_9' title="bbox 337 1030 3753 1118">
     <span class='ocr_line' id='line_1_9' title="bbox 337 1030 3753 1118; baseline -0.003 -18"><span class='ocrx_word' id='word_1_79' title='bbox 337 1048 526 1118; x_wconf 89' lang='lat' dir='ltr'><strong>atque</strong></span> <span class='ocrx_word' id='word_1_80' title='bbox 556 1040 646 1098; x_wconf 92' lang='lat' dir='ltr'><strong>ill.</strong></span> <span class='ocrx_word' id='word_1_81' title='bbox 711 1038 948 1096; x_wconf 88' lang='lat' dir='ltr'><strong>Marino</strong></span> <span class='ocrx_word' id='word_1_82' title='bbox 980 1037 1207 1118; x_wconf 84' lang='lat' dir='ltr'><strong>Marni,</strong></span> <span class='ocrx_word' id='word_1_83' title='bbox 1268 1035 1347 1118; x_wconf 79' lang='lat' dir='ltr'><strong>ab</strong></span> <span class='ocrx_word' id='word_1_84' title='bbox 1380 1033 1604 1092; x_wconf 90' lang='lat' dir='ltr'><strong>intimo</strong></span> <span class='ocrx_word' id='word_1_85' title='bbox 1643 1030 1944 1118; x_wconf 78' lang='lat' dir='ltr'><strong>cubiculo</strong></span> <span class='ocrx_word' id='word_1_86' title='bbox 2021 1031 2250 1118; x_wconf 74' lang='lat' dir='ltr'><strong>summi</strong></span> <span class='ocrx_word' id='word_1_87' title='bbox 2310 1031 2644 1118; x_wconf 67' lang='lat' dir='ltr'><strong>pontificis,</strong></span> <span class='ocrx_word' id='word_1_88' title='bbox 2693 1031 3041 1118; x_wconf 40' lang='lat' dir='ltr'><strong>etharchivi</strong></span> <span class='ocrx_word' id='word_1_89' title='bbox 3085 1039 3146 1090; x_wconf 89' lang='lat' dir='ltr'><strong>et</strong></span> <span class='ocrx_word' id='word_1_90' title='bbox 3195 1031 3529 1118; x_wconf 79' lang='lat' dir='ltr'><strong>apostolici</strong></span> <span class='ocrx_word' id='word_1_91' title='bbox 3577 1033 3753 1091; x_wconf 85' lang='lat' dir='ltr'><strong>Vati-</strong></span> 
     </span>
    </p>
   </div>
   <div class='ocr_carea' id='block_1_10' title="bbox 336 1110 3749 1198">
    <p class='ocr_par' dir='ltr' id='par_1_10' title="bbox 336 1110 3749 1198">
     <span class='ocr_line' id='line_1_10' title="bbox 336 1110 3749 1198; baseline -0.002 -19"><span class='ocrx_word' id='word_1_92' title='bbox 336 1110 477 1180; x_wconf 78' lang='lat' dir='ltr'><strong>cani</strong></span> <span class='ocrx_word' id='word_1_93' title='bbox 535 1110 1218 1198; x_wconf 66' lang='lat' dir='ltr'><strong>praefecto,_cujus__in</strong></span> <span class='ocrx_word' id='word_1_94' title='bbox 1269 1114 1389 1198; x_wconf 91' lang='lat' dir='ltr'><strong>hoc</strong></span> <span class='ocrx_word' id='word_1_95' title='bbox 1447 1112 1700 1198; x_wconf 82' lang='lat' dir='ltr'><strong>negotio</strong></span> <span class='ocrx_word' id='word_1_96' title='bbox 1760 1110 1991 1198; x_wconf 60' lang='lat' dir='ltr'><strong>enimia</strong></span> <span class='ocrx_word' id='word_1_97' title='bbox 2065 1111 2382 1198; x_wconf 85' lang='lat' dir='ltr'><strong>studiique</strong></span> <span class='ocrx_word' id='word_1_98' title='bbox 2448 1113 2638 1198; x_wconf 87' lang='lat' dir='ltr'><strong>plena</strong></span> <span class='ocrx_word' id='word_1_99' title='bbox 2689 1111 2900 1198; x_wconf 81' lang='lat' dir='ltr'><strong>officia</strong></span> <span class='ocrx_word' id='word_1_100' title='bbox 2965 1128 3117 1188; x_wconf 89' lang='lat' dir='ltr'><strong>erga</strong></span> <span class='ocrx_word' id='word_1_101' title='bbox 3195 1128 3293 1168; x_wconf 90' lang='lat' dir='ltr'><strong>me</strong></span> <span class='ocrx_word' id='word_1_102' title='bbox 3351 1112 3749 1173; x_wconf 77' lang='lat' dir='ltr'><strong>exstiterunt.</strong></span> 
     </span>
    </p>
   </div>
   <div class='ocr_carea' id='block_1_11' title="bbox 335 1191 3754 1273">
    <p class='ocr_par' dir='ltr' id='par_1_11' title="bbox 335 1191 3754 1273">
     <span class='ocr_line' id='line_1_11' title="bbox 335 1191 3754 1273; baseline -0.002 -13"><span class='ocrx_word' id='word_1_103' title='bbox 335 1191 776 1272; x_wconf 43' lang='lat' dir='ltr'><strong>Quod-autem</strong></span> <span class='ocrx_word' id='word_1_104' title='bbox 836 1191 1148 1273; x_wconf 84' lang='lat' dir='ltr'><strong>ejusmodi</strong></span> <span class='ocrx_word' id='word_1_105' title='bbox 1206 1196 1533 1254; x_wconf 88' lang='lat' dir='ltr'><strong>notionum</strong></span> <span class='ocrx_word' id='word_1_106' title='bbox 1597 1191 2034 1273; x_wconf 86' lang='lat' dir='ltr'><strong>historicarum</strong></span> <span class='ocrx_word' id='word_1_107' title='bbox 2099 1210 2174 1251; x_wconf 88' lang='lat' dir='ltr'><strong>ne</strong></span> <span class='ocrx_word' id='word_1_108' title='bbox 2234 1191 2324 1251; x_wconf 83' lang='lat' dir='ltr'><strong>sic</strong></span> <span class='ocrx_word' id='word_1_109' title='bbox 2357 1195 2632 1273; x_wconf 11' lang='lat' dir='ltr'><strong>quidem,</strong></span> <span class='ocrx_word' id='word_1_110' title='bbox 2689 1192 2754 1251; x_wconf 89' lang='lat' dir='ltr'><strong>in</strong></span> <span class='ocrx_word' id='word_1_111' title='bbox 2834 1192 2954 1273; x_wconf 87' lang='lat' dir='ltr'><strong>hoc</strong></span> <span class='ocrx_word' id='word_1_112' title='bbox 2993 1199 3184 1273; x_wconf 68' lang='lat' dir='ltr'><strong>temo</strong></span> <span class='ocrx_word' id='word_1_113' title='bbox 3253 1209 3599 1269; x_wconf 80' lang='lat' dir='ltr'><strong>permagna</strong></span> <span class='ocrx_word' id='word_1_114' title='bbox 3660 1201 3754 1253; x_wconf 90' lang='lat' dir='ltr'><strong>est</strong></span> 
     </span>
    </p>
   </div>
   <div class='ocr_carea' id='block_1_12' title="bbox 335 1271 3752 1352">
    <p class='ocr_par' dir='ltr' id='par_1_12' title="bbox 335 1271 3752 1352">
     <span class='ocr_line' id='line_1_12' title="bbox 335 1271 3752 1352; baseline -0.002 -11"><span class='ocrx_word' id='word_1_115' title='bbox 335 1271 611 1341; x_wconf 84' lang='lat' dir='ltr'><strong>accessio</strong></span> <span class='ocrx_word' id='word_1_116' title='bbox 680 1271 885 1346; x_wconf 45' lang='lat' dir='ltr'><strong>facta,</strong></span> <span class='ocrx_word' id='word_1_117' title='bbox 929 1295 1050 1336; x_wconf 92' lang='lat' dir='ltr'>non</span> <span class='ocrx_word' id='word_1_118' title='bbox 1112 1275 1320 1334; x_wconf 92' lang='lat' dir='ltr'><strong>hercle</strong></span> <span class='ocrx_word' id='word_1_119' title='bbox 1381 1272 1661 1351; x_wconf 82' lang='lat' dir='ltr'><strong>penuriae</strong></span> <span class='ocrx_word' id='word_1_120' title='bbox 1741 1272 2465 1352; x_wconf 66' lang='lat' dir='ltr'><strong>Bibliothecrenostrae,</strong></span> <span class='ocrx_word' id='word_1_121' title='bbox 2536 1272 2643 1331; x_wconf 90' lang='lat' dir='ltr'><strong>sed</strong></span> <span class='ocrx_word' id='word_1_122' title='bbox 2706 1271 3008 1348; x_wconf 86' lang='lat' dir='ltr'><strong>paucitati</strong></span> <span class='ocrx_word' id='word_1_123' title='bbox 3083 1289 3419 1349; x_wconf 87' lang='lat' dir='ltr'><strong>annorum,</strong></span> <span class='ocrx_word' id='word_1_124' title='bbox 3478 1291 3752 1352; x_wconf 89' lang='lat' dir='ltr'><strong>quorum</strong></span> 
     </span>
    </p>
   </div>
   <div class='ocr_carea' id='block_1_13' title="bbox 335 1351 3755 1438">
    <p class='ocr_par' dir='ltr' id='par_1_13' title="bbox 335 1351 3755 1438">
     <span class='ocr_line' id='line_1_13' title="bbox 335 1351 3755 1438; baseline -0.004 -16"><span class='ocrx_word' id='word_1_125' title='bbox 335 1367 512 1438; x_wconf 86' lang='lat' dir='ltr'><strong>gesta</strong></span> <span class='ocrx_word' id='word_1_126' title='bbox 562 1360 753 1419; x_wconf 88' lang='lat' dir='ltr'><strong>tradit</strong></span> <span class='ocrx_word' id='word_1_127' title='bbox 800 1361 926 1438; x_wconf 85' lang='lat' dir='ltr'><strong>Leo</strong></span> <span class='ocrx_word' id='word_1_128' title='bbox 958 1355 978 1435; x_wconf 79' lang='lat'>(</span> <span class='ocrx_word' id='word_1_129' title='bbox 1011 1356 1151 1414; x_wconf 90' lang='lat' dir='ltr'><strong>vide</strong></span> <span class='ocrx_word' id='word_1_130' title='bbox 1211 1373 1400 1438; x_wconf 82' lang='lat' dir='ltr'><strong>supra</strong></span> <span class='ocrx_word' id='word_1_131' title='bbox 1461 1371 1603 1431; x_wconf 83' lang='lat' dir='ltr'><strong>pag.</strong></span> <span class='ocrx_word' id='word_1_132' title='bbox 1638 1353 1781 1423; x_wconf 74' lang='grc'><strong>641,</strong></span> <span class='ocrx_word' id='word_1_133' title='bbox 1821 1351 2208 1438; x_wconf 80' lang='lat' dir='ltr'><strong>Vl),_tribui_</strong></span> <span class='ocrx_word' id='word_1_134' title='bbox 2253 1352 2316 1412; x_wconf 93' lang='lat' dir='ltr'><strong>id</strong></span> <span class='ocrx_word' id='word_1_135' title='bbox 2347 1354 2555 1438; x_wconf 79' lang='lat' dir='ltr'><strong>velim.</strong></span> <span class='ocrx_word' id='word_1_136' title='bbox 2768 1352 3068 1438; x_wconf 84' lang='lat' dir='ltr'><strong>Psellum,</strong></span> <span class='ocrx_word' id='word_1_137' title='bbox 3144 1369 3453 1411; x_wconf 85' lang='lat' dir='ltr'><strong>annorum</strong></span> <span class='ocrx_word' id='word_1_138' title='bbox 3508 1351 3511 1352; x_wconf 53' lang='grc'><strong><em>⁷</em></strong></span> <span class='ocrx_word' id='word_1_139' title='bbox 3557 1373 3755 1433; x_wconf 86' lang='lat' dir='ltr'><strong>prepe</strong></span> 
     </span>
    </p>
   </div>
   <div class='ocr_carea' id='block_1_14' title="bbox 335 1430 3750 1513">
    <p class='ocr_par' dir='ltr' id='par_1_14' title="bbox 335 1430 3750 1513">
     <span class='ocr_line' id='line_1_14' title="bbox 335 1430 3750 1513; baseline -0.002 -12"><span class='ocrx_word' id='word_1_140' title='bbox 335 1430 588 1502; x_wconf 72' lang='lat' dir='ltr'><strong>centum</strong></span> <span class='ocrx_word' id='word_1_141' title='bbox 617 1436 932 1498; x_wconf 74' lang='lat'><strong>975-1060</strong></span> <span class='ocrx_word' id='word_1_142' title='bbox 967 1430 1332 1495; x_wconf 81' lang='lat' dir='ltr'>memoriam</span> <span class='ocrx_word' id='word_1_143' title='bbox 1369 1430 1789 1513; x_wconf 78' lang='lat' dir='ltr'><strong>persecutum,</strong></span> <span class='ocrx_word' id='word_1_144' title='bbox 1825 1430 2099 1510; x_wconf 91' lang='lat' dir='ltr'><strong>plurima</strong></span> <span class='ocrx_word' id='word_1_145' title='bbox 2157 1431 2469 1507; x_wconf 83' lang='lat' dir='ltr'><strong>ejusmodi</strong></span> <span class='ocrx_word' id='word_1_146' title='bbox 2519 1433 2756 1492; x_wconf 89' lang='lat' dir='ltr'><strong>inedita</strong></span> <span class='ocrx_word' id='word_1_147' title='bbox 2786 1433 3167 1509; x_wconf 88' lang='lat' dir='ltr'><strong>subjungere</strong></span> <span class='ocrx_word' id='word_1_148' title='bbox 3201 1450 3299 1491; x_wconf 91' lang='lat' dir='ltr'>me</span> <span class='ocrx_word' id='word_1_149' title='bbox 3329 1450 3511 1510; x_wconf 86' lang='lat' dir='ltr'><strong>posse</strong></span> <span class='ocrx_word' id='word_1_150' title='bbox 3543 1430 3750 1513; x_wconf 45' lang='lat' dir='ltr'><strong>sper—0,</strong></span> 
     </span>
    </p>
   </div>
   <div class='ocr_carea' id='block_1_15' title="bbox 337 1512 3348 1601">
    <p class='ocr_par' dir='ltr' id='par_1_15' title="bbox 337 1512 3348 1601">
     <span class='ocr_line' id='line_1_15' title="bbox 337 1512 3348 1601; baseline -0.003 -20"><span class='ocrx_word' id='word_1_151' title='bbox 337 1522 567 1601; x_wconf 89' lang='lat' dir='ltr'><strong>quibus</strong></span> <span class='ocrx_word' id='word_1_152' title='bbox 596 1519 694 1578; x_wconf 87' lang='lat' dir='ltr'><strong>vel</strong></span> <span class='ocrx_word' id='word_1_153' title='bbox 727 1517 1062 1601; x_wconf 83' lang='lat' dir='ltr'><strong>stabilitur,</strong></span> <span class='ocrx_word' id='word_1_154' title='bbox 1089 1515 1188 1576; x_wconf 90' lang='lat' dir='ltr'><strong>vel</strong></span> <span class='ocrx_word' id='word_1_155' title='bbox 1218 1515 1620 1601; x_wconf 81' lang='lat' dir='ltr'><strong>emandatur,</strong></span> <span class='ocrx_word' id='word_1_156' title='bbox 1656 1512 1753 1601; x_wconf 81' lang='lat' dir='ltr'><strong>vel</strong></span> <span class='ocrx_word' id='word_1_157' title='bbox 1785 1513 2027 1571; x_wconf 84' lang='lat' dir='ltr'><strong>ratione</strong></span> <span class='ocrx_word' id='word_1_158' title='bbox 2055 1513 2387 1601; x_wconf 87' lang='lat' dir='ltr'><strong>multiplici</strong></span> <span class='ocrx_word' id='word_1_159' title='bbox 2417 1513 2844 1601; x_wconf 73' lang='lat' dir='ltr'><strong>ampliﬁcatur</strong></span> <span class='ocrx_word' id='word_1_160' title='bbox 2874 1515 3010 1601; x_wconf 81' lang='lat' dir='ltr'><strong>ejus</strong></span> <span class='ocrx_word' id='word_1_161' title='bbox 3043 1513 3348 1601; x_wconf 77' lang='lat' dir='ltr'><strong>narratio.</strong></span> 
     </span>
    </p>
   </div>
   <div class='ocr_carea' id='block_1_16' title="bbox 417 1591 3753 1672">
    <p class='ocr_par' dir='ltr' id='par_1_16' title="bbox 417 1591 3753 1672">
     <span class='ocr_line' id='line_1_16' title="bbox 417 1591 3753 1672; baseline -0.002 -11"><span class='ocrx_word' id='word_1_162' title='bbox 417 1601 576 1661; x_wconf 89' lang='lat' dir='ltr'><strong>XIV.</strong></span> <span class='ocrx_word' id='word_1_163' title='bbox 629 1599 858 1659; x_wconf 83' lang='lat' dir='ltr'><strong>Atenin</strong></span> <span class='ocrx_word' id='word_1_164' title='bbox 918 1615 1043 1656; x_wconf 91' lang='lat' dir='ltr'>non</span> <span class='ocrx_word' id='word_1_165' title='bbox 1119 1613 1218 1655; x_wconf 91' lang='lat' dir='ltr'><strong>me</strong></span> <span class='ocrx_word' id='word_1_166' title='bbox 1281 1596 1583 1672; x_wconf 83' lang='lat' dir='ltr'><strong>fugiebat,</strong></span> <span class='ocrx_word' id='word_1_167' title='bbox 1642 1593 1832 1652; x_wconf 89' lang='lat' dir='ltr'><strong>etiam</strong></span> <span class='ocrx_word' id='word_1_168' title='bbox 1902 1601 1972 1651; x_wconf 85' lang='lat' dir='ltr'><strong>ut</strong></span> <span class='ocrx_word' id='word_1_169' title='bbox 2038 1594 2357 1653; x_wconf 89' lang='lat' dir='ltr'><strong>cumulate</strong></span> <span class='ocrx_word' id='word_1_170' title='bbox 2413 1595 2620 1654; x_wconf 77' lang='lat' dir='ltr'><strong>officio</strong></span> <span class='ocrx_word' id='word_1_171' title='bbox 2681 1611 2821 1652; x_wconf 91' lang='lat' dir='ltr'><strong>meo</strong></span> <span class='ocrx_word' id='word_1_172' title='bbox 2878 1592 3000 1652; x_wconf 88' lang='lat' dir='ltr'><strong>hoc</strong></span> <span class='ocrx_word' id='word_1_173' title='bbox 3049 1592 3288 1672; x_wconf 87' lang='lat' dir='ltr'><strong>duplici</strong></span> <span class='ocrx_word' id='word_1_174' title='bbox 3335 1591 3588 1652; x_wconf 91' lang='lat' dir='ltr'><strong>nomine</strong></span> <span class='ocrx_word' id='word_1_175' title='bbox 3647 1613 3753 1654; x_wconf 90' lang='lat' dir='ltr'><strong>sa-</strong></span> 
     </span>
    </p>
   </div>
   <div class='ocr_carea' id='block_1_17' title="bbox 336 1671 3751 1752">
    <p class='ocr_par' dir='ltr' id='par_1_17' title="bbox 336 1671 3751 1752">
     <span class='ocr_line' id='line_1_17' title="bbox 336 1671 3751 1752; baseline -0.001 -13"><span class='ocrx_word' id='word_1_176' title='bbox 336 1682 712 1752; x_wconf 86' lang='lat' dir='ltr'><strong>tisfacerem,</strong></span> <span class='ocrx_word' id='word_1_177' title='bbox 751 1686 960 1738; x_wconf 91' lang='lat' dir='ltr'><strong>tamen</strong></span> <span class='ocrx_word' id='word_1_178' title='bbox 1022 1677 1189 1735; x_wconf 89' lang='lat' dir='ltr'><strong>force</strong></span> <span class='ocrx_word' id='word_1_179' title='bbox 1223 1683 1290 1734; x_wconf 89' lang='lat' dir='ltr'><strong>ut</strong></span> <span class='ocrx_word' id='word_1_180' title='bbox 1346 1671 1435 1734; x_wconf 86' lang='lat' dir='ltr'><strong>sic</strong></span> <span class='ocrx_word' id='word_1_181' title='bbox 1483 1691 1687 1751; x_wconf 91' lang='lat' dir='ltr'><strong>neque</strong></span> <span class='ocrx_word' id='word_1_182' title='bbox 1743 1673 1821 1732; x_wconf 92' lang='lat' dir='ltr'><strong>ad</strong></span> <span class='ocrx_word' id='word_1_183' title='bbox 1878 1673 2228 1732; x_wconf 88' lang='lat' dir='ltr'><strong>litterarum</strong></span> <span class='ocrx_word' id='word_1_184' title='bbox 2288 1677 2645 1734; x_wconf 66' lang='lat' dir='ltr'><strong>Graecarum</strong></span> <span class='ocrx_word' id='word_1_185' title='bbox 2707 1691 2910 1751; x_wconf 89' lang='lat' dir='ltr'><strong>neque</strong></span> <span class='ocrx_word' id='word_1_186' title='bbox 2966 1673 3043 1731; x_wconf 91' lang='lat' dir='ltr'><strong>ad</strong></span> <span class='ocrx_word' id='word_1_187' title='bbox 3098 1671 3374 1732; x_wconf 68' lang='lat' dir='ltr'><strong>historias</strong></span> <span class='ocrx_word' id='word_1_188' title='bbox 3433 1674 3751 1735; x_wconf 90' lang='lat' dir='ltr'><strong>studiosos</strong></span> 
     </span>
    </p>
   </div>
   <div class='ocr_carea' id='block_1_18' title="bbox 336 1753 3746 1832">
    <p class='ocr_par' dir='ltr' id='par_1_18' title="bbox 336 1753 3746 1832">
     <span class='ocr_line' id='line_1_18' title="bbox 336 1753 3746 1832; baseline -0.001 -11"><span class='ocrx_word' id='word_1_189' title='bbox 336 1761 422 1821; x_wconf 89' lang='lat' dir='ltr'><strong>ita</strong></span> <span class='ocrx_word' id='word_1_190' title='bbox 448 1762 680 1820; x_wconf 91' lang='lat' dir='ltr'><strong>multos</strong></span> <span class='ocrx_word' id='word_1_191' title='bbox 713 1759 835 1818; x_wconf 91' lang='lat' dir='ltr'><strong>mei</strong></span> <span class='ocrx_word' id='word_1_192' title='bbox 891 1756 1084 1817; x_wconf 85' lang='lat' dir='ltr'><strong>officii</strong></span> <span class='ocrx_word' id='word_1_193' title='bbox 1135 1755 1368 1814; x_wconf 83' lang='lat' dir='ltr'><strong>utilitas</strong></span> <span class='ocrx_word' id='word_1_194' title='bbox 1417 1755 1776 1832; x_wconf 83' lang='lat' dir='ltr'><strong>pertineret.</strong></span> <span class='ocrx_word' id='word_1_195' title='bbox 1837 1754 2015 1826; x_wconf 90' lang='lat' dir='ltr'><strong>Nam,</strong></span> <span class='ocrx_word' id='word_1_196' title='bbox 2079 1772 2222 1814; x_wconf 92' lang='lat' dir='ltr'><strong>cum</strong></span> <span class='ocrx_word' id='word_1_197' title='bbox 2283 1756 2543 1815; x_wconf 91' lang='lat' dir='ltr'><strong>omnino</strong></span> <span class='ocrx_word' id='word_1_198' title='bbox 2595 1755 2658 1813; x_wconf 94' lang='lat' dir='ltr'><strong>in</strong></span> <span class='ocrx_word' id='word_1_199' title='bbox 2704 1754 2927 1813; x_wconf 85' lang='lat' dir='ltr'><strong>studiis</strong></span> <span class='ocrx_word' id='word_1_200' title='bbox 2976 1753 3227 1825; x_wconf 90' lang='lat' dir='ltr'><strong>nostris,</strong></span> <span class='ocrx_word' id='word_1_201' title='bbox 3293 1754 3524 1813; x_wconf 61' lang='lat' dir='ltr'><strong>Graecis</strong></span> <span class='ocrx_word' id='word_1_202' title='bbox 3581 1756 3746 1829; x_wconf 88' lang='lat' dir='ltr'><strong>dico,</strong></span> 
     </span>
    </p>
   </div>
   <div class='ocr_carea' id='block_1_19' title="bbox 337 1833 3748 1913">
    <p class='ocr_par' dir='ltr' id='par_1_19' title="bbox 337 1833 3748 1913">
     <span class='ocr_line' id='line_1_19' title="bbox 337 1833 3748 1913; baseline -0.001 -12"><span class='ocrx_word' id='word_1_203' title='bbox 337 1860 460 1901; x_wconf 92' lang='lat' dir='ltr'>non</span> <span class='ocrx_word' id='word_1_204' title='bbox 519 1842 598 1900; x_wconf 88' lang='lat' dir='ltr'><strong>sit</strong></span> <span class='ocrx_word' id='word_1_205' title='bbox 664 1840 939 1898; x_wconf 84' lang='lat' dir='ltr'><strong>maxima</strong></span> <span class='ocrx_word' id='word_1_206' title='bbox 993 1836 1177 1913; x_wconf 92' lang='lat' dir='ltr'><strong>copia</strong></span> <span class='ocrx_word' id='word_1_207' title='bbox 1270 1853 1486 1895; x_wconf 91' lang='lat' dir='ltr'><strong>eorum</strong></span> <span class='ocrx_word' id='word_1_208' title='bbox 1553 1834 1682 1911; x_wconf 91' lang='lat' dir='ltr'><strong>qui,</strong></span> <span class='ocrx_word' id='word_1_209' title='bbox 1746 1833 1847 1892; x_wconf 91' lang='lat' dir='ltr'><strong>via</strong></span> <span class='ocrx_word' id='word_1_210' title='bbox 1914 1833 2060 1913; x_wconf 88' lang='lat' dir='ltr'><strong>trita</strong></span> <span class='ocrx_word' id='word_1_211' title='bbox 2128 1834 2366 1902; x_wconf 85' lang='lat' dir='ltr'><strong>relicta.</strong></span> <span class='ocrx_word' id='word_1_212' title='bbox 2433 1835 2763 1895; x_wconf 88' lang='lat' dir='ltr'><strong>interiores</strong></span> <span class='ocrx_word' id='word_1_213' title='bbox 2829 1839 3185 1893; x_wconf 82' lang='lat' dir='ltr'><strong>scrutentur</strong></span> <span class='ocrx_word' id='word_1_214' title='bbox 3239 1850 3312 1892; x_wconf 89' lang='lat' dir='ltr'><strong>ac</strong></span> <span class='ocrx_word' id='word_1_215' title='bbox 3390 1837 3748 1896; x_wconf 89' lang='lat' dir='ltr'><strong>reconditas</strong></span> 
     </span>
    </p>
   </div>
   <div class='ocr_carea' id='block_1_20' title="bbox 333 1912 3746 1994">
    <p class='ocr_par' dir='ltr' id='par_1_20' title="bbox 333 1912 3746 1994">
     <span class='ocr_line' id='line_1_20' title="bbox 333 1912 3746 1994; baseline -0.001 -15"><span class='ocrx_word' id='word_1_216' title='bbox 333 1922 595 1992; x_wconf 88' lang='lat' dir='ltr'><strong>litteras,</strong></span> <span class='ocrx_word' id='word_1_217' title='bbox 659 1926 791 1978; x_wconf 87' lang='lat' dir='ltr'><strong>tum</strong></span> <span class='ocrx_word' id='word_1_218' title='bbox 855 1936 999 1977; x_wconf 90' lang='lat' dir='ltr'><strong>vero</strong></span> <span class='ocrx_word' id='word_1_219' title='bbox 1044 1912 1121 1976; x_wconf 82' lang='lat' dir='ltr'><strong>ex</strong></span> <span class='ocrx_word' id='word_1_220' title='bbox 1180 1915 1254 1974; x_wconf 89' lang='lat' dir='ltr'><strong>iis</strong></span> <span class='ocrx_word' id='word_1_221' title='bbox 1308 1915 1462 1994; x_wconf 91' lang='lat' dir='ltr'><strong>ipsis</strong></span> <span class='ocrx_word' id='word_1_222' title='bbox 1509 1914 1818 1992; x_wconf 81' lang='lat' dir='ltr'><strong>exquisite</strong></span> <span class='ocrx_word' id='word_1_223' title='bbox 1886 1912 2088 1994; x_wconf 88' lang='lat' dir='ltr'><strong>doctis</strong></span> <span class='ocrx_word' id='word_1_224' title='bbox 2155 1921 2385 1992; x_wconf 89' lang='lat' dir='ltr'><strong>quotus</strong></span> <span class='ocrx_word' id='word_1_225' title='bbox 2436 1917 2702 1993; x_wconf 88' lang='lat' dir='ltr'><strong>quisque</strong></span> <span class='ocrx_word' id='word_1_226' title='bbox 2748 1923 2864 1987; x_wconf 91' lang='lat' dir='ltr'><strong>est,</strong></span> <span class='ocrx_word' id='word_1_227' title='bbox 2907 1916 3015 1992; x_wconf 90' lang='lat' dir='ltr'><strong>qui</strong></span> <span class='ocrx_word' id='word_1_228' title='bbox 3088 1913 3424 1973; x_wconf 88' lang='lat' dir='ltr'><strong>lectionem</strong></span> <span class='ocrx_word' id='word_1_229' title='bbox 3475 1916 3746 1994; x_wconf 91' lang='lat' dir='ltr'><strong>scripto-</strong></span> 
     </span>
    </p>
   </div>
   <div class='ocr_carea' id='block_1_21' title="bbox 334 1993 3744 2080">
    <p class='ocr_par' dir='ltr' id='par_1_21' title="bbox 334 1993 3744 2080">
     <span class='ocr_line' id='line_1_21' title="bbox 334 1993 3744 2080; baseline -0.001 -20"><span class='ocrx_word' id='word_1_230' title='bbox 334 2003 419 2060; x_wconf 90' lang='lat' dir='ltr'><strong>ris</strong></span> <span class='ocrx_word' id='word_1_231' title='bbox 452 1999 776 2080; x_wconf 89' lang='lat' dir='ltr'><strong>Byzantini</strong></span> <span class='ocrx_word' id='word_1_232' title='bbox 828 1998 908 2058; x_wconf 90' lang='lat' dir='ltr'><strong>ad</strong></span> <span class='ocrx_word' id='word_1_233' title='bbox 965 1993 1356 2080; x_wconf 65' lang='lat' dir='ltr'><strong>subtiliorem</strong></span> <span class='ocrx_word' id='word_1_234' title='bbox 1418 1995 1838 2080; x_wconf 71' lang='lat' dir='ltr'><strong>cognitionem</strong></span> <span class='ocrx_word' id='word_1_235' title='bbox 1896 1993 2128 2080; x_wconf 66' lang='lat' dir='ltr'><strong>linguae</strong></span> <span class='ocrx_word' id='word_1_236' title='bbox 2174 1996 2518 2073; x_wconf 88' lang='lat' dir='ltr'><strong>quidquam</strong></span> <span class='ocrx_word' id='word_1_237' title='bbox 2583 1996 2868 2080; x_wconf 89' lang='lat' dir='ltr'><strong>conferre</strong></span> <span class='ocrx_word' id='word_1_238' title='bbox 2902 1995 3132 2080; x_wconf 52' lang='lat' dir='ltr'><strong>putet?</strong></span> <span class='ocrx_word' id='word_1_239' title='bbox 3183 1994 3478 2054; x_wconf 81' lang='lat' dir='ltr'><strong>Historici</strong></span> <span class='ocrx_word' id='word_1_240' title='bbox 3533 1993 3744 2080; x_wconf 76' lang='lat' dir='ltr'><strong>autem</strong></span> 
     </span>
    </p>
   </div>
   <div class='ocr_carea' id='block_1_22' title="bbox 337 2074 3742 2158">
    <p class='ocr_par' dir='ltr' id='par_1_22' title="bbox 337 2074 3742 2158">
     <span class='ocr_line' id='line_1_22' title="bbox 337 2074 3742 2158; baseline -0.001 -18"><span class='ocrx_word' id='word_1_241' title='bbox 337 2074 620 2140; x_wconf 78' lang='lat' dir='ltr'><strong>homines</strong></span> <span class='ocrx_word' id='word_1_242' title='bbox 676 2096 855 2158; x_wconf 66' lang='lat' dir='ltr'><strong>paene</strong></span> <span class='ocrx_word' id='word_1_243' title='bbox 929 2095 1148 2138; x_wconf 85' lang='lat' dir='ltr'><strong>omnes</strong></span> <span class='ocrx_word' id='word_1_244' title='bbox 1208 2075 1306 2134; x_wconf 90' lang='lat' dir='ltr'><strong>vel</strong></span> <span class='ocrx_word' id='word_1_245' title='bbox 1378 2075 1458 2135; x_wconf 90' lang='lat' dir='ltr'><strong>ad</strong></span> <span class='ocrx_word' id='word_1_246' title='bbox 1539 2081 1821 2158; x_wconf 85' lang='lat' dir='ltr'><strong>veterum</strong></span> <span class='ocrx_word' id='word_1_247' title='bbox 1895 2074 2146 2158; x_wconf 72' lang='lat' dir='ltr'><strong>illorum</strong></span> <span class='ocrx_word' id='word_1_248' title='bbox 2220 2095 2476 2152; x_wconf 79' lang='lat' dir='ltr'><strong>prorsus</strong></span> <span class='ocrx_word' id='word_1_249' title='bbox 2532 2076 2938 2158; x_wconf 82' lang='lat' dir='ltr'><strong>antiquorum</strong></span> <span class='ocrx_word' id='word_1_250' title='bbox 2980 2074 3284 2158; x_wconf 81' lang='lat' dir='ltr'><strong>_div_i_n_am</strong></span> <span class='ocrx_word' id='word_1_251' title='bbox 3348 2078 3742 2158; x_wconf 80' lang='lat' dir='ltr'><strong>memoriam,</strong></span> 
     </span>
    </p>
   </div>
   <div class='ocr_carea' id='block_1_23' title="bbox 334 2154 3747 2236">
    <p class='ocr_par' dir='ltr' id='par_1_23' title="bbox 334 2154 3747 2236">
     <span class='ocr_line' id='line_1_23' title="bbox 334 2154 3747 2236; baseline -0.001 -16"><span class='ocrx_word' id='word_1_252' title='bbox 334 2162 430 2223; x_wconf 84' lang='lat' dir='ltr'><strong>vel</strong></span> <span class='ocrx_word' id='word_1_253' title='bbox 460 2162 536 2219; x_wconf 90' lang='lat' dir='ltr'><strong>ad</strong></span> <span class='ocrx_word' id='word_1_254' title='bbox 571 2154 912 2219; x_wconf 50' lang='lat' dir='ltr'><strong>res&#39;nostra</strong></span> <span class='ocrx_word' id='word_1_255' title='bbox 947 2164 1323 2236; x_wconf 88' lang='lat' dir='ltr'><strong>patrumque</strong></span> <span class='ocrx_word' id='word_1_256' title='bbox 1349 2155 1655 2236; x_wconf 89' lang='lat' dir='ltr'><strong>memoria</strong></span> <span class='ocrx_word' id='word_1_257' title='bbox 1703 2161 1813 2214; x_wconf 91' lang='lat' dir='ltr'><strong>aut</strong></span> <span class='ocrx_word' id='word_1_258' title='bbox 1845 2154 2135 2236; x_wconf 82' lang='lat' dir='ltr'><strong>subtilius</strong></span> <span class='ocrx_word' id='word_1_259' title='bbox 2162 2163 2228 2236; x_wconf 88' lang='lat' dir='ltr'><strong>et</strong></span> <span class='ocrx_word' id='word_1_260' title='bbox 2257 2157 2711 2234; x_wconf 89' lang='lat' dir='ltr'><strong>temperantius</strong></span> <span class='ocrx_word' id='word_1_261' title='bbox 2763 2164 2872 2214; x_wconf 88' lang='lat' dir='ltr'><strong>aut</strong></span> <span class='ocrx_word' id='word_1_262' title='bbox 2903 2155 3229 2235; x_wconf 87' lang='lat' dir='ltr'><strong>splendide</strong></span> <span class='ocrx_word' id='word_1_263' title='bbox 3257 2172 3328 2214; x_wconf 91' lang='lat' dir='ltr'>ac</span> <span class='ocrx_word' id='word_1_264' title='bbox 3377 2156 3747 2217; x_wconf 90' lang='lat' dir='ltr'><strong>mirabiliter</strong></span> 
     </span>
    </p>
   </div>
   <div class='ocr_carea' id='block_1_24' title="bbox 348 2234 3746 2320">
    <p class='ocr_par' dir='ltr' id='par_1_24' title="bbox 348 2234 3746 2320">
     <span class='ocr_line' id='line_1_24' title="bbox 348 2234 3746 2320; baseline -0.001 -19"><span class='ocrx_word' id='word_1_265' title='bbox 348 2249 578 2320; x_wconf 79' lang='lat' dir='ltr'><strong>gestas,</strong></span> <span class='ocrx_word' id='word_1_266' title='bbox 612 2239 711 2299; x_wconf 92' lang='lat' dir='ltr'><strong>vel</strong></span> <span class='ocrx_word' id='word_1_267' title='bbox 754 2234 1061 2320; x_wconf 5' lang='lat' dir='ltr'><strong>certes—ad</strong></span> <span class='ocrx_word' id='word_1_268' title='bbox 1109 2235 1818 2320; x_wconf 83' lang='lat' dir='ltr'><strong>origine_s_po_p_ulorum</strong></span> <span class='ocrx_word' id='word_1_269' title='bbox 1853 2234 2066 2320; x_wconf 61' lang='grc' dir='ltr'><strong>⁸Ιιοᾴῇςδ</strong></span> <span class='ocrx_word' id='word_1_270' title='bbox 2116 2235 2469 2320; x_wconf 76' lang='lat' dir='ltr'><strong>vigentium</strong></span> <span class='ocrx_word' id='word_1_271' title='bbox 2509 2234 2944 2320; x_wconf 84' lang='lat' dir='ltr'><strong>illustrandas,</strong></span> <span class='ocrx_word' id='word_1_272' title='bbox 3002 2253 3153 2294; x_wconf 91' lang='lat' dir='ltr'><strong>cura</strong></span> <span class='ocrx_word' id='word_1_273' title='bbox 3183 2236 3354 2320; x_wconf 91' lang='lat' dir='ltr'><strong>omni</strong></span> <span class='ocrx_word' id='word_1_274' title='bbox 3403 2237 3746 2320; x_wconf 82' lang='lat' dir='ltr'><strong>studioque</strong></span> 
     </span>
    </p>
   </div>
   <div class='ocr_carea' id='block_1_25' title="bbox 347 2314 3749 2400">
    <p class='ocr_par' dir='ltr' id='par_1_25' title="bbox 347 2314 3749 2400">
     <span class='ocr_line' id='line_1_25' title="bbox 347 2314 3749 2400; baseline -0.001 -19"><span class='ocrx_word' id='word_1_275' title='bbox 347 2314 723 2400; x_wconf 70' lang='lat' dir='ltr'><strong>rapiuntur:</strong></span> <span class='ocrx_word' id='word_1_276' title='bbox 763 2318 966 2396; x_wconf 90' lang='lat' dir='ltr'><strong>pauci,</strong></span> <span class='ocrx_word' id='word_1_277' title='bbox 1024 2317 1194 2394; x_wconf 93' lang='lat' dir='ltr'><strong>iique</strong></span> <span class='ocrx_word' id='word_1_278' title='bbox 1242 2316 1360 2393; x_wconf 91' lang='lat' dir='ltr'><strong>ipsi</strong></span> <span class='ocrx_word' id='word_1_279' title='bbox 1403 2316 1658 2400; x_wconf 78' lang='lat' dir='ltr'><strong>invitius</strong></span> <span class='ocrx_word' id='word_1_280' title='bbox 1690 2325 1798 2400; x_wconf 81' lang='lat' dir='ltr'><strong>aut</strong></span> <span class='ocrx_word' id='word_1_281' title='bbox 1846 2314 2254 2400; x_wconf 77' lang='lat' dir='ltr'><strong>fastidiosius,</strong></span> <span class='ocrx_word' id='word_1_282' title='bbox 2285 2317 2545 2400; x_wconf 80' lang='lat' dir='ltr'><strong>annales</strong></span> <span class='ocrx_word' id='word_1_283' title='bbox 2600 2316 2926 2377; x_wconf 84' lang='lat' dir='ltr'><strong>excutiunt</strong></span> <span class='ocrx_word' id='word_1_284' title='bbox 2963 2317 3344 2400; x_wconf 73' lang='lat' dir='ltr'><strong>senescentis</strong></span> <span class='ocrx_word' id='word_1_285' title='bbox 3397 2314 3749 2394; x_wconf 83' lang='lat' dir='ltr'><strong>imperiiac</strong></span> 
     </span>
    </p>
   </div>
   <div class='ocr_carea' id='block_1_26' title="bbox 345 2395 3744 2477">
    <p class='ocr_par' dir='ltr' id='par_1_26' title="bbox 345 2395 3744 2477">
     <span class='ocr_line' id='line_1_26' title="bbox 345 2395 3744 2477; baseline -0.001 -16"><span class='ocrx_word' id='word_1_286' title='bbox 345 2395 594 2462; x_wconf 81' lang='lat' dir='ltr'><strong>ruituri.</strong></span> <span class='ocrx_word' id='word_1_287' title='bbox 626 2395 1023 2477; x_wconf 85' lang='lat' dir='ltr'><strong>Quapropter</strong></span> <span class='ocrx_word' id='word_1_288' title='bbox 1045 2416 1153 2475; x_wconf 89' lang='lat' dir='ltr'><strong>per</strong></span> <span class='ocrx_word' id='word_1_289' title='bbox 1182 2405 1364 2456; x_wconf 90' lang='lat' dir='ltr'><strong>notas</strong></span> <span class='ocrx_word' id='word_1_290' title='bbox 1393 2397 1675 2456; x_wconf 89' lang='lat' dir='ltr'><strong>obtinere</strong></span> <span class='ocrx_word' id='word_1_291' title='bbox 1705 2395 1914 2477; x_wconf 71' lang='lat' dir='ltr'><strong>\‘0lui,_</strong></span> <span class='ocrx_word' id='word_1_292' title='bbox 1953 2402 2021 2477; x_wconf 87' lang='lat' dir='ltr'><strong>ut</strong></span> <span class='ocrx_word' id='word_1_293' title='bbox 2049 2396 2240 2477; x_wconf 88' lang='lat' dir='ltr'><strong>paulo</strong></span> <span class='ocrx_word' id='word_1_294' title='bbox 2289 2397 2476 2456; x_wconf 87' lang='lat' dir='ltr'><strong>latius</strong></span> <span class='ocrx_word' id='word_1_295' title='bbox 2507 2415 2646 2456; x_wconf 90' lang='lat' dir='ltr'><strong>mea</strong></span> <span class='ocrx_word' id='word_1_296' title='bbox 2675 2415 2868 2474; x_wconf 88' lang='lat' dir='ltr'><strong>opera</strong></span> <span class='ocrx_word' id='word_1_297' title='bbox 2900 2403 3163 2474; x_wconf 88' lang='lat' dir='ltr'><strong>pateret,</strong></span> <span class='ocrx_word' id='word_1_298' title='bbox 3196 2397 3275 2455; x_wconf 91' lang='lat' dir='ltr'><strong>ad</strong></span> <span class='ocrx_word' id='word_1_299' title='bbox 3304 2414 3530 2473; x_wconf 89' lang='lat' dir='ltr'><strong>eosque</strong></span> <span class='ocrx_word' id='word_1_300' title='bbox 3594 2399 3744 2458; x_wconf 87' lang='lat' dir='ltr'><strong>item</strong></span> 
     </span>
    </p>
   </div>
   <div class='ocr_carea' id='block_1_27' title="bbox 347 2475 3746 2561">
    <p class='ocr_par' dir='ltr' id='par_1_27' title="bbox 347 2475 3746 2561">
     <span class='ocr_line' id='line_1_27' title="bbox 347 2475 3746 2561; baseline -0 -21"><span class='ocrx_word' id='word_1_301' title='bbox 347 2482 686 2561; x_wconf 87' lang='lat' dir='ltr'><strong>pertineret</strong></span> <span class='ocrx_word' id='word_1_302' title='bbox 719 2475 826 2558; x_wconf 83' lang='lat' dir='ltr'><strong>qui</strong></span> <span class='ocrx_word' id='word_1_303' title='bbox 858 2475 1168 2561; x_wconf 75' lang='lat' dir='ltr'><strong>alienores</strong></span> <span class='ocrx_word' id='word_1_304' title='bbox 1199 2477 1321 2535; x_wconf 87' lang='lat' dir='ltr'><strong>sint</strong></span> <span class='ocrx_word' id='word_1_305' title='bbox 1352 2495 1387 2561; x_wconf 85' lang='lat' dir='ltr'><strong>a</strong></span> <span class='ocrx_word' id='word_1_306' title='bbox 1429 2477 1614 2561; x_wconf 85' lang='lat' dir='ltr'><strong>rebus</strong></span> <span class='ocrx_word' id='word_1_307' title='bbox 1664 2475 2062 2561; x_wconf 51' lang='lat' dir='ltr'><strong>Byzantinis:</strong></span> <span class='ocrx_word' id='word_1_308' title='bbox 2106 2476 2374 2561; x_wconf 82' lang='lat' dir='ltr'><strong>ideoque</strong></span> <span class='ocrx_word' id='word_1_309' title='bbox 2406 2480 2482 2561; x_wconf 78' lang='lat' dir='ltr'><strong>de</strong></span> <span class='ocrx_word' id='word_1_310' title='bbox 2529 2477 2984 2561; x_wconf 75' lang='lat' dir='ltr'><strong>significatione</strong></span> <span class='ocrx_word' id='word_1_311' title='bbox 3018 2495 3236 2561; x_wconf 84' lang='lat' dir='ltr'><strong>vocum</strong></span> <span class='ocrx_word' id='word_1_312' title='bbox 3289 2478 3564 2561; x_wconf 88' lang='lat' dir='ltr'><strong>nondum</strong></span> <span class='ocrx_word' id='word_1_313' title='bbox 3592 2481 3746 2561; x_wconf 81' lang='lat' dir='ltr'><strong>satis</strong></span> 
     </span>
    </p>
   </div>
   <div class='ocr_carea' id='block_1_28' title="bbox 346 2555 3746 2639">
    <p class='ocr_par' dir='ltr' id='par_1_28' title="bbox 346 2555 3746 2639">
     <span class='ocr_line' id='line_1_28' title="bbox 346 2555 3746 2639; baseline -0 -18"><span class='ocrx_word' id='word_1_314' title='bbox 346 2555 606 2621; x_wconf 76' lang='lat' dir='ltr'><strong>definita</strong></span> <span class='ocrx_word' id='word_1_315' title='bbox 631 2555 934 2639; x_wconf 38' lang='lat' dir='ltr'><strong>par—umve</strong></span> <span class='ocrx_word' id='word_1_316' title='bbox 967 2558 1285 2639; x_wconf 67' lang='lat' dir='ltr'><strong>intellecta</strong></span> <span class='ocrx_word' id='word_1_317' title='bbox 1317 2557 1568 2639; x_wconf 83' lang='lat' dir='ltr'><strong>uberius</strong></span> <span class='ocrx_word' id='word_1_318' title='bbox 1619 2556 1846 2639; x_wconf 88' lang='lat' dir='ltr'><strong>passim</strong></span> <span class='ocrx_word' id='word_1_319' title='bbox 1881 2555 2194 2633; x_wconf 87' lang='lat' dir='ltr'><strong>disputavi</strong></span> <span class='ocrx_word' id='word_1_320' title='bbox 2226 2557 2286 2616; x_wconf 93' lang='lat' dir='ltr'><strong>in</strong></span> <span class='ocrx_word' id='word_1_321' title='bbox 2323 2559 2484 2616; x_wconf 88' lang='lat' dir='ltr'><strong>notis</strong></span> <span class='ocrx_word' id='word_1_322' title='bbox 2517 2566 2576 2617; x_wconf 86' lang='lat' dir='ltr'><strong>et</strong></span> <span class='ocrx_word' id='word_1_323' title='bbox 2609 2559 2822 2617; x_wconf 89' lang='lat' dir='ltr'><strong>fusius.</strong></span> <span class='ocrx_word' id='word_1_324' title='bbox 2859 2557 2992 2627; x_wconf 88' lang='lat' dir='ltr'><strong>Qua</strong></span> <span class='ocrx_word' id='word_1_325' title='bbox 3024 2558 3086 2616; x_wconf 90' lang='lat' dir='ltr'><strong>in</strong></span> <span class='ocrx_word' id='word_1_326' title='bbox 3110 2575 3174 2616; x_wconf 92' lang='lat' dir='ltr'><strong>re</strong></span> <span class='ocrx_word' id='word_1_327' title='bbox 3222 2559 3455 2639; x_wconf 60' lang='lat' dir='ltr'><strong>saepius</strong></span> <span class='ocrx_word' id='word_1_328' title='bbox 3486 2559 3746 2637; x_wconf 89' lang='lat' dir='ltr'><strong>scripto-</strong></span> 
     </span>
    </p>
   </div>
   <div class='ocr_carea' id='block_1_29' title="bbox 344 2637 3741 2717">
    <p class='ocr_par' dir='ltr' id='par_1_29' title="bbox 344 2637 3741 2717">
     <span class='ocr_line' id='line_1_29' title="bbox 344 2637 3741 2717; baseline 0 -16"><span class='ocrx_word' id='word_1_329' title='bbox 344 2661 480 2701; x_wconf 90' lang='lat' dir='ltr'><strong>rum</strong></span> <span class='ocrx_word' id='word_1_330' title='bbox 517 2637 862 2700; x_wconf 83' lang='lat' dir='ltr'><strong>Atticorum</strong></span> <span class='ocrx_word' id='word_1_331' title='bbox 896 2639 1131 2717; x_wconf 81' lang='lat' dir='ltr'><strong>(XXIX)</strong></span> <span class='ocrx_word' id='word_1_332' title='bbox 1163 2638 1466 2697; x_wconf 91' lang='lat' dir='ltr'><strong>rationem</strong></span> <span class='ocrx_word' id='word_1_333' title='bbox 1526 2637 1760 2695; x_wconf 90' lang='lat' dir='ltr'><strong>habere</strong></span> <span class='ocrx_word' id='word_1_334' title='bbox 1821 2641 2185 2717; x_wconf 85' lang='lat' dir='ltr'><strong>potuissem,</strong></span> <span class='ocrx_word' id='word_1_335' title='bbox 2241 2639 2504 2697; x_wconf 86' lang='lat' dir='ltr'><strong>fortasse</strong></span> <span class='ocrx_word' id='word_1_336' title='bbox 2536 2640 2720 2698; x_wconf 89' lang='lat' dir='ltr'><strong>etiam</strong></span> <span class='ocrx_word' id='word_1_337' title='bbox 2782 2639 3159 2696; x_wconf 88' lang='lat' dir='ltr'><strong>debuissem.</strong></span> <span class='ocrx_word' id='word_1_338' title='bbox 3220 2638 3449 2697; x_wconf 87' lang='lat' dir='ltr'><strong>Verum</strong></span> <span class='ocrx_word' id='word_1_339' title='bbox 3483 2657 3599 2716; x_wconf 88' lang='lat' dir='ltr'><strong>ego</strong></span> <span class='ocrx_word' id='word_1_340' title='bbox 3655 2643 3741 2701; x_wconf 92' lang='lat' dir='ltr'><strong>sic</strong></span> 
     </span>
    </p>
   </div>
   <div class='ocr_carea' id='block_1_30' title="bbox 338 2716 3740 2800">
    <p class='ocr_par' dir='ltr' id='par_1_30' title="bbox 338 2716 3740 2800">
     <span class='ocr_line' id='line_1_30' title="bbox 338 2716 3740 2800; baseline -0 -18"><span class='ocrx_word' id='word_1_341' title='bbox 338 2722 580 2800; x_wconf 91' lang='lat' dir='ltr'><strong>judicio</strong></span> <span class='ocrx_word' id='word_1_342' title='bbox 640 2720 879 2800; x_wconf 14' lang='lat' dir='ltr'><strong>(dicam,</strong></span> <span class='ocrx_word' id='word_1_343' title='bbox 913 2716 1078 2777; x_wconf 87' lang='lat' dir='ltr'><strong>enim</strong></span> <span class='ocrx_word' id='word_1_344' title='bbox 1139 2737 1264 2800; x_wconf 81' lang='lat' dir='ltr'><strong>non</strong></span> <span class='ocrx_word' id='word_1_345' title='bbox 1322 2735 1610 2800; x_wconf 82' lang='lat' dir='ltr'><strong>reverens</strong></span> <span class='ocrx_word' id='word_1_346' title='bbox 1666 2717 1729 2775; x_wconf 93' lang='lat' dir='ltr'><strong>in</strong></span> <span class='ocrx_word' id='word_1_347' title='bbox 1762 2734 1826 2775; x_wconf 89' lang='lat' dir='ltr'><strong>re</strong></span> <span class='ocrx_word' id='word_1_348' title='bbox 1885 2716 2157 2800; x_wconf 83' lang='lat' dir='ltr'><strong>obscura</strong></span> <span class='ocrx_word' id='word_1_349' title='bbox 2210 2719 2522 2800; x_wconf 87' lang='lat' dir='ltr'><strong>gloriandi</strong></span> <span class='ocrx_word' id='word_1_350' title='bbox 2570 2719 3042 2797; x_wconf 81' lang='lat' dir='ltr'><strong>suspicionem):</strong></span> <span class='ocrx_word' id='word_1_351' title='bbox 3107 2719 3273 2800; x_wconf 85' lang='lat' dir='ltr'><strong>quod</strong></span> <span class='ocrx_word' id='word_1_352' title='bbox 3340 2717 3429 2800; x_wconf 87' lang='lat' dir='ltr'><strong>in_</strong></span> <span class='ocrx_word' id='word_1_353' title='bbox 3488 2739 3740 2798; x_wconf 90' lang='lat' dir='ltr'><strong>quoque</strong></span> 
     </span>
    </p>
   </div>
   <div class='ocr_carea' id='block_1_31' title="bbox 340 2797 3734 2881">
    <p class='ocr_par' dir='ltr' id='par_1_31' title="bbox 340 2797 3734 2881">
     <span class='ocr_line' id='line_1_31' title="bbox 340 2797 3734 2881; baseline 0 -20"><span class='ocrx_word' id='word_1_354' title='bbox 340 2797 681 2881; x_wconf 69' lang='lat' dir='ltr'><strong>pluuimum</strong></span> <span class='ocrx_word' id='word_1_355' title='bbox 718 2808 833 2871; x_wconf 90' lang='lat' dir='ltr'><strong>est,</strong></span> <span class='ocrx_word' id='word_1_356' title='bbox 867 2799 986 2858; x_wconf 90' lang='lat' dir='ltr'><strong>hoc</strong></span> <span class='ocrx_word' id='word_1_357' title='bbox 1017 2800 1220 2881; x_wconf 81' lang='lat' dir='ltr'><strong>ipsum</strong></span> <span class='ocrx_word' id='word_1_358' title='bbox 1251 2797 1301 2856; x_wconf 90' lang='lat' dir='ltr'><strong>is</strong></span> <span class='ocrx_word' id='word_1_359' title='bbox 1332 2798 1724 2874; x_wconf 73' lang='lat' dir='ltr'><strong>potissimum</strong></span> <span class='ocrx_word' id='word_1_360' title='bbox 1755 2799 2036 2856; x_wconf 89' lang='lat' dir='ltr'><strong>conferre</strong></span> <span class='ocrx_word' id='word_1_361' title='bbox 2063 2797 2247 2881; x_wconf 85' lang='lat' dir='ltr'><strong>debet</strong></span> <span class='ocrx_word' id='word_1_362' title='bbox 2279 2800 2354 2857; x_wconf 87' lang='lat' dir='ltr'><strong>ad</strong></span> <span class='ocrx_word' id='word_1_363' title='bbox 2404 2799 2849 2877; x_wconf 90' lang='lat' dir='ltr'><strong>locupletanda</strong></span> <span class='ocrx_word' id='word_1_364' title='bbox 2880 2798 3240 2881; x_wconf 84' lang='lat' dir='ltr'><strong>communia</strong></span> <span class='ocrx_word' id='word_1_365' title='bbox 3269 2798 3475 2857; x_wconf 89' lang='lat' dir='ltr'><strong>studia</strong></span> <span class='ocrx_word' id='word_1_366' title='bbox 3497 2797 3734 2862; x_wconf 81' lang='lat' dir='ltr'><strong>nostra.</strong></span> 
     </span>
    </p>
   </div>
   <div class='ocr_carea' id='block_1_32' title="bbox 335 2879 3740 2959">
    <p class='ocr_par' dir='ltr' id='par_1_32' title="bbox 335 2879 3740 2959">
     <span class='ocr_line' id='line_1_32' title="bbox 335 2879 3740 2959; baseline 0 -17"><span class='ocrx_word' id='word_1_367' title='bbox 335 2879 474 2942; x_wconf 75' lang='lat' dir='ltr'><strong>Jam</strong></span> <span class='ocrx_word' id='word_1_368' title='bbox 513 2901 658 2942; x_wconf 90' lang='lat' dir='ltr'><strong>vero</strong></span> <span class='ocrx_word' id='word_1_369' title='bbox 690 2889 829 2959; x_wconf 77' lang='lat' dir='ltr'><strong>post</strong></span> <span class='ocrx_word' id='word_1_370' title='bbox 857 2879 1276 2956; x_wconf 89' lang='lat' dir='ltr'><strong>complurium</strong></span> <span class='ocrx_word' id='word_1_371' title='bbox 1338 2896 1645 2937; x_wconf 89' lang='lat' dir='ltr'><strong>annorum</strong></span> <span class='ocrx_word' id='word_1_372' title='bbox 1697 2881 2016 2959; x_wconf 83' lang='lat' dir='ltr'><strong>assiduum</strong></span> <span class='ocrx_word' id='word_1_373' title='bbox 2063 2879 2367 2949; x_wconf 86' lang='lat' dir='ltr'><strong>laborem,</strong></span> <span class='ocrx_word' id='word_1_374' title='bbox 2429 2899 2554 2956; x_wconf 92' lang='lat' dir='ltr'><strong>quo</strong></span> <span class='ocrx_word' id='word_1_375' title='bbox 2625 2881 2980 2956; x_wconf 88' lang='lat' dir='ltr'><strong>catalogum</strong></span> <span class='ocrx_word' id='word_1_376' title='bbox 3038 2879 3220 2938; x_wconf 92' lang='lat' dir='ltr'><strong>codd.</strong></span> <span class='ocrx_word' id='word_1_377' title='bbox 3264 2882 3625 2939; x_wconf 70' lang='lat' dir='ltr'><strong>Graecorum</strong></span> <span class='ocrx_word' id='word_1_378' title='bbox 3675 2883 3740 2942; x_wconf 91' lang='lat' dir='ltr'><strong>in</strong></span> 
     </span>
    </p>
   </div>
   <div class='ocr_carea' id='block_1_33' title="bbox 345 2958 3735 3037">
    <p class='ocr_par' dir='ltr' id='par_1_33' title="bbox 345 2958 3735 3037">
     <span class='ocr_line' id='line_1_33' title="bbox 345 2958 3735 3037; baseline 0 -16"><span class='ocrx_word' id='word_1_379' title='bbox 345 2958 805 3023; x_wconf 62' lang='lat' dir='ltr'><strong>Bibliothecam</strong></span> <span class='ocrx_word' id='word_1_380' title='bbox 842 2961 1182 3019; x_wconf 70' lang='lat' dir='ltr'><strong>maximam</strong></span> <span class='ocrx_word' id='word_1_381' title='bbox 1219 2959 1626 3018; x_wconf 76' lang='lat' dir='ltr'><strong>Parisiensem</strong></span> <span class='ocrx_word' id='word_1_382' title='bbox 1686 2977 1900 3017; x_wconf 81' lang='lat' dir='ltr'><strong>recens</strong></span> <span class='ocrx_word' id='word_1_383' title='bbox 1947 2958 2265 3017; x_wconf 88' lang='lat' dir='ltr'><strong>illatorom</strong></span> <span class='ocrx_word' id='word_1_384' title='bbox 2300 2961 2375 3018; x_wconf 91' lang='lat' dir='ltr'><strong>ad</strong></span> <span class='ocrx_word' id='word_1_385' title='bbox 2412 2960 2597 3019; x_wconf 82' lang='lat' dir='ltr'><strong>ﬁnem</strong></span> <span class='ocrx_word' id='word_1_386' title='bbox 2660 2964 3102 3037; x_wconf 85' lang='lat' dir='ltr'><strong>perduxeram,</strong></span> <span class='ocrx_word' id='word_1_387' title='bbox 3135 2966 3277 3037; x_wconf 90' lang='lat' dir='ltr'><strong>post</strong></span> <span class='ocrx_word' id='word_1_388' title='bbox 3309 2961 3640 3037; x_wconf 89' lang='lat' dir='ltr'><strong>pueritiam</strong></span> <span class='ocrx_word' id='word_1_389' title='bbox 3675 2971 3735 3022; x_wconf 85' lang='lat' dir='ltr'><strong>et</strong></span> 
     </span>
    </p>
   </div>
   <div class='ocr_carea' id='block_1_34' title="bbox 337 3038 3735 3122">
    <p class='ocr_par' dir='ltr' id='par_1_34' title="bbox 337 3038 3735 3122">
     <span class='ocr_line' id='line_1_34' title="bbox 337 3038 3735 3122; baseline 0 -20"><span class='ocrx_word' id='word_1_390' title='bbox 337 3045 604 3122; x_wconf 91' lang='lat' dir='ltr'><strong>primam</strong></span> <span class='ocrx_word' id='word_1_391' title='bbox 665 3041 1150 3122; x_wconf 84' lang='lat' dir='ltr'><strong>adolescentiam</strong></span> <span class='ocrx_word' id='word_1_392' title='bbox 1211 3039 1270 3097; x_wconf 94' lang='lat' dir='ltr'><strong>in</strong></span> <span class='ocrx_word' id='word_1_393' title='bbox 1323 3038 1445 3098; x_wconf 86' lang='lat' dir='ltr'><strong>hoc</strong></span> <span class='ocrx_word' id='word_1_394' title='bbox 1501 3038 1849 3122; x_wconf 82' lang='lat' dir='ltr'><strong>studiorum</strong></span> <span class='ocrx_word' id='word_1_395' title='bbox 1901 3057 2129 3115; x_wconf 88' lang='lat' dir='ltr'><strong>genere</strong></span> <span class='ocrx_word' id='word_1_396' title='bbox 2175 3040 2495 3122; x_wconf 50' lang='lat' dir='ltr'><strong>positam,</strong></span> <span class='ocrx_word' id='word_1_397' title='bbox 2542 3042 2855 3122; x_wconf 88' lang='lat' dir='ltr'><strong>neminem</strong></span> <span class='ocrx_word' id='word_1_398' title='bbox 2913 3058 3044 3100; x_wconf 88' lang='lat' dir='ltr'><strong>esse</strong></span> <span class='ocrx_word' id='word_1_399' title='bbox 3115 3044 3499 3122; x_wconf 89' lang='lat' dir='ltr'><strong>scriptorem</strong></span> <span class='ocrx_word' id='word_1_400' title='bbox 3545 3044 3735 3120; x_wconf 91' lang='lat' dir='ltr'><strong>paulo</strong></span> 
     </span>
    </p>
   </div>
   <div class='ocr_carea' id='block_1_35' title="bbox 336 3119 3736 3200">
    <p class='ocr_par' dir='ltr' id='par_1_35' title="bbox 336 3119 3736 3200">
     <span class='ocr_line' id='line_1_35' title="bbox 336 3119 3736 3200; baseline -0 -16"><span class='ocrx_word' id='word_1_401' title='bbox 336 3119 740 3184; x_wconf 83' lang='lat' dir='ltr'><strong>illustriorem</strong></span> <span class='ocrx_word' id='word_1_402' title='bbox 805 3121 1094 3191; x_wconf 91' lang='lat' dir='ltr'><strong>arbitror,</strong></span> <span class='ocrx_word' id='word_1_403' title='bbox 1131 3137 1335 3196; x_wconf 90' lang='lat' dir='ltr'><strong>neque</strong></span> <span class='ocrx_word' id='word_1_404' title='bbox 1391 3137 1664 3195; x_wconf 89' lang='lat' dir='ltr'><strong>sacrum,</strong></span> <span class='ocrx_word' id='word_1_405' title='bbox 1699 3119 1874 3195; x_wconf 89' lang='lat' dir='ltr'><strong>quia</strong></span> <span class='ocrx_word' id='word_1_406' title='bbox 1930 3119 2227 3196; x_wconf 81' lang='lat' dir='ltr'><strong>temporis</strong></span> <span class='ocrx_word' id='word_1_407' title='bbox 2285 3119 2742 3180; x_wconf 85' lang='lat' dir='ltr'><strong>Theodosianis</strong></span> <span class='ocrx_word' id='word_1_408' title='bbox 2796 3139 2994 3200; x_wconf 82' lang='lat' dir='ltr'><strong>usque</strong></span> <span class='ocrx_word' id='word_1_409' title='bbox 3051 3119 3432 3200; x_wconf 12' lang='lat' dir='ltr'><strong>adiruinam</strong></span> <span class='ocrx_word' id='word_1_410' title='bbox 3488 3119 3736 3200; x_wconf 87' lang='lat' dir='ltr'><strong>imperii</strong></span> 
     </span>
    </p>
   </div>
   <div class='ocr_carea' id='block_1_36' title="bbox 343 3199 3736 3279">
    <p class='ocr_par' dir='ltr' id='par_1_36' title="bbox 343 3199 3736 3279">
     <span class='ocr_line' id='line_1_36' title="bbox 343 3199 3736 3279; baseline 0 -16"><span class='ocrx_word' id='word_1_411' title='bbox 343 3203 676 3264; x_wconf 88' lang='lat' dir='ltr'><strong>Orientalis</strong></span> <span class='ocrx_word' id='word_1_412' title='bbox 708 3205 919 3262; x_wconf 75' lang='lat' dir='ltr'><strong>Graece</strong></span> <span class='ocrx_word' id='word_1_413' title='bbox 976 3201 1316 3278; x_wconf 89' lang='lat' dir='ltr'><strong>scripserit,</strong></span> <span class='ocrx_word' id='word_1_414' title='bbox 1351 3217 1536 3279; x_wconf 86' lang='lat' dir='ltr'><strong>quem</strong></span> <span class='ocrx_word' id='word_1_415' title='bbox 1572 3217 1696 3258; x_wconf 92' lang='lat' dir='ltr'>non</span> <span class='ocrx_word' id='word_1_416' title='bbox 1729 3201 1813 3257; x_wconf 91' lang='lat' dir='ltr'><strong>ita</strong></span> <span class='ocrx_word' id='word_1_417' title='bbox 1848 3201 2194 3269; x_wconf 86' lang='lat' dir='ltr'><strong>tractarim,</strong></span> <span class='ocrx_word' id='word_1_418' title='bbox 2256 3209 2324 3259; x_wconf 93' lang='lat' dir='ltr'><strong>ut</strong></span> <span class='ocrx_word' id='word_1_419' title='bbox 2354 3220 2474 3259; x_wconf 89' lang='lat' dir='ltr'><strong>non</strong></span> <span class='ocrx_word' id='word_1_420' title='bbox 2531 3201 2744 3279; x_wconf 90' lang='lat' dir='ltr'><strong>aliqua</strong></span> <span class='ocrx_word' id='word_1_421' title='bbox 2793 3199 2930 3277; x_wconf 89' lang='lat' dir='ltr'><strong>ejus</strong></span> <span class='ocrx_word' id='word_1_422' title='bbox 2975 3218 3120 3278; x_wconf 90' lang='lat' dir='ltr'><strong>pars</strong></span> <span class='ocrx_word' id='word_1_423' title='bbox 3149 3199 3211 3257; x_wconf 91' lang='lat' dir='ltr'><strong>in</strong></span> <span class='ocrx_word' id='word_1_424' title='bbox 3246 3202 3544 3260; x_wconf 85' lang='lat' dir='ltr'><strong>memoria</strong></span> <span class='ocrx_word' id='word_1_425' title='bbox 3582 3199 3736 3264; x_wconf 26' lang='lat' dir='ltr'><strong>’mea</strong></span> 
     </span>
    </p>
   </div>
   <div class='ocr_carea' id='block_1_37' title="bbox 335 3278 3736 3358">
    <p class='ocr_par' dir='ltr' id='par_1_37' title="bbox 335 3278 3736 3358">
     <span class='ocr_line' id='line_1_37' title="bbox 335 3278 3736 3358; baseline 0 -14"><span class='ocrx_word' id='word_1_426' title='bbox 335 3285 656 3344; x_wconf 88' lang='lat' dir='ltr'><strong>insideret.</strong></span> <span class='ocrx_word' id='word_1_427' title='bbox 692 3283 969 3353; x_wconf 80' lang='lat' dir='ltr'><strong>Scholia,</strong></span> <span class='ocrx_word' id='word_1_428' title='bbox 1005 3289 1283 3356; x_wconf 90' lang='lat' dir='ltr'><strong>catenas,</strong></span> <span class='ocrx_word' id='word_1_429' title='bbox 1321 3278 1760 3357; x_wconf 87' lang='lat' dir='ltr'><strong>paraphrases,</strong></span> <span class='ocrx_word' id='word_1_430' title='bbox 1795 3280 2271 3352; x_wconf 86' lang='lat' dir='ltr'><strong>commentaria,</strong></span> <span class='ocrx_word' id='word_1_431' title='bbox 2325 3282 2551 3358; x_wconf 89' lang='lat' dir='ltr'><strong>partim</strong></span> <span class='ocrx_word' id='word_1_432' title='bbox 2588 3278 2793 3340; x_wconf 89' lang='lat' dir='ltr'><strong>minus</strong></span> <span class='ocrx_word' id='word_1_433' title='bbox 2822 3281 2945 3358; x_wconf 88' lang='lat' dir='ltr'><strong>legi</strong></span> <span class='ocrx_word' id='word_1_434' title='bbox 2977 3281 3180 3351; x_wconf 90' lang='lat' dir='ltr'><strong>solita,</strong></span> <span class='ocrx_word' id='word_1_435' title='bbox 3217 3281 3444 3358; x_wconf 87' lang='lat' dir='ltr'><strong>partim</strong></span> <span class='ocrx_word' id='word_1_436' title='bbox 3479 3285 3736 3345; x_wconf 90' lang='lat' dir='ltr'><strong>omnino</strong></span> 
     </span>
    </p>
   </div>
   <div class='ocr_carea' id='block_1_38' title="bbox 335 3358 3734 3440">
    <p class='ocr_par' dir='ltr' id='par_1_38' title="bbox 335 3358 3734 3440">
     <span class='ocr_line' id='line_1_38' title="bbox 335 3358 3734 3440; baseline 0.001 -16"><span class='ocrx_word' id='word_1_437' title='bbox 335 3367 616 3425; x_wconf 89' lang='lat' dir='ltr'><strong>nondum</strong></span> <span class='ocrx_word' id='word_1_438' title='bbox 650 3363 838 3433; x_wconf 81' lang='lat' dir='ltr'><strong>edita,</strong></span> <span class='ocrx_word' id='word_1_439' title='bbox 874 3361 1008 3422; x_wconf 86' lang='lat' dir='ltr'><strong>fieri</strong></span> <span class='ocrx_word' id='word_1_440' title='bbox 1040 3380 1162 3421; x_wconf 91' lang='lat' dir='ltr'><strong>non</strong></span> <span class='ocrx_word' id='word_1_441' title='bbox 1194 3361 1400 3438; x_wconf 90' lang='lat' dir='ltr'><strong>potuit</strong></span> <span class='ocrx_word' id='word_1_442' title='bbox 1429 3361 1579 3437; x_wconf 88' lang='lat' dir='ltr'><strong>quin</strong></span> <span class='ocrx_word' id='word_1_443' title='bbox 1611 3358 1694 3417; x_wconf 85' lang='lat' dir='ltr'><strong>ita</strong></span> <span class='ocrx_word' id='word_1_444' title='bbox 1720 3365 2194 3440; x_wconf 81' lang='lat' dir='ltr'><strong>pertractarem,</strong></span> <span class='ocrx_word' id='word_1_445' title='bbox 2231 3367 2531 3421; x_wconf 90' lang='lat' dir='ltr'><strong>uteorum</strong></span> <span class='ocrx_word' id='word_1_446' title='bbox 2559 3362 2838 3440; x_wconf 90' lang='lat' dir='ltr'><strong>aliquam</strong></span> <span class='ocrx_word' id='word_1_447' title='bbox 2872 3369 3036 3420; x_wconf 88' lang='lat' dir='ltr'><strong>certe</strong></span> <span class='ocrx_word' id='word_1_448' title='bbox 3070 3360 3390 3420; x_wconf 90' lang='lat' dir='ltr'><strong>notionem</strong></span> <span class='ocrx_word' id='word_1_449' title='bbox 3423 3380 3734 3440; x_wconf 86' lang='lat' dir='ltr'><strong>caperem.</strong></span> 
     </span>
    </p>
   </div>
   <div class='ocr_carea' id='block_1_39' title="bbox 335 3438 3740 3520">
    <p class='ocr_par' dir='ltr' id='par_1_39' title="bbox 335 3438 3740 3520">
     <span class='ocr_line' id='line_1_39' title="bbox 335 3438 3740 3520; baseline 0.002 -20"><span class='ocrx_word' id='word_1_450' title='bbox 335 3444 780 3520; x_wconf 75' lang='lat' dir='ltr'><strong>Quamobrem,</strong></span> <span class='ocrx_word' id='word_1_451' title='bbox 815 3444 864 3502; x_wconf 92' lang='lat' dir='ltr'><strong>si</strong></span> <span class='ocrx_word' id='word_1_452' title='bbox 914 3441 1143 3520; x_wconf 89' lang='lat' dir='ltr'><strong>passim</strong></span> <span class='ocrx_word' id='word_1_453' title='bbox 1176 3459 1250 3500; x_wconf 84' lang='lat' dir='ltr'><strong>ex</strong></span> <span class='ocrx_word' id='word_1_454' title='bbox 1304 3440 1599 3500; x_wconf 88' lang='lat' dir='ltr'><strong>Patribus</strong></span> <span class='ocrx_word' id='word_1_455' title='bbox 1646 3438 1990 3511; x_wconf 88' lang='lat' dir='ltr'><strong>scholiatis,</strong></span> <span class='ocrx_word' id='word_1_456' title='bbox 2027 3441 2406 3513; x_wconf 89' lang='lat' dir='ltr'><strong>rhetoribus,</strong></span> <span class='ocrx_word' id='word_1_457' title='bbox 2459 3438 2774 3501; x_wconf 82' lang='lat' dir='ltr'><strong>illustrare</strong></span> <span class='ocrx_word' id='word_1_458' title='bbox 2805 3444 3192 3520; x_wconf 64' lang='lat' dir='ltr'><strong>quaestiones</strong></span> <span class='ocrx_word' id='word_1_459' title='bbox 3220 3442 3478 3519; x_wconf 87' lang='lat' dir='ltr'><strong>aliquot,</strong></span> <span class='ocrx_word' id='word_1_460' title='bbox 3502 3438 3740 3506; x_wconf 71' lang='lat' dir='ltr'><strong>afferre</strong></span> 
     </span>
    </p>
   </div>
   <div class='ocr_carea' id='block_1_40' title="bbox 331 3521 3738 3604">
    <p class='ocr_par' dir='ltr' id='par_1_40' title="bbox 331 3521 3738 3604">
     <span class='ocr_line' id='line_1_40' title="bbox 331 3521 3738 3604; baseline 0 -19"><span class='ocrx_word' id='word_1_461' title='bbox 331 3526 616 3604; x_wconf 87' lang='lat' dir='ltr'><strong>phrases,</strong></span> <span class='ocrx_word' id='word_1_462' title='bbox 649 3523 1037 3601; x_wconf 89' lang='lat' dir='ltr'><strong>locupletare</strong></span> <span class='ocrx_word' id='word_1_463' title='bbox 1070 3521 1318 3592; x_wconf 83' lang='lat' dir='ltr'><strong>Lexica,</strong></span> <span class='ocrx_word' id='word_1_464' title='bbox 1381 3527 1600 3578; x_wconf 89' lang='lat' dir='ltr'><strong>notare</strong></span> <span class='ocrx_word' id='word_1_465' title='bbox 1631 3538 1875 3579; x_wconf 90' lang='lat' dir='ltr'><strong>errores</strong></span> <span class='ocrx_word' id='word_1_466' title='bbox 1905 3521 2209 3604; x_wconf 86' lang='lat' dir='ltr'><strong>quosdam</strong></span> <span class='ocrx_word' id='word_1_467' title='bbox 2264 3523 2593 3604; x_wconf 88' lang='lat' dir='ltr'><strong>superiore</strong></span> <span class='ocrx_word' id='word_1_468' title='bbox 2645 3523 2948 3582; x_wconf 90' lang='lat' dir='ltr'><strong>memoria</strong></span> <span class='ocrx_word' id='word_1_469' title='bbox 3004 3521 3373 3604; x_wconf 87' lang='lat' dir='ltr'><strong>commissos</strong></span> <span class='ocrx_word' id='word_1_470' title='bbox 3408 3521 3601 3604; x_wconf 57' lang='lat' dir='ltr'><strong>(nam</strong></span> <span class='ocrx_word' id='word_1_471' title='bbox 3658 3527 3738 3585; x_wconf 91' lang='lat' dir='ltr'><strong>ab</strong></span> 
     </span>
    </p>
   </div>
   <div class='ocr_carea' id='block_1_41' title="bbox 331 3600 3739 3685">
    <p class='ocr_par' dir='ltr' id='par_1_41' title="bbox 331 3600 3739 3685">
     <span class='ocr_line' id='line_1_41' title="bbox 331 3600 3739 3685; baseline 0.001 -20"><span class='ocrx_word' id='word_1_472' title='bbox 331 3600 672 3684; x_wconf 73' lang='lat' dir='ltr'><strong>aequalium</strong></span> <span class='ocrx_word' id='word_1_473' title='bbox 698 3684 702 3685; x_wconf 14' lang='grc' dir='ltr'><em>ν</em></span> <span class='ocrx_word' id='word_1_474' title='bbox 731 3600 1021 3685; x_wconf 83' lang='lat' dir='ltr'><strong>censura,</strong></span> <span class='ocrx_word' id='word_1_475' title='bbox 1053 3619 1194 3677; x_wconf 71' lang='lat' dir='ltr'><strong>quas</strong></span> <span class='ocrx_word' id='word_1_476' title='bbox 1228 3619 1365 3685; x_wconf 80' lang='lat' dir='ltr'><strong>mea</strong></span> <span class='ocrx_word' id='word_1_477' title='bbox 1397 3607 1624 3685; x_wconf 78' lang='lat' dir='ltr'><strong>natura</strong></span> <span class='ocrx_word' id='word_1_478' title='bbox 1653 3608 1766 3670; x_wconf 90' lang='lat' dir='ltr'><strong>est,</strong></span> <span class='ocrx_word' id='word_1_479' title='bbox 1801 3600 2061 3685; x_wconf 86' lang='lat' dir='ltr'><strong>omnino</strong></span> <span class='ocrx_word' id='word_1_480' title='bbox 2115 3602 2414 3681; x_wconf 90' lang='lat' dir='ltr'><strong>abstinui)</strong></span> <span class='ocrx_word' id='word_1_481' title='bbox 2463 3611 2726 3663; x_wconf 90' lang='lat' dir='ltr'><strong>conatus</strong></span> <span class='ocrx_word' id='word_1_482' title='bbox 2757 3621 2917 3685; x_wconf 4' lang='lat' dir='ltr'><strong>sum),</strong></span> <span class='ocrx_word' id='word_1_483' title='bbox 2950 3622 3073 3662; x_wconf 94' lang='lat' dir='ltr'>non</span> <span class='ocrx_word' id='word_1_484' title='bbox 3123 3603 3267 3685; x_wconf 85' lang='lat' dir='ltr'><strong>ideo</strong></span> <span class='ocrx_word' id='word_1_485' title='bbox 3395 3603 3533 3675; x_wconf 86' lang='lat' dir='ltr'><strong>feci,</strong></span> <span class='ocrx_word' id='word_1_486' title='bbox 3568 3608 3739 3685; x_wconf 91' lang='lat' dir='ltr'><strong>quod</strong></span> 
     </span>
    </p>
   </div>
   <div class='ocr_carea' id='block_1_42' title="bbox 329 3680 3737 3764">
    <p class='ocr_par' dir='ltr' id='par_1_42' title="bbox 329 3680 3737 3764">
     <span class='ocr_line' id='line_1_42' title="bbox 329 3680 3737 3764; baseline 0.001 -20"><span class='ocrx_word' id='word_1_487' title='bbox 329 3680 446 3744; x_wconf 46' lang='lat' dir='ltr'><strong>ho&#39;s</strong></span> <span class='ocrx_word' id='word_1_488' title='bbox 480 3684 855 3746; x_wconf 88' lang='lat' dir='ltr'><strong>recentiores</strong></span> <span class='ocrx_word' id='word_1_489' title='bbox 885 3683 1224 3764; x_wconf 83' lang='lat' dir='ltr'><strong>scriptores</strong></span> <span class='ocrx_word' id='word_1_490' title='bbox 1282 3681 1410 3740; x_wconf 92' lang='lat' dir='ltr'><strong>ullo</strong></span> <span class='ocrx_word' id='word_1_491' title='bbox 1443 3680 1631 3764; x_wconf 86' lang='lat' dir='ltr'><strong>modo</strong></span> <span class='ocrx_word' id='word_1_492' title='bbox 1681 3683 2139 3764; x_wconf 80' lang='lat' dir='ltr'><strong>comparandOs</strong></span> <span class='ocrx_word' id='word_1_493' title='bbox 2172 3701 2302 3741; x_wconf 84' lang='lat' dir='ltr'><strong>esse</strong></span> <span class='ocrx_word' id='word_1_494' title='bbox 2362 3680 2506 3743; x_wconf 85' lang='lat' dir='ltr'><strong>eum</strong></span> <span class='ocrx_word' id='word_1_495' title='bbox 2566 3683 3026 3761; x_wconf 82' lang='lat' dir='ltr'><strong>antiquioribus</strong></span> <span class='ocrx_word' id='word_1_496' title='bbox 3068 3680 3602 3764; x_wconf 45' lang='lat' dir='ltr'><strong>capitalibusque&#39;</strong></span> <span class='ocrx_word' id='word_1_497' title='bbox 3638 3688 3737 3747; x_wconf 74' lang='lat' dir='ltr'><strong>ilis</strong></span> 
     </span>
    </p>
   </div>
   <div class='ocr_carea' id='block_1_43' title="bbox 329 3760 3734 3846">
    <p class='ocr_par' dir='ltr' id='par_1_43' title="bbox 329 3760 3734 3846">
     <span class='ocr_line' id='line_1_43' title="bbox 329 3760 3734 3846; baseline 0.001 -22"><span class='ocrx_word' id='word_1_498' title='bbox 329 3766 658 3835; x_wconf 87' lang='lat' dir='ltr'><strong>ducebam,</strong></span> <span class='ocrx_word' id='word_1_499' title='bbox 696 3783 852 3846; x_wconf 85' lang='lat' dir='ltr'><strong>quos</strong></span> <span class='ocrx_word' id='word_1_500' title='bbox 883 3781 1090 3830; x_wconf 91' lang='lat' dir='ltr'><strong>nemo,</strong></span> <span class='ocrx_word' id='word_1_501' title='bbox 1125 3762 1372 3838; x_wconf 91' lang='lat' dir='ltr'><strong>opinor,</strong></span> <span class='ocrx_word' id='word_1_502' title='bbox 1407 3767 1497 3819; x_wconf 89' lang='lat' dir='ltr'><strong>est</strong></span> <span class='ocrx_word' id='word_1_503' title='bbox 1529 3760 1679 3846; x_wconf 83' lang='lat' dir='ltr'><strong>quin</strong></span> <span class='ocrx_word' id='word_1_504' title='bbox 1713 3762 1933 3846; x_wconf 87' lang='lat' dir='ltr'><strong>crebro</strong></span> <span class='ocrx_word' id='word_1_505' title='bbox 1966 3769 2286 3846; x_wconf 83' lang='lat' dir='ltr'><strong>regustare</strong></span> <span class='ocrx_word' id='word_1_506' title='bbox 2314 3765 2548 3846; x_wconf 70' lang='lat' dir='ltr'><strong>sopiat,</strong></span> <span class='ocrx_word' id='word_1_507' title='bbox 2585 3765 2644 3823; x_wconf 91' lang='lat' dir='ltr'><strong>in</strong></span> <span class='ocrx_word' id='word_1_508' title='bbox 2679 3760 2874 3842; x_wconf 82' lang='lat' dir='ltr'><strong>iisque</strong></span> <span class='ocrx_word' id='word_1_509' title='bbox 2896 3763 3294 3846; x_wconf 73' lang='lat' dir='ltr'><strong>acquiescat;</strong></span> <span class='ocrx_word' id='word_1_510' title='bbox 3331 3760 3533 3841; x_wconf 76' lang='lat' dir='ltr'><strong>neque</strong></span> <span class='ocrx_word' id='word_1_511' title='bbox 3565 3771 3734 3846; x_wconf 89' lang='lat' dir='ltr'><strong>quod</strong></span> 
     </span>
    </p>
   </div>
   <div class='ocr_carea' id='block_1_44' title="bbox 330 3841 3735 3924">
    <p class='ocr_par' dir='ltr' id='par_1_44' title="bbox 330 3841 3735 3924">
     <span class='ocr_line' id='line_1_44' title="bbox 330 3841 3735 3924; baseline -0.001 -20"><span class='ocrx_word' id='word_1_512' title='bbox 330 3863 536 3904; x_wconf 91' lang='lat' dir='ltr'><strong>meum</strong></span> <span class='ocrx_word' id='word_1_513' title='bbox 573 3844 923 3924; x_wconf 88' lang='lat' dir='ltr'><strong>studiorum</strong></span> <span class='ocrx_word' id='word_1_514' title='bbox 960 3861 1157 3918; x_wconf 64' lang='lat' dir='ltr'><strong>genus</strong></span> <span class='ocrx_word' id='word_1_515' title='bbox 1188 3859 1541 3924; x_wconf 83' lang='lat' dir='ltr'><strong>proponere</strong></span> <span class='ocrx_word' id='word_1_516' title='bbox 1572 3841 1630 3898; x_wconf 92' lang='lat' dir='ltr'><strong>in</strong></span> <span class='ocrx_word' id='word_1_517' title='bbox 1665 3842 2021 3918; x_wconf 87' lang='lat' dir='ltr'><strong>exemplum</strong></span> <span class='ocrx_word' id='word_1_518' title='bbox 2057 3843 2216 3914; x_wconf 91' lang='lat' dir='ltr'><strong>aliis,</strong></span> <span class='ocrx_word' id='word_1_519' title='bbox 2253 3841 2756 3903; x_wconf 84' lang='lat' dir='ltr'><strong>adolescentibus</strong></span> <span class='ocrx_word' id='word_1_520' title='bbox 2780 3841 3125 3921; x_wconf 68' lang='lat' dir='ltr'><strong>praecipue,</strong></span> <span class='ocrx_word' id='word_1_521' title='bbox 3176 3843 3360 3901; x_wconf 87' lang='lat' dir='ltr'><strong>velim</strong></span> <span class='ocrx_word' id='word_1_522' title='bbox 3401 3849 3549 3907; x_wconf 77' lang='lat' dir='ltr'><strong>:sed</strong></span> <span class='ocrx_word' id='word_1_523' title='bbox 3586 3841 3735 3924; x_wconf 66' lang='lat' dir='ltr'><strong>quia</strong></span> 
     </span>
    </p>
   </div>
   <div class='ocr_carea' id='block_1_45' title="bbox 322 3921 3731 4007">
    <p class='ocr_par' dir='ltr' id='par_1_45' title="bbox 322 3921 3731 4007">
     <span class='ocr_line' id='line_1_45' title="bbox 322 3921 3731 4007; baseline 0.001 -24"><span class='ocrx_word' id='word_1_524' title='bbox 322 3925 386 3983; x_wconf 93' lang='lat' dir='ltr'><strong>in</strong></span> <span class='ocrx_word' id='word_1_525' title='bbox 420 3943 492 3984; x_wconf 93' lang='lat' dir='ltr'><strong>eo</strong></span> <span class='ocrx_word' id='word_1_526' title='bbox 527 3926 662 3983; x_wconf 93' lang='lat' dir='ltr'><strong>loco</strong></span> <span class='ocrx_word' id='word_1_527' title='bbox 686 3923 752 4007; x_wconf 78' lang='lat' dir='ltr'><strong>in</strong></span> <span class='ocrx_word' id='word_1_528' title='bbox 785 3941 988 4007; x_wconf 79' lang='lat' dir='ltr'><strong>eoque</strong></span> <span class='ocrx_word' id='word_1_529' title='bbox 1023 3940 1279 4007; x_wconf 79' lang='lat' dir='ltr'><strong>munere</strong></span> <span class='ocrx_word' id='word_1_530' title='bbox 1305 3921 1703 4007; x_wconf 76' lang='lat' dir='ltr'><strong>constitutus,</strong></span> <span class='ocrx_word' id='word_1_531' title='bbox 1726 3930 2107 4007; x_wconf 77' lang='lat' dir='ltr'><strong>_ut_tractare</strong></span> <span class='ocrx_word' id='word_1_532' title='bbox 2141 3925 2449 4007; x_wconf 87' lang='lat' dir='ltr'><strong>ejusmodi</strong></span> <span class='ocrx_word' id='word_1_533' title='bbox 2481 3926 2714 4003; x_wconf 90' lang='lat' dir='ltr'><strong>scripta</strong></span> <span class='ocrx_word' id='word_1_534' title='bbox 2746 3943 2884 3983; x_wconf 91' lang='lat' dir='ltr'><strong>cum</strong></span> <span class='ocrx_word' id='word_1_535' title='bbox 2921 3926 2999 3982; x_wconf 92' lang='lat' dir='ltr'><strong>ad</strong></span> <span class='ocrx_word' id='word_1_536' title='bbox 3051 3924 3437 3982; x_wconf 91' lang='lat' dir='ltr'><strong>voluntatem</strong></span> <span class='ocrx_word' id='word_1_537' title='bbox 3473 3921 3731 4007; x_wconf 80' lang='lat' dir='ltr'><strong>possim,</strong></span> 
     </span>
    </p>
   </div>
   <div class='ocr_carea' id='block_1_46' title="bbox 321 4001 3727 4083">
    <p class='ocr_par' dir='ltr' id='par_1_46' title="bbox 321 4001 3727 4083">
     <span class='ocr_line' id='line_1_46' title="bbox 321 4001 3727 4083; baseline -0 -19"><span class='ocrx_word' id='word_1_538' title='bbox 321 4012 454 4064; x_wconf 92' lang='lat' dir='ltr'><strong>tum</strong></span> <span class='ocrx_word' id='word_1_539' title='bbox 489 4023 602 4082; x_wconf 94' lang='lat' dir='ltr'><strong>pro</strong></span> <span class='ocrx_word' id='word_1_540' title='bbox 633 4004 841 4063; x_wconf 88' lang='lat' dir='ltr'><strong>officio</strong></span> <span class='ocrx_word' id='word_1_541' title='bbox 891 4002 1176 4074; x_wconf 56' lang='lat' dir='ltr'><strong>debeam,</strong></span> <span class='ocrx_word' id='word_1_542' title='bbox 1212 4001 1272 4060; x_wconf 93' lang='lat' dir='ltr'><strong>id</strong></span> <span class='ocrx_word' id='word_1_543' title='bbox 1309 4002 1523 4072; x_wconf 90' lang='lat' dir='ltr'><strong>malui,</strong></span> <span class='ocrx_word' id='word_1_544' title='bbox 1575 4003 1741 4083; x_wconf 85' lang='lat' dir='ltr'><strong>quod</strong></span> <span class='ocrx_word' id='word_1_545' title='bbox 1778 4002 1883 4060; x_wconf 89' lang='lat' dir='ltr'><strong>alii</strong></span> <span class='ocrx_word' id='word_1_546' title='bbox 1918 4005 2120 4063; x_wconf 89' lang='lat' dir='ltr'><strong>minus</strong></span> <span class='ocrx_word' id='word_1_547' title='bbox 2151 4006 2479 4065; x_wconf 93' lang='lat' dir='ltr'><strong>commode</strong></span> <span class='ocrx_word' id='word_1_548' title='bbox 2515 4001 2786 4083; x_wconf 80' lang='lat' dir='ltr'><strong>possent,</strong></span> <span class='ocrx_word' id='word_1_549' title='bbox 2823 4023 3032 4082; x_wconf 86' lang='lat' dir='ltr'><strong>agere,</strong></span> <span class='ocrx_word' id='word_1_550' title='bbox 3089 4022 3282 4082; x_wconf 89' lang='lat' dir='ltr'><strong>quam</strong></span> <span class='ocrx_word' id='word_1_551' title='bbox 3315 4001 3490 4081; x_wconf 73' lang='lat' dir='ltr'><strong>quod</strong></span> <span class='ocrx_word' id='word_1_552' title='bbox 3539 4011 3727 4068; x_wconf 85' lang='lat' dir='ltr'><strong>iidem</strong></span> 
     </span>
    </p>
   </div>
   <div class='ocr_carea' id='block_1_47' title="bbox 268 4082 2092 4164">
    <p class='ocr_par' dir='ltr' id='par_1_47' title="bbox 268 4082 2092 4164">
     <span class='ocr_line' id='line_1_47' title="bbox 268 4082 2092 4164; baseline 0.002 -24"><span class='ocrx_word' id='word_1_553' title='bbox 268 4136 272 4140; x_wconf 91' lang='lat'><strong>.</strong></span> <span class='ocrx_word' id='word_1_554' title='bbox 321 4103 501 4164; x_wconf 77' lang='lat' dir='ltr'><strong>seque</strong></span> <span class='ocrx_word' id='word_1_555' title='bbox 532 4085 692 4144; x_wconf 89' lang='lat' dir='ltr'><strong>bene</strong></span> <span class='ocrx_word' id='word_1_556' title='bbox 723 4091 912 4161; x_wconf 89' lang='lat' dir='ltr'><strong>atque</strong></span> <span class='ocrx_word' id='word_1_557' title='bbox 944 4101 1086 4160; x_wconf 86' lang='lat' dir='ltr'><strong>ego,</strong></span> <span class='ocrx_word' id='word_1_558' title='bbox 1120 4089 1228 4142; x_wconf 90' lang='lat' dir='ltr'><strong>aut</strong></span> <span class='ocrx_word' id='word_1_559' title='bbox 1260 4084 1451 4141; x_wconf 88' lang='lat' dir='ltr'><strong>etiam</strong></span> <span class='ocrx_word' id='word_1_560' title='bbox 1487 4082 1684 4141; x_wconf 89' lang='lat' dir='ltr'><strong>multo</strong></span> <span class='ocrx_word' id='word_1_561' title='bbox 1719 4101 1815 4141; x_wconf 92' lang='lat' dir='ltr'><strong>me</strong></span> <span class='ocrx_word' id='word_1_562' title='bbox 1849 4084 2092 4144; x_wconf 89' lang='lat' dir='ltr'><strong>melius.</strong></span> 
     </span>
    </p>
   </div>
   <div class='ocr_carea' id='block_1_48' title="bbox 399 4205 3734 4287">
    <p class='ocr_par' dir='ltr' id='par_1_48' title="bbox 399 4205 3734 4287">
     <span class='ocr_line' id='line_1_48' title="bbox 399 4205 3734 4287; baseline -0.002 -17"><span class='ocrx_word' id='word_1_563' title='bbox 399 4210 528 4270; x_wconf 87' lang='lat' dir='ltr'><strong>XV.</strong></span> <span class='ocrx_word' id='word_1_564' title='bbox 589 4207 965 4279; x_wconf 81' lang='lat' dir='ltr'><strong>Accedebat,</strong></span> <span class='ocrx_word' id='word_1_565' title='bbox 1022 4207 1191 4284; x_wconf 92' lang='lat' dir='ltr'><strong>quod</strong></span> <span class='ocrx_word' id='word_1_566' title='bbox 1247 4206 1309 4264; x_wconf 92' lang='lat' dir='ltr'><strong>in</strong></span> <span class='ocrx_word' id='word_1_567' title='bbox 1369 4205 1693 4266; x_wconf 89' lang='lat' dir='ltr'><strong>Britannia</strong></span> <span class='ocrx_word' id='word_1_568' title='bbox 1749 4225 1977 4266; x_wconf 89' lang='lat' dir='ltr'><strong>novam</strong></span> <span class='ocrx_word' id='word_1_569' title='bbox 2022 4208 2363 4269; x_wconf 82' lang='lat' dir='ltr'><strong>editionem</strong></span> <span class='ocrx_word' id='word_1_570' title='bbox 2419 4209 2721 4269; x_wconf 89' lang='lat' dir='ltr'><strong>Thesauri</strong></span> <span class='ocrx_word' id='word_1_571' title='bbox 2779 4207 3189 4287; x_wconf 89' lang='lat' dir='ltr'><strong>Stephaniani</strong></span> <span class='ocrx_word' id='word_1_572' title='bbox 3248 4207 3457 4287; x_wconf 91' lang='lat' dir='ltr'><strong>parari</strong></span> <span class='ocrx_word' id='word_1_573' title='bbox 3513 4205 3734 4266; x_wconf 87' lang='lat' dir='ltr'><strong>audie-</strong></span> 
     </span>
    </p>
   </div>
   <div class='ocr_carea' id='block_1_49' title="bbox 318 4287 3736 4368">
    <p class='ocr_par' dir='ltr' id='par_1_49' title="bbox 318 4287 3736 4368">
     <span class='ocr_line' id='line_1_49' title="bbox 318 4287 3736 4368; baseline -0.001 -20"><span class='ocrx_word' id='word_1_574' title='bbox 318 4289 502 4361; x_wconf 87' lang='lat' dir='ltr'><strong>bam,</strong></span> <span class='ocrx_word' id='word_1_575' title='bbox 563 4290 640 4349; x_wconf 91' lang='lat' dir='ltr'><strong>ad</strong></span> <span class='ocrx_word' id='word_1_576' title='bbox 695 4306 962 4365; x_wconf 77' lang='lat' dir='ltr'><strong>eamque</strong></span> <span class='ocrx_word' id='word_1_577' title='bbox 1022 4287 1525 4366; x_wconf 81' lang='lat' dir='ltr'><strong>lOcupletandam</strong></span> <span class='ocrx_word' id='word_1_578' title='bbox 1595 4287 1762 4345; x_wconf 89' lang='lat' dir='ltr'><strong>viros</strong></span> <span class='ocrx_word' id='word_1_579' title='bbox 1819 4289 2038 4347; x_wconf 91' lang='lat' dir='ltr'><strong>doctos</strong></span> <span class='ocrx_word' id='word_1_580' title='bbox 2085 4289 2344 4349; x_wconf 90' lang='lat' dir='ltr'><strong>editioni</strong></span> <span class='ocrx_word' id='word_1_581' title='bbox 2403 4293 2774 4368; x_wconf 62' lang='lat' dir='ltr'><strong>praepositos</strong></span> <span class='ocrx_word' id='word_1_582' title='bbox 2823 4307 3007 4349; x_wconf 91' lang='lat' dir='ltr'><strong>voces</strong></span> <span class='ocrx_word' id='word_1_583' title='bbox 3061 4290 3340 4348; x_wconf 91' lang='lat' dir='ltr'><strong>nondum</strong></span> <span class='ocrx_word' id='word_1_584' title='bbox 3388 4289 3452 4348; x_wconf 90' lang='lat' dir='ltr'><strong>in</strong></span> <span class='ocrx_word' id='word_1_585' title='bbox 3504 4287 3736 4348; x_wconf 86' lang='lat' dir='ltr'><strong>Lexiea</strong></span> 
     </span>
    </p>
   </div>
   <div class='ocr_carea' id='block_1_50' title="bbox 320 4368 3736 4448">
    <p class='ocr_par' dir='ltr' id='par_1_50' title="bbox 320 4368 3736 4448">
     <span class='ocr_line' id='line_1_50' title="bbox 320 4368 3736 4448; baseline -0.001 -19"><span class='ocrx_word' id='word_1_586' title='bbox 320 4376 608 4448; x_wconf 88' lang='lat' dir='ltr'><strong>receptas</strong></span> <span class='ocrx_word' id='word_1_587' title='bbox 672 4370 949 4446; x_wconf 92' lang='lat' dir='ltr'><strong>undique</strong></span> <span class='ocrx_word' id='word_1_588' title='bbox 1005 4369 1341 4448; x_wconf 70' lang='lat' dir='ltr'><strong>aucupari.</strong></span> <span class='ocrx_word' id='word_1_589' title='bbox 1397 4369 1600 4438; x_wconf 87' lang='lat' dir='ltr'><strong>Quare</strong></span> <span class='ocrx_word' id='word_1_590' title='bbox 1669 4368 1999 4439; x_wconf 87' lang='lat' dir='ltr'><strong>voeabula,</strong></span> <span class='ocrx_word' id='word_1_591' title='bbox 2061 4371 2291 4446; x_wconf 91' lang='lat' dir='ltr'><strong>quibus</strong></span> <span class='ocrx_word' id='word_1_592' title='bbox 2348 4370 2577 4442; x_wconf 91' lang='lat' dir='ltr'><strong>adhuc,</strong></span> <span class='ocrx_word' id='word_1_593' title='bbox 2641 4377 2948 4448; x_wconf 89' lang='lat' dir='ltr'><strong>quantum</strong></span> <span class='ocrx_word' id='word_1_594' title='bbox 3020 4370 3170 4436; x_wconf 84' lang='lat' dir='ltr'><strong>scio,</strong></span> <span class='ocrx_word' id='word_1_595' title='bbox 3236 4369 3460 4429; x_wconf 83' lang='lat' dir='ltr'><strong>Lexica</strong></span> <span class='ocrx_word' id='word_1_596' title='bbox 3519 4374 3736 4427; x_wconf 86' lang='lat' dir='ltr'><strong>carent</strong></span> 
     </span>
    </p>
   </div>
   <div class='ocr_carea' id='block_1_51' title="bbox 322 4447 3736 4529">
    <p class='ocr_par' dir='ltr' id='par_1_51' title="bbox 322 4447 3736 4529">
     <span class='ocr_line' id='line_1_51' title="bbox 322 4447 3736 4529; baseline -0.001 -20"><span class='ocrx_word' id='word_1_597' title='bbox 322 4447 595 4526; x_wconf 86' lang='lat' dir='ltr'><strong>(enotavi</strong></span> <span class='ocrx_word' id='word_1_598' title='bbox 651 4456 860 4509; x_wconf 89' lang='lat' dir='ltr'><strong>autem</strong></span> <span class='ocrx_word' id='word_1_599' title='bbox 933 4448 1265 4527; x_wconf 90' lang='lat' dir='ltr'><strong>multiplici</strong></span> <span class='ocrx_word' id='word_1_600' title='bbox 1331 4447 1984 4529; x_wconf 72' lang='lat' dir='ltr'><strong>lectionecomplura</strong></span> <span class='ocrx_word' id='word_1_601' title='bbox 2052 4449 2298 4527; x_wconf 87' lang='lat' dir='ltr'><strong>millia),</strong></span> <span class='ocrx_word' id='word_1_602' title='bbox 2372 4453 2600 4529; x_wconf 90' lang='lat' dir='ltr'><strong>passim</strong></span> <span class='ocrx_word' id='word_1_603' title='bbox 2664 4447 2991 4528; x_wconf 31' lang='lat' dir='ltr'><strong>&#39;Subjunxi,</strong></span> <span class='ocrx_word' id='word_1_604' title='bbox 3056 4450 3418 4528; x_wconf 78' lang='lat' dir='ltr'><strong>gratificans</strong></span> <span class='ocrx_word' id='word_1_605' title='bbox 3474 4448 3736 4508; x_wconf 81' lang='lat' dir='ltr'><strong>Lexico-</strong></span> 
     </span>
    </p>
   </div>
   <div class='ocr_carea' id='block_1_52' title="bbox 321 4526 3735 4608">
    <p class='ocr_par' dir='ltr' id='par_1_52' title="bbox 321 4526 3735 4608">
     <span class='ocr_line' id='line_1_52' title="bbox 321 4526 3735 4608; baseline -0.001 -20"><span class='ocrx_word' id='word_1_606' title='bbox 321 4531 583 4607; x_wconf 89' lang='lat' dir='ltr'><strong>graphis</strong></span> <span class='ocrx_word' id='word_1_607' title='bbox 652 4531 883 4607; x_wconf 88' lang='lat' dir='ltr'><strong>potius,</strong></span> <span class='ocrx_word' id='word_1_608' title='bbox 945 4526 1132 4607; x_wconf 86' lang='lat' dir='ltr'><strong>quam</strong></span> <span class='ocrx_word' id='word_1_609' title='bbox 1206 4528 1377 4606; x_wconf 89' lang='lat' dir='ltr'><strong>quod</strong></span> <span class='ocrx_word' id='word_1_610' title='bbox 1448 4527 1511 4586; x_wconf 94' lang='lat' dir='ltr'><strong>in</strong></span> <span class='ocrx_word' id='word_1_611' title='bbox 1584 4526 1891 4608; x_wconf 84' lang='lat' dir='ltr'><strong>ejusmodi</strong></span> <span class='ocrx_word' id='word_1_612' title='bbox 1946 4529 2152 4589; x_wconf 89' lang='lat' dir='ltr'><strong>verbis</strong></span> <span class='ocrx_word' id='word_1_613' title='bbox 2227 4526 2532 4591; x_wconf 75' lang='lat' dir='ltr'><strong>addendis</strong></span> <span class='ocrx_word' id='word_1_614' title='bbox 2609 4526 2906 4608; x_wconf 82' lang='lat' dir='ltr'><strong>magnum</strong></span> <span class='ocrx_word' id='word_1_615' title='bbox 2988 4526 3346 4608; x_wconf 82' lang='lat' dir='ltr'><strong>ponendum</strong></span> <span class='ocrx_word' id='word_1_616' title='bbox 3408 4547 3540 4589; x_wconf 91' lang='lat' dir='ltr'><strong>esse</strong></span> <span class='ocrx_word' id='word_1_617' title='bbox 3597 4547 3735 4587; x_wconf 92' lang='lat' dir='ltr'><strong>mo-</strong></span> 
     </span>
    </p>
   </div>
   <div class='ocr_carea' id='block_1_53' title="bbox 324 4607 3732 4690">
    <p class='ocr_par' dir='ltr' id='par_1_53' title="bbox 324 4607 3732 4690">
     <span class='ocr_line' id='line_1_53' title="bbox 324 4607 3732 4690; baseline 0 -23"><span class='ocrx_word' id='word_1_618' title='bbox 324 4617 632 4690; x_wconf 85' lang='lat' dir='ltr'><strong>mentum,</strong></span> <span class='ocrx_word' id='word_1_619' title='bbox 703 4616 811 4690; x_wconf 82' lang='lat' dir='ltr'><strong>aut</strong></span> <span class='ocrx_word' id='word_1_620' title='bbox 854 4609 1277 4690; x_wconf 85' lang='lat' dir='ltr'><strong>gloriandum</strong></span> <span class='ocrx_word' id='word_1_621' title='bbox 1349 4607 1891 4690; x_wconf 29' lang='lat' dir='ltr'><strong>putem._-Egi_id</strong></span> <span class='ocrx_word' id='word_1_622' title='bbox 1963 4627 2236 4687; x_wconf 90' lang='lat' dir='ltr'><strong>quoque,</strong></span> <span class='ocrx_word' id='word_1_623' title='bbox 2315 4618 2382 4670; x_wconf 92' lang='lat' dir='ltr'><strong>ut</strong></span> <span class='ocrx_word' id='word_1_624' title='bbox 2439 4607 2746 4673; x_wconf 84' lang='lat' dir='ltr'><strong>voeabula</strong></span> <span class='ocrx_word' id='word_1_625' title='bbox 2816 4607 3204 4690; x_wconf 84' lang='lat' dir='ltr'><strong>phrasesque</strong></span> <span class='ocrx_word' id='word_1_626' title='bbox 3279 4610 3597 4688; x_wconf 61' lang='lat' dir='ltr'><strong>praecipue</strong></span> <span class='ocrx_word' id='word_1_627' title='bbox 3657 4627 3732 4667; x_wconf 87' lang='lat' dir='ltr'><strong>ex</strong></span> 
     </span>
    </p>
   </div>
   <div class='ocr_carea' id='block_1_54' title="bbox 323 4686 3726 4767">
    <p class='ocr_par' dir='ltr' id='par_1_54' title="bbox 323 4686 3726 4767">
     <span class='ocr_line' id='line_1_54' title="bbox 323 4686 3726 4767; baseline 0 -20"><span class='ocrx_word' id='word_1_628' title='bbox 323 4689 732 4765; x_wconf 86' lang='lat' dir='ltr'><strong>scriptoribus</strong></span> <span class='ocrx_word' id='word_1_629' title='bbox 775 4689 900 4747; x_wconf 89' lang='lat' dir='ltr'><strong>illis</strong></span> <span class='ocrx_word' id='word_1_630' title='bbox 946 4708 1280 4761; x_wconf 90' lang='lat' dir='ltr'><strong>sumerem,</strong></span> <span class='ocrx_word' id='word_1_631' title='bbox 1341 4689 1448 4763; x_wconf 92' lang='lat' dir='ltr'><strong>qui</strong></span> <span class='ocrx_word' id='word_1_632' title='bbox 1509 4707 1543 4746; x_wconf 89' lang='lat' dir='ltr'>a</span> <span class='ocrx_word' id='word_1_633' title='bbox 1591 4686 1802 4766; x_wconf 89' lang='lat' dir='ltr'><strong>[XXX]</strong></span> <span class='ocrx_word' id='word_1_634' title='bbox 1854 4690 2085 4748; x_wconf 58' lang='lat' dir='ltr'><strong>saeculo</strong></span> <span class='ocrx_word' id='word_1_635' title='bbox 2146 4691 2328 4750; x_wconf 87' lang='lat' dir='ltr'><strong>tertio</strong></span> <span class='ocrx_word' id='word_1_636' title='bbox 2376 4693 2454 4750; x_wconf 90' lang='lat' dir='ltr'><strong>ad</strong></span> <span class='ocrx_word' id='word_1_637' title='bbox 2511 4686 2868 4752; x_wconf 77' lang='lat' dir='ltr'><strong>Heracliam</strong></span> <span class='ocrx_word' id='word_1_638' title='bbox 2919 4686 3518 4767; x_wconf 43' lang='lat' dir='ltr'><strong>Augfﬂoru—erunt:</strong></span> <span class='ocrx_word' id='word_1_639' title='bbox 3582 4707 3726 4748; x_wconf 89' lang='lat' dir='ltr'><strong>nam</strong></span> 
     </span>
    </p>
   </div>
   <div class='ocr_carea' id='block_1_55' title="bbox 327 4767 3730 4849">
    <p class='ocr_par' dir='ltr' id='par_1_55' title="bbox 327 4767 3730 4849">
     <span class='ocr_line' id='line_1_55' title="bbox 327 4767 3730 4849; baseline 0.001 -23"><span class='ocrx_word' id='word_1_640' title='bbox 327 4770 495 4844; x_wconf 91' lang='lat' dir='ltr'><strong>apud</strong></span> <span class='ocrx_word' id='word_1_641' title='bbox 555 4768 670 4827; x_wconf 89' lang='lat' dir='ltr'><strong>hos</strong></span> <span class='ocrx_word' id='word_1_642' title='bbox 729 4768 936 4849; x_wconf 86' lang='lat' dir='ltr'><strong>potius</strong></span> <span class='ocrx_word' id='word_1_643' title='bbox 993 4769 1228 4848; x_wconf 88' lang='lat' dir='ltr'><strong>aliquid</strong></span> <span class='ocrx_word' id='word_1_644' title='bbox 1289 4767 1516 4844; x_wconf 85' lang='lat' dir='ltr'><strong>integri</strong></span> <span class='ocrx_word' id='word_1_645' title='bbox 1569 4769 1828 4849; x_wconf 87' lang='lat' dir='ltr'><strong>sanique</strong></span> <span class='ocrx_word' id='word_1_646' title='bbox 1915 4772 2285 4830; x_wconf 85' lang='lat' dir='ltr'><strong>remansisse</strong></span> <span class='ocrx_word' id='word_1_647' title='bbox 2332 4774 2710 4832; x_wconf 91' lang='lat' dir='ltr'><strong>credendum</strong></span> <span class='ocrx_word' id='word_1_648' title='bbox 2769 4779 2880 4841; x_wconf 88' lang='lat' dir='ltr'><strong>est,</strong></span> <span class='ocrx_word' id='word_1_649' title='bbox 2946 4789 3136 4849; x_wconf 87' lang='lat' dir='ltr'><strong>quam</strong></span> <span class='ocrx_word' id='word_1_650' title='bbox 3202 4773 3371 4848; x_wconf 90' lang='lat' dir='ltr'><strong>apud</strong></span> <span class='ocrx_word' id='word_1_651' title='bbox 3430 4771 3572 4829; x_wconf 89' lang='lat' dir='ltr'><strong>illos</strong></span> <span class='ocrx_word' id='word_1_652' title='bbox 3620 4770 3730 4846; x_wconf 91' lang='lat' dir='ltr'><strong>qui</strong></span> 
     </span>
    </p>
   </div>
   <div class='ocr_carea' id='block_1_56' title="bbox 322 4847 3726 4927">
    <p class='ocr_par' dir='ltr' id='par_1_56' title="bbox 322 4847 3726 4927">
     <span class='ocr_line' id='line_1_56' title="bbox 322 4847 3726 4927; baseline 0 -21"><span class='ocrx_word' id='word_1_653' title='bbox 322 4865 465 4906; x_wconf 74' lang='lat' dir='ltr'><strong>saec.</strong></span> <span class='ocrx_word' id='word_1_654' title='bbox 523 4864 608 4908; x_wconf 79' lang='lat' dir='ltr'><strong>v11</strong></span> <span class='ocrx_word' id='word_1_655' title='bbox 665 4853 726 4905; x_wconf 89' lang='lat' dir='ltr'><strong>et</strong></span> <span class='ocrx_word' id='word_1_656' title='bbox 785 4847 1110 4926; x_wconf 80' lang='lat' dir='ltr'><strong>deinceps</strong></span> <span class='ocrx_word' id='word_1_657' title='bbox 1149 4851 1421 4918; x_wconf 90' lang='lat' dir='ltr'><strong>fuerunt,</strong></span> <span class='ocrx_word' id='word_1_658' title='bbox 1475 4866 1687 4927; x_wconf 87' lang='lat' dir='ltr'><strong>usque</strong></span> <span class='ocrx_word' id='word_1_659' title='bbox 1732 4848 1812 4906; x_wconf 95' lang='lat' dir='ltr'><strong>ad</strong></span> <span class='ocrx_word' id='word_1_660' title='bbox 1871 4859 2121 4927; x_wconf 91' lang='lat' dir='ltr'><strong>captam</strong></span> <span class='ocrx_word' id='word_1_661' title='bbox 2183 4853 2425 4913; x_wconf 92' lang='lat' dir='ltr'><strong>urbem.</strong></span> <span class='ocrx_word' id='word_1_662' title='bbox 2474 4853 2567 4912; x_wconf 90' lang='lat' dir='ltr'><strong>Ab</strong></span> <span class='ocrx_word' id='word_1_663' title='bbox 2614 4851 2924 4911; x_wconf 88' lang='lat' dir='ltr'><strong>historicis</strong></span> <span class='ocrx_word' id='word_1_664' title='bbox 2967 4847 3514 4910; x_wconf 46' lang='lat' dir='ltr'><strong>&#39;illustrationibus</strong></span> <span class='ocrx_word' id='word_1_665' title='bbox 3592 4854 3726 4926; x_wconf 86' lang='lat' dir='ltr'><strong>ple-</strong></span> 
     </span>
    </p>
   </div>
   <div class='ocr_carea' id='block_1_57' title="bbox 319 4926 3726 5009">
    <p class='ocr_par' dir='ltr' id='par_1_57' title="bbox 319 4926 3726 5009">
     <span class='ocr_line' id='line_1_57' title="bbox 319 4926 3726 5009; baseline 0.001 -24"><span class='ocrx_word' id='word_1_666' title='bbox 319 4945 588 5009; x_wconf 82' lang='lat' dir='ltr'><strong>rumque</strong></span> <span class='ocrx_word' id='word_1_667' title='bbox 636 4929 1104 5009; x_wconf 55' lang='lat' dir='ltr'><strong>mesontinui.</strong></span> <span class='ocrx_word' id='word_1_668' title='bbox 1169 4927 1326 4988; x_wconf 89' lang='lat' dir='ltr'><strong>Sunt</strong></span> <span class='ocrx_word' id='word_1_669' title='bbox 1383 4926 1497 5009; x_wconf 82' lang='lat' dir='ltr'><strong>qui</strong></span> <span class='ocrx_word' id='word_1_670' title='bbox 1547 4927 1811 4987; x_wconf 87' lang='lat' dir='ltr'><strong>materia</strong></span> <span class='ocrx_word' id='word_1_671' title='bbox 1865 4948 1903 4988; x_wconf 93' lang='lat' dir='ltr'><strong>a</strong></span> <span class='ocrx_word' id='word_1_672' title='bbox 1952 4926 2139 4990; x_wconf 84' lang='lat' dir='ltr'><strong>nobis</strong></span> <span class='ocrx_word' id='word_1_673' title='bbox 2195 4939 2412 5009; x_wconf 86' lang='lat' dir='ltr'><strong>parata</strong></span> <span class='ocrx_word' id='word_1_674' title='bbox 2467 4939 2632 4992; x_wconf 90' lang='lat' dir='ltr'><strong>recte</strong></span> <span class='ocrx_word' id='word_1_675' title='bbox 2693 4939 2971 5001; x_wconf 90' lang='lat' dir='ltr'><strong>utantur,</strong></span> <span class='ocrx_word' id='word_1_676' title='bbox 3033 4931 3370 5008; x_wconf 89' lang='lat' dir='ltr'><strong>scriptores</strong></span> <span class='ocrx_word' id='word_1_677' title='bbox 3429 4928 3726 5008; x_wconf 89' lang='lat' dir='ltr'><strong>probabi-</strong></span> 
     </span>
    </p>
   </div>
   <div class='ocr_carea' id='block_1_58' title="bbox 321 5006 3725 5090">
    <p class='ocr_par' dir='ltr' id='par_1_58' title="bbox 321 5006 3725 5090">
     <span class='ocr_line' id='line_1_58' title="bbox 321 5006 3725 5090; baseline 0.001 -24"><span class='ocrx_word' id='word_1_678' title='bbox 321 5007 406 5090; x_wconf 85' lang='lat' dir='ltr'><strong>les</strong></span> <span class='ocrx_word' id='word_1_679' title='bbox 468 5008 671 5078; x_wconf 90' lang='lat' dir='ltr'><strong>multi,</strong></span> <span class='ocrx_word' id='word_1_680' title='bbox 731 5006 1216 5090; x_wconf 82' lang='lat' dir='ltr'><strong>aliquotetiam</strong></span> <span class='ocrx_word' id='word_1_681' title='bbox 1252 5006 1526 5090; x_wconf 22' lang='lat' dir='ltr'><strong>isummi,</strong></span> <span class='ocrx_word' id='word_1_682' title='bbox 1589 5015 1657 5090; x_wconf 83' lang='lat' dir='ltr'><strong>ut</strong></span> <span class='ocrx_word' id='word_1_683' title='bbox 1707 5013 2161 5086; x_wconf 68' lang='lat' dir='ltr'><strong>componendas</strong></span> <span class='ocrx_word' id='word_1_684' title='bbox 2197 5006 2496 5072; x_wconf 65' lang='lat' dir='ltr'><strong>historias</strong></span> <span class='ocrx_word' id='word_1_685' title='bbox 2553 5013 2723 5072; x_wconf 88' lang='lat' dir='ltr'><strong>clara</strong></span> <span class='ocrx_word' id='word_1_686' title='bbox 2779 5012 2898 5090; x_wconf 89' lang='lat' dir='ltr'><strong>ipsi</strong></span> <span class='ocrx_word' id='word_1_687' title='bbox 2957 5006 3268 5087; x_wconf 80' lang='lat' dir='ltr'><strong>exempla,</strong></span> <span class='ocrx_word' id='word_1_688' title='bbox 3330 5006 3725 5087; x_wconf 44' lang='lat' dir='ltr'><strong>ita&#39;compo-</strong></span> 
     </span>
    </p>
   </div>
   <div class='ocr_carea' id='block_1_59' title="bbox 313 5087 3725 5170">
    <p class='ocr_par' dir='ltr' id='par_1_59' title="bbox 313 5087 3725 5170">
     <span class='ocr_line' id='line_1_59' title="bbox 313 5087 3725 5170; baseline 0 -23"><span class='ocrx_word' id='word_1_689' title='bbox 313 5089 574 5170; x_wconf 82' lang='lat' dir='ltr'><strong>sitarum</strong></span> <span class='ocrx_word' id='word_1_690' title='bbox 635 5088 853 5165; x_wconf 90' lang='lat' dir='ltr'><strong>optimi</strong></span> <span class='ocrx_word' id='word_1_691' title='bbox 905 5087 1171 5164; x_wconf 88' lang='lat' dir='ltr'><strong>judices.</strong></span> <span class='ocrx_word' id='word_1_692' title='bbox 1249 5088 1434 5170; x_wconf 76' lang='lat' dir='ltr'><strong>velut</strong></span> <span class='ocrx_word' id='word_1_693' title='bbox 1487 5087 1550 5170; x_wconf 86' lang='lat' dir='ltr'><strong>i_n</strong></span> <span class='ocrx_word' id='word_1_694' title='bbox 1609 5089 1944 5149; x_wconf 90' lang='lat' dir='ltr'><strong>Germania</strong></span> <span class='ocrx_word' id='word_1_695' title='bbox 2003 5093 2366 5152; x_wconf 61' lang='lat' dir='ltr'><strong>Fretlericus</strong></span> <span class='ocrx_word' id='word_1_696' title='bbox 2423 5087 2915 5170; x_wconf 61' lang='lat' dir='ltr'><strong>ChristOphorus</strong></span> <span class='ocrx_word' id='word_1_697' title='bbox 2973 5094 3416 5161; x_wconf 76' lang='lat' dir='ltr'><strong>SCHLOSSEBUS,</strong></span> <span class='ocrx_word' id='word_1_698' title='bbox 3480 5091 3588 5168; x_wconf 92' lang='lat' dir='ltr'><strong>qui</strong></span> <span class='ocrx_word' id='word_1_699' title='bbox 3652 5090 3725 5148; x_wconf 91' lang='lat' dir='ltr'><strong>li-</strong></span> 
     </span>
    </p>
   </div>
   <div class='ocr_carea' id='block_1_60' title="bbox 310 5166 3729 5250">
    <p class='ocr_par' dir='ltr' id='par_1_60' title="bbox 310 5166 3729 5250">
     <span class='ocr_line' id='line_1_60' title="bbox 310 5166 3729 5250; baseline 0.001 -24"><span class='ocrx_word' id='word_1_700' title='bbox 310 5167 428 5250; x_wconf 81' lang='lat' dir='ltr'><strong>bro</strong></span> <span class='ocrx_word' id='word_1_701' title='bbox 503 5187 737 5246; x_wconf 85' lang='lat' dir='ltr'><strong>paucos</strong></span> <span class='ocrx_word' id='word_1_702' title='bbox 811 5175 954 5227; x_wconf 89' lang='lat' dir='ltr'><strong>ante</strong></span> <span class='ocrx_word' id='word_1_703' title='bbox 994 5186 1194 5250; x_wconf 89' lang='lat' dir='ltr'><strong>annos</strong></span> <span class='ocrx_word' id='word_1_704' title='bbox 1247 5169 1415 5226; x_wconf 78' lang='lat' dir='ltr'><strong>edito</strong></span> <span class='ocrx_word' id='word_1_705' title='bbox 1492 5166 1772 5250; x_wconf 80' lang='lat' dir='ltr'><strong>impetus</strong></span> <span class='ocrx_word' id='word_1_706' title='bbox 1822 5170 2298 5248; x_wconf 85' lang='lat' dir='ltr'><strong>imperatorum,</strong></span> <span class='ocrx_word' id='word_1_707' title='bbox 2375 5166 2919 5250; x_wconf 81' lang='lat' dir='ltr'><strong>Constantinopoli</strong></span> <span class='ocrx_word' id='word_1_708' title='bbox 2987 5177 3345 5230; x_wconf 89' lang='lat' dir='ltr'><strong>sanctorum</strong></span> <span class='ocrx_word' id='word_1_709' title='bbox 3419 5166 3729 5248; x_wconf 74' lang='lat' dir='ltr'><strong>imagines</strong></span> 
     </span>
    </p>
   </div>
   <div class='ocr_carea' id='block_1_61' title="bbox 309 5247 3730 5330">
    <p class='ocr_par' dir='ltr' id='par_1_61' title="bbox 309 5247 3730 5330">
     <span class='ocr_line' id='line_1_61' title="bbox 309 5247 3730 5330; baseline 0.001 -24"><span class='ocrx_word' id='word_1_710' title='bbox 309 5248 763 5330; x_wconf 79' lang='lat' dir='ltr'><strong>infestantium,</strong></span> <span class='ocrx_word' id='word_1_711' title='bbox 816 5267 966 5330; x_wconf 7' lang='lat' dir='ltr'><strong>noun</strong></span> <span class='ocrx_word' id='word_1_712' title='bbox 1003 5249 1242 5330; x_wconf 86' lang='lat' dir='ltr'><strong>minore</strong></span> <span class='ocrx_word' id='word_1_713' title='bbox 1299 5247 1589 5330; x_wconf 83' lang='lat' dir='ltr'><strong>acumine</strong></span> <span class='ocrx_word' id='word_1_714' title='bbox 1646 5267 1833 5325; x_wconf 88' lang='lat' dir='ltr'><strong>quam</strong></span> <span class='ocrx_word' id='word_1_715' title='bbox 1896 5247 2188 5312; x_wconf 81' lang='lat' dir='ltr'><strong>facundia</strong></span> <span class='ocrx_word' id='word_1_716' title='bbox 2243 5253 2593 5313; x_wconf 87' lang='lat' dir='ltr'><strong>felicissime</strong></span> <span class='ocrx_word' id='word_1_717' title='bbox 2643 5247 2956 5330; x_wconf 81' lang='lat' dir='ltr'><strong>exposuit.</strong></span> <span class='ocrx_word' id='word_1_718' title='bbox 3018 5254 3083 5311; x_wconf 93' lang='lat' dir='ltr'><strong>ln</strong></span> <span class='ocrx_word' id='word_1_719' title='bbox 3143 5253 3362 5310; x_wconf 75' lang='lat' dir='ltr'><strong>Bussia</strong></span> <span class='ocrx_word' id='word_1_720' title='bbox 3437 5247 3730 5311; x_wconf 87' lang='lat' dir='ltr'><strong>Nicolaus</strong></span> 
     </span>
    </p>
   </div>
   <div class='ocr_carea' id='block_1_62' title="bbox 308 5327 3730 5413">
    <p class='ocr_par' dir='ltr' id='par_1_62' title="bbox 308 5327 3730 5413">
     <span class='ocr_line' id='line_1_62' title="bbox 308 5327 3730 5413; baseline 0 -25"><span class='ocrx_word' id='word_1_721' title='bbox 308 5331 677 5413; x_wconf 53' lang='lat' dir='ltr'><strong>Ksnsnsm,</strong></span> <span class='ocrx_word' id='word_1_722' title='bbox 748 5327 1050 5413; x_wconf 65' lang='lat' dir='ltr'><strong>historiae</strong></span> <span class='ocrx_word' id='word_1_723' title='bbox 1099 5328 1573 5413; x_wconf 69' lang='lat' dir='ltr'><strong>probatissimae_</strong></span> <span class='ocrx_word' id='word_1_724' title='bbox 1631 5338 1883 5413; x_wconf 63' lang='lat' dir='ltr'><strong>auctor,</strong></span> <span class='ocrx_word' id='word_1_725' title='bbox 1923 5352 2070 5413; x_wconf 90' lang='lat' dir='ltr'><strong>qua</strong></span> <span class='ocrx_word' id='word_1_726' title='bbox 2129 5335 2366 5410; x_wconf 80' lang='lat' dir='ltr'><strong>patrias</strong></span> <span class='ocrx_word' id='word_1_727' title='bbox 2427 5327 2834 5413; x_wconf 80' lang='lat' dir='ltr'><strong>antiquitates</strong></span> <span class='ocrx_word' id='word_1_728' title='bbox 2899 5350 3042 5413; x_wconf 86' lang='lat' dir='ltr'><strong>rara</strong></span> <span class='ocrx_word' id='word_1_729' title='bbox 3108 5333 3358 5413; x_wconf 89' lang='lat' dir='ltr'><strong>dicendi</strong></span> <span class='ocrx_word' id='word_1_730' title='bbox 3429 5333 3730 5392; x_wconf 82' lang='lat' dir='ltr'><strong>facultate</strong></span> 
     </span>
    </p>
   </div>
   <div class='ocr_carea' id='block_1_63' title="bbox 311 5408 3730 5492">
    <p class='ocr_par' dir='ltr' id='par_1_63' title="bbox 311 5408 3730 5492">
     <span class='ocr_line' id='line_1_63' title="bbox 311 5408 3730 5492; baseline 0.001 -25"><span class='ocrx_word' id='word_1_731' title='bbox 311 5410 681 5492; x_wconf 80' lang='lat' dir='ltr'><strong>mirabiliter</strong></span> <span class='ocrx_word' id='word_1_732' title='bbox 743 5408 1266 5492; x_wconf 83' lang='lat' dir='ltr'><strong>illustravit:_et</strong></span> <span class='ocrx_word' id='word_1_733' title='bbox 1330 5408 1699 5492; x_wconf 76' lang='lat' dir='ltr'><strong>cumprimis</strong></span> <span class='ocrx_word' id='word_1_734' title='bbox 1771 5408 2376 5492; x_wconf 32' lang='lat' dir='ltr'><strong>Philippus—Keue,</strong></span> <span class='ocrx_word' id='word_1_735' title='bbox 2453 5408 2748 5492; x_wconf 44' lang='lat' dir='ltr'><strong>cui-jam</strong></span> <span class='ocrx_word' id='word_1_736' title='bbox 2822 5412 3112 5489; x_wconf 90' lang='lat' dir='ltr'><strong>superius</strong></span> <span class='ocrx_word' id='word_1_737' title='bbox 3178 5412 3423 5472; x_wconf 87' lang='lat' dir='ltr'><strong>debitas</strong></span> <span class='ocrx_word' id='word_1_738' title='bbox 3495 5413 3730 5491; x_wconf 88' lang='lat' dir='ltr'><strong>gratias</strong></span> 
     </span>
    </p>
   </div>
   <div class='ocr_carea' id='block_1_64' title="bbox 307 5487 3733 5571">
    <p class='ocr_par' dir='ltr' id='par_1_64' title="bbox 307 5487 3733 5571">
     <span class='ocr_line' id='line_1_64' title="bbox 307 5487 3733 5571; baseline 0.002 -24"><span class='ocrx_word' id='word_1_739' title='bbox 307 5490 690 5569; x_wconf 88' lang='lat' dir='ltr'><strong>meritasque</strong></span> <span class='ocrx_word' id='word_1_740' title='bbox 745 5491 865 5566; x_wconf 85' lang='lat' dir='ltr'><strong>egi,</strong></span> <span class='ocrx_word' id='word_1_741' title='bbox 929 5489 1106 5566; x_wconf 89' lang='lat' dir='ltr'><strong>cujus</strong></span> <span class='ocrx_word' id='word_1_742' title='bbox 1275 5487 1644 5571; x_wconf 84' lang='lat' dir='ltr'><strong>Tentamine</strong></span> <span class='ocrx_word' id='word_1_743' title='bbox 1705 5487 2054 5554; x_wconf 44' lang='lat' dir='ltr'><strong>critico—ad</strong></span> <span class='ocrx_word' id='word_1_744' title='bbox 2109 5494 2548 5554; x_wconf 80' lang='lat' dir='ltr'><strong>illustrandam</strong></span> <span class='ocrx_word' id='word_1_745' title='bbox 2609 5487 3089 5569; x_wconf 79' lang='lat' dir='ltr'><strong>chronologiam</strong></span> <span class='ocrx_word' id='word_1_746' title='bbox 3136 5487 3572 5571; x_wconf 82' lang='lat' dir='ltr'><strong>Byzantinam,</strong></span> <span class='ocrx_word' id='word_1_747' title='bbox 3617 5496 3733 5553; x_wconf 69' lang='grc' dir='ltr'><strong>ΡΘ·-</strong></span> 
     </span>
    </p>
   </div>
   <div class='ocr_carea' id='block_1_65' title="bbox 311 5568 3729 5653">
    <p class='ocr_par' dir='ltr' id='par_1_65' title="bbox 311 5568 3729 5653">
     <span class='ocr_line' id='line_1_65' title="bbox 311 5568 3729 5653; baseline 0.001 -25"><span class='ocrx_word' id='word_1_748' title='bbox 311 5572 542 5647; x_wconf 89' lang='lat' dir='ltr'><strong>tr0poli</strong></span> <span class='ocrx_word' id='word_1_749' title='bbox 588 5568 758 5629; x_wconf 21' lang='lat'><strong>71810</strong></span> <span class='ocrx_word' id='word_1_750' title='bbox 796 5571 1056 5653; x_wconf 71' lang='lat' dir='ltr'><strong>(omitto</strong></span> <span class='ocrx_word' id='word_1_751' title='bbox 1111 5569 1235 5628; x_wconf 88' lang='lat' dir='ltr'><strong>alia</strong></span> <span class='ocrx_word' id='word_1_752' title='bbox 1292 5568 1767 5653; x_wconf 80' lang='lat' dir='ltr'><strong>ejusscriptas,</strong></span> <span class='ocrx_word' id='word_1_753' title='bbox 1831 5590 1970 5648; x_wconf 69' lang='lat' dir='ltr'><strong>quae</strong></span> <span class='ocrx_word' id='word_1_754' title='bbox 2031 5573 2231 5633; x_wconf 88' lang='lat' dir='ltr'><strong>multa</strong></span> <span class='ocrx_word' id='word_1_755' title='bbox 2288 5576 2480 5652; x_wconf 81' lang='lat' dir='ltr'><strong>sunt),</strong></span> <span class='ocrx_word' id='word_1_756' title='bbox 2542 5577 2819 5653; x_wconf 86' lang='lat' dir='ltr'><strong>perfecta</strong></span> <span class='ocrx_word' id='word_1_757' title='bbox 2875 5568 3082 5632; x_wconf 83' lang='lat' dir='ltr'><strong>rerum</strong></span> <span class='ocrx_word' id='word_1_758' title='bbox 3144 5568 3275 5632; x_wconf 83' lang='lat' dir='ltr'><strong>tum</strong></span> <span class='ocrx_word' id='word_1_759' title='bbox 3342 5568 3729 5634; x_wconf 72' lang='lat' dir='ltr'><strong>Slavicarum</strong></span> 
     </span>
    </p>
   </div>
   <div class='ocr_carea' id='block_1_66' title="bbox 311 5649 3728 5734">
    <p class='ocr_par' dir='ltr' id='par_1_66' title="bbox 311 5649 3728 5734">
     <span class='ocr_line' id='line_1_66' title="bbox 311 5649 3728 5734; baseline 0.001 -29"><span class='ocrx_word' id='word_1_760' title='bbox 311 5653 442 5734; x_wconf 83' lang='lat' dir='ltr'><strong>tum</strong></span> <span class='ocrx_word' id='word_1_761' title='bbox 504 5652 1092 5734; x_wconf 81' lang='lat' dir='ltr'><strong>septentrionalium</strong></span> <span class='ocrx_word' id='word_1_762' title='bbox 1144 5649 1458 5734; x_wconf 71' lang='lat' dir='ltr'><strong>cognitio,</strong></span> <span class='ocrx_word' id='word_1_763' title='bbox 1522 5653 2069 5734; x_wconf 79' lang='lat' dir='ltr'><strong>summaratione</strong></span> <span class='ocrx_word' id='word_1_764' title='bbox 2130 5649 2829 5734; x_wconf 74' lang='lat' dir='ltr'><strong>corisideratissimaque</strong></span> <span class='ocrx_word' id='word_1_765' title='bbox 2892 5654 3228 5731; x_wconf 87' lang='lat' dir='ltr'><strong>prudentia</strong></span> <span class='ocrx_word' id='word_1_766' title='bbox 3295 5655 3536 5733; x_wconf 88' lang='lat' dir='ltr'><strong>adjuta,</strong></span> <span class='ocrx_word' id='word_1_767' title='bbox 3598 5654 3728 5734; x_wconf 88' lang='lat' dir='ltr'><strong>elu—</strong></span> 
     </span>
    </p>
   </div>
   <div class='ocr_carea' id='block_1_67' title="bbox 309 5727 3732 5815">
    <p class='ocr_par' dir='ltr' id='par_1_67' title="bbox 309 5727 3732 5815">
     <span class='ocr_line' id='line_1_67' title="bbox 309 5727 3732 5815; baseline 0.001 -30"><span class='ocrx_word' id='word_1_768' title='bbox 309 5727 440 5799; x_wconf 79' lang='lat' dir='ltr'><strong>xit,</strong></span> <span class='ocrx_word' id='word_1_769' title='bbox 489 5727 791 5811; x_wconf 82' lang='lat' dir='ltr'><strong>cujusque</strong></span> <span class='ocrx_word' id='word_1_770' title='bbox 847 5727 1309 5792; x_wconf 73' lang='lat' dir='ltr'><strong>eruditissimis</strong></span> <span class='ocrx_word' id='word_1_771' title='bbox 1350 5731 1896 5792; x_wconf 88' lang='lat' dir='ltr'><strong>observationibus</strong></span> <span class='ocrx_word' id='word_1_772' title='bbox 1950 5733 2015 5794; x_wconf 91' lang='lat' dir='ltr'><strong>in</strong></span> <span class='ocrx_word' id='word_1_773' title='bbox 2077 5734 2198 5794; x_wconf 88' lang='lat' dir='ltr'><strong>hoc</strong></span> <span class='ocrx_word' id='word_1_774' title='bbox 2258 5755 2534 5815; x_wconf 12' lang='lat' dir='ltr'><strong>quoque,</strong></span> <span class='ocrx_word' id='word_1_775' title='bbox 2584 5727 2773 5814; x_wconf 70' lang='lat' dir='ltr'><strong>opere</strong></span> <span class='ocrx_word' id='word_1_776' title='bbox 2831 5727 3074 5796; x_wconf 87' lang='lat' dir='ltr'><strong>edendo</strong></span> <span class='ocrx_word' id='word_1_777' title='bbox 3143 5755 3267 5796; x_wconf 92' lang='lat' dir='ltr'>non</span> <span class='ocrx_word' id='word_1_778' title='bbox 3333 5727 3732 5794; x_wconf 79' lang='lat' dir='ltr'><strong>mediocriter</strong></span> 
     </span>
    </p>
   </div>
  </div>
