4128 6428
378 453 499 515 653
1632 451 1699 511 C.
1746 452 1816 511 B.
1865 450 2008 512 HAS

2183 451 2562 514 RIEFATIO.
3696 454 3813 515 654

382 605 483 648 me
539 585 829 664 adjutum
885 604 1021 647 esse
1078 602 1403 664 nunquam
1457 584 1893 667 dissimulabo.
1952 587 2023 646 In
2081 584 2542 664 Gallia,'omni
2600 587 2911 666 politioris
2974 588 3347 649 litteraturae
3403 594 3465 649 et
3532 588 3815 667 antiqui-

382 668 567 735 tatis,
628 667 801 727 omni
853 667 1258 728 scientiarum
1317 684 1545 743 genere
1602 665 1947 737 excellens,
2008 670 2152 726 Aut.
2210 668 2452 728 Joann.
2514 665 2881 737 Lstaost,
2944 669 3159 728 multis
3219 668 3375 728 mihi
3448 665 3812 729 nominibus

382 750 640 820 charus,
706 766 830 808 non
891 746 1393 829 modoringenio
1468 747 2017 829 splendidissimo,
2077 746 2189 829 sed
2248 757 2467 828 κριτικῇ
2546 766 2802 827 quoque
2873 748 3179 827 singulari
3236 755 3430 827 atque
3499 750 3814 829 exquisita

385 835 728 908 praestans.
793 830 1016 907 Neque
1072 828 1160 888 ibi
1217 834 1359 907 post
1413 826 1841 899 Ameilhonis,
1884 827 2229 908 scriptoris
2264 826 2518 908 A'politi,
2570 826 2784 906 neque
2841 826 2995 907 post
3044 830 3161 889 lib.
3225 826 3364 889 Bar.
3427 830 3503 890 de
3563 826 3813 891 Sainte-

388 906 606 983 Croix,
668 908 785 969 viri
842 906 1235 979 venerandi,
1276 908 1556 983 obitum,
1615 926 1819 986 neque
1877 907 1940 966 in
1992 906 2318 967 Britannia
2379 915 2520 986 post
2576 906 2927 969 Gibbonem
2989 910 3119 969 vita
3186 912 3514 980 functum,
3590 911 3817 972 desunt

387 991 493 1053 alii
550 990 779 1049 summi
836 989 1122 1049 doctrina
1177 1006 1552 1065 summoque
1589 987 1827 1063 judicio
1890 988 2197 1058 homines,
2261 988 2322 1047 in
2381 989 2772 1066 exploranda
2831 989 3210 1068 scriptorum
3271 991 3459 1050 medii
3517 992 3633 1051 aevi
3692 991 3816 1050 fide

389 1071 737 1132 exercitati.
796 1072 903 1130 His
961 1086 1100 1147 ego,
1162 1072 1495 1129 transactis
1544 1068 1677 1145 jam
1742 1068 1895 1128 meis
1963 1068 2270 1146 partibus,
2352 1071 2620 1129 Leonem
2682 1070 2981 1131 historica
3041 1072 3281 1131 ratione
3337 1071 3813 1147 illustrandum,

390 1153 443 1212 si
501 1151 716 1218 velint,
776 1150 981 1210 trado.
1046 1149 1193 1209 Mihi
1250 1150 1401 1211 satis
1458 1148 1597 1220 fuit,
1663 1148 2193 1229 materiamillis,
2238 1167 2363 1209 non
2422 1150 2747 1229 indignam
2803 1151 3101 1211 facultate
3154 1158 3215 1210 et
3272 1152 3455 1229 copia
3500 1152 3809 1228 ipsorum,

389 1230 733 1307 subjicere,
793 1230 1204 1309 interimque,
1264 1231 1326 1291 in
1384 1247 1574 1307 opere
1632 1229 1728 1310 sic
1788 1228 2053 1299 versari,
2113 1236 2184 1288 ut
2240 1232 2534 1306 quaedam
2572 1228 2705 1290 otii
2764 1231 2883 1290 mei
2941 1238 3215 1291 exstaret
3281 1228 3475 1310 ratio,
3534 1232 3815 1310 indeque

389 1313 613 1373 litterae
674 1314 908 1373 Graecce
967 1310 1182 1390 aliqua
1246 1330 1323 1371 ex
1394 1314 1570 1391 parte
1627 1309 2181 1391 locupletarentur.
2244 1310 2311 1369 1d
2370 1316 2571 1371 totum
2648 1312 2977 1372 consilium
3056 1313 3419 1391 factumque
3460 1309 3721 1372 ’meum’
3762 1312 3817 1372 si

388 1413 427 1453 a
479 1392 681 1452 doctis
738 1389 1131 1471 probabitur,
1193 1392 1367 1451 nullo
1424 1390 1549 1450 alio
1606 1389 1890 1449 decorari
1953 1389 2231 1449 laborem
2286 1409 2492 1451 meum
2569 1392 2827 1469 praemio
2890 1394 3162 1470 postulo,
3224 1389 3646 1471 adﬁaliosque
3704 1393 3817 1469 By—

389 1475 701 1545 zantinos,
744 1470 949 1532 isimili
1008 1473 1247 1532 ratione
1301 1472 1598 1545 edendos,
1659 1472 1865 1530 minus
1917 1470 2269 1530 verecunde
2326 1480 2847 1548 cunctanterque,
2901 1492 3089 1550 quam
3144 1473 3353 1533 adhuc
3408 1470 3559 1543 feci,
3598 1491 3815 1549 aggre-

391 1555 551 1613 diar.
625 1552 838 1613 Habeo
897 1553 1063 1612 enim
1136 1552 1310 1630 prelo
1360 1552 1494 1630 jam
1559 1550 1799 1628 pridem
1863 1556 2085 1627 parata
2155 1550 2484 1611 Michaelis
2552 1553 2743 1612 Pselli
2798 1555 3094 1625 Annales,
3161 1553 3408 1629 Georgii
3466 1552 3822 1613 Hamartoli

391 1634 774 1704 Chronicon,
833 1634 1171 1712 Nicephori
1221 1636 1511 1710 Gregoraa
1562 1631 1753 1713 libros
1811 1631 2055 1713 aliquot
2101 1632 2310 1691 adhuc
2369 1632 2608 1713 [XXXI]
2664 1633 2956 1705 ineditos,
3020 1640 3382 1694 sanctorum
3443 1634 3618 1694 Vitas
3667 1633 3817 1713 item

390 1716 683 1787 inedilas,
765 1711 1091 1774 historiam
1168 1714 1381 1774 saeculi
1447 1711 1675 1771 decimi
1727 1717 1789 1770 et
1836 1712 2133 1789 deinceps
2185 1711 3040 1789 sequentiumillustrantes,
3088 1714 3371 1792 Gregorii
3418 1714 3697 1774 Palamre
3738 1712 3818 1772 li-

388 1795 626 1856 bellum
687 1795 763 1853 de
821 1795 1185 1873 captivitate
1241 1813 1353 1853 sua
1408 1794 1488 1852 ad
1520 1792 2129 1860 Thessalonicenses,
2165 1792 2415 1866 aliaque
2472 1792 2535 1851 id
2562 1812 2780 1871 genus,
2816 1812 2956 1871 quae
3016 1801 3083 1853 ut
3114 1796 3320 1871 primo
3362 1813 3618 1872 quoque
3658 1800 3818 1853 tem-

390 1894 547 1955 pore
576 1876 635 1935 in
672 1877 872 1935 lucem
908 1876 1233 1954 prodeant,
1272 1876 1463 1955 rebus
1486 1873 2332 1955 Byzantinis_,Slavorumque
2360 1876 2708 1933 Turcarum
2750 1876 2969 1955 priscae
3027 1875 3301 1936 historiae
3344 1893 3569 1934 novam
3614 1874 3821 1934 lucem

391 1953 692 2030 allatura,
726 1953 1045 2017 fautorum
1081 1956 1269 2031 hujus
1298 1954 1505 2034 operis
1553 1953 1891 2031 singularis
1948 1954 2369 2013 muniﬁcentis
2398 1973 2653 2033 sperare
2697 1974 2812 2016 nos
2833 1953 3037 2032 jubet.

480 2089 844 2152 Scribebam
894 2089 1112 2151 Paisiis
1157 2089 1220 2150 iu
1265 2086 1655 2151 Bibliotheca
1708 2086 1919 2165 Elegia,
1971 2086 2237 2148 Kalend.
2286 2088 2551 2150 Januar.
2610 2088 3077 2151 MDCCCXVIII.
