4128 6444
301 438 426 501 663

1705 400 2005 497 LEo’Nis
2030 394 2357 499 mdes:

3619 408 3741 494 est

305 568 384 627 ad
414 567 685 641 requiem
715 583 778 624 se
809 568 976 623 trans
1023 564 1330 623 hominem
1381 567 1756 636 contulisset,
1807 568 1967 622 ﬁlius

2095 566 2163 621 ιαὶ
2222 565 2359 643 πρὸς
2388 556 2517 634 ’τὴν
2575 563 2749 619 ἐκεῖσε
2801 559 3133 619 κατάπαυσιν
3209 558 3603 632 ἇναλύσαντος,
3642 565 3743 633 τήν

311 659 442 730 ejus
471 659 796 725 Ramanus,
829 656 931 727 qui
964 672 1034 711 ex
1090 656 1308 728 puerili
1355 662 1528 712 aetate
1580 672 1853 729 egressus
1903 656 1977 711 ad

313 746 691 816 virilemjam
725 745 1037 813 transibat,
1088 746 1463 817 principatus
1506 745 1977 800 administratio-

312 852 453 890 nem
486 834 767 905 suscepit.
800 836 940 889 Erat
986 835 1037 889 is
1088 836 1408 906 caateroqui
1461 835 1678 902 bonus,
1728 834 1980 890 honesta

312 923 488 989 facie,
522 939 801 978 sermone
829 923 1051 995 lepido,
1078 925 1278 996 specie
1306 924 1801 996 decorus,plenus
1815 925 1978 979 omni

314 1011 631 1084 probitate,
657 1028 795 1085 erga
812 1011 1118 1067 subditum
1145 1014 1412 1085 quemvis
1436 1013 1728 1086 benignus
1755 1029 1822 1068 ac
1844 1029 1976 1069 sua-

312 1101 430 1169 vis;
459 1100 561 1156 sed
588 1100 732 1155 item
756 1101 1548 1175 voluptatibusjuvenilibus
1570 1102 1851 1173 ludisque
1884 1101 1981 1157 ni-

313 1191 501 1246 mium
527 1189 786 1245 deditus.
816 1191 970 1255 Quas
991 1190 1065 1246 ad
1090 1208 1185 1246 res
1210 1191 1312 1262 qui
1334 1207 1396 1246 se
1414 1191 1840 1257 sollicitabant,
1876 1208 1977 1246 eos

314 1285 524 1334 contra
545 1284 723 1350 atque
743 1278 1478 1350 oportebat,inducebatin
1492 1280 1803 1351 palatium.
1831 1280 1977 1335 Huic

314 1368 663 1441 imperatori
688 1369 952 1424 Romano
973 1370 1033 1423 in
1055 1374 1319 1424 mentem
1342 1377 1583 1424 venerat
1626 1369 1883 1424 Arabum
1914 1369 1975 1423 in

320 1458 493 1512 Creta
509 1458 861 1529 potentiam,
900 1458 1345 1529 superbientem
1362 1458 1528 1513 illam
1545 1458 1852 1530 caedesque
1873 1457 1974 1513 ad-

318 1562 525 1602 versus
558 1548 858 1603 Romanos
891 1547 1239 1620 spirantem,
1271 1564 1403 1602 cum
1440 1547 1546 1602 Dei
1578 1548 1799 1603 auxilio
1823 1564 1981 1602 ever-

318 1641 466 1691 tere.
504 1637 752 1708 Quippe,
813 1635 981 1690 clade
1039 1636 1216 1708 paulo
1266 1642 1402 1692 ante
1462 1636 1635 1692 nobis
1692 1637 1859 1693 illata
1914 1638 1976 1692 in

2088 654 2519 729 αὐτοκρατορίαν
2579 654 2605 689 ⁸
2652 653 2677 689 9
2734 650 2937 708 διέπειν
2993 654 3174 728 ἀρχὴν
3236 653 3354 726 (12)
3405 652 3745 724 Ῥωμανὸςὸ

2089 744 2298 799 ἐκείνου
2348 744 2465 807 υἱὸς
2513 741 2898 819 ἐγχειρίζεται,
2951 739 3062 813 ἤδη
3124 744 3223 812 τήν
3282 745 3393 797 τῶν
3450 742 3747 815 μειρακίων

2088 830 2491 909 παραλλάττων
2525 831 2746 902 ἡλικίαν
2815 832 2901 885 καὶ
2963 831 3099 907 πρὸς
3160 828 3329 905 ἄνδρα
3386 831 3477 885 τὸν
3536 828 3746 885 τέλειον

2094 922 2647 997 μέτασκευαζόμενος·
2682 921 2819 994 ἆνήρ
2850 918 3034 976 τᾶλλα
3063 921 3162 993 μὲν
3196 919 3463 992 ἐπιεικὴς,
3514 919 3746 995 εὐπρόσο

2090 1014 2241 1075 ωπός
2294 1032 2353 1067 τε
2403 1011 2492 1066 καὶ
2553 1008 2818 1084 εὐόμιλος
2876 1009 2965 1064 καὶ
3038 1010 3139 1078 τήν
3200 1009 3344 1084 ὥραν
3407 1009 3740 1084 ἀριπρεπὴς,

2090 1101 2180 1156 καὶ
2240 1098 2589 1170 παντοδαπῆς
2645 1097 3048 1174 καλοκάγαθίας
3132 1096 3445 1165 ἀνάπλεως,
3518 1097 3751 1171 εὐμενής

2084 1212 2144 1248 τε
2173 1190 2262 1245 καὶ
2294 1189 2538 1266 χρηστὸς
2568 1189 2702 1265 πρὸς
2742 1186 2881 1243 ἃπαν
2928 1188 2991 1244 τὸ
3042 1188 3285 1259 ὑπήκοον
3346 1190 3478 1261 (13),
3541 1186 3747 1258 ἐπτοη-

2091 1278 2254 1353 μένος
2288 1276 2345 1334 δὶ
2375 1282 2725 1353 νεωτερικαῖς
2756 1273 3114 1347 ἡδυπαθείαις
3167 1276 3258 1331 καὶ
3305 1274 3575 1344 παιδιαῖς,
3621 1276 3750 1339 τοὺς

2088 1367 2145 1425 δὲ
2203 1367 2538 1445 ἐρεθίζοντας
2598 1368 2735 1443 πρὸς
2810 1370 2979 1421 ταῦτα
3058 1365 3196 1421 κατᾶ
3277 1368 3377 1436 τήν
3473 1366 3751 1443 βασίλειον

2087 1457 2289 1528 ἑστίαν,
2323 1460 2401 1520 ὡς
2433 1457 2531 1512 οὐκ
2563 1454 2798 1534 ὤφελεν,
2856 1454 3195 1532 ἐπαγόμενος
3245 1459 3378 1529 (14).
3435 1458 3630 1529 Τοῦτῳ
3671 1459 3751 1528 τῷ

2090 1546 2450 1623 αὐτοκράτορι
2506 1547 2775 1619 Ῥωμανῷ
2825 1544 2904 1608 είς
2961 1539 3168 1600 ἔννοιαν
3247 1545 3372 1615 ἧκε,
3452 1548 3554 1614 τήν
3636 1550 3746 1600 τῶν

2086 1632 2391 1711 Ἀραϐιτῶν
2452 1640 2679 1712 Κρητῶν
2770 1632 3106 1698 δυναστείαν,
3193 1633 3589 1710 τραχηλιῶσαν
3656 1635 3747 1690 καὶ

319 1726 684 1780 immensum
718 1724 931 1792 inflati,
964 1742 1071 1797 per
1124 1743 1289 1782 oram
1338 1726 1574 1797 imperii
1632 1727 1974 1782 maritimam

2095 1726 2225 1782 κατᾶ
2250 1726 2539 1799 Ῥωμαίων
2597 1725 2819 1803 φονικὸν
2880 1723 3164 1797 πνέουσαν,
3224 1727 3292 1798 τῇ
3348 1729 3447 1778 τοῦ
3502 1724 3744 1801 κρείττο-

320 1814 738 1886 populationes
769 1814 1060 1870 maximas
1090 1815 1412 1871 faciebant.
1445 1816 1631 1880 Quam
1671 1816 1979 1872 calamita-

2095 1837 2180 1879 νος
2214 1815 2357 1892 ῥοπῇ
2391 1811 2635 1869 ἐκποδὼν
2679 1813 3033 1885 ποιήσασθαι.
3089 1811 3185 1870 Καὶ
3228 1812 3331 1888 γὰρ
3381 1817 3462 1885 τῷ
3511 1811 3561 1886 ἐξ
3613 1814 3746 1868 ὑπο-

323 1909 443 1959 tem
502 1903 1008 1975 quemadmodum
1086 1905 1337 1961 Romani
1410 1906 1678 1977 ceperint
1761 1904 1975 1961 dicam.

2095 1904 2247 1980 γυίου
2280 1910 2395 1969 τοῖς
2450 1903 2750 1977 Ῥωμαίοις
2799 1896 3174 1976 συμϐεϐηκότι
3234 1903 3550 1980 ἀτυχήματι
3610 1901 3747 1977 ἀμέ-

319 1993 746 2048 Constantinus
778 1992 1121 2065 imperator,
1149 2011 1283 2049 cum
1307 1995 1680 2050 Cretensium
1703 2012 1980 2068 arrogan-

2095 2015 2233 2070 τρως
2287 1992 2689 2070 γαυρουμένην,
2748 1991 2816 2047 τὰ
2898 1992 3174 2067 παράκτια
3243 1999 3345 2061 τῆς
3430 1992 3745 2064 Ῥωμαϊκῆς

318 2080 465 2136 tiam
499 2080 996 2154 incursionesque
1029 2083 1379 2155 repentinas
1418 2083 1573 2139 ferre
1622 2100 1742 2139 non
1769 2086 1809 2139 7
1840 2102 1979 2157 pos-

2095 2083 2434 2159 ἐπικρατείας
2476 2079 2728 2152 ἐληίζετο
2792 2079 3050 2154 μάλιστα.
3108 2082 3300 2143 ’Όπως
3362 2078 3421 2136 δὲ
3474 2082 3539 2136 τὸ
3586 2084 3744 2135 πταῖ-

320 2175 431 2239 set,
457 2169 751 2225 conducto
775 2171 999 2242 Optimo
1026 2172 1312 2239 exercitu,
1341 2173 1687 2229 triremibus
1713 2174 1980 2247 igniferis

320 2261 634 2317 instructis
662 2260 815 2317 bene
866 2260 1094 2330 multis,
1145 2262 1585 2335 expeditionem
1633 2263 1697 2318 iu
1748 2263 1981 2320 Cretam

327 2350 610 2422 suscepit,
643 2351 803 2405 velut
841 2352 1036 2422 prima
1065 2353 1445 2423 aggressione
1495 2352 1753 2408 insulam
1808 2370 1978 2409 occu-

320 2446 589 2513 paturus.
650 2440 887 2495 Atenim
937 2440 1169 2509 ignavia
1215 2446 1395 2512 atque
1444 2442 1744 2515 imperitia
1790 2442 1979 2512 ducis,

323 2528 423 2600 qui
455 2533 583 2584 erat
616 2527 800 2600 spado
833 2528 1220 2599 cubicularis,
1245 2530 1566 2585 homuncio
1590 2531 1985 2589 umbraticola

324 2617 726 2691 Paphlagonia
744 2623 931 2685 ortus,
957 2618 1384 2674 Constantinus
1405 2621 1650 2675 nomine
1691 2622 1982 2693 Gongyles

325 2712 739 2777 cognomento,
819 2707 1056 2761 tametsi
1142 2708 1516 2779 amplissima
1595 2709 1981 2780 patriciorum

325 2794 611 2867 dignitate
642 2794 1030 2867 gloriabatur,
1066 2797 1260 2851 omnis
1290 2797 1387 2852 hic
1419 2798 1714 2853 exercitus
1764 2804 1984 2870 praeter

322 2898 544 2954 paucos
576 2882 866 2954 quosdam
898 2884 1120 2940 milites
1170 2886 1618 2943 contrucidatus
1648 2903 1683 2943 a
1712 2886 1981 2943 barbaris

321 2987 390 3027 ac
422 2971 691 3028 delectus
723 2978 830 3028 est.

320 3064 521 3136 πρεπεῖ
597 3060 864 3133 ἀξιώματι
942 3059 1286 3135 ἐσεμνύνετο,

320 3142 611 3224 βαρϐάρων
642 3149 732 3203 καὶ
762 3149 1151 3226 παραπώλετο.

2094 2194 2206 2246 σμα
2233 2170 2530 2245 Ῥωμαίοις
2573 2164 2940 2243 συμϐέϐηκεν,
3000 2168 3373 2246 ἐπιτροχάδην
3434 2169 3548 2246 ἐρᾷ.
3596 2175 3746 2224 Κων-

2094 2266 2370 2322 σταντῖνος
2405 2259 2834 2333 ὁοιύτοκράτωρ,
2871 2261 2948 2332 μὴ
3013 2258 3213 2334 στέγων
3274 2259 3377 2329 τήν
3438 2262 3543 2314 τῶν
3602 2252 3788 2333 Κρηδ

2090 2355 2199 2405 τῶν
2234 2345 2387 2425 ὕϐριν
2447 2348 2538 2403 καὶ
2594 2349 2689 2410 τὰς
2749 2346 3045 2422 λαθραίους
3103 2345 3435 2423 ἐπιδρομὰς,
3496 2347 3749 2418 στρατιὰν

2093 2440 2396 2513 ἀξιόμαχον
2429 2435 2771 2512 συνειλοχὼς
2824 2436 2915 2491 καὶ
2972 2438 3217 2513 τριήρεις
3279 2435 3568 2512 ἐξαρτύσας
3609 2456 3749 2511 πυρ-

2094 2527 2294 2607 φόρους
2348 2525 2496 2599 μάλα
2553 2525 2790 2603 συχνὰς,
2852 2527 2990 2581 κατὰ
3040 2529 3140 2591 τῆς
3201 2527 3421 2601 Κρήτης
3479 2519 3753 2594 ἔστελλεν,

2094 2617 2169 2681 ὡς
2199 2611 2453 2671 αὐτοϐοεὶ
2485 2615 2587 2684 τὴν
2620 2622 2781 2685 νῆσον
2842 2614 3107 2691 αἱρήσων.
3159 2612 3319 2669 Ἀλλ’
3367 2611 3621 2689 ἀνανδρίᾳ
3664 2614 3756 2668 καὶ

2092 2706 2310 2781 ἀπειρίᾳ
2366 2709 2467 2760 τοῦ
2522 2708 2855 2780 στρατηγοῦ,
2914 2704 3123 2777 τομίου
3184 2702 3592 2777 θαλαμηπόλου
3643 2701 3751 2775 (15)

2091 2794 2405 2864 τελοῦντος,
2449 2795 2537 2850 καὶ
2600 2792 2892 2869 ἀνδραρίου
2949 2797 3314 2867 σκιατραφοῖκ
3369 2791 3430 2849 ἐκ
3481 2796 3582 2857 τῆς
3640 2798 3746 2846 Πα-

2093 2883 2381 2963 φλαγόνων
2431 2883 2772 2960 ὡρμημένου
2831 2887 3260 2955 (Κωνσταντῖνος
3316 2881 3494 2956 ὄνομα
3545 2882 3747 2954 τούτῳ,

1990 3006 1997 3012 ε
2092 2971 2375 3049 Γογγύλης
2407 2971 2739 3046 ἐπίκλησις),
2776 2971 2944 3027 εἶκαὶ
2987 2975 3067 3043 τῷ
3115 2975 3222 3026 τῶν
3270 2972 3576 3046 Πατρικίων
3626 2969 3746 3046 ἆριο

1372 3062 1550 3119 ἅπασα
1605 3066 1641 3133 ἠ
1700 3062 1961 3140 λεχθεῖσα
2043 3063 2288 3139 στρατιὰ,
2344 3059 2492 3132 πλήν
2560 3058 2767 3137 ὀλίγων
2823 3057 3054 3136 ἀνδρῶν,
3111 3061 3386 3132 κατεκόπη
3444 3060 3580 3137 πρὸς
3641 3062 3750 3114 τῶν

389 3239 442 3295 3.
477 3240 641 3304 Quod
671 3239 1101 3297 detrimentum
1136 3241 1357 3297 sarcire
1389 3244 1637 3316 cupiens
1670 3246 1972 3299 Romanus

2158 3246 2225 3316 γ’.
2283 3236 2500 3308 Ταύτην
2558 3240 2657 3307 τήν
2757 3237 2923 3307 ἧτταν
2984 3238 3013 3293 ὁ
3070 3236 3389 3312 αὐτοκροωρ
3470 3235 3748 3309 Ῥωμανὸς

315 3329 662 3399 imperator,
698 3329 1095 3402 Nicephorum
1128 3332 1409 3400 Phocam,
1454 3333 1614 3388 inter
1663 3333 1977 3406 magistros

319 3418 771 3492 praefulgentem
808 3420 1283 3492 exercitibusque
1330 3420 1731 3487 Orientalibus
1762 3422 1978 3495 prazfe-

326 3511 487 3562 ctum
521 3512 722 3578 (quam
754 3508 1106 3577 dignitatem
1136 3510 1603 3566 Domesticatum
1636 3510 1978 3567 scholarum

328 3597 579 3653 Romani
612 3599 865 3667 vocant),
893 3598 1086 3652 virum
1120 3603 1432 3653 strenuum
1463 3616 1531 3654 ac
1560 3615 1799 3667 navum,
1821 3599 1979 3656 bello

322 3684 565 3755 fortem,
599 3686 648 3741 si
688 3687 928 3756 invicta,
977 3687 1190 3743 ducem
1238 3688 1498 3762 gerendo
1543 3688 1704 3745 bello
1753 3690 1979 3746 Cretico

2088 3326 2514 3384 ἀνακαλέσασθαι
2548 3325 3032 3402 προθυμούμενος,
3089 3326 3405 3405 Νικηφόρον
3468 3327 3562 3381 τὸν
3616 3330 3747 3380 Φω-

2088 3425 2185 3474 κᾶν
2246 3420 2381 3491 (16),
2438 3422 2557 3480 τοῖς
2613 3415 2933 3491 μαγίστροις
3010 3412 3441 3490 ἐνδιαπρέποντα
3494 3414 3584 3469 καὶ
3639 3418 3747 3468 τῶν

2087 3511 2185 3579 τῆς
2211 3505 2515 3577 Ἀνατολῆς
2576 3504 2995 3582 στρατευμάτων
3058 3505 3407 3580 κατάρχοντα
3464 3502 3748 3577 (Δομέστι⁹

2088 3617 2184 3653 κον
2231 3600 2340 3651 τῶν
2391 3594 2621 3671 σχολῶν
2679 3595 2951 3667 Ῥωμαῖοι
3008 3596 3054 3632 ¹⁰
3111 3593 3293 3669 ἀρχὴν
3351 3594 3452 3663 τήν
3500 3593 3753 3671 τοιαύτην

2092 3685 2565 3764 ἐπιφημίζουσιν),
2624 3681 2791 3759 ἄνδρα
2850 3682 3043 3760 ῥέκτην
3097 3703 3157 3738 τε
3224 3681 3316 3737 καὶ
3398 3681 3746 3759 δραστήριον,

1537 3843 1597 3898 C.
1639 3841 1701 3896 Β.
1744 3841 1931 3897 HASII
1968 3837 2527 3897 ANNOTATIONES.

394 3981 440 4017 1°
467 3975 757 4049 Ῥωμαίοις
790 3977 920 4035 cod.
931 4021 950 4050 ,
981 3985 1047 4034 ut
1077 3979 1155 4035 sit
1183 3981 1354 4051 quasi
1386 3980 1616 4039 dativus
1646 3982 1954 4039 absolutus

2095 3980 2464 4055 participium
2495 3976 2913 4051 ἐπισημίζουσιν
2945 3977 3316 4035 referendus.

322 4132 637 4191 commode
670 4131 858 4206 versio
876 4131 1155 4206 vulgaris,
1182 4140 1590 4206 persecutorem
1622 4137 1680 4191 in
1702 4136 1985 4206 praedica-

325 4207 775 4279 toremfmutavit.
813 4204 1724 4279 Ρθεῐυιίοίρίιιῐῐι-μετηλλσιοταςξ
1756 4208 1818 4262 in
1867 4224 1987 4279 qua

324 4276 945 4359 voceinterpretanda
974 4275 1253 4359 nonnulli
1286 4276 1436 4359 lapsi
1472 4285 1636 4347 sunt,
1685 4296 1840 4350 saepe
1885 4275 1986 4359 He-

323 4355 542 4421 functos
566 4348 926 4421 significare,
959 4348 1193 4421 etiamsi
1230 4348 1438 4405 Lexica
1464 4367 1590 4405 non
1648 4348 1982 4421 monerent,

328 4419 717 4478 Constaret'ex
748 4419 1037 4475 Salmasio
1074 4420 1153 4473 De
1188 4421 1388 4476 usuris
1418 4424 1542 4486 391,
1577 4424 1643 4477 Α.

400 4494 510 4563 (12)
570 4491 789 4582 Malim,
848 4490 948 4582 τῄν
1007 4488 1387 4582 ριύτοξιρᾶτορα
1442 4490 1647 4582 ἀρχήν,
1700 4493 1814 4582 vel,

328 4536 1063 4638 αὐτοίρατορίανξ-νθιιητήν
1105 4536 1591 4638 att-9x95309136
1617 4536 1820 4638 ἀρχὴνῖ
1870 4536 1986 4620 Δύ-

324 4634 614 4708 τοκράτιυρ
645 4634 713 4687 ιιι
742 4634 1314 4708 adjectivum_habet
1343 4634 1470 4708 ipse
1501 4637 1615 4692 Leo
1654 4634 1736 4701 18',
1769 4638 1834 4691 D.
1881 4642 1984 4703 τῆς

327 4703 729 4778 αὐτοκρᾴτορος
761 4703 945 4778 ἀρχῆς
984 4705 1157 4778 Philo
1188 4707 1270 4761 De
1300 4703 1671 4778 plantatione
1686 4711 1825 4776 Noe,
1858 4712 1980 4775 176,

329 4778 392 4851 G_.
426 4775 461 4843 ἡ
494 4772 1158 4851 αὐτοκράτώρδυναστεία
1198 4772 1318 4833 ιθό
1364 4781 1447 4849 14,
1503 4784 1571 4834 Α.
1624 4772 1977 4851 Αὐτοκρατοέ

330 4848 420 4919 ρία
451 4846 896 4921 substantivum
912 4847 1201 4921 Iosephus
1232 4846 1441 4921 Antiq.’
1479 4851 1705 4906 Judaic.
1757 4846 1879 4917 679,
1911 4852 1976 4906 E.

329 4917 539 4995 Petrus
570 4917 801 4995 Siculus
832 4917 1099 4995 Historia
1115 4917 1578 4995 _M_anic_ha§orum
1610 4926 1665 4985 2,
1696 4923 1755 4995 Β.
1808 4922 1982 4995 Adje-

329 4991 549 5064 ctivum
582 4986 1040 5064 «proxpaitopixéc
1069 4990 1237 5045 Philo
1268 4992 1613 5064 iLegatione
1660 4994 1733 5049 ad
1774 4986 1979 5049 Caium

329 5064 459 5131 786,
490 5062 553 5115 E.
604 5060 731 5126 802,
792 5062 853 5125 F,
894 5061 1167 5115 Clemens
1216 5060 1656 5119 Alexandrinus
1700 5065 1976 5121 Stromat.

330 5136 456 5200 363,
488 5134 555 5195 D,
588 5134 714 5205 705,
749 5132 903 5205 DZS.
962 5133 1274 5205 Gregorius
1326 5136 1624 5205 Nyssenus
1676 5136 1741 5190 In
1782 5137 1983 5191 Canti-

331 5221 465 5261 eum
499 5204 783 5277 canticor.
813 5203 856 5267 Ι,
891 5204 1013 5261 618.
1051 5204 1114 5258 D.
1144 5203 1753 5277 Contra—Eunomium
1786 5209 1857 5273 II,
1890 5212 1980 5277 42,

330 5279 395 5333 D.
444 5278 510 5331 In
558 5275 773 5330 Christi
832 5276 1335 5331 resurrectionem
1390 5281 1513 5344 821,
1570 5280 1629 5333 C.
1694 5275 1982 5334 Eusebius

331 5349 460 5402 Vita
484 5346 853 5401 Constantini
889 5349 1013 5411 611,
1048 5349 1108 5400 A.
1146 5349 1362 5403 Contra
1395 5350 1728 5405 Hieroclem
1755 5353 1878 5416 516,
1911 5354 1979 5406 A.

331 5421 386 5475 S.
422 5419 676 5474 Basilius
706 5420 768 5473 In
804 5419 1148 5492 Hexaemer,
1180 5421 1223 5488 1,
1258 5425 1347 5485 77,
1394 5425 1453 5475 C.
1503 5422 1741 5492 Regulis
1790 5423 1981 5477 fusius

330 5492 649 5562 disputatis
679 5492 749 5544 Il.
783 5493 914 5562 467,
944 5491 997 5542 Β.

407 5559 525 5633 (13),
550 5562 854 5633 Cedrenus
885 5559 1208 5633 Compend.
1258 5562 1474 5633 Histor.
1510 5563 1599 5633 ,II.
1652 5566 1774 5631 945,
1811 5566 1870 5620 C.
1904 5563 1983 5619 Τὸ

333 5626 468 5698 ἦθος
494 5626 702 5709 ἥμερον
735 5626 879 5706 ἔχων
920 5626 1050 5709 ’καῖ
1086 5634 1278 5709 πρᾷον,
1330 5630 1421 5709 καὶ
1470 5632 1532 5685 τὸ
1589 5626 1847 5709 φρόνημα
1894 5634 1982 5707 μέ-

335 5653 529 5700 τροςη
582 5653 702 5703 ερον
735 5653 879 5706 εχων
938 5653 1028 5684 και
1086 5653 1278 5703 πρᾳον,
1330 5653 1421 5685 και
1470 5653 1532 5685 το
1589 5653 1847 5709 φρονημα
1894 5653 1981 5707 με·

335 5721 511 5775 τ-ριον,
539 5653 655 5759 Eoo
684 5710 791 5769 est,
826 5710 879 5759 et
907 5705 1193 5772 ingenium
1221 5705 1544 5772 modestum,
1576 5723 1718 5775 non,
1774 5714 1828 5762 et
1869 5724 1981 5762 me-

340 5773 599 5831 diocriter
636 5779 938 5843 animatus,
993 5780 1060 5830 ut
1115 5775 1376 5833 reddidit
1426 5773 1763 5850 Xylander:
1813 5780 1984 5850 cujus

2096 4150 2392 4190 summam
2423 4132 2738 4205 utriusque
2780 4129 2999 4205 lingua)
3048 4131 3348 4205 peritiam,
3400 4150 3577 4205 quam
3626 4151 3749 4190 non

2094 4206 2393 4262 immerito
2426 4204 2637 4277 tribuit
2663 4203 2752 4277 illi
2785 4202 3031 4277 Huetius
3063 4204 3144 4277 De
3201 4204 3381 4277 claris
3417 4202 3745 4277 interpret.

2093 4282 2218 4348 227,
2251 4281 2335 4346 0.,
2366 4277 2430 4332 in
2460 4276 2571 4331 hac
2602 4274 2844 4346 quidem
2875 4274 3125 4329 Cedreni
3152 4276 3423 4332 versione
3452 4278 3544 4332 vix
3565 4274 3750 4351 agno-

2095 4367 2246 4407 303.8.
3728 4398 3733 4409 ι

2165 4421 2272 4490 (14)
2298 4419 2437 4485 Quas
2470 4434 2504 4473 a
2526 4415 2755 4472 verbis:
2787 4418 2931 4473 Huic
2962 4418 3289 4490 imperatori
3317 4424 3453 4475 cett.
3513 4419 3574 4474 in
3618 4437 3749 4475 ver-

2096 4489 2262 4572 _si0ne
2295 4491 2536 4572 Latina“
2553 4494 2906 4572 sequuntur,
2953 4504 3000 4570 .a
3052 4489 3409 4572 Combefisip
3467 4506 3752 4572 conversa

2094 4564 2373 4634 leguntur
2402 4562 2464 4617 in
2496 4559 2659 4634 Pagii
2686 4561 2919 4615 Criticis
2948 4559 3011 4634 in
3050 4561 3313 4617 Annales
3362 4562 3599 4618 Baronii
3649 4565 3749 4634 lII,

2094 4581 2150 4619 1e
2191 4581 2373 4619 untur
2402 4581 2464 4617 In
2496 4581 2659 4633 ragu
2686 4581 2919 4615 UI'IHCIS
2949 4581 3011 4615 ιῐι
3050 4581 3156 4615 ΛΠ]

2094 4581 2219 4691 87%.
2252 4637 2392 4701 Quae
2422 4650 2533 4688 nos
2561 4632 2660 4688 hic
2685 4632 3156 4688 retractavimus.

2164 4711 2273 4777 (15)
2301 4704 2539 4761 Ρτωίνίι
2568 4704 2850 4777 Agathias
2878 4706 2965 4773 19,
3016 4704 3078 4758 Β.
3113 4703 3254 4760 Vide
3303 4704 3377 4761 de
3428 4706 3542 4764 hoc
3590 4706 3750 4762 bello

2088 4775 2420 4834 Cedrenum
2454 4777 2523 4841 ll,
2556 4777 2679 4842 640,
2713 4775 2779 4829 D.

2160 4851 2272 4919 (16)
2330 4849 2521 4920 Plura
2564 4846 2638 4901 de
2689 4844 3068 4920 expeditione
3125 4846 3355 4920 Cretica
3434 4848 3749 4920 Nicephori

2088 4917 2301 4977 Phocaa
2354 4917 2768 4974 Continuator'
2800 4917 3198 4988 Theophanis,
3248 4921 3375 4983 296,
3418 4920 3505 4988 Β.,
3537 4917 3641 4975 300
3680 4921 3747 4975 D.

2090 4993 2178 5047 Ad
2208 4991 2483 5061 Gongylaa
2515 4989 2947 5061 navigationem
2981 4988 3231 5061 fortasse
3263 4990 3749 5047 referendanoti-

2091 5064 2174 5119 tia
2204 5060 2404 5134 ampla
2433 5061 2507 5116 de
2547 5060 2839 5133 apparatu
2870 5060 3065 5134 navali
3096 5062 3263 5134 apud,
3285 5064 3592 5119 Constant.
3618 5066 3755 5119 Por-

2090 5132 2416 5208 phyrogen.
2450 5132 2764 5208 Cierimon.
2798 5132 2917 5208 aul.
2954 5137 3185 5203 Byzant.
3211 5133 3297 5208 _I_l,_
3326 5135 3451 5208 383,
3496 5137 3594 5201 C.;
3647 5135 3754 5191 sed

2090 5153 2168 5206 ριι
2214 5153 2416 5208 1⁸08611.
2450 5153 2764 5187 bmrimon.
2798 5153 2917 5187 8.111.
2954 5153 3185 5203 ΒΥΖᾶΙΙι.
3215 5153 3292 5197 ιι,
3326 5153 3451 5202 ὀδό,
3496 5153 3594 5201 UH;
3647 5153 3754 5191 sea

2090 5153 2220 5261 vidye
2254 5213 2472 5279 etquaa
2502 5204 2574 5259 de
2608 5204 3001 5279 Congylianaa_
3037 5204 3439 5279 expeditionis
3485 5213 3754 5279 tempore

2092 5285 2262 5333 acute
2303 5274 2567 5350 disputat
2622 5274 2892 5350 summus
2930 5274 3358 5350 _chronologiaa
3417 5274 3754 5350 Byzantium

2091 5350 2316 5405 arbiter
2343 5344 2451 5403 Ph.
2485 5349 2660 5415 Krug,
2700 5344 3066 5417 Chronologie
3096 5347 3195 5401 der
3213 5344 3515 5417 Bi/zuntiér
3536 5354 3661 5415 292,
3688 5353 3750 5407 Β.

2092 5428 2151 5501 et
2178 5439 2310 5501 quas
2340 5422 2412 5475 de
2442 5419 2682 5501 Caudina
2702 5416 2822 5501 sub
2854 5418 3121 5501 Itomano
3155 5416 3593 5501 expugnatione
3619 5426 3750 5501 306,

2091 5494 2150 5547 C.
2193 5488 2331 5548 inde
2362 5490 2670 5562 probatur,
2701 5488 3100 5562 Nicephorum
3132 5488 3437 5562 appulisse
3487 5494 3562 5549 ad
3610 5488 3755 5549 Gre;

2094 5570 2278 5644 tarn‘a
2475 5565 2580 5644 960
2608 5559 3107 5644 (contranContin.
3141 5559 3405 5644 Theoph.
3428 5565 3558 5633 297,
3581 5566 3644 5628 C,
3676 5564 3750 5620 ad

2091 5651 2145 5690 a.
2180 5639 2284 5690 962
2313 5635 2373 5690 id
2404 5630 2807 5706 referentem),
2839 5630 3127 5706 Candiam
3162 5630 3417 5706 icepisse
3463 5630 3621 5692 anno
3654 5651 3745 5706 se.

2091 5708 2298 5778 quenti
2331 5709 2455 5771 961,
2489 5704 2670 5778 fratre
2703 5702 2831 5771 ejus
2859 5701 3052 5778 Leone
3082 5701 3310 5762 bellum
3349 5707 3593 5763 interim
3642 5705 3749 5762 ad-

2090 5772 2293 5834 versus
2322 5775 2775 5833 Chambdanum
2805 5772 3285 5834 administrante.
