4128 6482
1841 434 2239 513 ΗΙΞΤΟΒῙΕ
2261 449 2428 516 'Lm.
2476 454 2526 515 Ι.

3774 445 3896 512 666

461 579 660 653 ἀγαθόν
691 599 751 634 τε
781 599 847 634 τα
876 577 1157 652 πολεμικὰ
1212 578 1303 633 καὶ
1355 579 1455 647 τὴν
1510 575 1672 653 ἷσχὺν
1741 579 2130 653 ἀνυπόστατον,

2247 581 2481 642 summo
2511 581 2921 658 cum'im‘perio
2953 577 3186 642 creavit.
3219 571 3610 656 NicephOrus,
3658 587 3898 638 contra"

463 669 843 742 αὐτοκράτορα
903 668 1205 744 στρατηγὸν
1251 673 1350 738 τῆς
1412 668 1550 741 πρὸς
1608 666 1738 729 τοὺς
1769 671 1980 741 Κρῆτας
2027 676 2135 743 μά-

464 777 578 833 χης
608 761 1083 834 κεχειροτόνηκεν.
1139 755 1312 818 Οὗτος
1359 757 1538 811 τοίνυν
1588 757 1615 810 ὁ
1646 757 1985 835 Νικηφόρος,
2037 761 2137 828 τήν

462 852 567 913 τῆς
629 847 810 911 Ἀσίας
870 849 1123 923 στρατιὰν
1174 852 1255 919 τῷ
1335 846 1606 922 βασιλικῷ
1666 846 2005 922 συνειλοχὼς
2045 870 2131 903 κε-

466 934 738 1011 λεύσματι
795 937 887 993 καὶ
945 938 1129 992 ναυσὶν
1186 931 1508 1010 ἐμϐιϐάσας,
1567 935 1655 990 καὶ
1713 936 2133 1012 ταχυπλοήσας,

463 1026 782 1105 πυρφόρους
846 1048 906 1082 τε
961 1029 1210 1101 τριήρεις
1271 1024 1532 1088 πλείστας
1590 1025 1928 1100 ἑπαγόμενος
1983 1025 2136 1102 (δρό-

473 1137 660 1189 μωνας
693 1114 890 1178 ταύτας
931 1117 1197 1190 Ῥωμαῖοι
1259 1114 1531 1188 καλοῦσι),
1590 1119 1658 1189 τῇ
1719 1118 1909 1190 Κρήτῃ
1966 1137 2135 1192 προσ-

463 1207 728 1280 ώρμισεν.
790 1205 942 1262 Ἐπεὶ
1024 1204 1081 1260 δὲ
1135 1211 1234 1274 τῆς
1310 1199 1635 1266 ἀποϐάσεως
1695 1201 1868 1259 ἐδόκει
1925 1205 2132 1281 καιρὸς,

463 1291 635 1364 ἔδειξε
694 1298 1026 1370 πρακτικῶς,
1083 1290 1150 1363 ἤν
1208 1294 1352 1370 εἶχεν
1404 1292 1692 1368 ἐμπειρίαν
1746 1287 1917 1370 ἔργων
1965 1292 2131 1349 πολε-

462 1389 667 1457 μικῶν·
691 1386 779 1458 [Ρ.
811 1387 866 1456 4]
897 1381 1174 1457 κλίμακας
1205 1384 1310 1460 γὰρ
1362 1381 1450 1437 έπὶ
1479 1387 1586 1437 τῶν
1635 1385 1950 1457 πορθμείων
2011 1383 2129 1439 έπι-

464 1474 795 1550 φερόμενος,
825 1472 1024 1535 ταύτας
1057 1471 1146 1528 έπί
1198 1473 1298 1542 τήν
1332 1473 1493 1542 ἠϊόνα
1531 1469 1942 1549 προσυφαπλῶν
1995 1475 2130 1546 (1⁸1),

467 1564 572 1630 τήν
601 1562 852 1638 στρατιὰν
886 1558 1119 1618 ἔνοπλόν
1150 1576 1222 1617 τε·
1259 1561 1348 1616 καὶ
1408 1556 1642 1638 ἔφιππον
1675 1562 1780 1616 ἀπὸ
1835 1569 1934 1631 τῆς
1965 1563 2133 1637 ὑγρᾶς

467 1651 555 1706 ἐπὶ
588 1653 687 1720 τήν
733 1652 899 1726 ξηρὰν
964 1646 1302 1724 μετεϐίϐαζε.
1361 1654 1452 1723 Τῷ
1502 1649 1559 1706 δὶ
1608 1655 1780 1721 καινῷ
1839 1651 1928 1705 καὶ
1961 1651 2131 1707 ἀλλο-

462 1740 612 1814 κότῳ
645 1745 741 1796 τοῦ
769 1741 1044 1816 ὁράματος
1094 1738 1536 1815 καταπλαγέντες
1570 1741 1620 1795 οἱ
1685 1735 1950 1816 βάρϐαροι
1999 1742 2136 1796 κατᾶ

461 1831 660 1906 χώραν
714 1827 903 1904 ἔμενον
962 1832 1008 1869 ¹¹
1069 1828 1278 1902 ἰλαδὸν,
1335 1828 1702 1886 ἀδιάσπαστον
1743 1834 2134 1905 συντηροῦντες

458 1923 554 1976 τὸν
589 1920 987 1994 συνασπισμὸν,
1032 1920 1120 1976 καὶ
1177 1923 1277 1990 τήν
1335 1924 1446 1975 τῶν
1475 1919 1768 1993 Ῥωμαίων
1813 1921 1890 1982 ὡς
1935 1917 2132 1975 αὐτοὺς

466 2008 650 2088 ἄφιξιν
680 2007 1143 2086 προσδεχόμενοι.
1203 2011 1264 2067 Ὀ
1323 2007 1381 2064 δὲ
1427 2013 1536 2064 τῶν
1581 2008 1866 2083 Ῥωμαίων
1910 2002 2136 2084 στρατη’

462 2101 566 2174 γὸς
598 2099 938 2178 Νικηφόρος,
969 2103 1140 2174 τριχῇ
1196 2100 1295 2169 τὴν
1357 2097 1612 2174 φάλαγγα
1671 2096 1938 2169 διατάξας,
1973 2099 2131 2153 ἀσπί-

465 2210 518 2244 σι
551 2211 609 2244 τε
653 2189 744 2244 καὶ
779 2186 970 2264 δόρασι
1015 2188 1219 2259 ταύτην
1268 2188 1715 2256 καταπυκνώσας,
1747 2190 1834 2244 καὶ
1888 2188 1952 2243 τὸ
1978 2188 2132 2243 ἰνυά-

462 2276 584 2333 λιον
619 2279 938 2346 παιωνίσας,
965 2280 1029 2333 τὸ
1064 2276 1122 2332 δὲ
1169 2279 1454 2354 σταῦρικὸν
1514 2277 1968 2352 ἐγκελευσάμενος
1994 2297 2130 2352 προ·

460 2367 788 2442 πορεύεσθαι
841 2368 1129 2443 τρόπαιον,
1210 2365 1588 2439 ἀντιμέτωπος
1646 2373 1765 2429 τοῖς
1831 2362 2127 2443 βαρϐάροις

459 2453 644 2528 ἐπῄει.
677 2462 866 2524 Δεινῆς
897 2456 954 2509 δὲ
991 2454 1180 2530 μάχης
1231 2454 1654 2531 ἀναρραγείσης,
1685 2455 1775 2509 καὶ
1835 2453 1990 2524 δίκην
2024 2474 2125 2530 χαο

460 2542 636 2615 λάζης
668 2549 777 2600 τῶν
807 2544 984 2620 βελῶν
1009 2544 1594 2620 κεταφερομένων,οὐκ
1614 2539 1852 2616 ἔμελλον
1874 2544 1957 2600 ἐπὶ
1983 2543 2128 2600 πολὺ

464 2631 836 2708 διακαρτερεῖν
866 2634 922 2688 οἱ
950 2629 1218 2709 βάρϐαροι
1250 2634 1340 2688 τὸν
1397 2638 1506 2687 τῶν
1569 2636 1612 2670 ¹²
1641 2633 1932 2706 Ῥωμαίων
1967 2631 2130 2709 δορα-

463 2723 682 2794 τισμόν·
717 2720 862 2778 ἀλλὰ
915 2724 982 2776 τὰ
1031 2726 1177 2777 νῶτα
1244 2720 1568 2798 στρέψαντες
1616 2722 1706 2777 καὶ
1746 2723 1845 2792 τήν
1879 2722 2131 2799 φάλαγγα

466 2807 839 2880 διαλύσαντες,
874 2812 949 2875 ὡς
977 2814 1134 2886 εἶχον
1165 2808 1410 2885 δρόμων,
1444 2811 1581 2887 πρὸς
1608 2811 1669 2866 τό
1707 2832 1853 2888 σφων
1888 2810 2128 2886 ἀπῄεσαν

467 2897 665 2973 ἔρυμα.
693 2901 762 2956 Οἱ
794 2898 852 2955 δὲ
881 2901 1144 2972 Ῥωμαῖοι
1179 2899 1528 2976 ἐφεπόμενοι,
1587 2899 1870 2973 ἀμύθητον
1921 2900 2127 2956 τούτων

463 2988 631 3062 φόνον
659 2987 1002 3064 εἶργάσαντο.
1035 2991 1299 3046 Τοιοῦτον
1330 2989 1424 3061 μὲν
1449 2991 1483 3058 ἡ
1503 2991 1696 3062 πρώτη
1727 2984 2015 3065 προσϐολή
2038 2999 2131 3054 καὶ

464 3074 716 3152 διαμᾶχη
777 3079 947 3154 πέρας
1005 3076 1180 3133 αἴσιον
1233 3084 1353 3142 τοῖς
1407 3077 1706 3151 Ῥωμαίοις
1767 3077 2125 3156 ἀπηνέγκατοΪ

462 3166 621 3224 Ἐπεὶ
655 3165 732 3234 δὲ,
765 3153 904 3244 ᾔπέρ
931 3189 1028 3240 μοι
1059 3166 1293 3243 εἴρηται,
1326 3173 1406 3241 τῷ
1462 3167 1703 3247 σφετέρῳ
1731 3153 2046 3244 τειχίσματι
2080 3153 2132 3224 οηἱ

471 3251 741 3332 βάρϐαροι
776 3256 1256 3328 συνεκλείσθησαν,
1285 3258 1379 3320 τὰς
1439 3257 1694 3332 δυνάμεις
1725 3257 2064 3334 συγκαλέσας
2104 3261 2132 3315 ὁ

2244 672 2352 727 ctis
2376 673 2942 746 imperatorisjussu
2960 673 3234 728 Asiaticis
3257 670 3810 742 copiis,iisdemque
3833 670 3895 724 in

2241 775 2418 814 naves
2451 761 2768 832 impositis,
2789 760 2968 816 celeri
2983 760 3355 832 navigatione
3369 775 3513 812 usus
3528 773 3663 811 cum
3677 773 3889 826 magno

2241 847 2628 919 igniferarum
2662 849 2994 903 triremium
3047 864 3296 902 numero
3346 847 3515 916 (quas
3570 844 3890 900 dromonas

2241 939 2491 993 Romani
2522 940 2772 1009 vocant),
2787 939 2861 993 ad
2888 942 3114 993 Cretam
3129 935 3378 1010 appulit.
3394 936 3478 989 Ibi
3505 941 3890 1005 cumtempus

2238 1030 2538 1086 videretur
2563 1032 2986 1099 exscendendi,
3021 1048 3197 1102 quem
3226 1046 3399 1084 usum
3421 1029 3506 1083 rei
3537 1027 3766 1082 bellica)
3790 1027 3889 1081 ha-

2238 1119 2423 1187 beret,
2458 1121 2586 1192 ipso
2617 1121 2772 1176 facto
2805 1121 3085 1176 ostendit.
3119 1121 3261 1175 Nam
3314 1118 3502 1173 scalas
3549 1117 3611 1171 in
3642 1116 3889 1188 navigiis

2239 1209 2554 1265 advexerat
2585 1228 2598 1264 :
2633 1211 2848 1282 quibus
2880 1211 2942 1264 in
2967 1210 3132 1264 littus
3164 1208 3472 1279 explicatis
3519 1206 3750 1276 equites
3783 1221 3886 1258 ar-

2239 1305 2429 1354 matos
2461 1301 2748 1372 equisque
2780 1299 3108 1354 insidentes
3136 1315 3208 1353 ex
3232 1297 3380 1352 mari
3404 1296 3887 1351 incontinentem

2237 1387 2594 1443 transduxit.
2615 1387 2872 1456 Barbari,
2894 1405 3044 1443 novo
3063 1394 3240 1458 atque
3258 1385 3536 1441 insolenti
3552 1382 3888 1455 spectaculo

2239 1477 2285 1532 8
2308 1478 2568 1545 attoniti,
2593 1478 2934 1532 catervatim
2958 1477 3089 1533 loco
3115 1494 3176 1532 se
3199 1475 3607 1540 continebant,
3642 1472 3887 1527 indivul-

2240 1583 2336 1620 sos
2358 1567 2775 1638 confertosque
2807 1567 3048 1623 ordines
3095 1571 3418 1629 servantes,
3453 1567 3889 1620 Romanorum-

2240 1671 2355 1725 que
2389 1655 2462 1710 ad
2488 1671 2550 1710 se
2577 1662 2989 1727 exspectantes
3021 1656 3358 1710 adventum.
3395 1657 3738 1709 Nostrorum
3771 1651 3890 1704 dux

2239 1744 2624 1814 Nicephorus,
2658 1745 2956 1816 tripartita
2980 1746 3281 1815 scutisque
3306 1751 3363 1799 et
3392 1743 3580 1798 hastis
3629 1741 3888 1796 conden-

2240 1837 2367 1887 sata
2395 1833 2542 1900 acie,
2576 1833 2861 1888 bellicum
2911 1834 3268 1900 conclamat,
3328 1839 3386 1888 et
3440 1832 3633 1886 crucis
3668 1836 3889 1900 tropaao

2239 1921 2660 1992 praairejusso,
2691 1922 2928 1977 infestis
2959 1923 3144 1992 signis
3166 1922 3390 1976 invadit
3419 1920 3721 1974 barbaros.
3756 1917 3891 1972 Acri

2240 2010 2559 2064 commisso
2579 2011 2805 2080 praelio,
2827 2028 2961 2065 cum
2984 2010 3290 2083 grandinis
3309 2009 3425 2063 ritu
3447 2008 3565 2063 tela
3586 2007 3891 2073 caderent,

2242 2099 2464 2154 diutius
2497 2101 2898 2155 Romanorum
2931 2101 3288 2173 phalangem
3321 2099 3508 2153 hostis
3547 2098 3893 2151 horrentem

2238 2188 2476 2244 barbari
2521 2189 2813 2245 sustinere
2845 2207 2964 2245 non
3013 2193 3354 2262 potuerunt,
3403 2204 3470 2243 ac
3501 2193 3664 2258 terga
3701 2189 3890 2238 verte~

2235 2283 2418 2333 runt:
2473 2279 2684 2334 solutis
2723 2279 3033 2334 ordinibus
3065 2295 3244 2350 quam
3297 2277 3555 2333 maximo
3607 2290 3785 2330 cursu
3817 2272 3891 2328 ad

2240 2385 2376 2423 suas
2417 2369 2785 2424 munitiones
2827 2369 3284 2424 contenderunt.
3336 2366 3585 2423 Romani
3635 2363 3889 2419 insecuti

2239 2458 2653 2514 incredibilem
2686 2476 2891 2514 eorum
2915 2459 3136 2514 easdem
3161 2459 3362 2512 edunt.
3387 2459 3528 2512 Tam
3560 2453 3889 2509 secundum

2239 2548 2524 2603 Romanis
2555 2549 2778 2603 exitum
2810 2548 3020 2604 habuit
3048 2548 3280 2620 primus
3301 2563 3505 2602 eorum
3537 2558 3889 2614 congressus

2241 2642 2420 2707 atque
2451 2638 2785 2695 conflictus.
2822 2638 3061 2693 Barbari
3093 2655 3228 2693 cum
3259 2638 3321 2691 in
3355 2652 3575 2705 muros,
3609 2631 3885 2705 quemad.

2239 2726 2483 2781 modum
2543 2727 3100 2793 demonstravimus,
3160 2726 3452 2798 compulsi
3512 2727 3728 2786 essent.
3771 2722 3891 2776 dux

2239 2817 2576 2872 convocatis
2635 2817 2822 2888 copiis
2871 2834 2979 2888 pro
3025 2817 3392 2871 Cretensium
3429 2814 3646 2886 oppido
3696 2816 3890 2866 castra

2239 2905 2459 2959 muniit
2481 2921 2493 2958 :
2529 2905 2804 2961 triremes
2825 2907 3205 2977 reliquasque
3227 2905 3521 2961 actuarias
3551 2919 3728 2958 naves
3750 2917 3887 2954 con-

2237 2992 2420 3048 fertas
2451 2993 2514 3048 in
2546 2995 2798 3049 statione
2831 3011 2893 3049 se
2933 3001 3059 3050 tuta
3105 2995 3413 3050 continere
3435 2993 3628 3064 jubet,
3674 2989 3885 3046 simul-

2242 3099 2355 3153 que
2387 3099 2549 3137 mare
2580 3083 2876 3150 obsidere,
2910 3089 2969 3138 et
3000 3084 3050 3138 si
3101 3099 3279 3155 quam
3331 3081 3645 3137 barbaram
3678 3094 3892 3134 navem

2241 3177 2503 3229 evectam
2532 3172 2823 3241 viderent,
2857 3189 2985 3229 eam
3035 3173 3314 3244 persequi
3363 3177 3418 3227 et
3468 3172 3601 3243 igne
3645 3167 3893 3224 humido

2242 3279 2641 3318 concremare.
2679 3263 2903 3328 Quibus
2933 3263 3254 3335 diligenter
3282 3261 3624 3318 constitutis
3656 3277 3722 3315 ac
3755 3274 3892 3329 per-

463 3345 791 3422 στρατηγὸς,
854 3348 1073 3422 χάρακα
1129 3347 1236 3422 πρὸ
1291 3350 1388 3400 τοῦ
1463 3347 1648 3408 ἄστεος
1704 3346 1938 3417 ἐπήξατο
2019 3352 2127 3401 τῶν

2241 3353 2435 3419 fectis,
2461 3369 2707 3408 manum
2739 3353 3105 3408 delectorum
3122 3353 3383 3408 militum
3408 3351 3736 3423 Nicephoro
3756 3348 3891 3403 duci

468 3432 736 3510 εὕρητῶψ
795 3437 892 3498 τὰς
944 3433 1001 3489 δέ
1054 3455 1116 3510 γε
1165 3438 1413 3512 τριήρεις
1469 3439 1578 3508 (18)
1633 3434 1722 3490 καὶ
1778 3437 1875 3499 τὰς
1931 3433 2130 3499 λοιπὰς

463 3523 722 3604 φορτίδας
785 3525 860 3589 εἷς
920 3525 1208 3600 εὐλίμενον
1240 3525 1471 3582 ἐπίνειον
1536 3527 1735 3602 ἀθρόας
1765 3524 2130 3601 έλλιμενίζειν

463 3613 872 3683 διεκελεύσατο,
933 3615 1393 3691 θαλασσοκρατεῖν
1449 3637 1507 3672 τε
1588 3615 1679 3671 καὶ
1733 3615 1786 3671 εἷ’
1838 3638 1943 3671 που
1997 3617 2131 3692 βαρ-

461 3700 688 3778 ϐαρικὸν
775 3705 947 3778 ὀρῷεν
1033 3706 1335 3780 πορθμεῖον
1447 3700 1689 3761 ἔππλουν
1774 3705 2131 3781 ποιούμενον,

460 3796 626 3852 τοῦτό
683 3816 743 3852 τε
799 3794 1084 3868 ἐκδιώκεν,
1135 3797 1229 3852 καὶ
1285 3803 1364 3870 τῷ
1427 3797 1573 3874 ὑγρῷ
1629 3799 1759 3872 πυρὶ
1818 3795 2130 3876 έκτεφροῦν.

461 3887 647 3943 Ταῦτα
680 3885 734 3948 ἐς
763 3887 826 3940 τὸ
887 3881 1106 3962 ἀκριϐὲς
1169 3886 1605 3963 βουλευσάμενός
1663 3907 1722 3942 τε
1773 3887 1860 3942 καὶ
1923 3909 2134 3961 συμπε-

464 3974 656 4046 ράνας,
709 3980 934 4050 σπεῖραν
1000 3972 1254 4050 λογάδων
1304 3973 1517 4052 ἀνδρῶν
1570 3977 1651 4048 τῷ
1701 3983 1994 4054 στρατηγῷ
2041 3981 2134 4036 Νι-

460 4064 719 4141 κηφὸρῳ,
752 4065 799 4136 ᾦ
827 4065 894 4118 τὸ
923 4062 1155 4134 ἐπίκλην
1190 4062 1492 4136 Παστιλᾶς,
1547 4063 1864 4142 ἐγχειρίζει,
1898 4068 1958 4130 ὃς
2012 4089 2139 4144 γεν-

461 4158 616 4218 ναῖος
646 4150 720 4207 ὤν
755 4152 1006 4215 πολλοὺς
1049 4151 1249 4218 ἀνέτλη
1306 4151 1614 4228 πολέμους⁶
1673 4155 1762 4210 καί
1818 4155 2136 4222 πλειστάκις

464 4243 562 4316 μὶν
598 4239 724 4312 ἢλω
783 4244 921 4319 πρὸς
977 4247 1086 4297 τῶν
1149 4244 1492 4318 Ἀγαρηνῖὸν,
1536 4247 1862 4309 τοσαυτάκις
1919 4244 1977 4302 δὲ
2006 4246 2140 4303 ἐκεῖ.

460 4344 551 4397 θεν
578 4329 783 4407 διέδρα⁸
829 4331 922 4387 καὶ
953 4331 1172 4395 πολλὰς
1223 4332 1394 4395 οὐλὰς
1452 4333 1512 4389 ἐκ
1564 4340 1674 4390 τῶν
1705 4337 1840 4392 κατᾶ
1886 4334 2136 4411 πόλεμον

462 4419 864 4498 χαλκοτυπιῶν
898 4426 1009 4495 (19)
1041 4420 1129 4476 ἐπὶ
1175 4427 1274 4477 τοῦ
1331 4424 1633 4498 προσώπου
1691 4425 1782 4481 καὶ
1839 4429 1955 4480 τῶν
1987 4428 2141 4502 στέρ-

2240 3445 2631 3512 cognomento
2664 3441 2899 3497 Pastilaa
2931 3442 3148 3497 tradit:
3183 3443 3305 3513 qui,
3332 3458 3447 3512 qua
3477 3446 3623 3507 erat,
3654 3439 3892 3501 virtute,

2239 3531 2414 3586 bellis
2446 3532 2905 3604 quamplurimis
2920 3533 3256 3600 defunctus,
3274 3533 3506 3603 quoties
3528 3549 3562 3587 a
3581 3530 3890 3586 Saracenis

2241 3626 2448 3691 captus
2482 3626 2628 3689 erat,
2664 3623 2835 3677 toties
2867 3639 2934 3677 ex
2981 3639 3187 3678 eorum
3236 3620 3511 3677 manibus
3561 3620 3889 3691 aufugerat,

2240 3725 2436 3780 neque
2467 3726 2686 3780 paucas
2714 3711 2763 3765 9
2795 3710 3252 3766 circumferebat
3280 3710 3591 3765 vulnerum
3615 3708 3772 3763 bello
3804 3723 3895 3761 ac-

2240 3804 2549 3870 ceptorum
2572 3801 2634 3854 in
2656 3799 2806 3856 facie
2831 3806 2888 3856 et
2908 3807 3147 3874 pectore
3169 3807 3360 3857 notas.
3384 3799 3548 3856 Tunc
3568 3815 3703 3853 vero
3721 3797 3895 3851 Thra-

2241 3889 2521 3945 censibus
2546 3890 2883 3962 praefectus,
2917 3898 3162 3964 accepta
3199 3891 3440 3948 cohorte
3481 3889 3555 3944 ad
3603 3887 3893 3961 populan-

2243 3981 2380 4038 dam
2411 3983 2959 4055 explorandamque
2980 3984 3199 4040 missus
3222 3983 3482 4040 insulam
3503 3987 3615 4049 est,
3638 3979 3894 4036 multum

2241 4072 2579 4128 obtestante
2611 4074 2965 4146 Nicephoro,
2986 4081 3052 4128 ut
3071 4079 3334 4130 attentus
3362 4079 3519 4129 esset
3543 4090 3610 4129 ac
3626 4071 3896 4141 vigilaret

2240 4178 2434 4232 neque
2469 4161 2700 4218 inertiaa
2734 4181 2795 4220 se
2827 4181 2894 4219 ac
2924 4164 3199 4220 mollitiei
3230 4164 3648 4230 committeret,
3670 4179 3745 4216 ne
3779 4176 3896 4231 qua

2242 4251 2387 4323 ipsis
2411 4251 2720 4309 calamitas
2747 4253 2821 4310 ad
2851 4253 3208 4310 adversariis
3241 4258 3572 4308 strueretur
3597 4269 3608 4306 :
3643 4266 3895 4306 concur-

2245 4344 2659 4412 sarentpotius
2675 4344 2999 4416 regionem,
3033 4348 3092 4397 et
3119 4342 3424 4397 luculento
3451 4341 3652 4411 aliquo
3685 4342 3894 4396 effecto

2242 4431 2509 4488 facinore
2539 4432 2613 4488 ad
2644 4437 2836 4488 castra
2867 4432 3309 4503 quamprimum
3338 4434 3800 4486 reverterentur.

1684 4609 1750 4665 C.
1800 4609 1861 4664 Β.
1897 4610 2085 4666 HASII
2113 4613 2674 4669 ANNOTATIONES.

541 4760 585 4797 “
621 4753 737 4814 ἕνον
766 4759 954 4816 cod.”
980 4761 1089 4814 τῶν
1119 4762 1229 4814 τῶν
1262 4760 1393 4816 cod.
1428 4760 1542 4817 Sed
1562 4761 1694 4818 vide
1728 4762 1886 4819 infra
1915 4765 2004 4820 82.
2037 4767 2097 4821 C.

536 4931 660 5005 (t7)_
713 4929 969 5005 verbum
1034 4928 1470 5005 προσυφαπλόω,
1539 4932 1723 4988 subter
1769 4935 2009 5005 explica,
2069 4936 2129 4991 in

466 5003 698 5076 Lexicis
725 5003 1329 5076 desideratur,neque
1359 5004 1485 5076 ipse
1517 5006 1736 5061 offendi
1763 5003 1929 5062 extra
1952 5008 2131 5064 vitam

464 5075 524 5150 S:
551 5075 960 5150 Chrysostomi
993 5075 1065 5129 ab
1105 5075 1402 5150 anonymo
1462 5077 1759 5150 scriptam,
1802 5080 1947 5150 Opp.
1985 5081 2128 5148 VIII,

465 5146 589 5213 136,
649 5143 735 5200 3⁷3.
772 5144 974 5229 ..ζώσῃ
1022 5143 1176 5229 φωνῇ
1211 5143 1346 5229 ,τᾲς
1414 5153 1516 5229 τῆς
1563 5143 2128 5229 ἀλῃθιῇας-ῗάκτςίνας

457 5217 1113 5297 προσυφ-απ.λῷν.-[ιθι³αῐ
1141 5217 1390 5297 inferius
1425 5220 1564 5297 Leo,
1593 5223 1684 5297 ϐξ,
1718 5222 1777 5275 C.
1819 5220 2125 5297 Ὑφαπλου-

462 5287 637 5366 μένων
656 5287 851 5366 habet
883 5292 1002 5366 _25,_
1168 5287 1449 5366 έφήπλουν
1508 5294 1598 5363 49,
1641 5294 1706 5347 D.
1761 5287 2127 5363 primitivum

455 5359 717 5430 ἧπλωται
753 5363 845 5424 5|,
881 5361 918 5413 Β
953 5364 1011 5415 et
1039 5363 1129 5429 99,
1163 5359 1228 5417 Αζ

535 5435 644 5502 (18)
669 5433 969 5487 Cedrenus
1003 5431 1129 5486 hwc
1170 5433 1382 5488 iisdem
1417 5434 1540 5489 fere
1583 5435 1777 5491 verbis
1807 5437 2027 5503 11.643,
2058 5441 2126 5492 Α.

457 5503 563 5580 ubi
582 5521 726 5580 Apro,
761 5504 959 5580 πάσαις
991 5508 1271 5580 μηχαναῖς
1291 5504 1748 5580 πολιορκητικαῖς
1776 5508 2130 5580 χρησάμενος

766 5557 1370 5662 cx‘bonc‘a'dmodum
1403 5557 1670 5662 Sc‘yli'tzaa
1724 5557 1928 5635 co’dice
1967 5557 2129 5662 inter

415 5641 1100 5723 ξῦόῖεὶθίῐιζλῐϊοὲῐτοε-Νο
1154 5649 1276 5723 136,
1339 5641 1726 5706 εεῐιεῖιίίὶιεθω
1786 5652 2126 5723 postulante

417 5719 424 5732 ’
462 5738 579 5777 scr.
613 5716 1057 5792 πολιορκητικῷν
1091 5736 1185 5792 χρ.
1216 5719 1264 5774 ὁ.

537 5739 579 5775 r.
613 5737 780 5772 ποΛιο
816 5737 1057 5788 κητικων
1091 5737 1185 5792 χρ.
1216 5737 1264 5774 ο.

537 5793 654 5866 (19)
705 5737 1056 5845 Χαλκοτυπία
1114 5791 1270 5863 apud
1329 5792 1574 5850 Suidam
1620 5793 1720 5865 ΠΙ,
1775 5796 1926 5850 652x
1962 5794 2126 5852 Unde

2162 4945 2208 5011 ι’)
2239 4936 2420 5013 habet
2438 4937 2854 5013 Schneiderus.
2882 4939 3076 5013 Pauca
3106 4941 3223 4996 alia
3243 4942 3573 5013 composita
3590 4957 3722 4997 cum
3748 4957 3888 4995 voco

2241 5008 2478 5137 χαλκός,
2511 5011 2573 5064 in
2607 5011 2814 5066 Lexica
2853 5012 3121 5095 nondum
3147 5008 3434 5097 .recepta,
3467 5020 3610 5069 nota
3640 5015 3804 5068 haec:
3838 5016 3886 5065 1.

2289 5079 2650 5137 αλκεντονον.
2705 5088 2962 5136 tor-menta
3029 5085 3212 5137 bellici
3263 5103 3451 5137 genus.
3511 5103 3618 5137 per
3675 5085 3886 5137 ﬁbulas

2289 5079 2650 5156 αλκεντονον,
2705 5086 2966 5156 tor-menti
3029 5085 3212 5140 bellici
3263 5079 3451 5155 genus,
3511 5103 3618 5156 per
3675 5085 3890 5138 ﬁbulas

2238 5170 2433 5229 aeneas
2467 5154 2583 5208 tela
2613 5153 3021 5229 propellentis.
3059 5157 3154 5211 Bis
3182 5153 3339 5229 apud
3362 5153 3674 5229 Philonem
3698 5157 3778 5208 De
3808 5162 3890 5229 te-

2238 5224 2430 5280 lorum
2467 5224 2910 5280 constructione
2942 5229 3028 5282 56.
3061 5230 3102 5283 C
3137 5235 3196 5283 et
3213 5224 3302 5291 ‘?8.
3338 5230 3376 5283 Β
3427 5228 3538 5283 Sed
3570 5227 3890 5297 quinquies

2238 5297 2403 5362 alibi,
2433 5299 2520 5362 67,
2557 5299 2632 5364 F;
2668 5298 2756 5362 '72,
2793 5300 2858 5360 A,
2907 5298 2967 5354 C.
3003 5300 3080 5363 F;
3115 5303 3202 5356 '73.
3251 5303 3309 5355 C.
3359 5300 3563 5355 eadem
3614 5298 3893 5351 machina

2237 5375 2478 5444 vocatur
2508 5371 2875 5444 χαλκοτονον,
2909 5371 3444 5444 ᾳιιξιηιμιθοῐὶοῐιεη]
3495 5369 3892 5444 Schneiderus

2239 5439 2549 5511 prmtulitf
2582 5442 2684 5495 Est
2740 5439 2939 5495 tamen
2993 5439 3252 5509 ἐντόνιον,
3313 5443 3776 5498 instrumentum
3818 5439 3891 5493 ad

2239 5512 2570 5567 tendendas
2601 5513 2965 5583 catapultas,“
2997 5514 3346 5568 vocabulum
3380 5515 3521 5569 item
3557 5513 3836 5567 exsulans
3861 5527 3890 5564 e

2239 5583 2483 5639 Lexicis.
2517 5585 2686 5638 Philo
2722 5585 2798 5638 De
2816 5583 3246 5639 teloneonstr.
3271 5587 3359 5651 57,
3388 5587 3458 5650 F‘;
3479 5588 3565 5648 58,
3595 5586 3639 5637 A
3665 5601 3678 5649 ;
3712 5586 3800 5648 61,
3827 5583 3888 5638 Β.

2193 5655 2390 5709 "Hero
2425 5653 2946 5727 Belopmicis,_'l35,
2967 5657 3025 5709 Ἀ
3054 5673 3072 5722 ς
3105 5653 3212 5711 139
3237 5660 3326 5722 Α.,
3358 5657 3470 5711 ubi‘
3505 5656 3750 5710 docetur
3773 5671 3890 5727 qqu

2235 5732 2408 5800 pacto
2429 5725 2696 5800 construi
2727 5725 2959 5782 debeat.
2985 5727 3154 5800 Unde
3168 5728 3411 5800 defendi
3434 5729 3683 5800 fortasse
3706 5725 3894 5798 possit

2195 5809 2204 5826 λ
2237 5796 3049 5874 scriptara'xal'nvtovov;2.“
3069 5797 3377 5869 Χάλκινος,
3403 5800 3443 5856 i.'
3479 5817 3536 5873 q.
3564 5796 3809 5875 ’χάλκεος
3833 5800 3893 5852 et
