4128 6452
480 401 606 462 669

1847 402 2246 467 HISTORIB
2283 401 2437 463 LIB.
2483 401 2538 460 Ι.

3789 396 3912 456 6⁸70

487 529 558 602 δη
605 531 695 585 καὶ
754 531 881 586 τότε
943 530 1248 604 Ῥωμαίοις
1306 527 1670 607 συμϐέϐηκεν.
1732 537 1818 608 [Ρ.
1880 537 1934 608 5]
1992 534 2146 592 Ἐπεὶ

2262 535 2569 608 regionem
2599 532 2794 596 effusi,
2827 531 3094 586 omnium
3119 546 3320 586 rerum
3352 529 3668 584 afﬂuentes
3712 529 3910 599 copias

485 622 591 694 γὰρ
644 620 718 691 τῇ
744 619 904 695 χώρα
964 615 1335 694 προσέϐαλον,
1388 623 1478 677 καὶ
1532 624 1743 700 τρυφὴν
1800 621 2152 693 παντοδαπὴν

489 707 648 782 εὖρυν
709 705 1008 782 (εὐδαίμων
1037 711 1138 786 γὰρ
1185 713 1218 780 ἡ
1271 710 1450 787 χώρα,
1509 712 1598 767 καὶ
1658 713 1877 787 ὡραίων
1931 719 2153 786 καρπῶν

491 797 582 850 καὶ
608 803 807 871 χυμῶν
850 793 1020 860 ἰδὲάις
1071 796 1328 863 ἐπιεικῶς
1375 796 1770 872 περιϐρίθουσα
1804 802 1870 871 ¹⁷,
1930 796 2152 864 εὕϐοτός

487 906 548 940 τε
576 885 666 940 καὶ
717 882 1010 960 εὔμηλος),
1045 884 1162 942 δέον
1190 887 1285 946 τάξ
1317 888 1640 963 ἐπισκήψεις
1669 895 1767 945 τοῦ
1815 895 2148 965 στρατηγοῦ,

489 973 566 1036 ὦς
612 974 677 1029 τὸ
711 974 879 1045 εἰκὸς,
913 973 1215 1050 διατηρεῖν,
1249 978 1300 1032 οἱ
1357 975 1415 1032 δὲ
1470 979 1618 1054 παρά
1673 979 1878 1056 φαῦλον
1937 982 2151 1053 θέμενοι

486 1063 798 1120 καὶπολλά
855 1065 1066 1140 χαίρειν
1125 1067 1348 1121 ταύταις
1407 1068 1674 1139 εἰπόντες,
1724 1069 1810 1124 ἐπὶ
1867 1070 2145 1145 ῥᾳστώνην

492 1154 787 1211 ἀπέκλιναν
847 1155 938 1211 καὶ
995 1159 1228 1234 τρυφήν.
1290 1157 1510 1214 Τούτων
1571 1160 1624 1214 οἱ
1684 1155 1980 1234 βάρϐαροι,
2028 1165 2145 1222 τοῖς

483 1241 924 1317 ἐπικαιροτάτοις
955 1257 1046 1300 καί
1079 1244 1422 1323 ἀμφιλαφέσι
1448 1252 1558 1302 τῶν
1594 1247 1735 1320 ὀρῶν
1767 1246 2143 1323 έλλοχῶντες,

482 1334 547 1388 τὸ
578 1333 879 1389 ἀκόλαστον
911 1336 1228 1407 τεθεαμένοι
1277 1337 1366 1390 καὶ
1398 1335 1730 1413 ἀφύλακτον,
1780 1342 1888 1392 τῶν
1923 1336 2143 1410 δρυμῶν

483 1423 574 1477 καὶ
608 1428 881 1498 χηραμῶν
925 1421 1248 1488 ὑπεκδύντες
1299 1425 1388 1480 καὶ
1446 1425 1499 1490 ές
1530 1426 1779 1504 φάλαγγα
1835 1427 2145 1502 παραταξά-

486 1532 643 1584 μενοι
673 1512 764 1566 καὶ
795 1512 1242 1583 συνασπίσαντες,
1289 1515 1406 1569 κατ’
1442 1513 1618 1570 αὐτῶν
1660 1514 1927 1592 ἐχώρουν.
1962 1516 2031 1572 Οἱ
2064 1513 2144 1586 δὲ,

481 1601 678 1676 καίπερ
713 1601 1077 1680 ἀκροσφαλεῖς
1107 1606 1174 1676 τῇ
1215 1600 1348 1677 μέθῃ
1403 1603 1686 1667 τελοῦντες
1717 1604 1808 1659 καὶ
1840 1603 2145 1681 ἀκροχάλι-

480 1711 595 1756 κες,
628 1691 781 1762 ὅμως
811 1697 928 1753 τοῖς
960 1687 1259 1767 βαρϐάροις
1309 1691 1639 1764 ἀντεπῄεσαν
1699 1693 1790 1749 καὶ
1837 1693 2145 1769 ρωμαλέως

481 1779 969 1840 ἀντικαθίσταντο.
1029 1781 1186 1856 Ἀρτι
1247 1782 1305 1836 δὲ
1355 1785 1453 1837 τοῦ
1529 1787 1836 1858 στρατηγοῦ
1901 1781 2148 1838 Παστιλᾶ

482 1868 769 1943 εὐρώστως
829 1867 1333 1944 διαγωνιζομένου,
1389 1871 1478 1926 καὶ
1536 1874 1636 1942 τήν
1696 1877 1799 1927 τῶν
1853 1868 2142 1948 βαρϐάρων
2176 1903 2222 1968 Β

482 1955 873 2020 διακόπτοντος
932 1957 1206 2036 φάλαγγα,
1267 1961 1297 2014 ὅ
1343 1957 1536 2028 ἵππος,
1597 1961 1673 2023 εἰς
1724 1962 1782 2016 ’ὀν
1843 1960 2141 2037 έπῶχεῖτο,

484 2046 669 2122 βέλεσι
729 2048 820 2102 καὶ
879 2045 1155 2122 δορατίοις
1216 2049 1285 2104 τὰ
1365 2050 1551 2124 στέρνα
1606 2050 1842 2116 τυπεὶς,
1903 2049 2139 2112 ὀκλάσας

482 2132 887 2213 διαπεφωνήκει
944 2141 1056 2210 (23)
1089 2181 1104 2196 .
1173 2139 1234 2196 Ὀ
1294 2135 1352 2192 δὲ
1410 2136 1684 2201 Ιιαστιλᾶς
1745 2139 1983 2202 εὐπετῶς
2043 2145 2141 2195 τοῦ

474 2222 656 2280 ἵππου
700 2225 1003 2302 ἀναθορὼν,
1041 2226 1207 2302 μέχρι
1263 2229 1359 2301 μέν
1417 2250 1566 2291 τινος
1623 2234 1705 2301 τῷ
1737 2231 1990 2307 φασγάνῳ
2017 2229 2144 2292 τοὺς

481 2313 734 2377 ἐπιόντας
792 2314 1057 2388 ἠμύνετο,
1102 2316 1192 2371 καὶ
1238 2317 1414 2373 πολὺν
1467 2323 1576 2372 τῶν
1638 2313 1929 2394 βαρϐάρων
1981 2320 2144 2396 φόνον

483 2403 790 2480 εἷ’ργάσατο.
829 2404 974 2460 Ἐπεὶ
1031 2403 1089 2461 δὶ
1144 2404 1364 2479 ἕξαιμός
1423 2428 1482 2462 τε
1539 2410 1629 2462 καὶ
1687 2403 1996 2478 καταϐελὴς
2025 2409 2138 2484 ἐγε-

479 2493 655 2570 γόνει,
705 2492 1123 2565 λειποθυμήσας
1222 2497 1370 2570 παρὰ
1451 2496 1514 2552 τὸ
1574 2499 1909 2572 μεταίχμιον
1966 2495 2139 2554 ἔπεσε.

483 2582 697 2640 Τούτου
747 2582 1004 2645 πεσόντος
1066 2583 1141 2647 εἷς
1200 2587 1377 2664 φυγὴν
1411 2586 1464 2640 οἱ
1494 2587 1762 2658 Ῥωμαῖοι
1824 2587 2143 2658 ἀπέκλιναν,

482 2671 746 2746 καὶπρὸς
797 2676 904 2726 τῶν
971 2668 1258 2749 βαρϐάρων
1315 2671 1472 2744 δίκην
1536 2675 1908 2748 βοσκημάτων
1954 2674 2145 2731 ἐναπε-

485 2760 810 2836 σφάττοντο,
843 2762 917 2823 ὥς
951 2762 1010 2817 ix
1057 2769 1157 2832 τῆς
1204 2762 1502 2839 εἰρημένης
1563 2763 1786 2836 σπείρας
1817 2763 2144 2839 όλιγοστοὺς

483 2849 850 2905 ἀνασεσῶσθαι
884 2851 961 2912 εἰς
1018 2852 1083 2906 τὸ
1135 2850 1525 2926 στρατόπεδον.
1589 2855 1768 2909 Τοῦτο
1819 2853 1883 2908 τὸ
1914 2855 2084 2915 πάθος
2117 2854 2144 2908 ὁ

486 2939 808 3016 Νικηφόρος
842 2945 1041 3002 Φωκᾶς
1100 2941 1424 3014 αἰσθόμενος
1463 2940 1774 2997 καὶπολλὰ
1829 2949 1929 3011 τῆς
1979 2939 2142 2997 ἀϐου-

486 3023 610 3087 λίας
656 3026 744 3080 καὶ
807 3026 1076 3102 ῥᾳθυμίας
1141 3026 1268 3091 τοὺς
1316 3030 1578 3091 πεσόντας
1637 3029 2019 3104 μεμψάμενος,
2067 3027 2144 3086 ἔτι

485 3136 543 3170 τε
589 3117 652 3172 τὸ
729 3116 1104 3192 παλίντροπον
1178 3114 1603 3190 κατευλαϐηθεὶς
1682 3127 1781 3190 τῆς
1840 3121 2020 3196 τύχης
2055 3121 2145 3176 καὶ

2264 623 2635 680 invenissent
2660 625 2750 692 (ut
2779 621 3099 692 estOpima,
3121 617 3913 692 frugibusquelzetissuccis-

2265 730 2380 785 que
2409 713 2586 768 variis
2618 711 2765 766 mire
2796 710 2953 772 fmta,
2986 710 3224 782 pascuis
3282 709 3419 764 laeta
3465 715 3525 762 et
3567 706 3913 778 pecudifera

2263 803 2508 866 insula),
2543 816 2678 856 cum
2708 800 2874 854 ducis
2929 799 3276 870 praescripta
3317 797 3636 868 diligenter
3677 812 3908 850 servare

2261 892 2628 956 debuissent,
2662 891 2756 944 his
2788 890 3072 961 neglectis
3098 889 3366 955 omnino,
3407 893 3658 959 postque
3683 887 3905 952 missis,

2259 983 2489 1039 inertiae
2520 999 2583 1036 se
2615 980 2971 1036 dediderunt
3001 986 3060 1035 et
3088 979 3351 1050 ignaviae.
3375 979 3531 1042 Quos
3555 975 3909 1032 insidiantes

2261 1073 2325 1127 in
2356 1068 3328 1143 opportunissimislatebrosisque
3347 1067 3641 1122 montium
3675 1064 3910 1120 barbari

2257 1179 2392 1218 cum
2428 1159 2994 1217 animadvertissent
3033 1158 3164 1212 sine
3210 1156 3528 1228 disciplina
3565 1156 3689 1210 ulla
3716 1171 3911 1226 agere,

2259 1251 2388 1307 sine
2419 1249 2710 1316 custodia,
2745 1265 2776 1302 e
2808 1248 2969 1303 silvis
3001 1264 3063 1301 se
3095 1246 3480 1316 latibulisque
3539 1245 3914 1316 proferentes

2257 1356 2439 1395 manu
2477 1339 2633 1394 facta
2661 1337 3006 1393 catervatim
3037 1337 3099 1390 in
3129 1352 3230 1390 eos
3270 1338 3652 1390 concurrunt.
3688 1333 3909 1398 Nostri,

2257 1429 2526 1500 quamvis
2550 1427 2873 1482 titubantes
2901 1426 3185 1482 ebrietate
3208 1442 3274 1481 ac
3303 1424 3670 1493 temulentia,
3694 1423 3910 1477 nihilo-

2256 1519 2458 1574 minus
2488 1518 2720 1572 obviam
2748 1517 2848 1571 10
2880 1521 3088 1571 contra
3103 1515 3387 1570 barbaros
3409 1514 3672 1578 veniunt,
3693 1512 3910 1568 acriter

2255 1609 2562 1664 resistunt.
2596 1609 2672 1662 At
2700 1605 2934 1660 Pastilm
2966 1605 3102 1660 duci
3129 1604 3362 1660 fortiter
3408 1602 3718 1676 pugnanti,
3765 1601 3905 1655 dum

2254 1695 2644 1752 barbarorum
2664 1694 2906 1749 ordines
2927 1693 3278 1765 perrumpit,
3303 1709 3638 1763 equus,quo
3665 1689 3912 1744 veheba-

2257 1790 2371 1854 tur,
2401 1785 2630 1853 sagittis
2652 1791 2711 1839 et
2731 1784 2918 1838 hastis
2936 1784 2998 1837 in
3022 1788 3226 1853 pectus
3248 1799 3587 1854 percussus,
3623 1797 3908 1836 corruens

2255 1875 2612 1930 confoditur.
2657 1873 2885 1928 Emicat
2913 1872 3224 1926 confestim
3286 1871 3357 1925 de
3417 1887 3569 1941 equo
3614 1870 3905 1924 Pastilas:

2253 1964 2549 2018 irruentes
2560 1961 2754 2035 gladio
2768 1961 3140 2032 aliquantum
3155 1959 3403 2030 propelli
3415 1947 3676 2029 t,magna
3688 1957 3906 2012 barba-

2252 2070 2456 2108 rorum
2489 2051 2648 2107 cmde
2680 2051 2850 2106 facta.
2886 2051 2973 2105 Ad
3004 2056 3333 2104 extremum
3373 2048 3710 2120 exsanguis,
3764 2046 3900 2100 telis

2252 2143 2544 2209 conﬁxus,
2576 2140 2947 2196 exanimatus
2975 2139 3132 2194 inter
3163 2137 3379 2192 infesta
3409 2137 3576 2206 signa
3615 2135 3900 2191 concidit.

2251 2233 2376 2298 Quo
2408 2247 2693 2303 oppresso
2725 2230 2786 2284 in
2817 2229 3016 2301 fugam
3047 2245 3109 2283 se
3158 2227 3407 2283 Romani
3459 2225 3792 2290 conferunt,
3846 2231 3904 2278 et

2254 2321 2542 2393 pecudum
2573 2321 2689 2375 ritu
2721 2337 2755 2375 a
2775 2319 3044 2374 barbaris
3062 2316 3554 2372 contrucidantur
3575 2332 3587 2368 :
3612 2319 3678 2368 ut
3694 2313 3900 2368 admo-

2255 2412 2399 2467 dum
2439 2411 2611 2482 pauci
2645 2426 2715 2464 ex
2743 2408 3030 2480 praedicta
3060 2423 3242 2462 manu
3272 2405 3608 2460 incolumes
3627 2404 3688 2458 in
3710 2408 3906 2458 castra

2255 2500 2789 2574 pervenirent.Qua
2806 2498 2972 2553 clade
2995 2497 3251 2569 cognita,
3271 2495 3636 2565 Nicephorus
3658 2493 3904 2555 Phocus,

2257 2589 2464 2644 temeri
2474 2595 2651 2644 tatem
2666 2587 3076 2657 desidiamque
3089 2601 3377 2640 caesorum
3392 2584 3557 2640 valde
3571 2584 3910 2654 vituperans

2254 2679 2629 2748 fortunaeque
2685 2676 3146 2731 mutabilitatem
3212 2680 3390 2745 atque
3444 2671 3910 2727 inconstantiam

2255 2767 2500 2838 veritus,
2526 2766 2836 2821 constituit
2856 2782 2976 2819 non
2995 2764 3252 2836 amplius
3272 2763 3539 2818 cunctari
3558 2767 3911 2832 tempusque

2256 2863 2469 2922 terere,
2501 2854 2662 2910 unde
2695 2854 2974 2910 ﬁduciam
3006 2853 3240 2907 inderet
3258 2852 3547 2915 barbaris,
3571 2867 3707 2905 cum
3731 2850 3914 2904 latro-

2259 2944 2419 3000 cinia
2440 2943 2810 3012 insidiasque
2835 2941 3250 3010 faciendi,tum
3273 2941 3451 2995 etiam
3475 2939 3680 3010 praelio
3697 2937 3918 3006 signis-

2259 3051 2372 3105 que
2404 3033 2709 3088 collocatis
2731 3031 3055 3086 dimicandi
3080 3047 3094 3085 :
3118 3030 3278 3085 omni
3305 3029 3356 3083 vi
3383 3029 3666 3098 omnique
3685 3027 3915 3081 ratione

2265 3123 2598 3178 tollendum
2625 3138 2754 3177 esse
2787 3121 2898 3176 hoc
2929 3119 3176 3174 bellum.

487 3203 734 3276 ἄστατον,
768 3204 906 3282 ἔγνω
940 3205 1140 3280 μηκέτι
1174 3204 1494 3282 διαμέλλειν
1521 3210 1612 3264 καὶ
1641 3210 1733 3264 τὸν
1760 3212 1948 3286 καιρὸν
1980 3206 2375 3287 καταστρίϐειν,
2407 3211 2689 3265 κάντεῦθεν
2731 3206 2910 3263 ἅῗειαν
2967 3205 3161 3262 ένιέναι
3197 3211 3312 3267 τοῖς
3348 3199 3667 3280 βαρϐάροις,
3700 3199 3917 3278 έγέδρας

484 3295 576 3349 καὶ
611 3294 820 3372 λόχους
851 3297 1118 3363 τίθεσθαι,
1151 3297 1240 3352 καὶ
1275 3297 1351 3361 εἷς
1385 3296 1644 3375 φάλαγγα
1681 3298 1950 3371 συστάδην
1999 3299 2491 3365 ἀντικαθίστασθαιο
2523 3297 2669 3354 ἀλλά
2695 3298 2856 3353 παντὶ
2906 3294 3079 3361 σθένει
3136 3295 3226 3350 καὶ
3255 3296 3451 3356 πάσαις
3488 3298 3766 3368 μηχαναῖς
3799 3289 3918 3346 δια-

483 3385 691 3442 νύττειν
722 3386 812 3441 τὸν
845 3384 1114 3459 πόλεμον.

562 3475 624 3532 ε’.
663 3472 824 3533 Οὕτω
873 3473 1153 3531 διαλόοντι
1188 3477 1234 3514 ¹⁵
1260 3476 1442 3550 τούτῳ
1472 3478 1563 3532 καὶ
1596 3478 2008 3552 γνωματεύοντι
2039 3481 2149 3553 (24)

2331 3483 2383 3535 6.
2403 3481 2552 3535 Dum
2573 3479 2646 3534 ad
2660 3479 2770 3534 bas
2783 3495 2844 3533 se
2863 3473 3723 3547 versabatcogitationes,aliud
3736 3479 3912 3544 atque

487 3565 578 3638 (ἦν
610 3565 714 3640 γάρ
739 3565 1007 3640 ἀγχίνους
1064 3586 1123 3620 τε
1170 3569 1259 3621 καὶ
1306 3563 1657 3641 δραστήριος,
1697 3565 1946 3636 ἐννοῆσαί
1975 3589 2033 3622 τε
2089 3569 2152 3622 τὸ

488 3655 734 3726 ξυνοῖσον
767 3655 859 3710 καὶ
893 3654 967 3716 είς
1029 3654 1195 3731 πέρας
1250 3655 1474 3732 ἀγαγεῖν
1537 3659 1773 3725 πάντων,
1835 3657 1908 3711 ὥν
1971 3657 2152 3731 ἴσμεν,

487 3739 942 3815 ἐπηϐολώτατος,
990 3743 1222 3822 σώφρων
1281 3766 1341 3800 τε
1399 3745 1487 3800 καὶ
1551 3748 1626 3819 μή
1687 3745 1846 3802 εἷ’κων
1901 3745 2149 3816 ἡδοναῖς·

487 3835 582 3889 καὶ
613 3835 843 3908 προσέτι
906 3831 1077 3896 δεινὸς
1121 3834 1252 3898 τοὺς
1304 3834 1526 3910 καιροὺς
1592 3834 1680 3890 καὶ
1737 3837 1805 3890 τὰ
1859 3836 2152 3912 πράγματα

2265 3569 2427 3625 aliud
2461 3568 2814 3640 subjiciente
2844 3567 3044 3621 animo
3077 3568 3166 3635 (ut
3193 3570 3322 3618 erat
3350 3562 3712 3635 ingeniosus,
3763 3569 3912 3617 stre-

2266 3677 2442 3724 nuus,
2477 3664 2535 3713 et
2547 3657 2606 3712 in
2621 3656 2891 3713 consiliis
2907 3655 3232 3712 salutiferis
3247 3670 3383 3708 cum
3396 3651 3770 3706 inveniendis
3791 3658 3914 3705 tum

2263 3747 2663 3818 exsequendis
2686 3745 2979 3811 omnium,
3015 3761 3164 3816 quos
3185 3739 3912 3808 novimus,felicissimus;

2267 3835 2891 3903 moderatus,minime
2913 3834 3130 3890 cedens
3153 3830 3580 3904 voluptatibus;
3601 3830 3918 3886 admirabi-

1726 3989 1786 4046 C.
1820 3990 1881 4045 Β.
1915 3989 2104 4044 HASII
2135 3987 2695 4045 ANNOTATIONES.

566 4170 610 4205 ιτ
644 4168 786 4224 Vide
817 4166 993 4234 infra,
1027 4167 1116 4223 36.
1151 4167 1214 4236 Β,
1245 4166 1333 4223 Η.
1365 4169 1435 4224 Α.
1515 4167 1557 4203 η
1588 4167 1744 4224 Fort.
1779 4163 1847 4236 δὴ
1888 4166 2130 4224 ἀλύοντι.

565 4324 680 4393 (23)
713 4314 1006 4388 Διαφωνέω
1049 4319 1151 4393 alii
1198 4320 1341 4393 jam
1384 4319 1868 4389 observaverunt,
1933 4337 2004 4376 ex
2037 4339 2155 4377 usu

491 4391 882 4450 Hellenistico
915 4392 1252 4461 significare
1281 4391 1538 4447 ultimam
1584 4409 1769 4447 vocem
1799 4396 1993 4448 emitto
2033 4395 2156 4448 hoc

489 4472 586 4522 est
614 4468 905 4521 exanimor
939 4480 1122 4536 pereo.
1170 4463 1378 4518 Suidas
1437 4466 1637 4536 1.563,
1687 4465 1748 4518 C.
1810 4466 2053 4536 Mangey
2083 4464 2157 4520 ad

489 4537 648 4592 Phil.
685 4539 764 4594 De
797 4535 1005 4591 ebriet.
1043 4535 1082 4589 Ι.
1118 4537 1247 4608 375,
1287 4536 1351 4591 E.
1397 4534 1730 4608 Adhibetur
1758 4551 1828 4590 ea
1849 4534 2160 4608 signiﬁca-

492 4611 660 4664 tione
690 4609 990 4680 prmcipue
1016 4607 1277 4680 perfecto
1303 4613 1361 4660 et
1391 4607 1710 4680 plusquam
1729 4607 1989 4680 perieCto
2015 4624 2028 4661 :
2064 4625 2159 4680 ve:

490 4681 586 4753 lut
610 4675 926 4753 aphdyxig.
979 4675 1172 4753 num._
1203 4679 1310 4753 3i,
1346 4675 1433 4731 49.
1497 4675 1573 4753 Οὐ
1605 4675 2036 4753 ,διαπεφώνηκεν
2067 4678 2157 4731 ἀπ’

490 4749 671 4806 αὐτῶν
706 4749 834 4805 οὐδὲ
863 4750 964 4810 εἷς.
1011 4749 1177 4814 Quod
1209 4749 1478 4804 imitatur
1513 4750 1682 4804 Philo
1717 4749 1810 4803 De'
1846 4751 2156 4804 temulent.

495 4827 628 4888 200,
661 4825 701 4878 Β
729 4831 788 4879 et
815 4825 875 4878 C.
913 4821 1058 4876 ltem
1091 4821 1420 4876 Scholiasta
1448 4821 1523 4876 ad
1555 4821 1609 4877 S.
1642 4821 1886 4876 Joannis
1912 4821 2156 4876 Climaci

497 4896 728 4951 Scalam
763 4893 1026 4950 Paradis.
1065 4895 1150 4958 19,
1175 4894 1236 4948 C.
1261 4892 1490 4964 aliquot
1545 4892 1848 4964 simplices
1881 4893 2157 4964 homines

494 4967 933 5024 incredibiliter
979 4959 1381 5036 jejunantesf
1408 4961 1496 5016 καὶ
1537 4959 1865 5033 ἀδιακρίτως
1902 4962 1992 5036 βίᾳ
2029 4965 2152 5018 εαυ-

494 4980 933 5024 lncredlmlller
979 4980 1350 5089 sejunantes,
1408 4984 1496 5016 και
1537 4980 1865 5033 αοιακριτως
1902 4980 1992 5036 βίᾳ
2029 4980 2152 5018 εαυ-

490 5037 622 5098 τοὺς
684 5036 975 5112 ζικδόντεεΔ
1020 5037 1457 5112 ιαπεφωνήκασιν
1495 5079 1537 5112 ._
1565 5037 1974 5112 succubuerunt
1999 5077 2020 5112 _.
2088 5039 2158 5091 Et

494 5115 788 5206 Aysytus
816 5111 878 5164 in
912 5104 1292 5206 Hippiatigcis
1340 5104 1543 5206 256,.(1.
1568 5107 1641 5162 de
1697 5104 2155 5206 equ0,A1.c‘iy§uvov

493 5178 588 5238 οῦν
621 5178 724 5252 ἕξει
757 5178 1127 5253 διαφωνῆσαι.
1162 5180 1286 5233 Non
1319 5178 1728 5253 paucitamen
1759 5179 1977 5253 eruditi
2005 5180 2156 5253 lapsi

495 5264 641 5314 sunt
662 5249 730 5309 in
761 5249 876 5308 hoc
908 5251 1081 5306 verbo
1113 5249 1583 5320 interpretando.
1624 5250 1796 5321 Yelut
1825 5249 2153 5321 apudPlii-

493 5329 622 5411 lon.
658 5333 732 5381 De
763 5323 989 5411 nomin.
1014 5327 1234 5411 1‘mut'at.
1272 5318 1520 5408 322,,
1567 5318 1843 5411 Πόλεμος,
1864 5318 1944 5374 ’ἐν
1977 5320 2155 5410 ᾦτῶν

494 5394 979 5473 διαγωνισαυένων
1010 5389 1349 5473 διεφώνησεχ
1375 5389 1553 5452 οὐδεὶς
1603 5388 1730 5445 ἀλλ’
1789 5388 2032 5463 ἄτρωτος
2063 5393 2153 5446 καὶ

495 5464 640 5542 σῷος
671 5464 1197 5542 ἐπανῆλθεχγθςροι·
1221 5470 1286 5542 ut
1313 5466 1521 5520 Petrus
1556 5464 2155 5542 Morellusprecteje-

495 5535 659 5611 te'rit,
692 5545 753 5596 in
799 5535 908 5610 quo
937 5537 1328 5611 dimicantium
1351 5553 1506 5611 nemo
1535 5536 1738 5591 discors
1767 5535 1904 5611 fuit.
1939 5538 2008 5611 E_t
2029 5536 2159 5611 haec

498 5603 738 5688 Apsvrti
769 5603 841 5688 in
883 5609 1168 5688 Hippiatr.
1229 5609 1466 5688 260,_B._
1518 5603 1786 5688 Διαφωνεῖ
1843 5603 1915 5688 δὲ
1958 5603 2159 5682 ῥᾳδίως

498 5679 771 5745 Ruellius
829 5684 890 5738 in
949 5679 1233 5735 Medicina
1290 5680 1630 5734 veterinar.
1695 5680 1818 5734 101.
1879 5679 1967 5734 B.
2019 5696 2161 5748 qua-

489 5766 728 5834 propter
754 5756 920 5825 facile
937 5751 1234 5822 despondet
1283 5755 1547 5807 ani-mum.
1580 5752 1771 5822 Atque
1805 5757 2162 5806 tantumnon

2267 4321 2520 4376 ridicule
2550 4318 3042 4375 Montefalconius
3071 4317 3228 4389 apud
3257 4317 3467 4373 Euseb.
3493 4319 3824 4389 Comment.
3858 4317 3921 4372 in

2265 4393 2420 4450 Psal.
2455 4394 2500 4447 Ι.
2532 4395 2656 4446 259.
2691 4393 2733 4445 Ε
2765 4391 2836 4445 de
2869 4387 3148 4462 secundis
3179 4390 3499 4462 mulierum
3527 4407 3539 4443 :
3591 4387 3770 4461 ὥσπερ
3801 4407 3918 4462 χω-

2267 4465 2408 4536 ρίον,
2471 4465 2863 4536 ςιτροχιιιρῆσαν⁸
2907 4460 3013 4514 ἀπὸ
3063 4459 3339 4534 γυναικὸς,
3372 4457 3650 4536 -οὐδεμιᾶς
3701 4457 3918 4536 μετέχει

2269 4523 2436 4608 ζωῆς,
2467 4523 2810 4608 διαλῖἶθὲν-δὶ
2839 4523 3116 4608 διαφωνεῖ·
3152 4523 3611 4608 quemadmodum
3650 4523 3921 4608 pellicit-la

2265 4625 2293 4662 e
2321 4607 2551 4662 muliere
2577 4606 2843 4677 prodiens
2868 4603 2992 4659 vita:
3049 4619 3266 4658 consors
3309 4604 3628 4677 nullatenus
3685 4611 3784 4669 est,
3828 4603 3922 4659 sed

2265 4677 2534 4734 dissoluta
2564 4676 2828 4733 dissonat.
2893 4677 3110 4730 Verte:
3169 4676 3628 4745 quemadmodum
3684 4677 3922 4731 secunda

2265 4751 2602 4817 membrana,
2639 4767 2666 4804 e
2715 4749 2944 4802 muliere
2983 4749 3363 4817 progrediens,
3408 4749 3617 4802 nullius
3667 4754 3746 4802 est
3793 4750 3921 4801 vita:

2260 4824 2546 4893 particeps
2598 4820 2985 4893 sed‘dissolu‘ta
3004 4821 3176 4893 perit.
3212 4820 3434 4893 Praeter
3454 4820 3606 4893 hanc
3624 4820 3924 4892 signiﬁca-

2188 4867 2234 4933 Ῑ)
2260 4867 2674 4964 J{ionemrverbi
2695 4886 2981 4964 διαφωνέω
3004 4867 3483 4964 ἶεῌιῖυειεᾳιιθῄη
3499 4867 3710 4962 vulgus,
3727 4899 3920 4964 notas,

2265 4981 2406 5050 una.
2453 4962 2991 5050 admodum‘npar'a,
3027 4962 3197 5050 edico
3241 4965 3571 5050 Pronun'tio.
3635 4962 3924 5050 Epsebius

2265 5038 2484 5109 Contra
2504 5033 2772 5109 Marcell.
2803 5035 2893 5100 32,
2929 5034 2992 5087 D.
3019 5031 3114 5109 _’Ev
3173 5030 3304 5109 θείῳ
3353 5033 3622 5109 πνεύματι
3671 5030 3924 5109 διεφώνει

2268 5105 2466 5179 λέγων.
2502 5107 2680 5162 Recte
2707 5104 3128 5179 AMontacutius,
3159 5106 3365 5179 spiritu
3405 5104 3500 5179 Dei
3529 5104 3922 5179 afflatus'pro-

2267 5174 2427 5248 fatur
2453 5197 2471 5234 :
2503 5185 2594 5233 est
2623 5177 2905 5252 enimbic
2937 5175 3093 5230 idem
3118 5175 3278 5252 quod
3317 5174 3589 5252 ἐξεφώνει.
3631 5175 3921 5252 Διαπεφώ-

2268 5271 2429 5320 νηκα,
2462 5254 2689 5320 morior,
2723 5248 2878 5302 infra
2908 5264 3166 5320 quoque,
3203 5248 3291 5309 33,
3324 5250 3370 5301 A
3405 5248 3463 5303 et
3493 5251 3583 5314 41,
3616 5250 3681 5320 Α.

2340 5315 2451 5394 (24)
2484 5319 2722 5394 Διαλύω,
2750 5315 2944 5374 animo
2960 5315 3240 5388 perlustro
3270 5320 3355 5386 (ut
3394 5320 3476 5394 ait
3525 5320 3594 5372 M.
3647 5315 3916 5382 Tullius),

2271 5392 2470 5463 cogito,
2495 5393 2586 5447 vix
2608 5409 2756 5463 opus
2779 5396 2868 5446 est
2892 5392 3591 5463 moneammomporsitum’
3610 5404 3771 5463 esse_,_
3795 5405 3920 5441 non

2271 5459 2407 5520 cu'm
2439 5465 2614 5519 verbo
2644 5459 2782 5531 λύω,
2818 5462 2920 5517 sed
2934 5478 3069 5516 cum
3093 5459 3268 5514 ἀλύω.
3298 5459 3418 5516 Nisi
3444 5459 3918 5526 mavisscribere,

2273 5534 2432 5592 Οὕτω
2465 5533 2532 5602 δή
2565 5533 2810 5590 ἀλύοντι·
2844 5533 3002 5604 quod
3051 5533 3304 5604 suadent
3345 5538 3404 5586 et
3451 5532 3686 5604 phrasis
3731 5533 3821 5604 6i,
3851 5533 3914 5584 C.

2273 5600 2530 5662 Ἀλύοντι
2559 5604 2617 5660 δὲ
2645 5605 2824 5676 τούτῳ
2861 5600 2969 5657 “καῖ
3021 5600 3470 5677 γνωματεύοντιξ
3505 5610 3592 5677 et_
3617 5600 3916 5677 Agatliias,

2271 5679 2429 5735 unde
2460 5679 2662 5735 omnia
2696 5668 2822 5732 haec
2855 5668 3269 5735 manaverant.
3302 5677 3391 5735 20.
3418 5676 3481 5729 D.
3509 5668 3764 5727 Ἀλυοῖντι
3787 5668 3844 5725 δέ
3866 5671 3919 5724 ot

2269 5751 2360 5806 καὶ
2400 5748 2824 5825 γνωματεύοντι.
2859 5748 3153 5802 Praaterea
3183 5743 3334 5800 ἁλῦω
3365 5748 3455 5815 34,
3491 5749 3536 5802 Α
3570 5752 3630 5801 et
3658 5748 3747 5817 74,
3781 5746 3844 5800 Β.
