4128 6426
289 415 412 476 675

1662 400 1956 464 LEONIS
2001 395 2330 460 DIACONI

3593 409 3716 470 676

292 547 622 612 attendere,
650 541 930 612 omnique
969 538 1280 610 diligentia
1337 555 1405 593 ac
1460 539 1514 592 vi
1573 536 1855 608 indagare
1886 539 1947 590 et

2062 528 2333 605 ἐπίχειρα.
2369 535 2460 584 Δεῖ
2489 529 2582 584 οῦν
2610 529 2675 585 τὸ
2704 534 2811 585 τῶν
2861 529 3089 606 ἑταίρων
3143 536 3346 606 πτῶμα
3375 533 3720 609 εὐλαϐηθέν-

295 636 647 707 investigare
679 631 812 686 istic
842 629 1146 684 latitantes
1176 627 1409 682 belluas
1445 627 1750 692 barbaras,
1781 630 1848 680 ut
1875 641 1946 678 ex

294 724 560 782 cavernis
591 719 952 788 latebrisque
990 723 1320 789 protractas
1381 716 1455 772 ad
1504 717 1815 771 interitum
1847 730 1947 768 eas

290 815 648 885 redigamus.
685 812 1014 874 Postremo,
1049 824 1125 861 ne
1154 808 1216 861 in
1249 807 1502 880 segnitie
1535 812 1594 861 et
1622 803 1948 860 vinolentia

291 910 552 958 teramus
587 905 841 968 tempus,
867 896 970 950 sed
1004 896 1253 950 Romani
1307 896 1512 961 simus,
1548 899 1608 949 et
1636 894 1850 949 fortem
1881 908 1949 947 ac

291 991 553 1046 nobilem
585 987 853 1042 animum
883 985 1088 1055 stirpis
1137 989 1356 1039 nostra)
1414 984 1476 1037 in
1509 981 1944 1038 certaminibus

291 1077 704 1135 ostendamus.
742 1096 769 1124 »

364 1351 419 1404 '7.
453 1349 571 1402 Hac
603 1343 806 1400 habita
846 1343 1114 1398 oratione
1146 1357 1180 1396 a
1209 1341 1378 1405 duce,
1409 1338 1703 1394 exercitus
1755 1340 1952 1391 erecto

295 1438 498 1493 animo
521 1437 797 1507 plausum
831 1433 1014 1499 dedit,
1046 1430 1375 1504 gladiisque
1409 1446 1438 1484 e
1479 1428 1686 1500 vagina
1726 1425 1955 1482 eductis

296 1525 371 1579 ad
405 1520 779 1593 sequendum
802 1537 919 1590 quo
979 1519 1158 1572 vellet
1215 1519 1625 1588 imperataque
1683 1512 1958 1570 facienda

299 1611 782 1684 promptissimus
805 1613 896 1663 est
913 1608 1122 1663 factus.
1147 1607 1402 1662 Tametsi
1425 1605 1524 1659 ille
1546 1610 1688 1658 tunc
1713 1602 1955 1674 quidem

303 1702 556 1768 monuit,
584 1700 952 1754 sustinerent
973 1713 1034 1752 se
1057 1697 1346 1767 tantisper
1367 1701 1543 1765 atque
1558 1693 1954 1764 quiescerent,

302 1792 495 1847 donec
518 1790 646 1860 ipse
679 1793 943 1859 tempore
986 1785 1460 1857 idoneojuberet
1495 1784 1568 1839 ad
1591 1799 1717 1838 rem
1749 1798 1957 1854 geren-

2049 640 2146 682 τας
2201 623 2391 697 νήφειν
2467 640 2527 675 τε
2588 619 2680 675 καὶ
2738 619 3030 696 προσέχειν
3068 664 3083 689 ,
3161 621 3253 676 καί
3336 621 3446 699 ὁλῇ
3503 626 3717 704 σπουδῇ

2048 710 2140 764 καὶ
2200 708 2362 786 ῥώμῃ
2434 709 2778 784 ἐξερευνῆσαι
2861 709 2951 764 καὶ
3027 709 3343 786 ἀνιχνεῦσαι
3429 715 3496 770 τὰ
3551 715 3718 775 ἐλλο-

2055 803 2240 874 χῶντα
2279 797 2413 871 τῇδε
2467 795 2713 876 βάρϐαρα
2762 802 2950 874 θηρία,
3005 800 3097 855 καὶ
3154 806 3263 856 τῶν
3323 811 3594 880 χηραμῶν
3626 810 3716 864 καὶ

2054 888 2284 967 φωλεῶν
2344 889 2689 964 ἐξερύσαντας
2744 887 2994 962 ἀπωλείᾳ
3045 893 3513 967 παραπέμψασθαι
3548 941 3562 954 .
3623 901 3714 970 Μὴ

2053 977 2146 1033 οὗν
2203 978 2400 1050 νωθείᾳ
2451 979 2544 1033 καὶ
2605 979 2742 1054 μεθῇ
2819 979 3194 1054 προϊστάμεθα
3226 983 3271 1019 ³⁷
3330 985 3424 1039 τὸν
3478 987 3666 1062 καιρὸν
3699 1032 3716 1063 ,

2053 1069 2199 1126 ἀλλά
2245 1071 2514 1144 Ῥωμαῖοι
2570 1069 2856 1132 τελοῦντες
2905 1071 2967 1125 τὸ
3017 1072 3259 1127 νεανικὸν
3323 1076 3415 1130 καὶ
3468 1084 3715 1153 γενναῖον

2053 1165 2155 1227 τῆς
2185 1160 2350 1232 ἡμῶν
2407 1157 2676 1234 εὐγενείας
2731 1158 3067 1232 παράστημα
3101 1160 3154 1214 ἐν
3182 1165 3302 1225 τοῖς
3358 1162 3563 1240 ἀγῶσιν
3597 1165 3720 1222 ἑπι-

2057 1244 2367 1320 δειξόμεθα.
2397 1270 2426 1300 ››

2131 1339 2191 1406 ζ’.
2254 1338 2416 1393 Εἶπεν
2476 1338 2504 1392 ὁ
2560 1339 2886 1414 στρατηγὸς,
2954 1337 3046 1394 καὶ
3095 1336 3234 1409 δῆτα
3283 1343 3346 1398 τὸ
3402 1346 3714 1419 στράτευμα

2057 1425 2383 1502 ἀνεθάρρησὲ
2409 1427 2459 1463 ³⁸
2493 1447 2553 1481 τε
2608 1426 2696 1481 καὶ
2758 1426 3110 1503 ὲπεκρότησε,
3163 1431 3252 1485 καὶ
3311 1435 3420 1486 τῶν
3472 1432 3715 1489 κουλεῶν

2056 1515 2124 1572 τά
2151 1517 2278 1590 ξίφη
2311 1515 2672 1588 σπασάμενον,
2698 1516 2947 1592 αὐθόρμη
2997 1539 3092 1573 τον
3145 1520 3216 1588 ἦν
3262 1518 3484 1578 ἔπεσθαι
3512 1525 3718 1597 τούτῳ,

2058 1606 2147 1660 καὶ
2194 1606 2534 1680 πειθαρχεῖν,
2595 1606 2720 1659 ὅποι
2775 1605 2866 1660 καὶ
2929 1606 3210 1682 βούλοιτο.
3270 1611 3334 1668 Ὀ
3377 1608 3434 1667 δὶ
3466 1611 3716 1686 ἀτρεμεῖν

2057 1693 2193 1756 τέως
2224 1694 2314 1749 καὶ
2347 1696 2574 1766 ἠρεμεῖν
2627 1693 2948 1765 διεκέλευεν,
2980 1693 3084 1758 ἕως
3145 1695 3205 1752 ἂν
3253 1700 3415 1762 αὐτὸς
3447 1701 3722 1776 ἐπισκήψῃ

2062 1782 2222 1859 ἔργου
2252 1780 2493 1858 ἔχεσθαι,
2527 1784 2764 1854 ὁπηνίκα
2796 1786 2884 1839 καί
2937 1785 3039 1842 δεῖ.
3091 1790 3252 1862 ’Ἄρτι
3284 1786 3342 1844 δὶ
3371 1795 3481 1844 τῶν
3514 1796 3723 1846 νυκτῶν

308 1881 444 1936 dam
472 1879 774 1933 accedere.
803 1881 1159 1948 Intempesta
1179 1881 1378 1931 autem
1400 1879 1574 1930 nocte
1601 1891 1737 1928 cum
1766 1872 1953 1927 fortis-

2063 1871 2201 1947 ἀωρὶ
2229 1872 2293 1926 τὸ
2343 1873 2587 1926 νεανικὸν
2643 1873 2732 1926 καὶ
2795 1873 3027 1946 ἀκμαῖον
3091 1873 3370 1951 διακριδὸν
3427 1883 3528 1934 τοῦ
3559 1901 3720 1955 στρα-

305 1971 456 2024 simo
486 1975 664 2039 atque
695 1967 1141 2038 expeditissimo
1164 1981 1424 2036 quoque,
1457 1964 1677 2019 selecto
1705 1980 1734 2019 e
1755 1962 1964 2017 cohor'

299 2060 482 2123 tibus,
516 2058 727 2113 castris
759 2056 1058 2128 egreditur
1079 2053 1340 2117 silentio,
1361 2070 1436 2108 ne
1450 2052 1708 2118 barbari,
1737 2051 1959 2107 disces-

300 2167 373 2204 su
406 2149 534 2220 ejus
565 2146 822 2219 cognito,
847 2144 1075 2216 aliquid
1105 2143 1465 2198 calamitatis
1494 2141 1701 2196 relicto
1733 2139 1960 2195 exerci-

298 2239 382 2293 tui
413 2236 794 2292 molirentur.
828 2235 961 2305 Ipse
994 2249 1024 2287 e
1053 2232 1264 2288 castris
1294 2231 1614 2303 profectus,
1656 2245 1792 2284 cum
1822 2245 1960 2301 par-

297 2337 421 2386 tem
453 2326 719 2400 regionis
777 2324 1194 2397 percurrisset,
1227 2339 1298 2378 ex
1345 2321 1591 2393 captivis
1645 2319 1958 2391 comperit,

298 2419 512 2474 inloco
535 2415 795 2486 quodam
819 2413 975 2469 edito
994 2413 1323 2468 exercitum
1350 2411 1741 2466 barbarorum
1761 2409 1959 2482 colligi

297 2509 373 2564 ad
389 2504 785 2578 quadraginta
804 2502 1018 2569 millia,
1041 2507 1108 2557 ut
1129 2501 1201 2558 de
1218 2501 1541 2573 improviso
1558 2500 1711 2555 facto
1734 2499 1961 2571 impetu

303 2601 604 2653 Romanos
643 2593 998 2657 adoriretur,
1031 2591 1244 2661 hisque
1275 2607 1344 2645 ex
1396 2588 1594 2644 insula
1621 2590 1725 2644 14
1755 2585 1961 2660 ejectis

301 2703 441 2741 suos
473 2683 783 2740 obsidione
814 2681 1014 2754 oppidi
1044 2681 1343 2736 liberaret.
1379 2679 1452 2735 lis
1477 2678 1654 2734 rebus
1685 2677 1958 2750 cognitis,

299 2777 417 2831 dux
447 2775 660 2830 lectam
690 2788 957 2837 manum,
989 2787 1167 2842 quam
1200 2785 1401 2826 secum
1433 2768 1708 2834 habebat,
1741 2772 1864 2824 toto
1891 2784 1960 2823 eo

297 2864 390 2919 die
424 2863 607 2935 quieti
654 2877 716 2917 se
766 2861 907 2916 dare
930 2860 1159 2932 jussit:
1217 2859 1293 2914 ad
1345 2858 1596 2914 multam
1651 2872 1959 2930 vesperam

291 2954 613 3025 profectus,
666 2957 994 3021 nactusque
1052 2948 1362 3022 indigenas
1418 2948 1705 3004 itinerum
1750 2947 1954 3032 duces,

286 3061 421 3099 cum
445 3042 518 3098 ad
549 3043 676 3096 haac
707 3040 905 3096 sidera
932 3039 1172 3095 claritas
1202 3055 1237 3094 ει
1265 3039 1443 3110 plena
1485 3037 1630 3093 luna
1677 3037 1958 3093 subluce-

285 3139 395 3198 ret,
431 3132 609 3186 citato
641 3130 854 3184 itinere
896 3127 1224 3193 contendit,
1248 3127 1520 3198 nihilque
1553 3127 1625 3182 de
1652 3125 1956 3184 celeritate

285 3220 540 3290 remisit,
572 3219 760 3274 donec
789 3217 972 3273 armis
1022 3216 1309 3272 cinxisset
1352 3215 1673 3285 tumulum,
1722 3215 1786 3270 in
1834 3232 1951 3287 quo

285 3277 538 3364 barbari,
554 3307 673 3363 alto
701 3323 912 3363 somno
942 3305 1318 3362 tenebantur.
1361 3305 1507 3360 Tum
1537 3277 1698 3359 tubis
1725 3277 1948 3373 inflari,
1981 3277 2024 3344 Ο

287 3398 586 3470 tympanis
615 3396 840 3468 pulsari
891 3396 1104 3468 jussis,
1133 3398 1402 3450 montem
1433 3392 1678 3449 invadit.
1734 3392 1952 3448 Audito

285 3503 587 3544 armorum
610 3486 882 3557 strepitu,
908 3484 1168 3551 barbari,
1183 3483 1349 3551 nudi,
1369 3481 1666 3555 imparati,
1691 3481 1956 3554 inspera-

282 3583 341 3632 to
374 3579 617 3632 incursu
647 3574 934 3642 exterriti,
975 3574 1127 3646 fugae
1163 3589 1225 3628 se
1258 3571 1699 3628 commendant.
1735 3572 1952 3627 Verum

283 3683 403 3721 non
436 3669 563 3721 erat
592 3662 876 3719 evadendi
907 3662 1179 3728 facultas,
1210 3666 1523 3732 propterea
1541 3659 1699 3730 quod
1731 3660 1952 3714 montis

281 3753 514 3810 radices
547 3769 580 3807 a
602 3754 869 3807 Romana
907 3750 1031 3805 acie
1063 3749 1438 3804 tenebantur.
1471 3751 1558 3803 Ita
1584 3765 1760 3819 parvo
1792 3754 1950 3803 tem-

285 3843 449 3914 poris
479 3844 783 3896 momento
814 3838 1204 3893 barbarorum
1235 3835 1552 3892 multitudo
1593 3837 1666 3892 ad
1698 3837 1954 3907 quadra-

287 3930 452 4003 ginta
481 3927 674 3983 millia
702 3926 969 3981 funditus
1001 3925 1196 3981 deleta
1229 3931 1338 3993 est,
1371 3925 1624 3995 telisque
1657 3927 1952 3981 Romano-

287 4034 421 4072 rum
454 4015 881 4072 contrucidata.
917 4015 1041 4080 Quo
1095 4030 1242 4069 novo
1273 4019 1496 4086 tropaeo
1545 4013 1799 4068 alterum
1830 4019 1954 4069 tro-

287 4121 485 4178 penum
515 4104 634 4160 dux
671 4103 997 4159 adornavit.
1026 4101 1388 4158 Multitudini
1419 4118 1710 4157 caesorum
1759 4102 1954 4174 capita

285 4193 528 4266 praecidi
553 4193 757 4263 jussit,
782 4192 1089 4263 saccisque
1112 4191 1353 4247 condita
1375 4191 1438 4246 in
1471 4195 1664 4247 castra
1685 4190 1954 4263 deporta-

283 4284 356 4349 ri,
373 4283 681 4338 afﬁrmans
701 4281 1046 4353 unicuique,
1069 4280 1374 4352 caputsibi
1404 4281 1698 4346 all'erenti,
1723 4297 1949 4336 merce-

285 4373 376 4427 dis
407 4373 536 4428 loco
565 4389 626 4427 se
655 4376 1108 4427 numeraturum
1140 4387 1454 4426 nummum
1485 4375 1852 4441 argenteum.
1888 4369 1950 4424 Id

287 4461 547 4516 edictum
617 4477 753 4516 cum
804 4459 1070 4530 reliquus
1123 4460 1417 4514 exercitus
1450 4499 1464 4522 ,
1514 4463 1640 4513 tum
1693 4457 1950 4513 maxime

292 4549 565 4604 cohortes
577 4549 873 4604 Armeniaa
897 4549 1160 4604 studiose
1177 4553 1553 4620 receperunt,
1566 4547 1950 4617 hostiumque

2064 1965 2161 2015 τοῦ
2218 1962 2774 2038 προσεταιρισάμενος
2808 2007 2822 2032 ,
2907 1963 3095 2040 ἡσύχη
3175 1966 3396 2041 ὑπεξῄει
3459 1974 3558 2024 τοῦ
3617 1973 3727 2046 χά.

2067 2069 2262 2126 ρακος,
2322 2052 2394 2107 ὡς
2455 2051 2530 2122 μή
2593 2049 2878 2114 αἴσθοιντο
2935 2053 3034 2121 τήν
3096 2054 3292 2110 τούτον
3338 2057 3390 2112 οἱ
3454 2054 3722 2134 βάρϐαροι

2067 2137 2298 2214 ἄπαρσιν
2334 2182 2348 2209 ,
2406 2139 2498 2194 καὶ
2552 2137 2726 2195 δεινόν
2767 2161 2821 2196 τι
2887 2145 2958 2216 τῇ
3017 2143 3435 2222 καταλειφθείη
3499 2167 3723 2222 στρατιᾳ

2066 2229 2520 2300 σκαιωρήσοιντο.
2565 2226 2836 2302 Ἐεελθὼν
2893 2227 2952 2285 δὶ
3000 2235 3098 2286 τοῦ
3126 2236 3394 2308 χάρακος,
3425 2234 3516 2290 καὶ
3550 2237 3719 2311 μέρος

2063 2324 2162 2386 τῆς
2205 2321 2394 2393 χῶρας
2436 2315 2819 2393 καταδραμὼν,
2852 2317 2941 2374 ἐπὶ
2997 2320 3136 2396 πρὸς
3159 2325 3270 2376 τῶν
3319 2321 3714 2400 ἑζωγρημὲνων

2065 2407 2349 2479 ἀνὲμαθεν,
2380 2405 2469 2461 ἐπί
2497 2426 2548 2461 τι
2596 2405 2885 2485 γεώλοφον
2945 2409 3194 2484 στρατιὰν
3248 2406 3538 2487 βαρϐάρων
3585 2413 3717 2469 ὡσεὶ

2069 2490 2346 2568 μυριάδων
2403 2495 2673 2569 τεττάρων
2733 2493 3118 2568 ἀθροίζεσθαι,
3172 2497 3248 2559 ὡς
3305 2496 3366 2552 ἂν
3419 2497 3470 2570 ἐξ
3517 2497 3719 2576 ἱφόδου

2065 2582 2396 2658 άπροόπτως
2449 2587 2569 2645 τοῖς
2652 2582 2952 2656 Ῥωμαίοις
3011 2582 3268 2658 ἐπέλθῃς
3351 2586 3443 2641 καὶ
3507 2593 3608 2657 τῆς
3661 2609 3723 2644 τε

2061 2673 2233 2742 νήσου
2260 2671 2490 2734 τούτους
2545 2670 2815 2746 ἀπελάσῃ,
2874 2671 2965 2728 καὶ
3008 2671 3138 2738 τοὺς
3185 2673 3476 2752 σφετᾶρους
3501 2683 3602 2747 τῆς
3623 2681 3723 2732 τοῦ

2063 2763 2255 2824 ἄστεος
2309 2761 2598 2836 ἀπαλλάξῃ
2657 2761 3004 2837 καθείρξεως.
3063 2763 3363 2821 Τούτωνη
3405 2765 3664 2838 ἀκηκοὼς
3693 2767 3722 2823 ὁ

2063 2853 2368 2928 στρατηγὸς
2425 2851 2516 2908 καὶ
2564 2854 2656 2908 τὸν
2707 2853 3046 2932 ὲφεπόμενον
3098 2859 3208 2912 τῶν
3254 2854 3503 2934 λογάδῶν
3562 2878 3728 2934 στρα-

2061 2944 2155 2998 τὸν
2208 2943 2551 3018 πανημέριον
2649 2939 3016 3007 διαναπαύσας
3049 2989 3064 3015 ,
3135 2945 3272 3018 πρὸς
3333 2946 3561 3023 ὲσπίραν
3623 2948 3726 3023 βα-

2065 3039 2210 3099 θεῖαν
2265 3033 2476 3108 ἀπάρας
2540 3033 2633 3089 καὶ
2693 3034 2968 3110 ἡγεμόνας
3042 3036 3152 3092 τῶν
3208 3037 3395 3092 τόπων
3452 3038 3722 3114 ἰθαγενεῖς

2064 3121 2261 3198 ἄνδρας
2311 3120 2624 3200 ἀνειληφὼς
2661 3167 2676 3192 ,
2759 3121 2876 3178 ἐπεὶ
2932 3125 3022 3178 καὶ
3102 3125 3166 3181 τὸ
3252 3123 3542 3196 σεληναῖον
3603 3131 3720 3206 φῶς

2068 3209 2359 3286 ὑπέλαμπε
2393 3255 2407 3282 ,
2465 3211 2912 3287 πεπληρωμένης
2965 3220 3069 3285 τῆς
3128 3216 3295 3288 μένης
3356 3212 3548 3289 οὔσης,
3595 3237 3720 3274 συν-

2061 3300 2250 3356 τείνων
2313 3297 2538 3356 ἔσπευδε
2570 3345 2585 3371 ,
2640 3298 2809 3374 μηδὲν
2866 3301 3073 3378 τάχους
3121 3303 3316 3359 άνίεισι
3345 3305 3395 3345 ⁸ο
3429 3324 3442 3339 ³
3497 3305 3588 3362 καὶ
3646 3304 3713 3378 δὴ

2060 3388 2326 3454 κυλκόθεν
2356 3389 2451 3446 τὸν
2479 3389 2765 3467 γεώλοφον
2820 3392 3279 3468 περιεστοίχισεν,
3338 3391 3430 3451 ἳνα
3462 3394 3627 3471 βαθὺν
3660 3397 3716 3452 οἱ

2061 3472 2327 3555 βάρϐαροι
2369 3476 2533 3532 ὕπνον
2595 3475 2903 3538 ἐκάθευδον.
2964 3478 3202 3536 Κάπειτα
3256 3480 3352 3544 τὰς
3404 3480 3714 3559 σάλπιγγας

2062 3565 2346 3642 ἐπηχῆσαι
2377 3566 2468 3621 καὶ
2523 3566 2589 3621 τὰ
2635 3566 2893 3641 τύμπανα
2947 3577 3258 3645 παταγῆσαι
3288 3571 3332 3608 ³¹
3395 3569 3714 3646 ἐγκελευσά-

2065 3675 2254 3729 μενος,
2277 3657 2366 3728 [Ρ.
2384 3658 2438 3730 8]
2454 3653 2544 3710 διὸ.
2556 3660 2654 3711 τοῦ
2674 3656 2968 3732 γεωλόφου
2989 3657 3213 3735 ἐχώρει.
3239 3660 3307 3717 Οἱ
3338 3657 3396 3715 δὶ
3422 3656 3712 3736 βάρϐαροι,

2054 3745 2146 3799 τὸν
2178 3745 2352 3822 ψόφον
2387 3749 2495 3799 τῶν
2553 3743 2740 3800 ὅπλων
2799 3745 3139 3820 αἰσθόμενοι,
3188 3747 3344 3822 ψιλοὶ
3389 3749 3480 3804 καὶ
3512 3750 3720 3824 ἀπαρά-

2058 3852 2238 3887 σκευοι
2271 3828 2444 3901 ὄντες,
2484 3833 2574 3887 καὶ
2604 3837 2682 3904 τῷ
2710 3833 3009 3908 ἀπροόπτῳ
3057 3842 3158 3906 τῆς
3205 3833 3402 3914 ἐφόδου
3434 3837 3719 3895 καταπλα-

2056 3921 2259 3996 γέντες,
2284 3921 2361 3983 είς
2393 3919 2681 4000 φυγαδείαν
2737 3919 3058 3982 ἀπέκλιναν.
3119 3923 3281 3983 ’Δλλ⁹
3314 3925 3413 3982 οὐκ
3439 3927 3506 3997 ἧν
3539 3926 3714 3984 ἀπαλ-

2059 4012 2238 4082 λάξαι,
2267 4017 2368 4080 τῆς
2394 4011 2663 4085 ὑπωρείας
2685 4013 2900 4083 ἀπάσης
2921 4015 3304 4089 κατεχομένης
3328 4019 3397 4090 τῇ
3429 4017 3714 4091 Ῥωμαϊκῇ

2056 4099 2317 4180 φάλαγγι.
2351 4099 2612 4155 ’Ἂκονιτὶ
2645 4099 2739 4156 οὖν
2789 4101 2842 4156 ἐν
2875 4107 3044 4178 μικρᾷ
3093 4105 3299 4178 χρόνου
3336 4104 3481 4182 ῥοπῇ
3511 4108 3575 4162 τὸ
3602 4111 3712 4162 τῶν

2054 4190 2323 4265 τεττάρων
2363 4186 2640 4264 μυριάδων
2661 4193 2770 4245 τῶν
2803 4185 3092 4266 βαρϐάρων
3124 4187 3336 4264 ἡϐηδὸν
3369 4195 3419 4232 ³²
3447 4197 3712 4270 παραπώ-

2056 4279 2184 4335 λετο
2242 4277 2460 4349 πλῆτος
2488 4323 2504 4350 ,
2557 4275 2711 4356 ἔργον
2798 4281 3022 4357 γεγονὸς
3094 4281 3310 4359 αΐχμῆς
3363 4286 3706 4361 Ῥωμαϊκῆς.

2055 4364 2233 4422 ’Λλλά
2261 4371 2341 4438 τῷ
2366 4366 2604 4440 τοιούτῳ
2633 4372 2806 4440 καινῷ
2833 4369 3084 4442 τροπαίῳ
3131 4367 3315 4448 ἕτερον
3374 4374 3712 4450 ὁστρατηγὸς

2057 4454 2280 4531 ἐξήρτυε
2329 4454 2592 4529 τροπαίον
2624 4499 2638 4513 .
2682 4461 2787 4512 Τοῦ
2834 4459 2936 4534 γάρ
2990 4459 3252 4523 πεσόντος
3318 4459 3567 4531 πλήθους
3613 4463 3712 4524 τὰς

2054 4545 2224 4615 κάρας
2281 4542 2526 4618 ἰκτεμεῖν
2577 4543 2896 4622 διωρίσατο,
2953 4547 3046 4602 καὶ
3102 4549 3298 4612 ταύτας
3325 4554 3445 4612 ταῖς
3501 4552 3711 4624 πήραις

289 4643 594 4707 amputata
615 4639 809 4708 capita
834 4638 896 4692 in
923 4654 1126 4693 saccos
1145 4636 1508 4692 indiderunt.
1541 4637 1666 4691 Dux
1685 4635 1758 4691 de
1778 4639 1952 4691 nocte

2062 4632 2298 4698 ίνθέντας
2358 4636 2717 4709 μετακομίσαι
2772 4636 2910 4713 πρὸς
2960 4636 3024 4693 τὸ
3083 4635 3469 4714 στρατόπεδονο
3517 4640 3714 4714 μισθὸν

292 4725 356 4778 in
388 4729 582 4779 castra
609 4724 806 4779 rediit.

2056 4721 2114 4779 δὶ
2168 4727 2249 4796 τῷ
2301 4723 2467 4801 κάραν
2543 4724 2830 4798 κομίζοντι
2908 4723 3155 4782 δίδοσθαι
3235 4724 3610 4786 διεϐεϐαιοῦτο
3662 4729 3710 4766 ⁸³

285 4809 565 4887 ἀργύριον.
625 4815 798 4867 Τοῦτο
854 4811 918 4867 τὸ
975 4810 1158 4888 δόγμα
1216 4811 1466 4886 ἀσμένως
1525 4809 1814 4886 δεξάμενος
1871 4813 1900 4867 6
1949 4813 2199 4888 στρατὸς,
2251 4811 2343 4867 καὶ
2405 4809 2643 4886 μάλιστα
2698 4813 2762 4869 τὸ
2810 4818 2918 4870 τῶν
2979 4816 3284 4892 ’Λρμενίων
3370 4822 3585 4895 στῖφος,
3641 4817 3710 4874 τά

1498 4981 1559 5038 C.
1603 4983 1663 5037 Β.
1707 4981 1895 5041 HASII
1930 4980 2487 5038 ANNOTATIONES.

360 5151 407 5187 ετ
434 5150 957 5250 ῗροῖπάμεθα..⁰5ξο
984 5151 1141 5250 οοιέη
1173 5151 1328 5250 sicut
1360 5145 1953 5250 postea’ént'o‘etﬁzdpem

2062 5148 2457 5250 ἷῌάφρόριμητργ
2489 5149 2736 5250 ἓὲἆὶζίιι
2751 5153 2929 5250 patilo
2961 5156 3275 5250 ρρηειβτοξτὲ
3299 5160 3359 5212 et
3385 5152 3710 5250 βούλοιντο.

287 5222 340 5260 ³9
368 5221 559 5278 τοῦτον
591 5222 721 5279 cod.
824 5221 872 5257 ⁸⁰
902 5223 1035 5296 Leg.
1065 5221 1253 5282 ἀνιείς.

284 5380 494 5447 signem
534 5392 750 5430 morum
775 5375 1170 5447 asperitatem:
1197 5374 1402 5447 malim
1436 5391 1448 5430 :
1482 5377 1802 5440 amentiam,
1832 5373 1945 5444 vel,

287 5441 469 5505 animi
516 5441 911 5518 insipientiam.
969 5441 1352 5519 Ἀϐελτηρίαις
1399 5441 1948 5519 ConciliumtEcué

283 5522 589 5592 menicum
615 5516 741 5592 vi".
775 5521 891 5588 VII,
949 5537 1022 5575 Iv.
1079 5516 1218 5592 4H.
1258 5517 1548 5589 οὐμενοῦν
1583 5516 1644 5570 οὐ
1692 5517 1795 5592 γάρ
1825 5521 1946 5584 ταῖς

283 5610 446 5644 τινων
476 5586 830 5662 ἀϐελτηρίαις
876 5586 934 5648 κ.
988 5611 1038 5646 τ.
1073 5591 1127 5648 λ..
1187 5586 1537 5662 nequaquam
1566 5608 1586 5645 :
1641 5586 1776 5646 non"
1803 5592 1949 5646 enim

289 5664 651 5729 quorumdam
663 5663 891 5734 ineptiis
915 5669 1024 5720 etc.
1042 5663 1187 5719 Male
1205 5663 1542 5719 Harduinus
1565 5662 1906 5718 inversione
1933 5680 1945 5716 :

289 5745 637 5803 nequaquam
665 5738 810 5790 enim
840 5737 1203 5807 quorumdam
1241 5735 1754 5808 profanationibus.
1789 5735 1946 5792 Scri-

1360 5219 1405 5259 ⁵¹
1434 5222 1503 5276 τὰ
1532 5219 1747 5294 σύμπαν
1791 5219 2134 5296 ἀπαταγῆσαι
2153 5219 2304 5279 "cod.

2403 5223 2448 5258 ιι
2489 5216 2716 5293 ἡϐηδῶν
2753 5216 2898 5282 ‘cod.
2961 5216 2980 5227 ³
3004 5226 3052 5262 ⁸³
3083 5216 3522 5293 διαϐεϐαιούσθω
3573 5229 3709 5287 cod.

2058 5373 2209 5450 bunt
2236 5376 2438 5450 tamen
2489 5378 2549 5429 et
2578 5376 2873 5450 nonnulli
2905 5379 3109 5434 Patres
3165 5373 3478 5450 ἀϐελτερια,
3530 5398 3636 5450 per
3665 5398 3711 5434 ε·

2059 5445 2200 5534 item
2232 5445 2656 5534 :tgathizlis,‘243
2680 5448 2811 5534 C'et
2833 5450 2961 5532 ipse
2984 5451 3118 5533 Leo,
3141 5454 3230 5519 27,
3261 5453 3324 5507 D.
3347 5445 3708 5534 adverbium

2058 5514 2386 5598 ἀβελτέρως.
2417 5518 2604 5598 stulte,
2641 5519 2702 5574 in
2735 5514 2963 5598 hexicis
3000 5514 3310 5598 omissum,
3361 5523 3542 5598 habet
3569 5527 3713 5598 Por-

2057 5588 2306 5714 péiyrius
2336 5589 2416 5644 De
2447 5588 2812 5678 abstinentia
2869 5593 2993 5675 529,
3155 5594 3206 5648 οἱ
3237 5588 3312 5680 8%;
3326 5593 3452 5670 περί
3505 5593 3714 5649 τούτων

2132 5657 2370 5714 ελτέοως
2413 5656 2684 5714 λεγοντες.
2723 5683 2751 5714 ε
2781 5681 2882 5714 mu
2923 5666 3204 5714 stolidum
3254 5668 3348 5714 hlll
3403 5667 3480 5714 da
3531 5666 3713 5714 rebus

2132 5656 2372 5738 ελτέρως
2413 5656 2684 5734 λέγοντες,
2723 5683 2751 5716 ε
2781 5664 2882 5738 qui
2923 5656 3204 5724 stolidius
3254 5668 3348 5724 his
3399 5656 3480 5724 'de
3531 5666 3713 5722 rebus

2059 5753 2088 5785 ι(
2124 5731 2473 5806 loquuntur.
2490 5731 2533 5784 ἰ
