4128 6420
444 396 564 457 687

1862 389 2141 451 LEONIS
2186 390 2508 452 DIACONI

3744 397 3861 458 688

443 529 749 585 berentur.
774 530 938 583 Hunc
957 528 1213 584 Leonem
1241 527 1452 583 ducem
1476 529 1777 583 Romanus
1808 527 2087 597 Augustus

2210 522 2302 577 καὶ
2357 527 2616 578 τοσοῦτον
2674 523 2833 602 φόνον
2889 520 3157 603 αἰφνίδιον
3234 523 3494 582 εἰσπεσὼν
3579 524 3632 584 ἐν
3692 531 3859 605 μικρᾷ

442 619 508 674 in
527 619 722 675 Asiam
735 616 1090 684 transmisit,
1105 617 1155 672 si
1170 633 1287 689 quo
1302 616 1479 672 modo
1492 617 1881 672 barbarorum
1895 613 2096 686 perni-

444 708 637 763 ciosas
666 706 1063 781 grassationes
1093 706 1372 762 cohibere
1400 712 1623 778 posset,
1659 711 1718 761 et
1745 705 1923 771 mala,
1966 719 2098 774 quas

441 796 824 868 impudenter
875 795 1096 852 inferre
1147 812 1269 851 non
1326 795 1697 864 verebamur,
1748 794 2099 866 reprimere.

442 886 590 954 Dux,
624 901 760 941 cum
792 900 861 939 ex
892 886 1126 953 EurOpa
1153 884 1454 956 profectus
1484 885 1547 940 in
1577 884 1777 940 Asiam
1818 883 2096 947 venisset,

438 973 928 1045 Ghambdanique
961 973 1271 1029 audaciam
1302 990 1371 1030 ac
1403 973 1682 1029 duritiem
1703 972 1912 1029 auditu
1942 970 2098 1026 acci-

438 1069 628 1136 peret,
662 1062 888 1134 templa
918 1068 977 1118 et
1004 1062 1223 1135 oppida
1266 1080 1554 1119 succensa
1603 1062 1848 1129 videret,
1901 1060 2099 1116 diruta

442 1151 711 1221 castella,
743 1152 1071 1208 desolatam
1104 1152 1319 1208 incolis
1348 1154 1677 1226 regionem,
1709 1152 1784 1206 iis
1807 1150 2099 1206 violenter

439 1243 503 1299 in
535 1242 937 1314 captivitatem
968 1241 1260 1309 abductis,
1286 1258 1480 1314 Operae
1513 1243 1771 1314 pretium
1800 1242 1989 1306 duxit,
2019 1259 2095 1297 ne

440 1336 503 1390 in
530 1337 803 1404 apertum
828 1331 1164 1404 periculum
1195 1348 1343 1402 quas
1372 1332 1629 1388 ducebat
1658 1332 1859 1404 copias
1907 1332 2097 1403 proji-

439 1426 621 1489 ceret,
654 1437 803 1477 neve
827 1426 1035 1492 aperto
1067 1423 1247 1476 Marte
1289 1438 1426 1477 cum
1484 1427 1651 1478 tanta
1702 1421 2092 1477 barbarorum

438 1509 831 1565 multitudine
861 1510 1051 1565 aciem
1083 1514 1488 1582 componeret,
1525 1527 1659 1581 quae
1705 1510 1925 1566 multas
1967 1510 2095 1582 jam

437 1598 717 1654 victorias
754 1597 1078 1665 retulisset,
1119 1597 1421 1669 felicique,
1454 1615 1634 1670 quam
1679 1604 1923 1669 experta
1969 1603 2097 1654 erat

437 1693 657 1761 praeter
694 1687 1220 1758 exspectationem,
1253 1688 1493 1743 fortuna
1549 1687 1924 1760 superbiret:
1957 1705 2093 1744 cum

435 1776 771 1849 prmsertim
803 1776 1121 1831 innumera
1150 1792 1322 1847 pmne
1354 1777 1738 1832 multitudine
1783 1777 2093 1833 hominum

2203 617 2398 687 καιροῦ
2429 613 2573 687 ῥοπῇ
2599 612 2990 690 ἀπειργάσατο,
3051 614 3126 675 ὡς
3193 614 3598 690 εὐαριθμήτους
3652 616 3713 674 ἐκ
3765 625 3859 675 τοῦ

2203 701 2490 775 ἀμυθήτου
2518 699 2769 773 πλήθους
2800 699 3083 781 διαφυγεῖν
3115 707 3243 776 (43).
3273 706 3483 761 Τοῦτον
3524 707 3617 761 τὸν
3665 729 3862 783 στρατ-

2204 791 2341 868 ηγὸν
2372 790 2573 846 Λέοντα
2627 792 2906 866 Ῥωμανὸς
2938 793 2966 847 ὁ
2995 790 3352 869 αὐτοκράτωρ
3407 795 3484 856 εἰς
3528 798 3628 866 τὴν
3675 798 3860 853 Ἀσίαν

2205 875 2580 949 διεϐιϐάσατο,
2613 880 2663 935 εἷ’
2688 901 2808 942 πως
2851 878 3001 936 ἀλλὰ
3046 881 3143 942 τάς
3192 903 3250 937 τε
3299 884 3344 919 ⁸⁷
3402 889 3511 940 τῶν
3571 880 3860 962 βαρϐάρων

2204 968 2507 1045 ἐπιδρομὰς
2539 970 2893 1039 ἀναστείλειε,
2933 973 3024 1027 καὶ
3076 974 3174 1034 τὰς
3227 971 3452 1045 ἀναίδην
3493 974 3858 1052 τολμωμένας

2202 1060 2552 1140 ἀναχαιτίσω
2612 1061 2926 1140 ἐπαγωγάς·
2986 1064 3047 1121 Ὀ
3098 1060 3155 1119 δὲ
3213 1067 3545 1144 στρατηγὸς,
3585 1066 3701 1123 ἐπεὶ
3758 1076 3857 1138 τῆς

2201 1151 2476 1226 Εὐρώπης
2530 1151 2743 1227 ἀπάρας
2833 1155 2933 1223 τὴν
2990 1154 3176 1209 Ἀσίαν
3258 1154 3581 1236 κατείληφε,
3649 1159 3742 1213 καὶ
3791 1158 3853 1214 τὸ

2201 1237 2427 1301 αὔθαδες
2459 1242 2549 1296 καὶ
2591 1240 2891 1317 ἀτέραμνον
2936 1248 3034 1298 τοῦ
3087 1238 3358 1317 Χαμϐδάν
3396 1245 3717 1316 ήνωτίζετο,
3766 1247 3863 1302 καὶ

2198 1329 2333 1390 νεὼς
2362 1328 2455 1384 καὶ
2503 1330 2696 1404 κώμας
2757 1330 3257 1407 πεπυρπολημὲνας
3323 1335 3492 1409 ἑώρα,
3545 1336 3637 1390 καὶ
3696 1357 3865 1415 φρου-

2202 1418 2333 1494 ρίων
2412 1420 2783 1499 κατασκαφὰς,
2864 1418 3097 1495 ἐρημίαν
3154 1442 3213 1476 τε
3262 1427 3370 1478 τῶν
3451 1425 3725 1480 κατοίκων
3772 1425 3863 1481 καὶ

2201 1508 2382 1582 βιαίαν
2430 1507 2756 1586 ἀπαγωγὴν,
2807 1502 2967 1587 ἔγνω,
3030 1512 3105 1582 μή
3163 1509 3217 1572 ἐς
3273 1517 3561 1586 προῦπτον
3620 1511 3864 1569 κίνδυνον

2199 1596 2388 1652 ἐνιέναι
2417 1600 2516 1668 τὴν
2546 1598 2822 1673 στρατιὰν,
2860 1596 3001 1672 μηδὲ
3048 1604 3129 1673 τῷ
3191 1597 3517 1677 βαρϐαρικῷ
3571 1603 3647 1665 εἰς
3695 1605 3841 1679 τούμ

2198 1687 2354 1767 φανὲς
2412 1687 2971 1762 ἀντιπαρατάττεσθαι
3028 1686 3255 1761 πλήθει,
3341 1689 3560 1753 πολλὰς
3622 1693 3717 1767 μὲν
3768 1692 3857 1749 έπ-

2196 1774 2524 1851 ανῃρημένῳ
2574 1776 2749 1846 νίκας,
2807 1781 2927 1838 ταῖς
2984 1774 3042 1832 δὲ
3097 1780 3225 1852 παρ’
3283 1776 3484 1835 ἐλπίδα
3563 1788 3865 1858 γαυριῶντι

436 1865 619 1938 probe
649 1869 1013 1921 armatorum
1056 1865 1354 1921 confertas
1404 1872 1631 1923 turmas
1662 1867 1764 1923 20
1804 1867 2087 1933 inferret;

2199 1866 2419 1959 τύχαις,
2466 1867 2918 1941 μυριανθρώπους
2975 1887 3035 1922 τε
3090 1867 3182 1922 καὶ
3242 1866 3295 1928 ἐς
3353 1869 3416 1924 τὸ
3474 1865 3695 1945 ἀκριϐὲς
3738 1861 3865 1927 καθ⁹

434 1955 565 2027 ipse
592 1954 863 2027 exiguam
897 1954 1317 2027 inﬁrmamque
1343 1972 1591 2011 manum
1613 1956 1902 2025 ductaret,
1928 1957 2091 2012 Sara-

433 2059 720 2100 cenorum
750 2043 962 2099 faustis
991 2044 1138 2100 adeo
1170 2044 1545 2100 successibus
1572 2045 1865 2116 pavidam,
1898 2045 2091 2116 iisque

434 2133 699 2206 tropaais,
734 2149 866 2204 quas
924 2132 1189 2203 quotidie
1242 2132 1595 2205 erigebant:
1638 2133 1742 2189 sed
1791 2138 1857 2188 ut
1892 2135 2090 2205 potius

433 2220 942 2291 opportunissima
964 2225 1382 2291 prasruptaque
1406 2220 1537 2276 loca
1562 2223 2090 2292 occuparet,inque

430 2308 644 2365 locatis
672 2307 912 2363 insidiis
937 2307 1079 2362 hinc
1104 2307 1243 2362 inde
1260 2313 1641 2363 transeuntes
1660 2309 1860 2364 hostes
1884 2309 2091 2365 obser-

430 2402 616 2463 varet,
650 2402 827 2466 atque
853 2394 975 2450 illis
999 2395 1062 2450 in
1092 2395 1338 2450 lubricis
1367 2396 1847 2468 ancipitibusque
1863 2397 2091 2452 viarum

433 2485 726 2558 angustiis
757 2500 1102 2553 occurrens,
1135 2484 1199 2540 in
1230 2486 1484 2540 transitu
1530 2484 1768 2541 fortiter
1823 2502 1959 2542 cum
2004 2487 2090 2543 eis

433 2573 766 2631 dimicaret.

503 2845 555 2899 3.
588 2842 681 2898 Sic
710 2841 910 2898 animo
940 2844 1165 2897 attento
1198 2839 1557 2896 deliberanti
1612 2841 1790 2898 Leoni
1842 2841 1977 2898 duci
2028 2843 2089 2897 in

429 2939 692 2991 mentem
720 2932 899 3001 venit,
922 2931 1117 2987 verbis
1149 2946 1386 3003 quoque
1418 2947 1704 2987 exacuere
1737 2931 2088 3001 exercitum,

432 3040 689 3095 cumque
710 3021 1221 3078 exhortationibus
1244 3020 1752 3093 ﬁrmare,quando
1773 3038 1844 3077 ex
1860 3038 1921 3078 re
1936 3022 2090 3078 foret

431 3113 714 3169 adversus
743 3111 1028 3167 barbaros
1061 3111 1229 3184 signa
1258 3126 1515 3177 movere,
1548 3116 1609 3166 et
1636 3111 1988 3167 alacriorem
2012 3112 2087 3167 ad

2199 1952 2551 2029 ωπλισμένας
2582 1953 2956 2035 ἐπιφερομένῳ
2998 1956 3094 2017 τὰς
3125 1955 3438 2035 φάλαγγας
3471 1960 3562 2013 καὶ
3617 1959 3859 2034 μάλιστα

2197 2044 2563 2121 εὐαρίθμητόν
2618 2066 2678 2100 τε
2733 2047 2832 2115 τήν
2892 2046 3148 2119 στρατιὰν
3222 2047 3313 2101 καὶ
3394 2046 3494 2102 οὐκ
3546 2049 3850 2128 ἀξιόχρεων

2196 2134 2362 2194 αὐτὸς
2394 2132 2753 2210 ἐπαγόμενος,
2805 2135 3221 2213 κατεπτηχυίάν
3273 2155 3330 2190 τε
3382 2136 3478 2197 τὰς
3527 2142 3635 2191 τῶν
3686 2138 3855 2213 Ἀγα-

2199 2227 2374 2296 ρηνῶν
2431 2220 2726 2296 εὐημερίας
2783 2222 2874 2276 καὶ
2932 2222 2999 2277 τὰ
3082 2224 3200 2277 καθ’
3287 2224 3517 2294 ἑκάστην
3602 2227 3862 2300 τρόπαια·

2195 2309 2582 2392 κατειληφέναι
2635 2308 2691 2367 δὲ
2743 2310 2959 2386 μᾶλλον
3009 2313 3076 2368 τὰ
3125 2311 3518 2388 ἐπικαιρότατα
3573 2314 3665 2369 καὶ
3721 2336 3860 2391 κρη-

2200 2397 2386 2474 μνώδη
2422 2407 2531 2457 τῶν
2563 2402 2767 2481 χώρων
2795 2402 2887 2457 καὶ
2919 2400 3284 2482 προλοχίζειν
3326 2404 3465 2460 κατὰ
3522 2410 3717 2474 ταῦτα,
3767 2405 3858 2460 καὶ

2195 2491 2291 2551 τὰς
2337 2487 2609 2564 διεξόδους
2672 2492 2988 2566 ὑποτηρεῖν·
3041 2492 3383 2563 ὑπαντιάζειν
3439 2515 3497 2549 τε
3555 2500 3671 2555 τοῖς
3730 2496 3861 2570 βαρ-

2196 2574 2389 2655 ϐάροις
2437 2578 2490 2635 έν
2545 2585 2664 2643 ταῖς
2723 2578 3048 2661 ἐπισφαλέσι
3106 2581 3197 2636 καὶ
3255 2579 3693 2662 ἀμφιταλάντοις
3748 2588 3856 2640 τῶν

2195 2667 2510 2744 ἀταρπιτῶν
2558 2670 2627 2739 ³⁸,
2686 2669 2779 2725 καὶ
2834 2674 3113 2745 καρτερῶς
3185 2669 3577 2748 ἀγωνίζεσθαι,
3622 2671 3856 2742 ὁπηνίκα

2194 2757 2286 2812 καὶ
2320 2754 2637 2814 διοδεύοιεν.

2267 2847 2336 2925 γ’·
2367 2845 2528 2905 Οὕτω
2558 2844 2624 2918 δὴ
2678 2849 3171 2927 γνωσιμαχήσαντι
3201 2849 3250 2885 ⁸9
3286 2850 3379 2905 καὶ
3431 2846 3856 2926 βουλευσαμένῳ

2194 2943 2274 3011 τῷ
2301 2943 2594 3016 στρατηγῷ
2654 2935 2843 2995 Λέοντι
2893 2936 3101 3009 ἐπῆλθε
3159 2943 3292 3013 (44),
3350 2941 3442 2995 καὶ
3498 2938 3693 3020 λόγοις
3757 2942 3860 2996 ὑπ-

2193 3024 2419 3101 αλεῖψαι
2449 3028 2548 3097 τήν
2603 3028 2858 3102 στρατιὰν
2899 3032 3011 3099 (45)
3059 3028 3151 3083 καὶ
3206 3027 3579 3104 παραινέσεσιν
3631 3032 3713 3104 [Ρ.
3776 3035 3857 3101 12]

2192 3115 2517 3190 ἐπιρρῶσαι,
2552 3116 2690 3172 κατὰ
2733 3121 2842 3172 τῶν
2901 3111 3194 3191 βαρϐάρων
3245 3118 3407 3187 ἡνίκα
3457 3115 3571 3174 δέοι
3630 3124 3853 3198 χωρεῖν,

430 3202 658 3258 bellum
689 3201 958 3257 reddere.
991 3202 1078 3255 Ita
1103 3199 1163 3255 in
1196 3200 1544 3256 concionem
1565 3200 1917 3271 ascendens,
1949 3219 2085 3258 cum

430 3291 735 3316 _---I:-_-_
766 3290 1025 3316 ..ΣΙ-εἶμηηι
1084 3289 1546 3316 Αηῑιληιηιζιινιλκ
1588 3290 1876 3316 ΑέιεηΜΑᾹε
1911 3291 2050 3316 ε..-ι;

2199 3204 2289 3259 καὶ
2346 3202 2793 3279 θαρῥαλεωτέραν
2843 3203 3173 3282 ἐργάσασθαι
3228 3206 3367 3281 πρὸς
3422 3207 3514 3262 τὸν
3586 3206 3853 3282 πόλεμον.

2343 3294 2590 3316 dits.
2654 3292 2667 3316 ,
2722 3294 2737 3315 κ
2807 3299 2857 3316 λ-
2954 3291 3155 3316 κη».
3256 3296 3297 3316 γι
3493 3296 3507 3316 κ
3596 3295 3611 3316 θ
3778 3298 3788 3312 ι

429 3291 735 3364 paulisper
765 3290 1047 3356 siluisset,
1081 3289 1551 3345 cohortationem
1585 3290 1878 3361 ejusmodi
1911 3291 2082 3346 insti-

430 3382 571 3437 tuit:
604 3404 632 3430 ‹‹
666 3381 883 3436 Omnes
913 3378 1178 3451 legiones
1203 3379 2084 3447 vestras,commilitones,com-

428 3470 630 3527 munis
662 3475 866 3524 noster
895 3467 1174 3523 dominus
1206 3473 1265 3523 et
1295 3467 1642 3539 imperator,
1673 3467 1833 3540 quod
1857 3469 2082 3536 ﬁrmas,

430 3578 542 3617 nec
571 3559 785 3614 virtute
816 3558 880 3613 in
910 3556 1085 3612 bellis
1108 3557 1307 3612 minus
1334 3574 1513 3629 quam
1543 3574 1655 3613 usu
1677 3557 1739 3612 in
1761 3574 1824 3613 re
1841 3558 2083 3615 militari

430 3649 713 3724 praeditas
744 3663 874 3702 esse
905 3646 1103 3711 sciret,
1136 3647 1198 3701 in
1229 3646 1430 3702 Asiam
1464 3646 1835 3703 Chambdani
1881 3649 2083 3705 incur-

432 3739 705 3797 sionibus
734 3736 1341 3811 populationibusque
1373 3735 1668 3792 defessam
1717 3738 1847 3809 jam
1905 3745 2083 3810 atque

430 3832 729 3895 ruentem,
758 3842 993 3882 summa
1021 3824 1257 3897 imperii
1278 3825 1428 3880 mihi
1463 3825 1697 3894 tradita,
1730 3828 2081 3883 transmisit.

427 3916 821 3985 Quamobrem
855 3914 1063 3970 hortor
1091 3919 1151 3969 et
1181 3913 1422 3982 suadeo,
1457 3930 1577 3969 non
1607 3920 1676 3970 ut
1705 3914 1937 3971 fortiter
1956 3932 2082 3973 rem

426 4006 646 4082 geratis
674 4010 883 4061 contra
921 4003 1289 4059 adversarios
1331 4004 1551 4074 (neque
1589 4004 1752 4058 enim
1808 4005 2082 4061 cohorta-

429 4096 592 4152 tione
612 4110 713 4150 vos
737 4098 879 4166 puto
902 4092 1188 4165 indigere,
1218 4091 1321 4163 qui
1343 4092 1619 4147 virtutem
1646 4092 2027 4149 etaudaciam
2049 4111 2084 4150 a

422 4202 609 4259 puero
647 4182 1053 4256 prmstitistis),
1093 4181 1198 4237 sed
1249 4186 1314 4237 ut
1373 4197 1553 4252 quam
1608 4181 2078 4253 prudentissimo

423 4273 675 4333 consilio
707 4273 942 4329 hostem
973 4270 1345 4344 expugnetis.
1380 4272 1525 4326 Nam
1555 4287 1678 4327 non
1701 4276 1934 4328 tantum
1959 4274 2080 4330 vio-

420 4366 584 4423 lento
614 4365 844 4435 impetu
874 4360 1100 4417 bellum
1124 4359 2079 4433 soletprovehi,quantumjudicii

418 4453 741 4530 prudentia
771 4455 832 4509 et
861 4450 1126 4507 victoriis
1154 4465 1263 4521 per
1292 4448 1683 4506 calliditatem
1742 4456 2080 4523 opportune

2206 3294 2498 3354 Διαναστὰς
2530 3294 2620 3348 οὖν
2649 3292 2738 3349 ἐπὶ
2764 3299 2861 3349 τοῦ
2910 3291 3159 3365 πλήθους
3208 3296 3298 3350 καὶ
3350 3296 3546 3371 μικρὸν
3592 3295 3859 3376 ἐπισχὼν,

2206 3383 2466 3453 τοιαύτην
2496 3382 2772 3460 εἰσηγεῖτο
2801 3384 3134 3457 παραίνεσιν·
3187 3409 3215 3435 ‹‹
3244 3384 3420 3441 Ἀπαν
3478 3385 3572 3459 μὲν
3624 3386 3687 3441 τὸ
3738 3389 3859 3441 καθ’

2194 3471 2335 3544 ὑμᾶς
2372 3475 2485 3546 (46)
2544 3476 2732 3551 στῖφος
2792 3470 2951 3535 εἰδὼς
3005 3471 3247 3549 ἄριστον,
3308 3472 3352 3528 ὦ
3419 3480 3860 3550 συστρατιῶται,

2195 3561 2498 3639 αὐτουργόν
2528 3582 2586 3616 τε
2642 3562 2709 3617 τὰ
2765 3559 3032 3636 πολέμια,
3100 3563 3191 3618 καὶ
3238 3570 3503 3635 τακτικῆς
3565 3562 3855 3640 ἐμπειρίας

2197 3648 2496 3719 ὑπόπλεον,
2555 3648 2645 3706 ἐπὶ
2701 3652 2802 3721 τὴν
2834 3651 3014 3708 Ἀσίαν
3063 3652 3091 3707 ὁ
3148 3652 3330 3714 κοινὸς
3381 3651 3709 3732 ἀμφοτέρων
3769 3650 3857 3708 δε·-

2194 3739 2404 3809 σπότης
2433 3739 2524 3795 καὶ
2558 3736 2840 3814 βασιλεὺς,
2894 3741 3204 3816 κάμνουσαν
3260 3737 3370 3811 ἤδη
3431 3742 3522 3797 καὶ
3578 3740 3669 3798 ἐπὶ
3728 3743 3857 3821 γόνυ

2193 3826 2521 3902 κεκλιμένην
2568 3833 2688 3890 ταῖς
2740 3833 2838 3885 τοῦ
2894 3825 3159 3905 Χαμϐδὰν
3214 3826 3593 3906 καταδρομαῖς
3648 3852 3708 3887 τε
3765 3832 3858 3887 καὶ

2193 3922 2519 3991 προνομαῖς,
2546 3916 2673 3992 ἐμοὶ
2728 3920 2829 3989 τὴν
2881 3925 2982 3989 τῆς
3039 3920 3339 3996 ἡγεμονίας
3392 3918 3711 4000 ἐγχειρισας
3766 3921 3863 3996 ἆρ-

2194 4007 2327 4085 χήν,
2385 4000 2681 4063 διεϐίϐασε.
2743 4012 2997 4082 Παραινῶ
3081 4009 3259 4063 τοίνυν
3314 4009 3405 4064 καὶ
3463 4005 3854 4085 συμϐουλεύω,

2194 4094 2305 4173 οὐχ
2333 4094 2484 4156 ’ὁπως
2515 4096 2772 4173 γενναίως
2804 4095 3172 4167 ἀντιτάξοισθε
3218 4103 3336 4158 τοῖς
3387 4096 3609 4177 ἐχθροῖς
3667 4101 3859 4173 (οἶμαι

2193 4185 2298 4263 γὰρ
2350 4186 2426 4260 μὴ
2491 4182 2699 4241 δεῖσθαι
2754 4185 2939 4265 λόγων
2999 4188 3140 4262 ὑμᾶς
3199 4186 3497 4266 ἐναγόντων
3554 4188 3607 4251 ἐς
3666 4188 3855 4246 εὐτολ-

2198 4274 2345 4347 μίαν,
2377 4275 2464 4336 οἴς
2496 4273 2545 4346 ἐξ
2598 4274 2826 4331 ἁπαλῶν
2881 4273 3098 4351 ἀνδρεία
3151 4278 3287 4352 μετὰ
3341 4276 3560 4353 τόλμης
3619 4278 3855 4351 ἐξήσκη-

2191 4366 2324 4437 ται),
2374 4362 2502 4420 ἀλλ’
2564 4366 2638 4427 ὡς
2694 4364 2754 4422 ἄν
2811 4366 3009 4442 ἄριστα
3061 4366 3494 4443 βουλευσάμενοι
3549 4370 3854 4446 καταγωνί-

2193 4455 2376 4509 σοισθε
2434 4455 2525 4510 τὸν
2576 4455 2775 4535 ἐχθρόν
2832 4454 3086 4532 Πόλεμος
3143 4458 3248 4536 γὰρ
3331 4458 3392 4513 οὗ
3478 4464 3740 4516 τοσοῦτον
3799 4459 3853 4529 ἐξ

1642 4623 1703 4679 C.
1745 4623 1809 4681 Β.
1850 4624 2038 4681 HASII
2079 4627 2638 4687 ANNOTATIONES.

493 4771 539 4807 ³⁷
573 4765 850 4831 ἀλλαττάς
879 4787 938 4822 τε
966 4767 1098 4825 cod.
1174 4767 1220 4804 ³⁸
1249 4764 1608 4842 αὖταρπιτῶν.
1627 4764 1759 4826 cod.
1833 4765 1880 4803 ³⁸
1907 4786 2086 4843 γνωσο

2199 4770 2408 4849 εήσαντι
2429 4771 2564 4829 cod.

495 4940 609 5013 (43)
636 4938 983 5013 Ηίοιιοοιιεξ
1028 4939 1187 5013 Hunc
1229 4938 1464 4991 Leonem
1515 4950 1730 5013 usque,
1766 4936 1841 4992 ad
1868 4938 2083 5013 ﬁnem

421 5007 635 5085 capitis
663 5027 700 5066 a
726 5007 1112 5085 Combeﬂsio
1144 5022 1486 5073 conversus,
1546 5011 1812 5064 servatus
1868 5008 2086 5082 legitur

421 5080 862 5158 ap'ndPagium
886 5080 998 5158 lll,_
1016 5081 1141 5158 8_76.

493 5156 606 5230 (44)
637 5145 812 5232 ᾼῇυὰ
837 5145 1147 5232 Agathiam
1179 5145 1482 5222 προσῆλθε,
1541 5151 1630 5205 56.
1665 5150 1731 5204 D.
1766 5150 1829 5205 in
1878 5152 2081 5223 phrasi

424 5227 604 5302 quam
637 5227 750 5302 Leo
766 5227 1064 5302 respexit,

491 5302 603 5372 (45)
632 5298 847 5372 Confer
882 5288 1211 5372 -Ag_ath_iam
1242 5293 1330 5346 27.
1379 5290 1444 5372 Β...
1486 5288 1832 5372 Ὑπαλείφειν
1888 5301 2080 5372 meta-

419 5361 664 5446 ph‘orice
687 5361 1232 5446 dicipro"incitarez
1260 5361 1562 5446 concitare,
1587 5361 2080 5446 jam'Stephanns

418 5433 655 5502 inonuit
682 5442 745 5496 in
776 5433 1400 5510 Thesauro._Addam,
1443 5433 1748 5510 eleganter
1804 5433 2079 5510 usurpari

419 5518 493 5575 de
525 5512 862 5585 vaporibus,
894 5509 1022 5585 Aqui
1081 5507 1275 5585 rigant
1305 5512 1507 5585 _atque
1566 5505 1969 5585 hu_mect_ant:
1988 5512 2081 5567 Sic

417 5589 476 5644 S.
510 5577 824 5658 Gregorius
852 5577 1113 5658 Nissen.
1174 5578 1247 5633 de
1302 5577 1463 5658 hom.
1528 5577 1764 5648 opificio
1796 5580 1838 5633 Ι.
1873 5582 1973 5658 _69.
2010 5586 2075 5658 ᾼ.

417 5647 833 5714 membranam
864 5647 1177 5722 cerebrum
1199 5647 1991 5722 ambiregtepmroqcopévnv
2025 5653 2076 5707 έν

413 5729 590 5812 ιαυτῇ
619 5725 709 5779 τὸν
767 5721 1088 5800 ἐγκέφαλον,
1142 5719 1233 5775 καὶ
1289 5723 1407 5781 τοῖς
1437 5714 1662 5784 Ἵὲκεῗθεν
1720 5714 1917 5794 ἀτμοῖς
1948 5714 2077 5778 ’ὅτ-ε-

2116 4945 2163 5010 D
2193 4937 2578 5019 αλειφομένην.
2598 4943 2764 5019 idem
2788 4943 2932 4999 ibid.
2961 4945 3088 5019 134.
3118 4945 3177 4999 C.

3204 4943 3240 5012 ἡ
3263 4941 3356 4999 ἀπ’
3373 4939 3577 4998 ἐκείνου
3601 4938 3858 5003 ἀνάδοσις

2196 5009 2527 5097 ῥίπταξῐείὶιρει.⁷
2567 5014 2659 5097 τρν
2721 5014 3096 5097 ,περιεκτικὸγ
3133 5009 3238 5097 του
3290 5012 3613 5097 ἐγκεφάλου.
3663 5012 3851 5097 όμένα.

2195 5084 2361 5158 Unde
2402 5084 2817 5158 metaphorice'
2865 5088 3020 5142 sicut
3076 5084 3342 5158 imbuere'
3375 5084 3532 5158 apud
3563 5084 3856 5158 Latinos.

2193 5157 2250 5236 ξ.
2286 5153 2764 5236 [gnatum—Epist.
2812 5162 2897 5214 19.
2947 5168 3012 5236 Α..
3070 5155 3169 5236 ἐμὲ
3217 5158 3325 5236 γὰρ
3382 5153 3492 5236 ἔδει
3546 5157 3643 5236 ῥφ’
3703 5156 3859 5236 ὑμῶν

2193 5226 2592 5306 ὑπ-αλειφθῆναι
2626 5226 2832 5297 Ῑπίστει,
2872 5226 3152 5306 νουθεσία,
3211 5226 3483 5306 ὅπομονῆ.
3546 5226 3633 5286 Ιιέι
3692 5226 3858 5306 enim

2191 5300 2450 5373 arbitror
2478 5317 2674 5373 veram
2707 5318 2839 5373 esse
2871 5302 3210 5358 lectionem.
3247 5300 3425 5358 Vetus
3447 5304 3743 5373 interpres
3771 5301 3859 5355 vi-

2190 5372 2366 5450 detur
2389 5373 2603 5450 legisse
2648 5370 3055 5450 ὑποληφ-θῆνας
3115 5375 3310 5450 vertit,
3353 5392 3439 5430 me
3487 5370 3638 5450 enini
3679 5389 3855 5450 opor-

2191 5389 2366 5428 detur
2389 5389 2603 5499 18%1886
2648 5389 3055 5450 οποληφυηναι·
3115 5389 3310 5441 vertit,
3353 5392 3439 5430 me
3487 5390 3633 5428 enim
3679 5389 3855 5442 opor-

2191 5447 2297 5524 tuit
2325 5461 2361 5500 α
2389 5444 2803 5524 vo_is_sz_iscipi.
2858 5442 3409 5524 Simplexjkatcpsw
3456 5462 3562 5518 pro
3615 5445 3857 5500 incitare

2190 5516 2372 5572 habet
2402 5516 2491 5571 vel
2522 5516 2827 5573 Cedrenus
2864 5518 2927 5574 Il.
2962 5516 3086 5572 678.
3124 5518 3188 5572 D.

2260 5589 2376 5657 (46)
2408 5589 2547 5653 Quas
2579 5589 2692 5643 Leo
2723 5589 2948 5644 Phocas
2989 5589 3084 5644 hic
3130 5589 3540 5656 concionatur,
3596 5587 3854 5643 imitatio

2190 5665 2332 5733 sunt
2361 5659 2649 5733 orationis
2683 5660 2950 5717 Belisarii
2982 5661 3055 5717 ad
3099 5661 3429 5717 exercitum
3477 5658 3636 5733 apud
3682 5662 3846 5732 Aga-

2190 5730 2379 5787 thiam
2422 5735 2546 5787 161.
2580 5732 2641 5787 C.
