4128 6430
262 410 387 469 689

1652 412 2048 472 HISTORIIE
2087 414 2236 474 LIB.
2286 414 2359 475 lI.

3571 411 3696 472 690

261 538 565 596 ἀντιπάλου
621 543 1018 616 κατορθοῦσθαι
1068 540 1244 616 ῥοπῆς
1292 544 1498 611 εἴωθεν,
1549 543 1672 597 ὅσον
1729 538 1918 598 εὐϐου-

2041 548 2246 617 partis.
2281 548 2492 620 Copias
2523 548 2618 603 2|
2657 546 2918 601 hostium
2941 561 3048 616 per
3071 546 3180 600 hos
3201 561 3444 616 campos
3473 546 3696 601 eﬂ‘usas

266 629 392 690 λίας
422 628 646 704 προνοίᾳ
676 630 770 684 καὶ
801 630 1108 704 τροπαίωνέ
1130 628 1395 708 ἐπαγωγῇ
1457 628 1927 708 ῥᾳδιουργουμένῃ

262 718 404 772 κατὰ
443 717 650 790 καιρόν.
709 719 826 787 Τὴν
885 718 978 791 μὲν
1037 716 1128 772 οὖν
1183 719 1483 794 παράταξιν
1542 725 1651 774 τῶν
1708 719 1930 799 ἐχηρῶν

265 806 349 862 ἴτε
379 812 582 885 σαφῶς,
619 805 719 876 ὅση
758 803 848 861 διὰ
891 813 999 862 τῶν
1055 805 1188 881 τῇδε
1235 805 1436 864 πεδίων
1489 807 1802 888 ἐκκέχυται,
1855 811 1929 870 ὡς

265 895 456 966 πολλή
513 895 570 951 τέ
625 895 740 952 ἐστι
805 897 896 952 καὶ
956 897 1189 972 ἀριθμὸν
1251 893 1666 972 ὑπερϐαίνουσα·
1722 902 1820 969 τήν
1874 897 1931 954 δὲ

265 987 385 1041 καθ’
440 987 588 1058 ἡμᾶς
648 986 906 1060 στρατιὰν
963 985 1207 1064 γενναίαν
1268 988 1361 1060 μὲν
1402 987 1494 1042 καὶ
1555 990 1801 1058 νεανικὴν
1858 991 1926 1062 τῇ

265 1097 323 1130 τε
355 1072 520 1149 ῥώμῃ
551 1073 643 1129 καὶ
693 1080 811 1135 τοῖς
852 1077 1165 1154 φρονήμασι
1208 1076 1300 1131 καὶ
1349 1077 1512 1137 αὐτὸς
1563 1077 1697 1132 εἶναί
1757 1098 1925 1156 φημιο

263 1161 673 1234 πλήθειδέκαί
727 1169 848 1225 ταῖς
894 1162 1161 1243 φάλαγξιν
1211 1165 1311 1220 οὐκ
1353 1165 1414 1220 ἄν
1462 1165 1595 1244 φαίη
1647 1185 1730 1226 τις
1786 1165 1930 1235 ἀξιό-

268 1274 453 1332 μαχον
483 1257 617 1325 (47).
653 1259 744 1308 Δεῖ
788 1254 878 1307 οὗν
918 1254 1231 1327 Ῥωμαίους
1291 1253 1446 1315 ὄντας
1503 1255 1928 1332 μεμηχανῆσθαί

263 1346 442 1401 τεκαὶ
479 1340 877 1420 βεϐουλεῦσθαι
931 1341 1161 1406 δεόντως
1220 1344 1272 1400 ἐν
1329 1352 1446 1406 τοῖς
1503 1345 1733 1420 ἀπόροις
1791 1344 1928 1415 ἐξευ-

262 1433 468 1506 ρίσκειν
501 1435 568 1490 τὰ
598 1435 909 1514 πρόσφορα,
965 1433 1237 1509 αἱρεῖσθαί
1295 1457 1352 1490 τε
1411 1435 1516 1510 πρὸ
1575 1441 1683 1490 τῶν
1737 1433 1926 1490 δεινῶν

258 1524 326 1578 τὰ
357 1524 717 1603 ξυμφέροντα.
769 1526 857 1593 Μὴ
917 1525 1006 1579 οὗν
1062 1523 1348 1602 ἀλογίστῳ
1407 1530 1548 1605 φορᾷ
1602 1525 1694 1580 καὶ
1747 1546 1926 1599 παρα-

259 1608 458 1675 ϐόλοις
515 1612 877 1688 τολμήμασιν
934 1613 1010 1675 εἷς
1081 1619 1363 1689 προῦπτον
1446 1613 1925 1689 αὐτομολήσωμεν

259 1702 508 1775 ὄλεθρον.
551 1701 748 1777 Τόλμα
806 1705 910 1781 γὰρ
968 1701 1317 1782 ἀχαλίνωτος
1370 1703 1423 1766 ἐς
1473 1702 1710 1760 κίνδυνον
1768 1704 1924 1761 εἷ’ωθε

260 1799 542 1862 συνωθεῖν,
586 1795 622 1862 ἡ
684 1789 741 1847 δὲ
801 1793 938 1867 μετὰ
996 1790 1274 1869 λογισμοῦ
1323 1792 1594 1869 μέλλησις
1639 1791 1923 1864 διασώζειν

259 1878 379 1936 οἶδε
408 1882 538 1943 τοὺς
566 1880 944 1960 κεχρημένους
974 1881 1136 1955 αὐτῇ.

332 1969 403 2029 δ’.
459 1997 485 2023 ι(
551 1977 805 2046 Παραινῶ
855 1978 1166 2049 τοιγαροῦν,
1238 1970 1448 2049 ἄνδρες,
1511 1977 1586 2046 μὴ
1648 1971 1924 2030 διακινδυ-

254 2062 428 2115 νεύειν
456 2061 594 2136 πρὸς
625 2063 754 2125 τοὺς
795 2057 1107 2136 βαρϐάρους
1148 2061 1235 2117 ἐπὶ
1285 2062 1468 2118 τόπων
1515 2069 1622 2119 τῶν
1665 2061 1923 2119 πεδεινῶν

256 2150 581 2213 ἀκαθέκτοις
615 2153 953 2225 ὁρμήμασιν,
986 2149 1116 2206 ἀλλ’
1166 2150 1252 2207 ἐπὶ
1301 2158 1407 2208 τῶν
1463 2151 1708 2228 ἐρυμνῶν
1758 2151 1925 2209 ἐλλο-

254 2247 477 2319 χῶντας
536 2241 768 2296 τουτωνὶ
851 2240 1075 2320 χωρίων
1150 2244 1249 2311 τήν
1331 2240 1547 2297 ἐκείνων
1640 2243 1925 2317 ὑπομένειν

252 2331 432 2409 ἄφιξιν
461 2332 554 2386 καὶ
609 2326 878 2386 διάϐασιν
934 2337 1232 2402 τηνικαῦτα
1290 2329 1346 2388 δὲ
1403 2333 1632 2395 τούτοις
1685 2333 1926 2410 ἐρρωμε-

254 2419 504 2495 νέστερον
572 2419 904 2485 ἐπιτίθεσθαι
960 2421 1051 2475 καὶ
1109 2421 1360 2495 γενναίως
1418 2423 1920 2489 ἀντικαθίστασθαι.

255 2510 444 2584 Ταύτῃ
480 2509 585 2586 γὰρ
618 2509 776 2583 οἶμαι
810 2510 926 2578 (σὺν
975 2515 1090 2582 Θεῷ
1149 2511 1332 2589 φάναι)
1375 2514 1664 2586 κρατήσειν
1712 2534 1768 2568 τε
1815 2518 1923 2568 τῶν

252 2597 493 2677 ἐχθρῶν,
524 2599 616 2654 καὶ
647 2601 746 2669 τήν
797 2596 948 2654 λείαν
1003 2601 1211 2654 ἅπασαν
1267 2605 1374 2656 τῶν
1427 2599 1727 2680 ὁμοφύλων
1779 2603 1917 2677 πρὸς

250 2691 406 2761 ἡμᾶς
483 2687 880 2745 ἀνασώσασθαι.
963 2693 1050 2761 Τῷ
1135 2691 1239 2766 γὰρ
1319 2687 1720 2764 ἀπροσδοκήτῳ

252 2775 576 2852 ἐπιδρομῶν
633 2775 966 2832 δουλοῦσθαι
1015 2777 1174 2833 εἷ’ωθε
1217 2779 1282 2834 τὰ
1332 2777 1577 2852 πολέμια
1635 2783 1766 2852 (4-8),
1827 2781 1919 2835 καὶ

253 2873 378 2928 ταῖς
415 2864 707 2946 αἰφνιδίοις
769 2864 1120 2936 ὑπεξελάσεσι
1175 2868 1242 2922 τὰ
1303 2866 1586 2947 ὑπέραυχα
1643 2869 1733 2923 καὶ
1791 2867 1923 2924 ἀλα-

253 2957 444 3027 ζονικὰ
499 2956 703 3036 πέφυκε
762 2959 1088 3036 φρονήματα
1176 2955 1484 3032 θραύεσθαι.
1545 2961 1654 3027 Τήν
1711 2979 1769 3013 τε
1827 2959 1918 3013 οὖν

251 3045 553 3114 ἡλικιῶτιν
604 3046 802 3120 ἀρετὴν
864 3043 1247 3121 διατηροῦντες
1307 3047 1397 3100 καί
1457 3049 1556 3117 τὴν
1628 3049 1921 3127 σύντροφον

252 3137 392 3209 πρὸς
425 3137 552 3198 τοὺς
582 3135 798 3212 ἀγῶνας
859 3134 1145 3212 εὐγένειαν,
1201 3141 1318 3199 τοῖς
1364 3133 1622 3198 ἐναντίοις
1669 3137 1921 3192 ὑπαντιά-

431 3226 522 3282 ’ὀτε
554 3230 789 3300 σημήνω
820 3232 940 3287 ταῖς
973 3225 1249 3301 σάλπιγξι.
1286 3249 1312 3276 ››
1373 3228 1457 3300 [Ρ.
1512 3231 1601 3296 13]
1641 3228 1914 3298 Τοιαύτην

256 3318 351 3389 μὲν
400 3318 430 3372 ὁ
487 3318 794 3394 στρατηγὸς
852 3319 951 3387 τήν
1004 3317 1316 3392 παραίνεσιν
1381 3315 1709 3394 ἐξηγήσατο·
1770 3320 1798 3372 ὁ
1862 3315 1917 3373 δὲ

252 3407 485 3480 στρατὸς
541 3405 787 3476 ἠλάλαξέ
843 3428 900 3461 τε
957 3408 1049 3461 καὶ
1127 3406 1481 3478 ἐπεκράτησε,
1567 3407 1658 3462 καὶ
1712 3407 1786 3469 ὼς
1849 3408 1916 3463 τὰ

249 3497 518 3570 κράτιστα
578 3497 893 3569 ὑποθεμένῳ
941 3495 976 3570 ᾖ
1030 3494 1090 3550 ἄν
1146 3498 1344 3572 ἡγοῖτο
1429 3495 1649 3551 ἓπεσθαι
1709 3498 1914 3571 προθύ-

256 3607 375 3657 μως
404 3590 450 3626 ⁸ο
478 3586 564 3654 ἦν·
603 3581 874 3659 Ἐνέδραις
908 3582 999 3638 οὖν
1047 3581 1322 3663 διειλήφει
1365 3587 1463 3654 τὴν
1513 3581 1658 3652 ὁδὸν,
1710 3585 1917 3640 ἀποτό-

257 3696 397 3747 μους
448 3676 545 3736 τὰς
591 3674 894 3749 ἀκρωρείας
931 3669 1416 3748 προϐαλλομένην,
1462 3671 1808 3748 κρημνώδεις
1859 3697 1918 3731 τε

401 3759 788 3840 σηραγγώδεις
847 3763 922 3823 ὼς
978 3762 1045 3817 τὰ
1096 3759 1306 3830 πολλὰ,
1360 3763 1454 3822 τὰς
1527 3763 1800 3837 ὑπωρείας
1861 3761 1916 3818 δὲ

255 3851 634 3928 βαραθρώδεις
699 3873 759 3907 τε
814 3852 904 3908 καὶ
960 3850 1299 3930 ἀμφιλαφεῖς
1375 3852 1628 3927 πρέμνων
1712 3875 1769 3908 τε
1825 3853 1916 3908 καὶ

250 3941 616 3999 παντοδαπῶν
704 3939 872 4002 ἰδέαις
955 3945 1156 4020 φυτῶν.
1241 3941 1422 4016 Ταύτῃ
1484 3939 1828 4021 προλοχίσας
1888 3944 1915 3997 ὁ

251 4034 566 4111 στρατηγὸς
607 4035 872 4102 καθῆστο,
931 4033 1030 4101 τήν
1086 4036 1193 4086 τῶν
1254 4025 1545 4107 βαρϐάρων
1600 4032 1917 4107 προσμένων

249 4123 542 4194 ἐπήλυσιν.
570 4125 632 4180 Ὀ
665 4120 722 4177 δὲ
754 4116 1036 4195 Χαμϐδὰν,
1088 4125 1168 4192 τῷ
1222 4141 1280 4175 τε
1326 4119 1527 4188 πλήθει
1576 4127 1683 4176 τῶν
1727 4121 1918 4201 ἐφεπο-

251 4212 429 4284 μένων
486 4214 576 4268 καὶ
636 4217 756 4272 ταῖς
807 4208 1044 4290 φάλαγξι
1130 4204 1560 4286 σοϐαρευόμενος
1643 4211 1734 4265 καὶ
1790 4234 1917 4288 γαυ-

247 4303 540 4377 ρούμενος,
572 4305 640 4376 τῇ
667 4322 726 4357 τε
756 4305 865 4356 τῶν
896 4297 1153 4378 λαφύρων
1198 4296 1495 4372 πλησμονῇ
1547 4299 1637 4354 καὶ
1688 4303 1757 4374 τῇ
1807 4307 1915 4356 τῶν

245 4391 633 4470 αἰχμαλώτων
716 4390 992 4466 ἀπαγωγῇ
1076 4387 1434 4462 ἐπαιρόμενός
1491 4409 1548 4442 τε
1607 4389 1697 4443 καὶ
1766 4391 1916 4464 βρεν-

246 4481 536 4553 θυόμενος,
590 4478 808 4540 πολλὰς
886 4477 1022 4532 κατὰ
1108 4476 1306 4550 θάτερα
1389 4477 1485 4538 τὰς
1570 4475 1912 4546 ἐπεξελάσεις

246 4571 493 4626 ἐποιεῖτο
542 4573 677 4643 (49),
732 4566 815 4648 ἐφ’
855 4565 1032 4622 θίππου
1091 4563 1316 4636 θηλείας
1374 4567 1466 4620 καὶ
1527 4569 1757 4642 μέγεθος
1816 4569 1911 4624 καὶ

1812 2697 1920 2746 τῶν

255 3233 373 3270 Υτφσ

256 3267 396 3295 3"“)

1952 1914 2003 1980 B

2039 637 2222 707 probe
2253 638 2444 692 nostis
2477 643 2562 691 tot
2593 652 2720 692 esse
2743 641 2807 690 ut
2834 651 3150 690 numerum
3175 640 3495 706 superent:
3532 653 3699 691 exer-

2036 727 2220 780 citum
2253 734 2522 781 nostrum
2556 725 2921 796 intrepidum
2953 730 3012 778 et
3041 724 3301 779 alacrem
3324 725 3537 780 virtute
3571 725 3700 781 ani-

2039 832 2255 886 moque
2276 833 2406 871 esse
2419 815 2512 871 vel
2536 817 2662 887 ipse
2684 814 2902 869 fateor:
2925 813 3312 868 multitudine
3328 815 3700 886 catervisque

2037 905 2300 960 militum
2318 905 2732 960 firmissimum
2759 903 2832 958 ad
2856 919 3114 975 pugnam
3138 919 3314 957 nemo
3338 903 3510 958 facile
3533 904 3701 958 dixe-

2037 993 2131 1048 rit.
2199 995 2456 1050 Proinde
2526 993 2836 1058 debemus,
2893 993 3380 1063 quandoquidem
3441 994 3695 1048 Romani

2037 1100 2243 1138 sumus
2283 1101 2536 1139 acumen
2585 1084 3028 1153 consiliumque
3077 1081 3342 1136 debitum
3384 1082 3692 1150 adhibere,

2036 1173 2543 1244 quemadmodum
2582 1174 2643 1228 in
2676 1172 2804 1227 loco
2845 1171 3078 1226 difﬁcili
3131 1171 3437 1226 constituti
3479 1187 3690 1226 conve-

2035 1262 2267 1317 nientia
2288 1262 2682 1328 inveniamus,
2710 1260 3000 1331 utiliaque
3022 1260 3220 1331 potius
3243 1276 3421 1332 quam
3445 1261 3696 1314 exitiosa

2035 1351 2293 1406 consilia
2322 1351 2648 1422 capiamus.
2684 1353 2762 1405 Ne
2788 1350 2968 1422 igitur
2993 1349 3444 1404 inconsiderato
3471 1350 3696 1420 impetu

2033 1440 2313 1511 ausisque
2342 1440 2678 1496 temerariis
2700 1440 2758 1493 in
2783 1445 3051 1510 apertam
3074 1455 3320 1493 ruamus
3344 1437 3690 1509 perniciem.
3739 1462 3746 1470 -

2033 1530 2178 1583 Nam
2212 1530 2498 1584 effrenata
2529 1527 2776 1584 audacia
2808 1528 2869 1582 in
2909 1527 3245 1599 periculum
3303 1527 3456 1582 solet
3504 1527 3692 1598 conji-

2031 1636 2192 1686 cere,
2231 1621 2531 1676 cunctatio
2591 1637 2726 1675 cum
2786 1619 3016 1692 judicio
3075 1620 3400 1690 conjuncta
3457 1635 3690 1674 servare

2030 1715 2227 1781 potest
2255 1709 2393 1765 illos
2425 1710 2524 1782 qui
2559 1726 2627 1766 ea
2655 1715 2926 1766 utuntur.

2103 1979 2157 2032 4.
2192 2001 2220 2028 ‹‹
2256 1979 2448 2044 Quare
2480 1996 2579 2033 vos
2619 1977 2847 2043 hortor,
2901 1977 3362 2044 commilitones,
3417 1993 3494 2032 ne
3546 1976 3693 2032 locis

2034 2069 2467 2139 campestribus
2500 2069 2560 2123 in
2594 2069 2916 2124 discrimen
2950 2086 3048 2122 vos
3081 2067 3363 2122 adversus
3409 2066 3693 2120 barbaros

2034 2158 2450 2229 intemperatis
2484 2158 2927 2213 incursionibus
2955 2157 3240 2226 afferatis,
3275 2172 3479 2210 verum
3512 2161 3596 2220 ut,
3631 2156 3693 2210 in

2032 2247 2379 2316 regionibus
2412 2254 2628 2303 natura
2658 2248 2905 2302 munitis
2938 2248 3057 2302 illis
3082 2247 3455 2311 insidiantes,
3485 2260 3690 2300 eorum

2040 2337 2468 2408 praestolemini
2501 2338 2818 2394 adventum
2849 2354 2910 2392 se
2945 2337 3292 2392 transitum:
3327 2341 3467 2390 tunc
3490 2340 3690 2390 autem

2034 2432 2098 2480 ut
2124 2428 2358 2483 fortiter
2388 2444 2488 2483 eos
2529 2427 2721 2483 adorti
2748 2428 2963 2482 acriter
2991 2444 3118 2482 rem
3145 2425 3382 2495 geratis.
3411 2425 3502 2479 Sic
3531 2424 3692 2478 enim

2033 2516 2248 2587 Opinor
2276 2520 2444 2588 (pace
2479 2517 2752 2572 Numinis
2784 2517 3057 2587 dixerim)
3091 2532 3201 2570 nos
3222 2520 3278 2569 et
3309 2519 3692 2585 superaturos

2033 2604 2259 2670 hostes,
2295 2612 2353 2660 et
2404 2605 2665 2677 praedam
2725 2622 2963 2661 omnem
3023 2604 3420 2676 popularibus
3472 2602 3695 2657 nostris

2033 2700 2296 2764 ereptam
2330 2702 2696 2766 recepturos.
2731 2695 2964 2751 Habent
2991 2695 3151 2749 enim
3186 2695 3297 2748 hoc
3349 2691 3694 2757 adversarii,

2032 2790 2097 2838 ut
2113 2783 2450 2855 improvisis
2469 2784 2875 2855 percellantur
2892 2783 3252 2847 incursibus,
3267 2788 3452 2854 utque
3465 2797 3696 2854 aggres-

2031 2872 2301 2926 sionibus
2334 2873 2666 2944 repentinis
2698 2873 2835 2928 elati
2865 2879 3043 2943 atque
3098 2873 3457 2942 impotentes
3506 2869 3692 2925 animi

2033 2979 2238 3017 eorum
2261 2963 2631 3035 frangantur.
2671 2965 2754 3018 Ita
2777 2963 3107 3034 juvenilem
3139 2964 3418 3016 virtutem
3451 2977 3689 3015 servan-

2032 3056 2524 3119 tes,etassuetam
2555 3051 2615 3105 in
2641 3051 2864 3122 praeliis
2894 3050 3376 3123 generositatem,
3411 3048 3690 3104 adversa-

2030 3141 2136 3195 riis
2168 3141 2487 3207 occurrite,
2521 3140 2622 3196 ubi
2659 3141 2816 3195 tubis
2849 3140 3082 3212 signum
3115 3139 3353 3194 dedero.
3385 3161 3408 3190 ιι
3435 3138 3554 3194 IIac
3584 3139 3690 3193 ha-

2029 3229 2153 3284 bita
2184 3231 2453 3285 oratione
2486 3247 2521 3286 a
2549 3230 2722 3296 duce,
2755 3230 3069 3295 exercitus,
3107 3229 3208 3285 22
3237 3228 3497 3284 clamore
3525 3227 3693 3299 plau-

2028 3337 2214 3390 suque
2249 3320 2480 3375 sublato
2515 3327 2757 3392 paratus
2790 3325 2917 3374 erat
2956 3336 3114 3388 eum,
3159 3324 3224 3373 ut
3274 3319 3500 3390 optima
3555 3333 3690 3372 sua-

2026 3409 2289 3475 dentem,
2326 3410 2497 3480 sequi
2531 3426 2909 3480 quacumque
2941 3409 3204 3463 duceret.
3239 3406 3494 3462 Proinde
3541 3406 3689 3460 insi-

2027 3498 2141 3552 diis
2165 3499 2278 3552 iter
2299 3499 2669 3569 cingit,quod
2686 3516 2822 3553 cum
2838 3498 3155 3553 cacumina
3169 3495 3686 3568 praerupta,ardua

2028 3591 2086 3640 et
2114 3604 2436 3642 cavernosa
2465 3604 2608 3642 sane
2643 3587 3056 3658 protendebat,
3119 3593 3244 3642 tum
3286 3587 3464 3641 dorsa
3513 3601 3682 3639 mon-

2027 3676 2175 3730 tium
2207 3677 2576 3748 voraginosa,
2612 3677 2774 3730 silvis
2797 3683 2856 3730 et
2885 3676 3176 3748 cujusque
3198 3675 3361 3730 modi
3393 3673 3676 3745 stirpibus

2026 3772 2290 3836 Opacata.
2316 3765 2400 3820 Ibi
2426 3766 2660 3821 insidiis
2682 3771 2820 3821 ante
2842 3766 3050 3836 positis
3068 3771 3287 3836 praetor
3307 3763 3677 3830 consederat,

2026 3854 2414 3910 barbarorum
2475 3861 2824 3927 exspectans
2891 3855 3228 3910 adventum.
3309 3853 3677 3919 Cbambdan,

2028 3942 2521 4016 subsequentium
2555 3945 2940 4000 multitudine
2970 3946 3339 4015 catervisque
3386 3945 3572 4000 fretus
3625 3948 3685 3998 et

2029 4033 2317 4102 insolens,
2350 4051 2544 4105 neque
2576 4035 2775 4089 minus
2808 4033 2998 4088 elatus
3027 4040 3205 4105 atque
3265 4033 3555 4105 superbus
3609 4033 3682 4088 ob

2029 4123 2246 4194 praedae
2273 4125 2505 4195 copiam
2520 4141 2698 4195 quam
2718 4124 2791 4178 ob
2815 4123 3278 4179 abstractionem
3293 4124 3681 4194 captivorum,

2027 4212 2376 4284 frequenter
2404 4218 2659 4284 utroque
2690 4213 3100 4284 procurrebat,
3135 4218 3334 4267 vectus
3368 4228 3539 4282 equa,
3557 4218 3685 4266 tum

2026 4303 2456 4375 magnitudine,
2487 4308 2613 4357 tum
2632 4303 2983 4372 pernicxtate
3008 4299 3498 4373 singulari,modo
3517 4299 3682 4356 clau-

2025 4393 2174 4447 dens
2207 4391 2380 4447 modo
2404 4390 2764 4447 antecedens
2793 4406 3027 4462 agmen,
3052 4389 3322 4444 lanceam
3347 4389 3682 4456 vibrans,ac

2023 4498 2186 4536 nunc
2217 4482 2572 4552 permittens
2604 4481 2787 4545 auris,
2821 4495 2984 4534 nunc
3015 4496 3221 4534 rursus
3251 4479 3569 4550 crispatam
3601 4479 3677 4534 ad

2024 4587 2087 4626 se
2116 4571 2435 4642 recipiens.
2470 4569 2578 4625 Ubi
2611 4586 2746 4625 vero
2807 4585 3052 4624 emensa
3103 4568 3414 4639 equitabili
3460 4569 3556 4625 via
3600 4568 3676 4625 ad

1466 4715 1524 4767 C.
1571 4713 1634 4769 B.
1679 4713 1868 4769 HASII
1904 4714 2460 4770 ANNOTATIONES.

323 4833 370 4867 ⁴⁰
401 4831 723 4906 προθύμως.
753 4831 849 4889 Sic
880 4829 1010 4889 cod.

323 4963 437 5032 (47)
496 4959 742 5017 Reddidi
808 4959 1182 5030 ﬁrmissimum
1247 4973 1260 5010 :

239 5050 468 5104 parem.

325 5105 436 5175 (48)
471 5105 580 5159 Leo
613 5104 957 5175 frequentat
987 5108 1330 5175 utrumque,
1357 5095 1630 5175 πολέμιος
1661 5106 1719 5156 et
1738 5098 1910 5155 πολε-

252 5169 437 5250 μικός.
473 5174 700 5250 Ἀγαθὸν
722 5169 796 5250 ἶτέὲι
827 5169 1070 5250 πολέμια
1097 5175 1184 5250 2Q.
1214 5169 1287 5226 Ὁ.
1345 5172 1433 5250 23.
1497 5173 1555 5227 Β.
1598 5176 1704 5250 _(ex
1743 5176 1908 5250 Aga-

250 5241 380 5304 thia
413 5241 595 5316 illi.
626 5251 714 5301 24.
752 5248 790 5300 Β
849 5247 936 5302 30.
970 5241 1061 5316 Β.)
1101 5241 1398 5316 αὐτουργόν
1447 5262 1505 5296 τε
1556 5241 1624 5316 τὰ
1665 5241 1909 5316 πολέμια

249 5323 339 5392 12.
404 5327 468 5374 Α.
511 5314 1069 5392 δραστικώτατοςλτὰ
1109 5311 1385 5392 πολέμία
1424 5318 1510 5392 54;.
1697 5311 1909 5392 ἐξήσκει

243 5391 315 5444 τὰ
346 5412 405 5445 π.
455 5382 553 5447 22.’
591 5388 872 5448 νεανικοῦς
932 5387 998 5440 τὰ
1031 5382 1276 5457 πολέμια
1326 5389 1410 5457 52.
1479 5388 1536 5457 Β..
1563 5456 1566 5457 ν
1593 5382 1909 5457 Dionysius

244 5481 485 5534 quoque
521 5459 1064 5534 Halicarnassensis
1109 5453 1262 5512 dixit
1315 5455 1381 5534 τὰ
1435 5453 1681 5534 πολέμια
1712 5453 1904 5534 δεινός.

244 5482 366 5534 quo
415 5482 485 5519 ue
521 5482 1064 5519 naucarnassensns
1109 5482 1262 5512 uult
1317 5482 1381 5509 τα
1435 5482 1681 5528 ποΛεμια
1712 5482 1904 5518 οεινος.

243 5537 327 5590 De
372 5482 553 5608 fLysia
583 5535 803 5608 5181.
865 5541 931 5608 ᾼί.
979 5532 1197 5608 Contra
1238 5525 1517 5608 πολεμικά
1567 5529 1678 5608 Leo
1728 5530 1905 5608 3_._D.

242 5607 379 5663 his:
417 5596 500 5664 1'4.
534 5609 595 5662 c.
631 5607 720 5660 31.
756 5605 817 5659 B.
861 5606 947 5658 39.
983 5604 1050 5657 A.
1111 5603 1196 5656 75.
1233 5601 1292 5656 C.
1330 5596 1908 5672 ﬂoAéptarAgathias,

241 5696 425 5751 quem
449 5686 656 5736 noster
696 5677 996 5751 imitatur,
1017 5689 1171 5744 smpe
1201 5673 1288 5751 _(_u_t
1316 5671 1910 5751 nﬁunchuidémusunt

242 5744 382 5824 edd)
411 5752 680 5820 adhibet,
720 5751 805 5804 19.
843 5749 902 5803 Β.
942 5749 1029 5801 31.
1078 5755 1146 5800 Α.
1199 5747 1288 5801 56.
1341 5744 1402 5799 B.
1449 5745 1538 5798 60.
1587 5745 1649 5799 Β.
1706 5748 1792 5800 75..
1844 5746 1904 5801 C.

1345 4955 1599 5013 fortasse
1686 4957 1908 5014 rectius

2032 4961 2111 5013 92.
2145 4960 2209 5014 A.
2245 4962 2366 5015 105.
2392 4960 2455 5014 Β.
2491 4963 2612 5014 117.
2647 4960 2708 5016 Β.
2745 4961 2868 5016 159.
2899 4960 2961 5016 C.
3016 4962 3136 5015 101.
3180 4959 3246 5015 Β.
3298 4961 3420 5016 162.
3457 4965 3524 5019 Α.
3575 4983 3676 5018 πο-

2026 5028 2230 5102 λεμικὶ
2268 5032 2481 5098 rarius,
2545 5034 2666 5086 130.
2729 5033 2789 5088 Β.
2847 5033 2967 5086 160.
3030 5035 3097 5087 Α.
3157 5034 3451 5088 Caeterum
3514 5035 3680 5091 locus

2023 5104 2360 5158 communis
2379 5103 2536 5174 apud
2558 5105 2812 5159 Leonem
2838 5103 3210 5160 commodius
3244 5106 3329 5160 sic
3352 5104 3636 5161 reddatur
3661 5122 3676 5161 :

2019 5176 2174 5245 Szpe
2203 5177 2349 5229 enim
2378 5191 2461 5230 res
2494 5175 2731 5230 hostium
2760 5179 2926 5246 impr.
2986 5178 3096 5230 inc.
3150 5176 3555 5245 percellantur,
3591 5194 3680 5233 re-

2015 5247 2370 5316 pentinisque
2427 5248 2869 5316 aggressionibus
2921 5250 3252 5316 franguntw
3321 5249 3453 5302 elati
3511 5255 3680 5318 atque

2018 5320 2346 5388 impotentes
2374 5320 2570 5374 animi.
2611 5321 2674 5373 In
2706 5320 2978 5374 versione
3011 5335 3182 5388 secus
3214 5323 3322 5372 est.

2088 5387 2196 5457 (49)
2259 5391 2439 5445 Voces
2497 5387 2804 5458 ἔπεξέλασες
2867 5397 2926 5446 et
2983 5387 3298 5458 ὑπεξέλασις
3357 5405 3475 5442 non
3538 5395 3678 5445 sunt

2019 5459 2081 5514 in
2116 5461 2382 5516 Lexicis:
2421 5461 2529 5517 hac
2557 5464 2743 5517 utitur
2775 5464 2886 5517 Leo
2921 5465 3006 5515 12.
3054 5461 3116 5515 D.
3168 5461 3273 5515 illa
3322 5460 3416 5514 hic
3471 5467 3529 5514 et
3581 5463 3669 5516 32.

2020 5534 2085 5587 A.
2119 5534 2206 5604 45.
2244 5534 2302 5604 Β.
2339 5534 2398 5604 Ο.
2434 5537 2520 5587 77.
2556 5535 2617 5590 C.
2658 5536 2747 5604 82.
2805 5535 2862 5588 Β.
2916 5528 3300 5604 Παρίεξελαύνω
3495 5533 3556 5586 Β.
3615 5538 3674 5587 et

2018 5605 2106 5657 94.
2141 5603 2200 5658 C.
2233 5603 2344 5664 Τὰς
2377 5601 2658 5666 ἐπελάσεις
2691 5603 2975 5660 ἐποιοῦντο
3000 5601 3204 5657 habet
3245 5601 3522 5674 Agathias
3576 5606 3668 5660 25.

2019 5682 2084 5730 A.
2119 5675 2208 5728 35.
2241 5680 2298 5731 C.
