4128 6450
401 407 516 467 691
1846 401 2127 464 LEONIS
2174 404 2499 466 DlACONI
3708 405 3832 467 692

403 538 603 594 fauces
636 539 1233 609 appr0pinquaverat,
1282 537 1668 609 angustisque
1724 540 1782 590 et
1832 534 2090 606 asperis,

2207 535 2379 609 ρόμον
2438 535 2742 615 ὑπερφυοῦς
2797 533 3193 614 ἐποχούμενος,
3251 535 3345 590 καὶ
3401 541 3504 605 τῆς
3567 541 3828 609 στρατιᾶς

407 628 557 683 locis
590 626 852 682 conclusi
878 626 1116 683 barbari
1139 627 1266 683 acie
1290 626 1483 682 soluta
1513 631 1579 680 ut
1608 625 1861 697 quisque
1894 628 2064 696 pote-

2199 630 2248 692 τῆ
2310 625 2405 698 μὲν
2470 625 2740 703 οὐραγῶν,
2798 633 2874 696 πῆ
2939 622 2995 680 δὲ
3044 622 3359 700 προοδεύων
3424 626 3563 698 (50),
3623 625 3718 680 καὶ
3765 624 3829 680 τὸ

404 721 500 771 rat
527 732 636 786 per
690 714 1026 787 crepidines
1083 715 1447 781 nitebantur,
1508 720 1631 770 tum
1693 712 1832 779 dux,
1892 712 2059 785 signo

2206 712 2302 788 όρυ
2334 714 2512 783 σείων,
2544 716 2634 770 καὶ
2666 720 2787 777 ταῖς
2818 710 3009 790 αὔραις
3054 715 3279 788 μεθιεὶς,
3340 714 3439 769 εἶτ’
3480 713 3633 775 αὖθις
3698 715 3831 788 μεθ-

408 806 566 862 tubis
591 806 749 872 dato,
783 806 1054 862 excitatis
1086 805 1242 862 circa
1274 823 1402 862 sese
1430 804 1686 875 insidiis,
1734 802 1966 859 obviam
1996 820 2059 859 se

2199 800 2345 858 λκῶν
2413 804 2551 879 πρὸς
2607 805 2796 861 ἑαυτὸν
2850 802 3295 880 κραδαινόμενονο
3382 803 3535 861 Ἐπεὶ
3613 800 3671 858 δὲ
3730 805 3831 874 τήν

404 896 674 951 barbaris
706 895 942 951 obtulit.

2199 890 2487 962 ππήλατον
2516 889 2641 948 ὁδὸν
2672 891 2902 950 διελθὼν
2931 899 3051 955 ταῖς
3092 891 3432 973 δυσχωρίαις
3460 888 3829 969 προσέϐαλλε,

402 984 495 1039 καὶ
551 988 669 1045 τοῖς
725 982 1081 1045 στενωτάτοις
1128 985 1221 1040 καὶ
1279 980 1598 1058 ἀνωμάλοις
1640 980 2054 1053 συνειληθέντες
2111 986 2220 1036 τῶν
2274 981 2459 1037 τόπων
2505 983 2558 1038 οἱ
2622 979 2894 1059 βάρϐαροι
2974 985 3075 1053 τήν
3149 981 3408 1065 φάλαγγα
3489 981 3831 1051 διελύσαντο,

403 1073 494 1130 καὶ
524 1071 601 1135 ὥς
630 1095 706 1144 πη
741 1071 859 1128 ἐνὸν
889 1074 955 1143 ἦν
1002 1073 1237 1146 έκάστῳ,
1293 1073 1431 1129 κατὰ
1486 1069 1789 1148 κρημνώδη
1842 1068 2080 1145 διῄεσαν,
2134 1075 2427 1142 τηνικαῦτα
2475 1077 2596 1134 ταῖς
2654 1070 2911 1149 σάλπιγξι
2965 1074 3028 1129 τὸ
3088 1071 3334 1129 ἐνυάλιον
3394 1073 3751 1147 ὑποσημήνας
3803 1074 3831 1127 ὁ

404 1161 712 1236 στρατηγὸς
737 1160 829 1216 καὶ
857 1166 966 1216 τῶν
997 1157 1190 1239 λόχων
1219 1157 1577 1231 διαναστήσας
1605 1160 1735 1223 τοὺς
1755 1159 1890 1239 ἀμφ’
1918 1159 2105 1231 αὐτὸν,
2141 1158 2432 1229 ὑπηντίαζε
2467 1165 2584 1223 τοῖς
2616 1156 2935 1237 βαρϐάροις.

482 1293 659 1346 5.1ta
688 1290 909 1358 cuncti,
940 1289 1168 1363 gladios
1229 1290 1543 1346 destrictos
1597 1291 1661 1345 in
1708 1306 1923 1345 manus
1972 1305 2065 1344 su-

409 1386 665 1448 mentes,
698 1382 901 1435 hostes
932 1381 1147 1435 itinere
1178 1379 1527 1452 defatigatos
1567 1384 1809 1435 strenue
1839 1377 2063 1435 cecide-

412 1476 575 1537 runt,
607 1486 744 1526 cum
775 1469 890 1541 ipsi
922 1469 1136 1543 integri
1168 1469 1243 1525 ad
1274 1469 1412 1524 illos
1442 1470 2063 1540 accessissent.Neque

412 1560 673 1617 multum
699 1558 885 1613 abfuit
911 1559 1056 1629 quin
1078 1558 1203 1630 ipse
1234 1557 1580 1614 Chambdan
1605 1574 1639 1613 a
1667 1558 1951 1613 Romanis
1975 1574 2065 1612 ca-

411 1654 657 1722 peretur
684 1665 696 1702 :
730 1648 942 1715 nisi,ut
972 1648 1073 1704 23
1102 1655 1224 1703 erat
1252 1647 1400 1702 alias
1427 1653 1635 1703 acutus
1669 1651 1727 1702 et
1756 1652 2065 1719 promptus

415 1737 491 1794 ad
523 1742 684 1792 recta
721 1735 973 1792 consilia
1011 1736 1075 1790 in
1106 1734 1562 1791 dilﬁcultatibus
1593 1734 2068 1799 invenienda,ar—

416 1835 658 1899 gentum
693 1830 752 1880 et
781 1840 1015 1893 aurum,
1050 1824 1208 1895 quod
1238 1840 1438 1879 secum
1468 1829 1824 1896 portaverat,
1845 1830 2068 1879 temere

2246 1286 2303 1341 ε’.
2339 1287 2443 1344 Καὶ
2485 1288 2680 1350 πάντες
2732 1287 2817 1344 ἐπὶ
2874 1293 2982 1344 τῶν
3033 1288 3201 1370 ξιφῶν
3263 1289 3417 1369 εἶχον
3475 1289 3570 1351 τὰς
3631 1285 3832 1358 δεξιὰς,

2172 1376 2261 1431 καὶ
2319 1381 2489 1432 ταῦτα
2547 1379 2882 1452 σπασάμενοι
2937 1379 2979 1416 ⁴¹
3042 1377 3411 1460 έπιστρφάδην
3482 1373 3712 1434 ἔκτεινον
3769 1378 3832 1433 τὸ

2174 1464 2469 1523 ἀντίπαλον
2500 1468 2780 1543 κεκμηκὸς
2823 1472 2894 1544 τῇ
2952 1465 3264 1545 ὁδοιπορίᾳ,
3314 1469 3561 1544 ἀκμῆτες
3589 1468 3641 1505 ⁴²
3680 1457 3833 1523 αὐτοὶ

2176 1556 2357 1629 τούτῳ
2396 1553 2741 1627 πελάζοντες.
2802 1558 2899 1614 Καὶ
2968 1557 3065 1614 κᾶν
3120 1559 3212 1614 καὶ
3269 1558 3432 1621 αὐτὸς
3489 1559 3517 1613 ὁ
3574 1552 3836 1632 Χαμϐδὰν

2176 1642 2303 1715 ἥλω
2366 1650 2565 1720 μικροῦ
2617 1646 2755 1722 πρὸς
2811 1651 2919 1702 τῶν
2984 1648 3274 1723 Ῥωμαίων
3353 1645 3728 1724 δορυάλωτος·
3790 1646 3837 1701 εἰ

2182 1735 2283 1806 μὴ,
2316 1731 2611 1805 τηνάλλως
2655 1734 2918 1816 ἀγχίνους
2958 1734 3032 1792 ὥν
3089 1738 3186 1793 κᾶν
3245 1742 3361 1800 τοῖς
3422 1737 3651 1812 ἀπόροις
3714 1735 3835 1805 ὀξὺς

2180 1820 2429 1892 ἐννοῆσαι
2456 1824 2524 1878 τὰ
2566 1821 2775 1897 δέοντα,
2835 1825 2927 1881 τὸν
2986 1825 3043 1881 δν
3101 1824 3389 1908 ἐπεφέρετο
3450 1825 3687 1904 ἄργυρον
3743 1823 3835 1880 καὶ

416 1933 525 1989 per
554 1917 707 1970 viam
739 1914 932 1987 spargi
957 1915 1240 1986 jussisset
1268 1931 1281 1969 :
1316 1931 1435 1986 qua
1462 1932 1526 1970 re
1567 1917 1971 1971 Romanorum
2002 1914 2065 1969 in

2199 1914 2380 1991 [ρυσὸν
2410 1911 2588 1993 χύδην
2618 1913 2707 1971 ἐπὶ
2763 1923 2864 1986 τῆς
2912 1916 3216 1991 ἀτραπιτοῦ
3275 1915 3602 1993 διασπείρειν
3660 1936 3840 1992 προσ-

420 2004 756 2078 colligendo
777 2020 920 2059 auro
943 2010 1365 2075 occupatorum
1384 2004 1665 2060 distracto
1679 2005 2071 2077 impetu,cum

419 2094 627 2166 paucis
658 2092 1094 2165 protectoribus
1123 2094 1457 2165 periculum
1492 2095 1714 2168 effugit.
1756 2096 1940 2150 Tanta
1970 2108 2075 2148 au-

422 2189 545 2240 tem
577 2182 797 2239 dicitur
826 2184 937 2239 hoc
965 2183 1172 2255 prmlio
1202 2182 1470 2239 barbaraa
1500 2184 1907 2239 multitudinis
1922 2183 2078 2238 facta

426 2289 556 2329 esse
579 2272 800 2344 clades,
828 2278 893 2327 ut
923 2289 1029 2344 per
1049 2288 1221 2346 agros
1241 2273 1380 2328 illos
1402 2274 1592 2329 acervi
1617 2274 1841 2329 ossium
1862 2273 2077 2327 huma-

427 2382 644 2422 norum
674 2365 748 2421 ad
778 2365 937 2421 hunc
966 2382 1157 2437 usque
1199 2365 1358 2422 diem
1416 2366 1881 2438 conspiciantur.
1930 2366 2077 2431 Dux,

428 2455 775 2528 hujusmodi
797 2455 1057 2511 victoriis
1074 2473 1142 2511 ac
1165 2455 1601 2528 stratagematis
1624 2455 1847 2528 ingenti
1868 2452 2078 2509 barba-

426 2562 630 2601 rorum
663 2544 1050 2600 multitudine
1084 2545 1382 2600 debellata
1412 2561 1480 2600 ac
1506 2544 1722 2610 deleta,
1763 2549 2082 2617 postquam

422 2640 801 2708 arrogantem
825 2634 1216 2708 jactationem
1267 2633 1637 2691 Chambdani
1675 2633 1739 2688 in
1762 2632 2083 2706 ignobilem

426 2730 605 2796 atque
638 2725 908 2798 ignavam
943 2723 1325 2779 timiditatem
1357 2723 1675 2797 fugamque
1698 2723 2087 2779 convertisset

428 2814 962 2887 compulissetque,
998 2814 1121 2869 suis
1153 2831 1339 2869 unum
1370 2815 1432 2868 in
1464 2814 1662 2868 locum
1694 2814 2084 2885 congregatis,

428 2909 729 2972 convecta,
750 2910 876 2959 tum
891 2903 1224 2972 barbarica,
1242 2909 1366 2958 tum
1383 2904 1562 2959 etiam
1576 2905 1843 2959 Romana
1862 2902 2085 2974 prwda,

430 3011 608 3067 quam
636 2994 698 3048 in
729 2993 1116 3066 populatione
1152 2993 1390 3049 barbari
1409 2993 1793 3065 collegerant,
1818 2993 1947 3064 ejus
1961 3008 2087 3048 ma-

423 3085 621 3157 jorem
651 3088 881 3155 partem
916 3082 1201 3138 exercitui
1234 3082 1540 3137 distribuit
1563 3099 1575 3136 :
1601 3082 1862 3153 captivos
1879 3080 2087 3136 viatico

436 3175 687 3230 donatos
718 3172 792 3228 ad
825 3189 994 3228 suam
1025 3188 1326 3243 quemque
1358 3171 1602 3227 domum
1633 3171 1847 3226 reverti
1872 3170 2087 3243 jussit:

2177 2000 2373 2073 έταξεν·
2459 2004 2505 2076 ᾧ
2588 2003 2679 2059 καὶ
2756 2006 3094 2080 περισπάσας
3176 2009 3276 2077 την
3357 2011 3466 2062 τῶν
3547 2004 3834 2080 Ῥωμαίων

2179 2093 2379 2168 ὁρμὴν,
2421 2076 2844 2172 ἀσχοληθέντων
2874 2097 2943 2168 τῇ
2979 2100 3078 2152 τοῦ
3128 2099 3338 2175 χρυσοῦ
3388 2076 3669 2171 συλλογῇ,
3716 2076 3840 2166 μετ’

2180 2179 2388 2259 ὀλίγων
2431 2183 2780 2239 ὑπασπιστῶν
2840 2183 3003 2260 μόγις
3060 2185 3153 2239 τὸν
3205 2187 3451 2240 τοιοῦτον
3511 2181 3835 2261 διαπέφευγε

2179 2270 2445 2333 κίνδυνον.
2479 2274 2707 2352 Λέγεται
2762 2272 2819 2331 δὲ
2871 2280 3130 2332 τοσοῦτον
3183 2276 3622 2355 αὖτουργηθῆναι
3679 2274 3840 2356 φόνον

2181 2367 2279 2417 τοῦ
2313 2359 2650 2440 βαρϐαρικοῦ
2703 2362 2954 2436 πλήθους
3007 2366 3146 2440 πρὸς
3201 2371 3308 2421 τῶν
3366 2364 3655 2440 Ῥωμαίων
3704 2363 3844 2419 κατὰ

2183 2453 2398 2509 τουτονὶ
2428 2454 2520 2509 τὸν
2549 2452 2819 2529 πόλεμον,
2853 2454 2927 2517 ὡς
2958 2453 3259 2535 πολλαχοῦ
3287 2461 3395 2511 τῶν
3451 2452 3655 2536 χῶρων
3704 2451 3845 2508 ἐκεί-

2184 2566 2289 2599 νων
2320 2544 2548 2619 σωρείας
2606 2544 2952 2620 ἀνθρωπείων
3009 2545 3184 2601 ὀστῶν
3244 2546 3468 2621 όρῦσθαι
3529 2545 3698 2625 μέχρι
3755 2542 3848 2600 καὶ

2185 2638 2294 2689 νῦν.
2322 2635 2471 2690 Ἐπεὶ
2507 2630 2564 2689 δὲ
2595 2634 2869 2698 τοιούτοις
2895 2635 3218 2711 τρροπαίοις
3277 2636 3368 2691 καὶ
3427 2637 3850 2713 στρατηγήμασι

2188 2725 2287 2793 τήν
2344 2722 2775 2799 πολυάνθρωπον
2829 2722 3042 2795 πληθὺν
3098 2730 3207 2780 τῶν
3260 2720 3552 2801 βαρϐάρων
3602 2726 3630 2780 ὁ
3664 2745 3853 2799 στρατ-

2190 2813 2328 2890 ηγὸς
2360 2811 2674 2889 ἠγωνίσατο
2705 2813 2751 2849 ⁴³
2779 2812 2869 2867 καὶ
2929 2809 3216 2893 διέφθειρε,
3275 2815 3364 2869 καὶ
3424 2813 3487 2870 τὸ
3547 2814 3852 2893 ὑψαύχενον

2190 2907 2289 2959 τοῦ
2348 2896 2617 2975 Χαμϐδὰν
2668 2901 2759 2957 καὶ
2788 2900 3165 2982 τετυφωμένον
3198 2903 3273 2966 εἰς
3319 2902 3510 2981 ἀγεννῆ
3563 2903 3654 2959 καὶ
3704 2900 3855 2958 ἄναν-

2193 2989 2318 3068 δρον
2349 2988 2558 3046 δειλίαν
2587 2990 2678 3046 καὶ
2700 2988 2992 3071 φυγαδείαν
3021 2992 3323 3048 κατέσπασε
3379 2992 3467 3048 καὶ
3519 2991 3849 3063 συνέκλεισε,

2191 3081 2318 3143 τοὺς
2344 3079 2481 3159 ἀμφ’
2502 3079 2661 3136 αὐτὸν
2705 3081 3070 3159 συναγηοχὼς
3120 3081 3209 3136 καὶ
3267 3084 3366 3152 τὴν
3423 3079 3572 3137 λείαν
3630 3080 3853 3138 ἐπισυν-

2194 3170 2343 3240 άξας,
2376 3170 2477 3240 ’ὀση
2508 3190 2568 3224 τε
2591 3170 2659 3239 ἦν
2694 3164 3029 3245 βαρϐαρικὴ,
3090 3172 3174 3245 [Ρ.
3207 3172 3297 3239 14]
3344 3170 3437 3226 καὶ
3471 3170 3659 3243 ,ὁπόση
3710 3172 3856 3227 Ῥω-

437 3263 650 3320 deinde
692 3261 1025 3327 Saracenis,
1052 3276 1203 3333 quos
1232 3261 1344 3316 hoc
1374 3259 1534 3315 bello
1557 3260 1822 3332 captivos
1847 3260 2088 3328 fecerat,

2208 3259 2377 3335 μαϊκή
2411 3257 2471 3313 ἐκ
2490 3260 2611 3351 τῆς-
2631 3264 2918 3334 προνομῆς
2954 3264 3071 3320 τοῖς
3124 3253 3424 3334 βαρϐάροις
3473 3261 3861 3335 συνήθροιστο,

436 3354 496 3408 in
528 3351 765 3408 vincula
796 3349 1103 3422 conjectis,
1137 3348 1509 3405 conclamata
1537 3349 1803 3414 victoria,
1829 3349 2088 3420 gratula-

434 3444 598 3499 tione
629 3442 718 3497 rei
746 3441 903 3496 bene
928 3445 1108 3514 gestaa
1134 3439 1528 3494 Providentia
1550 3439 1724 3508 facta,
1748 3438 1821 3494 ad
1845 3439 2096 3510 impera-

436 3534 580 3588 toris
611 3548 836 3588 numen
869 3531 955 3586 ire
986 3529 1318 3598 contendit,
1341 3527 1857 3600 Constantinopoli
1882 3528 2092 3584 trium-

435 3623 750 3695 phaturus.
784 3621 863 3676 At
891 3620 1113 3675 milites
1145 3619 1359 3674 ducem
1390 3618 1604 3690 plausu
1636 3617 2092 3688 efferebant,ad-

437 3712 727 3767 mirantes
758 3708 919 3763 haud
948 3707 1273 3778 immerito,
1326 3713 1385 3761 et
1432 3707 1624 3762 virum
1676 3708 2092 3780 prmdicantes,

440 3801 682 3872 qualem
712 3798 1021 3853 neminem
1053 3796 1239 3851 alium
1275 3796 1511 3852 tulisset
1552 3813 1621 3853 ea
1663 3804 1844 3853 mtas:
1899 3814 2096 3869 neque

443 3891 648 3946 minus
683 3905 719 3943 a
746 3887 1031 3942 felicitate
1056 3903 1190 3942 eum
1214 3885 1615 3956 celebrabant,
1648 3905 1779 3943 cum
1808 3888 2097 3956 viderent,

447 3996 517 4035 ex
548 3978 849 4034 sententia
870 3977 931 4032 in
958 3977 1133 4032 bellis
1161 3977 1249 4032 illi
1271 3978 1376 4032 uni
1398 3980 1598 4033 omnia
1619 3978 2099 4051 procedere.lpse

447 4074 514 4124 ut
543 4070 644 4125 24
682 4067 1259 4139 Constantinopolim
1290 4068 1468 4139 venit,
1502 4086 1636 4125 cum
1668 4069 1868 4141 praeda
1889 4085 2102 4139 quam-

446 4158 708 4231 plurima
740 4163 799 4214 et
828 4158 1072 4230 captivis
1106 4158 1413 4213 Saracenis
1439 4158 1754 4230 permultis
1775 4159 2100 4230 ingressus,

446 4268 481 4307 a
540 4251 805 4306 Romano
864 4249 1221 4321 imperatore
1276 4249 1590 4322 magniﬁce
1660 4253 1936 4319 receptus
1993 4248 2106 4314 est,

2202 3348 2405 3419 ταύτης
2432 3348 2496 3403 τὸ
2552 3344 2812 3403 πλεῖσσον
2869 3351 2938 3423 τῇ
3006 3353 3232 3424 στρατιᾷ
3280 3346 3533 3424 διένειμε·
3588 3353 3681 3406 καὶ
3732 3350 3866 3415 τοὺς

2202 3435 2603 3518 αἰχμαλώτους
2629 3433 2923 3517 ἐφοδιάσας
2956 3436 3043 3492 ἐπὶ
3073 3438 3140 3493 τὰ
3172 3444 3318 3516 σφῶν
3369 3439 3477 3510 ἢθη
3528 3437 3865 3517 ἀποτρέχειν

2200 3527 2484 3602 ἐξέπεμπε*
2544 3527 2675 3592 τοὺς
2730 3524 2788 3582 δέ
2846 3531 2925 3600 τῷ
2994 3524 3229 3603 πολέμῳ
3286 3525 3585 3608 ληφθέντας
3670 3525 3870 3591 πέδαις

2202 3617 2640 3698 ἀσφαΛισάμενος
2692 3622 2800 3673 τῶν
2847 3618 3181 3694 Ἀγαρηνῶν,
3233 3618 3548 3689 έπαιώνιζεν
3604 3617 3868 3689 ἐπινίκια,

2201 3708 2288 3762 καὶ
2307 3711 2377 3781 τῇ
2428 3706 2666 3782 Προνοίᾳ
2721 3706 2818 3768 τὰς
2858 3706 3321 3786 εὐχαριστηρίους
3369 3704 3649 3762 ἐσπένδετο
3698 3727 3875 3780 προσ-

2205 3797 2395 3875 ευχὰς,
2427 3794 2518 3851 καὶ
2567 3796 2704 3871 πρὸς
2756 3797 2857 3865 τήν
2908 3796 3283 3871 αὐτοκράτορα
3340 3794 3650 3851 δυναστείαν
3698 3796 3869 3870 ᾑπέί-

2206 3880 2765 3964 γετο,θριαμ6εὖσων
2796 3885 2872 3948 εἰς
2914 3884 2977 3940 τὸ
3034 3886 3346 3955 Βυζάντιον.
3407 3886 3467 3941 Ὀ
3526 3882 3583 3939 δὲ
3635 3884 3873 3959 στρατὸς

2207 3973 2260 4029 έν
2288 3974 2510 4049 κρότοις
2552 3975 2673 4052 εἶχε
2724 3974 2816 4028 τὸν
2862 3975 3191 4050 στρατηγὸν,
3229 3974 3491 4051 ἀγάμενοι
3538 3978 3749 4042 τοῦτον,
3785 3974 3871 4038 ὡς

2207 4064 2270 4118 τὸ
2301 4062 2464 4131 εἰκὸς,
2496 4062 2588 4117 καὶ
2645 4058 2810 4136 ἄνδρα
2868 4061 3310 4142 ἐπιφημίζοντες,
3371 4064 3490 4119 οἷον
3550 4064 3628 4138 μὴ
3685 4061 3874 4143 φέρειν

2210 4150 2384 4208 ἄλλον
2440 4154 2539 4223 τήν
2593 4153 2719 4208 τότε
2775 4152 2976 4230 γενεὰν,
3033 4153 3126 4208 καὶ
3179 4161 3279 4225 τῆς
3361 4153 3618 4234 εὐτυχίας
3701 4154 3875 4209 αὐτὸν

2212 4240 2522 4313 ἐξεθείαξον,
2600 4242 2738 4297 κατὰ
2796 4243 2925 4317 ῥοῦν
2974 4242 3122 4317 αὐτῷ
3179 4249 3582 4324 προχωροῦντα
3635 4243 3702 4299 τὰ
3758 4248 3881 4299 τῶν

1662 4373 1723 4428 C.
1767 4371 1829 4426 Β.
1872 4370 2062 4427 HASII
2097 4369 2656 4427 ANNOTATIONES.

516 4524 560 4563 ⁴ί
596 4518 933 4595 σπασάμενος
963 4518 1094 4575 cod.

1197 4518 1242 4553 "
1271 4515 1546 4587 ἀκμήταις
1575 4513 1706 4570 cod.
1784 4513 1831 4549 ‘3
1861 4513 1889 4567 ὁ
1920 4532 2084 4587 στρατ

2199 4532 2381 4567 νισατο
2413 4512 2544 4570 cod.
2580 4514 2728 4587 Lege
2757 4511 3190 4590 κατηγωνίσατο.
3221 4513 3336 4571 vid.
3374 4515 3461 4570 14.
3495 4518 3553 4570 Β.

519 4683 633 4755 (50)
664 4679 923 4736 Verbum
982 4669 1268 4755 προοδεόω
1326 4670 1524 4755 miror.
1558 4669 1700 4753 item
1757 4671 1819 4755 in
1871 4670 2090 4755 -Lexici.s

2212 4687 2277 4755 τε
2296 4665 2446 4755 βντες
2471 4665 2602 4748 ἴχνη
2636 4669 2836 4755 γυμνὰ,
2859 4669 2976 4755 ¹τὴν
3033 4667 3200 4755 αῷτήν
3229 4670 3382 4753 ,ἡμῖν
3439 4667 3881 4755 προωδευκότων

453 4743 763 4821 omissum,
796 4767 930 4807 cum
958 4751 1225 4821 utantur,
1259 4743 1759 4821 prmter_Leonem
1782 4745 1849 4821 _h.
1870 4744 1936 4810 l.,
1960 4743 2104 4821 s_cr_i-

453 4833 654 4898 ptores
676 4815 823 4879 bene
848 4819 1131 4898 multizus.
1152 4818 1423 4898 _Jpaup_es
1439 4815 1745 4898 Chrysost.
1781 4817 1849 4871 In
1881 4815 2103 4898 natiyi-

454 4883 560 4954 tat.
585 4893 974 4951 Prmcursoris
995 4891 1094 4945 v11
1150 4890 1272 4944 393.
1306 4890 1395 4941 27.
1430 4885 1457 4939 ὀ
1490 4883 1748 4960 ἰςιξάννης
1788 4883 2102 4960 προοδεύων

454 4972 553 5023 τοῦ
584 4966 806 5040 Κυρίου.
830 4965 917 5040 _S.
978 4961 1260 5040 _Basiliusk
1298 4960 1423 5040 Non
1444 4959 1916 5040 Madbaarendum
1976 4975 2104 5040 esse

459 5041 638 5098 rebus
669 5025 936 5094 stecular.
975 5035 1019 5097 Ι,
1054 5036 1176 5089 569.
1222 5033 1282 5087 C.
1334 5030 1386 5083 οἱ
1441 5025 1498 5083 δὲ
1543 5026 1970 5099 προοδεύσαντες
2024 5028 2110 5083 ἀν-

458 5114 649 5181 έμενον
682 5111 777 5183 τὸν
804 5103 1335 5183 φυτεύσαντα-ΩΙ]ίέ
1359 5102 1489 5183 ipsa
1517 5102 1695 5183 verba
1724 5103 2105 5183 iteratNi_ce-

457 5173 548 5240 tas
577 5173 872 5238 Heracleas
894 5176 1274 5246 metropolita
1297 5173 1589 5246 Catenain
1607 5173 1714 5246 Job
1736 5176 1860 5227 608.
1877 5175 1937 5229 C.
1959 5175 2105 5246 item

455 5254 769 5340 participio
804 5245 1115 5340 προεξέδιρ
1148 5246 1504 5340 ῃϐϐΐωᾶῐιιᾳὸ
1556 5245 1902 5340 Cpolitanus
1945 5245 2104 5340 Or‘at.

458 5316 521 5382 in
553 5328 606 5381 S.
642 5316 878 5380 crucem
911 5322 1033 5381 320,
1058 5319 1118 5373 Β.
1145 5316 1539 5386 Frequentius
1560 5321 1759 5371 tamen
1789 5323 2111 5387 usurpatur

458 5389 1152 5469 participiumprmterit.
1191 5394 1336 5469 act“,
1389 5387 1612 5469 vetata
1658 5388 1915 5469 Luciapo
1966 5389 2107 5469 ῌθιι-

458 5456 691 5525 ᾖὶοῐίιῐιῗ
726 5468 768 5521 1.
803 5456 929 5520 815.
958 5464 1024 5515 23
1079 5457 1373 5529 ἠκολούθει
1408 5462 1522 5518 τοῖς
1544 5462 1651 5511 τῶν
1676 5456 2106 5530 προωδευκότων

458 5539 656 5615 ἴχνεσι.
691 5538 856 5595 Unde
899 5535 1149 5590 fortasse
1199 5532 1252 5585 S.
1316 5531 1629 5602 Gregorius
1687 5533 1985 5604 Nyssenus
2043 5531 2109 5587 In

458 5614 680 5662 Cantia.
716 5608 1010 5662 Canticor.
1043 5608 1087 5659 Ι.
1119 5607 1241 5659 501.
1291 5604 1358 5657 Α.
1390 5606 1508 5662 τοῖς
1571 5600 1743 5662 ἴγνεσι
1802 5607 1909 5656 τῶν
1968 5622 2107 5662 προ·-

457 5612 680 5668 Gantic.
716 5612 1010 5667 Canticor.
1043 5612 1087 5659 l.
1119 5612 1241 5659 501.
1291 5612 1358 5657 Α.
1390 5612 1508 5662 τοῖς
1572 5612 1743 5676 ἴχνεσι
1802 5612 1909 5656 τῶν
1968 5622 2107 5675 προ·-

461 5680 780 5737 ωδεοκότων
840 5678 1126 5749 ἑπόμενος·
1180 5681 1240 5730 et
1294 5673 1584 5749 Eusebius
1643 5674 1857 5749 Histqr.
1914 5675 2109 5749 Ecciej

464 5754 626 5811 siast.
659 5757 712 5809 4.
747 5756 814 5809 Δ.
848 5741 1147 5824 ἀνθρώπων
1181 5765 1245 5822 γε
1296 5745 1405 5818 μὴν
1457 5741 1713 5818 οὐδαμῶς
1767 5745 1939 5821 εὐρεῖν
2001 5745 2109 5801 οἶοί

2216 4739 2362 4808 ὁδόν,
2393 4758 2455 4796 se
2496 4739 2975 4797 obnscribentem
3033 4739 3344 4797 historiam
3404 4739 3879 4801 ecclesiasticam

2218 4831 2436 4888 novum
2468 4829 2662 4888 neque
2696 4813 2805 4868 ulli
2838 4821 3014 4869 antea
3046 4819 3335 4888 tentatum
3367 4814 3482 4888 iter
3533 4817 3877 4888 ingressum

2216 4886 2439 4958 (minus
2470 4885 2683 4958 opinor
2734 4891 3042 4958 accurate:
3096 4885 3878 4958 quandoquidem—primus

2216 4956 2524 5011 historiam
2555 4956 3020 5013 ecclesiasticam
3051 4956 3390 5013 condidisse
3422 4958 3476 5012 S.
3521 4956 3705 5014 Lucas
3754 4958 3877 5013 dici

2215 5032 2431 5100 potest,
2453 5028 2603 5102 inde
2634 5028 2708 5084 ab
2739 5035 2874 5102 ortu
2912 5029 3154 5096 Christi,
3211 5046 3342 5102 quae
3386 5029 3635 5086 historia
3685 5030 3883 5102 ipsius

2217 5099 2531 5225 Evangelio
2563 5105 2623 5154 et
2650 5101 3037 5183 Actis'Apost.
3070 5099 3882 5184 continetur)..Participium

2217 5190 2374 5225 ποοω
2412 5169 2584 5225 ευκώς
2617 5172 2931 5225 nlurallter
2959 5173 3116 5225 anud
3147 5173 3201 5225 S.
3239 5174 3584 5225 Gregorium
3628 5176 3882 5225 stsen-

2216 5169 3116 5246 προωδευκώς-ΡΙΠΓᾶΙὶῐέῐχᾶριιά
3147 5173 3201 5246 _S.
3239 5173 3603 5246 GregoriumA
3628 5169 3883 5246 Nyssen.

2220 5240 2298 5298 De
2342 5240 2695 5317 beatitudin.
2747 5246 2868 5317 813.
2900 5240 3202 5317 ῨΠῘ--τινὸς
3239 5240 3381 5317 ᾃτῶηῖ
3421 5240 3880 5317 προωδευκότων

2219 5321 2279 5370 et
2306 5314 2641 5392 In_laudem
2674 5316 2873 5392 fratris
2898 5315 3096 5392 Basilii
3127 5316 3195 5392 II_.
3229 5315 3354 5392 9ft:
3392 5314 3604 5392 Βίτῶν
3630 5314 3682 5392 ἐν
3710 5315 3881 5392 ἀρετῇ

2216 5382 2665 5459 προωδευκότων.
2697 5389 2951 5459 Numero
2991 5385 3278 5459 singulari
3298 5388 3599 5459 ‘Eusebius
3629 5382 3887 5446 Demon‘;

2219 5452 2658 5541 strgtLEvang.‘
2684 5459 2805 5513 187.
2868 5458 2935 5541 Ι),ἱ
2994 5452 3548 5541 τὸφπροωδευκόταη
3580 5463 3678 5541 τος)
3734 5464 3882 5541 Χρι-

2219 5534 2348 5605 στοῦ
2382 5529 2767 5605 Participium
2799 5529 2944 5605 perf.
2978 5545 3137 5600 pass,
3170 5529 3393 5585 ibidem
3450 5535 3572 5587 125.
3623 5533 3685 5590 Β.
3740 5529 3881 5605 πρὸς

2217 5600 2283 5655 τὰ
2331 5597 2741 5675 προωδευμένα,
2799 5597 2873 5675 ad
2938 5597 3001 5656 ed
3057 5616 3201 5675 quas
3235 5609 3655 5661 antecesserunt.
3717 5597 3880 5661 Alias

2220 5675 2331 5747 Leo
2362 5670 2572 5747 eodem
2593 5670 2785 5747 sensu
2817 5672 2900 5727 ait
2928 5670 3346 5747 npoafopsﬁouat
3378 5676 3428 5729 4.
3462 5677 3529 5731 Α.
3565 5679 3654 5731 79.
3689 5677 3750 5732 Β.
3783 5678 3872 5733 81.

2218 5745 2282 5802 D.
2316 5748 2405 5803 95.
2437 5746 2504 5800 D.
2535 5744 2893 5819 προηγοῦμαι
2920 5744 3010 5800 95.
3044 5745 3106 5801 Β.
