4128 6448
331 376 449 436 695

1756 374 2024 436 LEONIS
2071 372 2381 435 DIACONI

3631 373 3753 437 696

334 510 646 567 Cretenses
700 509 1242 575 vaticinationibus,
1296 509 1604 564 fraudibus
1673 510 1873 581 impiis
1930 515 1988 563 et

2103 500 2338 576 ἐπῳδάς
2398 502 2626 580 Λέγεται
2684 502 2789 579 γὰρ
2846 503 3123 578 κατόχους
3172 503 3307 558 εἶναι
3368 508 3585 578 Κρῆτας
3620 524 3756 578 μανς

334 597 638 651 erroribus
659 595 925 651 addictos
947 596 1434 666 esse,harumque
1452 610 1652 650 rerum
1674 596 1987 651 scientiam

334 700 368 739 a
395 685 734 740 Manichaais
773 689 832 738 et
859 701 895 740 a
919 685 1249 740 Moametbe
1299 685 1630 755 antiquitus
1661 685 1981 756 accepisse.

332 775 532 844 Neque
566 775 675 829 hac
705 774 833 829 sola
855 776 951 832 25
979 791 1042 829 re
1074 773 1349 847 petulans
1380 774 1732 829 muliercula
1766 780 1988 847 proter-

330 862 569 918 vitatem
627 868 804 934 atque
867 864 1178 919 audaciam
1250 864 1628 919 manifestam
1689 863 1982 918 reddidit:

327 968 550 1015 verum,
576 953 809 1009 sublata
830 971 1068 1026 quoque
1098 954 1233 1026 plus
1256 970 1434 1025 quam
1460 959 1691 1025 tempus
1722 954 1985 1026 postula-

327 1042 430 1097 bat
458 1043 660 1098 tunica
679 1043 1024 1115 nudataque
1046 1061 1314 1115 corpore,
1338 1044 1401 1099 in
1424 1043 1637 1099 ducem
1658 1043 1908 1100 dicteria
1928 1049 1988 1098 et

327 1132 765 1187 exsecrationes
778 1134 947 1205 jecit.
966 1135 1111 1188 Tum
1133 1150 1268 1188 vero
1295 1134 1735 1205 sagittariorum
1765 1134 1986 1204 perito-

326 1238 461 1276 rum
490 1221 708 1293 aliquis
749 1222 981 1277 intento
1037 1239 1179 1278 arcu
1235 1222 1639 1293 importunam
1671 1222 1985 1277 mulierem

327 1312 624 1366 conﬁxam
655 1311 727 1367 de
758 1312 1022 1367 turribus
1048 1312 1110 1366 in
1142 1318 1356 1368 terram
1386 1311 1621 1383 dejecit,
1654 1317 1742 1380 ut,
1775 1312 1984 1367 evesti-

326 1400 421 1473 gio
471 1399 761 1473 disrupta,
803 1400 1005 1456 efﬂata
1051 1400 1318 1457 animula
1361 1417 1598 1473 poenam
1648 1400 1983 1455 insolentias

328 1489 540 1545 acerbo
572 1490 819 1545 interitu
871 1496 1356 1562 consequeretur.
1391 1490 1502 1562 (56)
1533 1491 1661 1545 1am
1693 1507 1828 1545 vero
1862 1489 1981 1545 acri

327 1595 527 1651 pugna
555 1585 851 1647 conserta,
884 1580 1234 1635 restiterunt
1289 1596 1397 1652 per
1454 1585 1687 1651 tempus
1738 1579 1983 1651 aliquod

328 1670 662 1737 Cretenses,
710 1674 954 1724 strenuo
999 1668 1260 1741 fortique
1310 1670 1511 1725 animo
1562 1686 1633 1724 ex
1678 1670 1865 1725 muris
1891 1669 1984 1724 di-

327 1758 641 1826 micantes,
673 1774 740 1813 ac
783 1759 1189 1813 Romanorum
1235 1776 1357 1814 non
1404 1775 1624 1830 paucos
1665 1759 1982 1814 vulneran-

331 1852 440 1903 tes.

405 1940 456 1993 7.
486 1938 610 2002 Qua
639 1954 700 1992 re
726 1943 1057 2009 perspecta,
1116 1943 1335 2009 praetor
1391 1940 1680 2010 petrarias
1717 1939 1992 1996 celeriter

336 2025 601 2094 adduxit,
632 2024 917 2082 barbaros
972 2027 1272 2099 lapidibus
1327 2029 1447 2099 peti
1494 2028 1695 2100 jussit.
1747 2028 1835 2085 Ad
1867 2029 1994 2085 haec

338 2118 525 2173 muris
556 2116 815 2173 admovit
842 2116 1204 2188 helepolim:
1252 2118 1497 2174 arietem
1529 2119 1643 2175 hoc
1686 2120 1992 2174 inventum

336 2208 584 2264 Romani
605 2213 836 2275 vocant,
870 2212 1184 2280 propterea
1212 2207 1369 2279 quod
1391 2208 1639 2275 ferrum,
1660 2209 1818 2280 quod
1841 2206 1993 2265 trabi

336 2299 645 2369 praaﬁxum
677 2297 879 2369 oppidi
911 2297 1130 2353 moenia
1158 2297 1378 2369 pulsat,
1407 2297 1480 2353 ad
1512 2298 1722 2370 capitis
1751 2299 1989 2354 arietini

332 2387 587 2443 formam
647 2387 911 2443 efﬁctum
967 2392 1074 2442 est.
1124 2386 1407 2442 Petrariis
1457 2386 1665 2442 crebra
1712 2403 1990 2443 saxorum

334 2476 600 2549 pondera
628 2476 982 2543 rotantibus,
1008 2494 1185 2548 parvo
1206 2476 1442 2550 negotio
1473 2475 1711 2532 barbari
1733 2476 1990 2547 repressi

336 2571 493 2623 sunt.
525 2566 793 2636 Interim,
826 2566 1009 2622 ariete
1056 2566 1244 2621 muris
1285 2566 1609 2631 insinuato,
1642 2565 1991 2637 majoreque

334 2657 561 2728 impetu
593 2673 693 2712 eos
722 2656 1045 2727 quatiente,
1074 2656 1183 2710 viri
1213 2672 1334 2711 non
1366 2656 1563 2728 pauci,
1596 2654 1990 2726 lapicidarum

335 2746 733 2801 instrumenta
761 2751 1054 2818 gerentes,
1087 2744 1311 2801 fossam
1341 2744 1593 2817 ingressi
1626 2748 1768 2800 sunt
1795 2761 1808 2798 :
1850 2744 1990 2800 inde

336 2834 631 2890 suffodere
662 2835 781 2890 orsi
811 2834 1238 2890 exscindebant
1267 2834 1556 2906 paulatim
1595 2833 1990 2889 dirimebant-

336 2940 450 2995 que
480 2924 733 2995 lapides,
765 2924 982 2997 quibus
1017 2923 1171 2978 muri
1201 2922 1593 2979 fundamenta
1621 2922 1988 2978 nitebantur.

333 3013 483 3069 Casu
514 3020 712 3069 autem
743 3013 962 3068 accidit
1006 3018 1075 3068 ut
1124 3012 1297 3084 lapis,
1330 3018 1645 3084 propterea
1674 3012 1835 3083 quod
1865 3016 1993 3067 erat

333 3102 437 3158 illa
466 3119 535 3158 ex
566 3109 734 3175 parte
758 3102 1086 3169 erenosior,
1105 3101 1387 3156 facillime
1409 3101 1648 3157 cederet
1670 3101 1991 3172 locumque

332 3190 519 3246 daret.
550 3178 759 3262 Neque.
781 3191 936 3245 aries
962 3188 1288 3244 intermisit
1326 3189 1555 3244 interea
1584 3187 1824 3260 pulsare
1855 3205 1984 3243 mu-
2025 3231 2068 3297 ϐ

364 3281 374 3291 -
677 3285 719 3297 ,ν
776 3285 786 3297 .
1448 3276 1682 3297 LL---“
1759 3277 1856 3297 -,.
1922 3294 1978 3297 __

326 3281 499 3353 rique
557 3285 920 3348 contextum,
980 3278 1360 3351 quantumvis
1439 3276 1692 3332 densum
1759 3277 1860 3334 ιθ
1917 3294 1986 3334 ac

326 3376 824 3444 coagmentatum,
855 3369 1145 3442 paulatim
1170 3368 1521 3424 distrahere.
1544 3367 1799 3440 Fastigia
1828 3369 1986 3423 muri

326 3477 461 3516 cum
493 3461 775 3517 submissi
806 3460 1065 3516 fossores
1093 3457 1358 3531 pendula
1404 3463 1582 3529 atque
1616 3474 1891 3523 concava,
1924 3457 1986 3513 id

327 3552 485 3623 quod
532 3569 777 3609 necesse
824 3556 951 3608 erat
997 3549 1288 3617 accidere,
1339 3547 1760 3618 reddidissent,
1809 3549 1985 3621 lignis

327 3646 542 3702 erectis
602 3644 1014 3711 suffulserunt,
1058 3641 1427 3713 materiaque
1480 3640 1657 3696 facile
1710 3640 1984 3713 ﬂagranti

328 3740 505 3805 atque
535 3733 704 3789 arida
731 3732 983 3804 ingesta,
1015 3730 1115 3785 ubi
1146 3731 1343 3804 ignem
1365 3729 1773 3797 subdiderant,
1805 3731 1983 3785 cuni-

328 3824 462 3878 culo
493 3825 896 3877 excesserunt.
916 3820 1182 3874 Flamma
1202 3819 1454 3875 excitata
1472 3836 1609 3875 cum
1635 3819 1987 3874 fulcimenta

328 3911 810 3978 adsumerentur,
842 3914 1034 3964 turres
1082 3907 1212 3963 duae
1262 3925 1396 3964 cum
1427 3926 1597 3964 muro
1628 3907 1983 3963 intermedio

328 4006 574 4074 repente
629 3999 873 4056 divulsae
933 3999 1347 4067 subsederunt,
1400 4000 1694 4071 ruinaque
1732 3998 1893 4054 edita
1920 3997 1982 4051 in

327 4102 550 4150 terram
581 4092 791 4148 delatas
819 4096 975 4147 sunt.
1008 4091 1338 4159 Cretenses,
1372 4091 1630 4146 novitate
1661 4087 1984 4161 spectaculi

327 4184 661 4257 stupefacti,
694 4198 1015 4255 parumper
1042 4198 1300 4256 pugnam
1331 4180 1803 4241 declinaverunt,
1836 4194 1981 4249 pro-

328 4275 469 4349 digii
500 4273 870 4331 immanitate
905 4272 1163 4329 attoniti.
1195 4273 1343 4327 Tum
1390 4286 1600 4326 rursus
1627 4266 1982 4339 captivitatis

2092 593 2263 652 τείαις
2293 592 2385 647 καὶ
2428 590 2820 667 βωμολοχίαις
2878 592 2969 648 καὶ
3026 590 3280 662 πλάναις,
3323 593 3462 668 πρὸς
3495 598 3603 648 τῶν
3636 596 3761 650 Μα-

2090 683 2322 756 νιχαίων
2372 682 2464 737 καὶ
2531 687 2628 738 τοῦ
2713 683 2960 756 Μωάμεθ
3017 681 3431 762 παρειληφότας
3480 681 3750 738 ἀνέκαθεν.

2091 772 2172 829 Ού
2231 772 2403 847 ταύτῃ
2464 768 2520 826 δὲ
2582 772 2743 846 μόνον
2798 773 2861 827 τὸ
2930 771 3124 846 ἰταμὸν
3180 771 3350 827 ἐκεῖνο
3409 771 3632 849 γύναιον
3692 772 3755 827 τὸ

2091 860 2302 924 ἀναιδὲς
2359 863 2450 918 καὶ
2505 861 2811 918 ἀκόλαστον
2897 860 3260 919 ἐπεδείκνυτο·
3321 861 3469 917 ἀλλὰ
3525 863 3619 919 καὶ
3668 864 3760 919 τὸν

2091 953 2419 1027 χιτωνίσκον
2473 953 2621 1028 παρὰ
2677 953 2740 1008 τὸ
2804 951 3023 1028 μέτριον
3078 953 3437 1027 ἀνασεσυρκὸς
3667 974 3763 1025 καῖ

2089 1044 2441 1122 ἀπογυμνοῦν
2470 1046 2537 1101 τὰ
2596 1044 2734 1121 μέρη
2796 1050 2893 1101 τοῦ
2926 1046 3206 1121 σώματος,
3238 1044 3290 1107 ἐς
3322 1047 3414 1102 τὸν
3448 1047 3760 1123 στρατηγὸν

2089 1133 2398 1191 ἐπέκωπτεν
2455 1134 2824 1211 ἐπαρώμενον.
2887 1136 2985 1191 Καὶ
3044 1133 3113 1208 δή
3173 1157 3256 1198 τις
3316 1142 3424 1192 τῶν
3473 1138 3758 1211 εύστόχων

2090 1226 2346 1295 τοξοτῶν,
2406 1228 2505 1297 τὴν
2561 1227 2748 1301 νευρὰν
2805 1226 3192 1301 ἐντεινάμενος,
3255 1230 3341 1302 [Ρ.
3406 1230 3496 1301 lii]
3557 1225 3763 1302 βάλλει

2088 1313 2151 1369 τὸ
2207 1311 2513 1369 ἀκόλαστον
2571 1314 2810 1391 γύναιον,
2888 1314 2979 1369 καὶ
3038 1314 3413 1395 χαμαιρῥιφὲς
3477 1318 3589 1389 (58)
3648 1321 3759 1370 τῶν

2087 1401 2313 1478 πύργων
2359 1404 2680 1479 κατήνεγκε,
2743 1400 3033 1481 διαρῥαγὲν
3090 1403 3307 1475 αὐτίκα,
3356 1404 3449 1459 καὶ
3493 1404 3556 1460 τὸ
3590 1406 3764 1480 ψυχί-

2089 1486 2204 1545 διον
2232 1490 2608 1571 ἀποφυσῆσαν,
2666 1492 2758 1547 καὶ
2811 1497 2952 1548 τῖσιν
3008 1500 3111 1562 τῆς
3162 1488 3374 1569 ὕϐρεως
3412 1494 3504 1549 τὸν
3539 1493 3763 1569 οἰκτρὸν

2088 1576 2524 1653 ἐπισπασάμενον
2552 1578 2797 1657 ὄλεθρον.
2853 1584 3013 1657 Ἄρτι
3067 1579 3125 1638 δὲ
3171 1590 3273 1653 τῆς
3336 1583 3527 1658 μάχης
3557 1604 3755 1658 καρτεοι

2090 1674 2184 1743 ρᾶς
2241 1669 2743 1747 ἀναρριπισθείσης,
2803 1672 3001 1748 χρόνον
3064 1671 3158 1747 μέν
3216 1694 3334 1729 τινα
3385 1673 3635 1749 ἀντεῖχον
3698 1675 3757 1728 οἱ

2090 1763 2316 1835 Κρῆτες,
2374 1758 2435 1815 ἐκ
2490 1766 2598 1817 τῶν
2652 1767 2857 1837 τειχῶν
2909 1760 3163 1835 ἐκθύμως
3213 1762 3635 1839 ἀγωνιζόμενοι,
3667 1776 3760 1831 καὶ

2018 1864 2067 1929 Β
2097 1846 2346 1910 πολλοὺς
2379 1855 2486 1905 τῶν
2512 1851 2805 1925 Ῥωμαίων
2844 1851 3257 1926 τιτρώσκοντες.

2172 1944 2231 2008 ζ’.
2309 1940 2371 1997 Ὁ
2447 1936 2504 1995 δὲ
2578 1941 2910 2018 στρατηγὸς,
2985 1944 3149 1997 τοῦτο
3233 1942 3586 2015 καταμαθὼν,
3663 1941 3761 2003 τὰς

2098 2025 2429 2107 ἀφετηρίους
2486 2031 2679 2084 θᾶττον
2727 2030 3023 2105 παγήγαγε
3085 2028 3361 2103 μηχανὰς,
3408 2027 3501 2083 καὶ
3535 2025 3764 2102 βάλλειν

2097 2116 2225 2177 τοὺς
2304 2111 2615 2191 βαρϐάρους
2676 2114 2909 2171 ἐκέλευε.
2992 2116 3092 2171 Καὶ
3149 2117 3289 2191 πρὸς
3368 2116 3589 2176 τούτοις
3645 2120 3764 2176 τοῖς

2098 2206 2307 2279 τείχεσι
2357 2203 2733 2280 προσεπέλασε
2792 2207 2893 2275 τήν
2951 2203 3229 2260 ἑλέπολιν·
3290 2205 3444 2280 κριὸν
3497 2209 3763 2278 Ῥωμαῖοι

2098 2294 2160 2348 τὸ
2192 2294 2586 2371 τεχνούργημα
2628 2293 2982 2368 ὀνομάζουσι,
3041 2299 3121 2367 τῷ
3180 2290 3338 2365 δίκην
3367 2299 3527 2367 κριοῦ
3556 2313 3765 2368 προτο-

2102 2390 2210 2459 μῆς
2255 2384 2347 2439 τὸν
2394 2381 2619 2459 σίδηρον
2668 2384 3073 2455 ἀπεικάζεσθαι,
3125 2385 3184 2446 ὃς
3236 2383 3643 2460 ἐνηρμοσμένος
3688 2382 3762 2441 ὢν

2098 2477 2165 2547 τῇ
2198 2470 2345 2547 δοκῷ
2378 2474 2529 2529 παίει
2558 2475 2606 2510 ⁴⁶
2638 2474 2730 2529 τὸν
2783 2470 2955 2548 δόμον
3005 2478 3103 2530 τοῦ
3152 2472 3363 2536 ἄστεος.
3413 2477 3537 2531 Τῶν
3568 2471 3625 2529 δὲ
3660 2495 3762 2530 πε-

2097 2558 2384 2638 τροϐόλων
2452 2563 2595 2638 βάρη
2693 2564 2891 2639 θαμινὰ
2985 2569 3093 2619 τῶν
3174 2561 3345 2619 λίθων
3405 2562 3758 2644 ἐπαφιέντων,

2098 2655 2339 2715 εὐπετῶς
2400 2655 2453 2709 οἱ
2512 2648 2783 2729 βάρϐαροι
2840 2651 3251 2710 ἀνεστέλλοντο·
3310 2654 3403 2709 καὶ
3460 2658 3557 2710 τοῦ
3600 2658 3761 2729 κριοῦ

2096 2749 2213 2804 τοῖς
2272 2743 2511 2819 τείχεσιν
2578 2741 3013 2823 ἐγχριμφθέντος
3092 2743 3186 2798 καὶ
3259 2749 3536 2818 κραταιῶς
3592 2748 3763 2799 ταῦτα

2097 2832 2418 2902 τύπτοντος,
2478 2829 2664 2907 ἄνδρες
2725 2829 3017 2894 ὑποδύντες
3075 2834 3175 2903 τὴν
3234 2834 3492 2912 ταφρείαν
3546 2834 3760 2909 συχνοὶ,

2099 2919 2374 2997 λιθοτόμα
2401 2919 2603 3000 ὄργανα
2666 2920 2916 3001 φέροντες
2976 2925 3115 2992 (59),
3169 2922 3263 2979 καὶ
3292 2922 3602 2998 ἀνορύττειν
3632 2921 3767 2978 ἐκεῖ·

2097 3015 2182 3067 θεν
2235 3012 2549 3087 ἀρξάμενοι,
2608 3008 2971 3080 ἐξεκόλαπτον
3027 3010 3231 3086 ἠρέμα,
3281 3012 3373 3066 καὶ
3451 3013 3551 3082 τὴν
3609 3010 3764 3067 λίθον

2098 3098 2403 3170 διέκοπτον,
2432 3102 2522 3155 ἳνα
2550 3104 2647 3156 τοῦ
2678 3101 2900 3175 τείχους
2949 3103 2984 3169 ἡ
3043 3101 3203 3175 βάσις
3243 3099 3550 3175 ἐρήρειστο.
3589 3107 3766 3175 Παρα-

2096 3190 2266 3265 τυχὸν
2296 3186 2354 3244 δὲ
2383 3184 2689 3263 ψαμμῶδες
2719 3188 2891 3263 ταύτῃ
2941 3187 3004 3242 τὸ
3052 3185 3217 3262 μέρος
3252 3189 3287 3256 ἡ
3322 3185 3477 3249 λίθος
3509 3185 3762 3264 λαχοῦσα

2098 3279 2284 3334 ὑπεῖκέ
2334 3300 2393 3334 τε
2441 3279 2535 3336 καὶ
2617 3273 2855 3332 ἐνεδίδου
2912 3277 2988 3338 ὡς
3050 3274 3311 3350 μάλιστα.
3374 3278 3437 3335 Ὁ
3491 3275 3549 3333 δὲ
3603 3279 3760 3353 κριὸς

2095 3369 2312 3425 τύπτων
2342 3368 2443 3424 οὐκ
2482 3366 2605 3438 ἀνίη
2658 3362 2855 3442 ἔρυμα,
2914 3366 3005 3422 καὶ
3062 3367 3201 3422 κατὰ
3258 3367 3453 3442 μικρὸν
3513 3364 3758 3424 διασπῶν

2095 3461 2195 3529 τήν
2249 3455 2591 3533 οἰκοδομίαν,
2676 3454 2728 3517 ἐς
2808 3456 2871 3512 τὸ
2955 3450 3177 3531 ἀκριϐὲς
3254 3454 3753 3531 συμπεπιλημένην

2097 3546 2260 3604 οὖσαν
2289 3547 2381 3604 καὶ
2412 3544 2881 3603 δυσαπόσπαστον.
2916 3545 3071 3603 Ἐπεὶ
3123 3543 3180 3601 δὲ
3236 3546 3302 3601 τὰ
3352 3550 3507 3622 γεῖσα
3537 3549 3580 3583 ⁴⁷
3609 3548 3750 3622 ᾗπερ

2096 3635 2398 3714 διώρυττον
2456 3638 2509 3693 οὶ
2566 3635 2656 3693 ἐπὶ
2740 3639 2904 3693 τοῦτο
2975 3634 3285 3713 ταχθέντες,
3342 3634 3584 3711 ἐκκρεμῆ
3663 3635 3754 3691 καὶ

2097 3728 2351 3799 ὑπόκενα,
2409 3727 2484 3788 ὡς
2566 3727 2629 3782 τὸ
2697 3725 2864 3795 εἰκὸς,
2944 3723 3342 3803 ἐξειργάσαντο,
3428 3722 3764 3800 ὀρθοστάδην

2095 3817 2285 3889 ξύλοις
2345 3813 2661 3891 ὑπήρειδον,
2717 3815 2858 3888 ὕλην
2913 3837 2973 3871 τε
3028 3812 3281 3890 ταχυδᾳῆ
3344 3819 3457 3889 (60)
3513 3816 3606 3869 καὶ
3636 3815 3765 3871 αὖον

2096 3909 2445 3977 συννήσαντες
2503 3906 2594 3960 καὶ
2650 3910 2758 3980 πῦρ
2834 3903 3076 3972 ἐνιέντες,
3161 3910 3262 3972 τῆς
3323 3900 3601 3980 διώρυχος
3663 3905 3767 3960 ὑπ-

2094 3997 2330 4071 εξῄεσαν.
2391 3998 2502 4063 Τῆς
2562 3992 2619 4049 δὲ
2675 3992 2886 4074 φλογὸς
2945 3992 3272 4072 ἀναφθείσης
3332 3993 3426 4048 καὶ
3481 3998 3589 4049 τῶν
3630 4016 3767 4066 στη-

2101 4086 2387 4162 ριγμάτων
2468 4081 2937 4158 ἀνθρακωθέντων,
3026 4078 3122 4136 δύο
3208 4081 3413 4159 πύργοι
3481 4083 3624 4157 ὁμοῦ
3685 4088 3765 4157 τῷ

2100 4172 2345 4247 διαμέσῳ
2376 4173 2425 4209 ⁴δ
2465 4171 2674 4228 τούτων
2719 4168 3010 4246 δομήματι
3056 4174 3153 4225 τοῦ
3185 4170 3408 4246 τείχους
3438 4170 3763 4242 ἐξαπιναίως

2099 4260 2517 4340 ἀποῤῥαγέντες,
2577 4261 2829 4342 ὑφίζανόν
2883 4281 2942 4318 τε
3019 4260 3112 4316 καὶ
3185 4257 3607 4332 ὑπωλίσθαινον,
3669 4284 3738 4318 κα

3749 4389 3764 4422 ι

1531 4424 1588 4477 C.
1635 4422 1697 4478 Β.
1749 4420 1939 4477 HASIl
1978 4421 2535 4479 ANNOTATIONES.

401 4586 446 4624 “
471 4584 597 4640 παίε
623 4585 751 4644 cod.
828 4586 873 4623 ‘7
895 4588 1123 4659 ταγεῖσα
1152 4581 1283 4640 cod.
1316 4596 1438 4636 uno
1464 4580 1663 4638 verbo.
1738 4579 1790 4616 4⁸
1818 4575 2093 4653 διαμέσων
2118 4580 2250 4639 cod.

406 4739 517 4811 (56)
549 4736 689 4794 lude
720 4754 756 4793 a
784 4737 916 4793 vbb.
946 4738 1071 4792 Jam
1115 4750 1243 4790 vero
1285 4734 1405 4789 acri
1447 4732 1643 4790 denuo
1682 4733 1979 4791 Combeﬁ—
2009 4737 2058 4804 D

365 4826 520 4865 lana.

365 4828 382 4865 ι
426 4828 520 4865 na.
1617 4835 1622 4839 -

333 4829 360 4866 Β
388 4828 514 4953 z257)
551 4884 695 4937 Rem
754 4879 1014 4953 similem
1072 4877 1360 4934 accidisse
1392 4877 1652 4953 Manueli
1684 4878 1987 4933 Comneno

332 4951 478 5026 imp.
497 4955 790 5079 Zeuglmen
814 4951 1097 5023 oppidum
1122 4951 1487 5022 oppugnanti
1510 4951 1832 5006 Cinnamus
1855 4967 1988 5005 auc-

332 5031 427 5081 tor
483 5031 573 5081 est
672 5030 836 5080 istor.
887 5024 1009 5077 142.
1059 5023 1119 5078 C.
1179 5020 1395 5081 γύναιόν
1451 5041 1504 5075 τι
1556 5052 1626 5062 --
1675 5020 1742 5074 τὰ
1792 5020 1987 5081 ἱμάτια

332 5041 427 5081 tor
483 5041 573 5081 est
620 5041 836 5080 umor.
887 5041 1009 5077 ΜΖ.
1059 5041 1119 5078 u.
1179 5041 1395 5094 γύναιον
1451 5041 1504 5075 τι
1556 5052 1626 5062 --
1675 5041 1742 5074 τα
1797 5041 1986 5093 ιματια

328 5096 524 5167 κόσμῳ
554 5094 734 5149 οὐδενί
773 5091 1095 5167 ἀνασείρασα
1146 5093 1215 5165 [Ι.
1275 5091 1605 5165 ἀνασύρασα]
1638 5099 1699 5148 et
1728 5109 1861 5164 quas
1891 5110 1986 5149 se-

332 5176 935 5319 #9135
951 5236 1080 5319 _[sic_
1099 5236 1435 5319 analogiam
1463 5239 1702 5319 secutus
1734 5234 1983 5319 scripsi:

330 5307 566 5367 in'Co’d.
605 5317 663 5365 et
691 5307 787 5364 hic
818 5307 877 5362 et
906 5313 991 5361 71.
1041 5307 1101 5362 C.
1155 5307 1461 5379 exaratum
1513 5313 1602 5361 est
1626 5323 1745 5361 uno
1778 5308 1831 5379 ρ]
1856 5307 1988 5379 pri-

330 5401 464 5439 mus
496 5384 556 5437 in
588 5381 797 5436 Lexica
825 5386 1030 5434 nostra
1065 5381 1153 5434 vir
1182 5378 1535 5434 eruditionis
1567 5378 1819 5433 summas
1847 5378 1986 5432 Sch-

330 5455 612 5510 neiderus
643 5452 887 5522 recepit.
922 5453 1044 5515 636,
1099 5466 1169 5505 ex
1225 5449 1405 5505 Suida
1450 5451 1552 5504 ΙΙΙ.
1590 5452 1715 5503 552.
1747 5452 1806 5505 C.
1842 5449 1986 5503 Alia)

331 5526 713 5583 auctoritates
745 5522 1013 5579 vocabuli
1054 5528 1195 5579 sunt
1238 5523 1296 5593 S.
1343 5522 1658 5593 Gregorius
1689 5523 1987 5593 Nyssenus

333 5600 550 5654 Contra
580 5599 827 5652 Eunom.
862 5597 930 5651 ΙΙ.
966 5598 1086 5650 121.
1120 5594 1179 5668 C.
1212 5592 1279 5646 τὰ
1324 5587 1676 5668 χαμᾷιῤῥιφῆ
1713 5587 1825 5668 τῶν
1852 5587 1990 5668 δογ-

340 5668 523 5740 μάτων
572 5669 789 5725 Contra
844 5669 1073 5723 Eunon.
1120 5667 1221 5740 ΔΙΙΙ.
1278 5660 1490 5740 161έο.
1510 5660 1586 5740 ’τρ
1615 5660 1990 5740 χαμαιρῥιφές

334 5731 394 5795 τι
420 5737 511 5794 καὶ
541 5740 731 5815 γήϊνον
779 5742 886 5793 τῶν
932 5744 1032 5810 τῆς
1085 5736 1343 5812 αἱρέσεως
1390 5731 1703 5814 δογμάτίιῖν.
1736 5731 1987 5795 5.’Ν11ἰιε

2087 4735 2272 4820 Epist.
2325 4736 2350 4790 Ι
2406 4738 2496 4820 2p.
2552 4738 2614 4793 B.
2672 4739 3054 4820 χαμαιριφεξςκ
3085 4737 3395 4820 [θέρη-τινες
3431 4736 3763 4820 ’γενόμενοὶι

2095 4805 2378 4883 ὤφθημεν,
2412 4805 2766 4880 Αηοηγιῐὶῐιέ
2790 4805 2952 4864 Actis
2983 4805 3443 4867 SSbeiloromi
3471 4805 3540 4865 ac
3572 4805 3764 4865 Philae

2102 4882 2226 4934 178.
2285 4886 2355 4933 Α.
2412 4877 2574 4934 αὐτὸν
2631 4878 2985 4934 γαμαιὸὁιωῆ
3058 4877 3141 4934 ἐπ’
3219 4877 3390 4934 ὀξέσιν
3447 4879 3761 4934 ὀστράκοις.

2102 4878 2226 4936 178.
2266 4878 2355 4933 VA.
2412 4878 2601 4934 αύτὸνή
2631 4878 2985 4958 χαμαιρῥιφῆ
3058 4878 3141 4934 ἐπ’
3219 4878 3390 4948 ὀξέσιν
3447 4879 3761 4951 ὀστράκοις.

2100 4951 2519 5041 Confupditur,
2551 4957 2618 5041 ut
2645 4952 3138 5041 rectenobserva‘t‘
3152 4951 3593 5041 i§cbneigde£us:
3626 4969 3761 5041 cum

2099 5021 3762 5177 ἔῗδλίἴρἴςέῖὶἷίςέιεέἷθὲὲξςιὲτξὲξθέςιῖἰῗξὲἓιιε’ἒφῆἓὲῗάείέ

2097 5184 2282 5243 sumus
2304 5167 2417 5243 :_in
2447 5167 2653 5243 Cresco
2685 5174 2794 5243 est.
2828 5163 3227 5243 xapatép‘iqae‘ic
3251 5163 3613 5243 χεγενῆμεθα.

2170 5242 2288 5316 (59)¹
2312 5238 2529 5294 Confer
2566 5234 2944 5311 Agathimam
2986 5234 3077 5305 2i,
3121 5234 3195 5293 Ἀ.
3247 5234 3467 5312 ὄργανα
3503 5234 3756 5316 φέροντες

2101 5307 2397 5382 λιθοτόμα,
2431 5316 2490 5365 et
2519 5307 2650 5382 qua?
2681 5316 3033 5382 sequuntur.

2172 5385 2283 5453 (60)
2300 5376 2880 5454 'Co'dicis'lection'em
2900 5376 3197 5454 τίαχυδαιῆ,
3222 5379 3284 5435 in
3309 5384 3471 5454 textu
3494 5383 3758 5454 expressi

2098 5452 2221 5509 iota
2253 5454 2609 5524 subscripta,
2642 5453 2801 5524 quod
2831 5454 2892 5508 in
2924 5452 3093 5524 libris
3123 5453 3424 5508 veteribus
3454 5453 3545 5507 vel
3574 5452 3755 5524 omit-

2100 5526 2245 5580 titur
2263 5520 2531 5591 omnino,
2556 5520 2755 5591 vel,'ut
2780 5524 2898 5591 hic,
2921 5523 3302 5580 adscribitur.
3328 5525 3448 5580 Vox
3470 5520 3756 5595 ταχυδᾳτςς

2098 5615 2276 5669 quam
2309 5598 2460 5671 alias
2509 5614 2806 5671 nusquam
2864 5596 3060 5670 legere
3115 5597 3381 5666 memini,
3414 5596 3758 5671 Agathianaa

2102 5668 2192 5725 est
2214 5670 2595 5742 proprietatis
2624 5671 2686 5722 2i
2722 5668 2785 5726 C.
