4128 6474
412 391 538 451 697

1795 390 2189 453 HISTORIA?
2233 391 2377 452 LIB.
2426 391 2500 452 ll.

3718 385 3840 445 698

402 525 547 599 πρὸς
595 520 866 602 τοῦδαφος
897 519 1274 602 κατεφέροντο.
1310 523 1380 578 Οἱ
1423 519 1480 578 δὲ
1532 525 1758 597 Κρῆτες,
1791 528 1870 596 τῷ
1900 529 2060 598 καινῷ

2183 525 2518 597 periculum
2541 541 2609 581 ac
2629 523 2928 580 servitutis
2950 523 3149 579 animo
3175 518 3834 588 recolentes,constipa-

409 617 510 669 τοῦ
570 613 850 687 ὁράματος
907 607 1296 685 θαμϐηθέντες,
1355 609 1438 666 ἐπ’
1491 609 1684 688 ὀλίγον
1735 613 1933 687 χρόνον
1972 615 2071 683 τήν

412 703 603 777 μάχην
668 698 958 771 ἐξέκλιναν,
1019 705 1096 772 τῷ
1153 700 1421 775 τεραστίῳ
1479 699 1918 777 καταπλαγέντες
1973 705 2069 756 τοῦ

408 791 758 868 πράγματος.
822 790 939 846 Εἶτ’
995 788 1150 850 αὖθις
1229 790 1320 845 τὸν
1376 797 1475 859 τῆς
1528 788 1920 866 αἰχμαλωσίας
1977 790 2068 845 καὶ

411 877 665 940 δουλείας
725 877 1192 955 ὑπολογισάμενοι
1247 875 1509 947 κίνδυνον,
1566 879 1640 940 είς
1698 878 1911 956 ἀρῥαγῆ
1961 901 2069 935 πα-

413 970 632 1043 ράταξιν
661 969 1101 1042 συνηθροίζοντο,
1135 968 1227 1023 καὶ
1285 964 1374 1022 διὰ
1430 973 1538 1023 τῶν
1565 967 2069 1043 κατερειπωθέντων

411 1063 614 1133 τειχῶν
666 1061 766 1129 την
819 1059 1138 1131 Ῥωμαϊκὴν
1196 1053 1578 1114 διαϐαίνουσαν
1607 1059 1861 1138 φάλαγγα
1891 1057 2067 1136 ἐρρω-

413 1146 708 1222 μενέστατα
767 1143 1120 1222 ὑπεδέχοντο,
1177 1144 1477 1221 δαιμονίως
1534 1169 1592 1203 τε
1649 1144 2064 1224 διηγωνίζοντο,

410 1235 534 1308 περὶ
586 1238 772 1312 ψυχὴν
829 1237 875 1272 ⁴⁹
928 1232 1342 1296 κινδυνεύοντες.
1378 1238 1538 1310 ’Ἄρτι
1569 1232 1626 1290 δὲ
1657 1233 1885 1290 πολλῶν
1913 1235 2067 1290 ἀναι-

411 1323 687 1398 ρεθέντων,
740 1322 858 1380 ἐπεὶ
913 1325 1049 1398 πρὸς
1103 1324 1372 1395 τοσαύτην
1401 1324 1861 1401 ἀνανταγώνιστον
1893 1327 2066 1398 ροπῆν

411 1411 521 1488 οὐχ
579 1413 692 1467 οἷοί
745 1434 802 1468 τε
858 1414 993 1483 ἦσαν
1049 1412 1420 1469 ἀντικαθίσθαι
1475 1409 1783 1488 (ἐπέϐρισαν
1850 1415 1953 1491 γὰρ
2008 1415 2063 1469 αἱ

411 1499 664 1576 δυνάμεις
721 1504 970 1573 κατόπιν,
1053 1505 1146 1559 καὶ
1221 1504 1466 1578 ὠθισμὸς
1525 1504 1895 1565 ἀνυπόστατος
1951 1505 2062 1577 ἦν),

409 1593 486 1654 εἷς
547 1597 724 1673 φυγὴν
784 1598 868 1668 [Ρ.
924 1598 1010 1669 16]
1069 1593 1379 1669 τρέπονται,
1442 1600 1750 1671 χωροῦντες
1808 1592 1898 1649 διὰ
1956 1599 2064 1650 τῶν

406 1689 714 1738 στενωπῶν·
775 1685 1042 1758 Ῥωμαῖοι
1101 1681 1157 1740 δὲ
1214 1683 1540 1764 ἐφεπόμενοι
1571 1685 1800 1746 τούτους
1830 1684 2062 1758 ἀνῄρουν

401 1770 670 1842 ἀνηλεῶς.
733 1773 796 1826 Οἱ
851 1769 907 1828 δὲ
962 1771 1396 1854 περιλειφθέντες
1454 1775 1545 1830 καὶ
1604 1774 1764 1835 ὅσους
1797 1773 1894 1828 οὐκ
1925 1769 2057 1853 ἔφθη

2184 620 2240 670 to
2262 616 2499 687 agmine
2531 614 2720 670 aciem
2754 619 3092 686 coegerunt,
3127 626 3352 684 perque
3392 623 3702 663 murorum
3738 623 3836 660 ru-

2178 703 2321 760 dera
2342 706 2744 760 Romanorum
2765 702 3120 774 phalangem
3144 698 3566 772 pervadentem
3589 694 3840 750 fortissi-

2176 811 2272 850 me
2304 794 2691 866 excipientes,
2724 791 3050 865 majoribus
3083 807 3260 862 quam
3294 806 3400 860 pro
3427 788 3688 842 humana
3718 784 3835 838 vir-

2176 889 2301 940 tute
2323 883 2541 940 animis
2564 884 2625 938 in
2648 883 2778 937 vita;
2802 881 3148 937 discrimine
3169 879 3550 934 dimicarunt.
3575 874 3835 930 Tandem

2176 973 2382 1028 multis
2403 973 2733 1037 cassis,cum
2751 978 2959 1028 contra
2977 977 3096 1026 tam
3115 969 3524 1024 vehementem
3543 966 3834 1036 impetum

2175 1061 2398 1118 diutius
2421 1062 2699 1118 resistere
2731 1079 2850 1117 non
2883 1066 3127 1132 possent
3147 1057 3483 1131 (ingruebat
3506 1055 3666 1110 enim
3688 1055 3774 1108 vis
3801 1070 3834 1108 a

2174 1156 2359 1224 tergo,
2393 1152 2788 1224 impressione
2821 1167 3064 1223 prorsus
3097 1147 3504 1216 intolerabili),
3538 1146 3601 1198 in
3632 1144 3829 1215 fugam

2173 1240 2442 1296 conversi
2499 1242 2560 1295 in
2622 1240 2950 1313 angiportis
3009 1256 3070 1294 se
3127 1237 3511 1309 dejecerunt:
3581 1231 3830 1289 Romani

2173 1347 2308 1386 vero
2344 1331 2597 1386 insecuti
2632 1331 2759 1386 dire
2782 1346 2882 1385 eos
2911 1327 3304 1384 trucidabant.
3326 1327 3470 1380 Tum
3503 1324 3604 1396 qui
3637 1324 3833 1378 hacte-

2171 1436 2284 1475 nus
2315 1421 2666 1492 superstites
2698 1425 2889 1487 erant,
2912 1436 2979 1474 ac
3005 1421 3298 1490 quotquot
3326 1414 3550 1469 bellum
3583 1429 3701 1468 non
3735 1411 3832 1466 de-

2171 1509 2832 1582 messuerat,projectus
2864 1508 3044 1564 armis
3077 1506 3149 1562 ad
3182 1522 3386 1578 preces
3417 1503 3828 1575 confugerunt.

2169 1599 2292 1664 Qua
2351 1615 2414 1653 re
2472 1600 2616 1670 visa,
2675 1604 2912 1670 praator,
2975 1596 3307 1652 calcaribus
3353 1610 3506 1666 equo
3536 1591 3828 1654 subdidis,

2169 1689 2465 1744 concitato
2498 1705 2677 1744 cursu
2709 1687 2993 1760 oppidum
3027 1688 3210 1742 intrat
3253 1690 3311 1739 et
3349 1684 3606 1739 militum
3637 1682 3829 1752 impe-

2171 1780 2296 1830 tum
2328 1775 2622 1831 inhibuit:
2656 1792 2779 1830 non
2812 1791 2942 1830 esse
2991 1771 3377 1828 trucidandos
3410 1769 3689 1830 suadens,
3724 1765 3826 1837 qui

402 1859 690 1936 ἐκθερίζειν
747 1865 859 1935 (61)
916 1864 945 1917 6
1003 1861 1273 1937 πόλεμος,
1333 1863 1398 1919 τὰ
1473 1862 1621 1921 ὅπλα
1679 1863 1928 1940 ῥίψαντες
1981 1863 2056 1924 εἷς

2173 1881 2339 1921 arma
2385 1865 2764 1938 abjecissent,
2818 1881 2930 1920 nec
2986 1864 3048 1919 in
3096 1863 3190 1920 27
3247 1860 3439 1916 nudos
3470 1875 3538 1914 ac
3568 1859 3830 1912 inermes

400 1953 634 2006 ἱκετείαν
683 1950 1000 2026 ἐτράποντο.
1055 1954 1224 2028 Ὅπερ
1274 1955 1302 2009 6
1357 1953 1666 2030 στρατηγὸς
1706 1954 2054 2026 θεασάμενος,

399 2041 495 2096 τὸν
551 2040 718 2096 ἳππον
769 2044 1048 2116 κεντρίσας
1116 2041 1207 2098 καὶ
1292 2043 1383 2098 τὸν
1442 2039 1646 2118 δρόμον
1701 2041 2055 2117 ἐπιταχύνας,

401 2128 692 2200 εἰσήλαυνε
748 2152 807 2186 τε
863 2131 955 2186 καὶ
1012 2137 1120 2187 τῶν
1177 2137 1527 2207 στρατιωτῶν
1581 2136 1681 2202 τήν
1730 2133 1908 2206 ὁρμὴν
1965 2132 2058 2186 ἀν-

399 2221 638 2296 ετείχιζε
695 2222 764 2290 ⁵ο,
827 2223 904 2296 μή
963 2222 1187 2277 κτείνειν
1238 2221 1536 2278 ἀναπείθων
1592 2223 1720 2284 τοὺς
1785 2222 1852 2277 τὰ
1911 2219 2058 2277 ὅπλα

400 2310 662 2387 ῥίψαντας
737 2309 954 2387 ἄνδρας,
1027 2309 1168 2387 μηδὲ
1245 2313 1383 2368 κατὰ
1449 2311 1630 2387 ψιλῶν
1684 2313 1776 2368 καὶ
1832 2310 2058 2367 ἀόπλων

2170 1955 2493 2012 crudeliter
2521 1961 2580 2011 et
2604 1955 2733 2010 sine
2764 1954 3132 2010 humanitate
3164 1951 3512 2006 irruendum
3541 1965 3554 2002 :
3588 1969 3618 1998 «
3651 1946 3828 2001 inhu-

2167 2045 2471 2100 manitatis
2512 2061 2642 2100 esse
2695 2043 2908 2108 aiebat,
2955 2060 3055 2098 eos
3105 2042 3207 2113 qui
3253 2039 3468 2095 cedant
3498 2043 3556 2092 et
3590 2053 3652 2091 se
3685 2034 3825 2089 sub-

2159 2133 2394 2204 jiciant,
2445 2151 2564 2189 non
2612 2150 2783 2188 secus
2831 2139 3007 2204 atque
3057 2132 3257 2186 hostes
3295 2128 3542 2200 perdere
3597 2131 3657 2179 et
3711 2123 3824 2178 ob-

2168 2229 2467 2279 truncare.
2505 2245 2526 2274 ι
2563 2224 2663 2278 His
2695 2223 2887 2278 verbis
2935 2239 3086 2294 mgre
3138 2221 3257 2275 dux
3296 2216 3601 2274 crudelem
3627 2215 3821 2285 impe-

2169 2319 2295 2368 tum
2327 2314 2621 2369 exercitus
2652 2312 2912 2368 inhibuit
2941 2329 3008 2366 ac
3037 2309 3282 2366 sedavit.

399 2401 574 2474 ώμὼς
604 2402 694 2457 καὶ
724 2403 1107 2478 ἀπανθρώπως
1141 2410 1368 2477 χωρεῖν,
1401 2403 1792 2479 ἀπανθρωπίας
1835 2400 2013 2478 λέγων
2044 2403 2204 2470 εἶναι,
2250 2403 2313 2456 τὸ
2369 2402 2588 2472 ὗπεῖξαν
2617 2401 2708 2456 καὶ
2741 2402 2967 2477 γεγονὸς
2999 2399 3318 2474 ὑποχείριον
3351 2393 3678 2472 διαφθείρειν
3709 2389 3818 2460 ἤδη

397 2493 491 2547 καὶ
550 2492 922 2548 ἀποκτιννύειν
979 2493 1212 2570 ὡσπερεὶ
1262 2491 1556 2568 πολέμιον.
1619 2491 1853 2558 Τούτοις
1905 2497 2023 2555 τοῖς
2084 2490 2277 2567 λόγοις
2337 2491 2504 2565 μόλις
2565 2491 2793 2567 ἐπέσχεν
2853 2492 2882 2546 6
2934 2490 3236 2566 στρατηγὸς
3276 2493 3377 2553 τῆς
3425 2490 3674 2560 στρατιᾶς
3719 2482 3820 2550 τὴν

405 2582 698 2660 μιαιφόνον
733 2581 935 2657 ὁρμήν.

477 2701 546 2772 η“.
581 2701 732 2758 Ἐπεὶ
787 2696 843 2755 δὲ
885 2701 1021 2756 κατά
1068 2701 1268 2776 κράτος
1322 2699 1448 2770 ἥλω
1496 2703 1530 2772 ἡ
1578 2699 1766 2769 πόλις,
1806 2700 1872 2756 τὰ
1902 2722 2058 2776 πρω-

401 2788 594 2846 τόλεια
645 2788 860 2870 ὑφελὼν
917 2790 945 2845 ὁ
1003 2791 1334 2866 στρατηγὸς,
1393 2791 1485 2845 καὶ
1543 2791 1606 2845 τὸ
1660 2791 1894 2864 ἀκμαῖον
1950 2796 2058 2845 τῶν

363 2865 370 2869 ’
402 2865 787 2956 αἰχμαλώτων
842 2865 1396 2955 ἀνδραποδισάμενος,
1457 2877 1760 2959 διειληφώς
1792 2902 1849 2935 τε
1887 2885 2058 2936 ταῦτα

400 2970 494 3024 καὶ
545 2970 619 3030 εἰς
651 2971 708 3025 ὸν
749 2967 952 3043 ἔμελλε
1008 2971 1264 3047 κατάγειν
1315 2963 1584 3044 θρίαμϐον
1614 2967 1952 3044 διατηρήσας
1983 2970 2057 3031 ὡς

405 3057 668 3132 μάλιστα,
737 3059 803 3115 τὰ
881 3056 1051 3114 λοιπὰ
1103 3065 1219 3121 τοῖς
1271 3060 1635 3134 στρατιώταις
1703 3060 2059 3134 προνομεύειν

399 3148 758 3224 προτέθεικεν.
821 3149 888 3206 Οἱ
942 3146 998 3203 δὲ
1067 3146 1155 3204 διὰ
1231 3155 1338 3204 τῶν
1417 3146 1690 3224 δωμάτων
1749 3155 2058 3225 χωροῦντες

2237 2702 2288 2755 8.
2323 2699 2550 2772 Oppido
2579 2700 2632 2754 vi
2661 2705 3015 2774 expugnato,
3060 2704 3280 2772 prastor
3329 2698 3662 2754 subtractas
3705 2709 3826 2748 ma-

2167 2790 2488 2844 nubiarum
2519 2791 2816 2861 primitias
2833 2791 3214 2862 captivosque
3235 2788 3594 2843 valentiores
3614 2785 3676 2838 in
3699 2800 3821 2838 ser—

2166 2882 2415 2936 vitutem
2472 2881 2746 2936 redactos
2825 2882 3112 2953 seposuit,
3170 2881 3245 2935 ad
3313 2878 3822 2949 triumphumque,

2173 2987 2351 3042 quem
2379 2971 2666 3026 ducturus
2689 2976 2835 3038 erat,
2861 2970 3179 3042 diligenter
3203 2967 3523 3024 reservavit
3547 2983 3558 3019 :
3593 2964 3826 3034 reliqua

2167 3060 2460 3116 militibus
2516 3059 2854 3132 diripienda
2918 3058 3248 3132 proposuit.
3308 3056 3400 3110 Illi
3454 3071 3560 3126 per
3615 3054 3824 3107 domos

2171 3151 2341 3206 effusi
2373 3149 2630 3222 pradam
2662 3149 2985 3222 plurimam
3018 3154 3076 3203 et
3123 3145 3501 3218 magnificam
3531 3143 3821 3199 fecerunt.

399 3236 616 3299 πολλὰς
673 3238 764 3294 καὶ
814 3236 1140 3300 πολυτελεῖς
1214 3237 1546 3314 ἐκαρποῦντο
1607 3240 1702 3301 τὰς
1763 3238 2052 3320 ὠφελείας.

2171 3241 2377 3294 Fertur
2433 3240 2593 3295 enim
2650 3239 3019 3294 Cretensium
3069 3236 3353 3309 oppidum
3385 3250 3526 3306 opes
3555 3233 3827 3305 ingentes

406 3326 670 3384 Πλεῖστον
721 3329 825 3406 γὰρ
882 3329 973 3383 καὶ
1026 3326 1414 3400 ἀνεξάντλητον
1470 3335 1577 3384 τῶν
1607 3331 1650 3367 ⁸¹
1707 3335 1934 3405 Κρητῶν
1965 3328 2060 3385 λέ·-

403 3438 556 3494 γεται
610 3416 778 3473 πόλιν
834 3413 981 3473 ἔνδον
1038 3419 1128 3474 τὸν
1179 3414 1346 3474 ὄλϐον
1391 3421 1814 3496 παρακατέχειν,
1847 3420 1935 3476 ἐπὶ
1963 3443 2060 3476 συ-

405 3509 534 3582 χνὸν
588 3509 701 3583 οὐχ
757 3507 956 3577 ἥκιστα
1033 3508 1470 3583 εὐημερήσασαν,
1539 3509 1794 3583 εὐμενοῦς
1853 3532 1912 3565 τε
1967 3511 2058 3566 καὶ

407 3595 693 3673 μειλιχίου
722 3600 1064 3672 πειραθεῖσαν
1093 3606 1192 3668 τῆς
1240 3599 1441 3674 τύχης,
1500 3599 1590 3654 καὶ
1629 3596 1796 3672 μηδέν
1848 3621 1899 3654 τι
1952 3606 2059 3656 τῶν

398 3685 742 3742 ἀπευκταίων
796 3686 1263 3760 καθυπομείνασαν
1319 3690 1450 3761 (62),
1512 3689 1546 3742 ἃ
1603 3690 1636 3758 ἡ
1688 3687 2060 3765 παλίντροπος

404 3781 512 3831 τῶν
559 3777 776 3851 χρόνων
826 3777 968 3856 φορά
1025 3776 1218 3832 ώσανεί
1274 3797 1420 3839 τινας
1475 3784 1649 3852 κῆρας
1698 3777 2060 3835 ἐπικυλίνδειν

405 3863 586 3921 εἴωθεο
649 3865 892 3940 μάλιστα
958 3863 1016 3922 δὲ
1067 3873 1410 3940 πειρατικαῖς
1461 3868 1553 3922 καὶ
1612 3865 1937 3943 λῃστρικαῖς
1976 3891 2062 3925 κε-

407 3957 692 4030 χρημένην
722 3954 1064 4024 ἐκπλεύσεσι,
1115 3962 1222 4011 τῶν
1274 3962 1446 4033 γαιῶν
1502 3956 1826 4036 ἀμφοτέρων
1857 3957 2059 4030 ληῖσα-

401 4049 524 4100 σθαι
554 4048 620 4102 τὰ
647 4047 945 4122 παράκτια,
1003 4047 1108 4102 κάκ
1164 4052 1271 4102 τῶν
1300 4047 1565 4103 τοιούτων
1605 4046 2058 4123 ἐπιτηδευμάτων

397 4135 838 4211 ἀποθησαυρίσαι
885 4133 1127 4192 πλοῦτον
1182 4136 1482 4210 ἀμύθητον,
1517 4135 1699 4193 Ἀλλὰ
1740 4143 1932 4195 τοῦτον
1965 4141 2058 4213 μὲν

399 4225 494 4280 τὸν
521 4227 725 4301 τρόπον
752 4225 874 4295 ἣλω
904 4226 966 4282 τὸ
1013 4227 1062 4262 ⁵³
1116 4224 1247 4281 ἄστυ
1286 4225 1377 4281 καὶ
1433 4227 1572 4301 πρὸς
1598 4232 1705 4282 τῶν
1733 4229 2059 4303 Ῥωμαϊκῶν

403 4315 619 4396 ἐλήφθη
673 4321 896 4391 χειρῶν.
960 4315 1113 4372 Ἐπεὶ
1197 4312 1252 4370 δὲ
1337 4316 1402 4372 τὰ
1478 4313 1624 4372 ἔνδον
1699 4315 2057 4392 ἐκκεκόμιστο

402 4409 632 4475 ἅπαντα,
692 4406 784 4461 τὸν
841 4401 1138 4480 περίϐολον
1195 4407 1224 4460 6
1281 4405 1595 4484 Νικηφόρος
1661 4409 2059 4464 κατασκάπτειν

399 4493 794 4552 διακελεύεταιο
835 4498 932 4550 τοῦ
989 4491 1046 4549 δὲ
1100 4491 1370 4570 πολλαχῆ
1403 4495 1914 4570 κατερειπωθέντος,
1969 4497 2058 4554 ἐπὶ

396 4587 498 4654 τὴν
531 4583 717 4660 χώραν
762 4581 918 4644 αὖθις
957 4581 1138 4658 ἀπῆγε
1186 4583 1286 4651 τὴν
1331 4579 1574 4658 δύναμιν.
1625 4581 2060 4660 Ἀνδραποδισά-
2085 4607 2130 4673 D

403 4694 561 4750 μενος
616 4695 676 4729 τε
731 4673 932 4744 ταύτην
987 4670 1081 4727 καὶ
1137 4669 1491 4747 ληϊσάμενος,
1549 4671 1640 4728 καὶ
1689 4673 1752 4730 τὸ
1809 4673 2052 4746 ἀντίξουν

2167 3335 2345 3400 atque
2367 3330 2752 3384 inexhaustas
2773 3327 3141 3384 continuisse
3165 3343 3177 3380 :
3202 3331 3519 3397 propterea
3543 3321 3698 3393 quod
3724 3321 3826 3375 diu

2165 3434 2284 3472 non
2312 3435 2522 3490 parum
2552 3417 2716 3484 felix,
2751 3417 3068 3488 propitiam
3110 3414 3467 3483 facilemque
3513 3417 3821 3482 expertum

2163 3510 2486 3574 fortunam,
2541 3509 2947 3565 calamitatum
2997 3507 3225 3562 nullam
3276 3504 3639 3576 pertulisset,
3674 3519 3823 3572 quas

2165 3598 2482 3653 mutabiles
2500 3603 2834 3669 temporum
2853 3613 3061 3652 cursus
3077 3601 3362 3666 tanquam
3378 3593 3608 3662 aliquot
3627 3597 3821 3662 pestes

2165 3695 2436 3768 inﬂigere
2486 3695 2638 3752 solet
2669 3712 2682 3750 :
2735 3701 2857 3750 tum
2903 3693 3181 3759 maxime,
3219 3691 3378 3762 quod
3410 3688 3676 3762 piraticis
3708 3704 3816 3741 ex-

2165 3786 2543 3841 cursionibus
2573 3791 2632 3840 et
2662 3785 2992 3841 latrociniis
3048 3799 3244 3849 usum,
3277 3782 3589 3851 utriusque
3631 3779 3824 3833 conti-

2164 3875 2366 3930 uentis
2398 3875 2738 3948 populando
2797 3875 3016 3941 littora,
3078 3871 3373 3945 ejusmodi
3416 3869 3644 3925 artibus
3675 3867 3826 3922 divi-

2166 3966 2278 4022 tias
2304 3967 2639 4022 ineffabiles
2662 3970 3090 4022 coacervasset.
3111 3965 3177 4019 In
3200 3964 3360 4019 hunc
3390 3961 3633 4016 modum
3665 3960 3826 4031 oppi-

2165 4055 2308 4110 dum
2330 4061 2730 4128 expugnatum
2750 4059 3274 4124 Romanorumque
3289 4050 3570 4106 manibus
3587 4053 3826 4120 captum

2166 4151 2275 4199 est.
2309 4147 2524 4200 Evecta
2571 4151 2704 4217 post
2733 4146 2860 4200 huic
2894 4143 3057 4200 omni
3088 4141 3480 4214 supellectile,
3516 4153 3824 4195 murorum

2164 4232 2455 4288 ambitum
2487 4233 2717 4305 perfodi
2750 4239 2927 4304 atque
2986 4231 3179 4303 disjici
3220 4227 3819 4300 Nicephorusjussit:

2165 4339 2282 4392 quo
2337 4323 2543 4378 multis
2601 4322 2665 4378 in
2723 4322 2870 4378 locis
2927 4321 3248 4389 destructo,
3282 4318 3342 4373 in
3374 4311 3581 4390 agrum
3613 4332 3820 4371 rursus

2164 4411 2365 4468 educit
2392 4413 2614 4484 copias.
2645 4412 2830 4476 Quem
2861 4409 3202 4483 populatus,
3224 4406 3570 4463 hominibus
3601 4405 3661 4460 in
3694 4421 3820 4460 ser—

2163 4502 2408 4556 vitutem
2440 4502 2687 4566 redacti,
2713 4517 2848 4556 cum
2880 4498 3170 4570 quidquid
3200 4497 3482 4551 infestum
3514 4494 3822 4566 superfue-

2163 4596 2256 4646 rat
2299 4591 2398 4647 28
2458 4591 2587 4646 sine
2650 4589 2938 4663 sanguine
2995 4587 3344 4659 subegisset,
3402 4586 3462 4640 in
3521 4583 3818 4640 tumulum

2162 4678 2482 4735 sublimem
2512 4679 2884 4751 arduumque
2914 4677 3072 4733 haud
3101 4675 3312 4749 procul
3341 4675 3413 4732 ab
3447 4675 3645 4731 excisa
3671 4672 3821 4729 urbe

1615 4851 1675 4908 C'
1718 4855 1780 4912 B.
1823 4855 2014 4912 HASII
2051 4857 2609 4914 ANNOTATIONES.

471 5031 521 5067 ⁴⁹
547 5035 701 5092 Fort.
734 5036 944 5108 ψυχῆς.
1020 5033 1071 5070 ⁵ο
1099 5034 1255 5092 Fort.
1287 5033 1618 5108 ἀνεχαίτιζι.
1694 5035 1741 5071 ⁵¹
1771 5039 1903 5093 τῶν.
1934 5037 2060 5111 Leg.

2171 5057 2198 5092 ν
2231 5037 2352 5094 sive
2379 5037 2479 5106 τήν
2510 5040 2641 5093 τῶν.
2717 5036 2768 5072 ⁸³
2797 5034 2919 5092 εἴλο
2947 5037 3011 5093 τὸ
3041 5038 3175 5096 cod.

475 5227 1447 5306 (ﬁt)Oportebatéxesptguw,_vel
1505 5233 1702 5306 potius
1759 5229 2056 5306 ἐκθερίσας.

400 5301 515 5374 βοά,
539 5301 635 5357 hic
667 5301 924 5374 Leonem
957 5303 1018 5357 in
1051 5301 1225 5374 culpa
1258 5301 1552 5358 arbitror:
1605 5304 1710 5358 lin.
1737 5307 1829 5373 23,
1862 5301 1960 5359 ubi
1992 5307 2054 5361 in

397 5373 540 5452 God.
575 5380 666 5452 est
690 5371 1012 5452 ἀνετείχιζε,
1041 5371 1168 5452 fere
1208 5378 1445 5452 credam
1495 5371 2054 5452 scripsisseidvexat-

393 5449 532 5512 τιζε.
567 5447 738 5501 Certe
793 5444 1164 5537 ἀναχαιτίζειν
1220 5447 1320 5515 τήν
1379 5447 1558 5536 ὁρμνίν
1614 5444 1681 5502 ἓ3
1736 5444 2053 5530 Ι)..84ῘὈ.

396 5513 724 5572 ἀναγατίζοι
754 5518 854 5572 τῆν
897 5513 1090 5572 εφοδον
1143 5520 1210 5571 20
1262 5518 1327 5572 D.
1379 5537 1475 5572 τας
1506 5489 1733 5572 ἐφόδους
1767 5521 2053 5572 Nicepho-

396 5514 724 5589 ἀναγατίζοι
754 5518 865 5601 τήν.
897 5514 1090 5596 ἔφοδον
1143 5520 1210 5571 20
1262 5514 1327 5574 D.
1379 5514 1475 5577 τάξ
1506 5514 1733 5596 ἐφόδους
1767 5520 2060 5592 Nicepho-

399 5605 504 5644 rus
524 5577 676 5661 lmp.
709 5591 923 5646 Tactic.
960 5606 1140 5661 supra
1172 5593 1291 5644 H7.
1321 5593 1386 5647 A.
1421 5592 1522 5646 Est
1550 5591 1793 5646 verbum
1829 5595 2062 5648 Demos-

402 5661 732 5736 thenicnm,
789 5678 946 5736 saepe
984 5661 1074 5736 i_bi
1121 5667 1392 5717 notatum
1423 5679 1457 5717 a
1486 5663 1728 5736 criticis,
1767 5669 2056 5721 veterum.

397 5731 528 5789 Vid.
562 5735 848 5790 Maussac.
873 5731 952 5792 ad
983 5733 1324 5807 Harpocrat.
1355 5736 1444 5790 42.
1477 5735 1538 5792 C.

2243 5235 2356 5304 (62)
2391 5233 2784 5309 sacomam
2824 5235 3100 5309 adjunge
3160 5234 3383 5292 Lexicis
3441 5251 3510 5289 ex
3551 5233 3663 5288 hoc
3691 5233 3820 5288 loco

2171 5321 2322 5376 eque
2353 5305 2540 5362 altero
2561 5305 2651 5361 20.
2675 5308 2733 5361 Β.
2756 5305 2983 5363 Addam
3007 5305 3390 5364 auctoritates
3416 5312 3822 5376 quantaecum-

2167 5394 2282 5448 que
2314 5379 2776 5450 suntgAnonymi
2821 5380 2901 5435 De
2946 5381 3081 5450 ,Vita
3126 5379 3182 5433 S.
3235 5380 3640 5450 Chrysostom.
3678 5377 3820 5450 Vlll.

2168 5451 2292 5534 ΞΗ.
2352 5448 2712 5534 9.ηὲξούσ;ιον
2769 5448 3727 5534 τῂν-,βίαν,καθυπομένονταςί-Ξῐ

2171 5521 2465 5610 gregentii
2497 5523 2854 5610 Tephrensis
2887 5519 3173 5610 D-isputat.
3201 5537 3340 5610 cium
3355 5520 3564 5610 έυάωο

2169 5587 2334 5666 etet—6
2367 5587 2638 5666 ζωοποιδν
2671 5591 2848 5666 ἄνομα
2875 5587 3181 5666 tie-dying
3211 5588 3444 5663 Τριάδος
3474 5589 3563 5643 καὶ
3597 5587 3826 5664 χείρονα

2168 5663 2376 5718 τούτων
2403 5665 2614 5721 καθυπο
2622 5663 2892 5740 μένουσιν.
