4128 6422
469 423 585 486 705

1887 415 2280 479 HISTORIA}:
2321 414 2473 475 LlB.
2527 414 2609 475 ΙΙ.

3760 419 3881 482 706

464 556 893 632 συνεκφορήσας,
979 552 1071 610 καὶ
1140 552 1297 624 νίκην
1356 550 1776 629 ἐπιφανεστάτην
1830 550 1922 607 καὶ
1999 555 2117 606 οἵαν

2249 549 2711 621 ιοηεοεείεεθιιῐι
2772 549 2900 621 ipse
2954 549 3028 606 ad
3084 550 3511 622 imperatorem
3543 553 3874 627 contendit,

473 647 575 703 οὐκ
602 644 775 707 ἄλλος
834 640 1266 716 ἀναδησάμενος,
1323 641 1523 707 ἐκεῖθεν
1583 644 1682 712 τήν
1739 640 1967 716 δύναμιν
2017 642 2118 696 ἀν-

2249 641 2497 697 aborum
2528 642 2776 713 praemia
2811 648 3189 715 accepturus.

469 730 768 810 ελόίμϐανε,
800 735 889 790 καὶ
917 734 1057 790 κατά
1082 733 1151 789 τὰ
1179 737 1328 812 σφῶν
1357 730 1614 789 ἔστελλεν
1644 732 1780 804 ἥθη,
1809 730 2088 806 ἀμύθητον
2114 730 2207 786 τὸν
2239 727 2478 786 πλοῦτον
2513 729 2836 803 ἀθροίσασαν
2860 731 2925 766 ⁸⁸·
2949 729 3112 793 αὐτὸς
3135 727 3193 787 δὲ
3220 731 3358 807 πρὸς
3387 732 3480 787 τὸν
3514 732 3889 812 αὐτοκράτορα

464 824 575 891 ἔθει
605 827 674 898 ⁵⁸,
702 827 813 879 τῶν
844 822 1025 878 πόνων
1057 821 1124 878 τὰ
1153 822 1287 898 γέρα
1318 821 1660 896 ληψόμενος.

540 942 590 999 ι’.
620 944 781 1018 Ἀρτι
815 938 871 996 δὲ
897 943 1150 1014 μεσοῦντι
1180 940 1281 1009 τὴν
1326 936 1642 1016 ὁδοιπορίαν
1700 942 1780 1012 τῷ
1837 943 2122 1014 στρατηγῷ

467 1034 629 1111 φήμη
689 1053 776 1096 τις
849 1029 1162 1101 ὑπηντίαζε,
1214 1030 1316 1098 τὴν
1403 1029 1638 1094 ἐντεῦθεν
1699 1025 1966 1101 ἐκδημίαν
2025 1033 2122 1084 τοῦ

468 1120 700 1184 ἄνακτος
758 1122 1051 1193 Ῥωμανοῦ
1108 1124 1218 1192 (72)
1277 1117 1700 1196 διαγγέλλουσα.
1759 1119 1821 1176 Ὀ
1906 1116 1984 1190 δὲ,
2043 1122 2125 1191 τῷ

468 1208 873 1286 ἀπροσδοκήτῳ
899 1216 1000 1281 τῆς
1033 1210 1227 1287 φήμης
1255 1207 1634 1284 ἐκταραχθεὶς,
1676 1207 1872 1283 ἐπέσχε
1926 1227 1983 1262 τε
2024 1209 2123 1276 τὴν

471 1298 807 1378 διαπορείαν,
838 1298 927 1354 καὶ
962 1300 1097 1355 κατά
1128 1298 1317 1375 χώραν
1375 1299 1605 1371 ὑπεμενε
1658 1298 1727 1354 ⁸ο.
1786 1299 2013 1371 Λέγεται
2066 1294 2124 1352 δὲ

466 1392 659 1445 τοῦτον
691 1390 785 1444 τὸν
813 1387 1014 1462 τρόπον
1047 1386 1321 1457 ἐκπλῆσαι
1350 1388 1443 1442 τὸν
1481 1385 1599 1462 βίον
1632 1391 1722 1441 τὸν
1750 1385 2124 1462 αὐτοκράτορα

468 1481 775 1555 Ῥωμανόνο
837 1478 1063 1548 Ἐπειδὴ
1119 1477 1484 1554 παρειληφὼς
1528 1478 1630 1547 τήν
1687 1477 1867 1553 ἀρχὴν
1908 1476 2120 1546 ἐπιεικῆ

476 1594 534 1628 τε
562 1572 653 1627 καὶ
711 1571 932 1646 μέτριον
990 1567 1148 1623 αὐτὸν
1180 1569 1271 1623 καὶ
1321 1567 1653 1645 εὐεργετικὸν
1730 1571 1810 1640 τῷ
1895 1564 2125 1640 ὑπηκόῳ

472 1661 792 1738 παρείχετο,
873 1656 1165 1723 ὑποδύντες
1249 1659 1387 1721 τινες
1437 1656 1528 1713 καὶ
1603 1656 1953 1732 μετελθόντες
2032 1657 2123 1711 τὸν

474 1752 785 1828 ἄνθρωπον,
823 1748 1105 1826 μοχθηροί
1157 1768 1217 1803 τε
1243 1749 1334 1803 καὶ
1390 1744 1582 1803 δοῦλοι
1637 1746 1869 1823 γαστρὸς
1897 1746 1988 1802 καὶ
2019 1750 2126 1801 τῶν

476 1840 856 1919 ὑπὸγαστὲρα,
907 1838 1280 1914 διαφθείρουσι
1334 1839 1428 1894 τὸν
1487 1838 1866 1914 καλοκάγαθον
1923 1840 2128 1912 τρόπον

475 1936 574 1989 τοῦ
603 1933 748 2001 νέου,
782 1931 995 2006 τρυφὴν
1028 1930 1370 1994 ὑποτιθέντες
1399 1926 1489 1983 καί
1536 1927 1838 1984 ἀκόλαστον
1894 1924 2123 1998 ἡδονήν,

2308 941 2392 993 10.
2425 939 2552 995 Jam
2582 955 2719 994 vero
2752 955 2889 994 cum
2923 938 3041 995 dux
3092 940 3156 995 in
3214 940 3409 996 medio
3463 942 3677 999 itinere
3709 950 3886 1013 esset,

2232 1028 2392 1083 fama
2423 1027 2697 1099 quaedam
2741 1030 3019 1100 pervasit,
3074 1031 3407 1085 Romanum
3467 1031 3890 1104 imperatorem

2233 1118 2513 1172 humanis
2545 1117 2893 1172 excessisse.
2926 1118 3052 1183 Quo
3083 1118 3184 1174 ille
3212 1119 3617 1191 inexspectato
3649 1138 3889 1178 rumore

2233 1208 2591 1280 perterritus
2622 1211 2736 1265 iter
2767 1211 3068 1279 inhibuit;
3103 1212 3433 1284 eodemque
3493 1215 3553 1269 in
3585 1215 3715 1272 loco
3741 1218 3890 1272 sub-

2236 1302 2406 1356 stitit.
2441 1305 2509 1357 At
2536 1302 2863 1375 imperator
2892 1306 3193 1361 Romanus
3225 1306 3383 1362 hunc
3435 1308 3496 1362 in
3556 1309 3797 1366 modum
3859 1328 3888 1366 e

2234 1392 2353 1447 vita
2382 1393 2708 1448 excessisse
2741 1393 2980 1449 dicitur.
3044 1396 3092 1449 A
3140 1396 3435 1468 principio
3486 1398 3719 1470 imperii
3751 1416 3885 1454 cum

2235 1480 2460 1536 bonum
2482 1498 2551 1537 ac
2572 1482 2946 1538 moderatum
2982 1500 3111 1539 sese
3143 1490 3203 1540 et
3231 1484 3569 1542 beneﬁcum
3599 1489 3662 1542 in
3694 1488 3893 1543 subdi-

2235 1580 2329 1630 tos
2358 1575 2730 1647 praebuisset,
2764 1583 2971 1648 poslea
3029 1584 3411 1650 surrepentes
3468 1580 3742 1637 nonnulli
3802 1598 3892 1637 ca-

2235 1671 2592 1739 ptantesque
2622 1667 2951 1734 hominem,
2983 1668 3241 1739 improbi
3274 1670 3362 1725 illi
3407 1670 3672 1741 quidem,
3701 1672 3891 1727 ventri

2237 1762 2297 1811 et
2352 1757 2427 1811 iis
2481 1773 2613 1827 quae
2698 1756 2807 1811 sub
2865 1762 3068 1812 ventre
3128 1764 3268 1813 sunt
3322 1760 3736 1825 inservientes,
3789 1761 3895 1815 bo-

2238 1866 2376 1905 nam
2408 1849 2805 1905 adolescentis
2865 1850 3128 1905 indolem
3182 1850 3685 1923 depravaverunt;
3734 1854 3894 1926 quod

2240 1941 2313 1997 ad
2380 1942 2586 1997 luxum
2658 1959 2794 1997 eum
2865 1943 3441 2016 immoderatamque
3528 1946 3889 2019 voluptatem

480 2019 839 2099 διεγείροντές
898 2041 956 2074 τε
1010 2020 1148 2096 πρὸς
1205 2017 1545 2083 ἀλλοκότους
1591 2017 1879 2091 ἐπιθυμίας
1938 2016 2131 2072 τούτου

2249 2036 2606 2100 revocarent,
2688 2032 2760 2087 ad
2817 2032 3117 2104 mirasque
3200 2032 3484 2089 libidines
3561 2016 3892 2091 excitarent

474 2112 577 2180 τὴν
611 2105 810 2186 ὄρεξιν.
846 2110 1121 2172 Ἐντεῦθεν
1152 2109 1298 2183 παρά
1325 2107 1416 2163 τὸν
1450 2108 1637 2181 καιρὸν
1678 2111 1784 2162 τῶν
1844 2110 2131 2176 νηστειῶν,

467 2203 535 2265 ἇς
568 2201 709 2274 πρὸς
739 2199 1001 2273 κάθαρσιν
1028 2201 1224 2273 ψυχῶν
1252 2197 1342 2252 καὶ
1400 2194 1665 2273 ποδηγίαν
1726 2201 1829 2252 τῶν
1888 2197 2130 2272 κρειττόο

474 2312 585 2347 νων
672 2289 885 2364 ἐξεῦρον
965 2284 1155 2363 ἄνδρες
1228 2286 1672 2366 θεοφορούμενοι,
1730 2287 2135 2365 παρειληφότες

466 2380 565 2435 τὸν
590 2378 881 2452 Ῥωμανὸν
905 2377 956 2432 οἱ
988 2375 1182 2450 λοιμοὶ
1213 2379 1350 2450 (73),
1382 2375 1469 2430 ἐπὶ
1529 2374 1748 2452 θηρείαν
1808 2376 1852 2414 ⁸⁸
1915 2375 2132 2456 ἐλάφων

460 2470 664 2540 ἳενται,
723 2466 776 2521 ἐν
829 2460 1119 2528 δυσϐάτοις
1178 2464 1493 2527 ἐλαύνοντες
1551 2461 1751 2543 ὄρεσιν.
1786 2465 2022 2523 Ἐκεῖθὲν
2076 2488 2135 2522 τε

464 2556 844 2629 ἀναζεύξαντες
901 2560 994 2611 τὸν
1048 2554 1421 2631 αὐτοκράτορα
1497 2556 1895 2632 συγκομίζουσι
1980 2577 2133 2633 περι-

463 2645 809 2722 ημεκτέοντα
860 2646 948 2701 καὶ
1031 2645 1099 2700 τὰ
1147 2642 1468 2701 ἐπιθανάτια
1523 2647 1775 2703 πνέοντα.
1836 2645 1935 2701 Καί
1988 2666 2134 2711 τινες

468 2739 566 2812 μὶν
597 2736 658 2793 ἐκ
706 2741 810 2806 τῆς
854 2734 1082 2808 ἀκαίρου
1141 2733 1300 2812 φασὶν
1356 2733 1615 2797 ἱππασίας
1674 2734 1923 2809 σπασμὸν
1983 2734 2133 2811 ἐγγε-

463 2827 647 2882 νέσθαι
676 2823 861 2898 τούτῳ
891 2823 1016 2900 περὶ
1069 2824 1137 2879 τὰ
1165 2823 1370 2898 καίρια.
1403 2823 1493 2886 Ὠς
1555 2820 1614 2877 δὶ
1638 2825 1673 2893 ἡ
1725 2828 1830 2878 τῶν
1863 2824 2133 2879 πλειόνων

469 2914 697 2970 ὑπόνοια
752 2908 896 2991 ἔχει,
954 2913 1191 2968 κώνειον
1254 2909 1419 2967 αὐτόν
1479 2913 1792 2968 πεπωκέναι
1851 2913 1990 2987 πρὸς
2035 2917 2137 2980 τῆς

464 3000 945 3080 γυναικωνίτιδος.
984 3001 1113 3060 Εἳτε
1135 3000 1193 3057 δέ
1226 3001 1462 3073 ἐκείνως,
1498 2999 1604 3057 ε⁹ίτε
1650 3002 1740 3057 καὶ
1790 3000 1965 3064 οὓτως
1999 3005 2134 3075 (74),

468 3088 685 3167 ἀμείϐει
714 3093 812 3149 τὸν
852 3091 1335 3169 βίονὸῬωμανὸς
1390 3092 1490 3162 τήν
1545 3098 1646 3161 τῆς
1698 3091 1921 3161 ἡλικίας
1972 3091 2134 3147 ἐλαύ-

468 3205 579 3238 νων
615 3183 825 3257 ἀκμῆν,
875 3187 1023 3257 τρεῖς
1086 3181 1363 3244 ἐνιαυτοὺς
1414 3182 1552 3257 πρὸς
1610 3180 1770 3237 πέντε
1822 3182 1981 3254 μησὶ,
2037 3184 2134 3251 τὴν

479 3272 859 3348 αὐτοκράτορα
890 3268 1131 3334 διιθόνας
1164 3272 1365 3346 ἀρχήν.
1400 3271 1610 3328 Τούτου
1644 3269 1701 3326 δέ
1729 3270 1780 3342 ἐξ
1839 3272 2140 3347 ἀνθρώπων

473 3362 787 3438 γεγονότος,
846 3362 945 3431 τήν
999 3363 1100 3428 τῆς
1184 3359 1462 3435 βασιλείας
1522 3360 1701 3436 ἀρχὴν
1731 3361 1879 3434 παρά
1931 3381 1990 3416 τε
2034 3365 2131 3415 τοῦ

470 3454 951 3527 πατριαρχοῦντος
1008 3447 1356 3505 Πολυεύκτου
1385 3449 1475 3505 καὶ
1519 3457 1619 3520 τῆς
1657 3448 1965 3523 συγκλήτου
2001 3451 2133 3526 βου-

474 3538 582 3611 λῆς
615 3541 666 3595 οἱ
724 3538 931 3596 ἐκείνου
985 3536 1180 3604 παῖδες
1236 3539 1522 3602 Βασίλειος
1561 3539 1650 3594 καὶ
1702 3541 2128 3613 Κωνσταντῖνος,

470 3632 663 3703 νήπιοι
693 3627 900 3706 κομιδῇ
930 3628 1216 3695 τελοῦντες
1245 3632 1356 3704 (‘75)
1412 3629 1501 3686 καὶ
1550 3628 1961 3703 τιθηνούμενοι,
1998 3630 2133 3704 μετά

2238 2120 2624 2177 voluntatem.
2686 2121 2941 2178 Proinde
2994 2126 3257 2194 tempore
3308 2123 3705 2196 jejuniorum,
3756 2143 3887 2196 qua:

2239 2211 2312 2267 ad
2343 2212 2683 2285 purgandos
2704 2212 3140 2284 rapiendosque
3195 2214 3448 2270 sublime
3494 2216 3725 2272 animos
3780 2216 3891 2271 viri

2240 2300 2438 2357 divino
2462 2302 2683 2374 Spiritu
2739 2301 2901 2373 pleni
2962 2301 3373 2369 instituerunt,
3421 2306 3753 2360 Romanum
3786 2323 3891 2361 na-

2240 2400 2349 2451 ctas
2381 2395 2499 2450 illa;
2532 2400 2730 2467 pestes
2762 2412 2966 2451 cervos
3007 2402 3283 2451 venatum
3342 2402 3506 2467 eunt,
3563 2414 3671 2470 per
3726 2416 3892 2454 mon-

2241 2489 2326 2539 tes
2354 2483 2676 2556 impeditos
2706 2500 2891 2555 equos
2909 2484 3221 2557 agitantes.
3253 2485 3399 2542 Inde
3444 2487 3659 2542 reversi
3715 2488 3897 2560 impe-

2242 2582 2499 2632 ratorem
2529 2576 2783 2648 graviter
2810 2577 3183 2641 laborantem
3218 2579 3310 2634 8|
3338 2580 3589 2652 jamque
3632 2580 3893 2636 animam

2240 2672 2516 2739 agentem
2547 2683 2748 2723 secum
2782 2662 3066 2723 referunt.
3121 2666 3269 2721 Sunt
3307 2668 3408 2739 qui
3442 2668 3764 2736 afﬁrment,
3824 2688 3895 2726 ex

2244 2752 2608 2823 equitatione
2660 2753 3079 2824 intempestiva
3136 2753 3555 2810 convulsiones
3586 2756 3639 2810 ei
3670 2756 3895 2813 circum

2240 2837 2442 2892 vitalia
2454 2838 2740 2893 accidisse
2754 2884 2759 2890 .
2772 2838 3119 2909 Plerorumq
3129 2854 3200 2893 ue
3214 2840 3472 2909 suspicio
3487 2846 3898 2906 est,venenum

2244 2921 2297 2977 ei
2330 2938 2459 2977 esse
2491 2923 2563 2978 de
2593 2922 2857 2995 gynaecio
2916 2923 3143 2977 datum.
3207 2922 3338 2988 Sed,
3380 2924 3498 2979 sive
3530 2925 3615 2980 sic
3637 2932 3745 2994 est,
3780 2928 3899 2983 sive

2243 3006 2347 3062 illo
2380 3007 2576 3076 modo,
2610 3009 2915 3062 Romanus
2938 3013 3110 3063 astate
3171 3006 3392 3063 ﬂorens
3453 3009 3703 3074 interiit.
3734 3018 3898 3084 post-

2246 3109 2426 3163 quam
2459 3093 2857 3164 principatum
2902 3091 3245 3147 obtinuerat
3273 3108 3464 3150 annos
3497 3100 3617 3151 tres
3662 3112 3900 3152 menses

2246 3179 2534 3250 quinque.
2585 3180 2707 3244 Quo
2766 3178 2885 3233 vita
2939 3177 3166 3246 functo,
3226 3178 3332 3233 lilii
3373 3182 3505 3253 ejus
3539 3182 3790 3238 Basilius
3843 3190 3900 3237 et

2247 3265 2962 3336 Constantinus,infantes
2992 3265 3314 3321 admodum
3364 3273 3424 3322 et
3452 3268 3608 3323 inter
3636 3270 3901 3325 nutrices

2246 3366 2574 3429 versantes,
2608 3376 2728 3416 una
2753 3376 2887 3415 cum
2913 3366 3104 3415 matre
3134 3360 3494 3429 Theophano
3526 3362 3846 3434 imperium
3868 3380 3903 3418 a

2244 3453 2562 3526 Polyeucto
2620 3454 2960 3525 patriarcha
3004 3459 3181 3525 atque
3231 3453 3499 3525 patribus
3547 3456 3904 3528 conscriptis

2241 3546 2529 3601 traditum
2561 3547 2882 3618 accipiunt.
2918 3547 3049 3602 Haec
3070 3546 3453 3618 Theophano,
3488 3548 3743 3604 obscuro
3771 3549 3901 3605 loco

2241 3644 2401 3705 nata,
2426 3639 2874 3712 pulchritudine
2906 3655 3041 3696 vero
3073 3641 3461 3713 corporisque
3492 3641 3787 3716 elegantia
3806 3642 3899 3698 in-

1679 3807 1738 3864 C.
1783 3809 1846 3866 B.
1886 3809 2079 3864 HASII
2116 3806 2684 3863 ANNOTATIONES.

549 3951 598 3988 ⁸⁸
624 3949 922 4027 ἀθροίσασα
950 3951 1080 4009 cod.
1103 3950 1151 3988 ‘9
1178 3948 1313 4025 ἔθει]
1338 3945 1434 4021 ἔθη
1469 3951 1598 4008 cod.
1632 3956 1693 4007 et
1719 3952 1899 4023 paulo
1931 3956 2066 4025 post
2096 3948 2128 4006 λ

2249 3970 2439 4023 μενος.
2469 3949 2524 3987 ⁸ο
2543 3951 2702 4006 Fort.
2736 3945 3016 4023 ὑπέμεινε.
3049 3950 3094 3987 ⁶¹
3125 3948 3369 4026 θηρείαν.
3414 3952 3511 4008 Sic
3541 3952 3672 4009 cod.

481 4106 740 4164 Historia
770 4106 1178 4180 Saracen.edit
1197 4106 1388 4180 Erpen
1420 4108 1543 4180 223.
1568 4107 1627 4162 C.
1652 4106 2132 4180 Abulpharagius

482 4180 757 4251 Chronic.
779 4179 904 4251 Syr.
936 4180 977 4236 Ι.
1015 4179 1270 4235 194.Ο.ει
1287 4178 1581 4251 Abulfeda
1602 4180 1816 4234 Annal.
1839 4178 2131 4235 Moslémi-

481 4252 569 4307 cis
594 4250 732 4306 edit.
778 4250 979 4305 A’dler.
1013 4251 1083 4318 II,
1116 4252 1240 4306 476.
1303 4253 1372 4307 Α.
1431 4250 1713 4323 υειῐηίιεο,
1758 4267 2013 4323 quorum
2066 4251 2135 4305 ﬁt

479 4323 707 4380 mentio
730 4339 910 4394 supra
927 4323 1122 4378 203.C.
1139 4326 1280 4377 sunt
1307 4339 1452 4395 gens
1474 4322 1533 4377 in
1552 4322 1792 4379 Parthia
1804 4323 1960 4378 circa
1972 4337 2133 4378 mare

2243 4106 2568 4189 Gindarum
2599 4104 2690 4159 vel
2716 4105 3070 4191 Glaphyran}.
3098 4106 3699 4191 Narratiosc'riptoris
3712 4109 3900 4191 nostri

2243 4179 2474 4304 eiregie
2506 4177 2783 4233 convenit
2812 4193 2949 4232 cum
2979 4177 3284 4259 Elmacino
3315 4177 3528 4235 223.0.
3549 4179 3649 4249 qui
3670 4180 3899 4262 scribit,

2242 4250 2283 4305 C
2332 4248 2720 4306 ambdanum.
2781 4249 2892 4303 hoc
2952 4255 3042 4303 est
3096 4247 3559 4306 Seifeddaulam.
3606 4250 3896 4306 Hamdam

2243 4328 2543 4401 nepotem,
2575 4292 2760 4391 copiis
2785 4319 3080 4401 bipartitis
3102 4319 3390 4389 majorem
3424 4290 3652 4401 partem
3682 4323 3901 4394 Nagjao

482 4392 877 4468 Caspiumfin
905 4395 1051 4468 jugo
1084 4392 1379 4468 montium
1435 4410 1569 4468 quo,
1610 4412 1781 4468 nunc
1829 4395 2042 4468 Ghilan
2077 4398 2135 4468 et
2241 4392 2434 4468 legato
2463 4409 2567 4447 suo
2599 4392 3011 4468 commisisse:
3049 4392 3245 4468 ipsum
3277 4406 3410 4468 cum
3469 4392 3680 4468 exigua
3718 4392 3899 4468 manu

482 4466 892 4539 Mazenderam
940 4466 1003 4522 a'
1032 4466 1353 4539 provinciis
1406 4467 1656 4539 Algebal
1686 4474 1744 4522 et
1765 4467 1907 4539 irak
1940 4466 2131 4539 Ajami

485 4483 892 4522 mazenueram
940 4483 975 4522 a
1032 4483 1077 4593 Β

485 4538 996 4594 disterminantur.

487 4610 606 4683 jam
640 4610 918 4683 Agathias
939 4611 1027 4665 92.
1104 4610 1169 4664 D.
1233 4615 1291 4664 et
1325 4610 1800 4683 Theophylactus
1832 4610 2133 4683 Simocatt.

534 4723 547 4736 .
580 4683 669 4738 96.
695 4681 1041 4737 ‘Militabant
1060 4686 1202 4736 tunc
1216 4698 1352 4738 cum
1383 4681 1593 4738 Curdis
1617 4681 1886 4737 finitimis
1902 4681 1964 4736 in
1980 4696 2140 4736 exer-

485 4753 702 4826 citibus
733 4753 1015 4809 Arabum.
1034 4752 1401 4809 Theodosius
1424 4752 1713 4810 diaconus
1744 4754 1824 4810 De
1849 4769 2141 4826 expugna-

486 4824 648 4881 tione
674 4826 860 4881 Cretm
890 4826 1129 4881 Acroas.
1166 4826 1231 4880 V.
1263 4828 1333 4881 22
1358 4841 1371 4880 :

988 4963 1068 5007 τ·-
1085 4931 1233 5007 πλήν
1266 4930 1320 4987 ἐν
1339 4931 1503 5007 τάχει

487 5006 613 5078 Τἇξν
641 5004 954 5078 Δελεμιτῷν
990 4997 1289 5078 βελιόιτ-ᾧν
1318 4997 1451 5065 τοὺς
1477 5003 1681 5066 τόπους

486 5073 666 5130 Πείσει
697 5070 1000 5149 χαλεῖσθαι¹
1033 5076 1124 5130 σὸν
1162 5073 1346 5151 βέλος,
1379 5070 1852 5150 σκηπτροκρᾶτορ.

486 5186 745 5242 Tametsi
768 5185 850 5241 ibi
882 5185 1328 5259 Fogginus_389.
1362 5185 1429 5242 D.
1464 5180 1772 5259 Δελεμιτῷν
1807 5200 1928 5239 non
1952 5182 2145 5256 gentis

487 5274 733 5325 nomen,
796 5256 901 5313 sed
968 5256 1327 5331 generaliter
1383 5257 1656 5331 omnium
1716 5257 2146 5311 Saracenorum

490 5329 1128 5401 cognomentum'esse
1187 5333 1373 5401 putet.
1432 5329 1691 5401 Fluvius,
1751 5342 2145 5401 propeqquem

489 5397 819 5473 pugnatum
852 5401 986 5462 fuit.
1048 5406 1140 5455 est
1188 5397 1443 5455 fortasse
1503 5397 1890 5473 antiquorum
1932 5397 2148 5453 Chalus

494 5471 791 5529 Arabibus
825 5473 1054 5528 Kowaik
1094 5488 1199 5528 seu
1232 5474 1380 5533 Caio.
1433 5488 1659 5544 agrum_
1701 5471 2147 5544 Berrhmensem

490 5546 696 5616 rigans
729 5545 975 5616 rivulus,
1008 5544 1091 5616 de
1131 5560 1248 5616 quo
1290 5540 1579 5615 Excerpta
1618 5542 1726 5597 Ibn
1776 5543 1844 5598 Ol
1928 5540 2147 5607 Wardi,

491 5614 641 5672 calo.
675 5617 857 5689 Syriae
888 5614 1109 5689 Albulf.
1150 5614 1251 5671 'ed.
1308 5614 1514 5671 Kochl.
1569 5617 1689 5670 190.
1741 5616 1806 5669 Α.
1843 5618 1969 5689 aut
1996 5629 2151 5668 unus

2244 4462 2394 4537 (hinc
2447 4470 2536 4537 es_t
2591 4462 2779 4537 nostri
2838 4462 3147 4537 scriptoris
3203 4462 3417 4537 cohors
3489 4462 3587 4517 ad‘
3621 4465 3900 4535 superius

1083 4537 1371 4611 ilimnitas
1403 4533 1775 4611 [Διλιμνίτας]
1805 4533 2137 4611 memorant
2168 4544 2216 4609 D
2249 4533 2461 4611 vadum
2489 4533 2756 4611 fluminis
2787 4534 3126 4611 considens)
3157 4533 3540 4611 remansisse,
3588 4533 3899 4611 qua—m‘Ni-

2247 4607 2540 4735 zepherus
2572 4605 2759 4660 solam
2791 4612 3022 4671 nactus,
3055 4605 3449 4677 impressione
3480 4604 3637 4662 facta
3658 4608 3897 4679 penitus

2293 4696 2322 4733 e
2351 4685 2487 4735 evrt.

2293 4679 2487 4735 elevit.

2321 4753 2434 4830 (η)
2465 4748 2623 4830 Obiit
2650 4748 2954 4830 Romanus
2973 4749 3369 4830 Iunior-jmp.
3421 4748 3544 4830 die_
3579 4750 3901 4830 Μεμφιίί

2251 4840 2304 4879 a.
2330 4820 2463 4886 V963,
2496 4821 2944 4893 demonstrante
2973 4820 3147 4893 Pagio
3179 4820 3376 4893 Critic.
3411 4820 3484 4876 ad
3508 4822 3637 4877 Bar.
3666 4823 3752 4877 IV.
3779 4825 3829 4876 5.
3862 4825 3906 4876 Α

2253 4899 2311 4950 et
2338 4896 2496 4967 Krug
2525 4892 2750 4963 (Chron.
2776 4892 2874 4967 der
2898 4891 3199 4967 _l_3_yz.;32_6.
3233 4897 3286 4948 Β.
3322 4892 3904 4967 Ιῖξοορῂοτυέεβριξιη

2251 4963 2713 5021 κάπ’ωθῑιεθ
2771 4963 2964 5035 Aprili
3017 4963 3287 5035 (Cedren.
3342 4965 3412 5019 Il.
3455 4963 3580 5020 645.
3643 4963 3776 5031 1).),Ι
3810 4964 3906 5019 die

2252 5041 2305 5094 2.
2337 5036 2475 5092 Julii
2510 5035 2570 5091 in
2602 5051 2810 5106 campo
2838 5041 2973 5092 aute
3005 5035 3334 5092 Czesaream
3360 5035 3432 5091 ab
3482 5035 3745 5090 exercitu
3793 5036 3907 5090 im-

2254 5115 2494 5183 perator
2522 5107 2952 5183 _renuntiatus_
2983 5113 3073 5183 est
3097 5111 3144 5183 _(
3177 5110 3483 5183 Constant.
3540 5106 3903 5179 Porphyrog.

2254 5179 2483 5237 Caerim.
2522 5180 2752 5251 Byzant.
2788 5179 2828 5233 Ι.
2859 5180 2982 5234 251.
3020 5180 3113 5248 D.)
3139 5198 3152 5235 :
3178 5180 3260 5235 ita
3311 5195 3441 5250 quas
3491 5182 3813 5232 narrantur
3848 5194 3905 5251 Aa

2256 5254 2450 5308 Leone
2473 5248 2600 5322 cap.
2639 5267 2715 5322 χι.
2741 5256 2800 5305 et
2830 5267 2925 5305 xu.
2952 5252 3131 5321 hujus
3161 5248 3597 5322 libri,7'necesse
3620 5248 3909 5320 estAprili

2257 5330 2318 5381 et
2346 5323 2492 5379 Maio
2526 5321 2795 5381 eiusdem
2837 5322 2977 5377 anni
3009 5324 3113 5377 963
3172 5321 3473 5377 accidisse.

2327 5397 2444 5463 (73)
2475 5389 2617 5450 Inde
2648 5395 2903 5450 Zonaras
2961 5394 3024 5448 ll.
3088 5396 3209 5448 196.
3272 5394 3335 5463 Ι).
3365 5389 3526 5463 quod
3559 5390 3658 5463 ait,
3693 5391 3910 5463 Roma-

2259 5457 2725 5590 numjtiniorem
2781 5481 2844 5520 se
2895 5464 3152 5533 dedisse,
3211 5457 3436 5537 ἀνδράσι
3496 5457 3912 5538 διεφθαρμένοις

2259 5558 2316 5590 τε
2344 5558 2433 5590 και
2509 5555 2716 5590 Ο⁹ιιοις.

2256 5558 2316 5592 τε
2344 5558 2433 5592 και
2470 5555 2716 5608 Λονμοις.

2332 5612 2441 5681 (74)
2469 5598 2858 5681 Τιξείιιεροβιιίι
2887 5607 3015 5663 Ι]ωο
3043 5605 3305 5680 Agathiaa
3336 5607 3424 5660 69.
3462 5604 3524 5659 Β.
3557 5598 3687 5658 Εἴτε
3718 5600 3787 5671 δὴ
3820 5602 3912 5657 οὗν

493 5704 525 5744 e
556 5676 941 5751 terrentibus,
978 5687 1079 5759 qui
1112 5703 1182 5743 ex
1211 5689 1435 5743 Amano
1496 5690 1809 5743 manantes
1838 5685 1901 5759 in
1954 5685 2133 5759 lacurr

2262 5676 2458 5751 οὕτως,
2490 5676 2869 5759 εἶ’τεῆἐκείνως.

491 5760 960 5816 Antiochensem
994 5755 1328 5828 transeunt,
1359 5764 1425 5815 ut
1477 5759 1751 5827 Ufrenus,
1801 5756 2023 5828 aliique
2077 5755 2151 5812 ad

2333 5748 2452 5826 (‘75)
2473 5751 2691 5808 Confer
2721 5748 3034 5824 Agathiam
3064 5751 3154 5805 90.
3176 5749 3253 5833 Β..
