4128 6446
377 426 488 486 7H

1781 423 2078 484 LEONIS
2127 423 2439 484 DlACONI

3677 429 3802 490 ’712

373 570 440 620 ut
454 564 691 635 nos,qui
714 561 958 618 Romani
980 576 1188 616 sumus
1201 564 1260 615 et
1273 559 1489 615 divinis
1511 558 1742 632 legibus
1761 558 2011 630 regimur

2135 555 2260 610 τίκα
2291 556 2518 632 γνώμην
2581 556 2714 632 ἐρῶ.
2779 564 2867 614 Δεῖ
2919 561 3227 634 Ῥωμαίους
3287 557 3446 624 ὄντας
3504 565 3674 638 ἡμᾶς,
3707 565 3800 620 καὶ

375 655 630 710 tenellos
661 652 907 708 Romani
948 650 1326 721 imperatoris
1371 650 1610 716 liberos,
1646 647 2026 720 quandoqui—

376 745 511 800 dem
543 748 745 797 nostro
778 740 1158 810 universique
1207 738 1412 810 populi
1445 739 1724 810 suffragio
1772 738 2004 808 impera

375 840 530 890 tores
561 830 884 886 renuntiati
929 833 1087 896 sunt,
1123 829 1183 884 in
1233 828 1461 883 honore
1491 827 1644 882 avito
1697 842 2024 882 conserve-

370 921 930 991 mus,eumdemque
963 919 1049 974 eis
1078 918 1326 979 cultum,
1362 934 1538 988 quem
1562 919 1664 972 84
1691 917 2023 988 majoribus

369 1029 596 1073 eorum.
625 1010 978 1064 tribuamus.
1013 1007 1305 1072 Quoniam
1335 1023 1469 1062 vero
1501 1006 1768 1061 barbaras
1819 1011 2024 1076 gentes

368 1103 695 1156 Romanam
726 1099 1016 1152 ditionem
1078 1096 1332 1167 diripere
1373 1113 1493 1150 non
1525 1100 1784 1155 cessant,
1819 1100 2026 1149 auctor

368 1191 533 1246 vobis
555 1206 709 1255 sum,
743 1192 809 1242 ut
833 1187 1021 1242 virum
1054 1186 1214 1242 hunc
1243 1186 1505 1256 (ostenso
1551 1185 1928 1255 Nicephoro),
1960 1189 2025 1238 ut

366 1282 603 1338 solertis
629 1279 853 1352 ingenii
885 1283 994 1345 est,
1036 1278 1121 1333 rei
1179 1277 1455 1332 militaris
1486 1277 1755 1348 apprime
1804 1292 2022 1347 gnarus

369 1390 436 1428 ac
468 1372 624 1428 bello
655 1371 847 1436 fortis,
881 1367 1366 1439 quandoquidem
1387 1367 1662 1422 victorias
1684 1383 1862 1436 quam
1894 1365 2022 1437 plu-

366 1464 551 1518 rimas
576 1459 802 1526 retulit,
833 1457 992 1530 quod
1024 1462 1082 1512 et
1108 1457 1427 1530 agnoscitis
1457 1474 1555 1511 vos
1587 1457 1722 1527 ipsi,
1765 1471 2020 1526 eumque

365 1569 487 1624 prae
515 1550 747 1606 caeteris
774 1547 1039 1619 utileum
1073 1547 1458 1612 veneramini,
1485 1545 1880 1617 jurejurando
1917 1544 2019 1598 ob-

367 1641 574 1696 stricta
604 1638 741 1706 ﬁde,
769 1637 918 1692 nihil
950 1636 1273 1691 inconsulti
1314 1635 1593 1690 adversus
1626 1635 1926 1706 principes
1953 1652 2019 1690 ac

367 1734 641 1785 senatum
672 1727 1020 1783 moliturum
1065 1725 1277 1780 ducem
1310 1741 1542 1780 summo
1574 1741 1709 1779 cum
1770 1724 2018 1795 imperio

363 1819 801 1885 renuntiemus,
854 1818 1026 1887 eique
1087 1815 1394 1870 tradamus
1447 1815 1649 1886 copias
1703 1814 2018 1884 Asiaticas,

2144 644 2312 707 θείοις
2372 643 2802 721 ῥυθμιζομένους
2854 651 3244 728 προστάγμασι
3318 654 3384 709 τὰ
3450 656 3642 731 νεογνὰ
3699 662 3798 712 τοῦ

2140 735 2544 813 αὐτοκράτορος
2592 745 2873 814 Ῥωμανοῦ
2936 742 3110 815 τέκνα,
3177 745 3292 802 ἐπεὶ
3345 749 3482 822 πρὸς
3512 750 3673 822 ἡμῶν
3703 749 3794 804 καὶ

2139 829 2236 879 τοῦ
2285 822 2468 899 δήμου
2529 830 2730 890 παντὸς
2790 830 3146 906 ἀνερρἐθησαν
3231 837 3660 911 αὐτοκράτορες,
3716 837 3796 898 εἷς

2137 915 2237 982 τήν
2275 919 2609 992 προγονικὴν
2665 921 2834 994 τιμῆν
2896 927 3177 996 συντηρεῖν
3233 925 3323 978 καὶ
3386 920 3545 986 σέϐας
3607 925 3802 981 ἀπονέ-

2140 1023 2258 1076 μειν
2311 1006 2430 1058 οἷον
2487 1007 2578 1060 καὶ
2627 1013 2746 1068 τοῖς
2797 1011 3094 1086 προγόνοις
3150 1012 3356 1068 αὐτῶνθ
3419 1013 3533 1070 ἐπεὶ
3593 1012 3649 1070 δὲ
3706 1016 3799 1071 καὶ

2131 1092 2197 1146 τὰ
2233 1094 2546 1168 βαρβαρικὰ
2603 1095 2750 1175 φῦλα
2811 1096 3103 1170 ληίζεσθαι
3170 1104 3270 1172 τήν
3328 1104 3644 1177 Ῥωμαϊκὴν
3702 1107 3807 1161 οὐκ

2132 1180 2432 1260 ἀπέχονται
2465 1192 2594 1262 γῆν,
2629 1183 3018 1261 συμϐουλεύω,
3061 1191 3152 1246 τὸν
3210 1189 3373 1267 ἄνδρα
3431 1194 3644 1248 τουτονὶ
3679 1196 3800 1269 (τὸν

2135 1274 2454 1351 Νικηφόρον
2509 1273 2874 1348 ὑποδεικνὺς),
2934 1279 3164 1359 ἀγχίνον
3226 1303 3284 1337 τε
3342 1281 3469 1339 ὖντα
3527 1285 3619 1338 καὶ
3653 1284 3795 1362 ἀγα-

2132 1361 2222 1414 θὸν
2252 1363 2317 1417 τὰ
2365 1362 2632 1438 πολέμια,
2691 1367 2782 1421 καὶ
2837 1368 2987 1430 νίκας
3049 1369 3134 1424 ὅτι
3194 1368 3456 1433 πλείστας
3513 1361 3793 1449 ἐπανῃρη-

2135 1449 2309 1522 μὲνον,
2345 1453 2494 1507 ὃκαὶ
2545 1453 2701 1510 αὐτοὶ
2763 1455 3214 1536 συνομυλογεῖτε,
3274 1461 3365 1516 καὶ
3433 1467 3626 1517 τοῦτον
3683 1469 3792 1519 τῶν

2132 1537 2321 1632 ἄλλων
2366 1541 2664 1612 ἐκθειάζετε
2695 1546 2742 1581 ⁶²
2800 1544 3065 1620 μάλιστα,
3120 1547 3305 1623 ὅρκοις
3377 1551 3792 1632 κατασφαλισα-

2134 1630 2324 1706 μὲνους
2383 1637 2459 1708 μή
2520 1657 2572 1690 τι
2631 1637 2767 1692 κατὰ
2826 1640 2922 1694 τού
2979 1641 3214 1715 κράτους
3269 1645 3359 1698 καὶ
3417 1652 3518 1714 τῆς
3576 1644 3792 1722 βουλῆ-

2135 1719 2434 1794 μελετῆσαι
2465 1720 2801 1796 ἀϐούλητον,
2860 1727 3093 1784 ἀνειπεῖν
3150 1731 3530 1809 αὐτοκράτορα
3577 1719 3788 1810 στρατ-

2130 1812 2307 1887 ηγὸν,
2364 1813 2454 1866 καὶ
2542 1815 2636 1875 τὰς

2717 1823 2817 1886 τῆς
2902 1819 3089 1880 Ἀσίας
3171 1818 3426 1896 δυνάμεις
3481 1822 3790 1902 ἐγχειρίσαι

363 1909 579 1982 quibus
611 1907 998 1963 barbarorum
1034 1907 1321 1977 impetum
1354 1911 1625 1960 coerceat
1645 1922 1713 1961 ac
1743 1905 2011 1976 repellat.

2129 1902 2303 1974 αὐτῷ,
2333 1903 2407 1964 ὡς
2441 1903 2710 1979 ἀμύνοιτο
2771 1908 2862 1962 καὶ
2913 1909 3260 1988 ἀναχαιτίζοι
3291 1919 3398 1968 τῶν
3453 1912 3790 1993 ἀλλοφύλων

359 2001 520 2055 Hanc
553 1998 709 2052 enim
743 1998 795 2053 ei
828 1997 1175 2069 dignitatem
1211 1998 1512 2051 Romanus
1543 2011 1778 2066 quoque
1823 1995 2009 2066 impe-

358 2095 519 2146 rator
548 2093 607 2143 et
626 2089 787 2142 vivus
811 2086 1037 2149 tribuit,
1071 2091 1130 2139 et
1150 2086 1412 2140 moriens
1445 2089 1804 2140 testamento
1837 2085 2010 2149 cavit,

354 2195 430 2235 ne
449 2179 534 2232 vir
551 2177 773 2248 Optime
803 2176 1101 2231 animatus
1127 2173 1421 2246 ejusmodi
1454 2173 1703 2244 imperio
1742 2189 2012 2227 movere-

358 2273 476 2322 tur.
504 2289 525 2315 :
563 2264 968 2321 Patriarcham
992 2265 1053 2318 in
1083 2264 1210 2318 hac
1226 2263 1404 2317 verba
1427 2262 1784 2316 sententiam
1809 2262 2006 2316 feren-

355 2364 478 2414 tem
500 2372 635 2412 cum
662 2360 903 2410 senatus
925 2353 1348 2424 comprobavit,
1373 2359 1499 2406 tum
1523 2368 1658 2407 vero
1686 2353 1863 2407 etiam
1885 2353 2010 2423 ipse

356 2446 647 2518 Josephus
700 2443 958 2498 cubiculi
1019 2442 1334 2514 prmfectus
1386 2458 1667 2496 assensus
1727 2447 1836 2509 est,
1888 2459 2008 2496 non

359 2540 572 2608 sponte
603 2534 705 2588 ille
728 2532 990 2605 quidem,
1017 2532 1118 2587 sed
1148 2532 1342 2588 studio
1367 2536 1608 2586 senatus
1629 2536 1889 2586 coactus.
1924 2532 2010 2587 Ita

358 2623 746 2681 horribilibus
795 2622 1162 2694 juramentis
1198 2621 1482 2676 obstricto
1544 2621 1900 2692 Nicephoro,
1932 2639 2007 2677 ne

357 2713 688 2770 infantibus
738 2712 938 2784 pueris
978 2712 1244 2784 angustis
1302 2711 1722 2782 superstitibus
1781 2711 2006 2782 aliquid

357 2805 497 2862 mali
541 2803 821 2859 adversus
852 2803 1225 2874 majestatem
1259 2817 1465 2856 eorum
1505 2800 1835 2867 moliretur,
1869 2817 2005 2856 cum

354 2895 464 2966 ipsi
499 2892 896 2964 adjurassent,
924 2891 1228 2947 neminem
1270 2907 1331 2946 se
1363 2890 1783 2962 primariorum
1815 2890 2002 2944 homi-

353 3001 496 3038 num
548 2982 875 3053 Nicephoro
935 2981 1114 3035 invito
1148 2980 1235 3035 vel
1283 2985 1550 3035 moturos
1608 2979 1737 3034 loco
1790 2979 1878 3034 vel
1932 2980 2004 3036 ad

353 3074 648 3145 majorum
717 3070 1064 3140 dignitatem
1123 3075 1505 3142 provecturos
1541 3111 1555 3134 ,
1609 3086 1814 3124 verum
1875 3070 2004 3141 ejus

349 3161 602 3218 consilio
634 3161 706 3216 de
767 3160 1072 3215 communi
1126 3159 1425 3214 sententia
1477 3159 2004 3214 administraturos

350 3249 781 3322 rempublicam
819 3267 831 3316 ;
865 3249 1023 3304 hunc
1053 3249 1154 3303 ubi
1187 3248 1396 3304 ducem
1429 3248 1581 3303 Asiae
1605 3265 1838 3303 summo
1870 3265 2004 3303 cum

348 3340 598 3412 imperio
645 3338 1197 3410 pronuntiaverant,
1251 3336 1570 3392 consilium
1622 3337 2003 3404 dimiserunt,

343 3449 431 3495 ac,
465 3430 684 3502 palatio
716 3429 960 3501 egressi,
993 3427 1069 3483 ad
1113 3443 1282 3483 suam
1344 3427 1597 3498 quisque
1643 3426 1885 3483 domum
1942 3444 2004 3481 se

345 3524 725 3591 receperunt.

417 3701 466 3736 δ’
494 3698 801 3770 ἐκθεάζεται
833 3699 962 3757 ced.

2124 1993 2232 2059 τήν
2270 1986 2503 2078 ἔφοδον.)
2549 1996 2767 2066 Ταύτην
2829 1998 2932 2074 γὰρ
2992 1986 3141 2072 αύτῷ
3197 2001 3288 2056 καὶ
3349 2004 3376 2056 ὁ
3432 1986 3789 2078 αὐτοκράτωρ

2125 2079 2234 2134 Ῥω
2254 2081 2446 2152 μανὸς,
2480 2077 2559 2138 ἔτι
2621 2086 2796 2159 βιοὺς,
2830 2085 3124 2166 ἐνεχείρισε
3180 2093 3280 2160 την
3331 2095 3520 2166 τιμὴν,
3559 2097 3649 2148 καί
3703 2114 3794 2149 τε-

2135 2166 2343 2224 λευτῶν
2391 2169 2442 2225 ἐν
2495 2178 2614 2234 ταῖς
2667 2171 2954 2246 διαθήκαις
3013 2179 3276 2252 ὡρίσατο,
3343 2183 3417 2254 μὴ
3484 2189 3788 2255 μετακινεῖν

2131 2265 2232 2326 τῆς
2289 2260 2550 2333 τοιαύτης
2611 2267 2946 2342 στρατηγίας
3005 2267 3451 2346 εὐγνωμονοῦντα
3533 2271 3626 2326 τὸν
3694 2271 3788 2328 ἄν·-

2126 2348 2362 2421 θρωπον.
2402 2375 2429 2402 ››
2471 2352 2685 2424 Ταύτην
2738 2354 3047 2418 ἀνειπόντος
3106 2363 3202 2414 τοῦ
3269 2361 3626 2440 πατριάρχου
3683 2363 3790 2433 τήν

2122 2438 2370 2512 γνώμην,
2419 2439 2719 2522 ἐπεψηφιζὲ
2772 2466 2828 2499 τε
2858 2447 2892 2516 ἡ
2929 2445 3132 2521 βουλὴ,
3192 2448 3403 2524 συνῄνει
3457 2438 3644 2508 δενκαί
3675 2452 3786 2510 αὖε

2138 2529 2231 2590 τὸς
2292 2531 2319 2584 ὁ
2376 2533 2874 2606 παρακοιμώμενος
2934 2535 3161 2616 Ἰωσὴφ,
3218 2537 3328 2617 οὐχ
3380 2541 3539 2611 ἑκὼς,
3597 2547 3666 2617 τῇ
3728 2542 3787 2602 δὲ

2120 2619 2264 2692 ῥοπῇ
2311 2627 2424 2708 τῆς
2485 2619 2804 2697 συγκλήτου
2855 2623 3268 2698 ἐκβιαζόμενος·
3302 2629 3406 2686 Καὶ
3465 2627 3532 2700 δὴ
3594 2632 3784 2708 ὅρκοις

2117 2706 2583 2786 φρικωδεςτάτοις
2612 2713 2726 2784 (82)
2781 2712 2873 2766 τὸν
2931 2716 3244 2794 Νικηφόρον
3305 2706 3780 2797 ἐμπεδωσάμενοι,

2121 2801 2205 2871 [Ρ.
2241 2801 2330 2871 2t]
2370 2800 2447 2872 μή
2488 2820 2622 2856 ποτε
2651 2802 2954 2875 περιόντων
3001 2809 3108 2859 τῶν
3136 2813 3366 2884 νεογνῶν
3420 2808 3632 2866 παίδων
3678 2815 3769 2870 καὶ

2119 2886 2392 2961 βασιλέων
2449 2889 2703 2944 ἀπαίσιόν
2750 2913 2803 2945 τι
2833 2893 2971 2947 κατά
3017 2899 3114 2948 τοῦ
3147 2899 3293 2974 σφῶν
3340 2899 3572 2972 κράτους
3633 2904 3766 2977 βου-

2119 2975 2434 3032 λεύσασθαι·
2470 2976 2883 3054 ἐπομοσάμενοι
2943 2979 3115 3038 δὲκαὶ
3178 2985 3358 3055 αὐτοὶ,
3414 2975 3641 3063 μηδέναν
3679 2999 3788 3050 τῶν

2116 3065 2166 3120 ἐν
2197 3065 2344 3121 τὲλει
2393 3068 2708 3130 ἀπεναντίας
2739 3077 2840 3139 τῆς
2901 3071 3104 3126 ἐκείνου
3159 3075 3387 3151 γνώμης
3450 3088 3784 3151 μετακινεῖν,

2115 3158 2150 3226 ἢ
2183 3159 2322 3232 πρὸς
2389 3159 2614 3232 μείζονα
2664 3158 3080 3232 ἐπωαόιόάζειν
3135 3165 3338 3244 ἀρχὴν,
3375 3171 3511 3241 μετὰ
3571 3169 3627 3227 δὲ
3686 3175 3779 3229 καὶ

2120 3253 2219 3314 τῆς
2278 3247 2446 3302 αὐτοῦ
2507 3245 2842 3324 διασκέψεως
2897 3256 3056 3325 κοινῇ
3115 3255 3312 3330 γνώμῃ
3370 3255 3658 3316 διευθύνειν
3703 3263 3769 3317 τὰ

2118 3341 2215 3392 τοῦ
2245 3342 2454 3404 κοινοῦ,
2503 3337 2878 3415 αὐτοκράτορα
2911 3343 3217 3419 στρατηγὸν
3276 3352 3375 3414 τῆς
3427 3349 3612 3410 Ἀσίας
3645 3357 3776 3405 τοῦ-

2115 3448 2207 3482 τον
2248 3426 2678 3502 ἀνακηρύξαντες
2709 3431 2801 3486 τόν
2859 3453 2916 3487 τε
2975 3431 3252 3510 σύλλογον
3311 3433 3620 3507 διαλύουσι,
3655 3442 3774 3508 καὶ,

2112 3521 2220 3661 ἑῶν
2298 3516 2594 3592 βασιλείων
2673 3520 2980 3597 ἀπάραντες
3057 3522 3139 3603 ἐφ’
3240 3525 3418 3588 ἑστίας
3527 3527 3768 3602 ἀπῄεσαν

2139 3625 2349 3661 καστοι.

2139 3625 2349 3663 καστοι.

2277 3835 3772 3864 l——————-————_

1555 3941 1926 4036 LIBER
2019 3941 2572 4039 TERTIUS.

412 4247 812 4330 Ancunsuruu.
839 4247 1252 4330 -—_l_‘{icephori
1283 4246 1507 4330 bellum
1553 4247 1757 4300 contra
1787 4245 2151 4330 Tarsens‘es.‘
2187 4239 2476 4330 J-o/sneph‘us
2508 4257 2714 4330 rursus
2744 4243 2832 4323 il_li
2891 4243 3226 4330 insidiatur.
3275 4246 3444 4316 (Cap.
3482 4246 3555 4330 1‘).
3591 4247 3763 4302 Mari-

345 4333 488 4370 num
515 4324 572 4370 et
609 4318 896 4374 Joannem
919 4313 1262 4374 Tzimiscem
1297 4318 1510 4372 litteris
1541 4323 1746 4388 contra
1773 4332 1907 4371 eum
1941 4313 2220 4388 sollicitat
2249 4314 2342 4379 (2).
2377 4314 2594 4388 Contra
2615 4315 2924 4370 'l‘zimisces
2958 4313 3355 4388 Nicephorum
3388 4313 3462 4372 ad
3489 4313 3763 4374 defectio-

339 4405 477 4463 nem
514 4390 785 4463 hortatur
813 4393 889 4463 (3)
922 4392 1286 4463 Nicephorus
1316 4392 1598 4445 Caesarea:
1631 4387 1704 4463 ab
1737 4385 2684 4463 εχει-οἱιυ-ίξηρθνεὶῑΟΓ-δᾶιιιῐεὶξυε
2717 4389 2790 4453 (4)
2819 4389 3026 4463 prmio
3055 4385 3183 4461 ejus
3213 4389 3284 4444 ad
3319 4390 3638 4444 exercitum
3667 4393 3763 4458 t5)-

341 4462 706 4534 lVicephorus
737 4457 1295 4534 Constantinopolin
1337 4463 1636 4534 ireparat.
1667 4462 1952 4534 Joannem
1980 4457 3062 4534 TzimiscemDomesticumhOrientis
3085 4457 3256 4516 creat
3312 4463 3411 4530 (6).
3471 4457 3764 4534 Josephus

335 4526 555 4587 frustra
585 4533 793 4588 urbem
826 4535 1096 4590 obtinere
1127 4526 1394 4601 conatus,
1429 4526 1728 4587 intestinis
1751 4531 2012 4604 motibus
2034 4529 2200 4588 ortis.
2223 4526 2295 4580 ad
2318 4529 2515 4598 fugam
2534 4531 2914 4604 compellitur
2935 4532 3032 4604 (7).
3055 4526 3418 4604 Nicephorus
3441 4526 3647 4588 urbem
3673 4535 3766 4588 in-

336 4620 575 4678 gressus
595 4612 932 4661 coronatur.
955 4608 1229 4678 Corporis
1253 4613 1310 4660 et
1333 4607 1514 4660 animi
1540 4606 1670 4676 ejus
1689 4602 2033 4678 d_esc_ript_io._
2053 4605 2340 4672 Cognatos
2367 4608 2424 4655 et
2441 4602 2665 4678 amicos
2688 4620 2825 4658 suos
2850 4602 3100 4678 summis
3119 4602 3293 4660 ornat
3316 4605 3643 4678 honoribus
3663 4607 3763 4674 {8)-

338 4672 702 4748 Nicephorus
734 4672 1091 4748 Theophano
1125 4679 1187 4733 in
1218 4672 1668 4733 matrimonium
1701 4672 1900 4748 ducit.”
1934 4672 2290 4748 Polyeuctus
2347 4674 2686 4748 patriarcha
2712 4691 2846 4730 eum
2879 4677 3133 4732 ecclesia
3163 4682 3363 4741 arcet;
3398 4675 3502 4731 sed
3534 4694 3669 4732 mox
3703 4672 3764 4731 in

340 4747 592 4821 gratiam
621 4764 755 4821 cum
785 4765 854 4803 eo
886 4746 1041 4804 redit
1069 4752 1165 4821 (9).
1199 4749 1545 4820 Insequenti
1597 4764 1730 4802 vere
1764 4746 2128 4821 Nicephorus
2159 4750 2366 4821 contra
2431 4747 2756 4802 Saracenos
2816 4749 2998 4821 ducit.
3033 4751 3210 4804 Tarso
3242 4749 3464 4802 frustra
3496 4754 3766 4821 tentata,

343 4818 758 4963 ἓξοῃὲρῖῐῧιῖη
794 4821 1038 4876 castella
1069 4817 1280 4893 recipit
1307 4817 1440 4893 (ίῦ).
1466 4819 1824 4892 Mopsuestia
1845 4819 1946 4872 diu
1969 4823 2214 4872 obsessa
2237 4817 2286 4870 vi
2333 4834 2719 4890 expugnatur.
2772 4819 3136 4892 Nicephorus
3167 4821 3229 4874 in
3275 4818 3647 4891 Cappadocia
3677 4821 3766 4875 hi-

421 4907 450 4942 r
717 4933 730 4946 .

387 4905 558 4945 ernat
596 4905 730 4946 (11).

2017 4991 2090 5005 .-

2181 5089 2266 5159 [Ρ.
2302 5090 2392 5162 2'3]
2427 5094 2490 5142 α’.
2529 5090 2638 5160 (83)
2688 5085 2827 5160 Ἤδη
2889 5086 2944 5144 δὲ
3000 5094 3097 5144 τοῦ
3128 5089 3262 5162 ἦρος
3307 5095 3601 5163 μεσοῦντος
3630 5094 3761 5164 (84),

2105 5177 2326 5231 καὶτοῦ
2374 5179 2667 5257 φωσφόρου
2719 5179 2856 5253 πρὸς
2914 5179 3006 5233 τὸν
3063 5178 3320 5252 ἀρκτικὸν
3373 5177 3548 5234 πόλον
3580 5178 3763 5254 ἡμέρᾳ

339 5090 439 5147 35
476 5095 523 5148 l.
556 5092 742 5148 Medio
767 5093 895 5165 jam
921 5110 1077 5162 vere,
1109 5111 1244 5150 cum
1303 5092 1516 5148 lucifer
1571 5091 1644 5146 ad
1704 5091 1994 5146 arcticum

335 5181 540 5252 polum
561 5182 849 5254 paulatim
875 5199 1117 5238 cursum
1141 5183 1502 5249 ﬂecteret,ac
1521 5196 1724 5235 versus
1739 5182 1996 5235 Taurum

1548 5298 1608 5351 C.
1644 5298 1705 5354 Β.
1759 5297 1946 5352 HASII
1977 5297 2536 5353 ANNOTATIONES.

2181 5424 2293 5487 (83)
2324 5423 2590 5478 Primum
2650 5428 2828 5494 caput
2877 5423 3053 5495 hujus
3113 5424 3249 5479 libri
3307 5442 3342 5480 a
3399 5425 3755 5481 Combefisio

2111 5511 2348 5550 versum
2381 5495 2539 5566 apud
2571 5495 2812 5567 Pagium
2845 5497 2938 5550 lV.
2983 5499 3013 5550 6
3045 5498 3268 5568 passim
3297 5513 3331 5552 a
3355 5513 3450 5551 me
3482 5503 3762 5552 retracta-

2119 5573 2250 5622 tum
2279 5572 2386 5622 est.

2183 5640 2296 5710 (84)
2327 5639 2581 5712 Tempus
2614 5654 2740 5712 quo
2762 5637 3128 5711 Nicephorus
3181 5639 3252 5695 ab
3285 5640 3432 5695 urbe
3463 5641 3766 5712 profectus

2113 5717 2222 5784 est,
2254 5710 2590 5784 accuratius
2621 5709 2846 5765 indicat
2871 5783 2877 5784 ί
2899 5709 3248 5784 Anonymus
3280 5713 3341 5768 in
3371 5709 3622 5768 historia
3651 5729 3763 5768 ms.

2115 5783 2292 5855 cujus
2318 5782 2653 5855 fragmenta
2684 5783 2956 5855 superius
2982 5782 3103 5854 199⁷,
3137 5785 3202 5839 Ι).
3263 5786 3390 5848 201,
3424 5784 3493 5838 Α.
3545 5786 3670 5853 203,
3702 5784 3764 5840 C.

2117 5857 2241 5921 204,
2271 5853 2336 5909 D.
2370 5853 2529 5908 notis
2561 5853 2808 5910 inserui.
2843 5855 2896 5910 ls
2923 5856 3008 5911 sic
3039 5853 3111 5912 de
3173 5855 3547 5928 expeditione
3595 5856 3764 5910 Νίσου

338 5428 542 5554 “(5822)
573 5426 1005 5483 Constantinus
1063 5428 1363 5481 Manasses
1423 5424 1716 5480 Breviario
1778 5424 1996 5479 Histor.

451 5539 584 5566 ,νο

331 5588 560 5659 ’Όρκοις
591 5607 652 5662 γε
682 5592 932 5664 φρικτοῖς
961 5583 1228 5648 αἰδεσθεὶς
1262 5584 1366 5639 ὑπὸ
1393 5590 1492 5654 τῆς
1526 5582 1869 5660 βασιλίσσης.

339 5768 452 5820 Pro
490 5781 606 5836 quo
638 5784 808 5824 versu
851 5769 1022 5826 codd.
1065 5769 1251 5824 nostri
1284 5767 1538 5823 melius:

338 5835 564 5909 Ὅρκοις
593 5843 844 5911 φρικτοῖς
911 5837 1221 5903 καταδεθεὶς
1252 5838 1355 5895 ὑπὸ
1383 5845 1488 5908 κῆς
1519 5835 1824 5914 βασιλίδος.
