4128 6424
339 407 454 470 723

1746 412 2039 476 LEONIS
2086 413 2160 473 Dl
2184 411 2402 473 \CONI

3641 419 3760 477 724

343 557 523 614 quam
549 545 770 617 optime
796 548 1201 611 constitueret,
1220 566 1328 622 pro
1349 550 1693 624 viribusque
1709 552 1997 607 firmaret.

2129 547 2367 624 πέφυκεν,
2426 542 2740 615 ὑποδύεται,
2802 547 2973 622 μικρά
3029 545 3322 625 φροντίσας
3385 551 3494 604 τῶν
3556 568 3767 623 φρικω-

344 632 435 688 Ita
463 639 522 687 et
549 640 821 690 anteacta
850 637 1180 707 posteriora
1210 640 1403 695 salute
1436 658 1543 697 sua
1574 642 1760 709 duxit,
1813 644 1872 695 et
1892 641 1994 711 ju-

348 722 668 793 risjurandi
694 724 986 780 rationem
1004 726 1212 783 habuit
1231 728 1555 786 nullamJn
1572 731 1732 787 hunc
1754 729 1997 785 modum

352 817 626 884 suscepto
659 813 909 885 imperio
941 815 1328 888 Nicephorus,
1353 820 1692 875 succinctus
1723 818 1999 893 pugione,

354 900 554 956 hastili
576 901 774 969 nixus,
797 906 1089 975 processit
1112 921 1145 961 a
1170 906 1838 980 tabernaculo;cumque
1870 908 2001 964 loco

351 990 672 1062 conspicuo
712 997 891 1062 atque
940 994 1225 1064 praecelsa
1275 995 1383 1052 sub
1434 996 1565 1052 divo
1615 997 2001 1066 constitisset,

350 1077 550 1134 dicere
581 1079 668 1135 sic
696 1084 787 1135 est
816 1097 1061 1138 exorsus
1086 1099 1100 1137 :

2109 634 2378 691 δεστάτων
2408 634 2610 709 ὅρκων,
2663 634 2755 698 οὕς
2804 637 2941 711 πρός
2991 657 3051 691 τε
3106 636 3199 691 τόν
3255 637 3601 713 πατριάρχην
3658 645 3768 695 Uo-

2111 723 2372 781 λύευκτον
2395 726 2652 789 κατέθετο
2704 724 2794 779 καὶ
2842 726 2941 793 τήν
2988 724 3315 802 σύγκλητον.
3350 726 3420 781 Τὸ
3450 728 3553 801 γάρ
3605 727 3763 783 ἀστά-

2113 826 2322 886 θμητον
2352 816 2450 881 τῆς
2481 814 2659 890 τύχης
2717 816 2806 869 καί
2863 810 3093 883 ἄδηλον,
3150 814 3241 870 καὶ
3296 815 3360 869 τὸ
3405 819 3502 871 τοῦ
3560 818 3764 894 Ἰωσὴφ

2113 902 2366 976 δυσμενὲς
2394 924 2452 958 τε
2483 904 2570 958 καὶ
2632 900 2903 957 ἄσπονδον
2964 903 3459 978 ὑπολογιζόμενος,
3510 904 3767 982 ἠπείγετο

2114 994 2467 1067 προτερήσειν
2500 992 2597 1061 τήν
2646 996 2744 1047 τοῦ
2803 989 2996 1068 ἀνδρὸς
3046 994 3393 1064 κακοήθειαν,
3452 993 3504 1049 ἐν
3561 999 3643 1066 τῷ
3698 994 3765 1050 τὰ

2217 1082 2230 1103 ν
2306 1082 2319 1102 9
2369 1082 2383 1101 \
2479 1083 2505 1114 τε
2537 1080 2589 1135 θλ
2865 1082 2877 1097 ι
2943 1081 2958 1103 ι
3095 1083 3117 1101 ι-
3355 1082 3369 1099 ν
3535 1083 3547 1101 ο

2112 1103 2212 1137 κατ
2261 1103 2420 1137 αυτον
2450 1103 2506 1137 ε)
2571 1093 2739 1150 εσθαι,
2791 1102 2881 1137 και
2926 1103 3001 1144 ως
3061 1082 3175 1137 οιόν
3233 1103 3292 1137 τε
3343 1081 3765 1161 ασφαλισασθαι.

349 1167 443 1239 Τῷ
497 1187 586 1221 τοι
635 1167 725 1222 καὶ
786 1165 1009 1237 δεύτερα
1060 1172 1128 1226 τά
1180 1171 1453 1249 φθάσαντα
1504 1181 1602 1244 τῆς
1659 1175 1851 1230 ἑαυτοῦ
1911 1172 2184 1248 σωτῇρίας
2239 1170 2574 1245 ἡγούμενος,
2625 1172 2771 1245 παρά
2827 1169 3034 1245 φαῦλον
3093 1172 3192 1239 τὴν
3245 1170 3592 1246 ὁρκωμοσίαν
3653 1172 3763 1228 ἐτί-

349 1255 492 1310 θετο.
525 1259 726 1311 Τοῦτον
760 1254 827 1326 δὴ
858 1259 949 1313 τὸν
1009 1259 1209 1335 τρόπον
1266 1268 1371 1332 τῆς
1424 1263 1473 1297 ⁷⁷
1542 1261 1821 1339 βασιλείας
1874 1261 2056 1336 ἀρχὴν

2117 1262 2146 1316 ὁ
2202 1261 2520 1338 Νικηφόρος
2579 1258 2991 1334 ἀναδεξάμενος,
3040 1262 3141 1329 τῆς
3199 1265 3406 1331 σκηνῆς
3462 1262 3765 1336 προῆλθεν,

349 1344 613 1418 ἀκινάκην
665 1344 1030 1422 διεζωσμένος
1087 1352 1178 1406 καὶ
1237 1349 1426 1428 δόρατι
1484 1353 1943 1429 σκηριπτόμενος.
2002 1354 2086 1424 [Ρ.
2147 1353 2240 1426 26]
2293 1351 2344 1422 ἐξ
2400 1352 2649 1407 ἀπόπτου
2700 1373 2760 1407 τε
2809 1352 2902 1407 καί
2956 1373 3109 1414 τινος
3166 1359 3454 1428 περιωπῆς
3514 1353 3650 1409 κατά
3701 1354 3766 1409 τὸ

351 1432 616 1509 ὕπαιθρον
647 1437 798 1505 στὰς,
831 1437 979 1510 ἔλεξε
1005 1438 1209 1501 τοιάδε.

427 1529 530 1585 42
561 1531 613 1586 5.
648 1553 675 1580 ‹‹
710 1532 835 1586 Non
865 1531 1159 1588 desiderio
1193 1550 1286 1589 me
1321 1535 1674 1607 tyrannidis,
1707 1534 2007 1591 commili-

358 1622 838 1678 tones.ornatum
857 1620 1036 1676 istum
1058 1622 1505 1694 imperatorium
1524 1625 1873 1697 sumpsisse,
1902 1624 2008 1679 sed

363 1707 577 1763 studiis
597 1710 805 1763 vestris
827 1711 1238 1783 exercitusque
1266 1713 1560 1783 adactum,
1584 1731 1686 1769 vos
1717 1714 1828 1785 ipsi
1863 1713 2007 1767 mihi

364 1801 546 1852 testes
576 1799 740 1866 estis,
774 1799 875 1870 qui
909 1816 1023 1867 me,
1075 1808 1445 1858 aversantem
1500 1803 1834 1859 molestiam
1888 1810 2008 1858 tam

2188 1536 2246 1587 ε’.
2308 1555 2335 1582 ι‹
2367 1535 2490 1589 ’Ότι
2543 1531 2638 1604 μὶν
2700 1530 2801 1586 οὐκ
2857 1530 3032 1609 ἰφέσει
3088 1531 3501 1604 τυραννίδος,ὦ
3537 1553 3768 1606 συστρα-

2115 1625 2327 1687 τιῶται,
2359 1618 2485 1676 τόδε
2514 1622 2575 1676 τὸ
2607 1628 2805 1696 σχῆμα
2834 1627 2933 1690 τῆς
2968 1621 3248 1696 βασιλείας
3296 1621 3585 1701 ἀνείληφα,
3637 1644 3770 1677 κατ-

2117 1710 2326 1785 ανάγκῃ
2360 1707 2417 1765 δὲ
2463 1712 2614 1783 ὑμῶν
2673 1713 2770 1765 τοῦ
2826 1712 3057 1785 στρατο⁸¹ὗ
3120 1712 3382 1785 βιασθεὶς,
3445 1712 3768 1788 μαρτυρεῖτὲ

2123 1818 2216 1870 μοι
2258 1798 2349 1852 καὶ
2405 1796 2582 1867 αὐτοὶ,
2641 1798 2693 1852 οἳ
2750 1818 2812 1874 γε
2866 1800 2956 1854 καὶ
3019 1799 3559 1872 ἀποτροπιαζόμενόν
3611 1820 3668 1854 τε
3724 1801 3767 1836 ⁷⁸

362 1902 661 1958 magnam,
700 1891 1181 1960 procurationem
1230 1892 1575 1963 reipublicas
1623 1892 1715 1949 vel
1760 1892 2009 1948 invitum

2129 1888 2218 1956 τήν
2275 1887 2543 1958 τοσαύτην
2603 1884 2866 1965 φροντίδα
2915 1888 3006 1942 καὶ
3062 1888 3321 1963 πρόνοιαν
3382 1892 3479 1943 τοῦ
3549 1887 3772 1955 παντὸς,

361 1976 663 2048 suscipere
692 1979 988 2051 coegistis.
1024 1979 1189 2044 Quod
1217 1987 1415 2037 autem
1433 1998 1576 2037 cura
1598 1982 1775 2037 vestri
1795 1982 2012 2054 potius,

360 2080 628 2137 meaeque
661 2067 1089 2126 incolumitatis
1110 2071 1439 2127 retinenda;
1470 2088 1669 2140 causa,
1701 2072 1762 2127 in
1785 2077 2015 2128 tantum

358 2169 454 2210 me
496 2153 818 2213 discrimen
876 2158 1217 2226 obtulerim,
1266 2160 1417 2215 scire
1464 2177 1566 2217 vos
1604 2177 1814 2216 omnes
1861 2162 2012 2216 volo.

360 2243 801 2301 Providentiam
830 2252 1033 2315 testor,
1060 2265 1193 2319 quas
1216 2249 1559 2305 universum
1579 2249 1890 2322 gubernat,
1914 2266 2015 2321 pa-

359 2338 558 2387 ratum
583 2349 676 2389 me
699 2350 829 2391 esse
850 2336 940 2392 vel
960 2338 1150 2409 ipsam
1174 2338 1353 2394 vitam
1375 2354 1482 2411 pro
1507 2338 1672 2394 vobis
1694 2338 2014 2411 deponere,

364 2437 561 2494 neque
591 2422 779 2479 ullum
811 2424 1254 2482 incommodum
1289 2444 1382 2483 me
1430 2427 1503 2483 de
1551 2428 1665 2483 hoc
1712 2428 2017 2500 proposito

366 2510 1155 2585 deducturum.thuoniam
1174 2532 1294 2571 non
1313 2516 1691 2589 permisistis,
1706 2523 1772 2571 ut
1790 2516 2020 2589 perﬁda

369 2602 652 2673 amentia,
684 2609 750 2659 ut
779 2605 1014 2662 rabiosa
1037 2612 1095 2663 et
1120 2607 1389 2663 insolens
1414 2608 1719 2663 temeritas
1738 2607 2019 2679 spadonis

370 2690 447 2746 ad
475 2692 699 2748 exitum
731 2697 1086 2766 perveniret,
1120 2697 1245 2764 sed,
1286 2697 1390 2753 illo
1440 2703 1725 2769 tanquam
1772 2696 2020 2753 vecorde

368 2788 598 2838 rectore
628 2785 873 2855 rejecto,
905 2803 1001 2843 me
1041 2788 1337 2859 imperare
1384 2789 1551 2845 vobis
1611 2788 1909 2855 voluistis,
1958 2804 2021 2843 re

367 2872 661 2942 praestabo
679 2876 1646 2949 utintelligatis,quemadmodum
1660 2894 1870 2951 parere
1884 2876 2026 2932 scivi

370 2959 514 3016 item
547 2979 642 3018 me
671 2980 852 3034 nunc,
885 2966 1003 3021 Deo
1034 2967 1313 3039 propitio,
1346 2973 1507 3023 recte
1539 2984 1796 3040 praeesse
1828 2982 2023 3039 posse.

371 3052 605 3122 Verum,
640 3068 710 3107 ea
739 3054 984 3110 caritate
1016 3055 1335 3122 animatus,
1390 3073 1508 3128 qua
1556 3061 1727 3129 pater
1766 3056 2027 3111 filiorum

367 3155 598 3211 amans,
633 3141 797 3198 vobis
825 3146 894 3197 ut
926 3142 1066 3199 ﬁliis
1095 3145 1210 3216 piis
1241 3150 1450 3201 auctor
1468 3162 1620 3213 sum,
1646 3150 1714 3201 ut
1735 3144 2027 3201 desidiam

368 3228 731 3303 deliciasque
764 3249 839 3287 ne
872 3234 1225 3305 respiciatis.
1271 3234 1575 3290 Excubare
1598 3235 1916 3307 oportebit,
1941 3234 2025 3289 vi-
2057 3224 2099 3290 C

368 3319 575 3393 gilare,
601 3336 771 3376 casus
793 3323 1151 3393 praemunita
1175 3328 1374 3378 mente
1398 3324 1712 3379 sustinere.
1737 3326 1861 3379 Non
1893 3323 2022 3379 sine

374 3409 662 3483 sanguine
692 3411 966 3466 existimo
996 3428 1125 3466 rem
1158 3411 1550 3483 dijudicatum
1582 3413 1677 3469 iri.
1711 3416 1854 3468 Nam
1906 3430 2021 3484 quo

377 3504 467 3555 est
497 3499 683 3572 magis
713 3499 965 3555 arduum
995 3516 1248 3557 ascensu
1299 3502 1536 3574 imperii
1583 3502 1904 3575 fastigium,
1956 3518 2024 3558 eo

374 3589 606 3662 gravior
634 3588 858 3644 invidia
887 3594 947 3644 et
974 3592 1277 3645 contentio
1322 3597 1432 3659 est,
1485 3609 1617 3663 qua:
1665 3592 1732 3647 ﬁt
1778 3591 1851 3648 de
1896 3592 2021 3647 illo.

380 3679 497 3734 Nec
528 3694 663 3732 vero
694 3693 830 3733 cum
860 3679 1241 3735 Cretensibus
1280 3696 1441 3736 nunc
1486 3682 1653 3737 vobis
1699 3687 2024 3749 certamen,

378 3785 491 3824 nec
522 3784 655 3823 cum
690 3769 921 3840 Scythis
954 3775 1011 3824 et
1039 3770 1355 3839 Arabibus,
1388 3789 1537 3845 quos
1576 3773 1787 3829 virtute
1835 3779 2029 3829 vestra

380 3855 699 3924 devicistis,
729 3857 833 3913 sed
864 3859 964 3914 48
989 3876 1122 3914 cum
1145 3862 1548 3917 Romanorum
1573 3862 1828 3930 civitate,
1853 3862 2027 3918 bonis

376 3947 655 4003 omnibus
686 3949 946 4022 undique
980 3950 1271 4018 afﬂuenti,
1307 3969 1440 4023 quas
1482 3970 1601 4008 non
1657 3960 1855 4025 potest
1903 3960 2028 4010 tan-

380 4054 558 4109 quam
591 4040 832 4111 aliquod
862 4041 1174 4097 castellum
1209 4050 1512 4099 momento
1544 4045 1695 4116 capi.
1741 4047 1880 4101 Mari
1912 4046 2024 4100 cir-

380 4128 642 4185 cumflua
667 4137 846 4202 atque
876 4133 1124 4195 munita,
1145 4135 1606 4207 pr0pugnaculis
1631 4136 1818 4191 firmis
1833 4137 2028 4193 cincta

383 4236 849 4292 quoquoversus,
883 4222 1037 4293 pube
1069 4221 1327 4293 plurima
1356 4224 1552 4295 plena,
1584 4226 1814 4281 caeteris
1857 4227 2029 4282 terris

379 4325 451 4365 au
461 4325 544 4370 ro,
561 4309 791 4381 opibus,
809 4313 1177 4367 ornamentis
1192 4312 1444 4368 multum
1459 4321 1719 4385 praestat.
1742 4315 2030 4380 Quocirca

376 4402 610 4469 Oportet
637 4415 758 4464 vos,
792 4406 1071 4456 renovata
1098 4399 1285 4455 nobili
1320 4401 1533 4458 virtute
1564 4402 1686 4472 illa,
1712 4419 1828 4475 qua
1848 4403 1940 4458 usi
1964 4404 2027 4458 in

376 4486 600 4559 proeliis
626 4487 995 4545 adversarios
1016 4506 1226 4546 omnes
1248 4490 1672 4557 debellavistis,
1698 4492 1830 4564 plus
1857 4509 2028 4565 paene

2119 1976 2207 2030 καὶ
2238 1973 2440 2032 ἄκοντα
2498 1976 2942 2051 κατηναγκάσατε
2999 1974 3265 2046 δέξασθαι.
3313 1977 3437 2034 Ὅτι
3489 1975 3547 2031 δὲ
3594 1975 3775 2045 εὐνοίᾳ

2124 2064 2340 2138 μᾶλλον
2398 2067 2551 2139 ὑμῶν
2604 2087 2662 2121 τε
2717 2066 2809 2121 καὶ
2896 2064 3160 2144 ἀσφαλείᾳ
3243 2067 3436 2122 ὶιυτοῦ
3491 2066 3627 2141 πρὸς
3680 2066 3772 2121 τὸν

2119 2159 2387 2211 τοσοῦτον
2418 2154 2597 2231 ἀγῶνα
2626 2152 2873 2211 ἐπέδωκα
2935 2154 3187 2228 ἐμαυτὸν,
3244 2151 3442 2210 είδέναι
3500 2152 3779 2230 βούλομαι

2120 2246 2325 2309 πάντας
2387 2244 2552 2317 ὑμᾶς.
2604 2244 2963 2320 Μαί-τύρομαι
3022 2241 3081 2299 δὲ
3134 2246 3235 2314 τήν
3288 2245 3350 2301 τὸ
3406 2248 3508 2298 πᾶν
3568 2241 3781 2298 διευθύ-

2122 2353 2315 2388 νουσαν
2348 2334 2640 2406 Πρόνοιαν,
2673 2333 2747 2395 ὡς
2799 2332 3083 2407 πρόθυμός
3134 2332 3272 2405 εἰμι,
3324 2332 3414 2387 καὶ
3464 2332 3630 2399 αὐτὴν
3680 2333 3782 2401 τήν

2122 2423 2311 2498 ψυχὴν
2355 2424 2526 2477 Θεῖναι
2590 2422 2722 2497 ὑπὲρ
2785 2422 2960 2495 ὑμῶν,
3021 2422 3110 2477 καὶ
3170 2421 3269 2476 οὐκ
3326 2419 3387 2476 ἄν
3447 2421 3512 2495 μὶ
3567 2442 3621 2475 τι
3676 2426 3785 2477 τῶν

2124 2511 2312 2583 ἀηδῶν
2370 2516 2468 2568 τοῦ
2523 2512 2781 2568 τοιούτου
2839 2513 3105 2587 ἀπαγάγοι
3188 2517 3418 2570 σκοποῦ.
3493 2510 3645 2570 ’.Επεὶ
3699 2512 3791 2566 οὗν

2126 2602 2225 2657 οὐκ
2253 2602 2516 2677 ἠνέγκατε
2542 2601 2642 2670 τήν
2674 2599 2875 2673 τομίου
2907 2595 3203 2655 ἔκσπονδον
3236 2599 3497 2655 ἀπόνοιαν
3545 2598 3635 2654 καὶ
3683 2600 3784 2667 τὴν

2127 2696 2384 2769 λυσσώδη
2426 2698 2517 2753 καὶ
2580 2697 2831 2773 ὀργῶσαν
2892 2697 3097 2753 ἐκείνου
3152 2694 3440 2752 αὐθάδειαν
3495 2696 3571 2759 εἷς
3624 2693 3784 2772 ἔργον

2130 2791 2408 2865 χωρῆσαι,
2464 2786 2593 2843 ἀλλ’
2651 2786 2846 2842 ὡσανεί
2888 2807 3011 2841 τινα
3070 2783 3435 2862 βαρυκάρδιον
3495 2785 3785 2857 ἐπιστάτην

2130 2876 2576 2950 ἀποσεισάμενοι,
2607 2875 2704 2949 ἑμὶ
2739 2874 3047 2952 βασιλεύειν
3099 2875 3253 2948 ὑμῶν
3297 2874 3638 2951 ᾑρετίσασθε,
3699 2872 3787 2929 ἐπὶ

2127 2971 2238 3022 τῶν
2271 2965 2605 3043 πραγμάτων
2638 2963 2794 3039 δείξω
2825 2970 3032 3043 σαφῶς,
3062 2964 3144 3020 ὅτι
3184 2985 3243 3021 τε
3286 2962 3440 3040 ᾔδειν
3489 2966 3771 3039 ἄρχεσθαι,

2130 3057 2222 3113 καὶ
2252 3056 2344 3110 νῦν
2400 3053 2592 3131 ἄρχειν
2651 3054 3031 3133 ἀνεπισφαλῶς
3088 3053 3182 3108 σὺν
3240 3052 3357 3128 θεῷ
3415 3053 3785 3126 ἐξεπίσταμαι.

2135 3144 2361 3204 Εῧνοιαν
2395 3145 2486 3200 οὗν
2515 3142 2659 3220 ἔχων
2695 3143 2768 3209 ὥς
2796 3165 2879 3207 τις
2909 3139 3169 3221 φιλόπαις
3198 3144 3400 3216 πατὴρ,
3424 3137 3788 3215 συμϐουλεύω

2129 3240 2292 3290 πᾶσιν
2329 3236 2460 3308 ὑμῖν
2492 3235 2567 3296 ὡς
2601 3235 2741 3296 υἱοῖς
2771 3232 3162 3312 φιλοπάτορσι,
3197 3235 3273 3306 μὴ
3314 3231 3451 3307 πρὸς
3499 3229 3783 3306 ρᾳσνώνην

2131 3324 2219 3380 καὶ
2271 3324 2482 3401 τρυφὴν
2541 3320 2777 3393 ἀπιδεῖν,
2836 3320 2965 3378 ἀλλ’
3016 3320 3375 3398 ἐγρηγορέναι
3432 3320 3520 3374 καὶ
3574 3319 3790 3393 νήφειν,

2131 3414 2222 3469 καὶ
2252 3414 2319 3468 τὰ
2349 3411 2730 3486 συμπίπτοντα
2783 3411 3227 3485 εὐπρεπισμένως
3277 3412 3325 3447 79
3367 3406 3788 3485 προσδὲχεσϐαι.

2135 3504 2519 3578 Τεκμιίρομαι
2586 3502 2714 3578 γὰρ,
2773 3502 2851 3575 μή
2935 3500 3209 3575 ἀναιμωτὶ
3296 3498 3641 3575 διακριθῆναι
3724 3496 3793 3553 τὰ

2133 3594 2450 3668 πράγματα.
2496 3592 2593 3648 Καὶ
2652 3591 2779 3668 γὰρ,
2838 3589 2963 3645 ὅσον
3020 3589 3096 3652 εἷς
3152 3589 3436 3663 ἀνέφικτον
3496 3589 3632 3663 ὕψος
3688 3593 3789 3656 τῆς

2140 3691 2414 3768 βασιλείας
2460 3692 2518 3747 τὸ
2573 3690 2769 3767 κράτος
2827 3689 3105 3759 ἀνέστηκε,
3162 3694 3419 3745 τοσοῦτον
3474 3688 3621 3744 καὶὸ
3652 3686 3786 3765 φθό-

2133 3806 2227 3848 νος
2255 3784 2343 3837 καὶ
2396 3784 2424 3838 ὁ
2481 3782 2727 3855 πόλεμος
2785 3784 2907 3857 περὶ
2965 3782 3136 3849 αὐτὴν
3193 3782 3406 3850 αὒξεται
3467 3774 3782 3851 διαμιλλώο

2135 3895 2269 3929 πενα
2297 3875 2345 3912 ⁸ο
2374 3877 2507 3947 (99).
2540 3874 2620 3930 Οὐ
2651 3874 2786 3946 πρὸς
2819 3878 3033 3946 Κρῆτας
3065 3871 3156 3924 οὖν
3208 3871 3334 3943 ὑμῖν
3367 3872 3401 3938 ἡ
3434 3866 3610 3937 πάλη,
3661 3864 3789 3922 οὐδε

2134 3965 2272 4039 πρὸς
2306 3963 2517 4027 Σκύθας
2548 3962 2639 4016 καὶ
2687 3955 2955 4034 Ἄραϐας,
3006 3955 3101 4020 οὕς
3154 3962 3224 4031 τῇ
3276 3962 3421 4035 σφῶν
3484 3956 3649 4030 ἀρετῇ
3704 3953 3786 4009 δι-

2140 4052 2549 4128 εχειρισάμεθα,
2581 4048 2730 4105 ἀλλά
2771 4049 2908 4123 πρὸς
2951 4048 3051 4117 τήν
3104 4050 3213 4101 τῶν
3271 4047 3562 4120 Ῥωμαίων
3625 4044 3788 4099 πολι-

2138 4145 2304 4208 τείαν,
2338 4144 2457 4208 καθ’
2487 4140 2553 4212 ἤν
2585 4139 2790 4216 ἄκρατα
2830 4143 2905 4214 (1)
2940 4138 3277 4215 πανταχόθεν
3340 4137 3529 4211 εἰσρεῖ,
3580 4136 3668 4190 καὶ
3719 4133 3786 4204 ἤν

2136 4236 2241 4291 οὐκ
2272 4233 2348 4289 ἔνι
2379 4227 2631 4289 αὐτοϐοεὶ
2662 4231 2736 4293 ὥς
2766 4252 2817 4286 τι
2850 4234 2954 4286 τῶν
3004 4229 3278 4308 φρουρίων
3328 4227 3492 4285 ἒλεῖψ
3547 4224 3791 4301 θαλάσσῃ

2134 4344 2194 4379 τε
2223 4320 2646 4398 περιρρεόμενον
2670 4321 2713 4357 ⁸⁸
2740 4321 2830 4376 καὶ
2861 4319 3053 4395 εὐερκῆ
3113 4320 3296 4390 οὖσαν,
3341 4317 3431 4374 καὶ
3476 4316 3787 4393 πυργώμα-

2138 4434 2219 4467 σιν
2253 4410 2508 4485 ἐρυμνοῖς
2558 4409 3014 4484 περικλειομὲνην
3070 4409 3396 4483 ἑκασταχοῦ,
3446 4407 3532 4461 καὶ
3578 4399 3788 4473 ﬁam

2139 4502 2258 4574 λαῷ
2289 4499 2763 4575 περιπλήθουσαν,
2792 4501 2883 4555 καὶ
2915 4504 3108 4575 χρυσῷ
3137 4498 3227 4553 καὶ
3257 4497 3483 4569 πλούτῳ
3517 4494 3603 4550 καὶ
3658 4492 3787 4547 ἀνα-

378 4592 557 4647 quam
580 4577 850 4647 poteritis
872 4595 1032 4634 nunc
1053 4580 1429 4650 potissimum
1448 4588 1655 4638 contra
1671 4582 1872 4638 hostes
1895 4582 2018 4637 niti.

2137 4593 2342 4664 θήμασι
2374 4589 2575 4663 πολλῷ
2602 4596 2703 4660 τῆς
2749 4588 3071 4663 οῗκουμένης
3123 4584 3501 4666 διαφέρουσαν.
3551 4589 3641 4639 Δεῖ
3692 4581 3784 4637 οὗν

378 4665 725 4735 Quanquam
758 4665 1018 4734 confido,
1050 4667 1110 4722 in
1171 4668 1281 4725 hoc
1324 4672 1649 4727 certamine
1697 4687 1792 4726 me
1841 4672 2026 4727 Deum

376 4770 613 4825 quoque
644 4754 977 4826 adjutorem
1001 4756 1361 4815 habiturum.
1388 4761 1565 4817 Pacta
1586 4762 1745 4816 enim
1768 4762 2024 4833 etjusju-

376 4844 629 4899 randum
662 4862 784 4901 non
814 4862 923 4901 nos
944 4846 1314 4918 violavimus,
1344 4851 1448 4907 sed
1469 4853 1706 4924 Iosephi
1730 4853 2022 4922 simultes,

372 4933 474 5005 qui
507 4939 631 4989 tum
662 4936 1029 5009 propinquos
1057 4939 1188 4997 sine
1219 4957 1401 4997 causa
1427 4941 1554 4997 ulla
1593 4958 1757 4998 meos
1788 4942 1851 4998 in
1876 4944 2025 4999 exsi-

2136 4682 2199 4736 τὸ
2226 4686 2464 4755 γενναῖον
2497 4678 2863 4753 ἀνειληφότας
2910 4679 3262 4754 παράστημα,
3294 4677 3340 4749 ᾧ
3368 4672 3705 4752 κεχρημένοι
3737 4673 3787 4709 ⁸³

2136 4769 2286 4844 παρά
2313 4767 2409 4830 τὰς
2442 4766 2624 4843 μάχας
2652 4767 2716 4822 τὸ
2773 4766 3017 4837 ἀντίξουν
3066 4762 3202 4820 ἅπαν
3253 4764 3686 4839 κατηγωνίζεσοε
3715 4762 3784 4827 ⁸³,

2136 4856 2225 4911 καὶ
2259 4856 2394 4929 ὑπὲρ
2423 4856 2487 4910 τὸ
2529 4854 2645 4911 ἐνὸν
2678 4853 2798 4931 ἄρτι
2866 4852 3080 4929 μᾶλλον
3129 4854 3267 4909 κατά
3314 4858 3423 4908 τῶν
3468 4848 3783 4908 ἀντιπάλων

2134 4951 2362 5021 χωρεῖν.
2400 4945 2702 5018 Πὲπεισμαι
2729 4944 2830 5021 γὰρ
2890 4942 3022 5016 ἕξειν
3068 4942 3156 4999 ἐπὶ
3205 4944 3422 4999 τουτονὶ
3464 4942 3554 4999 τὸν
3607 4940 3786 5014 ἀγῶνα

1584 5128 1645 5187 C.
1686 5131 1747 5186 Β.
1790 5132 1981 5188 HASlI
2017 5135 2571 5192 ANNOTATIONES.

441 5286 486 5322 7"
516 5293 633 5355 τῆς.
668 5290 823 5344 Fort.
855 5289 954 5355 τήν
985 5294 1109 5356 τῆς.

419 5604 529 5676 (99)
569 5604 854 5673 Proposui
887 5598 1345 5673 διαμιλλσυμὲνω’
1382 5604 1494 5660 nisi
1529 5605 1693 5662 dicas
1724 5613 2004 5664 neutrum

350 5676 605 5801 positum
635 5691 743 5756 pro
767 5676 1098 5731 masculino
1124 5692 1137 5730 :
1164 5677 1278 5732 vid.
1307 5677 1579 5750 Vigerum
1615 5681 1694 5735 De
1718 5680 2004 5736 idiotism.

388 5747 440 5801 3.
472 5746 534 5801 Ο.
570 5747 770 5801 ibique
802 5751 994 5801 notas.

388 5747 440 5801 3.
472 5746 534 5802 C.
570 5746 770 5819 ibique
802 5751 994 5802 notas.

1187 5289 1235 5326 ⁷⁸
1269 5309 1347 5348 τε.
1409 5291 1617 5368 Melius
1648 5292 1801 5368 _velﬂ
1828 5294 1938 5368 Leo
1978 5294 2065 5368 vel
2100 5293 2406 5368 _librarius
2462 5296 2800 5368 scripsisset
2856 5297 2942 5368 μὲ.

447 5315 482 5322 "
516 5315 633 5355 της.
668 5315 823 5344 ΓυιΊ..
855 5315 954 5355 την
985 5315 1109 5356 της.
1193 5315 1235 5326 ’ν
1269 5315 1347 5348 τε.
1410 5315 1617 5347 ιιιωιιιδ
1678 5315 1768 5348 V81
1829 5315 1938 5348 L80
1978 5315 2018 5347 Vt

360 5359 487 5439 Vid.
612 5361 891 5439 Basilium
926 5360 998 5439 de
1029 5360 1350 5439 gratiarum
1383 5363 1616 5439 actione
1648 5365 1688 5421 Ι.
1722 5366 1845 5439 365.
1876 5366 1939 5439 VAG.
1996 5387 2018 5439 ς

2129 5315 2406 5351 noramus
2462 5315 2574 5352 scrl

2131 5364 2537 5439 ιαμιλλώμενα.
2576 5315 2618 5425 ἓ

358 5430 709 5506 ριρῥεὸμενον
770 5433 861 5488 Sic
892 5430 1192 5506 codeeg.
1223 5432 1673 5509 ηεριρρεομὲνην,
1707 5441 1772 5491 ut
1800 5437 1956 5491 infra
1981 5438 2069 5494 38.
2103 5440 2163 5493 C.

3046 5294 3093 5370 7!
3122 5297 3290 5370 Lege
3329 5295 3783 5370 εὐτρεπισμὲνως,

2617 5369 2687 5424 ic.
2712 5364 3036 5425 codfFort.
3070 5364 3537 5439 διαμῖλλωμένῳ,
3589 5364 3661 5407 ’81
3696 5390 3786 5424 πε-

2269 5437 2317 5473 ⁸³
2345 5437 2434 5493 καὶ
2467 5438 2743 5515 χρημὲνοι
2785 5440 2915 5496 cod.
3046 5440 3092 5476 ⁸³
3138 5437 3602 5513 κατηγωνίζεσθαι
3648 5443 3782 5511 co,d.

2190 5610 2267 5680 (l)
2298 5612 2584 5685 Exempla
2614 5610 2888 5685 adjectivi
2918 5605 3174 5685 ἃκσατος,
3209 5628 3277 5667 eo
3311 5630 3491 5669 sensu
3534 5631 3650 5685 quo
3682 5613 3781 5668 hic

2116 5685 2396 5811 pecuariltj
2425 5682 2666 5759 collegit
2714 5682 3036 5738 Catakerus
3093 5684 3416 5741 Miscellan.
3474 5682 3777 5759 posthum.

2148 5794 2158 5804 .
2196 5773 2262 5809 ω
2306 5796 2318 5809 .
2372 5775 2415 5809 ε.
