4128 6446
356 427 475 487 727

1786 414 2052 477 LEOle
2098 411 2410 473 DIACONI

3656 410 3776 470 728

357 564 434 619 rii
466 577 609 634 opes
629 554 994 614 facinoribus
1037 552 1270 609 bellicis
1300 556 1632 609 aucturum.
1671 551 1733 608 Id
1765 551 1813 607 si
1870 550 2005 605 nol-

2126 563 2234 605 πως
2293 540 2691 619 διαπήγγελλεν
2751 543 2794 579 ⁹ί
2851 544 2885 611 ἡ
2944 542 3149 617 γρλιωψ
3213 538 3459 612 δέξασθαί
3499 562 3557 596 τε
3601 542 3765 597 αὐτὸν

369 655 513 715 lent,
551 654 897 706 eventurum
922 651 988 699 ut
1016 644 1175 715 ipsos
1198 643 1549 698 temeritatis
1570 640 2012 714 pceniteret,ubi

360 741 528 796 ferro
559 745 616 793 et
636 736 795 792 caede
827 751 920 789 res
953 739 1113 788 esset
1168 731 1546 787 decernenda
1579 749 1591 786 :
1642 747 1840 802 neque
1878 736 2015 785 tunc

359 832 525 886 locus
561 827 799 883 dabitur
828 824 1194 880 defensionis
1219 822 1338 876 illis
1372 822 1473 893 qui
1509 838 1613 893 pro
1667 820 1842 875 bonis
1888 838 2016 893 pes-

361 921 515 975 sima
544 917 853 988 elegerint.
901 936 928 964 ι»

2127 630 2522 707 αὐτοκράτορα,
2610 634 3123 709 περιφρουρησοντα
3203 631 3293 685 καὶ
3394 630 3469 694 ei;
3552 628 3774 702 αὔξησιν

2126 730 2349 801 ἡλικίας
2384 733 2812 802 σωμασκήσοντα
2866 730 2993 790 τοὺς
3044 733 3141 785 τοῦ
3201 730 3430 790 ἄνακτος
3487 731 3775 802 Ῥωμανοῦ

2123 817 2340 881 παῖδας
2373 820 2462 873 καὶ
2520 821 2742 890 προσέτι
2799 819 2866 874 τὰ
2928 818 3151 894 μέγιστα
3200 821 3298 888 τὴν
3332 817 3609 873 πολιτείαν
3645 820 3774 889 ὀνή-

2124 931 2309 978 σοντα,
2365 909 2455 963 καὶ
2512 916 2613 977 τῆς
2671 910 2987 980 Ῥωμαϊκῆς
3048 909 3224 983 ἀρχῆς
3281 910 3383 977 τὴν
3432 908 3777 982 ἐπικράτειαν

366 1006 669 1079 αὐξήσοντα
698 1009 816 1065 τοῖς
848 1005 984 1057 κατὰ
1012 1000 1294 1073 πολέμους
1326 996 1824 1074 ἀνδραγαθήμασιν.
1859 998 1925 1053 Ei
1958 996 2014 1053 δὲ
2049 1000 2124 1071 μη
2158 1003 2317 1053 τοῦτο
2354 997 2697 1074 βουληθεῖεν,
2723 1000 2806 1071 [Ρ.
2838 1003 2929 1071 28]
2985 998 3166 1059 αὐτοῖς
3235 996 3633 1070 μεταμελήσειν
3661 1005 3771 1066 τῆς

359 1092 680 1167 ἀϐελτερίας
707 1092 1017 1165 μετέπειτα,
1059 1088 1297 1159 ὁπηνίκα
1323 1084 1534 1162 σιδήρῳ
1563 1088 1654 1142 καὶ
1687 1092 1918 1165 σφαγαῖς
1945 1089 2009 1141 τά
2042 1086 2333 1164 πράγματα
2363 1084 2747 1161 διακρίνοιντο·
2782 1088 2872 1142 καὶ
2896 1089 3084 1162 καιρὸς
3116 1086 3179 1142 οὐ
3232 1085 3444 1159 μέτεστι
3480 1084 3770 1143 δικαιολο-

358 1184 480 1261 γίας
503 1188 621 1244 τοῖς
646 1179 1081 1257 αἱρετισαμένοις
1114 1179 1161 1214 9³
1191 1182 1299 1232 τῶν
1335 1175 1632 1252 βελτιόνων
1655 1177 1722 1231 τά
1751 1178 2025 1252 χείρεστα,

428 1280 480 1329 ‘7.
515 1276 633 1329 Hoc
665 1273 953 1344 scriptum
983 1288 1105 1326 non
1132 1269 1306 1326 aliter
1336 1285 1402 1325 ac
1426 1267 1761 1340 Scythicam
1783 1269 2006 1340 jussio-

359 1382 499 1422 nem
527 1364 665 1420 tulit
687 1362 979 1434 Iosephus
1003 1378 1017 1428 ;
1050 1361 1379 1431 quin,sicut
1408 1358 1652 1413 stimulo
1691 1358 1891 1429 aliquo
1918 1358 2009 1413 vel

360 1455 577 1511 calcari
597 1455 658 1509 in
675 1470 775 1508 cor
792 1452 966 1517 ictus,
991 1451 1337 1521 episcopum
1357 1449 1420 1503 in
1437 1448 1675 1503 vincula
1703 1448 2008 1503 conditum

361 1541 648 1599 custodite
670 1538 919 1595 mandat
942 1534 1724 1604 ;Marianum,Paschalium.
1746 1535 2011 1591 Tornici-

363 1648 452 1699 os,
481 1631 640 1686 viros
664 1628 945 1700 patricios
967 1627 1227 1682 audacia:
1250 1627 1523 1696 cognitae.
1556 1624 1667 1679 sibi
1691 1624 1963 1697 adjungit
1995 1642 2010 1690 ;

364 1723 461 1778 his
491 1720 873 1776 Macedonum
915 1718 1156 1773 cohorte
1215 1716 1431 1771 tradita
1486 1715 1725 1770 obsistit
1773 1715 2009 1781 acriter,

366 1810 679 1865 introitum
711 1809 773 1862 in
804 1806 1011 1861 urbem
1042 1805 1368 1876 Nicephoro
1399 1803 1729 1874 praecludit.
1755 1804 2013 1859 Eatenus

2203 1268 2264 1334 ζ’.
2326 1266 2545 1337 Ταύτην
2604 1266 2732 1322 ὡσεί
2788 1288 2908 1322 τινα
2940 1270 3095 1344 ῥῆσιν
3126 1268 3232 1321 ἀπὸ
3264 1271 3487 1330 Σκυθῶν
3517 1268 3544 1322 6
3576 1268 3778 1343 Ἰωσὴφ

2122 1350 2412 1427 δεξάμενος
2459 1356 2559 1424 τὴν
2620 1357 2859 1433 γραφήν,
2917 1355 3029 1425 καὶ,
3089 1355 3271 1430 ὥσπερ
3304 1356 3577 1430 ὕσπληγγί
3602 1354 3774 1425 τινιῆ

2125 1443 2311 1515 μύωπι
2372 1445 2470 1513 τὴν
2522 1442 2745 1520 καρδίαν
2810 1445 3034 1520 βληθεὶς
3094 1450 3196 1519 (3),
3225 1444 3317 1500 τὸν
3351 1446 3445 1519 μὶν
3479 1445 3773 1500 ἐπίσκοπον

2120 1529 2363 1602 πεδήτην
2422 1528 2718 1607 ἀπέφηνεν,

2123 1623 2298 1696 ριανὸν
2333 1618 2412 1692 δὲ,
2469 1624 2559 1677 καὶ
2616 1623 2709 1678 τὸν
2768 1621 3105 1698 Πασχάλιον,
3140 1626 3228 1678 καὶ
3277 1623 3403 1685 τοὺς
3433 1624 3774 1698 Τορνῑκίους,

2121 1716 2173 1771 ἐν
2240 1712 2545 1785 πατρικίοις
2628 1711 2917 1775 τελοῦντας
2998 1714 3089 1768 καὶ
3173 1715 3542 1789 θερμουργοὺς
3602 1735 3780 1792 πεςξπτ.-

2122 1802 2280 1864 νότας
2338 1803 2768 1876 ἑταιρισάμενος,
2823 1803 2912 1858 καὶ
2972 1800 3346 1872 Μακεδονικὴν
3379 1803 3563 1868 αὐτοῖς
3592 1803 3779 1879 ἐγχεικ-

371 1899 551 1956 dubio
599 1912 800 1952 rerum
840 1895 1002 1951 exitu
1060 1895 1203 1949 Leo'
1232 1892 1545 1964 Nicephori
1604 1892 1808 1960 frater,
1841 1894 2012 1965 cujus

2128 1889 2279 1964 ρίσας
2338 1889 2609 1968 φάλαγγα,
2690 1890 2967 1967 ἀντείχετο
3051 1897 3347 1967 κραταιῶς,
3406 1894 3776 1968 ἁποτειχίζων

369 1987 617 2043 bellicas
642 1984 917 2040 victorias
940 1983 1069 2055 jam
1118 1981 1392 2052 superius
1423 1981 1484 2035 in
1516 1980 1771 2035 transitu
1791 1997 2017 2036 memo-

366 2076 517 2133 ravit
539 2071 1262 2144 oratio,opportunitatem
1288 2074 1499 2126 nactus
1517 2070 2022 2140 (commorabatur

365 2165 524 2222 enim
554 2169 694 2219 tunc
707 2158 1509 2231 Constantinopoli).sumpto
1533 2157 1765 2229 plebeio
1780 2159 2018 2227 vestitu,

364 2271 472 2326 per
508 2269 721 2325 specus
770 2250 925 2305 muri
988 2249 1226 2320 elapsus
1283 2264 1614 2304 conscensa
1669 2247 1889 2319 scapha
1943 2247 2019 2302 ad

361 2344 758 2414 Nicephorum
783 2342 882 2396 46
907 2340 1193 2411 enavigat,
1238 2339 1366 2409 jam
1400 2342 1541 2393 tunc
1572 2343 1816 2408 propter
1855 2338 2016 2407 pala-

361 2434 512 2488 tium
534 2433 597 2488 in
632 2433 817 2486 Hereo
845 2430 1285 2494 adventantem,
1320 2426 1768 2497 exercitumque
1816 2426 2019 2497 dispo-

358 2528 621 2579 nentem.
650 2520 871 2575 Eodem
906 2525 1199 2589 tempore,
1246 2515 1483 2582 Bardas,
1549 2515 1789 2570 illorum
1827 2522 2017 2587 pater,

361 2628 516 2667 unus
549 2610 621 2665 de
663 2608 982 2682 magistris,
1036 2605 1410 2678 praecipitata
1461 2609 1632 2659 aetate
1680 2605 1884 2671 homo,
1944 2604 2017 2659 ab

358 2700 612 2771 Josepho
638 2696 970 2770 periculum
990 2696 1235 2759 veritus,
1268 2694 1482 2749 timore
1507 2698 1733 2764 captus,
1768 2694 2018 2765 supplex

361 2789 560 2861 magni
595 2787 799 2859 templi
828 2785 1020 2841 factus
1050 2785 1303 2839 est.Erat
1324 2782 1373 2838 is
1404 2783 1476 2838 ab
1537 2784 1667 2853 ipsa
1704 2784 2016 2855 pubertate

362 2880 425 2935 in
458 2876 634 2933 bellis
673 2875 1017 2947 prmliisque
1041 2878 1328 2940 versatus,
1362 2877 1421 2927 et
1444 2873 1762 2928 Domestici
1786 2873 2015 2929 schola-

361 2983 493 3023 rum
529 2983 633 3038 per
660 2965 906 3037 longum
941 2968 1182 3034 tempus
1206 2961 1518 3017 decoratus
1535 2960 1752 3016 ofﬁcio.
1784 2963 2019 3019 Interea

368 3056 666 3112 Marianus
688 3052 1123 3115 etPaschalius,
1148 3051 1491 3106 cohortibus
1503 3050 1889 3107 Macedonum
1914 3069 2020 3124 per

362 3147 485 3202 vias
515 3143 967 3209 circummissis,
1000 3141 1344 3197 frendentes
1367 3141 1480 3211 ipsi
1500 3142 1663 3196 inani
1687 3141 2017 3212 jactatione

361 3239 421 3291 et
445 3234 793 3302 elati,novas
819 3232 880 3285 in
894 3231 1101 3285 horam
1127 3229 1329 3284 turbas
1359 3229 1552 3305 facere
1574 3246 1694 3285 non
1716 3230 2016 3286 intermit-

362 3326 603 3392 tebant;
638 3339 827 3394 usque
874 3321 1042 3390 adeo,
1099 3326 1166 3376 ut
1220 3320 1391 3391 plebs
1423 3321 1625 3375 furens
1681 3321 1756 3376 ad
1787 3323 1903 3377 vim
1952 3340 2014 3379 se

360 3418 747 3477 converteret,
769 3411 1094 3483 praalioque
1125 3409 1397 3465 cominus
1421 3410 1575 3466 facto
1610 3411 1917 3480 resistens,
1951 3413 2012 3468 in

358 3509 559 3581 fugam
589 3508 860 3576 apertam
892 3519 991 3557 eos
1015 3502 1173 3556 velut
1202 3501 1680 3557 adolescentulos
1726 3503 2013 3559 delicatos

358 3611 695 3674 pugnaeque
719 3594 1062 3663 inexpertos
1093 3590 1628 3662 compelleret.Quo
1652 3592 1713 3647 in
1731 3593 2013 3649 conﬂictu

363 3682 778 3741 mulierculam
811 3698 909 3736 vas
944 3679 1126 3735 ﬁctile
1158 3685 1332 3735 terraa
1363 3680 1630 3751 plenum,
1656 3680 1727 3736 de
1777 3682 1849 3737 iis
1880 3700 2012 3753 quae

361 3774 552 3830 hortis
582 3771 719 3826 usui
752 3775 910 3836 sunt,
936 3770 1213 3825 manibus
1244 3786 1281 3824 a
1304 3775 1456 3825 tecto
1497 3776 1730 3841 raptum
1752 3772 2013 3828 vibrasse

362 3861 427 3915 in
460 3858 812 3925 Marianum,
845 3858 1096 3929 ejusque
1154 3861 1425 3927 tempora
1450 3856 1617 3911 feriis
1665 3874 1727 3912 se
1759 3857 1968 3915 dicunt
1998 3886 2012 3928 ς

361 3955 605 4019 tamque
634 3962 866 4019 gravem
914 3946 1099 4002 fuisse
1148 3948 1400 4017 jactum,
1459 3951 1524 3999 ut
1579 3946 1834 4003 calvaria
1880 3966 2012 4020 per-

360 4038 550 4093 fracta
607 4035 916 4091 cerebrum
993 4034 1416 4106 afﬂigeretur:
1477 4035 1672 4105 ipsum
1730 4036 2015 4107 postridie

361 4129 542 4183 vitam
574 4127 912 4198 reliquisse.
948 4125 1048 4181 His
1083 4124 1260 4180 rebus
1292 4123 1557 4179 animum
1581 4126 1821 4196 capiens
1855 4128 2012 4182 Basi-

362 4217 479 4272 lius
512 4216 715 4288 spado,
735 4214 1225 4286 quiConstantini
1254 4214 2017 4286 imperatoristemporibus

362 4306 710 4363 cubicularii
735 4304 1020 4375 dignitate
1043 4304 1239 4374 etipse
1264 4302 1577 4358 decoratus
1590 4304 2020 4369 fuerat,Boma—

360 4396 422 4453 ni
441 4396 696 4451 senioris
749 4393 1130 4466 imperatoris
1164 4393 1415 4448 muliere
1444 4394 1743 4464 Scythissa
1774 4396 2015 4465 nothus,

361 4485 809 4547 strenuus,etin
840 4483 1108 4539 consiliis
1141 4482 1540 4552 exsequendis
1575 4483 1819 4540 rationis
1838 4485 2018 4540 mini—

364 4591 460 4631 me
490 4592 721 4645 expers,
755 4573 975 4644 quippe
1031 4572 1133 4642 qui
1163 4571 1398 4644 generis
1429 4572 1597 4627 mixti
1631 4578 1789 4629 esset
1825 4591 1836 4628 :
1872 4574 2014 4629 alie-

2125 1983 2205 2050 τῷ
2271 1980 2571 2053 Νικηφὸρῳ
2627 1981 2727 2049 τὴν
2791 1979 2867 2042 εἷς
2925 1982 2988 2036 τὸ
3047 1982 3340 2050 Βυζάντιον
3396 1979 3658 2056 παροδον.
3694 1984 3781 2039 Ἐν

2125 2068 2339 2131 τούτοις
2402 2067 2493 2122 οὖν
2551 2072 2660 2123 τῶν
2720 2067 3054 2145 πραγμάτων
3116 2066 3485 2143 ᾖωρημένων,
3545 2069 3693 2125 Λέων
3749 2072 3779 2126 ὁ

2123 2161 2221 2213 τοῦ
2253 2157 2572 2233 Νικηφόρου
2602 2156 2890 2229 σύναιμος,
2940 2156 3002 2212 οὗ
3048 2159 3137 2212 καὶ
3170 2157 3361 2232 πρώην
3393 2160 3420 2213 ὁ
3453 2158 3620 2233 λόγος
3648 2161 3783 2214 κατά

2124 2244 2488 2321 παραδρομὴν
2545 2247 2612 2300 τά
2666 2248 2787 2320 περὶ
2857 2245 2951 2308 τάς
3033 2248 3213 2322 μάχας
3300 2246 3679 2322 ἐπεξηγήσατο
3736 2251 3781 2285 ⁸³

2121 2338 2378 2414 τρόπαια,
2442 2338 2715 2413 εὐκαιρίας
2781 2335 3113 2413 δραξάμενος
3169 2338 3354 2414 (ἔτυχε
3409 2341 3509 2414 γάρ
3567 2340 3785 2417 ἐπιχω-

2126 2427 2327 2501 ριάζων
2373 2431 2453 2499 τῷ
2504 2427 2809 2499 Βυζαντίῳ)
2862 2433 2974 2481 τῶν
3029 2449 3177 2490 τινος
3237 2429 3516 2504 βαναύσων
3576 2428 3779 2492 ὑποδὺς

2125 2516 2450 2592 ἀμπεχόνην
2503 2517 2592 2572 καὶ
2647 2515 2734 2572 διά
2786 2522 2895 2572 τῶν
2947 2518 3235 2591 ὑπόνομων
3284 2523 3381 2573 τοῦ
3428 2518 3649 2594 τείχους
3681 2521 3780 2575 ὑπ-

2125 2606 2442 2677 ολισθήσας,
2503 2607 2706 2679 ἀκατίῳ
2760 2603 3119 2683 προσεπιϐἁς,
3180 2607 3268 2663 ἐπὶ
3322 2608 3414 2664 τὸν
3465 2616 3779 2688 Νικηφὸρον

2123 2694 2482 2765 ἀπέπλευσεν,
2522 2694 2688 2751 αὑτοῦ
2726 2716 2832 2751 που
2888 2696 3013 2770 περὶ
3069 2696 3136 2752 τὰ
3190 2695 3242 2751 ἐν
3310 2703 3429 2762 τοῖς
3456 2699 3667 2773 Ἠρίοις

2124 2784 2392 2860 ἀνάκτορα
2422 2785 2795 2858 εἷσελάσαντα,
2842 2787 2933 2841 καὶ
2988 2786 3081 2842 τὸν
3135 2789 3359 2863 στρατὸν
3406 2785 3776 2846 διατάττοντα.

2125 2875 2263 2932 Τότε
2293 2875 2382 2929 καὶ
2441 2873 2672 2950 Βάρδας,
2726 2877 2754 2930 ὁ
2813 2876 3020 2931 τούτων
3074 2873 3322 2950 γενέτης,
3367 2876 3421 2932 έν
3464 2884 3584 2941 τοῖς
3619 2881 3780 2953 μαγί-

2124 2984 2307 3039 στροις
2365 2963 2538 3020 τελῶν
2591 2963 2681 3019 καὶ
2736 2964 2812 3027 είς
2871 2972 3045 3040 γῆρας
3106 2965 3405 3040 βαθύτατον
3466 2967 3775 3038 ἐληλακὼς.

2120 3052 2213 3106 τὸν
2246 3051 2306 3107 ἐκ
2335 3057 2432 3108 τοῦ
2492 3055 2696 3131 Ἰωσήφ
2752 3051 3002 3109 κίνδυνον
3067 3052 3448 3128 ὑπειδόμενος,
3492 3054 3600 3111 δέει
3631 3078 3783 3131 περι-

2124 3140 2356 3219 ληφθεὶς
2386 3141 2571 3213 ἱκέτης
2632 3143 2781 3218 ἱεροῦ
2838 3146 2936 3197 τοῦ
2999 3143 3239 3218 μεγάλου
3297 3145 3605 3208 καθίστατο·
3641 3145 3780 3219 ἀνήρ

2128 3230 2179 3301 ἐξ
2212 3230 2377 3299 αὐτῆς
2424 3226 2569 3301 ἥϐης
2620 3229 2672 3286 ἐν
2723 3228 2999 3304 πολέμοις
3039 3232 3125 3287 καῖ
3165 3234 3370 3307 μάχαις
3400 3233 3780 3310 ἀναστραφεὶς,

2128 3321 2224 3373 κάν
2253 3325 2332 3392 τῷ
2362 3325 2458 3375 τοῦ
2491 3317 2818 3393 δομεστίκου
2871 3325 2978 3375 τῶν
3031 3320 3254 3397 σχολῶν
3288 3321 3374 3376 ἐπὶ
3408 3322 3608 3397 συχνὸν
3643 3324 3783 3398 χρό-

2123 3428 2216 3461 νον
2280 3405 2638 3483 ὲνδιαπρέψας
2698 3411 2988 3483 ἀξιώματι.
3047 3412 3103 3464 Ὀ
3162 3409 3218 3466 δὲ
3279 3412 3546 3485 Μαριανὸς
3601 3412 3693 3466 καὶ
3753 3413 3781 3466 6

2125 3496 2445 3573 Πασχάλιος
2502 3500 2600 3567 τήν
2655 3503 2762 3553 τῶν
2824 3497 3152 3555 Μακεδόνων
3212 3499 3432 3577 σπείραν
3491 3501 3627 3556 κατᾶ
3682 3503 3777 3564 τὰς

2122 3588 2313 3665 ἀγυιάς
2363 3587 2766 3666 περιφέροντες,
2817 3585 3278 3665 έμὸρενθυόμενοί
3307 3612 3366 3647 τε
3394 3596 3534 3663 κενῷ
3575 3593 3778 3665 κόμπῳ

2122 3679 2213 3735 καὶ
2271 3677 2696 3751 ἐξυπτιάζοντες,
2752 3678 2984 3751 νεώτερα
3050 3678 3393 3755 ῥᾳδιουργεῖν
3453 3681 3551 3737 οὐκ
3608 3681 3782 3737 ἐνέλι-

2124 3787 2247 3823 πον·
2278 3767 2352 3828 ὠς
2387 3764 2683 3840 ἐκμανέντα
2735 3768 2826 3823 τὸν
2888 3765 3064 3841 δῆμον
3120 3770 3256 3844 πρὸς
3311 3769 3484 3841 ἀλκὴν
3543 3768 3777 3841 ἀπιδεῖν,

2122 3859 2213 3912 καὶ
2245 3857 2433 3920 αὐτοῖς
2486 3857 2935 3925 ἀντικαταστῆναι
2997 3856 3266 3928 συστάδην
3317 3858 3393 3922 εἷς
3445 3856 3656 3934 μάχην,
3687 3860 3779 3915 καὶ

2125 3946 2201 4009 εἷς
2258 3947 2431 4020 φυγήν
2491 3944 2760 4019 ὕπαιθρον
2814 3950 3188 4014 κατακλεῖσαι,
3240 3945 3368 4001 ὠσεί
3424 3968 3544 4002 τινα
3592 3949 3780 4019 μειράσ

2123 4056 2218 4090 κια
2248 4028 2569 4109 ἁϐροδίαιτα
2620 4033 2709 4088 καὶ
2774 4033 2963 4108 μάχης
3020 4032 3301 4109 ἀπείρατα.
3345 4038 3659 4106 Τηνικαῦτα
3691 4036 3781 4091 λέ-

2127 4145 2281 4200 γεται
2310 4124 2398 4177 καὶ
2454 4121 2676 4197 γύναιον
2741 4126 2930 4184 σκεῦος
2988 4128 3262 4199 κεραμοῦν
3303 4126 3437 4199 χοὸς
3469 4122 3779 4197 ἀνάπλεων,

2123 4218 2231 4268 τῶν
2259 4212 2394 4285 πρὸς
2427 4210 2655 4280 κηπείαν
2706 4209 3052 4281 ἐπιτηδείων,
3106 4218 3224 4275 ταῖς
3281 4214 3438 4289 χερσὶ
3466 4219 3563 4269 τοῦ
3592 4216 3780 4291 τέγους

2127 4303 2394 4376 ἀράμενον
2425 4305 2471 4339 9‘
2500 4300 2777 4356 ἀκοντίσαι
2833 4304 2970 4357 κατὰ
3023 4307 3120 4358 τοῦ
3178 4306 3481 4380 Μαρια-δοῦ,
3523 4306 3780 4360 καὶτοῦ-

2132 4414 2224 4448 τον
2279 4392 2414 4447 κατά
2470 4395 2566 4446 τοῦ
2622 4394 2902 4467 κροτάφου
2963 4391 3172 4469 βαλεῖν·
3243 4394 3386 4451 οὕτω
3446 4394 3511 4451 δά
3567 4397 3776 4466 καιρίαν

2124 4481 2365 4557 γενέσθαι
2419 4482 2519 4550 τὴν
2575 4480 2771 4556 βολήν,
2826 4482 2900 4545 ὠς
2956 4483 3280 4559 καταγνύναι
3312 4506 3371 4540 τε
3399 4486 3462 4540 τὸ
3489 4486 3703 4560 κρανίον
3738 4486 3783 4522 ⁰⁵

2127 4570 2217 4627 καὶ
2246 4572 2699 4647 προσαραχθῆναι
2760 4573 2905 4644 αὐτῷ
2957 4574 3049 4628 τὸν
3107 4573 3432 4649 ἐγκέφαλον,
3475 4575 3565 4629 καὶ
3600 4573 3781 4630 δευτε·

367 4682 481 4719 nus
506 4669 644 4717 tunc
677 4680 710 4716 a
761 4662 1036 4732 Josepho,
1099 4660 1553 4731 simultatesque
1593 4661 1820 4732 pridem
1883 4680 2014 4718 cum

2129 4666 2279 4735 ραῖον
2337 4659 2430 4714 τὸν
2492 4659 2607 4735 βίον
2664 4658 2976 4719 ἀπολιπεῖν.
3038 4663 3130 4718 Ἐκ
3179 4662 3376 4718 τούτου
3416 4662 3719 4738 παῤῥησίαν
3755 4663 3782 4716 ὁ

365 4753 469 4807 illo
493 4766 725 4824 gerens,
751 4752 841 4805 41
882 4765 1090 4804 vernas
1121 4766 1261 4805 suos
1292 4749 1513 4818 loricis,
1550 4751 1766 4819 mitris,
1811 4751 2021 4824 galeis,

2132 4748 2421 4813 Βασίλειος
2477 4751 2554 4823 (5)
2598 4748 2865 4827 εἰληφὼς,
2922 4750 2981 4808 ’ὸς
3039 4752 3296 4825 ἐκτομίας
3357 4754 3451 4825 μὶν
3484 4754 3548 4822 ἧν
3585 4753 3782 4824 καὶτῷ

1579 4964 1641 5019 C.
1675 4964 1736 5021 B.
1787 4965 1976 5021 HASII
2004 4964 2566 5023 ANNOTATIONES.

435 5181 481 5216 9‘
516 5178 880 5254 διηπάγγελεν
911 5181 1039 5237 cod.
1072 5181 1120 5216 ³³
1150 5180 1603 5254 αἱρετισαμένοις,
1638 5182 1763 5235 Non
1794 5195 1973 5254 ausus
2006 5198 2014 5233 ι

2126 5199 2137 5234 ι
2169 5180 2465 5254 corrigere
2522 5176 2696 5254 οὐκέτ’
2720 5174 2864 5254 -ἔστι
2897 5174 3005 5235 δικ.
3068 5183 3127 5254 et
3151 5177 3257 5254 1:36
3317 5181 3449 5245 τῶν,
3486 5197 3559 5235 ne
3594 5180 3776 5237 nimis

363 5255 632 5339 limacem
666 5250 930 5339 p'l‘lrasi'm
962 5250 1242 5339 auctoris.
1284 5251 1334 5287 ⁹³
1365 5250 1737 5339 ἐπεξηρήσατο
1769 5251 1897 5308 cod.
1932 5253 1977 5286 9‘
2005 5271 2014 5280 ·

2155 5250 2468 5325 χεροῖν-τοῦ
2492 5251 2677 5326 τέγους
2708 5250 2970 5326 ἀράμενοι
3002 5250 3137 5306 cod.
3198 5253 3352 5306 Fort.
3405 5255 3523 5305 ταῖν
3585 5256 3773 5326 χεροῖς

364 5330 461 5379 τοῦ
489 5323 682 5399 τέγους
711 5323 977 5399 ἀραμένη.
1011 5323 1057 5359 9⁵
1085 5324 1304 5397 κράνιον
1339 5324 1471 5379 cod.

440 5477 516 5545 (3)
550 5473 709 5528 Adeo
739 5476 806 5526 ut
838 5472 1016 5545 minis
1044 5477 1425 5545 exasperaret
1454 5470 1713 5545 plebem,
1772 5474 2011 5545 auctore

371 5538 595 5604 Zoilum
626 5547 694 5600 Il.
731 5547 848 5599 199.
886 5548 945 5597 Β.
980 5542 1007 5593 ὁ
1042 5538 1098 5593 δὲ
1158 5538 1410 5601 ἀπειλαῖς
1454 5538 1690 5610 μᾶλλον
1750 5538 1879 5593 αὐτὸ
1939 5541 2012 5610 ἐξ·

373 5617 685 5689 ετράγιυνεν.
721 5615 815 5668 Sic
844 5614 1005 5667 enim
1036 5614 1097 5667 in
1130 5613 1353 5683 optimo
1393 5613 1530 5669 Cod.
1567 5615 1702 5685 Reg.
1740 5614 1875 5667 1715
1905 5630 1917 5667 :
1951 5615 2013 5668 in

375 5705 514 5746 cuso
546 5704 716 5744 secus
746 5690 854 5741 est.

450 5760 522 5831 (4)
556 5761 635 5813 De
676 5759 785 5813 hoc
814 5756 1032 5830 palatio
1061 5755 1399 5812 suburbano
1419 5757 1480 5812 in
1502 5757 2013 5831 Constantinopoli

2126 5470 2443 5526 Christian.
2481 5473 2600 5543 175.
2629 5471 2689 5543 C.
2720 5470 3075 5537 Ducangius,
3102 5469 3782 5543 cujusorthograplaiam

2125 5544 2185 5597 in
2217 5543 2459 5597 nomine
2522 5542 2722 5596 Latine
2782 5558 2849 5597 ac
2910 5543 3102 5596 Graece
3162 5542 3489 5598 scribendo
3526 5560 3657 5598 sum
3693 5561 3780 5598 se-

2123 5620 2354 5753 cutiilsls
2390 5690 2583 5739 motus
2628 5684 3142 5755 Constantinopoli
3175 5684 3391 5755 accidit
3420 5701 3473 5739 a.
3505 5684 3561 5739 d.
3600 5687 3660 5740 V.
3694 5686 3779 5741 Id.

2129 5759 2371 5829 August.
2407 5764 2471 5812 ut
2499 5757 2581 5812 ait
2612 5756 2857 5812 Ccdren.
2918 5761 2985 5812 ιι.
3024 5754 3170 5811 ίϋιίῑξ·
3216 5758 3283 5811 Α.
3326 5754 3546 5826 ἐννάτην
3580 5755 3786 5830 ἄγουσα

2802 1533 2989 1610 εἱρκτῇ
3066 1538 3453 1610 παραπέμψας’
3509 1535 3601 1589 τὸν
3662 1541 3780 1590 Μα-
3860 1567 3864 1569 λ
