4128 6448
327 424 441 486 ’131

334 652 637 720 ingressus
665 648 1096 704 asacerdotum
1150 665 1396 719 corpore
1439 647 1669 703 debitos
1728 647 1986 702 honores

335 745 698 810 susceperat,
732 753 767 792 a
796 737 1497 808 Polyeucto,patriarchm
1529 754 1749 793 munus
1770 736 1990 791 obeun-

335 834 412 893 te,
445 827 741 899 imperiali
773 844 993 882 corona
1044 834 1221 899 caput
1269 827 1549 900 cingitur,
1607 843 1741 882 cum
1800 843 1987 881 unum

335 934 514 989 supra
528 917 1087 989 quinquagesimum
1103 917 1294 971 aetatis
1312 933 1535 971 annum
1556 916 1987 988 ageret.Specie

333 1014 532 1062 autem
558 1011 684 1061 erat
704 1006 1000 1077 ejusmodi
1032 1006 1156 1061 fere
1183 1023 1195 1060 :
1219 1005 1401 1061 facies
1442 1006 1513 1060 ad
1539 1006 1769 1079 nigrum
1799 1004 1987 1077 magis

335 1113 515 1168 quam
546 1096 619 1150 ad
652 1094 970 1151 candidum
1024 1095 1284 1150 colorem
1339 1111 1623 1169 vergens:
1657 1110 1828 1150 coma
1848 1111 1986 1166 pro-

332 1186 538 1255 missa,
574 1190 739 1241 atra:
775 1184 931 1240 oculi
967 1184 1145 1256 nigri,
1198 1184 1359 1239 velut
1414 1184 1772 1257 cogitatione
1830 1189 1984 1239 sata-

334 1280 559 1347 gentes,
587 1274 797 1346 spissis
838 1273 1175 1345 superciliis
1234 1273 1532 1345 subjecti:
1593 1290 1775 1329 nasus
1830 1273 1988 1327 inter

332 1365 687 1420 tenuitatem
738 1369 797 1420 et
848 1363 1309 1419 crassitudinem
1367 1363 1622 1431 medius,
1695 1362 1983 1435 paulatim

334 1455 635 1510 transiens
665 1453 726 1508 in
758 1453 1159 1509 aduncitatem
1188 1470 1200 1507 :
1236 1452 1419 1508 barba
1442 1453 1628 1523 justa,
1660 1452 1811 1507 raris
1828 1451 1986 1507 circa

336 1544 528 1600 malas
554 1542 836 1615 projectis
865 1542 1032 1597 canis
1067 1558 1079 1596 :
1114 1547 1339 1597 statura
1394 1541 1648 1597 rotunda
1677 1558 1744 1596 ac
1790 1541 1983 1609 firma,

330 1640 539 1706 pectus
566 1639 626 1687 et
654 1631 887 1687 humeri
928 1632 1195 1704 apprime
1222 1632 1359 1699 lata,
1395 1632 1478 1687 vis
1505 1648 1572 1687 ac
1601 1633 1785 1687 robur
1806 1632 1979 1703 juxta

336 1723 698 1778 celebratum
733 1721 1075 1776 Herculem:
1111 1721 1428 1792 prudentia
1458 1738 1615 1787 vero,
1650 1727 1709 1775 et
1746 1726 1982 1792 tempe-

336 1811 619 1875 rantia,et
631 1810 1074 1881 opportunitate
1095 1808 1381 1881 singulari
1396 1809 1805 1874 consiliorum,
1831 1810 1987 1865 inter

336 1918 546 1957 omnes
581 1900 902 1971 praestabat
933 1916 1040 1956 sua
1098 1904 1446 1970 tempestate
1487 1905 1658 1955 natos
1688 1900 1865 1955 viros.
1903 1900 1986 1956 lta
2020 1932 2065 1997 Β

332 1992 646 2047 redimitus
671 1990 1056 2063 imperatoria
1086 2006 1306 2045 corona
1335 1990 1398 2044 in
1455 1995 1772 2062 augustum
1818 1989 1985 2062 pala-

330 2081 479 2135 tium
510 2079 799 2147 ascendit,
820 2096 855 2135 a
884 2077 1102 2151 populo
1133 2078 1695 2151 magistratibusque
1712 2078 1985 2150 stipatus,

328 2172 754 2243 ingressusque
782 2171 843 2225 in
866 2169 1049 2243 regali
1108 2168 1335 2225 assedit
1354 2169 1524 2225 solio.
1560 2169 1799 2225 Licebat
1845 2174 1987 2224 tunc

328 2259 1238 2333 videre,fortunam,gestientem
1271 2264 1451 2330 atque
1471 2258 1872 2315 exsultantem
1893 2259 1986 2314 his

326 2350 571 2414 eventis,
616 2355 857 2405 cunctas
892 2349 991 2403 49
1042 2348 1158 2403 sibi
1202 2348 1506 2403 vindicare
1538 2348 1834 2403 humanas
1867 2364 1984 2413 res,

327 2456 437 2495 nec
453 2438 779 2509 quidquam
795 2437 1170 2493 terrestrium
1192 2437 1471 2508 cuiquam
1490 2453 1621 2492 esse
1652 2440 1983 2508 proprium.

325 2532 400 2585 Αι
430 2529 948 2600 Nicephorus(13),
993 2532 1308 2598 postquam
1360 2526 1680 2597 imperium
1708 2543 1982 2598 suscepe-

326 2623 572 2685 rat,tuto
594 2635 662 2673 ac
711 2634 917 2672 secure
964 2614 1382 2689 gubernaculis
1428 2632 1627 2670 rerum
1659 2617 1982 2687 occupatis,

328 2707 578 2763 Bai-dam
610 2707 799 2779 ipsius
828 2712 1057 2778 patrem
1114 2704 1364 2759 Caesaris
1395 2704 1680 2777 dignitate
1712 2705 1980 2760 ornavit:

326 2799 638 2861 Joannem,
672 2800 1065 2866 cognomento
1098 2793 1462 2856 Tzimiscem,
1513 2794 1639 2866 jam
1677 2794 1749 2849 ab
1808 2795 1982 2850 initio

326 2893 523 2943 motus
557 2886 668 2941 sibi
701 2884 1080 2957 opitulatum,
1135 2884 1531 2938 Domesticum
1580 2884 1837 2940 Orientis
1922 2891 1983 2940 et

324 2976 664 3048 Magistrum
737 2973 956 3030 creavit
1025 2990 1037 3026 :
1099 2973 1375 3037 Leonem,
1457 2973 1700 3029 fratrem
1777 2989 1974 3039 suum,

321 3066 739 3138 Curopalatem
763 3071 821 3120 et
877 3063 1216 3137 Magistrum
1264 3063 1583 3119 declaravit
1615 3081 1626 3117 :
1662 3063 1972 3127 Basilium,

1775 422 2055 483 LEOle
2102 424 2417 485 DIACUNI

332 565 560 617 rentur.
594 558 839 626 Deinde,
885 557 983 613 ubi
1041 556 1500 615 celeberrimum
1557 557 1658 614 Dei
1693 557 1980 630 templum

2097 562 2195 626 τῆς
2238 553 2401 627 ἕκτης
2472 556 2728 627 ῐνδίκτου,
2788 558 2842 616 ἔν
2900 564 2977 634 τῷ
3032 562 3160 631 ,ςυο’
3216 560 3342 633 ἔτει,

3632 433 3754 492 732

3434 562 3524 620 ὅτε
3588 568 3759 621 ταῦτα

2101 643 2414 720 ἐπράττετο.
2450 649 2610 721 Ἀρτι
2643 646 2721 719 δὲ,
2755 647 2869 705 ὶπεὶ
2929 650 3066 721 πρὸς
3123 652 3215 706 τὸν
3272 657 3369 707 τοῦ
3418 652 3574 708 Θείου
3606 655 3761 728 περί-

2098 755 2303 790 πυστον
2334 738 2502 806 σηκὸν
2535 737 2896 815 εἷσεφοίτησε,
2937 739 3026 795 καὶ
3086 740 3191 795 ἀπὸ
3238 746 3337 796 τοῦ
3393 747 3502 797 τῶν
3562 744 3752 815 ἱερέων

2099 822 2483 898 πληρώματος
2515 828 2837 903 ἀξιοχρέους
2865 830 3029 901 τιμὰς
3091 828 3404 901 ὑπεδέξατο,
3461 833 3598 905 πρὸς
3651 837 3749 889 τοῦ

2096 915 2196 981 την
2230 915 2596 988 πατριαρχίαν
2632 916 2908 981 ἰθύνοντος
2964 915 3314 975 Πολυεύκτου
3341 921 3421 992 τῷ
3477 922 3749 997 βασιλικῷ

2098 1000 2396 1076 διαδήματι
2457 1005 2865 1082 στὲνρεταιῌΟ),
2950 1004 3003 1063 ἓν
3062 1009 3152 1062 καὶ
3201 1012 3568 1079 πεντηκοστὸν
3626 1008 3749 1074 ἔτος

2095 1099 2194 1161 τῆς
2224 1089 2448 1162 ἡλικίας
2472 1092 2735 1150 ἐλαύνων.
2770 1097 2886 1165 Την
2919 1095 2978 1151 δὲ
3034 1094 3176 1152 ἰδέαν
3236 1102 3346 1171 (11)
3400 1098 3620 1156 τοιόσδε
3672 1122 3758 1164 τις

2098 1183 2187 1252 ἦν·
2222 1180 2347 1257 ὄψις
2381 1182 2529 1256 αὐτῷ
2581 1186 2718 1261 πρὸς
2770 1186 2834 1241 τὸ
2895 1187 3064 1260 μέλαν
3124 1188 3291 1244 πλέον
3347 1189 3383 1259 ἢ
3440 1191 3503 1245 τὸ
3563 1189 3757 1247 λευκὸν

2093 1270 2491 1337 ἀποκλίνουσα,
2522 1272 2672 1345 κόμη
2733 1270 2792 1328 δὲ
2853 1275 3042 1350 βαθεῖα
3094 1276 3185 1331 καὶ
3233 1285 3425 1348 κυανῆ·
3472 1277 3755 1356 ὀφθαλμοὶ

2098 1360 2351 1434 μέλανες,
2395 1361 2484 1417 ἐπὶ
2541 1383 2794 1427 συννοιας
2839 1365 3279 1443 πεφροντικότες,
3339 1364 3577 1431 δασείαις
3632 1376 3757 1434 ταῖς

2096 1449 2318 1529 ὀφρύσιν
2348 1451 2773 1524 ὑποκαθήμενον
2839 1452 2921 1529 ῥὶς
2955 1455 3136 1526 μέσως
3197 1455 3243 1493 '9
3297 1455 3504 1531 ἔχουσα
3557 1457 3753 1513 λεπτόν

2092 1560 2259 1610 τητος
2300 1540 2386 1595 καὶ
2449 1539 2793 1615 παχύτητος,
2843 1544 3027 1618 ἡρέμα
3084 1548 3564 1620 συμπεραινομένη
3622 1568 3757 1622 γρυ-

2095 1628 2313 1698 πότητι·
2340 1630 2426 1703 [Ρ.
2457 1631 2545 1703 30]
2587 1630 2764 1700 ὑπήνη
2820 1630 3155 1708 σύμμετρος,
3210 1632 3401 1709 ἀραιὰν
3452 1636 3597 1708 παρᾶ
3654 1637 3752 1699 τὰς

2095 1717 2322 1792 γνάθους
2352 1714 2789 1792 προϐαλλομένη
2836 1722 2935 1788 τήν
2996 1719 3216 1776 πολιάν’
3270 1722 3537 1797 ἀγκυλεὸς
3571 1729 3587 1762 ¹
3646 1726 3748 1792 τήν

2094 1806 2321 1876 ἡλικίαι
2379 1808 2469 1863 καὶ
2532 1804 2808 1881 στιϐαρὸς,
2895 1809 3184 1883 εὐρύτατος
3237 1812 3302 1866 τὸ
3386 1812 3603 1887 στέρνον
3651 1813 3745 1869 καὶ

2095 1895 2284 1969 ὤμους
2314 1897 2389 1958 ὡς
2424 1895 2683 1969 μάλιστα,
2715 1899 2814 1967 την
2854 1897 3038 1971 μέντοι
3098 1898 3342 1973 ἀνδρείαν
3401 1900 3492 1956 καὶ
3552 1902 3749 1977 ῥώμην

2099 1985 2238 2040 κατά
2265 1986 2358 2041 τὸν
2398 1984 2810 2061 θρυλλούμενον
2870 1985 3170 2063 Ἡρακλῆν·
3233 1991 3491 2067 φρονήσει
3551 1988 3607 2046 δὲ
3663 1992 3757 2047 καὶ

2098 2072 2423 2152 σωφροσύνῃ
2449 2074 2541 2130 καὶ
2598 2077 2733 2147 τῷ²
2787 2078 2849 2131 τὸ
2907 2073 3027 2132 δέον
3087 2076 3467 2155 ἀνεπισφαλῶς
3523 2079 3757 2158 ἐπιφρά-

2098 2166 2447 2238 σασθαι(12),
2506 2165 2720 2219 πάντων
2780 2166 3160 2243 κατευμεγὲθει
3214 2172 3320 2221 τῶν
3378 2170 3497 2224 κατ’
3555 2167 3759 2226 ἐκείνου

2094 2255 2199 2323 τήν
2232 2254 2419 2328 γενεὰν
2448 2252 2831 2329 γεγενημένων
2889 2253 3122 2330 ἀνδρῶν.
3174 2260 3492 2323 Ταινιωθεὶς
3525 2258 3617 2314 οὖν
3675 2266 3757 2334 τῷ

2100 2342 2369 2419 βασιλείῳ
2429 2341 2610 2417 στέφει
2668 2342 2756 2398 ἐπὶ
2813 2345 2913 2412 την
2979 2345 3254 2419 βασίλειον
3327 2346 3503 2417 αύλὴν
3561 2350 3754 2422 ἀνεισι,

2096 2433 2243 2506 παρὰ
2265 2436 2361 2487 τοῦ
2391 2430 2641 2502 πλήθους
2665 2431 2756 2487 καί
2784 2438 2893 2488 τῶν
2934 2432 2987 2489 ἐν
3045 2432 3192 2491 τέλει
3251 2433 3753 2510 δορυφορούμενος,

2095 2520 2185 2576 καὶ
2213 2518 2280 2589 δη
2313 2519 2602 2596 παρελθὼν
2636 2521 2724 2576 ἐπὶ
2766 2523 2958 2595 θρόνον
3019 2522 3233 2589 ἐκάθισε
3289 2525 3383 2580 τὸν
3441 2527 3750 2602 βασιλικόν.

2094 2611 2196 2667 Ἦν
2230 2610 2320 2665 οὖν
2355 2612 2482 2685 ὁρᾷν
2514 2612 2613 2679 τὴν
2661 2611 2839 2687 τύχην
2900 2612 3333 2689 ἐνωραϊζομὲνην
3387 2616 3477 2670 καὶ
3536 2615 3755 2692 ἐπιγαν-

2092 2699 2329 2773 νυμένην
2360 2704 2478 2762 τοῖς
2530 2699 2913 2773 τελουμένοις,
2967 2704 3056 2756 καὶ
3114 2705 3290 2758 πάντα
3348 2705 3544 2773 ἑαυτῆς
3581 2713 3752 2770 τιθεῖ-

2092 2790 2282 2845 σαντά
2318 2789 2627 2866 ἀνθρώπινα
2683 2790 3004 2865 πράγματα,
3059 2792 3149 2846 καὶ
3208 2791 3378 2865 μηδὲν
3434 2798 3542 2850 τῶν
3576 2796 3742 2872 φθαρ-

2088 2883 2200 2935 τῶν
2251 2876 2484 2953 μηδενὸς
2545 2879 2898 2943 καθίστασθαι
2958 2878 3117 2937 ἴδιον.
3172 2882 3233 2939 Ὁ
3291 2880 3371 2949 δὶ,
3429 2882 3593 2940 ἰπεὶ⁸
3649 2892 3750 2953 τῆς

2093 2967 2376 3043 βασιλείας
2408 2962 2601 3039 ὲπὲϐη,
2660 2968 2752 3024 καὶ
2808 2973 2917 3024 τῶν
2975 2968 3176 3025 οἰάκων
3229 2970 3490 3049 ἀσφαλῶς
3541 2995 3601 3028 τε
3652 2974 3742 3030 καὶ

2088 3055 2263 3121 ἀδεῶς
2312 3056 2519 3126 ταύτης
2572 3057 2873 3133 ἀντείχετο,
2930 3055 3139 3134 Βάρδαν
3228 3060 3344 3133 μὲν,
3402 3063 3492 3117 τὸν
3552 3064 3745 3120 ἑαυτοῦ

324 3156 426 3228 qui
454 3155 693 3227 Josephi
727 3170 893 3226 opes,
926 3159 988 3209 ut
1018 3169 1052 3209 a
1073 3170 1168 3209 me
1201 3152 1425 3208 dictum
1453 3158 1564 3223 est,
1623 3158 1788 3209 motu
1821 3153 1977 3209 facto

2097 3148 2318 3221 πατέρα,
2379 3145 2454 3208 εἷς
2509 3146 2609 3215 τὴν
2662 3151 2758 3202 τοῦ
2817 3147 3087 3221 Καίσαρος
3163 3151 3301 3222 τιμή
3385 3147 3740 3227 προεϐίϐασε·

319 3246 594 3318 fregerat,
628 3245 703 3299 ad
734 3244 971 3315 proedri
1005 3243 1294 3299 honorem
1322 3242 1529 3297 evexit.

2097 3238 2177 3292 τὸν
2239 3234 2298 3291 δὶ
2356 3237 2723 3311 συναράμενον
2778 3236 2925 3309 αὐτῷ
2985 3239 3244 3308 Ἰωάννην
3301 3241 3436 3295 κατὰ
3489 3243 3588 3310 τήν
3644 3246 3744 3296 τοῦ

322 3333 629 3404 κινήματος
658 3333 861 3407 ἀρχὴν,
894 3333 940 3405 ᾧ
968 3338 1269 3405 Τζιμισκῆς
1298 3333 1363 3386 τὸ
1406 3328 1639 3400 ἐπίκλην
1672 3333 1804 3401 (14),
1839 3325 2169 3402 δομέστικον
2224 3325 2521 3393 Ἀνατολῆς
2575 3327 2664 3380 καὶ
2726 3325 3019 3404 μάγιστρον
3054 3325 3388 3404 ἀναδεδειχε·
3423 3327 3626 3385 Λέοντα
3656 3328 3736 3402 δὲ,

322 3433 414 3489 τὸν
450 3430 589 3487 ἴδιον
618 3430 905 3504 σύναιμον,
936 3430 1359 3508 κουροπαλάτην
1393 3430 1483 3486 καὶ
1525 3430 1820 3505 μάγιστρον
1872 3423 2267 3504 προϐἀλλεται’
2329 3425 2420 3479 τὸν
2475 3421 2532 3479 δὲ
2575 3445 2635 3499 γε
2669 3424 2976 3499 Βασίλειον,
3035 3428 3126 3483 τὸν
3180 3428 3406 3501 Ἰωσὴφ,
3463 3427 3604 3504 ᾗπερ
3638 3450 3734 3503 μοι

324 3521 549 3599 ἑρῤήθη,
579 3521 1009 3576 καταστασιάσαν
1024 3542 1102 3587 τα,
1135 3520 1210 3582 εἷς
1239 3521 1302 3575 τὸ
1322 3524 1418 3575 τοῦ
1449 3516 1720 3595 προέδρου
1750 3516 1910 3579 κλέος
1943 3509 2319 3572 ἀνεϐιϐἀσατο.

394 3615 449 3666 9.
481 3614 613 3684 Ipse
644 3629 779 3667 vero
822 3610 1218 3683 profitebatur
1247 3611 1485 3666 solitam
1519 3610 1978 3681 temperantiam

314 3686 730 3757 intemeratam
764 3718 827 3756 se
874 3705 1265 3767 servaturum,
1319 3716 1453 3755 cum
1513 3699 1714 3754 uxoris
1771 3698 1976 3770 conju-

321 3792 485 3864 gium
515 3791 877 3857 vitans,tunc
897 3788 1169 3844 carnium
1187 3805 1355 3844 esum
1391 3788 1735 3860 repudians.
1761 3791 1975 3843 Verum

326 3880 675 3935 monasticae
722 3881 855 3933 vita:
915 3879 1194 3945 cultores,
1230 3879 1331 3951 qui
1369 3881 1608 3951 quidem
1642 3878 1819 3934 vitam
1848 3879 1977 3951 ejus

324 3968 737 4040 gubernabant
764 3968 1136 4037 (observabat
1166 3969 1320 4024 enim
1357 3970 1606 4025 mirifice
1636 3968 1892 4035 fratres),
1914 3969 1976 4022 in

327 4059 619 4113 institutis
646 4059 937 4127 ejusmodi
960 4075 1308 4129 permanere
1326 4060 1513 4113 virum
1541 4075 1660 4113 non
1678 4058 1973 4124 sinebant,

328 4147 431 4204 sed
464 4148 874 4213 hortabantur,
907 4154 971 4202 ut
999 4154 1059 4203 et
1096 4149 1436 4221 conjugium
1491 4149 1973 4220 amplecteretur,

323 4255 433 4293 nec
471 4237 737 4293 carnium
773 4254 899 4303 esu,
934 4243 998 4292 ut
1030 4255 1090 4293 re
1132 4237 1381 4305 nefasta,
1417 4238 1763 4293 abstineret.
1800 4240 1973 4291 Vere-

324 4327 542 4383 bantur
573 4327 753 4387 enim.
779 4342 854 4381 ne
874 4343 1062 4399 prono
1085 4327 1144 4381 in
1168 4327 1412 4384 delicias
1435 4334 1492 4383 et
1510 4329 1975 4384 comessationes

321 4419 522 4476 animo
553 4418 616 4474 in
650 4423 852 4491 turpes
919 4417 1301 4473 delaberetur
1353 4418 1706 4489 voluptates,
1767 4418 1976 4489 quales

2165 3614 2227 3677 θ’.
2266 3612 2438 3675 Αὐτὸς
2469 3610 2526 3668 δε
2556 3614 2656 3681 την
2703 3616 2910 3684 συνήθη
2970 3620 3364 3690 προσεποιεῖτο
3416 3617 3745 3694 ἀπαρεγχεί-

2092 3717 2257 3777 ρητον
2308 3702 2668 3781 σωφροσύνην
2729 3700 3031 3774 διατηρεῖν,
3087 3705 3343 3778 γυναικός
3398 3727 3458 3761 τε
3497 3708 3749 3781 συζυγίας

2089 3789 2354 3847 ἐκκλίνων
2387 3791 2475 3846 καὶ
2506 3790 2851 3867 κρεωφαγίαν
2911 3789 3527 3865 ἀποδιοπομπούμενος.
3582 3793 3750 3851 Ἀλλ’

2089 3880 2140 3934 οἱ
2169 3882 2263 3935 τὸν
2296 3883 2512 3953 μονήρη
2556 3882 2673 3955 βίον
2712 3880 2993 3954 μετιόντες
3025 3880 3116 3936 καὶ
3174 3881 3340 3936 αὐτοῦ
3394 3883 3485 3937 τὸν
3544 3885 3750 3959 τρόπον

2088 3966 2250 4039 δῆθεν
2310 3970 2664 4046 ῥυθμίζοντες
2728 3970 2909 4042 (ἐτίμα
2996 3970 3100 4045 γὰρ
3183 3967 3549 4046 διαφερόντως
3616 3973 3747 4036 τοὺς

2089 4062 2400 4132 μοναστάς),
2436 4059 2540 4113 οὐκ
2571 4057 2696 4114 εἶ’ων
2728 4059 2821 4113 τὸν
2869 4055 3040 4130 ἄνδρα
3092 4057 3348 4132 ἐμμένειν
3407 4063 3490 4125 οἶς
3545 4060 3746 4137 ἔκρινε,

2085 4147 2499 4224 προὺτρὲποντο
2586 4144 2644 4203 δὲ
2720 4146 2810 4203 καί
2896 4148 3149 4224 συζυγίαν
3233 4148 3571 4214 ἀσπάσασθαι
3652 4153 3741 4208 καὶ

2088 4236 2436 4313 κρεωφαγίαν
2473 4237 2549 4309 μή
2585 4235 2658 4299 ὥς
2689 4258 2743 4292 τι
2800 4236 3053 4292 ἀπαίσιον
3111 4237 3433 4316 ἀποφυγεῖν.
3491 4238 3745 4297 Ἐδεδίει-

2093 4346 2187 4380 σαν
2254 4325 2381 4401 γάρ,
2441 4327 2516 4399 μή
2574 4332 2804 4404 τρυφαῖς
2860 4326 2949 4382 καὶ
3034 4329 3245 4400 κώμοις
3311 4327 3619 4403 ἐπικλινής,
3669 4331 3743 4394 ὡς

2089 4415 2259 4477 εἰκὸς.
2292 4416 2539 4491 γεγονὼς
2566 4416 2645 4480 είς
2688 4414 3031 4479 ἀλλοκότους
3078 4415 3492 4488 ὑπολισθήσειεν
3525 4418 3744 4492 ἡδονὰς,

1502 4570 1562 4625 C.
1596 4570 1658 4624 B.
1693 4569 1879 4625 HASII
1901 4569 2459 4626 ANNOTATIONES.

394 4760 438 4793 θ’
467 4755 628 4829 μέσος
657 4758 787 4813 cod.
823 4758 838 4792 ¹
869 4756 1149 4831 ἀγκυλεός.
1185 4759 1279 4815 Sic
1301 4757 1507 4815 codex.
1537 4758 1558 4792 ’
1579 4757 1685 4832 τῷ]
1713 4759 1811 4813 τοῦ
1842 4757 1973 4814 cod.

2097 4757 2152 4811 πὶ
2184 4756 2313 4814 cod.

320 4909 472 4966 aula)
504 4910 805 4982 Byzantia.
837 4912 882 4979 Ι,
917 4914 1040 4978 251,
1064 4926 1322 4981 quocum
1345 4909 1549 4967 confer
1578 4910 1777 4982 Reisk.
1799 4909 1970 4965 Com-
2007 4915 2050 4977 υ
2152 4907 2578 4982 (12)Ducangio
2594 4908 2896 4982 negotium
2911 4910 3181 4968 exhibuit
3209 4912 3269 4967 in
3286 4911 3490 4968 codice
3516 4912 3734 4981 siglum

325 4981 578 5038 mentar.
607 4984 681 5049 ll,
718 4983 837 5037 141.
900 4982 1249 5053 (Patrologiae
1306 4989 1439 5038 tom.
1493 4982 1658 5046 XCII,
1692 4981 1805 5036 col.
1838 4984 1970 5046 797,

326 5059 451 5109 not.
483 5058 566 5108 17.

398 5053 611 5197 $0371.21
641 5125 889 5211 Cedren.
916 5125 1239 5211 Compen-d.
1268 5125 1505 5211 Hist.ull.
1531 5119 1979 5211 648.131.1196?-

325 5216 454 5269 κτον
496 5192 919 5269 ’παρεσκεύασαν
1028 5192 1119 5250 τὸν
1164 5194 1543 5269 Πατριάργην,
1596 5192 1695 5269 καᾉὶ-
1743 5198 1821 5264 τῷ
1879 5195 1976 5269 βας

325 5216 454 5251 κτον
515 5216 919 5269 παρεσκεύασαν
1028 5217 1119 5250 τον
1164 5214 1274 5250 ιιατ
1321 5214 1543 5269 ιαρ1.ην,
1596 5214 1685 5247 και
1743 5214 1821 5264 τῳ
1879 5214 1976 5268 μαι

322 5265 521 5335 σιλικῷ
601 5267 762 5322 αὐτὸν
819 5272 1107 5322 ταινιῶσαι
1188 5214 1507 5339 διαδήματι,
1597 5267 1737 5321 tolle
1805 5267 1982 5322 verba

323 5338 412 5393 καὶ
445 5344 543 5409 τῷ,
576 5348 635 5396 et
663 5346 844 5405 verte,
905 5342 1295 5397 Palriarcham
1349 5338 1782 5410 apparaverunt.
1869 5339 1979 5393 hoc

323 5419 431 5475 est,
466 5418 1052 5484 permoverunt,ut...
1080 5415 1277 5483 Neque
1310 5412 1484 5484 aliter
1516 5410 1977 5484 Scylitzaliisto:

323 5484 414 5539 ria
446 5482 557 5539 ms.
598 5483 787 5538 Verba
819 5482 1498 5556 interpolataXylandro
1522 5498 1759 5553 quoque
1784 5482 1976 5537 fraudi

329 5557 573 5610 fuerunt
604 5556 664 5610 in
689 5555 980 5610 versione.

398 5629 507 5695 (Η)
570 5627 704 5681 Haec
763 5642 951 5697 usque
1031 5625 1106 5681 ad
1190 5625 1367 5680 verba
1448 5622 1845 5697 γεγενημένων
1886 5622 1978 5697 ἀν-

328 5694 497 5761 span,
529 5697 663 5767 Pag.
735 5698 802 5751 48
855 5694 994 5752 Ἶίη.
1056 5700 1144 5759 20,
1214 5694 1543 5767 Ducangius
1586 5694 1783 5752 tirmce
1817 5696 1982 5751 dedit

330 5768 494 5825 Notis
523 5767 823 5825 historicis
857 5768 917 5826 in
942 5770 1146 5827 Zonar.
1185 5770 1252 5826 ll.
1294 5773 1413 5826 107.
1446 5778 1513 5826 A.

2082 4979 2267 5042 verbi,
2299 4980 2391 5054 cuj
2404 4997 2471 5035 us
2493 4979 2733 5054 partem
2765 4981 3054 5038 duntaxat
3080 4982 3245 5039 dedit
3273 4984 3511 5054 punctis
3532 4979 3737 5040 termi-

2089 5056 2314 5115 natam,
2346 5047 2667 5122 sugg—1'31;
2680 5095 2690 5105 .
2701 5095 2716 5109 .

2163 5125 2275 5187 (13)
2307 5123 2630 5197 Sequentia
2659 5140 2848 5197 usque
2879 5124 2953 5179 ad
2984 5125 3118 5197 Pag.
3154 5125 3375 5181 51.1in.
3400 5130 3489 5182 20.
3531 5144 3744 5183 rursus

2090 5194 2212 5249 fere
2246 5195 2450 5250 omnia
2481 5211 2547 5249 ex
2576 5194 2950 5260 Combefisio,
2987 5194 3125 5260 Pagi
3169 5197 3261 5250 IV.
3296 5200 3347 5254 6.

2161 5268 2270 5337 (14)
2306 5266 2666 5338 Vocabulum
2698 5272 2789 5321 est
2818 5266 3176 5338 exAAgathia
3208 5271 3328 5324 124.
3390 5270 3454 5327 D.
3514 5271 3628 5326 Pro
3673 5268 3742 5327 eo

2094 5334 2204 5392 Leo
2240 5334 2455 5408 passim
2492 5337 2737 5392 adhibet
2764 5339 2862 5405 την
2895 5334 3188 5405 ἐπίκλησιν
3220 5342 3271 5395 3.
3301 5342 3361 5396 C.
3395 5344 3483 5397 56.
3546 5343 3604 5396 Β.
3648 5344 3737 5398 65.

2092 5409 2157 5483 Ι).
2185 5411 2273 5483 69.
2300 5411 2498 5483 _A._83.
2533 5411 2591 5463 C.
2618 5413 2703 5463 95.
2886 5412 3007 5483 1-07)
3173 5410 3273 5478 τὴν
3312 5410 3621 5483 ἐπωνυμίαν
3653 5419 3740 5469 71.

2094 5480 2158 5534 D.
2198 5479 2261 5533 τὸ
2295 5478 2553 5550 ἐπώνυμα
2608 5482 2695 5534 36.
2756 5480 2814 5536 C.
2866 5479 2928 5533 τὸ
2976 5478 3263 5550 ἐπώνυμον
3288 5485 3374 5538 48.
3429 5478 3612 5538 Οίὸθ.
3676 5490 3743 5540 Α.

2092 5554 2181 5605 51.
2215 5552 2490 5625 A_.C.69.
2534 5553 2609 5625 _C.
2671 5555 2757 5604 7T.
2817 5554 2877 5607 Β.
2935 5551 3026 5605 τὸν
3088 5554 3505 5625 κατεπωνυμίαν
3534 5558 3622 5611 89.
3682 5559 3742 5611 C.

2092 5622 2656 5748 (quodszocgbulum
2690 5639 2809 5677 non
2861 5630 2950 5679 est
2986 5625 3049 5680 in
3108 5622 3394 5699 Lexicis):
3452 5626 3514 5680 τὸ
3573 5626 3738 5702 πρὸσ·

2093 5712 2243 5748 βημα
2352 5735 2364 5747 ρ
2449 5739 2460 5748 .

2093 5712 2243 5768 ρημα
2278 5712 2364 5747 oo.
2402 5712 2460 5751 ὕ.
