4128 6454
347 447 476 509 733

1761 439 2153 503 HISTORLE
2196 440 2339 502 LIB.
2389 444 2498 504 IlI.

3665 446 3784 508 '13!

356 579 422 641 ἅς
456 575 645 642 εἴωθεν
668 574 1113 654 αὐτοσχεδιάζειν
1142 576 1206 632 τὸ
1261 572 1657 632 αύτοδὲσποτον
1712 573 1802 630 καὶ
1850 572 1980 629 αὗτό

2128 575 2500 633 comminisci
2537 576 2691 633 solet
2720 576 2874 634 liber
2899 595 3083 650 seque
3121 578 3249 651 ipse
3279 594 3493 652 regens
3523 578 3783 646 animus,

356 689 553 741 νυμον,
615 665 1019 741 ἐπειλημμένον
1049 667 1073 703 ⁴
1130 662 1431 739 δυνάμεως.
1489 667 1624 726 Ταῖς
1676 668 1783 719 τῶν
1847 683 2009 736 μονα-

355 762 502 813 στῶν
536 757 631 813 οὗν
663 756 997 825 καταπειθὴς
1051 756 1295 830 γεγονὼς
1348 753 1688 828 εῗσηγήσεσι,
1743 752 1837 807 τὸν
1882 749 2010 821 ἡλια

354 847 569 917 κιώτην
628 846 722 920 μὶν
783 844 875 900 καὶ
930 845 1335 917 συνειθισμένον
1400 843 1515 919 βίον
1575 841 1854 897 ἀπώσατο*
1911 841 2010 909 τὴν

352 933 414 992 δὲ
471 940 571 992 τοῦ
627 936 915 1009 Ῥωμανοῦ
972 934 1278 1008 ὁμευνέτιν,
1337 934 1614 1009 ἀριπρεπῆ
1666 936 1788 994 ταῖς
1848 928 2016 1005 ὥραις

351 1023 448 1080 καὶ
508 1021 842 1098 αὐτόχρημα
891 1024 1273 1098 τυγχάνουσαν
1326 1021 1614 1088 Λάκαιναν,
1671 1020 1808 1096 πρὸς
1837 1017 2014 1095 γάμον

354 1114 617 1190 ἠγάγετο,
648 1113 903 1187 καὶπρὸς
945 1112 1010 1168 τὸ
1040 1115 1140 1177 τῆς
1187 1108 1548 1185 κρεωδαισίας
1602 1109 1710 1165 ἀπὸ
1766 1111 1865 1177 τῆς
1922 1129 2015 1163 κε-

350 1202 711 1276 κολασμένης
788 1199 1007 1274 διαίτης
1104 1202 1494 1277 μετεσκεύαστο
1576 1199 2008 1279 τρυφηλότερον.

350 1292 798 1367 Ύπεψιθυρέζετο
830 1294 944 1367 (l5)
977 1290 1060 1362 δὲ,
1091 1292 1169 1365 μὴ
1219 1288 1446 1364 ἔννομον
1503 1287 1850 1365 συνδραμεῖν,
1908 1310 2009 1344 πα-

350 1381 601 1457 ράλογον
631 1380 689 1437 δὲ
713 1403 831 1444 πως
861 1381 924 1437 τὸ
957 1379 1311 1451 σουνοικὲσιον,
1365 1379 1442 1442 ὠς
1498 1377 1767 1454 ἀνάδοχον
1800 1377 1861 1434 ἑκ
1912 1382 2011 1435 τοῦ

348 1472 505 1527 θείου
534 1470 774 1547 λουτροῦ
796 1470 1054 1548 γεγονότα
1083 1470 1176 1526 τὸν
1210 1469 1527 1548 Νικηφόρον
1577 1473 1685 1524 τῶν
1718 1472 1816 1524 τοῦ
1848 1468 2012 1523 αὐτο-

347 1561 623 1633 κράτορος
647 1561 933 1632 Ῥωμανοῦ
961 1556 1050 1613 καὶ
1099 1565 1201 1628 τῆς
1250 1560 1557 1635 Θεοφανοῦς
1606 1553 1842 1612 παίδων.
1897 1560 2009 1623 Τῆς

350 1644 449 1703 οὗν
490 1649 685 1724 φήμης
714 1647 932 1722 ἀπτὲρῳ
960 1650 983 1685 ⁵
1037 1650 1197 1722 τάχει
1255 1645 1333 1708 είς
1361 1651 1457 1709 τὰς
1508 1646 1674 1709 ἀκοὰς
1699 1648 1796 1699 τοῦ
1826 1645 2008 1719 ἱεραρ-

352 1739 589 1811 χοῦντος
643 1735 989 1792 Πολυεύκτου
1046 1736 1434 1812 ἐνηχηθείσης,
1515 1734 1790 1809 ἀπείργειν
1848 1731 2008 1788 παντὶ

357 1827 451 1900 [Ρ.
482 1827 574 1897 31]
630 1826 803 1891 σθένει
860 1830 970 1882 τῶν
1027 1828 1187 1902 ἱερῶν
1247 1820 1560 1900 περιϐόλων
1605 1823 1858 1899 ἐπειρᾶτο
1912 1822 2004 1877 τὸν

354 1912 580 1971 ἄνακτα⁸
617 1915 791 1986 ζήλου
819 1915 926 1991 γὰρ
956 1916 1104 1980 θείου
1132 1914 1445 1993 περίπλεως
1485 1910 1558 1970 ὥν
1615 1915 1643 1970 ὁ
1699 1914 1857 1989 ἀνὴρ,
1915 1911 2003 1968 καί

349 2005 456 2072 τήν
488 2002 843 2074 παντοδαπὴν
894 2009 1092 2080 γνῶσιν
1149 2007 1241 2060 καὶ
1292 2004 1487 2081 ἀρετὴν
1547 2002 1861 2078 ἀπρόσιτος,
1914 1999 1998 2057 δι-

349 2091 608 2169 ελέγχειν
640 2093 730 2149 καὶ
765 2094 1010 2170 βασιλεῖς
1040 2092 1140 2148 οὐκ
1168 2093 1463 2170 ᾐσχύνετο.
1496 2093 1554 2147 Ὀ
1600 2089 1660 2147 δὲ.
1719 2089 1998 2167 βασιλεὺς,

347 2183 421 2237 τὰ
454 2182 549 2255 μὶν
581 2183 672 2238 τὸν
706 2183 967 2260 ἀρχιερέα
996 2183 1456 2259 παραιτούμενος,
1486 2183 1554 2236 τὰ
1612 2178 1670 2236 δὶ
1724 2180 1814 2235 καὶ
1860 2180 2000 2236 ἀπο·-

350 2268 719 2347 λογούμενος,
753 2275 830 2345 μὴ
864 2270 1134 2350 ἀνάδοχον
1168 2273 1327 2329 αὐτὸν
1359 2272 1420 2328 ἐκ
1471 2276 1573 2327 τοῦ
1621 2268 1999 2347 βαπτίσματος

340 2369 459 2420 τῶν
490 2360 703 2420 παίδων
745 2367 884 2443 εἶναι
940 2372 1042 2433 τῆς
1098 2363 1421 2439 Αύγούστης
1472 2366 1801 2440 Θεοφανοῦς,
1856 2359 2002 2416 ἀλλᾶ

346 2450 589 2527 Βάρδαν,
620 2453 715 2509 τὸν
743 2453 910 2510 αὐτοῦ
935 2457 1178 2528 γενὲτην,
1239 2453 1386 2509 οὕτω
1441 2450 1863 2522 κατεδυσώπησε
1906 2450 1999 2506 τὸν

345 2542 616 2619 ἀρχιερέα
645 2546 756 2616 (16)
791 2544 881 2598 καὶ
943 2541 1133 2606 δεινῶς
1190 2542 1583 2613 κατεκήλησεν,
1643 2540 1717 2604 ὠς
1773 2538 2003 2595 καθιλα-

343 2634 680 2707 ρευσάμενος
709 2633 1072 2707 οἰκονομῆσαι
1123 2635 1224 2704 τήν
1263 2641 1362 2704 τῆς
1418 2631 1738 2707 Αὐγούστης
1793 2638 1998 2708 Θεοφα-

340 2725 473 2783 νοῦς
533 2722 668 2794 μετά
722 2722 924 2778 τούτου
974 2721 1309 2794 συνοίκησιν.
1371 2721 1523 2779 Ἐπεὶ
1583 2719 1640 2776 δὲ
1697 2719 1835 2775 κατά
1873 2719 1997 2796 ῥοῦν

343 2808 605 2886 ἐχώρησε
658 2811 841 2885 τούτῳ
914 2812 982 2868 τὰ
1036 2811 1354 2888 πράγματα,
1418 2812 1625 2885 κόσμον
1715 2809 1998 2886 βασιλικὸν

347 2903 713 2976 συμφορήσας
770 2900 1071 2974 ἀμύθητον,
1135 2899 1333 2974 τεμένη
1395 2921 1454 2956 τε
1511 2907 1618 2974 γῆς
1672 2897 2000 2973 εὐδαίμονος

345 2988 736 3064 πολύπλεθρα,
770 2994 967 3067 χυμῶν
1000 2988 1167 3056 ἰδέαις
1196 2990 1287 3046 καὶ
1334 2995 1560 3066 καρπῶν
1611 2988 1815 3059 πλήθει
1863 3010 1997 3045 παν-

336 3076 600 3136 τοδαπῶν
632 3076 1020 3156 περιϐρίοοντα
1074 3080 1359 3159 ἀφορίσας,
1412 3086 1681 3157 Θεοφανοῖ
1731 3085 1800 3156 τῇ
1833 3082 2001 3155 ὁμευ-

337 3167 510 3226 νὲτιδι
544 3169 635 3224 καὶ
693 3170 939 3246 βασιΛίδι
989 3171 1298 3247 χαρίζεται.
1355 3169 1532 3234 Αὐτὸς
1589 3168 1648 3226 δὶ
1704 3170 1848 3248 παρά
1897 3174 1997 3241 τὴν

348 3258 932 3317 Κωνσταντινούπολιν
962 3258 1337 3336 διαχειμάζων
1392 3264 1526 3334 (l7),
1584 3262 1790 3334 ἀγῶσιν
1840 3263 2000 3318 ἱππι-

341 3354 471 3410 κοῖς
501 3347 592 3403 καὶ
623 3346 995 3412 παντοδαποῖς
1050 3350 1325 3425 θεωρίοις,
1378 3349 1729 3429 φιλοτησίαις
1772 3372 1833 3406 τε
1883 3357 1998 3415 τοῖς

343 3439 768 3515 αύτονράτορσιν
821 3438 1174 3513 εἰθισμέναις,
1232 3441 1358 3502 τοὺς
1415 3440 1467 3496 ἐν
1523 3442 1671 3497 τὲλει
1729 3440 2000 3520 φιλοφρο-

342 3530 615 3603 νούμενος
649 3528 750 3584 ούκ
796 3529 945 3600 ἀνίη·
994 3528 1120 3585 ὅσον
1177 3549 1237 3585 τε
1288 3532 1672 3605 θεραπευτικὸν
1723 3531 1813 3586 καὶ
1860 3530 2001 3587 οίκί-

343 3615 464 3673 διον
514 3616 695 3692 τούτῳ
752 3619 1069 3689 παρείπετο,
1128 3619 1337 3691 ἐξήσκει
1421 3621 1492 3676 τὰ
1546 3620 1825 3694 πολεμικά
1878 3625 1996 3683 ταῖς

336 3708 460 3772 καθ’
491 3709 701 3781 ἡμέραν
739 3707 994 3781 μελίταις
1043 3709 1118 3772 ὡς
1182 3708 1441 3782 μάλιστα,
1495 3709 1649 3783 τόξον
1706 3730 1766 3765 τε
1812 3710 1997 3765 ἀνεπι-

348 3794 574 3874 σφαλῶς
597 3796 872 3867 ἐκτείνειν,
923 3798 1013 3853 καὶ
1067 3799 1159 3853 τὸν
1204 3798 1384 3853 ὀϊστὸν
1441 3800 1522 3872 τῷ
1584 3803 1742 3872 μαζῷ
1799 3798 1996 3874 ἐρύειν,

348 3885 629 3951 εὐστόχως
655 3907 715 3942 τε
748 3886 978 3962 βαλλειν
1029 3887 1167 3943 κατὰ
1222 3889 1444 3955 σκοπὸν,
1501 3889 1594 3943 καὶ
1634 3885 1836 3964 δόρατα
1868 3910 1998 3959 κρα-

345 3973 546 4031 δαίνειν
572 3977 663 4032 καὶ
690 3975 1056 4051 περιελίσσειν
1088 3979 1329 4041 εὐπετῶς
1386 3976 1521 4052 τῇδε
1575 3979 1809 4046 κάκεῖσε,
1870 3981 1995 4057 ξίφη

344 4085 405 4120 τε
435 4060 750 4129 εὐθυϐόλως
781 4067 918 4122 κατά
947 4066 1037 4122 τὸν
1067 4066 1196 4139 ἀὲρα
1223 4068 1618 4145 περιστρὲφειν,
1663 4069 1751 4124 καὶ
1810 4068 1996 4124 ἳππων

2122 665 2171 721 si
2196 667 2525 737 potentiam
2574 671 2980 742 consequitur.
3024 669 3449 725 Monachorum
3476 669 3659 735 igitur
3679 670 3781 724 ad-

2120 756 2552 813 monitionibus
2582 758 2923 821 obsecutus,
2946 759 3303 814 familiarem
3331 775 3399 813 ac
3429 766 3776 814 consuetam

2122 846 2253 901 vita)
2274 847 2568 903 rationem
2607 847 2680 903 ab
2714 866 2776 904 se
2837 849 3128 922 ablegavit
3158 867 3170 904 :
3224 849 3473 904 Romani
3504 866 3774 916 uxorem,

2123 943 2431 991 venustam
2456 937 2633 1008 plane
2666 938 2980 993 mulierem
3013 944 3072 994 et
3101 954 3311 1010 puram
3342 944 3547 1009 putam
3590 939 3776 995 Lacte—

2123 1042 2285 1090 nam.
2318 1027 2380 1081 iu
2410 1028 2860 1083 matrimonium
2891 1028 3078 1091 duxit.
3111 1045 3262 1099 aque
3313 1028 3582 1084 tenuiore
3616 1029 3771 1084 victu

2122 1115 2195 1172 ad
2227 1115 2544 1172 lautiorem
2567 1118 2668 1174 ὅθ
2691 1117 2974 1173 carnibus
2995 1134 3237 1173 vescens
3269 1116 3522 1173 transiit.
3551 1120 3772 1173 Rumor

2123 1210 2319 1261 autem
2350 1211 2495 1271 erat,
2522 1206 2681 1262 haud
2712 1206 3006 1279 legitimas
3037 1222 3188 1274 esse,
3222 1221 3524 1277 propeque
3551 1205 3770 1261 abhor-

2121 1312 2253 1351 rere
2283 1311 2318 1351 a
2348 1295 2576 1369 legibus
2597 1297 2860 1369 nuptias.
2884 1297 3023 1368 quia
3054 1297 3415 1368 Nicephorus
3446 1295 3768 1351 liberorum

2123 1386 2370 1441 Romani
2401 1385 2776 1457 imperatoris
2819 1403 2888 1442 ac
2948 1386 3403 1457 Theophanonis
3456 1402 3525 1441 ex
3555 1385 3773 1452 geniali

2120 1491 2275 1545 aqua
2307 1481 2617 1547 susceptor
2644 1476 2987 1531 exstitisset.
3022 1476 3131 1541 Qui
3181 1492 3384 1530 rumor
3412 1490 3626 1547 magna
3677 1490 3770 1529 ce-

2118 1563 2352 1619 leritate
2381 1581 2515 1620 cum
2540 1564 2609 1619 ad
2645 1564 2943 1637 Polyeucti
2978 1582 3284 1621 sacrorum
3313 1564 3574 1637 praafecti
3600 1580 3772 1619 aures

2119 1654 2503 1726 pervenisset.
2537 1654 2697 1709 omni
2732 1661 2949 1710 conatu
2982 1655 3323 1726 imperatori
3348 1671 3405 1709 m
3462 1670 3499 1709 δ.
3548 1654 3771 1709 sanctis

2119 1745 2302 1815 septis
2360 1760 2561 1799 arcere
2634 1744 3009 1799 conabatur:
3071 1761 3204 1799 cum
3254 1744 3412 1799 enim
3481 1744 3569 1798 vir
3616 1748 3770 1798 esset

2116 1832 2351 1888 ardenti
2426 1833 2624 1888 studio
2683 1833 2920 1889 colendi
3007 1834 3111 1889 Dei
3160 1834 3421 1904 plenus;
3484 1833 3770 1903 omnique

2113 1939 2331 1996 genere
2363 1923 2629 1978 scientia,
2660 1928 2839 1994 atque
2881 1923 3117 1978 virtutis
3168 1922 3531 1992 inaccessus,
3562 1938 3767 1993 repre-

2110 2010 2373 2068 hendere
2407 2011 2493 2066 vel
2513 2011 2812 2083 principes
2843 2027 2964 2066 non
2998 2011 3326 2066 verebatur.
3352 2016 3425 2064 At
3445 2009 3768 2080 imperator

2110 2106 2332 2167 tamen,
2364 2101 2581 2172 partim
2613 2100 2942 2171 deprecans
2985 2099 3405 2171 patriarcham,
3437 2098 3654 2169 partim
3688 2097 3763 2152 ad

2110 2189 2200 2245 sui
2233 2189 2641 2246 defensionem
2675 2190 2953 2258 efferens,
2986 2204 3104 2243 non
3159 2204 3288 2242 sese
3343 2192 3753 2258 susceptorem

2108 2278 2433 2335 liberorum
2446 2278 2904 2350 Theophanonis
2919 2280 3190 2350 Augustae
3205 2276 3611 2342 fuisse,verum
3635 2277 3767 2331 Bar-

2109 2369 2243 2425 dam
2265 2368 2605 2439 patrem.ita
2633 2367 2800 2423 ﬂexit
2824 2366 3090 2423 animum
3124 2365 3474 2438 patriarchae
3496 2365 3764 2436 penitus-

2111 2475 2227 2531 que
2257 2458 2547 2519 delinivit.
2581 2464 2645 2512 ut
2674 2457 2846 2513 laatus
2867 2457 3212 2531 conjugium
3246 2457 3375 2528 ejus
3401 2471 3536 2511 cum
3566 2456 3724 2510 Theo
3745 2485 3757 2494 -

2112 2550 2390 2623 phanone
2421 2551 2683 2621 Augusta
2712 2547 3093 2619 dispensarit.
3133 2547 3215 2602 lta
3243 2545 3420 2600 rebus
3449 2544 3523 2600 ad
3555 2544 3757 2599 volun-

2113 2646 2294 2695 tatem
2319 2653 2488 2692 suam
2520 2636 2866 2697 fluentibus.
2890 2643 3167 2691 ornatum
3195 2634 3643 2706 imperatorium
3676 2634 3766 2687 in-

2113 2728 2349 2783 finitum
2383 2742 2418 2781 a
2438 2742 2501 2781 se
2532 2730 2961 2784 coacervatum
2988 2726 3130 2780 item
3163 2724 3283 2793 agri
3309 2723 3490 2795 opimi
3518 2722 3764 2777 latifun—

2110 2817 2227 2877 dia.
2261 2832 2435 2871 succo
2456 2815 2616 2871 vario
2646 2814 3067 2886 fructuumque
3089 2815 3380 2884 cujusque
3411 2812 3570 2867 modi
3594 2811 3768 2882 c0pia

2109 2906 2313 2979 plena,
2367 2921 2403 2960 a
2449 2904 2684 2960 caeteris
2743 2904 3033 2975 sejugata.
3066 2900 3494 2972 Theophanoni
3527 2900 3765 2973 conjugi

2111 3005 2288 3068 atque
2312 3000 2586 3068 Augustas
2604 2994 2945 3066 donat.lpse
2960 2992 3474 3064 Constantinopoli
3496 2992 3768 3047 hiemans

2110 3086 2269 3143 ludis
2302 3084 2699 3157 equestribus.
2732 3084 3000 3139 omnium
3041 3098 3327 3156 generum
3385 3080 3762 3153 spectaculis,

2112 3173 2646 3249 largitionibusque
2703 3173 2777 3228 ab
2838 3170 3302 3245 imperatoribus
3359 3170 3489 3226 fieri
3547 3169 3760 3233 solitis,

2112 3270 2436 3339 potestates
2469 3278 2783 3319 munerare
2815 3279 2936 3318 non
2988 3260 3311 3316 intermisit
3344 3276 3356 3314 :
3390 3275 3762 3331 quacunque

2112 3371 2248 3411 vero
2305 3370 2442 3409 eum
2491 3352 2898 3424 sequebantur
2945 3352 3006 3406 in
3059 3349 3364 3421 obsequiis
3419 3349 3761 3405 domesticae

2109 3445 2432 3515 copiaeas
2463 3441 2537 3498 ad
2562 3458 2659 3497 res
2682 3440 2929 3496 bellicas
2958 3439 3307 3512 quotidiana
3338 3436 3760 3494 exercitatione

2108 3549 2287 3606 quam
2320 3530 2578 3587 maxime
2608 3528 3057 3592 assuefaciebat.
3104 3545 3309 3584 aruum
3360 3532 3521 3583 recte
3564 3526 3763 3581 inten-

2107 3624 2269 3685 dere.
2294 3621 2506 3694 sagitta
2533 3620 2610 3675 ad
2642 3635 2963 3674 mammam
2986 3618 3244 3674 adducta
3272 3617 3619 3677 collineare.
3655 3616 3749 3672 5|

2111 3711 2340 3784 spicula
2364 3708 2593 3764 vibrare
2617 3714 2672 3763 et
2707 3714 3101 3779 contorquere
3153 3705 3424 3778 expedite
3456 3706 3571 3760 huc
3594 3703 3759 3771 illuc,

2108 3802 2336 3873 gladios
2367 3801 2593 3856 directo
2626 3800 2747 3854 ictu
2799 3814 2905 3870 per
2961 3815 3160 3854 aerem
3220 3804 3437 3863 rotare,
3471 3797 3533 3850 in
3574 3811 3760 3865 equos

2108 3892 2316 3948 leviter
2336 3891 2566 3947 insilire
2592 3908 2606 3945 :
2629 3907 2705 3945 ne
2736 3895 3003 3961 tempore
3024 3889 3418 3945 certaminum
3448 3885 3763 3942 inferiores

2108 3981 2380 4037 hostibus
2438 3980 2886 4052 reperirentur;
2946 3980 3280 4050 praesertim
3337 3976 3495 4048 quod
3552 3975 3761 4046 primas

2109 4071 2445 4144 periculum
2479 4068 2706 4143 ingredi
2748 4084 2815 4123 ac
2843 4069 3045 4124 venire
3079 4069 3140 4124 in
3187 4068 3379 4124 aciem
3437 4065 3759 4122 debebant.

348 4155 572 4233 κούφως
612 4153 1036 4232 ὑπεράλλεσθαι·
1072 4156 1147 4217 ὡς
1172 4154 1224 4210 ἐν
1251 4161 1427 4232 καιρῷ
1462 4161 1570 4212 τῶν
1603 4159 1828 4234 ἀγώνων
1859 4161 1936 4233 μή
1970 4160 2218 4238 φαίνοιτο
2246 4163 2352 4214 τῶν
2387 4157 2636 4213 ἐναντίων
2662 4159 3028 4229 μειονεκτοῦν’
3079 4155 3168 4211 καὶ
3238 4152 3476 4227 μάλιστα
3532 4172 3765 4226 προκιν»

343 4243 583 4301 δυνεὺειν
606 4244 831 4320 ὀφεῖλον
856 4246 944 4301 καὶ
977 4245 1411 4321 παρατάττεσθαι
1442 4249 1581 4303 κατά
1609 4245 1883 4326 φάλαγγα.

415 4336 467 4393 ι’.
500 4338 613 4409 (18)
644 4334 799 4394 Ἐπεὶ
831 4338 940 4411 (19)
967 4333 1025 4391 δὲ
1077 4337 1179 4405 τήν
1234 4340 1332 4391 τοῦ
1391 4340 1672 4413 χειμῶνος
1701 4340 1998 4416 κατήφειαν

2185 4342 2271 4397 10.
2306 4341 2626 4410 Postquam
2661 4338 2891 4395 tristem
2922 4335 3137 4392 hiemis
3164 4334 3377 4390 faciem
3408 4348 3589 4388 verna
3609 4337 3761 4386 tem-

1557 4507 1619 4563 G.
1664 4509 1724 4563 Β.
1759 4508 1947 4564 HASII
1983 4507 2538 4564 ANNOTATIONES.

405 4666 428 4700 ⁸
450 4657 845 4736 ἑπειλιμμέναν
877 4661 1009 4735 (sic)
1040 4659 1171 4718 cod.
1203 4659 1225 4695 ⁸
1251 4659 1552 4736 ἀπτερώτῳ
1578 4656 1760 4733 τάχει.
1795 4657 1925 4714 Vid.
1960 4658 1997 4715 il

2113 4700 2120 4714 .
2149 4661 2237 4715 59.
2266 4658 2328 4714 Β.

409 4809 715 4895 (15)ᾼρῠά
772 4811 1019 4895 Gedren.
1072 4810 1142 4868 ΙΙ.
1188 4812 1322 4895 Δ649.
1466 4804 1744 4895 ἐνεδέχετο
1801 4804 1860 4863 Si
1898 4806 1990 4895 καὶ

2113 4808 2192 4895 καὶ
2224 4806 2576 4895 ἀπόκρυμνον
2631 4804 3138 4895 [ίδνάπόκρημγλξ
3169 4797 3328 4892 πεϐρὶ
3377 4802 3506 4893 τοὺς
3546 4801 3757 4895 λίππρφς

335 4871 516 4959 λόγος’
535 4871 870 4957 ἆτὶαντοιχοῦ·
905 4899 1113 4959 vereor
1142 4887 1230 4959 ut.
1256 4887 1435 4959 recte.
1469 4871 1719 4959 §_cy_litz_a
1749 4896 1862 4959 ms.
1882 4881 1989 4959 ‘(in

335 4947 517 5047 Co:dd_.
552 4963 712 5044 certe
734 4947 882 5041 quqs
916 4955 1052 5042 νξάἰι
1088 4971 1100 5008 :
1134 4950 1232 5047 ,καῖ
1256 4947 1748 5047 Ιλόγοςλδίῑζξιεφοίτα
1878 4947 1988 5006 δὶε.

338 5029 516 5107 φοίται
552 5030 626 5084 ἀπ
680 5026 801 5084 non
833 5026 1103 5081 ὂιεόἐτοτο
1134 5026 1288 5096 [sic].
1322 5026 1480 5151 quod
1512 5026 1760 5080 affertur
1803 5026 1864 5080 in
1888 5042 1993 5080 ora

338 5102 616 5158 editionis
647 5099 1050 5155 Cedrenianaa.
1076 5098 1258 5153 Paulo
1281 5098 1342 5152 in
1372 5098 1719 5169 erius_apud
1738 5095 1989 5152 Cedren.

341 5176 461 5229 649.
498 5174 543 5230 D
601 5171 707 5227 lin.
739 5173 793 5226 9.
826 5186 930 5242 pro
955 5168 1501 5242 ivopiztoi'wtaACOdd.
1531 5165 1919 5242 ἐπιορκοῦντα.

404 5247 520 5311 (16)
577 5240 917 5299 Praesertim
976 5240 1240 5313 Styliano
1292 5240 1593 5313 jurante,_
1627 5240 1863 5296 nullum
1920 5256 1992 5295 ex

336 5310 1120 5388 Theophanonisliberis'a
1171 5312 1501 5388 Nice_ph_oro
1562 5310 1634 5367 de
1695 5312 1991 5388 baptismo

336 5404 464 5445 esse
495 5383 862 5458 susceptum.
897 5393 961 5439 ut
989 5383 1258 5458 referunt
1284 5383 1588 5458 Cedrenus
1647 5388 1705 5458 et
1756 5384 1986 5458 Glycas.

336 5460 506 5551 ιξρυςί
540 5451 718 5551 quem
750 5460 879 5551 3960
913 5454 1289 5551 B.‘}1)ostjtov'
1311 5451 1606 5508 Στυλιανόν
1665 5451 1847 5512 Codd;
1881 5454 1985 5510 ad-

338 5524 510 5596 ᾱὰιιι,
546 5524 679 5585 ὗπὲο
709 5531 806 5581 τοῦ
850 5524 1119 5602 βασιλέως
1152 5524 1440 5602 ὀμνύοντα.

404 5607 516 5671 (t‘l)
556 5596 869 5658 Victoriam
915 5601 1125 5657 Joanu.
1178 5599 1476 5655 Tzimiscm
1532 5614 1568 5653 a
1616 5596 1884 5671 Cedreno
1914 5597 1985 5651 II.

339 5667 462 5730 6534.
502 5667 569 5729 Β.
603 5673 967 5729 celebratam
990 5672 1051 5727 in
1085 5671 1229 5725 anni
1286 5672 1410 5726 963.
1471 5676 1781 5735 autumno,
1835 5667 1988 5722 hanc

333 5747 595 5803 hiemem
628 5743 1009 5817 prmcedenti,
1040 5742 1328 5817 accidisse
1359 5740 1985 5817 credendum‘estAQuo

337 5817 402 5879 in
428 5817 560 5877 loco
588 5804 841 5875 Cedreni
867 5804 1006 5889 post
1026 5813 1221 5887 verba,
1253 5812 1331 5876 ε’ἰς
1362 5832 1485 5868 τινα
1516 5811 1686 5892 λόφον
1719 5804 1985 5866 δύσϐατον

2103 4881 2166 4954 [ἲ.
2194 4884 2290 4935 τοῦ
2318 4871 2518 4954 ῖππὸυ]
2551 4871 2903 4954 ἀποϐάντεςς
2930 4871 3020 4931 καὶ
3071 4871 3141 4949 τῇ
3175 4880 3297 4954 ,τού
3339 4872 3513 4932 τόπου
3544 4876 3754 4954 θαρῥή-

2101 4932 2303 5013 σαντες.
2332 4932 2529 5008 insere
2558 4968 2627 5006 ex
2662 4932 3019 5007 auctoritate
3077 4932 3258 5006 Codd.
3318 4967 3525 5006 vocem
3579 4932 3757 5003 εύὶιαί-

2102 5024 2210 5100 ρίᾳ,
2252 5042 2450 5100 quam
2499 5024 2732 5096 vulgata
2782 5023 2964 5100 habet
3025 5023 3089 5079 in
3148 5024 3438 5097 margine,
3500 5039 3753 5094 quaeque

2101 5095 2348 5178 δωηὲιίρ
2378 5096 2586 5178 abesse
2610 5095 2855 5178 sese“:

2101 5170 2281 5295 Ix088)
2316 5167 2559 5223 Initium
2607 5165 2819 5239 capitis
2849 5166 2898 5223 X
2933 5165 3324 5222 Combetlsius
3372 5165 3565 5233 vertit,
3609 5165 3745 5234 Pagi

2168 5312 2282 5377 (19)
2315 5311 2535 5382 Nempe
2567 5310 2885 5366 solstitium
2932 5309 3197 5365 aestivum
3224 5307 3521 5382 διττή-964.
3560 5321 3601 5382 _a
3631 5320 3748 5375 quo

2098 5399 2217 5437 non
2250 5376 3119 5437 multumdissontit(;edrenus
3141 5383 3205 5435 ll.
3232 5381 3337 5433 656
3380 5379 3437 5431 Β.
3459 5376 3745 5442 scribens,

2097 5471 2303 5532 mense
2331 5454 3071 5532 Julio_Nicepho_rum_l_ianc
3093 5450 3530 5532 eirpcditiouem
3555 5464 3750 5532 susce-

2098 5526 2275 5597 pisse.
2332 5525 2497 5595 Apud
2558 5519 3048 5595 Abulpharajium
3112 5519 3369 5597 Historia
3421 5519 3745 5597 dynastiar.

2096 5591 2133 5668 ᾖ
2189 5597 2311 5650 313.
2347 5591 2417 5652 ea
2438 5597 2641 5651 omnia
2668 5591 2742 5651 ad
2773 5613 2826 5651 a.
2866 5591 3087 5667 llegiraa
3117 5597 3241 5656 35l,
3276 5594 3387 5646 hoc
3419 5598 3508 5645 est
3526 5591 3742 5668 Christi

2096 5662 2219 5733 962,
2273 5668 2657 5722 referuntur:
2694 5662 3029 5738 perperam,
3075 5680 3331 5736 Op'llOI‘I
3394 5678 3593 5715 errore
3656 5662 3744 5716 vel

2095 5739 2353 5795 auctoris
2383 5745 2469 5796 vel
2505 5739 2904 5795 librariorum.
