4128 6430
325 422 447 485 ’735

1770 416 2051 479 LEONIS
2106 416 2415 479 DIACONI

3621 420 3743 480 736

333 561 533 629 pestas
555 555 614 610 in
637 570 906 610 serenam
933 558 1262 609 mutaverat
1275 549 1738 624 jucunditatem,
1756 550 1979 606 indicta

2099 545 2300 622 ἒαριναὶ
2358 551 2561 626 τροπαὶ
2627 551 2651 586 ⁸
2705 549 2842 624 πρὸς
2918 548 3265 626 γαληνιῶσαν
3349 549 3745 625 μετεσκεύαζον

335 647 613 702 adversus
661 645 982 699 Saracenos
1032 643 1405 715 expeditione
1465 641 1979 712 ConstantinOpoli

332 736 770 809 proficiscitur:
803 740 1187 805 moratusque
1247 735 1307 788 in
1363 732 1749 804 Cappadocia,
1802 732 1983 802 justis

332 822 597 878 collectis
628 821 815 893 copiis
854 821 927 876 ad
957 823 1311 877 Tarsensem
1340 820 1550 875 urbem
1604 819 1867 883 accessit,
1899 818 1980 873 cio

331 911 488 966 vium
521 928 655 965 cum
687 911 923 978 virtute,
951 915 1075 965 tum
1095 926 1365 975 numero,
1404 915 1524 965 tum
1557 926 1669 964 usu
1700 908 1787 963 rei
1818 907 1986 962 belli-

330 1016 412 1055 cm
442 1000 829 1054 ferocientem
860 1014 930 1053 ea
957 1003 1327 1069 tempestate,
1364 997 1739 1068 nimiumque
1766 1011 1983 1067 super~

331 1088 1032 1160 bicntem,plurimasque
1046 1088 1241 1159 palam
1261 1087 1638 1142 incursiones
1654 1087 1984 1158 insperatas

332 1178 669 1234 facientem.
703 1180 783 1232 Eo
816 1194 949 1233 cum
982 1177 1367 1249 pervenisset,
1392 1177 1696 1248 probeque
1727 1191 1984 1231 commu-

333 1269 475 1324 nitis
497 1267 706 1323 castris
728 1266 1014 1339 oppidum
1037 1266 1324 1322 cinxisset
1349 1266 1634 1321 custodiis
1656 1265 1865 1337 positis
1881 1264 1981 1319 ob-

334 1358 505 1413 sidet.
550 1356 825 1411 Saraceni
898 1357 958 1411 in
1036 1356 1274 1427 appido,
1344 1356 1515 1427 copia
1584 1354 1984 1410 necessariam

336 1464 541 1503 rerum
592 1452 731 1500 tunc
779 1444 1003 1511 referti,
1060 1445 1380 1516 oppidique
1431 1443 1796 1499 ﬁrmitudine
1848 1442 1982 1497 freti

332 1536 497 1607 (nam
527 1534 588 1588 in
620 1532 917 1589 inﬁnitam
962 1534 1360 1589 excelsitatem
1396 1532 1673 1605 surgebat
1699 1532 1983 1587 mmnium

338 1631 656 1692 structura,
688 1625 924 1698 gemino
960 1624 1101 1679 orbe
1148 1625 1664 1696 circumjectorum
1693 1640 1706 1679 :
1741 1628 1985 1694 eratque

340 1716 483 1770 item
529 1715 753 1769 circino
807 1714 1231 1779 circumducta,
1265 1714 1324 1768 in
1378 1714 1757 1769 altitudinem
1803 1728 1983 1784 quam

342 1804 662 1876 plurimam
696 1803 1420 1875 depressa,lapidibusque
1449 1802 1849 1859 albicantibus
1879 1818 1986 1873 po-

2097 638 2420 714 ἱΑαρότητα,
2465 640 2810 715 ἐκστρατείαν
2859 639 2995 695 κατά
3050 644 3157 694 τῶν
3220 642 3536 716 Ἀγαρηνῶν
3593 659 3744 715 παρ-

2093 724 2379 801 αγγείλας,
2426 733 2524 784 τοῦ
2584 729 2884 798 Βυζαντίου
2934 728 3150 804 ἀπαίρει
3207 732 3246 766 τ’
3306 730 3396 784 καὶ
3453 732 3522 802 τῇ
3582 735 3742 784 Καπ-

2092 814 2346 871 παδοκῶν
2375 816 2795 890 ἐναυλιζόμενος
2840 819 2999 893 χώρᾳ
3045 820 3132 872 καὶ
3183 819 3434 891 στρατιὰν
3494 816 3740 873 συνειλοο

2092 908 2213 979 χώς
2273 906 2604 984 ἀξιόμαχον,
2662 907 2750 963 ἐπὶ
2815 909 2913 975 τήν
2986 912 3096 962 τῶν
3178 907 3431 981 Ταρσέων
3492 907 3745 977 ἤλαυνεν,

2094 992 2304 1066 ἀνδρῶν
2342 996 2506 1071 ἀρετῇ
2539 996 2627 1052 καὶ
2658 994 2861 1066 πλήθει
2918 997 3005 1052 καὶ
3068 996 3277 1073 μελέτῃ
3336 1002 3445 1052 τῶν
3477 1000 3745 1052 τακτικῶν

2090 1084 2488 1161 τραχηλιῶσαν
2519 1087 2643 1142 τότε
2692 1086 2786 1141 καὶ
2837 1085 3252 1159 νεανιευομὲνην
3318 1087 3622 1161 ὑπέραυχα,
3654 1086 3747 1141 καὶ

2092 1171 2351 1235 πλείστας
2383 1173 2681 1252 ἀναφανδὸν
2743 1174 3014 1251 ἐκδρομὰς
3090 1176 3448 1233 ἀνελπίστους
3488 1175 3747 1248 είσπριίτ⁹

2089 1286 2309 1322 τουσαν.
2344 1266 2496 1322 Ἐπεὶ
2529 1265 2586 1321 δὲ
2614 1267 2784 1340 ταύτῃ
2825 1267 3123 1341 προσέσχε,
3180 1268 3439 1341 καρτερὸν
3498 1265 3746 1337 πηξάμε-

2092 1374 2184 1410 νος
2212 1354 2428 1427 χάρακα
2484 1355 2573 1409 καὶ
2635 1352 2895 1409 κυκλόθεν
2953 1350 3255 1431 διειληφὼς
3299 1358 3437 1424 (20),
3493 1352 3748 1429 ἐφρούρει

2094 1445 2569 1518 παρακαθήμενος.
2624 1445 2692 1501 Οἱ
2751 1442 2809 1499 δὲ
2891 1438 3042 1498 ἔνδον
3096 1443 3411 1519 Ἀγαρηνοὶ,
3493 1440 3754 1515 δαψιλείᾳ

2091 1533 2227 1594 τὲως
2255 1537 2363 1588 τῶν
2409 1533 2709 1607 ἀναγκαίων
2766 1530 2916 1595 ὄντες
2977 1535 3318 1609 ὗπερκορεῖς,
3377 1533 3466 1589 καὶ
3524 1535 3593 1605 τῇ
3653 1537 3753 1588 τοῦ

2092 1621 2435 1695 πολίσματος
2473 1622 2868 1699 τεοαρῥηκότες
2928 1620 3259 1696 ἐρυμνότητι
3308 1622 3385 1694 (ἐς
3444 1622 3579 1696 ’ὐψος
3644 1623 3750 1697 γάρ

2093 1708 2387 1784 ἀμήχανον
2419 1709 2658 1784 ᾐωρεῖτο
2687 1714 2795 1763 τῶν
2824 1705 3137 1783 περιϐόλων
3160 1710 3225 1765 τὸ
3283 1708 3535 1782 δόμημα,
3573 1707 3749 1781 διπλῇ

2092 1797 2550 1873 περιελισσόντων
2604 1798 2757 1853 αὐτόο
2825 1798 2917 1853 καὶ
2973 1798 3201 1875 ταφρείᾳ
3282 1797 3545 1862 κυκλόθεν
3607 1796 3752 1853 διεί-

343 1894 465 1947 litis
514 1893 741 1956 vestita,
800 1898 858 1946 et
904 1892 1105 1963 pinnis
1165 1893 1483 1948 terminata
1538 1893 1717 1948 fossa.
1780 1893 1982 1961 Neque

2099 1887 2301 1958 ληπτο,
2334 1888 2389 1953 ἐς
2423 1888 2588 1964 βάθος
2630 1888 2713 1943 ὅτι
2778 1887 3037 1944 πλεῖστον
3094 1890 3521 1964 καθικνουμὲνῃ,
3580 1886 3752 1953 λίθων

339 1982 541 2037 minus
580 1981 836 2036 habebat
863 1980 1131 2053 Cydnum
1155 1998 1260 2053 pro
1292 1983 1685 2051 munimento,
1719 1980 1986 2036 medium

338 2072 621 2143 oppidum
667 2072 1127 2126 intersecantem
1153 2088 1166 2125 :
1191 2072 1313 2143 qui,
1348 2072 1420 2127 ab
1454 2072 1582 2143 ipso
1626 2072 1788 2127 fonte
1817 2070 1989 2137 uber,

341 2161 571 2233 gelidus
602 2165 660 2214 et
686 2159 1029 2231 perlucidus
1059 2176 1312 2216 manans
1349 2161 1611 2233 proﬂuit,
1645 2159 1988 2233 praesidium

344 2247 500 2302 haud
530 2263 771 2318 parvum
819 2248 996 2301 Tarso
1026 2248 1323 2318 pra-hens,
1355 2248 1757 2319 pontibusque
1803 2248 1992 2303 tribus

343 2337 500 2392 intra
528 2337 629 2393 52
642 2336 925 2408 oppidum
938 2336 1240 2407 jungitur:
1257 2337 1413 2391 bello
1426 2344 1623 2393 autem
1639 2338 1991 2393 imminente

342 2424 404 2479 in
433 2425 654 2478 fossam
685 2422 856 2478 illum
890 2424 1243 2488 immittunt,
1274 2440 1454 2494 quam
1485 2424 1645 2479 hora:
1666 2424 1842 2480 unius
1866 2440 1994 2496 spa-

339 2514 421 2568 tio
454 2520 895 2585 restagnantem
933 2512 1185 2581 reddit):
1218 2512 1310 2568 his
1358 2513 1538 2585 igitur
1582 2513 1717 2568 freti
1757 2512 1991 2569 barbari

342 2607 761 2677 imperatorem
791 2605 1261 2672 subsannabant,
1304 2607 1587 2662 conviciis
1617 2607 1996 2679 impudenter

340 2693 400 2748 in
433 2709 566 2747 eum
594 2693 796 2764 jactis,
830 2693 1167 2764 saepiusque
1185 2693 1330 2748 urbe
1352 2695 1546 2761 eﬂ‘usi,
1568 2695 1723 2750 facta
1744 2696 1993 2767 impres-

340 2782 528 2846 sione.
551 2784 951 2838 Romanorum
984 2783 1275 2853 plurimos
1306 2783 1702 2839 trucidabant.
1730 2786 2000 2855 Impera-

345 2877 440 2926 tor
472 2872 857 2943 Nicephorus,
892 2872 1036 2926 satis
1068 2872 1243 2944 longo
1280 2877 1546 2943 tempore
1585 2873 1665 2928 ibi
1698 2873 1988 2940 confecto,

337 2960 441 3015 ubi
477 2960 776 3033 negotium
809 2960 977 3016 valde
1023 2961 1275 3016 arduum
1307 2962 1641 3033 suscepisse
1685 2979 1747 3017 se
1778 2979 1995 3036 cogno-

336 3051 586 3117 vit,inde
608 3068 849 3106 movens
872 3051 1091 3107 reﬂexo
1112 3052 1324 3108 itinere
1343 3053 1795 3125 circumpositas
1815 3055 1992 3110 Tarso

337 3157 505 3196 arces
536 3141 895 3212 aggreditur.
921 3141 1310 3213 Adanamque
1342 3148 1400 3197 et
1429 3142 1820 3207 Anabarzam,
1850 3144 1994 3199 alia-

337 3245 452 3301 que
482 3246 662 3301 supra
697 3230 902 3301 viginti
935 3232 1227 3303 ejusmodi
1262 3231 1510 3287 castella
1546 3232 1738 3303 primo
1768 3232 1992 3304 impetu

2100 1975 2311 2032 λευκῶν
2338 1979 2806 2053 κατεαευασμένῃ
2867 1979 3182 2051 ξεστῶν,καὶ
3236 1978 3287 2039 ἐς
3341 1982 3752 2053 προμαχεῶνας

2100 2070 2601 2142 συμπεραινομένῃ.
2636 2069 2719 2143 [Ρ.
2754 2070 2843 2142 32]
2875 2070 3014 2144 Εἶχε
3049 2068 3143 2141 μὲν
3202 2066 3293 2122 καὶ
3344 2068 3437 2123 τὸν
3497 2064 3700 2124 Κύδνον
3738 2069 3759 2103 ⁸

2099 2157 2162 2212 τὸ
2245 2154 2440 2231 ἔρυμα,
2499 2156 2634 2213 κατά
2724 2157 2885 2230 μέσον
2963 2157 3095 2213 αὐτὸ
3147 2155 3525 2228 διατέμνοντα,
3581 2155 3640 2218 ὅς
3699 2156 3752 2227 ἐξ

2100 2244 2282 2299 αὐτῶν
2307 2248 2417 2298 τῶν
2451 2249 2645 2319 πηγῶν
2701 2244 3077 2320 πολυχεύμων
3133 2266 3235 2312 τις,
3278 2244 3494 2319 ψυχρός
3550 2265 3609 2299 τε
3664 2246 3756 2299 καὶ

2102 2329 2309 2401 διειδὴς
2365 2335 2631 2404 περινάων
2691 2336 2803 2407 (21)
2864 2329 3131 2410 πρόεισιν,
3183 2334 3479 2410 ἀσφάλειαν
3545 2335 3614 2389 οὐ
3664 2355 3759 2407 μι-

2099 2423 2231 2497 κρὰν
2260 2426 2329 2495 τῇ
2380 2425 2579 2496 Ταρσῷ
2636 2424 3041 2497 παρεχόμενος,
3099 2423 3189 2478 καὶ
3246 2423 3509 2500 γεφύραις
3579 2424 3755 2496 τρισὶν

2102 2506 2253 2565 ἔνδον
2312 2516 2411 2566 τοῦ
2464 2512 2653 2574 ἄστεος
2712 2508 3160 2585 διαζωννύμενος·
3251 2512 3341 2567 ὅτε
3399 2508 3456 2566 δὲ
3509 2511 3757 2585 πόλεμος

2102 2598 2289 2661 αὐτοῖς
2322 2594 2587 2674 ἐπιϐρίθει
2646 2603 2687 2669 ³,
2744 2600 2881 2656 κατά
2936 2608 3034 2669 τῆς
3091 2602 3298 2677 τάφρου
3356 2600 3515 2655 αὐτὸν
3570 2601 3758 2677 ἀφιᾶσι

2100 2688 2190 2744 καὶ
2250 2687 2301 2743 ἐν
2361 2688 2478 2762 ὥρᾳ
2539 2694 2637 2762 μιᾷ
2691 2692 3138 2765 πΛημμυροῦσαν
3169 2689 3374 2759 ταύτην
3426 2688 3754 2764 ἐργάζεται)·

2100 2788 2316 2850 τούτοις
2344 2787 2740 2863 τεθαρρηκότες
2801 2791 2852 2843 οἱ
2911 2784 3179 2865 βάρϐαροι
3245 2788 3515 2857 ἐτώθαζὸν
3573 2810 3633 2844 τε
3660 2790 3751 2844 τὸν

2109 2877 2340 2954 βασιλέα
2366 2878 2456 2933 καὶ
2484 2874 2703 2951 ὕϐρεσιν
2731 2879 2892 2935 αύτὸν
2932 2876 3105 2941 ἀδεῶς
3160 2874 3423 2949 ἔϐαλλον,
3482 2876 3753 2951 ἐκδιεομάς

2101 2988 2161 3023 τε
2191 2967 2281 3022 καὶ
2345 2966 2685 3038 ἑπεξελάσεις
2744 2968 3070 3041 ποιούμενοι
3124 2968 3420 3031 πλείστους
3475 2974 3583 3024 τῶν
3615 2969 3755 3026 Ῥω-

2109 3056 2280 3130 μαίων
2314 3057 2666 3111 ἀπεκτίννυον
2703 3060 2767 3112 ίο.
2827 3057 2889 3115 Ὁ
2939 3057 2997 3112 δὲ
3054 3056 3406 3132 αὐτοκράτωρ
3446 3057 3759 3135 Νικηφόρος

2107 3145 2189 3223 ἐφ’
2244 3146 2426 3201 ἱκανὸν
2476 3146 2645 3221 ταύτῃ
2706 3146 2904 3222 χρόνον
2987 3144 3447 3222 προσδιατρίψας,
3535 3147 3755 3223 ἐπείπερ

2107 3234 2396 3305 ἀνηνύτοις
2456 3235 2751 3310 ἐπιχειρῶν
2781 3234 3001 3312 ᾔσθετο,
3057 3236 3256 3300 ἐκεῖθεν
3319 3237 3650 3308 μεταναστὰς
3703 3256 3761 3290 τε

336 3319 510 3389 cepit.
545 3318 687 3373 Inde
710 3320 1129 3390 Mopsuestiam
1152 3336 1464 3392 aggressus
1492 3337 1718 3376 corona
1745 3321 1987 3377 circum-

2198 3294 2208 3305 .
2383 3294 2391 3297 γ
2553 3294 2591 3310 η,
2644 3294 2652 3310 .
2793 3294 2817 3312 ,.
2991 3294 2999 3303 .
3178 3294 3195 3300 -
3319 3294 3329 3308 ,
3637 3294 3647 3299 ,

2107 3322 2195 3378 καὶ
2253 3323 2649 3399 παρεγκλίνας,
2702 3330 2820 3386 τοῖς
2880 3324 3055 3401 ἔγγιον
3134 3323 3270 3397 αὐτῇ
3330 3326 3763 3396 κατῳκισμένοις

340 3408 480 3463 data
526 3408 757 3463 lortiter
798 3416 1121 3480 oppugnat,
1172 3410 1604 3480 tormentisque
1664 3411 1995 3467 missilibus

335 3495 602 3567 undique
626 3497 1093 3569 petit.0ppidani
1125 3503 1185 3553 et
1204 3498 1316 3569 ipsi
1346 3503 1584 3554 strenue
1605 3499 1995 3568 resistebant;

336 3588 523 3661 ignita
567 3589 684 3644 tela
727 3594 784 3643 et
813 3604 1089 3645 saxorum
1138 3588 1406 3661 pondera
1435 3589 1495 3643 in
1528 3591 1825 3645 Romanos
1853 3591 1993 3646 mit-

329 3682 551 3745 tentes,
581 3679 868 3749 omnique
900 3683 1117 3734 conatu
1141 3694 1211 3733 ex
1242 3679 1504 3734 turribus
1570 3680 1706 3735 illos
1736 3680 1987 3752 propul-

330 3772 550 3821 santes.

2105 3409 2446 3489 προσϐάλλει
2509 3413 2814 3488 φρουρίοις,
2870 3414 2961 3468 καὶ
3018 3411 3245 3471 Ἀδαναν
3336 3413 3432 3485 μὶν
3512 3414 3603 3467 καὶ
3659 3414 3760 3481 τήν

2107 3498 2466 3575 Ἀνάϐαρζαν,
2510 3502 2599 3557 καὶ
2656 3499 2805 3557 ἄλλα
2858 3503 2990 3577 ὑπὲρ
3048 3502 3117 3557 τά
3174 3500 3343 3557 εἴκοσι
3398 3500 3631 3578 φρούρια
3682 3500 3765 3554 αἱ·

2103 3596 2186 3666 ρεῖ
2242 3586 2517 3649 αύτοϐοεί.
2581 3588 2818 3647 Κάπειτα
2905 3590 3256 3665 Μοψουεστίᾳ
3318 3584 3649 3666 προσϐαλών
3705 3607 3765 3642 τε

2097 3678 2188 3735 καὶ
2218 3678 2669 3753 κυκλωσάμενος,
2700 3678 2953 3753 ὶκθύμως
2982 3677 3321 3755 ἐπολιόρκει,
3379 3684 3496 3742 ταῖς
3553 3679 3752 3755 ἀφετη.

2098 3769 2237 3846 ρίοις
2296 3770 2569 3843 μηχαναῖς
2625 3769 2935 3843 δκασταχοῦ
2992 3764 3511 3844 ἀκροϐολιζόμενος.
3570 3769 3639 3825 Οἱ
3700 3764 3758 3822 δὲ

324 3849 476 3907 ἔνδον
506 3853 597 3908 καὶ
628 3854 785 3909 αὐτοὶ
814 3854 1075 3927 γενναίως
1102 3856 1577 3925 ἀντικαθίσταντο,
1611 3858 1864 3934 πυρφόρα
1885 3878 1945 3913 τε
1976 3857 2113 3935 βὲλη
2144 3858 2234 3914 καὶ
2271 3860 2414 3933 βάρη
2451 3859 2622 3914 λίθων
2647 3858 2786 3915 κατὰ
2801 3863 2910 3914 τῶν
2942 3858 3229 3931 Ῥωμαίων
3293 3858 3612 3933 βάλλοντες,
3643 3856 3734 3913 καὶ

333 3942 485 3996 παντὶ
517 3943 689 3997 σθένει
715 3941 775 3997 ἐκ
802 3947 911 3998 τῶν
943 3943 1169 4019 πύργων
1202 3942 1399 4008 αὐτοὺς
1429 3945 1786 4018 ἀμυνόμενοι.

407 4061 918 4131 ll.Imperator,ut
932 4068 1060 4117 erat
1078 4067 1388 4133 promptus
1406 4068 1464 4117 et
1484 4064 1776 4120 mirabilis
1798 4066 1858 4120 in
1881 4083 1976 4121 re-

335 4150 548 4205 mediis
566 4151 1077 4207 incommodorum
1094 4153 1739 4223 inveniendis,circuito
1759 4156 1989 4228 inspec-

338 4245 513 4311 toque
536 4240 812 4312 loco,qua
831 4249 956 4298 erat
977 4250 1399 4314 opportunum,
1428 4251 1599 4300 nocte
1632 4245 1990 4317 intempesta

334 4328 608 4384 homines
631 4329 706 4385 ad
732 4337 923 4387 turres
947 4332 1231 4387 adductos
1248 4349 1485 4387 murum
1505 4333 1862 4405 pedetentim
1885 4351 1983 4390 su-

333 4416 753 4490 bruerejubet,
773 4437 805 4475 a
838 4421 965 4491 ripa
989 4422 1222 4492 Pyrami
1256 4422 1449 4477 amnis
1472 4422 1550 4476 ibi
1579 4428 1985 4493 praeterﬂuen-

2175 4070 2262 4121 ια’.
2293 4065 2357 4119 Ὀ
2388 4061 2445 4117 δὲ
2479 4061 2759 4139 βασιλεὺς,
2818 4060 3149 4138 δραστήριός
3204 4082 3263 4116 τε
3321 4060 3394 4116 ὢν
3449 4063 3541 4116 καὶ
3576 4059 3753 4122 δεινὸς

2101 4153 2152 4209 ἐν
2204 4152 2519 4228 ἀμηχάνοις
2574 4151 2902 4225 πορίσασθαι
2968 4153 3248 4226 μηχανήν,
3303 4149 3605 4225 περιελθὼν
3664 4150 3755 4206 καὶ

2096 4243 2645 4316 καταστοχασάμενος
2673 4241 2763 4296 τὸν
2824 4245 3032 4317 χῶρον,
3090 4241 3228 4317 ᾗπερ
3280 4241 3345 4311 ἦν
3400 4241 3754 4315 εὐεπιχείρηι

2098 4352 2213 4393 τον,
2245 4334 2354 4385 τῶν
2388 4329 2608 4406 πύργων
2640 4333 2974 4408 παραγαγὼν
3037 4329 3231 4405 ἃνδρας
3289 4331 3428 4405 ἀωρὶ
3481 4335 3590 4385 τῶν
3648 4351 3748 4383 νυ-

2097 4424 2242 4473 κτῶν
2267 4419 2575 4493 ἀνορύττειν
2606 4420 2787 4493 ἠρέμα
2846 4418 3244 4489 ἐνεκελεύσατο,
3295 4420 3401 4474 ἀπὸ
3431 4423 3537 4472 τῶν
3567 4414 3750 4491 ὄχθων

334 4510 413 4565 tis
444 4525 633 4572 orsos,
667 4526 741 4562 ne
776 4510 1386 4565 animadvertentibus
1430 4510 1700 4566 barbaris
1732 4512 1803 4566 ad
1834 4511 1987 4568 nihi-

2100 4507 2493 4581 ἐναρξαμὲνους
2542 4514 2639 4564 τοῦ
2693 4509 2866 4565 ἐκεῖσε
2917 4509 3319 4586 παραρρέοντος
3372 4507 3632 4584 ΙΙυράμου
3657 4512 3756 4561 τοῦ

335 4600 459 4654 lum
493 4599 722 4653 veniret
747 4600 795 4654 is
833 4601 1198 4656 conatuleli
1220 4601 1513 4656 suﬂ‘odere
1547 4601 1993 4674 cmperuut,hu-

335 4703 500 4741 mum
534 4692 790 4759 egestam
844 4686 1113 4744 ﬂuminis
1153 4690 1329 4745 unda:
1377 4691 1771 4746 committere.
1804 4691 1993 4762 Opere

2104 4603 2384 4672 ποταμοῦ,
2443 4599 2518 4662 ὡς
2578 4600 2655 4673 μὴ
2714 4598 2990 4664 αἴσθοιντο
3050 4601 3102 4654 o't
3163 4593 3447 4673 βάρϐαροι,
3531 4595 3621 4651 καὶ
3680 4595 3757 4659 εἷς

2102 4689 2254 4744 κενὸν
2290 4690 2334 4728 ιι
2366 4683 2550 4762 ἀποϐῇ
2584 4689 2647 4744 τὸ
2702 4692 2951 4743 τοιοῦτον
3007 4686 3364 4762 ἐπιχείρημα.
3425 4687 3489 4740 Οἱ
3546 4682 3603 4739 δὲ
3660 4685 3756 4738 ἀν-

1544 4896 1605 4952 C.
1638 4896 1699 4950 Β.
1751 4895 1944 4951 HASII
1975 4891 2536 4950 ANNOTATIONES.

403 5054 426 5088 δ
459 5052 543 5107 ἐπὶ
583 5061 641 5109 et
672 5053 847 5126 paulo
878 5059 1014 5126 post
1048 5054 1182 5125 μετᾶ
1216 5054 1472 5122 σκευάζον
1508 5054 1639 5111 cod.
1673 5054 1692 5088 ⁷
1726 5051 1970 5123 ἀπαίρειν

2099 5052 2128 5106 l.
2154 5052 2175 5087 ⁸
2196 5049 2368 5104 καὶτὸ
2399 5046 2598 5122 κύδρον
2630 5050 2762 5126 (sic)
2797 5048 2983 5126 cod._9
3014 5042 3284 5121 ἐπιϐρισει
3308 5046 3438 5126 (5οάἒ
3459 5046 3519 5126 Δ¹⁰
3548 5046 3755 5126 amicae:

332 5123 546 5180 τίννυον
576 5111 706 5181 cod.
742 5111 924 5181 Paul‘o
956 5111 1253 5198 posterius
1286 5128 1361 5198 B.
1382 5111 1909 5198 noluiquidquain
1944 5141 1987 5178 η

2099 5140 2238 5198 ινειιε⁸
2270 5111 2756 5194 nomen-oppidi
2791 5121 2950 5193 apud
3001 5111 3229 5176 veteres
3288 5125 3379 5174 est
3426 5111 3752 5190 Ἀναζαρϐἀ.

336 5198 377 5234 ¹¹
412 5199 567 5251 κανὸν
604 5198 733 5254 cod.
770 5204 827 5253 et
858 5192 1062 5271 pos-tea
1086 5205 1291 5254 auctor
1315 5192 1643 5271 elegantior
1674 5192 1981 5268 scripsisse

2099 5192 2301 5264 τοοαίη.

408 5373 517 5437 (0)
597 5362 986 5438 Διαλαμϐάνω,
1072 5368 1163 5422 vel
1245 5372 1403 5423 certe
1454 5367 1785 5438 perfectum
1857 5362 1985 5418 διεί-

340 5443 509 5513 ληφα,
569 5443 725 5513 apud
755 5443 1003 5496 Leonem
1037 5440 1365 5513 valetcinwi
1395 5457 1437 5513 :_
1464 5440 1548 5494 sic
1582 5455 1762 5513 supra
1796 5441 1980 5513 13.__A.

336 5502 669 5571 ct'i‘ortasse
702 5513 855 5567 infra
880 5515 966 5567 36.
1004 5513 1065 5567 Ι).
1098 5511 1259 5582 Quin
1284 5512 1392 5565 hac
1424 5511 1553 5580 ipsa
1614 5502 1826 5582 pagina
1875 5510 1981 5565 lin.

340 5589 419 5642 t3.
489 5585 771 5681 passive,A
803 5582 1068 5645 κυκλόθεν
1138 5578 1463 5650 διείληπτοζ
1528 5578 1749 5635 Eodem
1805 5597 1987 5635 sensu

344 5654 365 5681 ἓ
406 5660 591 5681 'v.,_-_,
662 5659 691 5681 ’Ἴ

355 5657 365 5704 ἷ
406 5657 593 5713 ’ῗυσεν
626 5657 712 5709 37.
744 5657 805 5711 Α.

412 5730 523 5800 rat)
567 5729 765 5798 Neque
820 5721 1197 5797 π’)λυχεᾶμων
1243 5731 1331 5779 cst
1390 5725 1447 5778 in
1506 5724 1730 5780 chicis
1794 5740 1987 5795 neque

2093 5364 2354 5434 περινάω.
2390 5364 2543 5418 Illud
2574 5358 3064 5434 inveniturapud
3080 5360 3134 5415 S.
3159 5358 3437 5434 Basilium
3462 5360 3756 5430 Epist.cnx

2094 5429 2172 5492 ll."
2199 5440 2323 5492 946.
2358 5433 2402 5488 ὦ
2434 5440 2618 5506 πηγῆς
2650 5429 3084 5506 πολυχεύμξονος
3138 5435 3278 5506 (quo
3329 5429 3557 5506 eodeni
3578 5447 3757 5506 sensu

2096 5509 2152 5562 S.
2184 5509 2449 5563 Justinus
2482 5502 2698 5577 Martyr
2732 5502 2972 5575 Dialogo
3007 5520 3144 5577 cum
3179 5503 3475 5577 Tryphon.
3536 5502 3755 5577 3293C.

2094 5576 2411 5651 πολυύδρου
2442 5578 2537 5651 καί
2566 5574 2798 5651 ίσχυρᾶς
2842 5574 3062 5651 πῄχῆς)
3095 5591 3107 5628 :
3145 5574 3267 5646 pro?
3309 5576 3420 5630 hoc
3479 5574 3756 5629 usitatius

2095 5637 2349 5725 περινέώ,
2385 5649 2543 5721 quod
2576 5637 2801 5703 habent
2840 5637 3068 5702 Lexica'.
