4128 6424
367 424 489 486 735

1811 420 2093 482 LEONIS
2148 420 2457 484 DIACONI

3663 426 3784 485 736

375 562 574 631 pestas
596 557 655 613 in
679 572 948 612 serenam
974 560 1304 612 mutaverat
1318 553 1779 627 jucunditatem,
1797 554 2021 610 indicta

2139 549 2342 626 ἰαριναί
2400 555 2602 631 τροπαὶ
2669 556 2693 590 δ
2747 554 2883 629 πρὸς
2959 553 3306 630 γαληνιῶσαν
3391 555 3785 630 μετεσκεύαζον

376 649 654 704 adversus
703 647 1023 701 Saracenos
1074 646 1447 719 expeditione
1507 645 2021 716 Constantinopoli

373 738 812 811 proficiscitur:
846 742 1229 808 moratusque
1287 737 1349 791 in
1404 736 1791 807 Cappadocia,
1843 736 2025 806 justis

373 825 639 879 collectis
670 824 856 895 copiis
895 824 969 878 ad
999 826 1352 879 Tarsensem
1381 824 1592 879 urbem
1646 823 1908 889 accessit,
1941 822 2022 877 ci-

372 913 530 968 vium
563 930 697 967 cum
730 914 965 981 virtute,
993 918 1117 968 tum
1136 929 1406 979 numero,
1445 918 1567 968 tum
1598 930 1710 968 usu
1742 912 1828 967 rei
1859 910 2027 966 belli-

371 1018 453 1057 cus
484 1001 870 1056 ferocientem
902 1017 971 1055 ea
998 1006 1369 1072 tempestate,
1405 1001 1781 1072 nimiumque
1807 1015 2024 1070 super-

373 1090 1073 1162 bientem,plurimasque
1087 1091 1283 1162 palam
1303 1091 1679 1146 incursiones
1695 1091 2025 1161 insperatas

373 1180 711 1236 facientem.
744 1182 824 1235 Eo
858 1197 989 1235 cum
1022 1181 1408 1251 pervenisset,
1433 1180 1737 1251 probeque
1768 1195 2026 1234 commu-

374 1271 516 1326 nitis
537 1269 748 1325 castris
769 1270 1055 1342 oppidum
1078 1269 1365 1325 cinxisset
1390 1269 1675 1324 custodiis
1698 1269 1905 1341 positis
1921 1268 2022 1322 ob-

375 1360 545 1415 sidet.
591 1359 865 1413 Saraceni
938 1360 998 1413 in
1076 1359 1315 1430 appido,
1384 1359 1555 1430 COpia
1624 1357 2024 1414 necessariam

377 1466 582 1506 rerum
632 1454 772 1503 tunc
818 1447 1043 1515 referti,
1101 1448 1420 1519 oppidique
1471 1446 1837 1503 ﬁrmitudine
1889 1446 2024 1502 freti

372 1538 537 1610 (nam
568 1536 629 1590 in
659 1534 956 1591 infinitam
1002 1537 1401 1592 excelsitatem
1436 1536 1714 1609 surgebat
1739 1535 2024 1591 mcenium

378 1632 696 1694 structura,
727 1628 964 1700 gemino
1000 1627 1141 1682 orbe
1188 1628 1705 1700 circumjectorum
1734 1645 1746 1682 :
1782 1632 2025 1698 eratque

379 1718 522 1772 item
568 1717 792 1771 circino
847 1716 1270 1781 circumducta,
1304 1717 1365 1771 in
1418 1717 1797 1773 altitudinem
1843 1733 2023 1788 quam

380 1807 701 1878 plurimam
734 1805 1460 1878 depressa,lapidibusque
1488 1806 1889 1862 albicantibus
1919 1822 2027 1877 po-

382 1896 504 1950 litis
553 1895 780 1960 vestita,
839 1900 897 1949 et
943 1894 1145 1967 pinnis
1205 1896 1523 1952 terminata
1577 1897 1758 1952 fossa.
1820 1897 2022 1966 Neque
2061 1927 2106 1991 Β

378 1985 579 2039 minus
620 1984 875 2039 habebat
902 1983 1171 2057 Cydnum
1194 2002 1300 2056 pro
1333 1987 1725 2053 munimento,
1760 1984 2026 2041 medium

377 2075 661 2146 oppidum
707 2075 1168 2130 intersecantem
1194 2092 1207 2129 :
1232 2075 1354 2146 qui,
1388 2075 1460 2130 ab
1494 2076 1622 2147 ipso
1666 2075 1829 2131 fonte
1857 2074 2029 2140 uber,

379 2164 610 2236 gelidus
641 2168 700 2217 et
726 2163 1070 2234 perlucidus
1099 2179 1353 2219 manans
1388 2164 1651 2236 proﬂuit,
1685 2162 2028 2236 praesidium

382 2249 539 2304 haud
568 2265 812 2321 parvum
859 2251 1036 2304 Tarso
1066 2250 1362 2321 praebens,
1395 2251 1797 2321 pontibusque
1842 2250 2032 2305 tribus

382 2339 539 2393 intra
568 2339 668 2394 52
682 2338 1253 2409 oppidumjungitur
1268 2355 1280 2391 :
1298 2339 1453 2393 bello
1466 2345 1663 2394 autem
1678 2340 2031 2394 imminente

382 2426 444 2479 in
473 2426 694 2479 fossam
725 2424 896 2479 illum
929 2425 1283 2488 immittunt,
1314 2441 1493 2496 quam
1525 2426 1685 2480 hora:
1706 2426 1883 2480 unius
1906 2441 2034 2497 spa-

378 2515 462 2568 tio
494 2520 934 2585 restagnantem
973 2512 1224 2583 reddit):
1257 2513 1350 2569 his
1398 2514 1578 2586 igitur
1622 2515 1757 2569 freti
1796 2513 2032 2569 barbari

382 2607 801 2677 imperatorem
831 2606 1301 2673 subsannabant,
1343 2608 1627 2663 conviciis
1658 2607 2037 2681 impudenter

381 2694 440 2748 in
473 2709 606 2748 eum
635 2693 835 2764 jactis,
870 2693 1206 2765 sepiusque
1225 2694 1369 2749 urbe
1392 2696 1585 2761 eﬂ'usi,
1608 2695 2032 2767 factaimpres-

380 2783 567 2847 sione,
591 2784 990 2838 Romanorum
1023 2784 1315 2854 plurimos
1346 2784 1741 2840 trucidabant.
1770 2787 2039 2857 Impera-

384 2878 479 2927 tor
512 2872 897 2943 Nicephorus,
931 2873 1076 2928 satis
1107 2873 1283 2945 longo
1320 2879 1585 2944 tempore
1623 2875 1704 2929 ibi
1738 2875 2027 2941 confecto,

377 2962 482 3016 ubi
516 2961 815 3034 negotium
848 2961 1016 3017 valde
1063 2962 1314 3017 arduum
1347 2964 1680 3034 suscepisse
1724 2980 1787 3019 se
1817 2980 2033 3037 cogno-

376 3053 625 3119 vit,inde
647 3069 889 3108 movens
912 3053 1130 3108 reﬂexo
1153 3054 1363 3109 itinere
1382 3054 1833 3126 circumpositas
1854 3057 2031 3111 Tarso

376 3159 544 3198 arces
574 3142 934 3215 aggreditur.
960 3143 1349 3214 Adanamque
1382 3149 1440 3198 et
1469 3143 1860 3208 Anabarzam,
1888 3145 2033 3200 alia-

376 3248 490 3303 que
520 3248 700 3303 supra
737 3232 941 3303 viginti
975 3233 1266 3304 ejusmodi
1302 3232 1550 3288 castella
1584 3233 1777 3304 primo
1807 3234 2031 3305 impetu

2138 642 2462 717 ἱλαρότητα,
2507 644 2851 719 ἐκστρατείαν
2901 644 3037 700 κατά
3092 648 3199 700 τῶν
3261 647 3577 721 Ἀγαρηνῶν
3634 664 3785 720 παρ-

2134 728 2421 805 αγγείλας,
2468 737 2566 789 τοῦ
2626 734 2926 803 Βυζαντίου
2975 733 3191 809 ἀπαίρει
3248 738 3287 771 ⁷·
3348 736 3437 789 καὶ
3495 738 3564 807 τῇ
3623 740 3783 789 Καπ-

2133 818 2387 875 παδοκῶν
2417 820 2835 895 ἐναυλιζόμενος
2882 824 3041 898 χώρᾳ
3086 825 3174 878 καὶ
3224 824 3475 896 στρατιὰν
3535 821 3779 878 συνειλο-

2133 911 2254 983 χὼς
2314 910 2645 988 ἀξιόμαχον,
2704 912 2791 967 ἐπὶ
2856 913 2954 981 τὴν
3027 917 3138 967 τῶν
3220 912 3472 986 Ταρσέων
3534 913 3786 983 ἤλαυνεν,

2136 996 2346 1070 ἀνδρῶν
2383 1000 2547 1075 ἀρετῇ
2580 1000 2668 1056 καὶ
2700 999 2902 1071 πλήθει
2959 1002 3046 1057 καὶ
3109 1001 3318 1078 μελέτῃ
3377 1007 3485 1057 τῶν
3518 1005 3785 1057 τακτικῶν

2132 1088 2529 1165 τραχηλιῶσαν
2560 1092 2684 1146 τότε
2733 1091 2827 1145 καὶ
2879 1091 3294 1164 νεανιευομὲνην
3360 1092 3663 1167 ὑπέραυχα,
3695 1090 3787 1146 καὶ

2133 1175 2393 1240 πλείστας
2424 1178 2722 1257 ἀναφανδὸν
2784 1178 3055 1256 ἐκδρομάς
3131 1181 3489 1239 ἀνελπίστους
3529 1180 3788 1253 εἰσπράτ-

2130 1289 2349 1326 τουσαν.
2386 1270 2537 1326 Ἐπεὶ
2570 1270 2627 1325 δὲ
2655 1271 2825 1345 ταύτῃ
2866 1272 3164 1346 προσέσχε,
3221 1273 3479 1346 καρτερὸν
3539 1270 3786 1342 πηξάμε-

2133 1378 2225 1415 νος
2253 1358 2469 1432 χάρακα
2524 1360 2614 1413 καὶ
2675 1357 2937 1413 κυκλόθεν
2994 1356 3296 1435 διειληφὼς
3340 1364 3478 1430 (20),
3534 1357 3788 1433 ἐφρούρει

2134 1449 2610 1522 παρακαθήμενος.
2665 1450 2733 1506 Οἳ
2792 1447 2850 1504 δὲ
2931 1442 3082 1504 ἔνδον
3137 1449 3452 1524 Ἀγαρηνοὶ,
3535 1446 3794 1520 δαψιλείᾳ

2132 1537 2268 1598 τὲως
2296 1542 2404 1592 τῶν
2450 1537 2750 1612 ἀναγκαίων
2807 1535 2956 1600 ὄντες
3017 1539 3359 1614 ὑπερκορεῖς,
3417 1538 3506 1594 καὶ
3564 1540 3634 1609 τῇ
3694 1542 3792 1593 τοῦ

2132 1626 2476 1699 πολίσματος
2514 1627 2909 1704 τεθαρρηκότες
2968 1626 3300 1701 ἐρυμνότητι
3349 1627 3426 1700 (ἐς
3485 1626 3619 1701 ὕψος
3685 1629 3789 1702 γᾶρ

2132 1712 2427 1789 ἀμήχανον
2459 1714 2698 1789 ᾐωρεῖτο
2728 1719 2836 1769 τῶν
2864 1710 3178 1788 περιϐόλων
3201 1716 3266 1770 τὸ
3323 1714 3577 1788 δόμημα,
3614 1711 3789 1786 διπλῇ

2132 1802 2591 1877 περιελισσόντων
2645 1803 2798 1858 αὐτό’
2865 1804 2957 1858 καὶ
3014 1803 3241 1881 ταφρεία
3323 1803 3586 1868 κυκλόθεν
3648 1801 3792 1858 διεί-

2138 1891 2340 1963 ληπτο,
2375 1892 2430 1956 ἇς
2464 1893 2628 1969 βάθος
2670 1893 2754 1949 ὅτι
2818 1892 3077 1949 πλεῖστον
3135 1895 3562 1969 καθικνουμένῃ,
3620 1891 3791 1958 λίθων

2140 1978 2351 2036 λευκῶν
2378 1982 2846 2056 κατεσκευασμένῃ
2908 1983 3222 2055 ξεστῶν,καὶ
3276 1982 3328 2043 ἐς
3381 1987 3791 2056 προμαχεῶνας

2139 2074 2641 2145 συμπεραινομένῃ.
2676 2072 2759 2145 [Ρ.
2794 2073 2883 2144 32]
2915 2073 3054 2147 Εἶχε
3088 2071 3183 2143 μὲν
3242 2071 3333 2125 καὶ
3384 2072 3477 2125 τὸν
3536 2068 3740 2127 Κύδνον
3777 2073 3797 2107 ⁸

2139 2160 2202 2214 τὸ
2285 2157 2481 2233 ἔρυμα,
2540 2159 2675 2214 κατά
2764 2159 2926 2232 μέσον
3003 2159 3135 2215 αὐτὸ
3187 2157 3565 2230 διατέμνοντα,
3621 2158 3680 2220 ὃς
3739 2158 3790 2229 ἐξ

2140 2246 2322 2301 αὐτῶν
2347 2251 2458 2300 τῶν
2491 2250 2685 2321 πηγῶν
2741 2246 3117 2321 πολυχεύμων
3172 2267 3275 2314 τις,
3318 2246 3533 2321 ψυχρός
3590 2266 3649 2300 τε
3704 2247 3794 2300 καὶ

2142 2330 2349 2403 διειδὴς
2405 2336 2671 2405 περινάων
2731 2337 2843 2408 (21)
2904 2331 3170 2411 πρόεισιν,
3223 2336 3518 2411 ἀσφάλειαν
3585 2337 3654 2390 οὐ
3704 2356 3797 2408 μι-

2139 2424 2271 2497 κράν
2300 2427 2368 2496 τῇ
2420 2426 2619 2497 Ταρσῷ
2675 2425 3081 2499 παρεχόμενος,
3138 2425 3228 2479 καὶ
3285 2425 3548 2501 γεφύραις
3618 2424 3793 2496 τρισίν

2142 2508 2293 2567 ἔνδον
2352 2517 2451 2567 τοῦ
2503 2514 2693 2575 ἄστεος
2752 2511 3199 2586 διαζωννύμενος·
3290 2513 3380 2568 ὅτε
3438 2510 3495 2567 δὲ
3547 2512 3796 2585 πόλεμος

2142 2600 2328 2663 αὐτοῖς
2362 2595 2627 2675 ἐπιϐρίθει
2685 2604 2726 2670 ⁸,
2784 2602 2919 2657 κατά
2974 2609 3073 2671 τῆς
3130 2604 3337 2679 τάφρου
3395 2602 3554 2656 αὐτὸν
3609 2602 3797 2677 ἀφιᾶσι

2140 2689 2229 2745 καὶ
2289 2688 2340 2745 ἐν
2400 2689 2517 2764 ὥρᾳ
2578 2695 2676 2763 μιᾷ
2730 2694 3176 2767 πλημμυροῦσαν
3209 2690 3413 2760 ταύτην
3464 2689 3792 2765 ἐργάζεται)·

2140 2789 2355 2851 τούτοις
2382 2788 2778 2865 τεθαρρηκότες
2840 2791 2891 2845 οἱ
2949 2786 3218 2866 βάρϐαροι
3284 2789 3554 2859 ὲτώθαζόν
3612 2810 3673 2844 τε
3699 2790 3790 2844 τὸν

2148 2879 2379 2955 βασιλέα
2405 2878 2494 2934 καὶ
2522 2874 2742 2952 ὕϐρεσιν
2770 2880 2931 2936 αὐτὸν
2971 2877 3143 2943 ἀδεῶς
3198 2875 3462 2949 ἔϐαλλον,
3521 2877 3794 2952 ἑκδρομάς

2140 2989 2199 3024 τε
2230 2968 2319 3024 καὶ
2384 2967 2724 3039 ἑπεξελάσεις
2782 2969 3109 3042 ποιούμενοι
3163 2969 3459 3031 πλείστους
3514 2974 3622 3025 τῶν
3654 2970 3795 3026 Ῥω-

2148 3057 2319 3130 μαίων
2353 3058 2705 3112 ἀπεκτίννυον
2742 3060 2805 3113 ίθ.
2865 3058 2927 3115 Ὀ
2978 3058 3036 3113 δὲ
3093 3057 3444 3132 αὐτοκράτωρ
3485 3057 3799 3135 Νικηφόρος

2146 3145 2227 3224 ἐφ’
2283 3146 2465 3201 ἱκανὸν
2515 3147 2684 3221 ταύτῃ
2746 3147 2943 3222 χρόνον
3026 3144 3486 3221 προσδιατρίψας,
3573 3147 3794 3223 ἐπείπερ

2146 3235 2435 3306 ἀνηνύτοις
2494 3234 2791 3310 ἐπιχειρῶν
2820 3234 3040 3312 ᾔσθετο,
3097 3235 3295 3299 ἐκεῖθεν
3360 3237 3689 3307 μεταναστὰς
3741 3256 3800 3290 τε

375 3321 549 3392 cepit.
583 3319 727 3375 Inde
749 3321 1169 3391 Mopsuestiam
1192 3338 1503 3394 aggressus
1532 3338 1757 3378 corona
1784 3322 2028 3379 circum-

2146 3323 2235 3379 καὶ
2293 3322 2688 3398 παρεγκλίνας,
2741 3330 2859 3385 τοῖς
2918 3323 3094 3400 ἔγγιον
3174 3323 3311 3397 αὐτῇ
3371 3326 3803 3397 κατῳκισμένοις

380 3410 519 3465 data
566 3410 797 3465 lortiter
838 3418 1161 3482 oppugnat,
1213 3411 1644 3482 tormentisque
1703 3412 2035 3468 missilibus

376 3497 642 3569 undique
667 3499 1133 3570 petit.0ppidani
1165 3506 1225 3555 et
1244 3499 1355 3571 ipsi
1386 3504 1624 3555 strenue
1644 3500 2034 3569 resistebant;

377 3590 565 3663 ignita
609 3590 725 3646 tela
767 3595 824 3645 et
853 3605 1130 3646 saxorum
1178 3589 1445 3662 pondera
1474 3590 1535 3645 in
1567 3592 1865 3647 Romanos
1893 3592 2033 3648 mit-

370 3685 592 3747 tentes,
622 3680 908 3751 omnique
941 3684 1158 3735 conatu
1180 3696 1251 3735 ex
1281 3680 1544 3735 turribus
1609 3681 1745 3737 illos
1776 3681 2026 3753 propul-

370 3774 591 3824 santes.

2144 3409 2486 3489 προσϐάλλει
2548 3412 2853 3487 φρουρίοις,
2909 3412 3000 3467 καὶ
3057 3410 3286 3469 ’Λδαναν
3377 3414 3474 3485 μὶν
3555 3415 3645 3468 καὶ
3701 3415 3802 3481 τήν

2146 3498 2506 3576 Ἀνάϐαρζαν,
2548 3502 2639 3556 καὶ
2695 3499 2845 3557 ἄλλα
2897 3502 3029 3576 ὑπὲρ
3087 3501 3156 3556 τά
3213 3498 3384 3557 εἷ’κοσι
3439 3501 3673 3577 φρούρια
3724 3500 3807 3554 αἱ·

2094 3614 2095 3617 η
2142 3597 2225 3666 ρεῖ
2282 3586 2556 3649 αύτοϐοεί.
2622 3588 2858 3647 Κᾶπειτα
2944 3589 3296 3665 Μοψουεστίᾳ
3357 3584 3690 3664 προσϐαλών
3746 3607 3805 3642 τε

2137 3679 2227 3736 καὶ
2258 3678 2708 3753 κυκλωσάμενος,
2739 3678 2993 3754 ἐκθύμως
3021 3676 3360 3755 ἐπολιόρκει,
3419 3684 3536 3741 ταῖς
3592 3678 3792 3754 ἀφετη-

2138 3769 2278 3846 ρίοις
2335 3770 2609 3842 μηχαναῖς
2664 3769 2974 3843 δκασταχοῦ
3031 3763 3550 3844 ἀκροϐολιζόμενος.
3610 3768 3679 3825 Οἱ
3740 3764 3798 3822 δὲ

364 3852 516 3911 ἔνδον
546 3856 637 3910 καὶ
668 3857 824 3912 αύτοί
853 3856 1115 3930 γενναίως
1142 3858 1617 3925 ἀντικαθίσταντο,
1650 3859 1904 3935 πυρφόρα
1925 3879 1985 3913 τε
2016 3857 2154 3935 βέλη
2184 3858 2275 3914 καὶ
2312 3859 2454 3932 βάρη
2491 3859 2662 3913 λίθων
2686 3858 2826 3914 κιτά
2841 3863 2951 3914 τῶν
2982 3858 3269 3931 Ῥωμαίων
3334 3858 3652 3933 βάλλοντες,
3683 3856 3774 3913 καὶ

373 3945 525 4000 παντὶ
558 3946 727 4000 σθένει
754 3944 815 4000 ix
841 3950 950 4001 τῶν
983 3946 1208 4022 πύργων
1241 3944 1438 4010 αὐτοὺς
1468 3946 1826 4018 ἀμυνόμενοι.

447 4064 957 4134 H.1mperator,ut
972 4070 1100 4120 erat
1118 4069 1428 4136 promptus
1447 4070 1505 4119 et
1525 4064 1817 4119 mirabilis
1840 4066 1899 4119 in
1923 4083 2018 4121 re-

374 4153 587 4209 mediis
606 4154 1116 4210 incommodorum
1134 4154 1781 4223 inveniendis,circuito
1800 4155 2029 4227 inspec-

376 4249 553 4313 toque
576 4243 851 4316 loco,qua
871 4251 996 4301 erat
1018 4252 1441 4316 opportunum,
1470 4252 1641 4300 nocte
1674 4244 2032 4317 intempesta

374 4331 649 4387 homines
671 4332 746 4388 ad
773 4340 964 4389 turres
987 4334 1273 4389 adductos
1289 4350 1526 4389 murum
1547 4334 1903 4405 pedetentim
1927 4351 2025 4390 su-

374 4419 794 4494 bruerejubet,
814 4439 846 4478 a
878 4423 1007 4494 ripa
1030 4423 1263 4495 Pyrami
1296 4423 1490 4477 amnis
1515 4422 1591 4477 ibi
1620 4428 2026 4494 prmtertluen-

2217 4068 2303 4120 ια’.
2334 4065 2397 4119 Ὀ
2430 4061 2487 4118 δὲ
2520 4061 2799 4139 βασιλεὺς,
2860 4061 3190 4140 δραστήριός
3245 4084 3304 4117 τε
3362 4061 3435 4117 ὢν
3490 4063 3582 4117 καί
3617 4060 3792 4122 δεινὸς

2141 4152 2194 4208 ἐν
2245 4151 2560 4228 ἀμηχάνοις
2615 4152 2944 4227 πορίσασθαι
3009 4154 3289 4227 μηχανήν,
3344 4150 3646 4226 περιελθὼν
3704 4150 3796 4206 καὶ

2136 4244 2687 4317 καταστοχασάμενος
2715 4243 2805 4297 τὸν
2865 4246 3073 4318 χῶρον,
3130 4241 3269 4318 ᾗπερ
3320 4242 3385 4311 ἦν
3440 4240 3795 4315 εὐεπιχείρη-

2140 4352 2254 4395 τον,
2287 4335 2396 4386 τῶν
2430 4331 2649 4408 πύργων
2681 4333 3016 4408 παραγαγὼν
3078 4330 3271 4405 ἄνδρας
3330 4331 3468 4406 ἀωρὶ
3521 4335 3631 4385 τῶν
3688 4351 3789 4383 νυ·-

2138 4425 2283 4474 κτῶν
2309 4421 2616 4495 ἀνορύττειν
2647 4421 2827 4494 ἠρέμα
2887 4418 3285 4489 ἐνεκελεύσατο,
3337 4420 3442 4474 ἀπὸ
3472 4423 3578 4473 τῶν
3608 4414 3791 4492 ὄχθων

375 4513 454 4568 tis
485 4528 674 4575 orsos,
710 4528 782 4566 ne
816 4512 1427 4567 animadvertentibus
1474 4511 1741 4567 barbaris
1773 4512 1845 4567 ad
1875 4512 2025 4569 nihi.

2141 4508 2534 4583 ἐναρξαμὲνους
2583 4515 2680 4565 τοῦ
2734 4510 2907 4565 ἐκεῖσε
2958 4509 3360 4585 παραρρέοντος
3413 4509 3674 4584 Πυράμου
3699 4512 3797 4561 τοῦ

377 4603 501 4656 lum
534 4602 762 4656 veniret
787 4603 836 4657 is
873 4603 1239 4657 conatus.llli
1260 4602 1555 4658 suffodere
1588 4602 2033 4674 cmperunt,hu-

377 4705 542 4744 mum
576 4695 831 4762 egestam
886 4690 1154 4746 ﬂuminis
1194 4692 1370 4747 unda)
1418 4692 1812 4747 committere.
1845 4692 2033 4763 Opere

2146 4604 2425 4671 ποταμοῦ,
2484 4600 2560 4663 ὡς
2619 4601 2697 4673 μὴ
2755 4599 3031 4664 αἴσθοιντο
3091 4600 3143 4653 οἱ
3204 4593 3488 4673 βάρϐαροι,
3572 4596 3662 4651 καὶ
3721 4596 3799 4660 εἰς

2143 4689 2295 4744 κενὸν
2331 4690 2375 4729 ίί
2408 4683 2591 4763 ἀποϐῇ
2625 4689 2689 4744 τὸ
2744 4692 2992 4743 τοιοῦτον
3048 4686 3405 4762 ἐπιχείρημα.
3466 4688 3530 4740 Οἱ
3587 4682 3645 4740 δὲ
3701 4686 3798 4738 ἀν-

1585 4897 1646 4953 C.
1680 4896 1740 4951 Β.
1793 4896 1984 4952 HASII
2017 4890 2577 4950 ANNOTATIONES.

445 5055 468 5089 δ
502 5053 586 5108 ἐπὶ
625 5061 685 5109 et
714 5053 890 5126 paulo
922 5060 1057 5126 post
1091 5053 1225 5123 μετά
1258 5054 1514 5122 σκευάζον
1550 5055 1681 5111 cod.
1714 5055 1733 5089 ⁷
1767 5051 2011 5124 ἀπαίρειν

2139 5052 2170 5106 l.
2195 5052 2216 5087 ³
2237 5050 2409 5105 καὶτὸ
2440 5046 2639 5122 κύδρον
2671 5049 2803 5126 (sic)
2838 5048 3024 5126 cod._9
3055 5042 3325 5121 ἐπιϐρισει
3349 5047 3479 5126 00ίίΖ
3514 5046 3559 5082 ¹⁰
3589 5046 3797 5126 ἀπεκηας-

374 5125 589 5182 τίννυον
619 5112 749 5182 cod.
786 5112 967 5181 Paul-0
998 5112 1296 5197 posterius
1329 5128 1389 5181 Β.
1424 5112 1591 5181 nolui
1623 5112 1949 5197 quidquam
1984 5141 2028 5179 Ir

2139 5141 2280 5197 LI‘B:_
2310 5112 2797 5194 nomen'oppidi'
2832 5121 2991 5193 apud
3041 5112 3270 5177 veteres
3329 5126 3420 5175 est
3466 5112 3795 5191 Ἀναζαρϐά.

377 5200 420 5236 ’ί
454 5200 611 5253 κοινὸν
647 5199 776 5255 cod.
813 5205 870 5253 et
901 5193 1105 5271 pos-tea
1129 5204 1334 5253 auctor
1358 5193 1685 5271 elegantior
1715 5193 2022 5269 scripsisse

2139 5193 2342 5265 τοοαίη.

450 5375 560 5441 (0)
640 5363 1028 5439 Διαλαμϐάνω,
1114 5368 1206 5423 vel
1288 5372 1445 5423 certe
1496 5368 1825 5439 perfectum
1899 5362 2026 5419 διεί-

381 5447 551 5515 ληφα.
611 5443 766 5515 apud
796 5444 1057 5515 Leonem,
1079 5441 1405 5515 valetcinri
1505 5440 1590 5495 sic
1623 5456 1803 5515 supra
1838 5442 2021 5515 13.__A.

378 5504 711 5573 et'i’ortasse
744 5515 897 5569 infra
922 5516 1008 5569 36.
1044 5514 1107 5569 Ι).
1139 5512 1299 5582 Quin
1326 5513 1434 5566 hac
1466 5512 1595 5581 ipsa
1656 5504 1869 5582 pagina
1916 5511 2022 5567 lin.

385 5592 497 5685 [ἢν
532 5588 813 5685 μεθῇς..
844 5583 1109 5647 κυκλόθεν
1180 5580 1503 5652 διείληπτοξ
1569 5580 1790 5636 Eodem
1846 5598 2028 5636 sensu

396 5659 407 5707 Ῐ
448 5659 635 5715 ’ῗνοσεν
668 5659 754 5711 3'7.
786 5660 846 5713 Α.

455 5731 806 5801 t21)Nequc
862 5724 1237 5801 πνλυχεὲμων
1284 5732 1372 5783 est
1431 5727 1488 5780 in
1547 5726 1772 5781 Lexicis
1836 5741 2029 5796 neque

2135 5364 2395 5435 περινάω.
2422 5364 2584 5435 Illud
2615 5362 2918 5435 invenitur
2933 5359 3104 5435 apud
3122 5362 3175 5416 S.
3200 5360 3479 5435 Basilium
3503 5361 3798 5431 Epist.CLx

2136 5430 2213 5493 Il.
2240 5440 2364 5493 946.
2399 5434 2444 5489 ὣ
2476 5440 2659 5507 πηγῆς
2691 5430 3125 5507 πολυχεύμξονος
3179 5436 3319 5507 (quo
3371 5430 3597 5507 eodem,
3619 5448 3799 5507 sells_u

2138 5510 2193 5563 S.
2225 5510 2490 5564 Justinus
2524 5503 2739 5577 Martyr
2774 5503 3014 5576 Dialogo
3048 5521 3185 5558 cum
3220 5505 3516 5576 Tryphon.
3577 5503 3796 5577 329._C.

2136 5577 2452 5652 πολυύδρου
2484 5578 2577 5652 καί
2606 5575 2839 5652 ίοχυρᾶς
2884 5575 3103 5652 πήγῆς)
3136 5592 3148 5630 :
3186 5575 3308 5647 prob
3351 5577 3463 5631 hoc
3520 5575 3797 5631 usitatius

2137 5636 2390 5726 περινέω,
2426 5650 2586 5722 quod
2618 5636 2842 5705 habent
2882 5636 3108 5704 Leiica'.
