4128 6430
321 386 454 448 “N5

1658 384 2052 448 HISTORIIE
2091 385 2248 448 LIB.
2295 387 2403 449 ιν.

3627 390 3749 453 ’746

322 513 537 593 δρομή,
564 514 670 572 τίνι
710 514 772 572 ἄν
802 511 946 592 ἕρκει
1002 516 1143 591 πρὸς
1200 515 1525 591 ἀποτροπὴν
1586 513 1812 592 ἐχρήσω
1866 519 1975 571 τῶν

2101 517 2295 574 stabat
2324 522 2591 590 stupens.
2624 520 2700 574 At
2727 518 3052 592 imperator
3096 518 3432 580 centurioni
3480 519 3746 590 mandat,

320 602 629 682 δυσμενῶν,
653 606 747 664 τὸν
788 606 979 683 ουρὲὸν
1035 600 1333 663 ἀποϐαλὼν
1391 606 1539 682 παρᾶ
1591 608 1693 675 τήν
1746 606 1978 678 ἀταρπι-

315 695 413 752 τόν
450 715 465 767 ;
499 720 528 749 11
559 698 618 751 ⁸0
649 694 729 769 δὲ,
761 697 1028 772 πεπηγὼς
1058 695 1161 751 ὑπὸ
1190 700 1289 752 τοῦ
1319 692 1497 767 δὲους,
1556 692 1797 770 διέμενεν
1840 696 1980 771 ἀχα..

315 788 442 857 νής.
475 786 539 845 ’0
568 782 628 843 δὲ
658 785 1012 862 αὐτοκράτωρ
1065 785 1269 848 αἰκίαις
1321 787 1609 857 καταξᾶναι
1665 784 1757 840 τὸν
1813 783 1981 840 αὐτο-

317 876 588 954 φονευτήν
636 879 749 950 (37)
803 876 996 932 ἑαυτοῦ
1047 873 1128 949 τῷ
1184 873 1415 950 λοχαγῷ
1472 873 1831 950 ἐγκελεύεται,
1891 873 1980 929 ἐκ·

315 967 542 1041 τεμόντι
569 985 631 1022 τε
658 966 751 1023 καὶ
779 967 882 1035 τήν
936 964 1057 1042 ῥῖνα
1113 963 1388 1040 θεατρίσαι
1444 964 1581 1019 κατά
1634 964 1697 1018 τὸ
1754 958 1981 1039 στρατό-

321 1055 513 1115 πεδον.
542 1059 782 1119 Ἐκεῖνος
815 1053 897 1129 δὶ,
927 1054 1034 1111 εἴτε
1063 1054 1234 1127 οἷκτῳ
1278 1053 1505 1131 ληιρῡεὶς
1559 1053 1696 1128 πρὸς
1749 1053 1840 1109 τὸν
1887 1050 1979 1108 ἅν-

322 1150 570 1223 θρωπον,
599 1144 709 1202 εἴτε
746 1145 839 1202 καὶ
898 1143 1090 1220 δώρων
1144 1139 1383 1218 ἐπιϐολῇ
1441 1144 1765 1219 χαυνωθεὶς,
1819 1144 1976 1214 ἀσινῆ

325 1234 565 1316 διαφῆκε
590 1237 684 1293 τὸν
714 1232 903 1312 ἄνδρα.
964 1235 1051 1308 Τῇ
1106 1231 1165 1289 δὲ
1215 1233 1470 1309 ὑστεραίᾳ
1525 1230 1730 1289 διιόντα
1785 1238 1977 1289 τοῦτον

323 1328 354 1383 ὁ
391 1324 648 1403 βασιλεὺς
677 1324 962 1401 ἑωρακὼς,
991 1325 1084 1379 τὸν
1117 1322 1366 1398 λοχαγὸν
1400 1320 1645 1378 εἰσκαλεῖ
1672 1320 1788 1393 καὶ,
1829 1346 1857 1375 ‹‹
1889 1323 1979 1392 Ὦ,

320 1417 516 1495 φησὶν,
570 1415 839 1490 ἀτὲραμνε
892 1414 984 1471 καὶ
1066 1410 1425 1490 Θρασυκάρδιε
1481 1412 1566 1485 σὺ,
1624 1417 1742 1476 πῶς
1816 1410 1982 1485 ἔτλης

323 1509 407 1581 μή
465 1511 796 1583 παραγαγεῖν
850 1504 927 1567 εἷς
984 1502 1142 1580 ἔργον
1198 1504 1264 1560 τὸ
1330 1504 1662 1574 κελευσῦἐνς
1704 1504 1745 1573 ἦ
1801 1500 1981 1566 δοκεῖς

318 1593 516 1650 πλεῖον
547 1590 684 1666 ἐμοῦ
738 1588 962 1647 τουτουί
1008 1592 1055 1627 ³³
1102 1586 1363 1661 κήδεσθαί
1411 1609 1496 1644 σοι
1544 1592 1642 1644 τοῦ
1699 1592 1977 1665 στρατοῦ;

318 1683 402 1747 εἷς
431 1680 679 1739 παιδείαν
713 1680 820 1759 ἰγὼ
865 1684 975 1737 τῶν
1034 1677 1254 1736 λοιπῶν
1311 1680 1408 1748 τήν
1466 1677 1724 1749 τοιαύτην
1785 1675 1980 1755 διωριο

317 1772 504 1847 σᾶμην
534 1772 743 1829 ἐκτῖσαι
772 1772 970 1841 ποινὴν
1018 1770 1111 1825 τὸν
1162 1769 1225 1824 τὸ
1280 1768 1474 1824 ὶαυτοῦ
1520 1765 1692 1824 ὅπλον
1746 1767 1982 1844 ἀποῤῥι-

317 1862 583 1939 φάμενον·
617 1861 694 1925 ὡς
728 1863 955 1936 μήτινες
1000 1861 1063 1917 τὸ
1108 1858 1307 1916 τούτου
1365 1856 1567 1932 ἀμελὲς
1623 1856 1714 1913 καὶ
1771 1857 1975 1933 νωθρὸν

323 1952 706 2030 μιμησάμενοι
734 1953 900 2009 ταυτὸ
931 1956 1097 2008 τοῦτο
1128 1948 1536 2026 διαπράξοιντο,
1592 1948 1692 2005 κάν
1735 1953 1816 2022 τῷ
1860 1969 1978 2004 και-

322 2048 409 2122 ρῷ
463 2048 576 2102 τῶν
631 2044 857 2123 ἀγώνων
914 2042 1331 2120 γεγυμνιομὲνοι
1388 2044 1496 2097 τῶν
1555 2037 1742 2096 ὅπλων
1816 2060 1980 2096 κατα-

2090 612 2158 663 ut
2177 609 2443 680 eum,qui
2466 627 2527 665 se
2542 609 2668 681 ipse
2692 610 2866 666 morti
2881 608 3511 677 dicasset,verberibus
3525 627 3746 667 cassum

2088 713 2356 769 nasoque
2406 698 2654 769 prazciso
2695 716 2802 770 per
2849 705 3046 755 castra
3112 699 3468 755 traduceret.
3527 701 3744 756 Verum

2091 786 2390 842 enimvero
2409 787 2480 853 is,
2507 786 2628 842 sive
2650 788 3062 844 misericordia
3088 794 3294 861 captus
3307 789 3593 858 hominis,
3621 790 3742 846 sive

2089 875 2601 931 nummistraditis
2633 876 2920 947 mollitus,
2954 878 3314 933 incolumem
3333 878 3561 933 dimisit
3580 879 3742 933 mili-

2090 966 2229 1018 tem.
2259 964 2551 1020 Postridie
2573 965 2831 1038 ejusdiei
2855 972 3315 1038 praatereuntem
3344 967 3517 1022 illum
3540 966 3737 1038 ipsum

2087 1051 2412 1125 imperator
2436 1055 3255 1127 conspicatus,centurionem
3271 1057 3657 1128 introvocarij
3668 1073 3737 1112 u-

2086 1141 2206 1213 bet,
2240 1149 2319 1209 et,
2353 1144 2454 1201 58
2486 1168 2514 1196 «
2550 1146 2594 1201 Ο
2616 1146 2926 1217 praefracte
2967 1152 3025 1202 et
3054 1148 3366 1202 temerarie
3397 1153 3480 1216 tu,
3514 1148 3732 1219 inquit,

2087 1233 2189 1304 qui
2219 1233 2287 1288 ﬁt
2314 1239 2381 1289 ut
2410 1251 2591 1291 ausus
2621 1235 2703 1291 sis
2732 1235 2809 1291 ad
2838 1236 3060 1292 exitum
3090 1254 3209 1292 non
3241 1237 3563 1308 perducere
3613 1238 3730 1293 im-

2086 1327 2356 1392 peratum
2380 1322 2408 1378 ‘I
2438 1325 2587 1379 Num
2618 1329 2792 1396 putas
2823 1325 3022 1379 minus
3052 1326 3198 1379 mihi
3229 1342 3406 1396 quam
3438 1326 3543 1381 tibi
3584 1344 3741 1382 curaa

2088 1426 2218 1466 esse
2244 1411 2429 1467 istum
2461 1414 2828 1469 exercitum?
2851 1414 2940 1468 Ad
2963 1414 3323 1470 erudiendos
3349 1416 3611 1492 reliquos
3639 1433 3744 1489 ego

2086 1499 2559 1569 decreveram,ut
2575 1502 2870 1573 ejusmodi
2895 1520 3131 1575 poenam
3154 1504 3206 1559 is
3225 1505 3426 1573 ferret,
3447 1506 3547 1575 qui
3579 1523 3746 1562 arma

2086 1590 2406 1663 abjecisset
2436 1609 2579 1649 sua:
2613 1609 2688 1649 ne
2721 1594 2823 1665 qui
2850 1594 3146 1651 incuriam
3181 1596 3311 1668 ejus
3333 1597 3748 1669 ignaviamque

2086 1680 2301 1736 imitati
2324 1681 2607 1753 idiipsum
2636 1683 2923 1752 facerent,
2957 1689 3342 1757 temporeque
3380 1687 3571 1759 praelii
3605 1687 3749 1744 nudi

2086 1772 2268 1827 armis
2286 1772 2646 1845 deprehensi
2671 1774 2743 1831 ab
2769 1775 3040 1831 hostibus
3064 1782 3329 1832 actutum
3353 1780 3622 1850 oppressi
3652 1780 3748 1835 in-

2092 1863 2362 1919 terirent.
2398 1886 2417 1913 ι
2459 1864 2548 1919 Ita
2596 1864 2945 1921 centurione
2993 1867 3377 1923 vehementer
3417 1868 3743 1938 verberato,

2092 1969 2359 2024 nasoque
2390 1953 2444 2008 ei
2471 1958 2800 2026 amputato,
2833 1961 3058 2011 metum
3088 1957 3342 2012 incussit
3379 1958 3544 2013 omni
3576 1975 3740 2015 exere

2091 2043 2257 2111 citui,
2291 2059 2365 2098 ne
2394 2043 2513 2098 iam
2544 2042 2872 2117 indiligiter
2900 2050 3101 2117 ageret
3129 2046 3191 2101 in
3224 2048 3504 2104 curandis
3534 2050 3737 2105 armis.

318 2130 716 2210 λαμϐάνοιντο,
774 2133 865 2191 καὶ
921 2135 1026 2191 οὐκ
1085 2130 1146 2189 ἄν
1203 2131 1452 2212 φθάνοιεν
1510 2132 1646 2207 πρὸς
1700 2135 1809 2187 τῶν
1863 2128 2115 2186 ἐναντίων
2167 2129 2577 2205 ἀναιρούμενοῖ.
2614 2154 2643 2183 ››
2700 2134 2787 2206 [Ρ.
2847 2135 2963 2207 36.]
3024 2130 3288 2211 Σφοδρῶς
3371 2135 3461 2191 οὖν
3524 2136 3736 2201 αἱκίσας

318 2226 415 2282 τὸν
458 2223 709 2301 λοχαγὸν
763 2223 857 2280 καὶ
910 2231 1013 2294 τῆς
1071 2222 1214 2301 ῥινὸς
1275 2219 1634 2300 ἀφελόμενος,
1690 2218 1811 2284 δέος
1869 2219 2028 2291 ἐνῆκε
2081 2219 2243 2275 παντὶ
2300 2224 2381 2293 τῷ
2432 2224 2668 2295 στρατῷ,
2730 2222 2925 2295 μηκέτι
2982 2222 3207 2295 ἀμελῶς
3262 2220 3560 2281 διακεῖσθαι
3614 2230 3738 2304 περὶ

313 2316 411 2373 τὸν
445 2314 647 2372 οἰκεῖον
677 2315 976 2388 ὁπλισμόν.

392 2405 465 2481 γ’.
496 2405 656 2481 Ἀρτι
703 2401 763 2460 δὶ
815 2404 954 2460 κατὰ
1001 2404 1104 2474 τὴν
1161 2401 1481 2479 περίχωρον
1536 2401 1829 2478 γενόμενός
1872 2406 1975 2471 τῆς

315 2498 561 2573 Ταρσοῦ,
622 2494 848 2561 ἐνταῦθα
932 2490 1413 2568 στρατοπεδεύεται
1466 2493 1556 2548 καὶ
1613 2492 1830 2569 χάρακα
1882 2511 1980 2547 κυ-

315 2583 518 2642 κλόθεν
548 2586 888 2660 πηξάμενος,
934 2588 1212 2660 καρτερῶς
1268 2581 1338 2640 τά
1392 2603 1452 2639 τε
1510 2581 1646 2652 λήϊα
1699 2581 1790 2636 καὶ
1847 2580 1978 2644 τοὺς

319 2679 623 2752 λειμῶνας,
653 2682 772 2740 τοῖς
803 2674 982 2733 ἄνθεσι
1035 2674 1129 2732 καὶ
1186 2674 1456 2731 παντοίων
1515 2670 1751 2748 δένδρων
1813 2670 1981 2736 ΐδέαις

317 2771 637 2841 κομῶντας,
691 2764 853 2841 δῃοῦν
911 2765 1002 2823 καὶ
1055 2765 1365 2840 ἀποκείρειν
1450 2763 1835 2840 προσέταττεν,
1901 2762 1976 2825 ὡς

320 2856 374 2931 ἐξ
405 2856 654 2913 ἀπόπτου
685 2859 720 2927 ἡ
754 2853 1007 2931 διαμάχη
1049 2855 1230 2929 τούτῳ
1270 2852 1381 2938 εἷήρ
1429 2854 1521 2910 καὶ
1574 2855 1649 2927 μή
1702 2873 1824 2908 τινα
1859 2858 1979 2918 τοῖς

320 2941 635 3022 Βαρϐάροις
658 2945 756 3021 ἔιξῇ
783 2944 837 3001 ἐν
864 2950 987 3007 τοῖς
1016 2943 1357 3020 ἀμφιλαφέσι
1389 2944 1624 3019 χωρίοις
1683 2941 1855 3019 λόχον
1889 2940 1977 3018 ἐγ-

317 3037 679 3103 καθιστάνειν,
709 3036 797 3092 καὶ
848 3036 919 3108 τῇ
976 3036 1264 3107 Ῥωμαϊκῇ
1318 3036 1541 3109 στρατιᾷ
1593 3030 1654 3088 ἐκ
1696 3036 1796 3088 τοῦ
1838 3030 1976 3110 ἀφα-

2160 2403 2212 2456 3.
2241 2401 2387 2458 Cum
2409 2401 2471 2457 in
2492 2418 2698 2473 agrum
2728 2405 3081 2460 Tarsensem
3112 2407 3498 2477 pervenisset,
3533 2409 3742 2466 castris

2089 2492 2260 2549 factis
2277 2492 2614 2566 oppidoque
2627 2494 3339 2569 circumvallato,campos
3357 2504 3534 2570 atque
3552 2506 3742 2571 prata,

2090 2584 2338 2641 ﬂoribus
2359 2586 2777 2659 variarumque
2800 2587 3082 2643 arborum
3109 2588 3317 2645 formis
3339 2591 3740 2664 lazta,penitus

2087 2676 2304 2731 vastari
2344 2674 2613 2747 caedique
2637 2675 2841 2748 jussit,
2875 2681 2940 2732 ut
2984 2677 3048 2733 in
3092 2680 3415 2751 conspicuo
3467 2681 3741 2752 praelium

2088 2764 2277 2831 ﬁeret,
2298 2780 2493 2835 neque
2514 2765 2669 2820 ullas
2691 2766 2964 2822 Barbaris
2988 2767 3199 2823 liceret
3217 2769 3279 2823 in
3291 2771 3579 2826 contectis
3595 2770 3741 2827 locis

2086 2869 2309 2925 ponere
2327 2853 2598 2924 insidias,
2622 2855 2686 2910 in
2711 2858 3166 2928 Romanumque
3193 2860 3519 2914 exercitum
3541 2876 3612 2914 ex
3641 2877 3741 2916 oc-

2087 2942 2246 3000 culto
2267 2944 2503 3001 cooriri.
2539 2943 2803 3001 Vidisses
2834 2950 2975 3002 tunc
2994 2963 3202 3019 agrum
3226 2964 3331 3003 suo
3364 2948 3576 3004 decore
3602 2966 3739 3021 spo-

2086 3033 2222 3090 liari
2250 3052 2264 3092 :
2298 3035 2521 3091 etenim
2577 3040 2705 3092 erat
2731 3036 2953 3107 ubique
2985 3038 3240 3109 opimus,
3290 3039 3508 3111 pabulo
3541 3040 3734 3111 laetus,

316 3128 446 3188 νοῦς
476 3124 832 3191 ἐπιτίθεσθαι.
873 3130 974 3183 Ἠν
1021 3124 1113 3179 οὗν
1162 3123 1262 3193 τήν
1315 3122 1503 3198 χώραν
1552 3119 1685 3177 ἰδεῖν
1742 3121 1833 3177 τὸν
1890 3120 1974 3178 οἷο

2091 3126 2366 3199 stirpium
2404 3127 2687 3183 varietate
2718 3144 2982 3196 comans,
3011 3128 3391 3185 fundentium
3421 3147 3736 3203 pomorum

315 3220 467 3271 κεῖον
497 3214 778 3291 ὡραϊσμὸν
816 3209 1269 3271 ἀποϐάλλουσαν·
1328 3209 1603 3286 εὐδαίμων
1646 3213 1747 3289 γὰρ
1797 3213 1976 3269 ἅπασα

313 3304 406 3361 καὶ
470 3300 692 3369 εὔϐοτος
752 3305 800 3342 ²⁴
855 3306 970 3379 (38)
1026 3303 1117 3360 καὶ
1175 3307 1356 3382 φυτῶν
1417 3300 1586 3366 ἰδέαις
1641 3301 1971 3377 κατάκομος,

315 3396 420 3451 ὅσα
462 3392 577 3451 οἶδε
632 3395 812 3473 φέρειν
867 3392 1090 3470 ὀπώρας
1146 3392 1406 3457 παντοίας
1462 3392 1699 3469 χυμούς.
1751 3397 1975 3469 Ταρσεῖς

313 3480 375 3540 δὶ
395 3488 520 3549 ταῖς
538 3485 678 3540 κατά
722 3483 1011 3557 Ῥωμαίων
1060 3480 1172 3554 ⁸ἤδη
1230 3477 1532 3558 προϐάσαις
1581 3481 1757 3545 νίκαις
1816 3481 1974 3538 ἐπαι-

316 3575 575 3652 ρόμενοι,
632 3577 853 3651 θρασεῖς
907 3575 1044 3637 τὲως
1102 3574 1192 3630 καὶ
1250 3570 1533 3650 ἀγέρωχοί
1586 3594 1729 3638 τινες
1792 3572 1978 3647 ἐξητά-

317 3671 502 3736 ζοντο,
559 3663 661 3721 οὐκ
733 3662 1023 3741 ἠνείχοντό
1074 3683 1136 3719 τε
1189 3663 1440 3738 κατέχειν
1498 3661 1553 3718 ἐν
1612 3662 1824 3725 ἑαυτοῖς
1880 3663 1976 3718 τὸν

315 3752 521 3829 θυμόν,
564 3752 695 3810 ἀλλ’
754 3753 1058 3825 ὑπεξιόντες
1116 3756 1215 3808 τοῦ
1274 3751 1461 3815 ἄστεος
1505 3751 1559 3816 ἐς
1602 3752 1861 3828 καρτερὸν
1923 3751 1975 3823 ἐξ

316 3843 623 3902 ἀντιπάλου
680 3847 1118 3920 παρεκροτοῦντο
1174 3844 1222 3880 ³⁸
1280 3841 1677 3916 συνασπισμὸν,
1747 3844 1973 3917 τολμη-

314 3935 604 3997 τίαιτινες
633 3935 725 3991 καὶ
781 3932 1220 4012 θαρραλεώτεροι
1274 3937 1374 3989 τοῦ
1433 3931 1658 4010 μετρίου
1711 3933 1820 4009 πρὸ
1877 3940 1978 4004 τῆς

313 4032 417 4084 τοῦ
446 4025 705 4101 πολέμου
734 4025 926 4103 πείρας
980 4022 1448 4099 ἀναδεικνύμενοι.
1499 4025 1563 4083 Ὀ
1610 4022 1668 4081 δὲ
1720 4023 1978 4101 βασιλεὺς

312 4117 410 4175 καὶ
439 4117 599 4181 αὐτὸς
625 4117 720 4172 τὸν
771 4118 818 4154 ²⁶
873 4116 1113 4189 ἄλκιμον
1169 4114 1259 4171 καὶ
1315 4113 1606 4192 ῥωμαλέον
1653 4121 1757 4184 τῆς
1813 4135 1977 4191 στρα-

309 4212 437 4271 τιᾶς
495 4205 727 4284 ὑπεξῆγε
779 4208 877 4261 τοῦ
935 4206 1179 4281 χάρακος
1238 4207 1373 4278 (39),
1430 4203 1483 4260 ἐν
1546 4203 1865 4281 μεταιχμίῳ
1916 4224 1976 4260 τε

308 4295 545 4367 καθίστη
576 4296 674 4358 τὰς
703 4294 987 4373 φάλαγγας
1018 4298 1156 4371 (40),
1204 4293 1344 4350 κατά
1394 4292 1646 4367 μέτωπον
1698 4293 1796 4368 μὶν
1843 4292 1976 4356 τοὺς

305 4383 689 4462 πανσιδήρους
748 4385 986 4450 ἱππότας
1042 4384 1231 4455 ἱστῶν,
1288 4382 1566 4461 ὲξόπισθεν
1627 4381 1685 4440 δὲ
1749 4382 1972 4458 τοξότας

2036 3228 2041 3233 ·
2089 3216 2379 3289 cujusque
2409 3216 2642 3289 generis
2672 3234 2935 3290 sapores.
2959 3218 3299 3284 Tarsenses,
3328 3220 3735 3292 superioribus

2083 3307 2343 3364 victoriis
2360 3324 2428 3364 ex
2452 3308 2733 3365 Romanis
2753 3309 3069 3381 reportatis
3090 3308 3252 3380 elati,
3274 3309 3572 3368 feroculos
3603 3329 3735 3368 sese

2085 3395 2158 3451 de
2186 3396 2484 3469 principio
2515 3402 2978 3471 arrogantesque
3024 3397 3447 3471 praebuerunt:
3480 3417 3737 3472 cumque

2086 3484 2148 3541 in
2178 3501 2241 3541 se
2263 3487 2572 3543 continere
2595 3487 2829 3543 animos
2858 3504 2979 3543 non
3003 3489 3494 3561 possent,egressi
3515 3489 3735 3561 oppido

2086 3576 2186 3633 59
2209 3576 2273 3631 in
2296 3576 2529 3633 ﬁrmam
2552 3577 2909 3650 phalangem
2934 3594 3005 3632 ex
3036 3576 3281 3633 adverso
3313 3578 3740 3650 constipaban-

2086 3670 2202 3735 tur,
2234 3665 2490 3722 audaces
2514 3683 2576 3722 se
2606 3671 2785 3738 atque
2809 3667 3063 3723 ﬁdentes
3085 3666 3220 3739 plus
3248 3684 3427 3739 quam
3450 3669 3592 3724 satis
3614 3674 3744 3725 erat

2085 3761 2223 3812 ante
2252 3755 2397 3811 belli
2428 3756 2764 3828 periculum
2797 3757 3201 3813 ostendentes.
3237 3759 3567 3831 Imperator
3596 3760 3741 3816 item

2085 3845 2378 3918 quidquid
2404 3847 2646 3903 ﬁrmum
2675 3846 2999 3919 valensque
3050 3854 3178 3903 erat
3224 3848 3286 3903 in
3335 3850 3620 3918 exercitu,
3670 3867 3741 3907 ex

2086 3935 2296 3992 castris
2328 3936 2545 4003 educit,
2579 3936 2798 3993 infesta
2827 3938 2954 3993 acie
3002 3937 3266 4011 legiones
3314 3940 3639 3997 constituit.
3674 3940 3740 3995 In

2083 4026 2277 4082 fronte
2294 4026 2549 4083 collocat
2570 4028 2801 4098 equites
2823 4028 3398 4100 cataphractos,post
3417 4030 3528 4086 hoc
3558 4030 3739 4103 sagit-

2086 4117 2269 4172 tarios
2303 4122 2363 4172 et
2391 4117 2727 4174 funditores
2757 4135 2770 4172 :
2804 4117 2913 4174 hos
2945 4118 3064 4173 tela
3091 4119 3155 4173 in
3202 4119 3569 4176 adversarios
3602 4120 3740 4175 mit-

2084 4212 2210 4262 tere
2234 4206 2425 4278 jubet.
2459 4208 2525 4263 In
2556 4206 2761 4263 dextro
2815 4223 3001 4262 cornu
3048 4206 3175 4278 ipse
3219 4208 3523 4264 consistit:
3558 4209 3739 4264 innu-

2084 4312 2313 4353 meram
2345 4297 2615 4369 equitum
2666 4301 2961 4353 catervam
3011 4295 3341 4352 inducens:
3374 4297 3436 4352 in
3495 4298 3737 4354 sinistro

2082 4387 2343 4444 Joannes
2371 4390 2767 4460 cognomento
2793 4385 3128 4455 Tzimisces,
3151 4384 3326 4442 Ducis
3347 4385 3543 4443 ofﬁcio
3569 4387 3741 4445 deco-

1526 4567 1589 4623 C.
1631 4567 1694 4624 Β.
1738 4566 1925 4622 HASII
1961 4566 2523 4623 ANNOTATIONES.

382 4716 429 4753 ”
453 4712 607 4769 τουτὶ
638 4714 768 4772 cod.
803 4716 871 4785 et
889 4711 1071 4785 paulo
1103 4716 1243 4785 post
1262 4710 1375 4785 Leo
1404 4712 1671 4785 scribere
1691 4709 1969 4768 debuisse

2088 4707 2285 4785 i8500a:
2302 4708 2409 4785 Δσύξ

2515 4709 2563 4746 ²⁴
2594 4705 2794 4797 εὕωτος
2827 4713 2958 4770 cod.
2990 4713 3103 4771 Sed
3134 4715 3249 4774 vid.
3275 4720 3329 4775 ὅ.
3362 4720 3423 4777 Α.
3460 4716 3735 4797 εὐδαίμων

302 4786 413 4867 γὰρ
443 4788 482 4857 ἡ
523 4785 683 4862 χώρα
711 4817 780 4830 --
814 4779 1038 4847 εὔϐοτός
1070 4779 1130 4840 τε
1157 4781 1249 4839 καὶ
1281 4779 1549 4858 εὔμηλος.
1627 4784 1676 4820 ³⁵
1704 4779 2099 4859 παρεκροῢντοζ
2175 4783 2222 4820 ³⁸
2251 4781 2363 4840 τόν.
2394 4783 2525 4857 Leg.
2559 4783 2643 4840 τό.

303 4985 652 5043 conditione
678 4984 1168 5042 dictionariorum
1200 4985 1573 5043 Graecorum:
1608 4988 1708 5044 Die

301 5059 471 5116 schen
506 5060 743 5116 erter
768 5058 898 5114 sind
915 5058 1055 5113 noch
1082 5060 1143 5113 in
1167 5058 1273 5113 den
1295 5058 1472 5113 besten
1495 5060 1710 5115 Lexicis
1724 5058 1967 5115 schlecht

304 5130 444 5187 oder
472 5129 738 5186 vielmehr
754 5147 861 5201 gar
887 5128 1043 5186 nicht
1071 5130 1303 5201 erklaert,
1322 5146 1380 5185 ιι.
1417 5147 1463 5185 s.
1497 5146 1569 5186 vv.
1604 5132 1678 5186 Ut
1706 5131 1839 5186 ideo
1869 5131 1967 5185 ni-

305 5202 398 5258 hil
429 5202 618 5277 m_agis
649 5200 920 5277 conferre
951 5208 1155 5275 putem
1186 5202 1261 5277 ad
1291 5200 1640 5277 interiorem
1675 5202 1966 5277 cognitio-

304 5290 450 5348 nem
482 5272 700 5348 linguas
713 5272 971 5348 Graecae;
987 5291 1167 5346 quam
1194 5275 1243 5330 si
1274 5273 1348 5329 ad
1364 5272 1794 5348 discernendae
1812 5275 1969 5348 ejus-

304 5346 449 5402 dem
482 5345 753 5402 voc'abuli
783 5346 976 5404 varias
1006 5345 1708 5420 potestates,analogiam
1741 5352 1799 5402 et
1827 5345 1967 5420 logi-

303 5435 445 5476 cam
476 5424 738 5485 secutus,
770 5435 801 5474 e
830 5435 941 5491 sua
987 5419 1243 5491 quisque
1289 5434 1445 5491 penu
1494 5435 1627 5491 qua;
1675 5419 1969 5491 notaverit

303 5435 445 5476 cam
476 5434 738 5485 secutus,
770 5435 801 5474 e
830 5435 941 5475 sua
987 5434 1243 5546 quisqlue
1289 5434 1445 5491 penu
1494 5435 1627 5491 quae
1675 5434 1965 5474 nomveri:

303 5492 542 5564 adferat,
571 5490 734 5547 unde
779 5490 1134 5564 Lexicograp
1184 5492 1201 5545 i
1246 5507 1414 5564 teque
1463 5496 1530 5547 ut
1586 5489 1965 5547 Grammatici

302 5563 559 5636 seligere
584 5578 719 5635 quas
747 5562 951 5636 velint,
985 5562 1044 5618 et
1083 5562 1438 5636 expendere,
1487 5567 1548 5618 et
1597 5568 1965 5631 convertere,

300 5634 382 5692 ad
411 5634 558 5691 usus
588 5634 731 5708 suos
760 5635 1011 5708 possint.

372 5707 487 5781 (37)
517 5705 992 5765 Dedisse—veram
1022 5706 1342 5765 lectionem
1364 5705 1599 5781 opinor,
1624 5722 1966 5781 quanquam

631 5827 897 5891 Panos.
941 5824 1055 5890 Gn.
1100 5826 1335 5891 CXVII.

1736 4985 1968 5057 griechi-
1996 4992 2042 5057 ι)

2075 4984 2139 5041 ἱι1
2352 4986 2473 5074 ‘silt.
2508 4983 2902 5074 αὐτοφονατῇν,
2951 5008 3275 5065 vocemque
3309 4993 3731 5074 _at’1:oc?oveu:1fc

2077 5057 2297 5140 eruditi
2335 5057 2578 5140 dubiam
2595 5057 3051 5140 _ca_r_entemqu_e
3097 5057 3449 5140 auctoritate
3479 5057 3726 5140 'putent.

2075 5130 2381 5211 invenitur
2405 5131 2561 5202 apud
2593 5132 2647 5186 S.
2681 5130 2973 5211 Clement;
3004 5138 3171 5211 Rom,
3232 5130 3512 5211 Constitt:
3540 5143 3731 5211 Apos-

2076 5202 2248 5285 tolor.
2285 5204 2398 5285 i3Q_
2428 5219 2618 5285 uerso:
2672 5202 2765 5285 καὶ
2824 5204 3072 5285 Καῖάφας
3128 5208 3348 5285 ὕστερον
3405 5202 3730 5285 αὐτοφὸνευο

2072 5273 2175 5355 τὴς
2207 5271 2402 5355 ἑαυτρῦ
2434 5271 2676 5355 ἐγένετο..
2702 5278 2944 5355 Formas
2977 5271 3371 5355 elegantiores
3424 5271 3730 5355 αὖτοῖρόνος

2076 5352 2253 5416 atque
2292 5342 2631 5417 a§:_o:pdv:1)c
2663 5348 2885 5405 habent
2912 5342 3138 5408 Lexicva.

2148 5412 2254 5489 (38)
2287 5412 2556 5497 Εᾷϐοτος.
2587 5412 2751 5492 quod
2809 5423 3051 5497 reposui
3099 5441 3205 5495 pro
3254 5425 3547 5497 scriptura
3588 5426 3730 5483 Cod.

2077 5483 2301 5564 εὕωτος,
2335 5490 2586 5564 iteratur
2611 5483 2851 5564 quoque
2881 5483 2969 5550 '41.
3005 5499 3069 5552 Δ.

2147 5563 2257 5632 (39)
2288 5562 2524 5619 Prmivit
2550 5562 2830 5632 Agathi'as
2860 5566 2948 5619 42.
2986 5567 3053 5622 Ι);

2146 5634 2262 5705 (40)
2288 5635 2423 5712 Η-ωο
2451 5634 2840 5712 Combeﬁsius
2871 5637 3045 5693 vertit
3071 5639 3166 5711 IV,
3198 5656 3256 5711 p.
3294 5642 3379 5709 i2,
3420 5638 3738 5712 mediusque

2076 5707 2226 5764 inter
2255 5706 2501 5766 cohortes
2535 5710 2711 5768 stetit.

3297 5830 3378 5892 24
