4128 6436
350 404 469 465 ἨΠ

1762 396 2041 460 LEONIS
2086 395 2411 461 DIACONI

3657 401 3780 463 ’148

357 541 542 605 ratus,
576 511 977 607 prmliabatur,
1008 531 1097 586 vir
1120 529 1353 587 ardenti
1385 530 1644 603 ingenio,
1691 530 1794 603 qui
1826 531 2007 587 auda-

2125 531 2216 585 καὶ
2257 526 2615 604 σφενδονήτας
2684 528 2910 606 βάλλειν
2967 525 3096 591 τοῦς
3154 528 3430 595 ἐναντίους
3482 550 3780 607 προστετα-

356 642 485 681 cem
513 641 573 680 se
597 629 654 678 et
673 621 961 679 fervidum
986 621 1034 675 si
1059 621 1192 691 quis
1217 619 1370 675 alius
1393 620 1753 689 ostenderat,
1773 620 2011 675 tametsi

357 730 602 785 corpore
621 712 815 767 brevis
839 711 1166 783 plusquam
1185 710 1479 765 attinebat
1503 708 1731 772 erat,ad
1753 709 2011 783 efﬁgiem

356 802 604 857 fabulati
635 803 705 873 Τ)
720 801 813 857 dei
862 799 1268 872 bellipotentis
1294 818 1308 867 ;
1343 816 1547 855 verum
1578 800 1819 855 heroica
1850 816 2011 870 quaa-

358 893 491 949 dam
522 894 717 948 inerat
733 892 919 947 virtus
948 909 1016 948 ac
1036 892 1196 947 visin
1213 909 1427 963 parum
1455 892 1725 963 specioso
1744 908 2011 963 corpore.

355 984 687 1054 Imperator
715 982 816 1037 ubi
858 982 1177 1038 classicum
1210 982 1341 1037 cani
1379 981 1580 1052 jussit,
1631 980 1914 1036 videndas
1950 994 2014 1035 se

356 1073 744 1144 prmbuerunt
775 1072 1115 1128 admirabili
1146 1072 1354 1127 ordine
1396 1076 1705 1127 commota)
1747 1071 2013 1143 legiones

357 1165 729 1229 Romanae,et
753 1179 999 1234 campus
1030 1167 1188 1217 totus
1209 1162 1436 1235 fulgore
1458 1178 1759 1217 armorum
1784 1159 2011 1215 micuit.

355 1253 473 1307 Nec
504 1252 773 1307 tulerunt
801 1252 957 1307 hanc
988 1251 1447 1323 impressionem
1493 1253 1813 1306 Tarsenses
1839 1265 1851 1304 :
1887 1247 2012 1315 sed,

354 1347 517 1397 strue
546 1343 853 1397 hastarum
895 1342 1153 1413 telisque
1188 1358 1395 1397 eorum
1420 1341 1520 1412 qui
1549 1357 1583 1396 a
1610 1347 1772 1413 tergo
1790 1338 2017 1412 jacula—

354 1431 1164 1504 banturpropulsi,evestigio
1183 1431 1243 1486 in
1261 1431 1460 1504 fugam
1481 1446 1543 1486 se
1565 1434 2014 1496 converterunt,

354 1520 537 1592 inque
571 1520 857 1592 oppidum
906 1521 1160 1592 turpiter
1207 1519 1475 1577 conclusi
1524 1526 1684 1588 sunt,
1738 1518 2015 1591 plurimis

359 1626 604 1664 suorum
635 1610 747 1665 hoc
778 1609 839 1664 in
871 1610 1153 1665 conﬂictu
1192 1609 1537 1682 deperditis.
1571 1610 1814 1681 Magnus
1862 1626 2015 1681 pras-

358 1705 523 1754 terea
555 1699 735 1754 timor
765 1716 864 1754 eos
896 1699 1157 1768 incessit,
1183 1704 1570 1771 posteaquam
1597 1703 1825 1753 tantum
1854 1714 2016 1753 exer-

356 1788 543 1843 citum
586 1787 792 1843 ordine
824 1789 1249 1860 procedentem
1283 1793 1735 1860 conspexerant.
1767 1789 1856 1843 Ita
1882 1804 2012 1843 mu-

354 1893 489 1931 rum
527 1876 728 1948 oppidi
761 1894 796 1932 a
821 1893 883 1932 se
916 1883 1267 1949 occupatum
1316 1878 1631 1933 tormentis
1680 1877 2011 1933 missxlibus

361 1965 640 2021 ﬁrmant:
683 1966 796 2038 ipsi
830 1966 1128 2023 maznibus
1161 1965 1349 2023 abditi
1381 1966 1780 2037 obdurabant,
1813 1967 2024 2024 adven-

364 2061 489 2111 tum
515 2056 779 2113 hostium
811 2059 1136 2129 excepturi.

2120 619 2258 695 χώς.
2288 619 2382 682 Εἰς
2411 620 2474 675 τὸ
2507 616 2677 693 δεξιὸν
2711 617 2769 674 δὲ
2812 620 2972 695 κὲρας
3021 620 3187 695 αὐτὸς
3237 620 3499 691 εἱστήκει,
3552 622 3778 696 μυρίαν·

2123 707 2249 785 δρον
2277 710 2484 764 ἱππὲων
2518 706 2645 781 ἴλην
2698 708 3117 788 ἐπιφερόμενος·
3176 710 3315 765 κατά
3356 707 3415 766 δὲ
3461 712 3525 766 τὸ
3574 712 3777 768 εύώνυ·

2127 819 2227 872 μον
2283 800 2565 873 Ἰωάννης,
2621 800 2667 872 ᾧ
2722 799 2786 854 τὸ
2844 797 3107 871 ἐπώνυμα
3161 800 3484 873 Τζιμίσκῆς,
3554 805 3624 875 τῇ
3682 806 3783 858 τοῦ

2125 886 2318 952 δουκὸς
2344 890 2484 962 τιμῇ
2538 889 2957 963 σεμνυνόμενος,
3015 886 3399 964 διδγωνίζετο,
3458 891 3597 967 ἀνὴρ
3657 912 3786 969 σφα-

2126 976 2302 1048 δάζων
2332 999 2391 1034 τε
2420 982 2498 1050 τῷ
2527 980 2685 1051 Θυμῷ
2715 981 2845 1051 (41),
2895 978 2985 1033 καὶ
3041 976 3349 1051 τολμητίας
3398 980 3642 1044 ἐκτόπως
3692 981 3784 1038 καὶ

2122 1068 2462 1143 Θερμουργὸς
2493 1066 2538 1122 εἰ
2569 1066 2659 1123 καί
2696 1087 2780 1130 τις
2836 1065 3012 1129 ἄλλος
3060 1065 3542 1143 ἀποδεικνύμενος,
3598 1070 3648 1125 εἴ
3691 1072 3785 1127 καὶ

2121 1158 2183 1214 τὸ
2215 1162 2377 1232 σῶμα
2410 1157 2622 1234 βραχὺς
2657 1178 2741 1219 τις
2774 1157 2906 1233 ὑπὲρ
2947 1158 3011 1212 τὸ
3074 1157 3292 1235 μέτριον
3351 1160 3437 1232 ἦν,
3494 1163 3634 1217 κατά
3685 1163 3780 1218 τὸν

2127 1247 2605 1324 μυθολογούμενον
2663 1245 2842 1304 Τυδέα
2925 1246 3018 1303 τὸν
3099 1251 3381 1325 μαχητήν·
3471 1249 3618 1305 ἀλλά
3697 1271 3784 1315 τις

2122 1338 2342 1413 ἡρωϊκή
2403 1337 2528 1407 ἐνῆν
2588 1338 2730 1406 ἀλκὴ
2788 1336 2880 1392 καὶ
2938 1337 3087 1414 ὁρμὴ
3149 1336 3201 1392 ἐν
3251 1343 3331 1411 τῷ
3417 1345 3785 1415 μικροπρεπεῖ

2122 1425 2332 1483 ἐκείνου
2390 1428 2628 1501 σώματι.
2687 1428 2798 1485 Τοῦ
2855 1423 2914 1482 δὲ
2969 1426 3374 1504 αὐτοκράτορος
3454 1428 3782 1503 ἐγκελευσα-

2128 1515 2288 1589 μὲνου
2314 1515 2378 1572 τὸ
2408 1515 2658 1571 ἐνυάλιον
2702 1513 2982 1587 ἐπαυλεῖν,
3032 1516 3100 1586 ἦν
3162 1512 3294 1571 ἰδεῖν
3353 1516 3629 1593 ἀμηχάνῳ
3681 1518 3782 1575 κόο

2122 1628 2248 1680 σμῳ
2302 1605 2402 1670 τὰς
2450 1606 2767 1678 Ῥωμαϊκὰς
2820 1601 3146 1680 κινουμένας
3204 1605 3513 1683 φάλαγγας,
3575 1608 3665 1663 καὶ
3716 1609 3782 1665 τὸ

2122 1692 2308 1751 πεδίον
2375 1696 2514 1749 ἅπαν
2570 1698 2641 1769 τῇ
2699 1694 2837 1771 αὐγῇ
2888 1699 2997 1750 τῶν
3056 1693 3244 1752 ὅπλων
3297 1698 3782 1773 καταστραπτόμε-

2119 1784 2374 1842 νον.ούκ
2413 1782 2644 1861 ἤνεγκαν
2701 1786 2801 1853 τήν
2857 1784 3128 1855 τοσαύτην
3185 1783 3362 1861 ῥοπὴν
3423 1788 3475 1841 οἱ
3533 1791 3780 1861 Ταρσεῖς·

2122 1880 2245 1940 τοῖς
2275 1872 2333 1930 δὲ
2363 1874 2636 1947 ὠθισμοῖς
2664 1879 2773 1930 τῶν
2809 1873 3049 1931 ἀκόντων
3078 1875 3166 1931 καὶ
3196 1881 3313 1938 τοῖς
3345 1871 3782 1952 ἀκροϐολισμοῖς

2130 1969 2238 2022 τῶν
2273 1964 2597 2041 βαλλόντων
2631 1962 2905 2038 ἐξόπισθεν
2959 1964 3298 2041 βιαζόμενοι,
3349 1963 3576 2036 ἐξαυτῆς
3632 1964 3787 2022 ἔκλι-

2132 2075 2222 2110 ναν
2258 2054 2336 2117 εἷς
2367 2055 2571 2129 φυγὴν,
2602 2053 2693 2110 καὶ
2717 2055 2858 2130 πρὸς
2887 2053 2952 2109 τὸ
2981 2053 3111 2109 ἄστυ
3144 2054 3518 2111 συνεκλείοντο
3549 2056 3784 2127 ἀκλεῶς,

351 2141 647 2209 πλείστους
671 2149 780 2200 τῶν
815 2145 1029 2201 οἰκείων
1060 2147 1207 2222 παρὰ
1262 2144 1465 2218 ταύτην
1516 2143 1928 2209 ἀποϐάλλοντες
1957 2148 2002 2184 ³⁷
2025 2146 2125 2215 τήν
2158 2139 2506 2215 προσϐολήν.
2553 2144 2712 2213 Δεινὴ
2763 2140 2822 2199 δέ
2862 2164 2947 2208 τις
3000 2144 3246 2217 ὗπεισῇει
3297 2144 3525 2203 τούτους
3581 2143 3783 2216 δειλία,

351 2233 693 2304 τηλικαύτην
747 2235 862 2307 μετ’
921 2234 1207 2308 ἐμπειρίας
1267 2236 1531 2311 ἀθρήσασι
1589 2240 1878 2312 χωροῦσαν
1937 2233 2178 2304 πληθύν.
2230 2233 2330 2289 Τὸν
2384 2229 2681 2305 περίϐολον
2738 2233 2830 2289 οὗν
2893 2230 3240 2312 διειληφότες
3299 2238 3395 2289 τοῦ
3450 2233 3638 2297 ἄστεος
3693 2235 3786 2291 καὶ

352 2327 543 2379 τοῦτον
574 2329 695 2386 ταῖς
727 2324 1046 2401 ἀφετηρίοις
1083 2327 1166 2399 [Ρ.
1195 2326 1287 2397 37]
1318 2328 1852 2402 κατοχυρωσάμενος
1908 2329 2019 2398 (42)
2086 2329 2387 2400 μηχαναῖς,
2442 2321 2820 2400 διεκαρτέρουν
2870 2322 3147 2399 ἀπρόϊτοι,
3201 2323 3300 2393 τήν
3360 2322 3629 2397 ἐπήλυσιν
3676 2329 3788 2382 τῶν

351 2408 607 2468 ἐναντίων
639 2412 1065 2489 ὑποδεχόμενοι.

426 2504 529 2559 60
559 2505 613 2559 4.
648 2506 1014 2576 Nicephorus
1047 2506 1373 2578 imperator
1402 2523 1537 2562 cum
1565 2522 1806 2562 accessu
1837 2505 2016 2578 plane

356 2599 817 2665 expugnatuque
848 2594 1094 2650 difficile
1126 2611 1254 2651 esse
1288 2596 1571 2668 oppidum
1596 2596 1791 2663 sciret,
1818 2612 2013 2666 neque

351 2698 575 2737 corona
604 2682 736 2753 capi
764 2699 958 2753 posse,
993 2685 1322 2750 constituit,
1356 2701 1476 2739 non
1507 2685 1569 2738 in
1594 2685 1917 2740 discrimen
1949 2700 2011 2739 se

352 2772 569 2826 olTerre
595 2772 1039 2828 inconsiderata
1062 2773 1329 2829 certandi
1352 2774 1699 2847 cupiditate,
1734 2775 1839 2829 sed
1867 2773 2011 2829 fami

349 2859 644 2915 civitatem
668 2860 919 2928 tradere,
945 2878 1077 2932 quae
1101 2862 1327 2918 crudeli
1357 2864 1714 2919 necessitate
1739 2869 1896 2918 esset
1916 2865 2007 2919 vel

340 2948 594 3003 invitam
629 2949 966 3006 subactura.
999 2952 1120 3007 Hoc
1150 2952 1297 3007 inito
1329 2953 1581 3008 consilio
1619 2952 2006 3025 diligentibus

342 3038 626 3093 custodiis
639 3040 924 3110 oppidum
938 3040 1692 3113 cinxit.Tarsenses,quoad
1711 3042 2006 3098 intensior

2199 2501 2260 2561 δ’.
2323 2503 2637 2582 Νικηφόρος
2697 2500 2754 2558 δὲ
2815 2503 2844 2559 ὁ
2903 2501 3276 2580 αὐτοκράτωρ,
3330 2502 3445 2560 ἐπεὶ
3506 2500 3779 2579 δυσπρόσ-

2123 2591 2250 2649 οδον
2308 2594 2358 2630 ³⁸
2412 2594 2656 2669 ἀτεχνῶς
2711 2589 2832 2668 ᾔδει
2888 2592 2979 2647 καὶ
3059 2589 3403 2666 δυσέμϐολον
3450 2593 3615 2648 οὖσαν
3669 2595 3770 2664 τήν

2121 2680 2310 2751 πόλιν,
2342 2683 2431 2739 καὶ
2468 2685 2544 2757 μὴ
2577 2682 2628 2754 ἐξ
2660 2681 2861 2760 ἐφόδου
2893 2679 3202 2757 ἁλώσιμον,
3255 2679 3398 2758 ἔγνω
3449 2685 3525 2755 μὴ
3561 2681 3773 2738 διακιν-

2121 2770 2356 2829 δυνεύειν
2414 2771 2805 2846 πολεμησείων
2864 2768 3194 2841 ἀϐούλευτα,
3280 2772 3427 2828 ἀλλά
3475 2777 3556 2845 τῷ
3620 2772 3775 2845 λιμῷ

2116 2859 2462 2936 παραδώσειν
2524 2863 2596 2932 ³9,
2655 2863 2714 2924 ὅς
2771 2883 2836 2937 γε
2890 2865 2959 2935 τῇ
3018 2861 3242 2937 χαλεπῇ
3321 2862 3629 2938 κατανάγκῃ
3682 2860 3772 2916 καὶ

2115 2948 2347 3006 ἄκουσαν
2405 2952 2826 3026 παραστήσεται.
2906 2952 3085 3007 Τοῦτο
3174 2948 3241 3019 δὴ
3337 2949 3773 3026 βουλευσάμενος

2114 3035 2359 3113 ἀκριϐέσι
2392 3045 2655 3117 φρουραῖς
2684 3041 2747 3094 τὸ
2795 3040 2925 3094 ἄστυ
2984 3037 3227 3109 διεζωσε.
3283 3043 3514 3113 Ταρσεῖς
3560 3039 3638 3109 δὲ,
3666 3036 3772 3102 ἓως

340 3127 529 3183 fames
552 3146 672 3183 non
696 3130 934 3200 penitus
961 3146 1061 3186 eos
1083 3131 1498 3203 exhauserat,e
1518 3132 1780 3188 turribus
1797 3132 2001 3203 jacula

2119 3131 2211 3203 μὲν
2244 3126 2397 3185 οὔπω
2443 3131 2519 3203 μὴ
2580 3124 2887 3203 ἐμϐαθύνας
2944 3129 2973 3183 ὁ
3028 3127 3193 3201 λιμὸς
3241 3128 3517 3191 ὀλοτελῶς
3576 3128 3774 3191 αὐτοὺς

345 3219 407 3273 in
431 3221 729 3276 Romanos
752 3221 1171 3293 conjiciebant.
1202 3224 1505 3279 Posterius
1535 3239 1695 3294 vero,
1730 3241 1865 3280 cum
1891 3224 2004 3278 mi-

347 3308 683 3364 serabiliter
695 3326 796 3364 eos
813 3318 1195 3367 consumeret
1208 3328 1528 3383 rerumque
1545 3315 2003 3370 necessariarun

345 3396 547 3469 inopia
566 3414 816 3470 corpora
848 3399 1202 3468 inﬁrmaret,
1238 3401 1490 3457 vidisses
1519 3401 2004 3474 desperationem

344 3488 639 3555 ultimam,
673 3489 863 3544 diram
896 3490 1240 3545 maestitiam
1274 3507 1406 3562 qua)
1432 3498 1824 3564 occupaverat
1843 3492 2008 3564 oppi-

343 3575 506 3640 dum,
541 3583 879 3633 mortuosos
912 3579 1214 3647 homines,
1247 3580 1319 3635 ab
1351 3581 1563 3637 umbra
1592 3582 1807 3653 spectri
1853 3580 2005 3636 nihil

344 3664 712 3722 differentes.
749 3670 892 3722 Nam
931 3668 1148 3723 inediae
1181 3669 1491 3725 calamitas
1549 3671 1886 3726 miserrima
1916 3676 2005 3726 est

342 3753 703 3825 penitusque
736 3756 975 3812 lethalis
1002 3774 1014 3811 :
1041 3759 1306 3829 corporis
1327 3759 1757 3815 formositatem
1781 3777 2007 3816 emace-

345 3850 457 3904 rat,
491 3844 749 3899 calorem
776 3845 992 3918 frigore
1023 3849 1364 3917 exstinguit,
1397 3851 1599 3905 aranei
1642 3852 1780 3906 texti
1816 3851 2007 3905 instar

347 3932 609 4000 tegmina
637 3934 796 3989 circa
829 3951 964 3990 ossa
989 3936 1289 4007 pendeant
1320 3938 1522 4006 efﬁcit,
1547 3946 1919 4009 mortemque
1941 3945 2008 3994 ut

347 4023 715 4093 pedetentim
732 4024 1301 4083 accedatevocat.Ad
1318 4033 1671 4095 extremum,
1691 4044 1823 4083 cum
1850 4027 2003 4082 into-

348 4113 581 4167 lerabili
610 4112 786 4169 famis
814 4115 1189 4172 incommodo
1216 4122 1453 4189 tamque
1477 4133 1690 4190 magno
1719 4118 2005 4173 exercitui

349 4203 638 4258 obsistere
671 4220 791 4259 non
820 4211 1085 4277 possent,
1117 4207 1454 4278 pactionem
1483 4224 1617 4262 cum
1647 4207 2004 4278 imperatore

343 4294 589 4363 faciunt,
625 4313 807 4367 seque
839 4297 890 4351 ei
924 4296 1171 4365 dedunt,
1207 4299 1279 4353 iis
1306 4298 1773 4366 conditionibus,
1807 4305 1875 4353 ut
1903 4300 2004 4370 qui

348 4385 573 4440 vellent
603 4392 955 4458 potestatem
1007 4388 1301 4444 haberent
1347 4388 1419 4444 ad
1479 4388 1767 4445 interiora
1822 4389 2006 4461 Syriae

343 4475 529 4530 libere
562 4493 624 4529 se
655 4476 1021 4532 conferendi.
1062 4477 1122 4532 Id
1143 4495 1279 4533 cum
1303 4478 1719 4546 concessisset,
1744 4478 2001 4534 induciis

340 4563 534 4631 factis,
562 4564 981 4620 incunctanter
1000 4566 1161 4620 exire
1184 4582 1255 4620 ex
1281 4566 1496 4638 oppido
1530 4582 1629 4621 eos
1652 4566 1838 4638 jussit
1865 4583 2000 4621 cor-

342 4669 487 4723 pora
509 4657 567 4706 et
594 4655 1000 4710 necessarium
1026 4655 1304 4710 vestitum
1331 4655 1523 4711 solum
1544 4656 1881 4712 efferentes.
1908 4656 2001 4713 Sic

336 4742 433 4796 an
465 4740 610 4796 urbe
642 4749 927 4815 occupata
946 4743 1162 4816 praedae
1182 4750 1434 4817 partem,
1468 4744 1701 4813 divitias
1724 4747 2000 4803 innume-

2070 3217 2398 3288 ”ἐξεπίεζεν,
2460 3217 2566 3273 ἀπὸ
2620 3221 2730 3273 τῶν
2789 3216 3013 3292 πύργων
3100 3215 3473 3286 ἀκοντίζοντες
3531 3215 3586 3278 ἐς
3644 3216 3775 3279 τοὺς

2112 3306 2422 3381 Ῥωμαίους
2481 3302 2741 3362 ἔϐαλλον.
2800 3305 2950 3362 Ἐπεὶ
3001 3303 3061 3361 δὶ
3105 3305 3333 3368 τούτους
3389 3303 3626 3379 οἷ’κτρῶς
3681 3304 3777 3359 ἐπ-

2113 3394 2396 3471 εϐόσκετο,
2453 3398 2543 3455 καὶ
2601 3398 2804 3475 ἀπορία
2875 3402 2987 3454 τῶν
3068 3397 3373 3475 ἀναγκαίων
3423 3398 3490 3453 τά
3546 3398 3778 3472 σώματα

2112 3487 2461 3561 ἐλυμαίνετο,
2492 3489 2560 3558 ἦν
2593 3486 2725 3544 ἰδεῖν
2759 3488 3076 3563 ἀμηχανίαν
3133 3486 3337 3559 δεινὴν,
3389 3487 3480 3542 καὶ
3519 3488 3777 3563 χαλεπὴν

2114 3577 2565 3653 σκυθρωπότητα,
2598 3578 2722 3647 ἣτις
2781 3582 3008 3653 κατεῖχε
3062 3579 3162 3646 τὴν
3221 3576 3408 3647 πόλιν,
3464 3576 3769 3652 ἐνερόχρω-

2110 3666 2203 3729 τάς
2234 3688 2293 3722 τε
2329 3666 2457 3729 τοὺς
2509 3664 2728 3742 ἄνδρας,
2780 3668 2872 3723 καὶ
2926 3672 3076 3729 σκιᾶς
3120 3664 3368 3722 εἰδώλων
3419 3663 3581 3722 οὐδὶν
3616 3665 3769 3721 δια-

2112 3759 2395 3832 φέροντας.
2428 3759 2506 3814 Τὸ
2564 3756 2669 3832 γὰρ
2715 3760 2814 3812 τοῦ
2861 3754 3031 3830 λιμοῦ
3061 3759 3105 3793 ³⁰
3134 3757 3308 3819 πάθος
3354 3755 3628 3811 οἳκτιστον
3680 3755 3771 3811 καὶ

2112 3847 2235 3902 λίαν
2268 3846 2544 3921 ὀλέθριον·
2577 3844 2806 3914 ἐκτῆκον
2854 3844 2954 3920 γὰρ
3005 3845 3100 3901 τὸν
3150 3843 3314 3920 ὄγκον
3362 3849 3459 3900 τοῦ
3514 3846 3771 3915 σώματος

2111 3935 2200 3990 καὶ
2256 3937 2320 3991 τὸ
2379 3935 2578 4009 θερμὸν
2650 3930 3015 3990 ἀποσϐεννύον
3074 3938 3411 4010 ψυχρότητι,
3469 3935 3666 3990 ὡσανεὶ
3725 3936 3774 3972 ³ί

2110 4022 2168 4078 ὅν
2202 4024 2614 4098 ἀράχνιον(43)
2662 4029 2781 4085 τοῖς
2841 4022 3050 4085 ὀστέοις
3126 4025 3188 4078 τὸ
3247 4021 3475 4097 ἔλυτρον
3535 4022 3773 4098 περιτεί-

2108 4113 2290 4167 νεσθαι
2330 4109 2626 4183 διατίθησι,
2683 4111 2819 4168 κατά
2879 4112 3072 4188 μικρὸν
3131 4110 3337 4167 ἐπιέναι
3396 4112 3490 4168 τόν
3545 4112 3768 4167 θάνατον

2110 4201 2540 4276 ἐκκαλούμενον.
2575 4201 2723 4259 Ἣπεὶ
2779 4204 2870 4258 οῦν
2930 4204 3037 4279 οὐγ
3085 4202 3193 4259 οἷοί
3236 4223 3295 4259 τε
3347 4204 3480 4273 ἦσαν
3535 4203 3670 4279 πρός
3710 4223 3771 4258 τε

2107 4292 2173 4348 τὸ
2231 4288 2451 4368 ἄμαχον
2505 4296 2602 4347 τοῦ
2660 4290 2830 4366 λιμοῦ
2882 4294 3054 4358 πάθος
3106 4294 3196 4348 καὶ
3282 4294 3420 4368 πρὸς
3499 4295 3770 4362 τοσαύτην

2113 4381 2364 4456 στρατιὰν
2457 4379 2846 4457 διαμάχεσθαι,
2933 4379 3253 4437 σπένδονταί
3308 4402 3368 4436 τε
3421 4386 3501 4452 τῷ
3555 4380 3775 4457 βασιλεῖ

2110 4470 2202 4526 καὶ
2239 4469 2552 4527 ὑπείκουσιν
2594 4474 2663 4543 ³⁸,
2716 4470 2794 4550 ἐφ’
2825 4470 2870 4546 ᾧ
2899 4473 2991 4527 τὸν
3046 4471 3389 4546 βουλόμενον
3445 4468 3534 4525 ἐπὶ
3581 4471 3648 4525 τά
3696 4468 3777 4525 ἐν-

2116 4561 2324 4640 δοτέρω
2354 4564 2555 4641 Συρίας
2594 4564 2895 4628 ἀκωλύτως
2956 4570 3182 4642 χωρεῖν.
3236 4564 3298 4622 Ὀ
3351 4561 3431 4633 δὲ,
3490 4560 3628 4636 ε’ίξας
3683 4562 3775 4617 καὶ

2109 4652 2333 4716 τούτοις
2417 4656 2803 4729 σπεισάμενος,
2891 4656 3085 4710 θᾶττον
3145 4650 3339 4724 ἐξιέναι
3390 4659 3491 4722 τῆς
3556 4650 3777 4726 πόλεως

2113 4741 2458 4819 ἐκελεύσατο,
2487 4745 2556 4800 τὰ
2594 4747 2741 4823 σφῶν
2790 4744 3022 4819 σώματα
3069 4742 3160 4799 καὶ
3214 4746 3324 4799 τῶν
3385 4740 3686 4819 ἀναγκαίων
3727 4742 3775 4777 ³³

1539 4915 1601 4971 C.
1646 4917 1705 4970 Β.
1750 4916 1945 4983 HASll
1983 4916 2549 4990 ANNQTATIONES.

413 5100 458 5136 ³⁷
493 5095 926 5160 ἀποϐάλλοντες.
961 5101 1116 5156 Fort.
1151 5093 1547 5160 ἀποϐαλόντες.

1652 5100 1700 5176 δέ
1732 5095 2036 5176 δύσπροδον
2067 5101 2197 5176 cod,

339 5170 489 5255 πάΟ..
522 5171 813 5255 οῗκτιστον.
866 5171 1080 5255 ράξδδ.
1138 5172 1220 5255 Μ..
1268 5174 1374 5226 342
1427 5168 1593 5255 λιμῷ.
1644 5168 1691 5225 δ’
1729 5168 2053 5255 ,οἳκτίστονη
2080 5173 2285 5255 ρανέειν
2345 5168 2725 5255 καῖ’πότμον-
2777 5172 3044 5255 ἐπισπεῖν.

2303 5103 2347 5138 ³ο
2376 5098 2737 5178 παραδώσειν.
2770 5103 2992 5178 Melius
3036 5096 3436 5178 παραδιδόναι..
3511 5101 3559 5178 ξο
3598 5099 3768 5178 λιμοῦ

3146 5174 3188 5208 ³³
3247 5171 3440 5228 ὡσανεὶ
3508 5169 3590 5229 ὅν.
3650 5169 3772 5230 Nisi

340 5245 527 5301 mavis
560 5245 818 5300 scribere
852 5242 926 5306 ὡς
952 5242 1172 5311 ἀν-ειον,
1206 5243 1317 5299 hoc
1352 5249 1441 5299 est
1470 5242 1930 5319 ὡςάνορώπειον.
2005 5269 2007 5277 ί

2119 5246 2384 5316 πήκουσιν
2419 5247 2549 5304 cod.
2606 5242 2671 5283 ’³³
2705 5248 2837 5322 Leg.
2870 5246 2963 5302 τὸν
2991 5244 3304 5321 ἀναγκαῖον.

406 5416 515 5558 EH)
552 5412 928 5491 Σφαδάζοντες
959 5416 1039 5485 τῷ
1069 5415 1227 5484 θυμῷ
1259 5416 1544 5487 Agathias
1576 5416 1666 5470 42.
1702 5416 1763 5472 Β.

432 5490 519 5557 42)
555 5488 809 5542 Verbum
843 5485 1194 5558 κατοχυρόω,
1240 5490 1453 5550 munia.
1512 5504 1762 5543 commun

432 5490 519 5557 42)
555 5485 809 5542 Verbum
843 5485 1194 5560 κατοχυρόω,
1240 5485 1453 5560 munia.
1512 5488 1843 5552 communio,
1876 5493 1933 5543 et
1965 5503 1997 5543 e

338 5559 562 5614 Lexicis
594 5561 782 5626 abest,
814 5566 873 5613 et
906 5558 1418 5630 ex'sc'riptoribus,
1452 5565 1518 5613 ut
1561 5560 1857 5628 existimo,
1891 5577 1996 5615 an-

336 5630 537 5701 tiquis.
572 5630 746 5701 Apud
775 5631 1141 5687 recentiores
1172 5630 1393 5695 inveni,
1425 5631 1586 5686 velut
1632 5631 1727 5687 bis
1774 5631 1837 5687 in
1872 5632 1999 5688 Vita

342 5700 397 5753 S.
440 5701 551 5754 Nili
606 5700 866 5776 junioris
897 5720 930 5759 a
978 5702 1394 5776 contubernali
1447 5703 1575 5775 ejus
1627 5705 1867 5776 scripta,
1923 5703 1998 5759 ad

337 5775 901 5843 cognocendumque
957 5775 1186 5848 Apuliae
1228 5791 1364 5832 saec.
1416 5791 1491 5832 Ix.
1548 5775 1768 5833 statum
1823 5776 1997 5832 vehe-

2108 5424 2342 5498 menter
2368 5418 2555 5498 utilis,
2589 5421 2678 5498 6_2.
2712 5418 2774 5473 Β.
2807 5413 2977 5498 πάλιν
3032 5415 3427 5498 κατοχυρώσας
3461 5415 3662 5498 ’ἑαυτὸν
3691 5434 3702 5498 ς

2108 5433 2342 5473 menter
2368 5433 2555 5486 unus,
2589 5433 2678 5473 oz.
2716 5433 2774 5473 δ.
2807 5433 2975 5471 παΛιν
3032 5434 3427 5490 κατοχυρωσας
3478 5433 3662 5470 εαυτον

2107 5488 2366 5579 πρὸςντὸν
2396 5488 2779 5579 Batava-Floret;
2810 5495 2877 5579 et,
2916 5491 3004 5544 99.
3059 5488 3583 5579 (:lpaathup-t‘bcgc

2108 5558 2276 5615 αὐτοῦ
2304 5561 2404 5631 τὴν
2436 5558 2661 5633 καρδίαν
2714 5563 2783 5633 τῇ
2816 5558 3014 5619 πίστει.
3077 5564 3223 5618 Item
3278 5558 3467 5633 semel
3525 5562 3589 5615 in
3638 5558 3770 5614 Vita

2109 5634 2162 5689 S.
2191 5632 2615 5711 .tihrlsostomi
2647 5632 2727 5711 ab
2753 5632 3051 5711 anonymo
3087 5634 3246 5711 edita
3272 5632 3413 5689 VIII.
3446 5635 3570 5711 329.
3605 5634 3629 5685 1
3639 5634 3692 5711 _l.

2181 5706 2291 5794 (4‘3)
2314 5699 2481 5796 ,Fo'rt.
2516 5702 2749 5777 legend.
2785 5699 3088 5761 ὡσάὗόἷον
3121 5704 3410 5779 ἀράχνιον,
3459 5704 3575 5774 vel,
3623 5699 3767 5757 ὡσάν

2107 5796 2272 5847 νητον
2303 5795 2504 5853 αραχν.
3136 5824 3141 5829 .
