4128 6420
290 397 413 457 ’749

1622 396 2023 460 HlSTURL‘E
2063 397 2214 459 LIB.
2265 397 2367 460 ιν.

3593 407 3714 466 750

289 526 459 601 μόνον
512 528 909 605 περιφέροντας
954 525 1278 601 ἱματισμόν.
1326 525 1486 585 Οὕτω
1513 523 1581 595 δὴ
1630 528 1731 595 τὴν
1784 525 1950 584 πόλιν

2069 530 2287 586 rabiles
2313 535 2731 603 comportatas,
2767 532 3050 587 exercitui
3072 532 3381 589 distribuit
3404 550 3417 590 :
3444 539 3725 608 receptis-

285 618 456 693 αἱρεῖ,
477 615 566 671 καὶ
617 619 718 686 τῆς
771 615 925 681 λείας
979 616 1041 671 τὸ
1103 616 1199 690 μὶν
1252 620 1322 691 τῇ
1383 620 1605 691 στρατιᾷ
1664 616 1949 691 διανείμας

286 706 369 770 εἰς
454 704 830 781 ἀναρίθμητον
916 705 1156 761 πλοῦτον
1236 706 1622 782 συναγόμενος,
1679 707 1768 761 καὶ
1826 706 1954 770 τοὺς

287 794 618 871 σταυρικοὺς
671 794 879 860 τύπους
934 793 1272 874 ἀνειληφὼς,
1331 794 1423 858 οὕς
1485 792 1544 850 ἐκ
1601 799 1811 871 χρυσοῦ
1862 795 1953 851 καὶ

290 885 465 951 λίθων
521 885 977 961 ὶξειργασμὲνους
1033 884 1172 941 κατά
1228 881 1522 963 διαφόρους
1595 887 1802 960 μάγας,
1853 887 1952 955 τὴν

289 976 614 1048 Ῥωμαϊκὴν
647 972 876 1048 δύναμιν
925 972 1214 1052 τρέποντες
1271 977 1405 1049 (44),
1452 976 1503 1030 οἱ
1556 978 1788 1050 Ταρσεῖς
1846 974 1955 1051 ᾐχ-

299 1063 620 1139 μαλώτισαν
651 1065 720 1135 ³⁸,
750 1063 842 1119 καὶ
872 1066 973 1135 τήν
1007 1065 1170 1120 πόλιν
1201 1063 1505 1140 ἀποχρώσῃ
1558 1070 1782 1140 στρατιᾷ
1826 1086 1957 1120 κατ-

297 1152 768 1231 ασφαλισάμενος,
797 1155 935 1226 πρὸς
980 1155 1081 1224 τήν
1138 1152 1531 1229 βασιλεύουσαν
1586 1152 1718 1213 ἷέτο.
1779 1160 1958 1230 Παρα-

298 1239 489 1301 λαϐὼν
523 1240 581 1300 δὲ
610 1243 839 1316 ταύτην,
882 1243 974 1298 καὶ
1031 1242 1178 1319 παρά
1226 1247 1324 1299 τοῦ
1377 1241 1560 1317 δήμου
1610 1241 1826 1321 δεχθεὶς
1872 1265 1966 1317 με·

291 1331 693 1408 γαλοπρεπῶς,
752 1332 805 1388 ἐν
854 1337 934 1405 τῷ
985 1333 1303 1405 περιπύστῳ
1354 1353 1414 1388 τε
1469 1334 1560 1388 καὶ
1620 1334 1749 1407 θείῳ
1806 1337 1960 1406 σηκῷ

2063 636 2179 690 que
2200 619 2469 675 crucium
2493 619 2980 692 efﬁgiebus,quas
3003 638 3072 676 ex
3094 638 3238 677 auro
3261 628 3439 694 atque
3470 626 3722 697 gemmis

2060 710 2217 765 facta
2236 710 2415 764 variis
2437 708 2659 781 prmliis
2680 709 2812 765 fuso
2829 712 3096 766 Romano
3126 714 3387 767 exercitu
3401 715 3721 771 Tarsenses

2066 805 2369 870 ceperant,
2393 799 2491 853 ubi
2519 799 2802 871 oppidum
2828 799 3040 855 idoneo
3064 802 3340 873 praesidio
3362 803 3718 874 firmaverat,

2067 888 2141 944 ad
2162 887 2374 944 urbem
2400 888 2849 960 imperatoriam
2877 895 2964 945 est
2996 894 3417 957 reversus.Quo
3441 910 3573 949 cum
3592 912 3721 966 per-

2067 979 2346 1047 venisset,
2379 994 2411 1033 a
2439 979 2659 1051 populo
2686 985 2996 1050 susceptus
3024 980 3334 1055 magnifice
3357 982 3418 1036 in
3440 982 3629 1038 nobili
3652 1002 3721 1041 ac

2068 1068 2268 1123 divino
2302 1069 2522 1141 templo
2551 1075 2753 1141 captas
2784 1086 2988 1124 cruces
3019 1070 3329 1142 deposuit:
3355 1073 3719 1144 sedebatque

2069 1157 2230 1212 ludis
2261 1157 2639 1229 equestribus
2671 1175 2737 1214 ac
2767 1159 3116 1214 muneribus
3150 1160 3396 1232 reliquis
3436 1163 3722 1235 populum

2071 1246 2397 1303 delectans.
2433 1249 2915 1320 Spectaculorum
2949 1251 3107 1304 enim
3140 1249 3290 1305 avidi
3326 1257 3465 1306 sunt
3506 1258 3722 1324 praeter

2072 1342 2320 1392 caeteros
2350 1337 2627 1393 homines
2656 1339 3323 1411 Constantinopolitani.

290 1423 421 1487 τοὺς
452 1422 998 1499 αἰχμαλωτισθέντας
1033 1423 1296 1497 σταυροὺς
1328 1422 1559 1495 ἀναθεὶς,
1589 1427 1710 1484 ταῖς
1740 1427 1850 1478 τῶν
1884 1421 2065 1479 ἵππων
2100 1422 2367 1498 ἁμίλλαις
2397 1425 2485 1479 καὶ
2514 1430 2630 1488 τοῖς
2660 1425 2879 1489 λοιποῖς
2911 1427 3159 1501 θεωρίοις
3209 1428 3344 1497 ἧστο
3393 1427 3483 1483 τὸν
3537 1425 3715 1502 δῆμον

292 1512 616 1592 εὐφραίνων.
649 1511 1056 1585 Φιλοθεάμονες
1085 1513 1190 1587 γὰρ
1219 1512 1269 1547 ³⁵
1294 1516 1403 1567 τῶν
1438 1510 1625 1568 ἄλλων
1658 1510 1962 1588 ἀνθρώπων
1993 1512 2306 1582 Βυζάντιοι.

366 1603 454 1677 [Ρ.
486 1602 577 1677 38]
602 1601 662 1658 ε“.
693 1607 856 1677 ’Ἄρτι
889 1595 947 1655 δὲ
975 1599 1098 1676 περὶ
1129 1601 1298 1655 ταῦτα
1346 1599 1679 1676 σχολάζοντι
1728 1597 1954 1677 ἄγγελοι

287 1695 401 1746 τῶν
443 1692 671 1757 Μυσῶν,
737 1690 876 1766 πρὸς
940 1690 1101 1746 αὐτὸν
1157 1690 1468 1768 ἀφιγμένοι,
1527 1687 1655 1753 τοὺς
1712 1688 1953 1764 εἰθισμέ-

2140 1606 2192 1658 5.
2216 1603 2441 1670 Quibus
2471 1604 2649 1661 rebus
2672 1621 2808 1661 cum
2831 1612 2988 1662 esset
3007 1612 3351 1680 occupatus,
3383 1626 3518 1664 ecce
3543 1608 3723 1665 adve-

2068 1697 2289 1747 nerunt
2310 1693 2486 1766 legati
2512 1695 2823 1751 Moesorum
2847 1695 3274 1770 dicentes,rege
3287 1715 3341 1752 n1
3360 1715 3532 1754 suum
3549 1698 3725 1755 solita

287 1794 425 1845 νυυς
454 1780 699 1835 ἀπαιτεῖν
754 1772 946 1854 ἔλεγον
1003 1779 1206 1858 φόρους
1263 1779 1354 1834 τὸν
1412 1778 1665 1855 ἀρχηγὸν
1726 1778 1953 1849 ἑαυτῶν,

2066 1781 2288 1838 tributa
2319 1799 2563 1855 poscere
2591 1799 2604 1837 :
2634 1783 2816 1856 hujus
2838 1784 2924 1839 rei
2953 1801 3131 1840 causa
3158 1768 3330 1841 ill—um
3354 1804 3416 1841 se
3438 1786 3513 1842 ad
3540 1788 3727 1859 impe-

288 1869 378 1948 ἐφ’
415 1870 463 1942 ᾧ
491 1870 584 1925 καὶ
613 1866 811 1931 αὐτοὺς
863 1871 1001 1944 πρὸς
1053 1868 1146 1923 τὸν
1207 1867 1580 1945 αὖτοκράτορα
1623 1866 1832 1924 στεῖλαι
1888 1868 1956 1923 τὰ

288 1962 410 2016 νῦν.
439 1959 503 2017 Ὀ
535 1955 593 2013 δὲ
622 1961 810 2032 θυμῶν
867 1958 1016 2033 παρά
1064 1957 1127 2012 τὸ
1177 1956 1370 2021 εἰωθὸς
1415 1956 1714 2033 πληρωθὸς
1770 1956 1955 2032 (ἰσχυ-

294 2047 601 2125 ρογνώμων
627 2047 730 2126 γάρ
759 2069 839 2112 τις
886 2048 981 2120 ἦν,
1037 2048 1128 2104 καὶ
1181 2048 1260 2121 μή
1318 2047 1576 2110 εύείκτως
1635 2045 1771 2125 ὂρῃῖ
1826 2047 1951 2103 ἀλι-

294 2134 605 2213 σκόμενος),
635 2138 726 2194 καὶ
758 2134 1054 2209 ἀνοιῗήσας
1114 2137 1244 2212 ὑπὲρ
1296 2138 1353 2192 τὸ
1416 2134 1657 2213 μέτριον,
1714 2158 1951 2213 γεγωνο-

293 2229 427 2303 τέρᾳ
452 2249 514 2284 τε
550 2227 936 2304 χρησάμενος,
965 2224 1110 2302 ἤπερ
1145 2226 1370 2299 εἴθιστο,
1404 2231 1472 2303 τῇ
1504 2229 1683 2304 φωνῆ,
1735 2252 1763 2280 ‹‹
1797 2226 1955 2283 Δεινά

291 2316 617 2391 Ῥωμαίοις,
680 2314 808 2394 ἔφη,
864 2317 1187 2393 περιέστηκε
1241 2321 1356 2387 νῦν,
1433 2316 1479 2373 εἰ
1551 2322 1669 2380 τοῖς
1754 2316 1953 2381 ὅπλοις

291 2407 355 2465 τὸ
409 2407 649 2478 ἀντίξουν
708 2407 847 2463 ἅπαν
931 2407 1429 2485 καταστρεφόμενοι
1485 2409 1554 2480 ³⁵,
1613 2407 1753 2464 ἔθνει
1811 2415 1952 2463 Σκυ-

295 2500 459 2571 θικῷ,
498 2502 749 2574 πενιχρῷ
778 2518 837 2554 τε
880 2495 1178 2569 τηνάλλως
1227 2498 1318 2554 καὶ
1378 2502 1581 2578 μιαρῷ,
1643 2496 1798 2570 δίκην
1860 2498 1951 2554 ἆν-

293 2585 585 2664 δραπόδων
618 2588 822 2668 φόρους
855 2587 1151 2646 ἒκτίσουσι.
1186 2612 1217 2643 »
1275 2586 1484 2666 Βάρδαν
1537 2585 1594 2644 δὲ
1642 2588 1732 2644 τὸν
1785 2588 1951 2645 αὐτοῦ

289 2698 516 2749 γενετην
560 2677 909 2756 ἐπιστραφεὶς
968 2670 1150 2753 (ἔτυχε
1204 2678 1308 2754 γαρ
1355 2676 1717 2752 συνεδριάζων
1779 2675 1947 2751 αὐτῷ,

290 2784 496 2854 Καῖσαρ
582 2774 948 2853 ἀναδειχθεὶς)
1028 2774 1193 2851 ἤρετο
1280 2774 1739 2853 διαπορούμενος,
1838 2775 1948 2832 ὄντι

294 2868 562 2944 βούλοιτο
591 2873 711 2930 τοῖς
742 2874 947 2931 Μυσοῖς
977 2870 1011 2938 ἡ
1044 2873 1150 2923 τῶν
1184 2867 1392 2945 φόρων,
1420 2867 1488 2938 ἣν
1518 2871 1624 2922 τῶν
1657 2867 1948 2942 Ῥωμαίων

289 2958 562 3030 αἶτοῦσεν,
596 2957 910 3034 εἷσπραξιςε
950 2983 970 3008 ο
1008 2957 1233 3026 Οἰκέτην
1279 2958 1381 3033 ἆρά
1432 2979 1499 3031 με
1546 2957 1884 3035 γεγεννηκὼς
1906 2960 1950 2995 ³⁷

289 3046 698 3119 λέληθαςςκαὶ
750 3049 778 3103 ὁ
826 3052 936 3103 τῶν
993 3047 1286 3121 Ῥωμαίων
1346 3042 1641 3121 σεϐάσμιος
1695 3047 1952 3123 βασιλεὺς

2061 1876 2322 1927 ratorem
2353 1888 2514 1927 nunc
2572 1872 2827 1928 misisse.
2879 1873 2936 1929 Is
2982 1890 3117 1928 vero
3167 1875 3458 1930 stomachi
3508 1882 3727 1946 printer

2061 1960 2558 2017 consuetudinem
2575 1960 2791 2033 plenus
2806 1962 3028 2034 (lentus
3042 1963 3201 2018 enim
3218 1970 3345 2019 erat
3360 1964 3508 2019 alias
3524 1981 3719 2036 neque

2062 2049 2272 2104 subitas
2291 2050 2615 2106 iracundias
2643 2051 3228 2123 obnoxius),inﬂatus
3248 2070 3430 2125 supra
3452 2070 3546 2109 mo
3563 2053 3718 2122 ium,

2060 2142 2430 2197 contentiore
2464 2158 2642 2213 quam
2672 2159 2789 2213 qua
2818 2143 2901 2197 uti
2923 2143 3152 2198 solebat
3180 2160 3340 2214 voce,
3363 2167 3392 2194 ‹‹
3420 2146 3715 2200 ΑΞΓιιιηηω

2060 2229 2378 2300 Romanos,
2412 2228 2629 2301 inquit,
2662 2230 3112 2287 circumsistunt
3140 2249 3320 2299 nunc,
3373 2231 3444 2299 si,
3494 2233 3705 2288 adver-

2061 2318 2216 2373 sario
2248 2318 2517 2390 quolibet
2540 2312 2723 2374 armis
2747 2320 3015 2388 subacto,
3045 2321 3203 2394 genti
3222 2320 3710 2393 Scythicm,eique

2060 2416 2225 2489 inopi
2259 2422 2436 2489 atque
2466 2417 2737 2490 impura),
2772 2419 2889 2474 ritu
2940 2420 3375 2492 mancipiorum
3423 2419 3709 2475 tributum

2059 2506 2303 2578 pensuri
2327 2512 2485 2562 sunt.
2524 2529 2551 2557 υ
2584 2508 2650 2563 In
2698 2508 3069 2581 Bardamque
3122 2515 3349 2582 patrem
3392 2526 3712 2565 conversus

2059 2595 2231 2666 (forte
2263 2596 2425 2651 enim
2458 2590 2862 2665 assidebat‘is,
2897 2600 3093 2655 Carsar
3122 2600 3544 2667 renuntiatus),
3577 2616 3714 2671 per-

2059 2689 2372 2740 cunctatus
2405 2691 2496 2740 est
2526 2687 2684 2741 velut
2713 2687 3044 2760 ambigens,
3086 2710 3113 2739 ‹‹
3148 2689 3290 2760 quid
3325 2688 3436 2743 sibi
3493 2688 3717 2743 vellent

2061 2772 2222 2828 Μωδὶ
2246 2773 2355 2828 hac
2386 2773 2485 2830 62
2522 2775 2901 2845 tributorum,
2928 2794 3106 2847 quam
3129 2779 3425 2833 Romanos
3439 2783 3712 2848 poscunt,

2058 2871 2414 2926 exactione?
2443 2874 2532 2927 An
2563 2890 2803 2929 vernam
2833 2891 2928 2929 me
2958 2875 3215 2947 genuisti
3243 2874 3635 2930 inscientem?
3656 2878 3716 2930 et

2058 2961 2461 3014 Romanorum
2491 2960 2817 3033 imperator
2847 2967 3143 3035 Augustus
3191 2963 3355 3035 genti
3406 2962 3713 3033 egentissi-

2059 3066 2172 3105 mas
2196 3066 2263 3104 ac
2286 3066 2512 3121 spurcae
2538 3050 2886 3107 tributarius
2904 3052 3312 3123 obnoxiusque
3345 3053 3484 3108 ero?
3506 3075 3533 3102 ››
3565 3054 3712 3107 Tum

290 3134 431 3195 ἔθνει
462 3137 771 3212 πενεστάτῳ
826 3139 914 3193 καὶ
980 3141 1162 3213 μιαρῷ
1229 3135 1429 3215 φόρους
1484 3142 1657 3193 τελῶν
1718 3137 1949 3194 ὑποκεί-

2066 3137 2254 3210 alapis
2287 3140 2562 3212 evestigio
2595 3140 2818 3213 legatos
2851 3141 2996 3197 caedi
3019 3141 3223 3213 jussit,
3259 3146 3336 3209 et,
3363 3164 3388 3192 ‹.
3416 3141 3603 3209 Abite,
3628 3142 3715 3196 in-

291 3246 507 3302 σομαι;
545 3251 567 3279 ι
624 3225 898 3296 Ῥαπίζειν
948 3226 1038 3282 οὖν
1099 3225 1235 3282 κατὰ
1285 3225 1493 3304 κόρρης
1575 3228 1767 3283 θᾶττον
1820 3226 1950 3290 τοὺς

292 3315 563 3393 ἀγγέλους
619 3318 971 3392 προσέταττε,
1030 3316 1142 3389 οιαὶ,
1200 3342 1227 3369 ‹‹
1262 3318 1480 3387 Ἀπιτε,
1541 3314 1668 3394 ἔφη,
1726 3317 1818 3373 καὶ
1874 3322 1952 3391 τῷ

297 3408 685 3483 σκυτοτρώκτῃ
736 3407 829 3463 καὶ
887 3404 1136 3484 διφθερίᾳ
1190 3407 1342 3481 ὑμῶν
1402 3407 1631 3483 ἄρχοντι
1689 3407 1956 3483 ἀπαγγεί-

294 3497 447 3568 λατε,
482 3498 556 3560 ὡς
585 3499 649 3556 Ὀ
686 3500 798 3552 τῶν
853 3496 1143 3572 Ῥωμαίων
1198 3495 1484 3569 κράτιστος
1548 3497 1638 3552 γαὶ
1701 3497 1954 3574 μέγιστος

296 3585 557 3663 βασιλεὺς
616 3587 844 3659 ἐξαυτῆς
896 3588 999 3656 τήν
1083 3587 1182 3656 σὴν
1271 3585 1652 3660 μετελεύσεται
1737 3590 1950 3663 χώραν,

291 3676 529 3741 ἐντελεῖς
560 3698 644 3732 σοι
676 3677 803 3740 τοὺς
834 3676 1037 3755 φόρους
1094 3673 1411 3739 ἀποδιδούς’
1463 3677 1538 3742 ὡς
1582 3677 1777 3752 μάθῃς,
1830 3679 1952 3754 τρί-

289 3763 499 3828 δουλος
548 3763 622 3822 ὢν
685 3764 746 3821 ἐκ
802 3764 1120 3842 προγόνων,
1175 3762 1440 3830 δεσπότας
1477 3765 1606 3831 τοὺς
1662 3767 1950 3841 Ῥωμαίων

288 3856 569 3933 ἡγεμόνας
595 3854 1006 3930 ἀνακηρύττειν,
1057 3855 1169 3931 οὐχ
1225 3856 1297 3919 ὡς
1362 3853 1676 3933 ἀνδράποδα
1722 3858 1952 3922 τούτους

288 3947 495 4022 φόρους
555 3945 746 4004 αἰτεῖν.
782 3968 809 3999 ν
872 3948 1058 4003 Ταῦτα
1112 3944 1281 4001 εἰπὼν
1340 3945 1466 4009 τοὺς
1532 3946 1627 4020 μὲν
1721 3947 1800 4011 εἷς
1855 3950 1955 4019 τήν

289 4036 498 4091 ἑαυτῶν
567 4035 756 4112 χώραν
841 4034 1157 4111 ἀνατρέχειν
1237 4034 1554 4110 ἐξέπεμπεν·
1652 4036 1811 4100 αὐτὸς
1896 4036 1955 4094 δὲ

291 4124 548 4200 στρατιὰν
607 4124 657 4160 ³⁸
708 4123 1016 4200 ἀξιόμαχον
1071 4125 1455 4202 συναγηοχὼς,
1542 4124 1743 4202 ἐχώρει
1820 4129 1956 4184 κατὰ

292 4217 497 4273 Μυσῶν
527 4217 658 4288 (45)ο
688 4213 780 4269 καὶ
812 4212 1046 4293 φρούρια
1105 4214 1225 4289 μὲν,
1283 4216 1383 4270 ὅσα
1429 4215 1723 4290 Ῥωμαίοις
1771 4215 1954 4293 ὅμορα

2063 3230 2213 3302 quit,
2247 3237 2305 3286 et
2335 3230 2621 3302 pellivoro
2653 3238 3012 3288 mastrucato
3046 3232 3167 3304 regi
3193 3237 3383 3289 vestro
3408 3233 3713 3289 nuntiato-

2062 3325 2138 3388 te,
2165 3320 2615 3391 potentissimus
2646 3321 2942 3377 maximus
2972 3320 3713 3392 imperatorRomanorum

2054 3418 2429 3490 jamjamque
2445 3418 2632 3475 obibit
2652 3427 2815 3477 tuam
2838 3421 3591 3493 regionem,integrumque
3606 3420 3713 3475 tibi

2064 3506 2354 3562 tributum
2382 3509 2680 3579 persolvet
2708 3527 2721 3565 :
2755 3516 2820 3565 ut
2850 3510 3067 3578 discas,
3098 3517 3186 3565 ter
3226 3509 3478 3576 servulo,
3519 3526 3554 3565 a
3584 3525 3712 3564 ma-

2054 3594 2291 3666 joribus
2320 3613 2500 3652 verna
2528 3603 2724 3667 natus,
2760 3598 3033 3654 dominos
3054 3615 3400 3670 nuncupare
3425 3599 3717 3653 Romano-

2063 3701 2198 3740 rum
2228 3685 2551 3757 principes,
2582 3704 2777 3758 neque
2812 3687 2947 3743 illos
2973 3693 3039 3743 ut
3082 3688 3381 3759 mancipia
3431 3687 3717 3741 tributum

2063 3790 2331 3845 poscere.
2358 3797 2385 3826 ››
2416 3776 2515 3830 His
2538 3776 2731 3843 dictis,
2760 3794 2859 3832 eos
2876 3783 2942 3833 ut
2962 3777 3023 3832 in
3057 3778 3310 3849 patriam
3341 3780 3721 3832 recurrerent

2064 3864 2280 3919 missos
2302 3863 2475 3919 iecit:
2501 3864 2808 3937 ipsejusto
2832 3871 3135 3922 contracto
3157 3866 3418 3921 exercitu
3439 3866 3719 3921 adversus

2063 3954 2268 4008 Mmsos
2301 3953 2603 4025 profectus
2650 3960 2778 4011 est:
2834 3956 3082 4011 castella
3135 3956 3417 4011 Romanis
3465 3955 3721 4011 finitima

2064 4042 2258 4113 prima
2272 4044 2649 4116 aggressione
2664 4045 3169 4117 cepit.Regionem
3181 4062 3316 4099 vero
3331 4044 3721 4100 considerans

2065 4148 2319 4204 eamque
2343 4134 2665 4190 saltuosam
2680 4140 2859 4206 atque
2872 4134 3215 4208 praecipitiis
3229 4152 3502 4207 asperam
3515 4135 3721 4190 videns

2062 4225 2252 4291 (nam,
2286 4226 2354 4278 ut
2379 4224 2610 4295 poetice
2640 4223 2872 4295 loquar,
2907 4224 2968 4279 in
2999 4226 3312 4280 Mmsorum
3345 4228 3503 4279 terra
3533 4246 3561 4274 «
3595 4239 3722 4280 ma-

1508 4428 1571 4482 C.
1612 4426 1674 4482 B.
1717 4426 1906 4484 HASII
1946 4428 2506 4486 ANNOTATIONES.

365 4565 415 4603 3‘
441 4563 863 4642 ᾐχμαλώτησαν
896 4565 1051 4642 cod.,
1084 4566 1190 4642 sed
1217 4567 1376 4642 infra
1405 4567 1472 4624 D.
1504 4565 2071 4642 αἰχμαλωτισθέντας.

290 4640 728 4712 nemarbitror
752 4640 1024 4712 consulto
1056 4640 1353 4705 omisisse,
1396 4645 1463 4695 ut
1510 4640 1689 4712 supra
1743 4644 1831 4696 28.
1865 4644 1931 4697 A.

292 4800 439 4840 nem

2174 4571 2223 4607 ³⁵
2250 4573 2370 4645 γάρ.
2408 4574 2584 4646 Deest
2612 4569 2955 4646 hiopinov
2991 4571 3109 4627 sive
3166 4570 3295 4646 πρὸ,
3348 4571 3514 4646 quod
3567 4571 3716 4630 Leo-

2036 4643 2082 4679 ³⁸
2134 4642 2652 4719 καταστρεφόμενοι.
2694 4642 3027 4719 Oportebat
3067 4642 3569 4719 καταστρεψάμενοι
3624 4650 3727 4702 aut

289 4710 784 4788 κατεστραμμένοι.
861 4711 908 4749 ³⁷
936 4712 1297 4788 γεγεννηκώς.
1330 4710 1928 4788 Participium,_quo_ci

2066 4732 2109 4788 in
2159 4710 2641 4788 saepe'occurrit,
2688 4710 2924 4772 invenio

516 4784 960 4860 hrysostomuni
976 4801 995 4860 _:
1012 4784 1291 4860 dativum
1319 4787 1438 4860 τοῖς
1470 4784 1861 4860 γεγεννηιιόσινΔ
1882 4786 1958 4840 Hc

2066 4787 2098 4842 ι.
2132 4784 2330 4844 XXVI.
2366 4790 2428 4843 in
2456 4789 2637 4860 prior.
2672 4788 2746 4845 ad
2775 4794 2909 4846 Cor.
2940 4784 3035 4857 ΙΙῘ,
3069 4791 3191 4843 415.
3219 4784 3301 4844 16.
3327 4790 3727 4845 accus»tivum

3016 4724 3187 4772 uater
3229 4717 3386 4788 apud
3437 4718 3490 4771 S.
3546 4719 3725 4773 Joan-

288 4852 425 4919 τοὺς
446 4852 840 4931 χεγεννηιιότας
870 4856 1015 4912 ibid.
1048 4858 1174 4912 408.
1208 4858 1261 4911 4.
1295 4852 1559 4931 _413._'19
1602 4862 1660 4913 et
1684 4852 1958 4931 Orationi

2066 4876 2095 4931 [ι
2145 4860 2316 4927 illud,
2376 4852 2576 4916 Saulus
2624 4860 2865 4931 spirans,
2926 4852 3036 4916 etc'.
3098 4861 3237 4915 VIII.
3290 4863 3379 4931 42.
3434 4864 3520 4916 14.
3584 4862 3728 4918 item

294 4927 535 5001 passim
555 4929 714 5002 apud
743 4928 894 4986 alios
925 4934 1197 4985 auctores
1230 4928 1428 4984 minus
1458 4927 1668 4985 bonos.
1701 4928 1897 4985 Codex
1926 4947 1958 4986 n

2072 4930 2211 4987 dose
2243 4935 2553 5006 γεγενηκῶς
2584 4927 2713 5006 (sic)
2744 4930 2998 4995 λέλυθας,
3075 4932 3121 4967 ³⁸
3153 4930 3405 5006 στρατίαν
3434 4933 3565 4990 cod.

375 5107 485 5180 (μ)
512 5108 586 5163 Ut
614 5107 677 5163 in
709 5106 879 5163 clade
900 5106 1202 5180 Stypiotaa,
1238 5122 1343 5179 pro
1376 5106 1505 5179 ipso
1537 5107 1701 5163 Tarsi
1727 5107 1968 5180 oppido.
2000 5109 2047 5174 D
2078 5124 2172 5164 zer
2201 5111 2413 5166 Nestor.
2451 5108 2545 5164 od.
2579 5109 2861 5165 Russische
2898 5109 3158 5166 Annalen
3203 5110 3263 5163 in
3312 5110 3463 5165 ihrer
3510 5108 3731 5163 Grand-

298 5179 608 5235 Cedrenus
636 5181 708 5236 ΙΙ.
743 5182 868 5235 655.
901 5183 958 5234 C.

380 5252 492 5323 (45)
519 5254 604 5308 De
663 5257 930 5323 tempore
972 5249 1547 5323 hujusibelliﬂcum
1610 5250 1901 5323 Bulgaris,
1936 5268 1971 5308 a

345 5321 608 5395 lerisque
634 5321 872 5379 silentio
886 5321 1274 5395 prastermissi
1294 5321 1418 5395 diffi
1428 5322 1682 5395 cultates
1695 5321 1972 5379 oriuntur

347 5341 608 5395 uerisque
634 5341 1274 5395 suenuopraetermissi
1294 5341 1969 5379 uimcuuatesoriuntur

300 5341 415 5452 Eeo
448 5395 890 5469 expeditionem
922 5395 1222 5467 Syriacam
1255 5394 1592 5465 Nicephori,
1628 5393 1729 5449 ubi
1765 5396 1969 5449 Antio-

300 5466 438 5521 chia
460 5473 688 5521 tentata
714 5473 823 5521 est.
843 5466 915 5521 ad
939 5482 1032 5521 an.
1060 5469 1185 5521 968.
1212 5466 1464 5521 reiicere
1485 5465 1969 5521 videtur.b‘ellum

296 5466 438 5523 chia
460 5466 689 5532 tentata
714 5473 823 5533 est,
843 5466 915 5522 ad
939 5466 1032 5522 an.
1060 5469 1185 5521 968.
1212 5466 1464 5538 rejicere
1485 5466 1972 5535 videtur,b'ellum

297 5539 681 5621 Bulgaricum
709 5540 968 5621 an1966,
999 5538 1219 5621 locare,
1252 5553 1363 5621 nec
1402 5538 1515 5592 hoc
1557 5536 1687 5621 sine
1734 5538 1968 5621 spe-cie:

296 5610 443 5684 quia
466 5613 593 5683 jam
624 5629 721 5669 an.
756 5613 881 5667 967.
917 5611 1238 5684 repentina
1268 5611 1594 5684 Bassorum
1622 5610 1709 5684 vis
1740 5610 1801 5664 in
1833 5610 1972 5684 Bul-

297 5681 530 5756 gariam
566 5684 793 5756 ingruit
814 5684 892 5753 (ν.
929 5682 1113 5756 Engel
1145 5681 1475 5756 Geschichte
1509 5681 1601 5756 des
1635 5682 1974 5756 Ungrjsclien

300 5753 504 5815 Reiehs
533 5753 661 5814 und
681 5757 861 5813 seiner
888 5753 1272 5812 Nebeialander
1298 5755 1341 5810 ι.
1385 5754 1508 5811 363.
1561 5754 1624 5809 Β.
1674 5758 1733 5810 et
1769 5753 1977 5811 Schlo-

2077 5182 2308 5285 sprqche
2342 5182 2401 5237 V.
2438 5183 2558 5238 128.
2598 5181 2709 5250 Β.).
2744 5181 3031 5236 Eumdem
3072 5181 3345 5237 ordinem
3396 5185 3731 5250 temporum

2079 5254 2323 5332 legium
2346 5251 2656 5332 adﬁnngl.
2683 5253 2872 5332 Baron
2912 5254 3005 5332 iV.
3043 5255 3127 5308 13.
3254 5252 3731 5332 et___19._C.‘cons—

2081 5321 2311 5380 tituisse
2351 5323 2539 5380 video.
2574 5324 2793 5380 Contra
2823 5325 3124 5379 Cedrenus
3154 5325 3223 5379 ll.
3257 5325 3378 5377 655.
3412 5323 3476 5377 D.
3512 5321 3731 5376 diserte

2079 5396 2183 5459 ait,
2215 5396 2612 5468 Nicephorum
2646 5412 2768 5451 non
2800 5398 2925 5463 968,
2961 5395 3066 5452 sed
3091 5396 3262 5468 tertio
3286 5393 3521 5468 imperii
3550 5409 3733 5460 anno,

2081 5467 2183 5539 qui
2215 5475 2304 5524 est
2329 5465 2425 5524 an.
2460 5471 2583 5534 966,
2637 5468 2892 5523 intrasse
2943 5468 3191 5538 Syriam,
3236 5465 3733 5539 Antiochiamque

2083 5537 2740 5611 tentasse;eademque
2773 5537 3210 5611 computatione
3262 5537 3335 5611 Ife
3386 5538 3540 5611 βείω
3588 5552 3733 5592 usus

2082 5617 2190 5666 est.
2223 5613 2365 5667 Hist.
2401 5611 2485 5667 dum
2506 5608 2884 5682 BasEmpire,
2905 5608 3067 5665 'XVL
3097 5609 3350 5682 7114.70.“
3373 5608 3734 5682 Cgontroverf

2083 5682 2233 5738 siam
2264 5683 2493 5739 dirimit
2532 5677 2957 5752 testim—omum
3009 5677 3354 5752 Luitprandi
3404 5680 3597 5751 Legat.
3662 5679 3738 5736 ad

2084 5754 2324 5827 Niceph.
2362 5756 2539 5813 Phoc.
2586 5756 2707 5812 148.
2738 5758 2801 5811 C.
2837 5753 2937 5826 qui
2968 5752 3366 5826 Nicephorum
3396 5766 3604 5810 mense
3624 5752 3741 5810 Au-
