4128 6434
307 446 424 505 751

1692 421 1971 519 LEONIS
2015 422 2338 486 DIACONI

3617 426 3738 487 75!

306 578 432 633 lum
464 574 620 631 malo
642 570 871 645 gravius
894 583 1076 639 super
1096 565 1321 639 ingruit
1341 577 1566 634 usque:
1593 581 1621 611 »
1636 558 1966 615 saltuosum

2097 556 2168 623 ἦν,
2203 552 2347 610 εἷλεν
2379 553 2432 627 ἐξ
2481 552 2811 645 ἐπιδρομῆς.
2875 555 2990 645 Τὴν
3049 552 3107 611 δὲ
3164 556 3353 632 χώραν
3407 561 3747 634 περισκεψαο

304 683 373 722 ac
392 644 721 720 silvestrem
743 659 939 714 locum
963 670 1320 711 cavernosus
1345 651 1702 721 etabruptus
1728 644 1967 717 excipit,

305 755 543 811 ethunc
566 766 770 806 rursus
796 747 1064 820 paluster
1093 761 1161 801 ac
1192 742 1498 800 madidus:
1531 753 1758 811 aquosa
1788 735 1966 807 plane

304 844 487 916 regio.
520 838 888 897 memoribus
920 836 1127 901 densa,
1161 832 1465 889 montibus
1491 828 1668 885 inviis
1699 824 1968 894 undique

307 912 625 999 clauditur,
654 928 729 984 ad
766 929 999 983 Emum
1025 929 1203 996 atque
1230 922 1554 992 Rhodopen
1613 916 1747 983 sita,
1776 912 1973 970 amni-

309 1025 540 1094 busque
600 1017 876 1075 maximis
934 1012 1342 1085 circumflua):
1406 1011 1561 1065 hanc
1607 1004 1973 1077 Nicephorus

311 1093 637 1184 imperator
665 1107 893 1174 videns,
928 1101 1422 1161 committendum
1456 1115 1576 1154 non
1632 1093 1876 1168 putavit,
1909 1095 1977 1147 ut

315 1201 516 1274 copias
547 1200 649 1255 63
683 1199 981 1254 Romanas
1012 1191 1409 1265 incomposito
1443 1188 1653 1245 ordine
1682 1202 1789 1258 per
1844 1183 1976 1238 loca

312 1271 527 1365 parum
558 1292 686 1344 tuta
715 1286 925 1343 ductas
953 1284 1115 1339 velut
1144 1297 1360 1354 pecora
1411 1277 1604 1333 Μωείς
1652 1271 1975 1330 conciden-

313 1361 418 1437 das
449 1377 763 1452 praeberet.
796 1374 980 1430 Aiunt
1006 1373 1166 1428 enim
1196 1368 1359 1426 haud
1419 1364 1604 1423 semel
1651 1361 1975 1420 offendisse

310 1477 614 1529 Romanos
645 1466 708 1522 in
738 1463 1029 1537 angustiis
1059 1461 1294 1528 Maesia),
1330 1472 1581 1528 esseque
1612 1453 1687 1511 ad
1708 1453 1973 1509 interne-

311 1562 547 1617 cionem
580 1555 923 1613 trucidatos.

2085 664 2268 717 μενος,
2297 645 2388 700 καὶ
2418 644 2622 716 ταύτης
2651 644 2714 700 τὸ
2745 643 3061 723 άμφιλαφὲς
3088 644 3178 700 καὶ
3231 644 3557 720 κρημνῶδες
3606 644 3739 704 ἰδὼν

2082 736 2412 805 (ποιητικῶς
2435 734 2535 811 γὰρ
2570 734 2766 802 εἰπεῖν,
2796 736 2867 809 τῇ
2898 737 3006 789 τῶν
3037 736 3241 791 Μυσῶν
3272 736 3433 812 χώρᾳ
3488 740 3661 809 πάντη
3694 738 3744 774 ³9

2080 825 2246 879 γακὸν
2300 828 2454 897 κακῷ
2509 823 2847 898 ἐστήρικται,
2918 823 3009 878 καὶ
3090 824 3191 893 τὴν
3268 825 3563 903 ἀμφιλαφῆ
3645 846 3741 882 και

2085 910 2363 988 λοχμώδη
2398 914 2585 989 χώραν
2619 910 2983 991 σηραγγώδης
3010 915 3056 950 ⁴⁰
3085 914 3199 988 (46)
3252 913 3342 969 καὶ
3400 913 3742 989 κρημνώδης

2084 999 2364 1078 ἐκδέχεται
2422 1005 2521 1059 εἶτ’
2573 1004 2722 1067 αὖθις
2806 1002 3014 1074 ἐκείνην
3095 1000 3461 1077 τελματώδης
3535 1026 3594 1061 τε
3647 1004 3740 1061 καὶ

2086 1090 2409 1170 σομφώδηςσ
2445 1090 2661 1169 ὑδρηλὴ
2695 1093 2795 1169 γάρ
2848 1092 3093 1155 ἐκτόπως
3144 1095 3179 1163 ἡ
3237 1093 3419 1169 χώρα,
3469 1093 3560 1149 καὶ
3614 1093 3741 1152 λίαν

2084 1178 2367 1253 ἀλσώδης,
2399 1183 2490 1237 καὶ
2521 1178 2667 1258 ὄρεσι
2730 1177 3017 1244 δυσϐάτοις
3069 1183 3376 1258 ἑκασταχοῦ
3433 1182 3741 1259 περικλείε-

2083 1291 2195 1344 ται,
2225 1272 2372 1348 παρὰ
2418 1272 2510 1327 τὸν
2571 1274 2753 1345 Αἷμον
2808 1272 2919 1346 (47)
2976 1271 3067 1327 καὶ
3122 1272 3220 1341 τήν
3277 1270 3550 1344 Ῥοδόπην
3613 1294 3744 1330 κατ-

2085 1360 2364 1434 ῳκισμένη
2397 1361 2484 1416 καὶ
2516 1365 2779 1435 ποταμῶν
2809 1366 2926 1424 τοῖς
2976 1360 3250 1438 μεγίστοις
3296 1360 3745 1439 περιρῥεομένη).

2083 1448 2284 1521 ταύτην
2344 1452 2660 1528 Νικηφόρος
2690 1452 2718 1507 ὁ
2752 1449 3008 1528 βασιλεὺς
3060 1450 3409 1525 θεασάμενος,
3464 1449 3563 1506 οὐκ
3607 1452 3747 1525 ᾤετο

2087 1535 2196 1595 δεῖν
2227 1537 2453 1613 δύναμιν
2481 1542 2583 1611 τὴν
2613 1541 2932 1614 Ῥωμαϊκὴν
2963 1539 3287 1596 ἀσύντακτον
3322 1538 3391 1596 δι’
3422 1539 3744 1617 ἐπισφαλῶν

309 1647 533 1725 χωρίων
566 1645 842 1722 ἐξάγοντα,
875 1640 1067 1696 ὡσανεὶ
1125 1638 1448 1715 βοσκήματα
1497 1630 1907 1710 παρασκευάσαι
1957 1634 2331 1700 κατακοπῆναι
2383 1629 2522 1707 πρὸς
2577 1630 2685 1685 τῶν
2736 1632 2959 1689 Μυσῶν.
3011 1630 3239 1707 Δέγεται
3289 1630 3416 1707 γάρ,
3465 1628 3744 1696 πολλάκις

310 1743 528 1810 ηταῖσαι
559 1733 868 1807 Ῥωμαίους
894 1736 1012 1792 ταῖς
1043 1726 1380 1804 δυσχωρίαις
1411 1725 1645 1793 Μυσίας,
1678 1717 2014 1792 πανολεθρίᾳ
2043 1725 2378 1795 περιπεσεῖν.

385 1832 438 1884 6.
469 1825 788 1885 Constituit
815 1823 1014 1896 igitur,
1047 1838 1155 1893 per
1183 1834 1395 1891 aspera
1450 1821 1628 1887 atque
1678 1809 1965 1883 ancipitia
1995 1814 2040 1878 Β

314 1919 449 1976 loca
478 1917 724 1973 minime
755 1912 956 1969 subire
987 1908 1341 1983 periculum.
1394 1904 1649 1962 Proinde
1702 1905 1974 1958 revocato

319 2007 583 2065 exercitu
613 1999 1191 2073 ConstantinOpolim
1222 1997 1484 2062 revertit,
1516 2000 1575 2052 et
1611 1991 1977 2064 Calocyrem,

320 2096 573 2170 patricia
600 2093 886 2166 dignitate
943 2095 1205 2156 auctum,
1265 2085 1645 2143 temerarium
1691 2085 1983 2155 praeterea

320 2186 690 2256 calentisque
734 2180 958 2254 ingenii
1011 2178 1344 2246 hominem,
1397 2174 1471 2231 ad
1522 2170 1978 2242 Tauroscythas,

325 2294 476 2349 quos
504 2272 758 2346 vulgaris
790 2271 994 2340 lingua
1022 2270 1244 2323 Russos
1294 2264 1609 2320 nominare
1655 2256 1980 2325 consuevit,

318 2367 505 2433 misit,
536 2370 604 2421 ut
630 2364 725 2420 his
758 2378 970 2419 aurum
1003 2357 1391 2415 distribueret
1420 2372 1455 2411 a
1474 2370 1537 2410 se
1556 2352 1642 2407 illi
1671 2350 1979 2416 traditum,

317 2458 393 2514 ad
424 2452 766 2512 centenaria
803 2449 1145 2523 quindecim
1179 2445 1404 2519 pondo,
1439 2458 1660 2514 eosque
1682 2441 1745 2495 in
1772 2440 1981 2494 Mnase-

316 2566 452 2606 rum
476 2548 626 2602 fines
650 2542 1025 2616 perduceret,
1052 2554 1203 2610 quos
1226 2537 1606 2607 occuparent.
1630 2533 1719 2587 Ita
1740 2529 1982 2599 Calocy-

319 2658 416 2696 res
439 2637 683 2711 quidem
711 2633 786 2690 ad
803 2628 1235 2701 Tauroscythas
1267 2626 1569 2699 profectus
1600 2628 1725 2679 est:
1758 2623 1886 2693 ipse
1920 2619 1982 2674 in

322 2732 547 2787 circum
580 2724 914 2782 oscendens
947 2724 1255 2793 equestres
1286 2716 1460 2773 ludos
1493 2714 1762 2770 editurus
1783 2727 1986 2769 conse-

323 2821 428 2877 dit.
453 2820 615 2874 Inter
640 2832 773 2888 quae
795 2810 1106 2885 imperavit
1133 2807 1373 2871 scholis,
1396 2811 1465 2862 ut
1484 2806 1545 2861 in
1576 2820 1819 2860 arenam
1847 2802 1983 2858 des-

323 2913 647 2969 cendentes
665 2907 846 2979 inque
869 2902 1029 2960 acies
1050 2899 1352 2973 oppositas
1380 2891 1982 2969 separatm,districtis

322 3001 536 3077 gladiis
566 2996 891 3072 perludum
909 2994 1066 3048 inter
1082 3007 1144 3047 se
1168 2991 1616 3054 concurrerent,
1636 2984 1710 3041 ad
1731 2982 1984 3039 bellum-

327 3110 442 3165 que
468 3093 551 3146 ita
569 3089 1010 3145 exercerentur.
1040 3075 1689 3150 Constantinopolitani
1713 3090 1873 3136 vero,
1896 3070 1983 3127 rei

2150 1809 2213 1878 ζ’.
2248 1813 2435 1884 ’Έγνω
2467 1806 2582 1878 οὖν,
2620 1808 2698 1883 μή
2732 1805 2822 1865 διὰ
2856 1804 3213 1883 δυσεμϐόλων
3243 1809 3332 1864 καὶ
3391 1806 3745 1887 περισφαλῶν

2090 1897 2317 1975 χωρίων
2366 1896 2812 1957 διακινδυνεύειν.
2872 1900 3032 1957 Ὅθεν
3082 1893 3370 1954 ἀναλαϐὼν
3424 1898 3523 1966 τὴν
3586 1917 3750 1970 στρα-

2087 1989 2208 2044 τιάν
2267 1989 2405 2066 πρὸς
2453 1989 2516 2044 τὸ
2570 1990 2863 2058 Βυζάντιον
2922 1987 3150 2058 ἤλαυνε,
3236 1988 3327 2043 καὶ
3413 1985 3748 2063 Καλοκύρην

2091 2077 2293 2134 ἐκεῖνον
2324 2083 2404 2151 τῷ
2431 2082 2540 2134 τῶν
2582 2078 2881 2155 πατρικίων
2938 2079 3176 2151 τιμήσας
3230 2078 3521 2150 ἀξιώματι,
3580 2072 3751 2152 ἄνδρα

2093 2169 2364 2245 ὁρμητίαν
2386 2168 2682 2242 τηνάλλως
2740 2168 2831 2225 καὶ
2889 2169 3254 2244 θερμουργὸν,
3315 2166 3370 2230 ἐς
3426 2165 3557 2229 τοὺς
3611 2172 3750 2221 Ταυ-

2093 2256 2360 2332 ροσκύθας
2415 2258 2730 2333 ἐξέπεμψεν,
2790 2257 2884 2320 οὕς
2938 2260 2974 2327 ἡ
3031 2257 3189 2326 κοινή
3253 2253 3540 2320 διάλεκτος
3610 2256 3750 2322 Ῥῶς

2095 2346 2279 2403 εἴωθεν
2310 2332 2638 2422 ὀνομάζειν,
2675 2346 2761 2426 ἐφ’
2788 2348 2834 2420 ᾧ
2867 2344 3218 2421 διανείμαντα
3265 2345 3484 2408 τούτοις
3536 2348 3620 2419 (Ρ.
3654 2332 3752 2406 39]

2093 2438 2322 2514 χρυσὸν,
2352 2438 2411 2492 ’ὀν
2470 2438 2620 2511 αὖτῷ
2675 2436 3020 2514 ἐνεχείρισεν,
3074 2436 3148 2498 εἷς
3196 2437 3521 2510 κεντηνάρια
3567 2455 3750 2490 πεντε-

2090 2523 2315 2584 καίδεκα
2345 2531 2460 2597 (48)
2507 2526 3102 2606 συγκεφαλαιούμενον,
3136 2526 3189 2589 ἐς
3219 2526 3320 2595 τήν
3375 2526 3563 2601 χώραν
3611 2545 3745 2581 κατ-

2092 2621 2306 2694 αγαγεῖν
2363 2621 2472 2672 τῶν
2528 2620 2749 2687 Μυσῶν,
2808 2616 3002 2687 ἐαύτην
3092 2616 3437 2691 αἱρήσοντας.
3498 2612 3658 2671 Ἀλλ’
3716 2614 3745 2669 ὁ

2095 2707 2192 2781 μὶν
2248 2704 2581 2782 Καλοκύρης
2664 2704 2718 2769 ἐς
2798 2704 2927 2768 τοὺς
3013 2704 3391 2780 Ταυροσκύοας
3471 2703 3748 2777 ἠπείγετο·

2094 2794 2254 2858 αὐτὸς
2287 2794 2345 2851 δὲ
2399 2796 2549 2866 παρὰ
2604 2796 2667 2852 τὸ
2723 2794 2946 2872 θέατρον
3003 2789 3225 2864 ἀναϐάς,
3285 2794 3508 2849 ἱππικὸν
3570 2795 3755 2866 ἀγῶνα

2090 2887 2330 2956 καθῆστο
2360 2884 2558 2942 τελῶν.
2592 2885 2697 2941 Καὶ
2730 2882 2868 2954 δῆτα
2921 2889 3040 2946 τοῖς
3095 2882 3218 2958 περῖ
3269 2881 3429 2937 αὐτὸν
3490 2883 3757 2955 στρατιώ-

2090 2997 2211 3038 ταις
2266 2975 2502 3045 ἐκέλευε,
2587 2969 2924 3038 καταϐάντας
2977 2972 3066 3029 ἐπὶ
3122 2974 3185 3028 τὸ
3246 2971 3464 3028 στάδιον
3525 2972 3615 3028 καὶ
3677 2971 3755 3036 εἷς

2092 3064 2424 3131 ἀντιπάλους
2472 3065 2865 3141 ἀποκριθὲντας
2917 3063 3202 3142 φάλαγγας
3252 3064 3636 3137 σπασαμένους
3688 3063 3758 3118 τά

324 3151 605 3240 militaris
634 3175 846 3250 ignari,
888 3172 1222 3247 gladiorum
1278 3168 1508 3242 fulgore
1561 3160 1980 3237 pertimefacti,

2097 3154 2419 3250 ﬂium-x115:
2447 3152 2670 3210 παιδιὰν
2718 3151 3067 3225 ἐπαλλήλοις
3102 3157 3144 3189 ⁴¹
3176 3158 3406 3229 χωρεῖν,
3452 3152 3542 3208 καὶ
3590 3152 3760 3227 ταύτῃ

323 3272 625 3342 simulque
658 3267 917 3323 militum
951 3277 1308 3320 concursum
1333 3256 1768 3329 strepitumque
1788 3251 1982 3321 veriti,

323 3369 500 3436 atque
522 3361 595 3417 ob
623 3355 943 3431 spectaculi
970 3353 1297 3410 novitatem
1319 3346 1640 3404 formidine
1673 3342 1892 3412 ail'ecti,
1924 3344 1985 3399 in

320 3455 519 3525 fugam
553 3467 615 3506 se
647 3447 1054 3521 conjecerunt,
1088 3441 1162 3498 ad
1215 3455 1474 3509 suosque
1527 3435 1782 3507 quisque
1831 3433 1986 3489 lares

326 3543 551 3599 cursim
574 3534 945 3612 perrexit.lbi
970 3530 1233 3603 impulsu
1258 3534 1480 3583 temere
1501 3523 1803 3580 ruentium
1829 3520 1987 3577 haud

333 3634 543 3703 exigua
574 3635 799 3700 strages
838 3625 995 3680 facta
1025 3626 1133 3690 est,
1167 3616 1534 3675 conculcatis
1565 3604 1989 3683 suifo'catisque

330 3723 547 3779 misere
580 3716 876 3790 plurimis.
912 3714 1048 3767 Haec
1096 3708 1406 3765 calamitas
1461 3703 1582 3760 odii
1625 3702 1877 3758 civitatis
1924 3701 1988 3757 in

331 3813 434 3867 64
465 3811 888 3879 imperatorem
909 3801 1073 3873 origo
1096 3797 1340 3852 exstitit.
1360 3793 1625 3851 Accessit
1644 3791 1844 3847 fratris
1861 3790 1991 3862 ejus

333 3899 548 3955 Leonis
574 3892 941 3965 Curopalatze
969 3887 1257 3959 iniquitas
1285 3903 1297 3939 :
1321 3885 1421 3957 qui
1444 3883 1600 3937 virili
1625 3880 1990 3952 militarique

333 3991 467 4044 vita:
498 4000 711 4060 genere
742 3982 951 4037 relicto
982 3979 1056 4034 ad
1080 3975 1485 4033 sedentarium
1507 3977 1566 4029 et
1585 3976 1991 4044 quaestuosum

338 4096 402 4135 se
429 4073 840 4139 transtulerat,
871 4068 1167 4139 hiansque
1197 4064 1443 4122 avaritia
1467 4068 1644 4134 atque
1668 4060 1993 4133 cupiditate

337 4184 473 4225 cum
496 4180 751 4223 annonae
769 4158 1073 4232 angustias
1096 4153 1411 4221 inferebat,
1430 4158 1553 4208 tum
1566 4167 1767 4206 rerum
1785 4166 1991 4206 neces-

336 4257 629 4314 sariarum
661 4254 985 4308 immanem
1007 4245 1531 4320 penuriam.Parvo
1547 4241 1707 4297 enim
1726 4245 1993 4313 emptum

329 4348 697 4402 frumentum
730 4339 1028 4397 vendebat
1048 4352 1284 4409 magno.
1314 4332 1704 4403 Manabatque
1728 4345 1997 4386 susurra-

331 4438 413 4492 tio
446 4453 551 4507 per
579 4433 900 4497 civitatem,
935 4426 1215 4500 querelas
1247 4427 1560 4496 spargente
1591 4421 1787 4493 plebe,
1822 4419 1993 4491 quasi

330 4526 636 4600 geminum
655 4539 761 4595 par
776 4522 1049 4583 fratrum,
1068 4515 1337 4589 publicas
1354 4511 1723 4569 calamitates
1736 4509 1987 4582 quaestui

332 4599 586 4683 habens,
618 4615 680 4667 in
708 4610 980 4668 eamdem
1029 4609 1365 4679 turgentem
1414 4618 1621 4675 peram
1668 4599 1991 4657 corrivaret

2095 3244 2469 3323 γυμνάσασθαι
2498 3245 2637 3318 πρὸς
2668 3245 2759 3299 τὸν
2792 3241 3063 3317 πόλεμον.
3098 3242 3385 3312 Βυζάντιοι
3446 3239 3524 3309 δὲ,
3578 3239 3758 3298 πολε-

2101 3339 2276 3409 μικῶν
2337 3332 2512 3411 ἔργων
2568 3335 2810 3410 ἀγνῶτες
2882 3333 3247 3409 τυγχάνοντες
3299 3334 3436 3406 (49),
3486 3333 3585 3401 τήν
3644 3335 3754 3388 τῶν

2097 3423 2262 3500 ξιφῶν
2350 3419 2781 3498 καταπλαγέντες
2863 3420 3062 3494 αύγήν,
3119 3419 3209 3475 καὶ
3263 3420 3363 3489 τὴν
3434 3418 3605 3492 ὁμόσε
3649 3422 3758 3474 τῶν

2098 3515 2442 3585 στρατιωτῶν
2503 3510 2682 3587 ὁρμήν
2744 3509 2834 3566 καὶ
2886 3509 2980 3565 τὸν
3036 3509 3274 3584 πάταγον
3355 3505 3757 3578 ὑποδείσαντες,

2098 3598 2586 3676 ἐκδειματωθέντες
2646 3597 2704 3655 δέ
2758 3602 2838 3672 τῷ
2892 3602 3065 3670 καινῷ
3151 3601 3249 3653 τοῦ
3336 3598 3629 3672 θεάματος,
3684 3594 3761 3659 εἷς

2099 3695 2273 3771 φυγὴν
2333 3693 2636 3768 ἐτράποντο
2696 3691 2789 3748 καὶ
2846 3692 2983 3766 πρὸς
3040 3691 3135 3753 τάς
3204 3694 3352 3769 σφῶν
3414 3690 3591 3754 οἰκίας
3650 3690 3757 3746 ἀπ·

2098 3786 2346 3860 ἑτρεχον.
2376 3785 2476 3841 Ἐκ
2507 3780 2563 3838 δὲ
2595 3786 2692 3838 τοῦ
2716 3782 2967 3853 ὠθισμοῦ
2992 3780 3083 3835 καὶ
3112 3786 3211 3850 τῆς
3242 3781 3473 3835 ἀτάκτου
3507 3783 3677 3854 φορᾶς
3709 3779 3759 3816 ⁸³

2099 3874 2199 3930 οὐκ
2254 3872 2440 3949 ὀλίγος
2495 3873 2661 3936 φόνος
2717 3865 3051 3945 συμϐέϐηκε,
3114 3869 3382 3925 πλείστων
3471 3889 3760 3941 συμπατη-

2101 3966 2297 4030 οὲντων
2327 3963 2419 4019 καὶ
2458 3962 2866 4036 ἀποπνιγέντων
2925 3962 3179 4035 οἷκτρῶς.
3231 3960 3408 4015 Τοῦτο
3455 3958 3517 4011 τὸ
3572 3954 3754 4030 δρᾶμα

2104 4058 2296 4129 μίσους
2341 4054 2385 4090 ⁸³
2442 4052 2666 4131 ἀφορμή
2728 4071 2811 4113 τις
2869 4050 3059 4125 γέγονε
3116 4045 3416 4116 Βυζαντίου
3473 4044 3613 4122 πρὸς
3660 4046 3755 4101 τὸν

2100 4144 2494 4219 αὐτοκράτορα.
2557 4141 2736 4216 Ταύτῃ
2796 4139 3090 4215 παρείπετο
3147 4137 3237 4193 καὶ
3303 4136 3365 4194 ⁸ιὸ
3422 4140 3519 4191 τοῦ
3578 4135 3760 4192 συναί-

2105 4255 2210 4309 μου
2253 4232 2416 4288 αὐτοῦ
2474 4230 2705 4293 Λέοντος
2770 4229 2861 4285 καὶ
2919 4224 3339 4304 κουροπαλάτου
3396 4224 3754 4300 πλημμελὲς·

2100 4323 2248 4386 ὅστις
2277 4323 2369 4378 τὸν
2402 4318 2654 4397 ἀνδρώδη
2685 4320 2774 4376 καὶ
2808 4317 3199 4395 στρατιωτικὸν
3229 4315 3396 4371 αὐτοῦ
3449 4315 3564 4392 βίον
3616 4336 3762 4390 παρ-

2101 4415 2384 4487 ωσάμενος
2414 4410 2550 4487 πρὸς
2588 4412 2681 4466 τὸν
2738 4408 2958 4465 ἀστικὸν
3014 4406 3104 4463 καὶ
3162 4404 3466 4485 φιλοκερδῆ
3532 4406 3758 4479 μετετά-

2102 4507 2253 4579 ξατο,
2299 4501 2481 4574 ἥττων
2534 4523 2595 4558 τε
2650 4501 2955 4578 χρημάτων
3009 4499 3100 4554 καὶ
3158 4496 3471 4572 λημμάτων
3528 4496 3761 4573 γενόμε-

2098 4617 2213 4669 νος,
2247 4590 2513 4650 σιτοδείαν
2540 4590 2827 4669 εἲργάσατο
2883 4590 2973 4646 καὶ
3033 4587 3222 4644 σπάνιν
3279 4592 3387 4644 τῶν
3452 4585 3756 4663 ἀναγκαίων

1537 4776 1597 4831 C.
1641 4776 1704 4831 Β.
1747 4773 1938 4832 HASII
1978 4770 2536 4831 ANNOTATIONES.

401 4978 448 5013 3°
476 4970 651 5043 πάντη
683 5002 753 5014 —-
781 4968 1114 5046 ἐστήρικται.
1156 4965 1327 5024 Iliad.
1356 4964 1426 5021 ΙΙ.
1481 4966 1603 5020 111.

330 5049 379 5086 ⁴³
412 5047 571 5123 μίσος
599 5045 731 5103 cod.

329 5227 498 5299 gusto
531 5238 626 5277 an.
660 5220 783 5275 968.
818 5211 1354 5299 ineipe‘dition‘em
1384 5205 1981 5299 Syriacamnproﬁci-

329 5279 597 5373 geentem
616 5279 1242 5373 conspexitﬁ'azterum
1256 5282 1455 5373 hmc‘et
1466 5279 1780 5373 seguten'tia
1792 5295 1983 5351 usque

331 5350 417 5424 ad
438 5368 619 5422 ﬁnem
649 5350 858 5435 capitis
889 5358 1242 5435 plerumque
1274 5370 1345 5408 ex
1387 5350 1823 5408 Combeﬂsiana
1851 5350 1981 5407 ver-

330 5442 497 5497 sione
524 5442 683 5503 sunt,
724 5429 863 5503 Pagi
890 5429 988 5485 ιν.
1019 5429 1106 5503 ιβ.

401 5493 510 5581 (46)
544 5493 753 5581 νοιςόι
783 5493 966 5560 Leoni
995 5500 1271 5557 adamata
1304 5500 1362 5552 et
1387 5493 1647 5567 Agathiae
1679 5496 1766 5551 37.
1799 5497 1859 5551 C.
1889 5498 1978 5551 52.

329 5580 650 5723 0.01%.
706 5647 856 5723 Emi
913 5638 1642 5723 convallibusmm-bro‘sis
1715 5639 1981 5723 oratorie

329 5712 520 5802 multa
549 5716 1419 5802 Theophylactus‘ﬁimocattlaa
1439 5712 1660 5802 Hister.
1828 5716 1987 5802 Adet

331 5797 469 5850 ante
500 5808 634 5850 eum
668 5781 864 5852 Livius
894 5788 1000 5847 lib.
1030 5787 1155 5845 XL.
1187 5801 1317 5859 cap.
1350 5787 1441 5843 22.
1501 5781 1826 5857 Splendide
1856 5784 1984 5841 Vir-

1706 4962 1754 4999 ‘0
1800 4957 2153 5039 συραγγώδης
2196 4959 2326 5017 cod.

2429 4960 2473 4997 ⁴¹
2526 4958 2683 5015 Fort.
2730 4954 2811 5012 ἐπ’
2859 4951 3159 5028 ἀλλήλοις.
3264 4953 3313 4992 ⁴²
3363 4954 3568 5033 φθορᾶς
3620 4949 3755 5011 cod.

2094 5206 2273 5280 gilius
2308 5205 2514 5277 Georg.
2541 5206 2612 5280 ll.
2647 5205 2791 5261 488:

2168 5318 2180 5332 .
2227 5319 2241 5333 .
2287 5322 2302 5338 .
2348 5321 2359 5333 .
2406 5319 2421 5334 .
2463 5270 2493 5332 Ϊ
2521 5277 2564 5333 0
2593 5280 2692 5346 qui
2719 5293 2803 5331 me
2830 5272 3031 5345 gelidis
3061 5272 3121 5327 in
3151 5270 3564 5346 vallibus/Emi

2164 5352 2337 5409 Sistat
2368 5355 2421 5405 et
2448 5345 2662 5418 ingenti
2687 5362 2967 5403 ramorum
2991 5350 3253 5418 protegat
3284 5345 3524 5418 umbra!

2164 5426 2278 5497 (48)
2314 5416 2602 5497 De_huj_us
2632 5419 2901 5497 pecuniae
2933 5432 3170 5497 summa
3215 5416 3595 5497 Schloezerus
3627 5416 3762 5497 lies-

2096 5487 2207 5551 tors
2235 5487 2586 5553 ᾸηηαιθηὙ.
2620 5487 2722 5546 130
2752 5494 2805 5546 5.
2840 5489 2913 5544 de
2965 5488 3327 5545 centenariis
3378 5491 3595 5559 printer
3641 5487 3762 5540 Du-

2095 5569 2373 5624 cangium
2407 5563 2664 5619 Glossar.
2686 5564 2781 5619 Gr.
2813 5562 2858 5616 Ι.
2886 5560 3012 5617 633.
3036 5561 3098 5620 Ο.
3122 5557 3400 5616 Reiskius
3422 5557 3756 5614 Comment.

2095 5640 2171 5696 ad
2201 5632 2516 5697 Caerimon.
2549 5635 2701 5691 aula:
2732 5634 2969 5706 Byzant.
3002 5632 3073 5689 ll.
3104 5634 3199 5706 44.
3241 5633 3309 5688 Α.

2169 5712 2280 5783 (49)
2311 5708 2592 5785 Agathjas
2622 5698 2803 5785 ἵης-(ᾇ
2833 5703 3069 5785 gmw,
3128 5702 3195 5760 τὰ
3234 5700 3501 5777 πολέμια·
3550 5698 3758 5759 confer

2096 5778 2334 5857 quoque
2363 5778 2452 5840 76.
2487 5781 2554 5837 D.
2592 5782 2652 5835 et
2680 5780 2804 5838 405.
2833 5778 2897 5834 B.
