4128 6440
370 376 500 438 ’153

1691 376 2092 441 HISTORIA!
2136 374 2284 436 LIB.
2330 371 2435 435 ιν.

3686 377 3808 440 754

374 505 829 584 ἀφιλάνθρωπον.
890 508 1114 586 Ὀλίγου
1187 509 1290 587 γὰρ
1372 512 1466 568 τὸν
1522 515 1669 568 σῖτον
1728 510 2016 585 ὠνούμενο

2153 508 2310 565 bona
2339 506 2761 565 multitudinis.
2813 507 2965 574 Quin
3022 507 3202 564 etiam
3232 507 3560 580 imperator
3589 510 3812 567 tributa

370 596 636 655 ἀπεδίδου
702 598 941 657 πολλοῦ.
1029 602 1132 658 Καὶ
1203 603 1534 679 ψιθυρισμὸς
1613 603 1713 657 ἀνά
1778 603 1840 658 τὸ
1908 598 2037 658 ἅστο

366 686 599 764 ἐχώρει,
654 684 1056 746 καταϐοώντων
1105 694 1212 746 τῶν
1265 691 1524 762 ἀστικῶν,
1578 691 1624 748 εἰ
1672 691 1766 754 τὰς
1792 695 1890 746 τοῦ
1918 710 2038 745 κοι-

366 780 473 831 νοῦ
508 778 795 855 συμφορὰς
829 776 939 833 ἴδια
981 776 1150 855 κέρδη
1210 781 1490 852 ποιήσειεν
1541 784 1650 835 τῶν
1682 778 2038 854 αὐταδέλφων

370 869 410 937 ἡ
471 868 723 943 ξυνωρὶς,
780 866 835 930 ἐς
889 869 991 937 τήν
1050 867 1432 945 κερδαίνουσαν
1492 875 1806 935 συνωθοῦσα
1852 871 2032 943 πήραν

370 955 441 1011 τά
466 961 576 1012 τῶν
610 956 861 1016 πολλῶν.
921 958 1025 1016 Καὶ
1077 960 1181 1036 γὰρ
1238 957 1305 1031 δὴ
1362 959 1453 1016 καὶ
1484 961 1513 1016 6
1548 958 1802 1036 βασιλεὺς
1831 960 2033 1037 φόρους

338 1045 498 1110 ,τοὺς
551 1050 721 1121 μήπω
769 1047 1152 1120 ἐπινοηθέντας
1210 1052 1325 1124 (50)
1382 1050 1767 1122 ἀπαραιτήτως
1826 1048 2034 1104 ἐκαινο-

364 1136 555 1211 τόμει,
621 1136 674 1200 ἐς
738 1138 803 1193 τὸ
870 1138 1258 1212 στρατιωτικὸν
1332 1138 1505 1214 λέγων
1574 1136 1878 1216 χρημάτων
1947 1137 2031 1193 ὅτι

365 1226 577 1284 δεῖσθαι
609 1232 851 1304 συχνῶν,
905 1229 996 1286 καὶ
1052 1230 1268 1293 τούτοις
1324 1230 1623 1306 κατέτρυχε
1667 1230 1731 1286 τὸ
1762 1230 2029 1301 ὑπήκοον.

365 1324 599 1395 Λέγεται
658 1318 735 1388 δὲ,
798 1318 905 1377 εἴτε
959 1322 1096 1396 πρὸς
1148 1326 1257 1377 τῶν
1323 1320 1391 1378 τά
1458 1323 1707 1397 μετέωρα
1774 1340 2031 1395 περισκο-

364 1408 619 1465 πούντων
655 1410 826 1476 τινὸς,
885 1408 993 1467 εἴτε
1046 1410 1137 1466 καὶ
1184 1415 1293 1467 τῶν
1357 1408 1563 1486 μονάδα
1599 1410 1715 1487 βίον
1747 1408 2027 1485 ἐπανῃρη-

370 1500 551 1573 μένων
610 1500 700 1555 καὶ
758 1498 948 1575 ἄζυγα,
1005 1498 1419 1571 διενωτισθῆναι
1476 1501 1568 1557 τὸν
1628 1500 2024 1575 αὐτοκράτορα,

361 1588 444 1650 ὠς
501 1590 649 1664 παρὰ
703 1590 804 1659 τήν
861 1590 1138 1667 βασίλειον
1199 1590 1373 1647 ἑστίαν
1431 1588 1693 1661 ἑκπλήσει
1750 1589 1841 1645 τὸν
1880 1589 2017 1665 βίον,

350 1679 660 1756 ἀναιρεθεὶς
719 1681 866 1755 ποιρά
919 1684 1027 1736 τῶν
1094 1682 1391 1756 ὁμοεθνῶν.
1467 1676 1730 1756 Περιδεὴς
1789 1679 1880 1734 οὗν
1939 1682 2019 1751 τῷ

2150 614 2460 670 nunquam
2491 597 2742 653 antehac
2775 598 3100 671 excogitata
3140 597 3494 653 inexorabili
3528 599 3809 655 aviditate

2147 686 2733 753 comminiscebatur,
2766 687 2843 742 ad
2885 686 3174 744 militares
3222 692 3494 759 sumptus
3526 688 3808 744 dictitans

2146 794 2295 849 opus
2308 777 2420 832 sibi
2437 793 2566 832 esse
2580 777 2894 848 pecuniam
2909 793 3291 849 permagnam
3314 776 3671 849 tributisque
3685 778 3805 834 illis

2146 871 2397 926 vexabat
2418 870 2709 926 subditos.
2742 870 2926 925 Aiunt
2954 876 3174 937 autem,
3210 870 3328 925 sive
3367 871 3803 943 astrologorum

2144 961 2344 1032 aliquo
2377 960 2703 1027 divinante,
2740 960 2859 1015 sive
2892 959 3149 1032 quodam
3183 961 3613 1016 monachorum
3645 961 3803 1016 caeli-

2144 1049 2400 1121 bemque
2431 1050 2609 1105 vitam
2643 1050 3076 1122 profitentium,
3103 1050 3162 1105 in
3189 1050 3565 1122 imperatoris
3596 1068 3803 1107 aurem

2139 1141 2395 1209 venisse,
2426 1140 2606 1196 vitam
2631 1139 2719 1195 illi
2751 1140 2813 1194 in
2836 1139 3056 1211 palatio
3090 1140 3465 1212 explendam,
3488 1158 3523 1197 a
3548 1141 3805 1196 civibus-

2140 1246 2256 1302 que
2289 1229 2415 1284 suis
2436 1246 2572 1284 eum
2597 1235 2876 1284 necatum
2901 1229 2989 1283 iri.
3002 1229 3126 1294 Qua
3148 1228 3533 1301 praedictione
3557 1230 3801 1286 timidus

2136 1319 2351 1387 factus,
2384 1317 2784 1373 munitionem
2808 1318 2881 1373 ab
2905 1318 3094 1374 altera
3125 1324 3291 1390 parte
3322 1319 3524 1390 palatii
3552 1320 3614 1374 in
3636 1336 3801 1375 mare

2136 1414 2411 1482 vergente
2443 1408 2518 1463 ad
2548 1407 2797 1463 alteram
2843 1409 2985 1463 item
3019 1425 3181 1464 mare
3240 1414 3609 1480 spectantem
3663 1426 3802 1481 per-

2134 1499 2324 1564 duxit,
2360 1514 2651 1570 muroque
2694 1497 2796 1568 qui
2844 1497 3039 1553 adhuc
3083 1498 3353 1552 cernitur
3381 1498 3620 1553 sublimi
3653 1516 3795 1554 sane

2133 1605 2200 1645 ac
2234 1588 2405 1644 ﬁrmo
2439 1591 2735 1643 exstructo
2768 1587 3221 1660 imperatorium
3265 1587 3451 1644 limen
3484 1594 3697 1656 tutum,
3729 1595 3798 1645 ut

2132 1677 2553 1745 arbitrabatur,
2578 1676 2856 1732 reddidit.

346 1773 594 1845 χρησμῷ
624 1770 890 1846 γεγονὼς,
921 1764 1221 1845 περίϐολον
1254 1769 1312 1826 ἐκ
1339 1773 1436 1826 τοῦ
1467 1770 1693 1845 θατέρου
1727 1765 1926 1843 μέρους
1980 1771 2077 1823 τοῖ’)
2122 1765 2259 1842 πρὸς
2320 1764 2588 1830 θάλατταν
2649 1762 2969 1826 ἐπικλινοῦς
3024 1768 3132 1820 τῶν
3178 1765 3493 1842 ἀνακτόρων
3523 1765 3790 1843 τειχίζειν

344 1858 669 1933 ἀρξάμενος,
701 1858 836 1914 κατᾶ
859 1858 1082 1935 θάτερον
1112 1858 1249 1933 πρὸς
1279 1858 1544 1915 θάλατταν
1578 1858 1922 1933 συνεπέρανε,
1952 1856 2044 1913 καὶ
2073 1860 2263 1931 τεῖχος
2309 1854 2372 1910 τὸ
2420 1858 2510 1909 νῦν
2564 1853 2843 1928 ὁρώμενον
2878 1850 3091 1928 ὑψηλόν
3116 1874 3176 1910 τε
3204 1853 3292 1909 καὶ
3330 1853 3535 1930 ὀχυρὸν
3568 1854 3744 1929 ἐδομή
3768 1888 3791 1900 -

347 1967 505 2015 σατο,
538 1946 629 2001 καὶ
660 1948 761 2017 τήν
794 1947 1072 2023 βασίλειον
1102 1948 1301 2019 ἑστίαν,
1334 1948 1409 2012 ὠς
1440 1948 1793 2018 ὑπετόπαζεν,
1824 1944 2189 2025 ἠσφαλίσατο.

422 2038 511 2111 [Ρ.
542 2039 637 2111 40]
670 2038 730 2107 ζ’.
793 2036 1099 2112 Πρόκενσον
1153 2036 1210 2094 δὲ
1266 2038 1402 2094 κατά
1457 2037 1556 2107 τήν
1610 2042 1708 2093 τοῦ
1751 2041 2013 2111 Σωτῇρος
2049 2041 2095 2105 Β

350 2124 629 2199 ἀνάληψιν
693 2128 831 2182 κατά
885 2128 948 2184 τὸ
1005 2126 1309 2202 εἰθισμένον
1363 2123 1463 2203 ἔξω
1520 2132 1723 2204 τειχῶν
1786 2126 1874 2183 ἐπὶ
1914 2127 2014 2196 τήν

344 2216 700 2289 καλουμένην
762 2219 951 2290 Πηγὴν
1010 2220 1393 2292 ποιησαμένου
1421 2223 1519 2274 τοῦ
1553 2217 1825 2294 βασιλέως
1857 2217 2014 2291 (νεὼς

346 2306 407 2365 δὲ
456 2308 630 2384 ταύτῃ
679 2308 1024 2384 περικαλλὴς
1092 2314 1159 2384 τῇ
1209 2312 1460 2384 Θεοτὸκῳ
1515 2308 1862 2385 δεδόμηται),
1905 2305 2016 2364 δια·

343 2400 505 2475 μάχη
573 2420 656 2460 τις
729 2398 926 2472 μεταξῦ
996 2399 1305 2470 Βυζαντίων
1367 2400 1458 2455 καὶ
1526 2400 1831 2473 Ἀρμενίων
1899 2420 2018 2454 συν·

335 2474 573 2547 ἐϐαινεν,
607 2478 683 2542 ὠς
736 2477 988 2542 πολλοὺς
1048 2481 1188 2557 πρὸς
1243 2485 1351 2536 τῶν
1402 2479 1706 2555 Ἀρμενίων
1737 2486 2013 2556 τρωθῆναι

338 2573 450 2625 τῶν
506 2570 767 2625 ἀστικῶν.
827 2569 989 2643 Ἀρτι
1046 2566 1105 2626 δὲ
1159 2571 1298 2645 πρὸς
1356 2570 1582 2643 ἑσπέραν
1646 2567 1736 2624 ἐπὶ
1786 2570 1854 2623 τὰ
1892 2566 2014 2624 ἀνά-

340 2679 515 2734 κτορα
573 2657 671 2714 τοῦ
730 2655 1004 2734 βασιλέως
1082 2658 1430 2729 ἐλαύνοντος,
1488 2653 1699 2734 ὕϐρεσι,
1756 2658 1864 2713 κάκ
1915 2662 2013 2712 τοῦ

344 2746 649 2820 ἀναφανδὸν
720 2749 969 2826 ἐχρῶντο
1028 2752 1339 2819 Βυζάντιον.
1401 2754 1500 2804 Καὶ
1555 2770 1608 2803 τι
1649 2747 1873 2824 γύναιον
1916 2746 2013 2802 σὺν

338 2843 422 2911 τῷ
451 2839 731 2915 θυγατρίῳ
790 2838 868 2900 εἷς
920 2836 1191 2909 τοσαύτην
1251 2838 1513 2894 ἀπόνοιαν
1546 2834 1777 2908 ἤλασεν,
1811 2835 1888 2900 ὠς
1915 2840 2015 2892 τοῦ

342 2927 568 3003 στέγους
641 2929 921 3002 προκύψαι
995 2928 1087 2984 καὶ
1156 2927 1346 2992 λίθους
1432 2925 1619 3003 βαλεῖν
1711 2927 1850 2981 κατά
1913 2930 2013 2981 τοῦ

341 3011 596 3079 ἄνακτος.
649 3017 716 3073 Ὀ
765 3015 856 3071 καὶ
904 3020 974 3091 τῇ
1050 3016 1305 3091 ὑστεραίᾳ
1352 3016 1489 3091 πρὸς
1553 3019 1653 3070 τοῦ
1699 3016 2016 3091 πραίτωρος

345 3103 555 3184 ληφθέν
614 3103 770 3167 δίκας
814 3106 948 3179 μετά
1003 3109 1100 3160 τοῦ
1141 3103 1434 3181 θυγατρίου
1494 3104 1766 3178 ἀπέτισεν,
1823 3103 1909 3160 ἰπὶ
1959 3126 2013 3160 τι

344 3195 670 3270 προάστειον
729 3194 904 3270 πυρὸς
960 3195 1182 3272 γεγονὸς
1258 3193 1547 3269 ἀνάλωμα,
1608 3193 1909 3270 Ἀναράτας
1967 3195 2014 3232 ⁴⁴

339 3282 712 3357 καλούμενον.
745 3283 879 3339 Τότε
923 3280 991 3352 δὴ
1022 3284 1111 3339 καὶ
1165 3283 1325 3345 αὐτὸς
1372 3282 1746 3359 ἐπεχωριάζον
1786 3284 1815 3338 6
1844 3282 2015 3339 ταῦτα

339 3374 608 3450 γράφοντι
654 3375 703 3412 ⁴⁵
752 3370 1066 3441 Βυζάντιος,
1116 3371 1205 3427 ἐπὶ
1258 3370 1437 3445 λόγων
1490 3370 1772 3447 συλλογήν
1804 3393 1866 3428 τε
1918 3373 2009 3428 καὶ

342 3461 648 3532 παίδευσιν,
694 3465 976 3537 μειράκιον
1031 3459 1129 3522 ὢν.
1179 3462 1457 3537 Ἔφιππόν
1501 3482 1561 3518 τε
1606 3463 1700 3517 τὸν
1739 3462 2010 3539 αὐτοκρά-

337 3573 477 3629 τορα
516 3553 831 3631 Νικηφόρον
869 3548 1040 3628 βάδην
1093 3550 1244 3608 ἰόντα
1296 3549 1516 3628 βλέπων
1549 3548 1640 3606 διὰ
1665 3550 1761 3607 τοῦ
1794 3549 2004 3621 ἄστεος,

336 3642 430 3698 καὶ
508 3641 947 3717 ἀπερικτῦπητον
1024 3644 1137 3716 (Ἠ)
1210 3645 1329 3704 ταῖς
1430 3639 1715 3704 τοσαύταις
1818 3637 2003 3717 ὕϐρεσι

338 3730 603 3801 πέ)οντα,
644 3731 735 3788 καὶ
781 3732 847 3787 τὸ
899 3730 1155 3809 φρόνημα
1207 3730 1475 3804 σταθηρὸν
1526 3727 1884 3801 διασώζοντα,
1913 3732 2004 3786 καὶ

341 3823 421 3887 ὦς
475 3825 550 3899 μή
597 3843 749 3886 τινος
799 3818 1201 3898 ἐπισυμϐἀντος
1249 3824 1442 3877 καινοῦ
1487 3818 1848 3896 διακείμενον,
1892 3819 2005 3877 ἐτε-

2198 2039 2251 2090 7.
2284 2033 2650 2090 Ascensione
2683 2039 2884 2089 autem
2921 2033 3268 2102 Servatoris,
3301 2051 3437 2090 cum
3468 2034 3797 2106 imperator

2127 2140 2408 2196 pompam
2442 2140 2607 2179 more
2640 2123 2814 2179 solito
2848 2128 3014 2179 extra
3045 2140 3248 2179 muros
3274 2123 3348 2179 ad
3370 2124 3794 2195 Pegam,quam

2125 2218 2357 2277 vocant,
2387 2218 2590 2284 ageret
2638 2213 2955 2284 (templum
2987 2212 3068 2266 ibi
3114 2212 3281 2267 miras
3325 2212 3793 2284 pulchritudinis

2126 2301 2393 2375 Deiparaa
2426 2301 2783 2357 mdiﬁcatum
2817 2302 3154 2374 est),pugna
3184 2301 3792 2373 ConstantinOpolita-

2126 2408 2237 2447 nos
2266 2391 2426 2446 inter
2451 2395 2511 2446 et
2541 2391 2854 2446 Armenios
2877 2391 2973 2448 65
3002 2391 3157 2446 facta
3178 2395 3287 2454 est,
3312 2390 3457 2445 adeo
3481 2397 3548 2445 ut
3575 2390 3791 2446 urbani

2126 2480 2466 2553 complures
2516 2480 2587 2535 ab
2619 2480 2919 2536 Armeniis
2950 2480 3504 2536 consauciarentur.
3543 2481 3790 2551 Jamque

2126 2570 2235 2626 sub
2266 2587 2585 2643 vesperum
2613 2587 2749 2626 cum
2782 2569 2856 2637 ad
2880 2570 3166 2642 palatium
3191 2569 3514 2641 imperator
3544 2570 3788 2636 rediret,

2125 2660 2391 2715 convicia
2442 2659 2641 2731 palam
2695 2659 2759 2715 in
2818 2676 2955 2714 eum
3005 2660 3253 2732 jactavit
3308 2659 3541 2715 urbana
3597 2660 3787 2733 plebs.

2124 2759 2280 2824 Quin
2312 2758 2493 2814 etiam
2525 2757 2884 2813 muliercula
2916 2757 3093 2813 simul
3122 2774 3257 2813 cum
3280 2758 3467 2813 filiola
3494 2757 3684 2830 ipsius
3717 2775 3786 2815 eo

2125 2847 2403 2904 amentiaa
2425 2847 2812 2918 processit,ut
2828 2864 2899 2902 ex
2921 2852 3074 2903 tecto
3096 2847 3470 2919 prospiciens
3492 2847 3792 2919 lapidibus

2127 2939 2436 3008 appeteret
2512 2935 2868 3007 principem.
2955 2937 3306 3006 Quanquam
3366 2935 3472 2991 illa
3522 2937 3789 3007 quidem,

2124 3024 2414 3099 postridie
2444 3024 2577 3097 ejus
2601 3024 2719 3080 diei
2750 3042 2786 3080 a
2814 3030 3066 3097 praetore
3097 3025 3551 3097 comprehensa,
3583 3043 3791 3099 pmnas

2125 3131 2246 3170 una
2269 3130 2404 3170 cum
2432 3113 2620 3170 filiola
2643 3113 2816 3170 luens
2840 3113 2902 3169 in
2926 3114 3501 3171 suburbio.Anarata
3522 3115 3788 3188 nomine,

2124 3205 2262 3277 igne
2285 3208 2548 3259 cremata
2570 3204 2854 3259 est.Tunc
2877 3208 2936 3259 et
2956 3219 3060 3276 ego
3080 3204 3515 3270 commorabar,
3539 3205 3641 3276 qui
3663 3205 3790 3263 haec

2127 3293 2413 3361 scribo,in
2431 3292 2579 3349 urbe
2601 3293 3233 3365 Byzantis,litterarum
3250 3292 3784 3365 perdiscendarum

2124 3381 2601 3454 eruditionisque
2636 3382 2853 3451 studio,
2884 3382 3369 3439 adolescentulus
3400 3400 3536 3440 cum
3566 3400 3779 3442 essem.

2122 3474 2209 3529 Ita
2238 3472 2662 3545 imperatorem
2685 3473 3078 3545 Nicephorum
3105 3473 3166 3528 in
3187 3489 3340 3543 equo
3362 3473 3655 3545 gradatim
3678 3490 3786 3546 per

2115 3556 2324 3613 urbem
2356 3562 2597 3614 euntem
2627 3558 3027 3630 conspicatus,
3053 3557 3212 3630 quod
3235 3562 3293 3613 et
3313 3557 3782 3629 imperturbatus

2114 3646 2297 3701 tantis
2353 3646 2730 3703 contumeliis
2787 3652 2965 3716 esset,
2999 3652 3058 3703 et
3086 3651 3350 3703 mentem
3403 3652 3777 3703 constantem

2113 3735 2420 3805 retineret,
2453 3736 2702 3808 perinde
2759 3754 2827 3793 ac
2859 3738 2907 3792 si
2941 3737 3094 3793 nihil
3126 3737 3443 3794 accidisset
3472 3737 3608 3793 novi
3634 3739 3779 3793 atl‘e-

2117 3825 2616 3896 ctus,admirabar
2628 3827 2889 3899 tranquil
2902 3826 3122 3883 litatem
3136 3826 3779 3899 viri,quemadmodum

1566 3975 1631 4031 Ο.
1672 3974 1737 4033 Β.
1778 3974 1969 4030 HASII
2008 3975 2569 4034 ANNOTATIONES.

409 4148 456 4226 ‘f
483 4147 622 4226 με.
654 4144 951 4226 Ονωρ-ἀτας
978 4163 1028 4202 s.
1061 4141 1417 4226 'vapa'notg:
1452 4143 1987 4226 Vid.__Ducangiun_i

2127 4146 2471 4226 [stantinop.
2501 4146 2819 4226 Christian.
2854 4148 2957 4203 184
2986 4148 3052 4203 D.
3098 4148 3144 4185 “
3171 4147 3461 4226 γράφοντι.
3490 4149 3588 4206 Sic
3617 4148 3775 4218 cod.,

340 4218 453 4276 sed
474 4213 601 4277 fere
630 4235 757 4276 non
786 4213 996 4276 dubito
1028 4218 1175 4291 quin
1205 4213 1524 4291 legendum
1554 4217 1632 4273 sit
1658 4213 1882 4294 γράφῶν
1912 4218 1983 4290 τῇ
2015 4268 2016 4271 η

2127 4224 2311 4291 ξαντος,
2340 4213 2519 4290 atque
2549 4218 2632 4275 ita
2656 4220 2823 4275 verti.

417 4372 530 4442 (50)
579 4370 775 4427 Aliam
821 4384 1063 4442 causam
1115 4367 1418 4442 Cedrenus
1466 4368 1634 4442 addit
1679 4369 1748 4442 ll_.
1781 4372 1906 4425 658.
1941 4371 2003 4442 Β.

344 4440 603 4499 nimium
632 4440 900 4498 bellandi
920 4456 1187 4513 amorem
1213 4440 1551 4513 Nicephori,
1573 4440 1852 4513 quodque
1875 4441 2010 4496 sub-

343 4514 502 4571 ditos
531 4514 593 4570 in
624 4513 943 4585 continuas
973 4512 1389 4585 expeditiones
1404 4512 1821 4585 raptosmale
1848 4515 2009 4585 inul-

349 4592 557 4643 ctaret.
590 4586 684 4658 Sic
714 4585 876 4642 enim
930 4579 1349 4658 intelligenda
1377 4579 1503 4658 illa",
1548 4582 1684 4658 πρὸς
1725 4579 2005 4655 Ταξείδιον

345 4660 596 4741 συνεχῶς
625 4654 806 4741 ἔξιών·
842 4656 1002 4741 quod
1048 4654 1158 4741 ad:
1180 4655 1755 4741 [dmidiumassidue
1790 4658 2009 4737 veniens

344 4726 524 4812 vertit
548 4726 879 4812 Xylander,
899 4728 1077 4812 homo
1098 4733 1165 4783 ut
1187 4726 1393 4812 lingua
1411 4728 1604 4812 Attica
1634 4743 1770 4783 cum
1801 4727 2012 4799 primis

348 4800 580 4863 doctus,
610 4798 701 4856 ita
739 4799 1070 4857 Graecitatis
1098 4798 1313 4855 medim
1344 4803 1404 4854 et
1433 4800 1658 4855 inﬂmm
1689 4798 2012 4870 rerumque

348 4874 806 4944 Byzantinarum
828 4872 1076 4944 omnino
1098 4870 1266 4944 rudis
1290 4887 1302 4925 :
1327 4871 1509 4944 inque
1526 4871 2013 4944 annotationibus

348 4941 512 5001 25.D.
544 4945 853 5001 Taxidium
885 4943 1083 4999 locum
1100 4942 1297 5017 fuisse
1312 4941 1473 5017 gvult,
1506 4941 1607 5017 ubi
1637 4943 2012 5017 vectigalium

349 5018 615 5073 rationes
645 5017 1031 5074 ducerentur.
1067 5016 1267 5087 Neque
1298 5015 1470 5079 Goar,
1492 5014 1595 5086 qui
1626 5016 1780 5087 Nott.
1800 5014 2011 5087 'poste-

343 5088 612 5144 rioribus
643 5091 732 5145 53.
777 5089 841 5142 Ι).
874 5081 1239 5158 Χγιοηάτιίω
1273 5081 1528 5158 carpens
1552 5081 2013 5155 ταξείδιονήαυί-

343 5160 630 5227 gationem
658 5176 754 5215 seu
786 5162 893 5214 iter
933 5157 1082 5213 ’mari
1126 5157 1527 5226 conﬁciendum
1562 5159 2009 5230 interpretatur,

346 5232 420 5287 ab
453 5232 616 5287 omni
637 5231 925 5287 immunis
947 5246 1149 5285 errore
1177 5235 1286 5285 est.
1312 5231 1452 5284 Nam
1487 5230 1645 5301 apud
1672 5230 2009 5301 Qedrenum

344 5304 788 5375 scriptoresque
819 5302 959 5375 huic
990 5306 1165 5356 mtate
1200 5317 1498 5375 suppares
1528 5297 1802 5375 ταξείᾷιον
1835 5319 1883 5357 s.
1915 5319 2007 5375 τατ

344 5371 517 5442 aiam
550 5371 709 5430 valet
735 5374 1143 5444 expeditionem
1197 5371 1450 5444 bellicam
1470 5390 1489 5427 :
1531 5373 1666 5444 vide
1692 5372 1824 5428 loca
1852 5373 2011 5443 apud

350 5439 609 5520 Ducang.
644 5439 904 5520 Glossar.
939 5446 1009 5498 ll.
1046 5445 1205 5500 1528.
1238 5446 1301 5499 Β.
1339 5443 1478 5520 lnd_e
1512 5439 1855 5520 “statim;
1889 5439 2008 5520 sive

344 5514 688 5591 ταξιδιάῥης,
719 5517 791 5591 de
837 5517 1221 5591 imperatore,
1269 5516 1802 5591 expeditionarium.
1835 5521 1901 5591 ut
1926 5517 2010 5571 ita

346 5586 571 5655 dicam,
600 5586 941 5661 signiﬁcati
986 5588 1263 5661 hocgest,
1324 5586 1732 5661 expeditiones
1767 5587 2007 5661 crebras

345 5658 798 5732 suscipientem,
817 5660 1088 5732 adeoque
1113 5658 1650 5732 bellatoremNeque
1672 5659 2008 5715 audiendus

345 5729 791 5805 apud—Ducang.
841 5729 1026 5788 Nicol.
1077 5729 1466 5799 Alemannus,
1498 5729 1823 5787 ordinarius
1854 5732 2008 5788 hanc

2116 4388 2169 4428 v.
2197 4371 2599 4441 interpretans
2620 4375 2724 4427 aut
2749 4370 3062 4442 gregarius,
3087 4368 3291 4440 sicque
3322 4370 3611 4441 appellari
3644 4370 3776 4441 opi-

2118 4448 2295 4499 natus
2326 4443 3037 4514 imperatores,quotquot
3065 4458 3203 4513 sago
3229 4442 3474 4497 militari
3507 4442 3776 4513 deposito

2116 4513 2443 4586 purpuram
2473 4513 3144 4586 induerint.Chronicon
3178 4530 3291 4586 ms.
3324 4513 3396 4568 de
3429 4513 3777 4586 reb,Byzan-

2119 4582 2296 4642 linis:
2330 4588 2736 4657 Κωνσταντῖνος
2778 4584 2807 4639 6
2855 4585 2971 4645 υἱὸς
3002 4582 3186 4657 αὐτοῦ
3216 4582 3779 4657 [Πθῐῐιρθλῧοιιὲιᾶῐι-

2120 4658 2228 4713 lini
2260 4658 2358 4729 M.]
2386 4653 2727 4729 ταξειδάρης.
2787 4659 2858 4712 Et
2923 4653 3235 4729 inferiusf
3272 4653 3422 4711 Λὲιιῦι
3456 4655 3485 4709 6
3512 4656 3632 4729 6'16:
3678 4656 3778 4712 αὐ-

2119 4731 2214 4782 τοῦ
2247 4726 2470 4803 [Basilii
2526 4726 2907 4803 Macedonis],
2946 4727 2996 4803 _6
3029 4726 3374 4803 ‘QMO'O’OCPQQ
3415 4727 3652 4803 χρόνους
3680 4730 3778 4799 κε’,

2125 4748 2214 4782 του
2247 4746 2470 4800 [ὕᾶειιιι
2526 4746 2907 4801 macedonis],
2967 4746 2996 4782 0
3049 4746 3248 4803 φιλοσο
3294 4749 3374 4797 ος,
3415 4746 3455 4802 χ
3495 4746 3652 4790 ονους
3680 4746 3778 4799 κε,

2125 4805 2299 4871 μῆνας
2333 4798 2497 4854 ὀκτώ·
2528 4795 3218 4874 ᾼόροοδοξος,,ταξειδάρης.
3251 4749 3420 4874 fdem
3450 4746 3520 4856 se
3549 4806 3780 4859 Joanne

2122 4869 2427 4945 Comneno
2453 4888 2467 4929 ε
2490 4943 2501 4945 _
2526 4869 2782 4945 Ἰωάννης
2816 4871 2869 4945 _6
2894 4871 3053 4945 __ul'0¢
3097 4869 3304 4945 ἀύτοῦ,
3334 4872 3548 4945 [Alexli
3609 4876 3782 4931 Com-

2122 4943 2308 5018 nenl],
2338 4943 2394 5018 Δὁ
2451 4936 2690 5018 εὐσεϐὴςΔ
2873 4939 3167 5018 ⁸ἐλεήμων,
3202 4936 3438 5018 χρόνους
3469 4942 3569 5011 κδ’,
3603 4953 3778 5016 μῆνας

2124 5017 2185 5084 ζ’,
2243 5011 2455 5089 ἡμέρας
2508 5011 2608 5068 κδ’·
2668 5011 3407 5089 ὀρθὸδοξος,ἾῨτ-αξειδάρης.
3482 5011 3628 5072 Item
3668 5011 3777 5073 vde

2122 5087 2390 5159 Manuele
2422 5085 2770 5143 successore
2796 5105 2809 5141 :
2843 5085 3114 5159 Μανουήλ
3149 5087 3177 5141 ὁ
3204 5085 3542 5157 mamma,
3573 5089 3601 5140 ὁ
3632 5092 3775 5159 Πορ-

2120 5156 2813 5248 ιρυρογέννητοςκχρόνουξ
2870 5155 2973 5227 λζ’,
3036 5165 3210 5248 μῆνας
3253 5161 3309 5229 ε’,
3343 5161 3554 5243 ᾖμέρας
3684 5155 3780 5232 ὁρ..

2121 5227 2365 5304 όόδοξος,
2395 5227 2739 5304 aeneam.
2771 5227 3046 5304 Quorum
3066 5227 3320 5303 quatuor
3349 5227 3778 5302 imperatorum

2120 5303 2323 5359 nullus
2356 5302 2528 5358 miles
2571 5302 2877 5376 gregarius
2932 5302 3065 5373 fuit,
3088 5302 3419 5376 antequam
3448 5318 3778 5376 purpuram

2120 5381 2402 5431 sumeret.
2436 5376 2501 5430 In
2532 5370 2969 5445 νόοονταξείδιον
3000 5370 3281 5429 vertenda
3322 5370 3599 5446 similiter
3629 5374 3779 5446 lapsi

2120 5453 2261 5502 sunt
2293 5447 2715 5502 Levenklavius
2746 5444 2819 5501 ad
2852 5446 3113 5517 Glycam,
3145 5448 3268 5517 307.
3302 5447 3362 5499 Ο.
3398 5444 3779 5501 Βρίειίὶιιδόά

2121 5518 2492 5573 Constantin.
2546 5516 2986 5590 Porphyrogen.
3047 5516 3362 5590 Cmrimon.
3424 5518 3663 5590 Byzant
3706 5517 3774 5573 Il.

2543 5591 2603 5647 C.
2639 5587 2919 5660 idemque
2955 5589 3016 5643 in
3044 5587 3326 5643 vertendo
3358 5587 3616 5657 ταξεῶται
3649 5589 3773 5645 354.

2169 5705 2177 5715 .
2214 5697 2224 5711 ι
2250 5683 2278 5714 0
2324 5704 2336 5715 .
2425 5701 2438 5715 ο
2516 5701 2530 5714 ο

2169 5705 2177 5715 .
2214 5664 2336 5716 355.
2372 5664 2438 5716 Α.
2472 5665 2530 5715 C.

2191 5735 2303 5804 (51)
2338 5733 2416 5788 De
2444 5733 2556 5789 hoc
2584 5731 2868 5787 vocabulo
2898 5730 3029 5785 vide
3058 5729 3318 5785 Suidam.
3352 5731 3393 5789 Ι.
3584 5735 3647 5791 Β.
