4118 6436
297 415 415 476 ’161

1657 409 2054 474 ΗΙΞΤΟΒΙᾸΕ
2095 409 2249 471 LIB.
2297 409 2400 471 IV.

3611 414 3732 472 762

297 545 606 623 δρωμένοις
629 544 852 618 Θεσμὸν,
894 541 947 599 εἴ
997 563 1115 607 πως
1177 539 1405 599 ἀλλᾶ⁵⁸
1459 545 1629 620 ταύτῃ
1692 541 1963 605 δείσαντες

2103 546 2453 599 ειτεοωοὶιιε
2475 557 2509 598 a
2535 541 2942 599 fundamentis
2974 558 3176 599 eversa
3203 548 3343 599 tunc
3377 547 3498 600 tota
3527 549 3636 613 est,
3658 550 3740 601 at-

299 633 580 706 ἅνορωποι
636 638 745 690 τῶν
811 634 908 707 μὲν
965 631 1189 712 φαύλων
1247 631 1424 709 ἔργων
1483 632 1787 710 ἀφὲξοιντο,
1837 631 1966 696 ἀνθ-

299 724 505 798 ἐξοιντο
533 726 580 762 ⁵¹
615 722 673 780 δὲ
710 727 820 780 τῶν
881 723 1174 778 ἐπαινετῶν
1235 725 1346 797 (64)
1407 722 1569 782 Ἀλλ’
1625 722 1769 778 οὕτω
1803 723 1898 796 μὲν
1928 723 1963 791 ἡ

300 811 756 876 Κλαυδιοῦπολις
808 811 878 888 τῇ
927 817 1025 868 τοῦ
1081 817 1316 886 σεισμοῦ
1365 813 1454 888 βίᾳ
1485 813 1544 868 ἐκ
1604 813 1817 890 βάθρων
1878 811 1966 866 ἀν-

299 906 507 981 ετράπη
538 903 666 960 τότε
694 909 860 973 πᾶσα,
894 903 984 958 καὶ
1023 902 1325 978 συνεχύθη,
1356 909 1458 973 τῆς
1503 903 1677 979 ὀργῆς
1705 906 1803 958 τοῦ
1833 903 1968 958 Θεοῦ

301 998 564 1054 ἐκπιοῦσα
589 995 654 1050 τὸ
694 996 962 1068 ποτήριον
1027 991 1287 1070 ἄκρατον.
1335 995 1489 1068 Παρά
1538 991 1730 1049 τοῦτον
1793 989 1852 1048 δὲ
1875 991 1968 1048 τὸν

305 1086 550 1144 ἐνιαυτὸν
584 1131 599 1158 ,
655 1085 866 1159 θερείας
923 1082 1072 1159 ὥρας
1125 1082 1262 1138 κατά
1329 1083 1394 1138 τὸ
1451 1084 1793 1156 μεσαίτατον,
1850 1078 1968 1156 ἄρτι

307 1182 401 1233 τοῦ
429 1175 597 1247 ἡλίου
625 1179 707 1248 τῷ
748 1173 990 1250 καρκίνῳ
1050 1171 1588 1247 προσεπιϐαίνοντος,
1646 1168 1856 1249 ὄμϐρος
1915 1171 1970 1226 ἐν

309 1265 584 1340 Βυζαντίῳ
611 1263 916 1341 κατερράγη
976 1263 1067 1318 καὶ
1125 1268 1244 1326 τοῖς
1304 1267 1744 1340 προσομοροῦσιν
1803 1261 1970 1332 αὐτῷ,

309 1359 426 1413 οἷον
460 1355 523 1411 οὖ
573 1349 771 1424 συνέϐη
824 1355 1217 1430 κατενεχθῆναι
1273 1355 1337 1408 τὸ
1393 1349 1682 1428 πρότερον.
1743 1350 1976 1407 Κλινού-

306 1467 410 1518 σης
438 1446 543 1521 γάρ
594 1450 698 1514 τῆς
741 1443 956 1518 ἡμέρας
1018 1443 1351 1517 (παρασκευὴ
1411 1441 1470 1498 δὲ
1526 1443 1620 1516 ἦν)
1673 1441 1974 1517 ἀρξάμενον

307 1537 374 1592 τὸ
433 1532 608 1590 δεινὸν
665 1533 742 1598 είς
800 1531 1020 1602 ἐννάτην
1108 1531 1252 1607 ὥραν
1311 1530 1613 1608 κατὲληγεν
1644 1550 1658 1564 °
1719 1531 1866 1586 οὕτω
1921 1528 1978 1585 δὲ

315 1622 547 1702 ραγδαία
573 1645 659 1687 τις
703 1625 739 1692 ἡ
805 1622 1004 1684 ῦέτισις
1061 1625 1172 1697 (65)
1223 1623 1568 1701 κατεφέρετο,
1602 1623 1677 1686 ὡς
1745 1623 1822 1694 μή
1852 1641 1976 1675 στα-

315 1717 480 1792 γόνας
538 1714 667 1788 ὁρᾷν
731 1707 1139 1788 ὁμϐριζομὲνας
1193 1711 1329 1767 κατὰ
1381 1713 1444 1767 τὸ
1503 1712 1774 1783 σύνηθες,
1834 1708 1982 1766 ἀλλά

314 1825 467 1868 τινας
525 1801 878 1871 ἐπικόζοντας
937 1799 1124 1856 ὕδασιν
1185 1799 1439 1876 ὀχετοὺς.
1501 1800 1626 1876 Οὐχ
1678 1797 1978 1877 ὑπελείφθη

2079 651 2194 707 que
2226 633 2493 700 confusa,
2524 633 2627 688 irae
2649 634 2861 690 divinae
2894 641 3141 706 epotans
3165 652 3399 691 merum
3429 637 3734 708 poculum.

2078 724 2297 780 Eodem
2327 740 2507 793 anno,
2541 729 2744 779 aestate
2777 724 2953 795 plane
2987 725 3203 787 media,
3255 726 3378 781 sole
3422 726 3550 799 jam
3581 744 3732 783 can-

2079 831 2246 870 crum
2279 815 2542 881 ineunte,
2566 813 2759 870 imber
2789 814 2899 868 fuit
2927 815 3438 888 Constantinopoli
3466 817 3732 888 locisque

2082 905 2383 970 finitimis,
2446 905 2685 975 qualem
2746 921 3053 976 nunquam
3107 911 3286 961 antea
3343 908 3733 978 contigitde-

2082 994 2343 1050 fluxisse.
2381 994 2612 1049 Etenim
2643 1000 2917 1066 vergente
2949 994 3042 1049 die
3066 995 3214 1065 (erat
3243 1000 3440 1051 autem
3464 996 3590 1051 dies
3626 999 3734 1054 Ve-

2084 1085 2268 1154 neris)
2301 1084 2596 1156 incipiens
2627 1083 2852 1139 malum
2884 1085 2993 1138 sub
3025 1085 3232 1140 horam
3263 1102 3486 1141 nonam
3517 1087 3734 1142 desiit:

2085 1180 2328 1247 tamque
2360 1175 2679 1229 vehemens
2725 1174 2999 1229 incubuit
3029 1175 3244 1246 pluvia,
3277 1182 3343 1230 ut
3372 1194 3494 1232 non
3539 1183 3735 1250 guttas

2085 1265 2336 1332 videres,
2360 1271 2425 1320 ut
2448 1265 2533 1331 fit,
2557 1263 2924 1332 delabentes,
2942 1264 3043 1320 sed
3062 1266 3230 1336 quasi
3253 1267 3541 1337 quasdam
3563 1269 3734 1339 aquis

2085 1355 2344 1427 repletas
2373 1355 2622 1410 ﬁstulas.
2660 1357 2860 1425 Neque
2910 1355 3174 1426 profecto
3206 1356 3396 1411 ullum
3447 1359 3737 1429 templum

2088 1461 2282 1516 neque
2312 1444 2555 1499 omnino
2588 1444 2880 1498 nobilium
2914 1445 3131 1500 mdium
3181 1445 3303 1501 ulla
3360 1446 3570 1502 relicta
3624 1453 3733 1516 est,

2090 1535 2234 1605 quin
2266 1549 2523 1605 superne
2555 1550 2624 1588 ex
2674 1539 2827 1588 tecto
2858 1551 3014 1605 aqua
3062 1535 3449 1606 impleretur;
3503 1538 3739 1592 tametsi

2090 1623 2245 1678 hanc
2276 1622 2518 1693 quidem
2549 1622 2914 1677 habitatores
2935 1640 3184 1694 operose
3217 1625 3278 1679 in
3304 1625 3426 1680 vias
3449 1626 3746 1681 transfun-

2092 1713 2350 1769 debant:
2386 1713 2490 1768 sed
2523 1718 2812 1784 quantum
2865 1713 3196 1782 efﬂuxerat,
3260 1721 3492 1772 tantum
3548 1716 3743 1773 denuo

2093 1802 2393 1870 afﬂuebat,
2428 1807 2494 1857 ut
2522 1803 2650 1857 sine
2680 1802 2946 1858 remedio
2980 1809 3136 1858 esset
3167 1805 3413 1860 malum.
3448 1808 3535 1861 Ita
3567 1807 3747 1862 trium

319 1899 454 1971 γοῦν
503 1897 613 1950 τῶν
669 1895 851 1963 σηκῶν
905 1895 941 1963 ἢ
1001 1895 1110 1946 τῶν
1171 1889 1518 1965 περιπύστων
1579 1887 1768 1959 οἷ’κων,
1828 1888 1979 1950 ὅστις

2101 1892 2376 1947 horarum
2408 1892 2597 1963 spatio
2619 1891 2878 1946 obtinuit
2926 1893 3118 1947 imber
3147 1910 3160 1947 :
3222 1895 3749 1966 conspiciebantur

322 1988 524 2050 ἄνωθεν
559 1985 620 2040 ἐκ
643 1989 744 2053 τῆς
788 1983 996 2062 ὀροφῆς
1056 1981 1160 2038 οὐκ
1213 1980 1530 2058 ἐπληροῦτο
1554 1982 1602 2018 ⁵³
1632 1981 1734 2036 τοῦ
1763 1977 1982 2051 ὕδατος,

293 2073 499 2132 ’καίτοι
532 2078 640 2131 τῶν
667 2072 940 2128 κατοίκων
979 2072 1175 2148 μόχθῳ
1204 2069 1626 2127 ἀπαντλούντων
1689 2069 1819 2126 αὐτὸ
1847 2070 1984 2146 πρὸς

320 2169 389 2223 τά
445 2162 668 2240 ἀμφοδα
702 2182 716 2196 ·
778 2164 841 2218 τὸ
914 2163 1008 2232 μὲν
1058 2161 1308 2239 ἀπέῤῥεε,
1363 2162 1426 2216 τὸ
1493 2158 1540 2216 δ’
1595 2159 1835 2237 ἐπέῤῥεε,
1893 2160 1984 2214 καὶ

323 2255 766 2331 ἀκαταγώνιστον
798 2253 865 2322 ἧν
925 2251 988 2307 τὸ
1038 2249 1237 2306 δεινόν.
1291 2250 1416 2307 Ἐπὶ
1472 2255 1640 2326 τριῶν
1702 2251 1792 2304 οὖν
1823 2250 1980 2325 ὡρῶν

325 2345 658 2418 διαστήματι
700 2341 962 2417 κατέσχεν
997 2342 1024 2396 ὁ
1061 2340 1236 2410 ὑετὸς,
1268 2341 1358 2395 καὶ
1389 2343 1455 2410 ἡν
1515 2341 1643 2415 ὁρᾷν
1702 2339 1984 2412 ποταμούς

319 2436 726 2511 πελαγίζοντας
761 2430 852 2488 διὰ
880 2436 988 2486 τῶν
1019 2437 1120 2500 τῆς
1172 2427 1390 2492 πόλεως
1454 2433 1766 2502 στενωπῶν,
1800 2430 1887 2484 καὶ
1919 2429 1983 2484 τὸ

322 2522 778 2601 παρασυρόμενον
835 2525 946 2575 τῶν
1016 2518 1283 2594 ἐμψύχων
1345 2513 1776 2596 διαφθείροντας.
1827 2519 1894 2575 Οἱ
1926 2516 1984 2574 δὲ

319 2617 602 2690 ἂνθρωποι
656 2611 912 2673 ἐλεεινῶς
970 2609 1314 2683 ἀπεθρήνουν
1378 2609 1714 2681 οἱμώζοντες
1748 2652 1762 2678 ,
1819 2628 1982 2663 κατα-

316 2704 564 2778 κλυσμὸν
625 2702 779 2766 αὖθις
837 2698 1138 2774 ἐπισκῆψαι
1196 2700 1312 2753 κατ’
1363 2697 1568 2753 ἐκεῖνον
1625 2698 1716 2752 τὸν
1748 2696 1984 2772 τεθρυλ-

321 2793 561 2869 λημὲνον
620 2791 1082 2859 ὑποτοπάζοντεςο
1117 2786 1246 2844 ἀλλ’
1301 2789 1338 2856 ἡ
1393 2787 1684 2860 συμπαθὴς
1730 2787 1818 2842 καὶ
1854 2786 1982 2864 φιλ-

324 2886 612 2960 ἀνορωπος
672 2879 912 2954 Πρόνοια
948 2877 1058 2953 ¹ἶριν
1119 2874 1208 2931 διὰ
1261 2881 1364 2945 τῆς
1415 2874 1648 2953 νεφέλης
1713 2873 1980 2949 ἐρείσασα,

319 2977 391 3047 τῇ
438 2971 642 3043 ταύτης
697 2967 1007 3041 ἀναλάμψει
1047 2969 1158 3039 (66)
1191 2966 1290 3034 τὴν
1321 2968 1418 3020 τοῦ
1481 2965 1635 3020 ὑετοῦ
1683 2968 1979 3041 κατήφειαν

329 3059 660 3130 ὃιεσγὲδασε,
693 3058 784 3114 καὶ
815 3058 966 3121 αὖθις
997 3056 1061 3111 τὸ
1092 3061 1192 3125 τῆς
1217 3053 1431 3130 φύσεως
1493 3052 1765 3130 σύγκριμα
1822 3056 1907 3128 [Ρ.
1941 3058 2032 3130 43]

2095 1999 2303 2038 amnes
2362 1986 2707 2036 aestutantes
2745 1997 2853 2053 per
2907 1982 3064 2036 vicos
3122 1982 3305 2050 urbis,
3369 1989 3427 2038 et
3454 1985 3749 2056 quidquid

2098 2071 2496 2128 animantium
2530 2088 2733 2127 secum
2766 2077 3142 2141 raptaverant
3166 2073 3600 2146 extinguentes.
3635 2075 3750 2128 Ho-

2097 2163 2291 2218 mines
2319 2160 2744 2216 miserabiliter
2772 2161 2996 2216 ﬂebant
3023 2161 3439 2230 lamentantes,
3462 2164 3623 2234 quod
3656 2163 3712 2218 di
3731 2196 3747 2208 -

2095 2252 2322 2306 luvium
2353 2252 2568 2306 iterum
2605 2251 2880 2323 ingruere
2908 2252 3083 2322 quale
3113 2252 3314 2307 nobile
3361 2253 3509 2308 illud
3557 2253 3751 2310 fuerat

2090 2341 2488 2397 verebantur:
2559 2357 2763 2396 verum
2824 2341 3256 2396 commiseraus
3314 2343 3748 2415 hominumque

2090 2448 2297 2487 amans
2329 2431 2716 2504 providentia,
2744 2447 2885 2486 arcu
2934 2448 3040 2502 per
3067 2432 3288 2487 nubem
3340 2450 3620 2504 expanso,
3645 2434 3748 2490 illo

2093 2521 2425 2594 refulgente
2456 2520 2664 2576 imbris
2695 2520 3003 2576 tristitiam
3042 2520 3370 2593 dissipavit,
3423 2539 3749 2594 rursusque

2093 2618 2325 2668 natura:
2383 2611 2669 2666 fabricam
2730 2611 2791 2666 in
2841 2611 3163 2682 pristinum
3215 2617 3432 2668 statum
3492 2613 3748 2670 reduxit.

2093 2701 2349 2758 Tametsi
2373 2701 2672 2772 posterius
2695 2717 2935 2771 quoque
2965 2700 3202 2768 accidit,
3227 2706 3293 2756 ut
3321 2702 3538 2757 iterum
3560 2703 3753 2759 imber

2095 2789 2386 2846 deﬂueret
2419 2791 2517 2845 πο
2549 2789 2822 2844 turbidus
2869 2789 3069 2846 favilla
3099 2791 3269 2861 quasi
3301 2807 3371 2846 ex
3417 2791 3748 2849 fornacium

2091 2879 2340 2952 fuligine
2382 2881 2616 2947 mistus,
2665 2880 3048 2953 tepidamque
3086 2880 3418 2937 declararet
3449 2883 3750 2955 tangenti-

2096 2968 2206 3024 bus
2239 2985 2407 3024 suam
2448 2974 2744 3024 naturam.

2091 3055 2179 3111 ἐπὶ
2234 3058 2334 3126 τήν
2392 3057 2658 3129 προτέραν
2713 3059 3035 3111 κατάστασιν
3092 3055 3418 3132 ἐπανήγετο.
3455 3055 3660 3132 Συνέϐη
3696 3057 3756 3116 δὲ

324 3151 415 3207 καὶ
449 3150 604 3212 αὖθις
635 3143 848 3224 ὅμϐρον
905 3144 1314 3222 καταρραγῆναι
1367 3143 1744 3217 τεθολωμὲνον
1804 3145 1892 3200 καὶ
1956 3167 2266 3220 συμμικτον
2294 3147 2486 3222 τέφρα,
2543 3145 2619 3210 ὠς
2675 3145 2762 3200 ἐπὶ
2819 3145 3133 3218 καμινιαίας
3191 3145 3424 3218 αἱθάλης
3480 3151 3615 3224 (67),
3663 3149 3754 3205 καὶ

323 3240 564 3318 χλιαράν
597 3237 654 3294 δὲ
678 3241 912 3313 παρεῖχε
937 3241 1054 3297 τοῖς
1088 3234 1472 3308 ἐπαφωμένοις
1502 3234 1668 3288 αὑτοῦ
1695 3235 1794 3304 τὴν
1829 3235 2129 3306 ποιότητα.

401 3331 455 3388 ιε,
486 3331 548 3387 Ὁ
579 3328 637 3384 δὲ
701 3325 957 3403 βασιλεὺς
1010 3324 1328 3401 Νικηνρὸρος
1383 3323 1562 3398 (αὖθις
1620 3326 1724 3399 γᾶρ
1757 3325 1785 3379 ὁ
1819 3322 1988 3399 λόγος
2022 3329 2064 3396 C

322 3419 618 3486 ἐπάνεισιν,
653 3414 796 3480 ἔνθεν
827 3416 890 3471 τὸ
931 3413 1097 3489 ’ίχνος
1157 3413 1458 3485 ἀπέκλινε),
1515 3415 1615 3484 τήν
1660 3413 1978 3486 Ῥωμαῖκὴν

324 3507 636 3584 ἀνειληφὼς
669 3504 922 3580 δύναμιν,
952 3503 1039 3559 ἐπὶ
1076 3504 1177 3573 τὴν
1233 3502 1321 3558 ἐπὶ
1384 3502 1585 3577 Συρίας
1645 3502 1989 3578 ’Δντιόχειαν

322 3597 428 3656 ἔθει
487 3600 598 3671 (68)
631 3640 645 3665 ,
704 3593 793 3650 καί
851 3613 1069 3670 χαρακα
1120 3592 1292 3666 ταύτῃ
1344 3591 1704 3664 πηξάμενος,
1765 3591 1989 3666 ἐπείπερ

323 3688 705 3763 ἀποχρώντως
744 3680 951 3760 ἔχουσα
1005 3686 1114 3737 τῶν
1173 3679 1476 3756 ἀναγκαίων
1536 3678 1864 3756 ἐτραχηλία,
1898 3681 1989 3736 καὶ

323 3775 672 3854 γαυρουμένη
708 3773 768 3829 ἐκ
795 3776 891 3828 τοῦ
932 3770 1134 3836 εὐθέως
1195 3770 1510 3833 σπείσασθαι
1570 3768 1670 3824 οὐκ
1713 3769 1990 3846 ἠνείχετο,

330 3871 409 3945 μὴ
473 3865 812 3946 βουλόμενος
860 3865 1028 3935 αὐτὴν
1087 3863 1376 3920 ἓλεπόλεσι
1435 3866 1808 3937 κατεριπῶται
1844 3859 1990 3938 (ᾔδει

2174 3328 2259 3382 10.
2289 3328 2654 3399 Nicephorus
2685 3331 2884 3383 autem
2919 3326 3242 3399 imperator
3261 3329 3406 3400 (jam
3439 3332 3600 3388 enim
3631 3350 3763 3390 ora-

2096 3418 2174 3472 tio
2229 3434 2297 3472 eo
2336 3418 2672 3485 revertitur,
2704 3417 2864 3472 unde
2894 3419 3204 3490 vestigium
3263 3420 3618 3495 inﬂexerat),
3651 3426 3767 3480 Ro-

2101 3507 2299 3562 manis
2327 3507 2652 3578 assumptis
2681 3507 2869 3577 copiis
2904 3549 2918 3575 ,
2950 3507 3022 3562 ad
3081 3508 3462 3565 Antiochiam
3495 3511 3557 3566 in
3590 3513 3757 3584 Syria

2101 3597 2332 3669 magnis
2358 3596 2673 3651 itineribus
2704 3596 3050 3664 contendit;
3084 3599 3413 3671 castrisque
3447 3602 3521 3657 ad
3547 3603 3757 3659 urbem

2101 3687 2330 3758 positis,
2365 3702 2498 3740 cum
2545 3687 2903 3742 necessariis
2934 3687 3113 3743 rebus
3171 3688 3405 3744 abunde
3465 3690 3759 3749 instructa

2102 3776 2705 3848 superbiret,praeque
2728 3778 3066 3850 arrogantia
3086 3779 3367 3853 evestigio
3392 3780 3760 3838 deditionem

2101 3865 2296 3922 facere
2354 3872 2677 3935 recusaret,
2727 3867 2853 3940 ipse
2903 3885 3038 3925 vero
3069 3869 3258 3926 nollet
3305 3887 3436 3927 eam
3468 3873 3762 3930 machinis

1549 4017 1613 4072 C.
1645 4016 1706 4071 Β.
1761 4018 1951 4074 HASII
1980 4019 2542 4075 ANNOTATIONES.

398 4200 449 4236 5°
477 4195 531 4253 εἷ’
553 4217 670 4260 πως
699 4193 846 4252 ἀλλὰ
875 4201 965 4267 est
986 4196 1114 4267 jam
1147 4212 1328 4267 supra
1360 4195 1444 4251 Η.
1509 4197 1565 4252 Β.

325 4268 728 4345 ἐξεπληροῦντο
759 4270 877 4324 sive
910 4265 1273 4342 ἐκπληροῖτο.

399 4423 826 4498 (64)Εε›.ηιὰθω
857 4423 1206 4498 ob_callsam
1266 4420 1408 4498 belli
1468 4421 1627 4498 mala
1685 4423 1992 4476 amumine

329 4493 570 4554 immitti
605 4498 884 4570 opinatur
914 4495 969 4550 S.
1020 4494 1297 4566 Ephrmm
1345 4493 1525 4564 Syrus
1578 4494 1862 4549 Sermone
1893 4511 1990 4549 as-

331 4571 524 4628 cetico
556 4570 600 4624 Ι.
633 4572 723 4625 42.
758 4571 826 4623 Λ.

405 4641 518 4714 (65)
556 4640 618 4696 ld
647 4655 889 4714 nomen,
934 4638 1078 4714 item
1117 4636 1180 4692 in
1221 4636 1447 4714 Lexicis
1476 4637 1990 4714 praetermissum,

334 4708 636 4770 derivatur
664 4730 698 4768 a
727 4711 904 4766 verbo
947 4709 1162 4777 ὑετιζω,
1197 4708 1355 4779 quod
1401 4709 1650 4780 primus,
1706 4714 1999 4779 quantum

336 4785 608 4847 memini,
643 4782 1042 4839 Schneidcrus
1093 4781 1185 4834 vir
1233 4797 1502 4835 summus
1533 4781 1603 4836 ll.
1637 4783 1760 4834 253.
1792 4783 1860 4834 Α.
1894 4796 1997 4834 en-

337 4857 518 4913 otavit
549 4873 579 4910 e
612 4857 814 4912 Niceta
843 4853 1127 4909 Choniate
1157 4855 1281 4906 211.
1317 4853 1381 4906 D.
1444 4852 1538 4906 Est
1561 4869 1673 4906 vox
1699 4851 1995 4906 hellenis-

336 4930 472 4996 tica,
494 4929 751 4984 Ieremia
770 4929 992 4981 x1v.22.
1018 4931 1072 4978 et
1093 4923 1199 4978 Job
1222 4940 1456 4996 xxxviii.
1490 4927 1575 4978 26.
1603 4924 1699 4978 hic
1717 4923 1998 4996 Hebraeo-

333 4995 466 5057 rum
492 5011 721 5066 1mm,
778 4998 903 5053 illic
953 5007 1181 5056 suam
1237 4995 1597 5066 exprimens.
1648 4995 1789 5050 Inde
1823 5012 1993 5050 usur-

335 5077 623 5147 paverunt
642 5069 981 5147 SLBasilius
1005 5072 1078 5123 Co
1090 5068 1488 5147 nimentar._i_n
1511 5074 1689 5147 caput
1709 5085 1742 5121 v
1758 5067 1929 5147 isaim
1952 5069 1994 5120 Ι.

337 5139 458 5200 945.
489 5152 556 5200 Α.
593 5144 647 5198 S.
683 5141 1369 5214 EpiphaniusAncorat.
1405 5140 1472 5193 II.
1525 5140 1706 5214 δικ-ᾳ.
1736 5139 1996 5214 Δἓίιῐιιεοῐι

336 5211 762 5287 Metaphrastes
796 5211 934 5287 'Vita
964 5213 1020 5266 S.
1053 5211 1267 5287 Joann.
1302 5211 1507 5287 Chrys.
1554 5211 1696 5287 Vill.
1730 5211 1852 5264 382.
1906 5212 1994 5287 32.

334 5292 457 5343 401.
491 5278 579 5342 25.
622 5287 748 5342 alii.
783 5286 1070 5340 Neutrum
1101 5281 1164 5335 τὸ
1198 5278 1370 5335 ὑέτιον
1407 5278 1776 5338 substantive
1809 5283 1993 5336 sumi-

339 5367 434 5415 tur
462 5357 620 5432 apud
644 5359 935 5432 Joannem
960 5355 1361 5432 Philoponum
1398 5354 1712 5432 Demundi
1745 5355 1994 5432 creatio-

337 5449 410 5487 ne
444 5425 533 5487 ΞΠ.
559 5433 625 5485 Α.
652 5426 744 5481 ’ίνα
772 5427 835 5481 τὸ
869 5426 1041 5480 ὗέτιον
1078 5425 1318 5497 σημάνῃ,
1348 5433 1408 5480 ιιι
1429 5427 1679 5494 pluviam
1708 5427 1994 5494 signiﬁcet.

340 5505 419 5559 De
449 5502 644 5558 imbre
674 5502 857 5571 largo,
881 5499 1004 5554 fere
1033 5497 1248 5554 iisdem
1283 5497 1475 5552 verbis
1506 5514 1573 5553 ac
1605 5498 1739 5564 Leo,
1773 5497 1995 5569 Pachy-

343 5592 538 5630 meres
569 5574 789 5629 Histor.
827 5572 867 5626 Ι.
905 5572 1027 5626 182,
1064 5574 1122 5626 Α.

413 5648 527 5716 (66)
577 5643 945 5716 Ἀνά).αμψις,
1006 5659 1122 5712 quo
1183 5641 1460 5716 similiter
1511 5645 1717 5716 carent
1765 5641 1993 5716 Lexica,

335 5713 578 5774 habent.
613 5713 856 5788 praeter
896 5715 1150 5788 Leonem
1210 5715 1321 5768 hoc
1369 5713 1848 5788 lo_co,§PhiloADe
1881 5713 1997 5788 vita

343 5791 522 5848 Mosis
541 5783 666 5849 492.
682 5790 742 5846 G.
765 5787 1119 5844 Plutarchus
1139 5793 1215 5843 De
1238 5785 1615 5842 oraculorum
1665 5783 1899 5840 defectu
1923 5787 1992 5841 Il.

1656 4196 1701 4232 δί
1733 4194 1984 4267 ἄνθέξοντ

2101 4199 2184 4254 )d.
2261 4199 2306 4234 ⁵³
2335 4196 2638 4273 ἐκληροῦτο
2671 4199 2802 4256 cod.
2857 4203 3078 4258 Auctor
3132 4202 3384 4260 fortasse
3444 4205 3765 4278 scripserat

2102 4421 2491 4498 419.7et_ind#e
2523 4422 2814 4498 Eusebius
2845 4425 3100 4495 Przepar.
3136 4426 3352 4498 Evang.
3387 4429 3511 4482 207.
3546 4428 3612 4482 D.

2174 4497 2289 4565 {67)
2321 4496 2401 4549 Ex
2433 4494 2630 4549 Exodo
2662 4495 2759 4550 1X.
2784 4497 2836 4550 8.
2863 4500 2921 4549 et
2953 4494 3038 4550 10.
3071 4497 3230 4552 unde
3261 4494 3537 4554 certatim
3587 4499 3758 4556 adhi-

2024 4593 2069 4657 Β
2101 4565 2362 4647 buerunt
2391 4566 2900 4657 comparationem
2932 4567 2988 4622 S.
3018 4569 3617 4657 .l‘oa'npeslchrys’ost:
3676 4573 3762 4627 Ad

2110 4655 2212 4692 eos
2235 4637 2336 4708 qui
2380 4638 2758 4693 scandalizati
2815 4638 3059 4694 fuerunt
3092 4642 3205 4694 νη.
3243 4644 3327 4697 11.
3362 4637 3451 4697 31.
3502 4644 3556 4697 S.
3588 4645 3760 4701 Joan.

2112 4711 2380 4764 Damasc.
2416 4711 2495 4764 De
2528 4710 2800 4766 hacresib.
2860 4713 2980 4765 158.
3031 4718 3099 4769 Α.
3134 4713 3482 4770 Severianus
3513 4716 3761 4772 Gabalo-

2112 4797 2244 4835 rum
2277 4781 2591 4852 episcopus
2623 4782 2685 4835 1n
2713 4782 2869 4837 diem
2901 4783 3156 4840 alterum
3188 4787 3508 4843 creationis
3551 4788 3760 4844 mund.

2115 4855 2226 4929 νυ.
2260 4855 2384 4907 594.
2419 4854 2504 4929 3⁸8.
2536 4853 2758 4929 aliique
2794 4855 2986 4929 multi.
3012 4857 3233 4911 Partim
3267 4876 3372 4929 pro
3395 4855 3597 4924 αἷθάλη
3631 4861 3765 4916 sub-

2110 4925 2368 5002 stituunt
2395 4923 2587 5002 κᾷνις,⁸
2605 4932 2670 5002 u_t
2835 4928 3148 5002 Gregorius
3206 4923 3505 5002 Nissenus
3536 4923 3616 4987 De
3648 4935 3766 4988 vita

2109 4996 2284 5052 Mosis
2318 4997 2357 5051 Ι.
2391 5000 2513 5050 202.
2550 4998 2610 5051 C.
2638 4998 2704 5050 In
2734 4996 2971 5053 Canticf
3008 4996 3375 5057 canticorum
3408 5007 3532 5059 506.
3568 5006 3628 5059 Β.
3662 5005 3763 5058 alii

2106 5066 2302 5146 τέφρα,
2322 5074 2393 5146 _ut
2421 5069 2654 5146 Nicetas
2684 5069 2981 5146 Heracleze
3012 5075 3394 5146 metropolita
3422 5078 3487 5129 In
3521 5075 3760 5129 beatum

2105 5124 2215 5196 Job
2248 5124 2366 5194 169.
2403 5143 2469 5213 Α.
2505 5147 2563 5194 et
2593 5141 2718 5211 ipse

2108 5219 2303 5267 ortum
2331 5212 2548 5268 habeat
2584 5212 2933 5283 improbitas
2968 5217 3053 5270 Vl.
3089 5220 3210 5270 819.
3249 5219 3330 5272 12.

2179 5285 2290 5356 (68)
2325 5285 2576 5359 Hzec__es_t
2613 5285 2721 5339 illa
2774 5286 3011 5356 Syriaca
3079 5289 3374 5358 expeditio
3424 5288 3760 5359 Nicephori,

2109 5372 2311 5426 quam,
2335 5361 2401 5409 ut
2430 5355 2547 5410 dixi
2577 5372 2755 5427 supra
2787 5355 2910 5414 214.
2967 5360 3030 5412 D.
3079 5355 3379 5414 Cedrenus
3414 5361 3478 5414 ll.
3537 5355 3659 5413 6335.
3693 5355 3758 5415 D.

2108 5434 2167 5500 et
2198 5428 2270 5482 Le
2307 5429 2459 5481 Beau
2492 5427 2636 5482 XVI.
2674 5430 2794 5481 114.
2822 5433 2885 5500 ί).
2921 5447 3231 5500 perperam
3285 5447 3444 5485 anno
3497 5433 3618 5484 966.
3657 5433 3764 5485 tri-

2107 5499 2316 5565 buunt,
2354 5500 2464 5571 Leo
2497 5504 2556 5554 et
2597 5499 2733 5571 Pagi
2766 5499 2838 5553 ad
2884 5499 3093 5556 Baroh.
3158 5503 3245 5554 IV.
3309 5506 3391 5557 19.
3427 5505 3484 5557 C.
3517 5501 3759 5558 biennio

2107 5577 2240 5641 post
2269 5570 2557 5626 accidisse
2579 5570 3011 5626 demonstrant.
3038 5573 3344 5642 Octoginta
3358 5576 3426 5628 Μ.
3449 5574 3760 5630 hominum

2105 5642 2180 5716 ad
2205 5643 2356 5697 hanc
2378 5642 2586 5716 exped.
2612 5660 3002 5716 congregasse
3020 5643 3420 5714 Nicephorum
3447 5644 3757 5716 Luitpran-

2105 5715 2236 5791 dus,
2269 5721 2412 5791 tunc
2443 5715 2570 5785 Cpli
2601 5715 2855 5788 degens,
2892 5721 3098 5771 auctor
3145 5720 3256 5785 est,
3296 5718 3488 5791 Legat.
3524 5715 3597 5772 ad
3631 5719 3756 5778 Nic.

2105 5787 2284 5843 Phoc.
2322 5787 2441 5843 151.
2477 5795 2542 5841 Α.
