  <div class='ocr_page' id='page_1' title='image "/cluster/home/n/w/nwhite01/storage/ocr_20150623/117/coo.31924054870211/394.png"; bbox 0 0 4118 6484; ppageno 0'>
   <div class='ocr_carea' id='block_1_1' title="bbox 356 449 477 511">
    <p class='ocr_par' dir='ltr' id='par_1_1' title="bbox 356 449 477 511">
     <span class='ocr_line' id='line_1_1' title="bbox 356 449 477 511; baseline -0.008 0"><span class='ocrx_word' id='word_1_1' title='bbox 356 449 477 511; x_wconf 83' lang='lat'><strong>765</strong></span> 
     </span>
    </p>
   </div>
   <div class='ocr_carea' id='block_1_2' title="bbox 1684 445 2422 514">
    <p class='ocr_par' dir='ltr' id='par_1_2' title="bbox 1684 445 2422 514">
     <span class='ocr_line' id='line_1_2' title="bbox 1684 445 2422 514; baseline -0.007 0"><span class='ocrx_word' id='word_1_2' title='bbox 1684 451 2082 514; x_wconf 75' lang='lat' dir='ltr'><strong>HISTOBLE</strong></span> <span class='ocrx_word' id='word_1_3' title='bbox 2125 448 2273 512; x_wconf 86' lang='lat' dir='ltr'><strong>LIB.</strong></span> <span class='ocrx_word' id='word_1_4' title='bbox 2316 445 2422 511; x_wconf 70' lang='lat' dir='ltr'><strong>IV.</strong></span> 
     </span>
    </p>
   </div>
   <div class='ocr_carea' id='block_1_3' title="bbox 3664 446 3785 510">
    <p class='ocr_par' dir='ltr' id='par_1_3' title="bbox 3664 446 3785 510">
     <span class='ocr_line' id='line_1_3' title="bbox 3664 446 3785 510; baseline -0.008 -1"><span class='ocrx_word' id='word_1_5' title='bbox 3664 446 3785 510; x_wconf 83' lang='lat'><strong>766</strong></span> 
     </span>
    </p>
   </div>
   <div class='ocr_carea' id='block_1_4' title="bbox 348 572 2001 662">
    <p class='ocr_par' dir='ltr' id='par_1_4' title="bbox 348 572 2001 662">
     <span class='ocr_line' id='line_1_4' title="bbox 348 572 2001 662; baseline 0.006 -29"><span class='ocrx_word' id='word_1_6' title='bbox 348 583 506 658; x_wconf 76' lang='grc' dir='ltr'><strong>αὖτῷ</strong></span> <span class='ocrx_word' id='word_1_7' title='bbox 564 583 898 650; x_wconf 75' lang='grc' dir='ltr'>ἀντιπνοίαις</span> <span class='ocrx_word' id='word_1_8' title='bbox 953 584 1169 662; x_wconf 76' lang='grc' dir='ltr'>ἀνέμων</span> <span class='ocrx_word' id='word_1_9' title='bbox 1228 572 1626 661; x_wconf 72' lang='grc' dir='ltr'>ἐκκρουόμεναι</span> <span class='ocrx_word' id='word_1_10' title='bbox 1681 585 2001 660; x_wconf 85' lang='grc' dir='ltr'>καθυστέρη-</span> 
     </span>
    </p>
   </div>
   <div class='ocr_carea' id='block_1_5' title="bbox 2115 572 3788 662">
    <p class='ocr_par' dir='ltr' id='par_1_5' title="bbox 2131 580 3788 655">
     <span class='ocr_line' id='line_1_5' title="bbox 2131 580 3788 655; baseline -0.001 -15"><span class='ocrx_word' id='word_1_11' title='bbox 2131 583 2487 642; x_wconf 86' lang='lat' dir='ltr'><strong>reﬂantibus</strong></span> <span class='ocrx_word' id='word_1_12' title='bbox 2516 582 2707 640; x_wconf 83' lang='lat' dir='ltr'><strong>ventis</strong></span> <span class='ocrx_word' id='word_1_13' title='bbox 2740 581 2977 655; x_wconf 72' lang='lat' dir='ltr'><strong>rejectae</strong></span> <span class='ocrx_word' id='word_1_14' title='bbox 3009 580 3418 651; x_wconf 83' lang='lat' dir='ltr'><strong>morabantur,</strong></span> <span class='ocrx_word' id='word_1_15' title='bbox 3453 597 3585 638; x_wconf 90' lang='lat' dir='ltr'><strong>eam</strong></span> <span class='ocrx_word' id='word_1_16' title='bbox 3607 596 3788 639; x_wconf 85' lang='lat' dir='ltr'><strong>cursu</strong></span> 
     </span>
    </p>
   </div>
   <div class='ocr_carea' id='block_1_6' title="bbox 350 672 2018 753">
    <p class='ocr_par' dir='ltr' id='par_1_6' title="bbox 350 672 2018 753">
     <span class='ocr_line' id='line_1_6' title="bbox 350 672 2018 753; baseline 0.001 -25"><span class='ocrx_word' id='word_1_17' title='bbox 350 695 474 745; x_wconf 82' lang='grc' dir='ltr'>σαν,</span> <span class='ocrx_word' id='word_1_18' title='bbox 532 673 735 746; x_wconf 84' lang='grc' dir='ltr'>ταύτην</span> <span class='ocrx_word' id='word_1_19' title='bbox 791 673 1166 752; x_wconf 86' lang='grc' dir='ltr'>παραδραμὼν</span> <span class='ocrx_word' id='word_1_20' title='bbox 1223 676 1286 732; x_wconf 80' lang='grc' dir='ltr'><strong>τὸ</strong></span> <span class='ocrx_word' id='word_1_21' title='bbox 1338 678 1513 753; x_wconf 81' lang='grc' dir='ltr'>Ἀρκα</span> <span class='ocrx_word' id='word_1_22' title='bbox 1571 675 1831 753; x_wconf 68' lang='grc' dir='ltr'>φρούριον</span> <span class='ocrx_word' id='word_1_23' title='bbox 1884 672 2018 749; x_wconf 80' lang='grc' dir='ltr'>ἔγνω</span> 
     </span>
    </p>
   </div>
   <div class='ocr_carea' id='block_1_7' title="bbox 347 760 2016 842">
    <p class='ocr_par' dir='ltr' id='par_1_7' title="bbox 347 760 2016 842">
     <span class='ocr_line' id='line_1_7' title="bbox 347 760 2016 842; baseline 0.001 -24"><span class='ocrx_word' id='word_1_24' title='bbox 347 761 701 839; x_wconf 71' lang='grc' dir='ltr'><strong>πολιορκεῖν,</strong></span> <span class='ocrx_word' id='word_1_25' title='bbox 733 771 932 840; x_wconf 74' lang='grc' dir='ltr'>χρῆμα.</span> <span class='ocrx_word' id='word_1_26' title='bbox 960 763 1205 822; x_wconf 83' lang='grc' dir='ltr'>πλούτου</span> <span class='ocrx_word' id='word_1_27' title='bbox 1234 764 1468 842; x_wconf 83' lang='grc' dir='ltr'>κατέχον</span> <span class='ocrx_word' id='word_1_28' title='bbox 1514 760 1666 820; x_wconf 81' lang='grc' dir='ltr'>ἔνδον</span> <span class='ocrx_word' id='word_1_29' title='bbox 1710 761 2016 836; x_wconf 82' lang='grc' dir='ltr'>ἀμύθητον.</span> 
     </span>
    </p>
   </div>
   <div class='ocr_carea' id='block_1_8' title="bbox 354 851 2016 931">
    <p class='ocr_par' dir='ltr' id='par_1_8' title="bbox 354 851 2016 931">
     <span class='ocr_line' id='line_1_8' title="bbox 354 851 2016 931; baseline -0.002 -21"><span class='ocrx_word' id='word_1_30' title='bbox 354 852 635 910; x_wconf 73' lang='grc' dir='ltr'><strong>Ἐντεῦθεν</strong></span> <span class='ocrx_word' id='word_1_31' title='bbox 683 855 830 930; x_wconf 84' lang='grc' dir='ltr'>τρισὶ</span> <span class='ocrx_word' id='word_1_32' title='bbox 881 855 1078 931; x_wconf 77' lang='grc' dir='ltr'><strong>χάραξι</strong></span> <span class='ocrx_word' id='word_1_33' title='bbox 1128 856 1437 931; x_wconf 78' lang='grc' dir='ltr'>περιζώσας</span> <span class='ocrx_word' id='word_1_34' title='bbox 1489 854 1641 924; x_wconf 82' lang='grc' dir='ltr'>αὐτὸ,</span> <span class='ocrx_word' id='word_1_35' title='bbox 1700 851 2016 928; x_wconf 85' lang='grc' dir='ltr'>ἐπυλιόρκει</span> 
     </span>
    </p>
   </div>
   <div class='ocr_carea' id='block_1_9' title="bbox 353 938 2020 1017">
    <p class='ocr_par' dir='ltr' id='par_1_9' title="bbox 353 938 2020 1017">
     <span class='ocr_line' id='line_1_9' title="bbox 353 938 2020 1017; baseline -0.001 -22"><span class='ocrx_word' id='word_1_36' title='bbox 353 938 823 1017; x_wconf 42' lang='grc' dir='ltr'>ἐριὲωμενέστατα,</span> <span class='ocrx_word' id='word_1_37' title='bbox 870 942 962 997; x_wconf 87' lang='grc' dir='ltr'><strong>καὶ</strong></span> <span class='ocrx_word' id='word_1_38' title='bbox 1017 947 1136 1006; x_wconf 87' lang='grc' dir='ltr'>ταῖς</span> <span class='ocrx_word' id='word_1_39' title='bbox 1191 939 1580 998; x_wconf 80' lang='grc' dir='ltr'>έλεπὸλεσιτὰ</span> <span class='ocrx_word' id='word_1_40' title='bbox 1633 938 1830 996; x_wconf 86' lang='grc' dir='ltr'>τούτου</span> <span class='ocrx_word' id='word_1_41' title='bbox 1887 959 2020 1015; x_wconf 88' lang='grc' dir='ltr'>πυρ-</span> 
     </span>
    </p>
   </div>
   <div class='ocr_carea' id='block_1_10' title="bbox 352 1027 2017 1105">
    <p class='ocr_par' dir='ltr' id='par_1_10' title="bbox 352 1027 2017 1105">
     <span class='ocr_line' id='line_1_10' title="bbox 352 1027 2017 1105; baseline 0 -21"><span class='ocrx_word' id='word_1_42' title='bbox 352 1029 590 1105; x_wconf 81' lang='grc' dir='ltr'>γώματα</span> <span class='ocrx_word' id='word_1_43' title='bbox 619 1035 890 1100; x_wconf 78' lang='grc' dir='ltr'>καθεΛῶν,</span> <span class='ocrx_word' id='word_1_44' title='bbox 953 1031 1036 1105; x_wconf 75' lang='grc' dir='ltr'>ἐφ’</span> <span class='ocrx_word' id='word_1_45' title='bbox 1088 1031 1243 1096; x_wconf 77' lang='grc' dir='ltr'>ὅλοις</span> <span class='ocrx_word' id='word_1_46' title='bbox 1302 1030 1489 1102; x_wconf 81' lang='grc' dir='ltr'>ἡλίοις</span> <span class='ocrx_word' id='word_1_47' title='bbox 1544 1029 1694 1087; x_wconf 82' lang='grc' dir='ltr'>ἐννέα</span> <span class='ocrx_word' id='word_1_48' title='bbox 1746 1027 2017 1105; x_wconf 84' lang='grc' dir='ltr'>ἐπόρθησέ</span> 
     </span>
    </p>
   </div>
   <div class='ocr_carea' id='block_1_11' title="bbox 351 1118 2012 1198">
    <p class='ocr_par' dir='ltr' id='par_1_11' title="bbox 351 1118 2012 1198">
     <span class='ocr_line' id='line_1_11' title="bbox 351 1118 2012 1198; baseline 0.001 -24"><span class='ocrx_word' id='word_1_49' title='bbox 351 1138 438 1190; x_wconf 79' lang='grc' dir='ltr'><strong>τε,</strong></span> <span class='ocrx_word' id='word_1_50' title='bbox 496 1118 588 1174; x_wconf 77' lang='grc' dir='ltr'><strong>καί</strong></span> <span class='ocrx_word' id='word_1_51' title='bbox 645 1118 928 1193; x_wconf 81' lang='grc' dir='ltr'>ἀμύθητον</span> <span class='ocrx_word' id='word_1_52' title='bbox 987 1119 1190 1177; x_wconf 76' lang='grc' dir='ltr'>ἐκεῖθεν</span> <span class='ocrx_word' id='word_1_53' title='bbox 1273 1118 1517 1177; x_wconf 79' lang='grc' dir='ltr'>πλοῦτον</span> <span class='ocrx_word' id='word_1_54' title='bbox 1603 1118 2012 1198; x_wconf 76' lang='grc' dir='ltr'>συνεξεφόρησε’</span> 
     </span>
    </p>
   </div>
   <div class='ocr_carea' id='block_1_12' title="bbox 352 1204 1717 1288">
    <p class='ocr_par' dir='ltr' id='par_1_12' title="bbox 352 1204 1717 1288">
     <span class='ocr_line' id='line_1_12' title="bbox 352 1204 1717 1288; baseline 0.004 -25"><span class='ocrx_word' id='word_1_55' title='bbox 352 1208 449 1263; x_wconf 80' lang='grc' dir='ltr'>καὶ</span> <span class='ocrx_word' id='word_1_56' title='bbox 479 1205 625 1264; x_wconf 82' lang='grc' dir='ltr'>ἄλλα</span> <span class='ocrx_word' id='word_1_57' title='bbox 656 1206 714 1265; x_wconf 73' lang='grc' dir='ltr'>δὲ</span> <span class='ocrx_word' id='word_1_58' title='bbox 746 1210 982 1288; x_wconf 80' lang='grc' dir='ltr'>φρούρια</span> <span class='ocrx_word' id='word_1_59' title='bbox 1006 1209 1237 1268; x_wconf 83' lang='grc' dir='ltr'>πλεῖστα</span> <span class='ocrx_word' id='word_1_60' title='bbox 1267 1209 1411 1267; x_wconf 80' lang='grc' dir='ltr'>εἶλεν</span> <span class='ocrx_word' id='word_1_61' title='bbox 1440 1204 1717 1268; x_wconf 80' lang='grc' dir='ltr'>αὐτοϐοεί.</span> 
     </span>
    </p>
   </div>
   <div class='ocr_carea' id='block_1_13' title="bbox 433 1295 2009 1377">
    <p class='ocr_par' dir='ltr' id='par_1_13' title="bbox 433 1295 2009 1377">
     <span class='ocr_line' id='line_1_13' title="bbox 433 1295 2009 1377; baseline 0 -26"><span class='ocrx_word' id='word_1_62' title='bbox 433 1299 519 1354; x_wconf 84' lang='grc' dir='ltr'>ια’.</span> <span class='ocrx_word' id='word_1_63' title='bbox 555 1298 642 1357; x_wconf 85' lang='grc' dir='ltr'>Ἐν</span> <span class='ocrx_word' id='word_1_64' title='bbox 676 1298 722 1373; x_wconf 83' lang='grc' dir='ltr'>ᾧ</span> <span class='ocrx_word' id='word_1_65' title='bbox 753 1296 812 1355; x_wconf 72' lang='grc' dir='ltr'>δὲ</span> <span class='ocrx_word' id='word_1_66' title='bbox 838 1303 1006 1356; x_wconf 79' lang='grc' dir='ltr'>ταῦτα</span> <span class='ocrx_word' id='word_1_67' title='bbox 1049 1305 1129 1375; x_wconf 75' lang='grc' dir='ltr'><strong>τῷ</strong></span> <span class='ocrx_word' id='word_1_68' title='bbox 1191 1299 1409 1377; x_wconf 83' lang='grc' dir='ltr'>βασιλεῖ</span> <span class='ocrx_word' id='word_1_69' title='bbox 1461 1299 1599 1356; x_wconf 80' lang='grc' dir='ltr'>κατὰ</span> <span class='ocrx_word' id='word_1_70' title='bbox 1652 1300 1751 1370; x_wconf 76' lang='grc' dir='ltr'><strong>τήν</strong></span> <span class='ocrx_word' id='word_1_71' title='bbox 1814 1295 2009 1373; x_wconf 88' lang='grc' dir='ltr'>Συρίαν</span> 
     </span>
    </p>
   </div>
   <div class='ocr_carea' id='block_1_14' title="bbox 353 1384 2013 1468">
    <p class='ocr_par' dir='ltr' id='par_1_14' title="bbox 353 1384 2013 1468">
     <span class='ocr_line' id='line_1_14' title="bbox 353 1384 2013 1468; baseline 0 -25"><span class='ocrx_word' id='word_1_72' title='bbox 353 1387 674 1464; x_wconf 84' lang='grc' dir='ltr'>ἐπράττετο,</span> <span class='ocrx_word' id='word_1_73' title='bbox 706 1384 950 1465; x_wconf 68' lang='grc' dir='ltr'>ἔκλειψιν</span> <span class='ocrx_word' id='word_1_74' title='bbox 994 1385 1191 1463; x_wconf 80' lang='grc' dir='ltr'>συνέϐη</span> <span class='ocrx_word' id='word_1_75' title='bbox 1249 1389 1376 1468; x_wconf 80' lang='grc' dir='ltr'>περὶ</span> <span class='ocrx_word' id='word_1_76' title='bbox 1432 1389 1751 1468; x_wconf 83' lang='grc' dir='ltr'>χειμερινὰς</span> <span class='ocrx_word' id='word_1_77' title='bbox 1806 1387 2013 1464; x_wconf 72' lang='grc' dir='ltr'>τροπάς</span> 
     </span>
    </p>
   </div>
   <div class='ocr_carea' id='block_1_15' title="bbox 350 1472 2008 1556">
    <p class='ocr_par' dir='ltr' id='par_1_15' title="bbox 350 1472 2008 1556">
     <span class='ocr_line' id='line_1_15' title="bbox 350 1472 2008 1556; baseline -0.001 -23"><span class='ocrx_word' id='word_1_78' title='bbox 350 1482 454 1533; x_wconf 77' lang='grc' dir='ltr'><strong>τοῦ</strong></span> <span class='ocrx_word' id='word_1_79' title='bbox 484 1478 654 1550; x_wconf 74' lang='grc' dir='ltr'>ἡλίου</span> <span class='ocrx_word' id='word_1_80' title='bbox 709 1482 957 1556; x_wconf 87' lang='grc' dir='ltr'>γενέσθαι</span> <span class='ocrx_word' id='word_1_81' title='bbox 1017 1482 1150 1556; x_wconf 84' lang='grc'><strong>(73),</strong></span> <span class='ocrx_word' id='word_1_82' title='bbox 1205 1481 1323 1537; x_wconf 79' lang='grc' dir='ltr'>σῖαν</span> <span class='ocrx_word' id='word_1_83' title='bbox 1384 1477 1616 1555; x_wconf 87' lang='grc' dir='ltr'>μηδέπω</span> <span class='ocrx_word' id='word_1_84' title='bbox 1674 1472 1870 1548; x_wconf 83' lang='grc' dir='ltr'>συνέϐη</span> <span class='ocrx_word' id='word_1_85' title='bbox 1916 1498 2008 1553; x_wconf 80' lang='grc' dir='ltr'>γε·</span> 
     </span>
    </p>
   </div>
   <div class='ocr_carea' id='block_1_16' title="bbox 351 1565 2012 1646">
    <p class='ocr_par' dir='ltr' id='par_1_16' title="bbox 351 1565 2012 1646">
     <span class='ocr_line' id='line_1_16' title="bbox 351 1565 2012 1646; baseline -0.001 -23"><span class='ocrx_word' id='word_1_86' title='bbox 351 1565 537 1624; x_wconf 83' lang='grc' dir='ltr'>νέσθαι</span> <span class='ocrx_word' id='word_1_87' title='bbox 567 1569 629 1623; x_wconf 87' lang='grc' dir='ltr'>τὸ</span> <span class='ocrx_word' id='word_1_88' title='bbox 658 1568 950 1646; x_wconf 84' lang='grc' dir='ltr'>πρότερον,</span> <span class='ocrx_word' id='word_1_89' title='bbox 981 1569 1129 1639; x_wconf 78' lang='grc' dir='ltr'>πλὴν</span> <span class='ocrx_word' id='word_1_90' title='bbox 1164 1569 1376 1643; x_wconf 83' lang='grc' dir='ltr'>ἐκείνην</span> <span class='ocrx_word' id='word_1_91' title='bbox 1406 1571 1506 1639; x_wconf 78' lang='grc' dir='ltr'><strong>τήν</strong></span> <span class='ocrx_word' id='word_1_92' title='bbox 1541 1566 1629 1626; x_wconf 82' lang='grc' dir='ltr'><strong>ἐπὶ</strong></span> <span class='ocrx_word' id='word_1_93' title='bbox 1658 1572 1757 1624; x_wconf 78' lang='grc' dir='ltr'><strong>τοῦ</strong></span> <span class='ocrx_word' id='word_1_94' title='bbox 1806 1576 2012 1623; x_wconf 88' lang='grc' dir='ltr'>Δεσπο-</span> 
     </span>
    </p>
   </div>
   <div class='ocr_carea' id='block_1_17' title="bbox 348 1654 2011 1733">
    <p class='ocr_par' dir='ltr' id='par_1_17' title="bbox 348 1654 2011 1733">
     <span class='ocr_line' id='line_1_17' title="bbox 348 1654 2011 1733; baseline 0 -21"><span class='ocrx_word' id='word_1_95' title='bbox 348 1661 511 1712; x_wconf 82' lang='grc' dir='ltr'>τικοῦ</span> <span class='ocrx_word' id='word_1_96' title='bbox 539 1658 748 1722; x_wconf 78' lang='grc' dir='ltr'>πάθους</span> <span class='ocrx_word' id='word_1_97' title='bbox 779 1654 1058 1733; x_wconf 84' lang='grc' dir='ltr'>προϐἆσαν</span> <span class='ocrx_word' id='word_1_98' title='bbox 1092 1657 1182 1715; x_wconf 77' lang='grc' dir='ltr'><strong>διὰ</strong></span> <span class='ocrx_word' id='word_1_99' title='bbox 1235 1660 1335 1729; x_wconf 80' lang='grc' dir='ltr'><strong>τήν</strong></span> <span class='ocrx_word' id='word_1_100' title='bbox 1395 1665 1503 1715; x_wconf 87' lang='grc' dir='ltr'><strong>τῶν</strong></span> <span class='ocrx_word' id='word_1_101' title='bbox 1558 1657 1840 1717; x_wconf 86' lang='grc' dir='ltr'>Ἰουδαίων</span> <span class='ocrx_word' id='word_1_102' title='bbox 1874 1655 2011 1712; x_wconf 80' lang='grc' dir='ltr'>ἀπό-</span> 
     </span>
    </p>
   </div>
   <div class='ocr_carea' id='block_1_18' title="bbox 349 1744 2007 1823">
    <p class='ocr_par' dir='ltr' id='par_1_18' title="bbox 349 1744 2007 1823">
     <span class='ocr_line' id='line_1_18' title="bbox 349 1744 2007 1823; baseline 0.001 -23"><span class='ocrx_word' id='word_1_103' title='bbox 349 1761 535 1819; x_wconf 72' lang='grc' dir='ltr'>νοιαν,</span> <span class='ocrx_word' id='word_1_104' title='bbox 594 1746 661 1817; x_wconf 73' lang='grc' dir='ltr'>ἣν</span> <span class='ocrx_word' id='word_1_105' title='bbox 718 1746 1163 1823; x_wconf 76' lang='grc' dir='ltr'>ἐπλημμέλησαν</span> <span class='ocrx_word' id='word_1_106' title='bbox 1197 1794 1211 1821; x_wconf 95' lang='grc'><strong>,</strong></span> <span class='ocrx_word' id='word_1_107' title='bbox 1273 1750 1489 1823; x_wconf 86' lang='grc' dir='ltr'>σταυρῴ</span> <span class='ocrx_word' id='word_1_108' title='bbox 1543 1749 1636 1805; x_wconf 79' lang='grc' dir='ltr'><strong>τὸν</strong></span> <span class='ocrx_word' id='word_1_109' title='bbox 1692 1748 1800 1803; x_wconf 79' lang='grc' dir='ltr'><strong>τῶν</strong></span> <span class='ocrx_word' id='word_1_110' title='bbox 1862 1744 2007 1803; x_wconf 82' lang='grc' dir='ltr'>ὅλων</span> 
     </span>
    </p>
   </div>
   <div class='ocr_carea' id='block_1_19' title="bbox 350 1835 2007 1914">
    <p class='ocr_par' dir='ltr' id='par_1_19' title="bbox 350 1835 2007 1914">
     <span class='ocr_line' id='line_1_19' title="bbox 350 1835 2007 1914; baseline 0 -22"><span class='ocrx_word' id='word_1_111' title='bbox 350 1837 705 1914; x_wconf 81' lang='grc' dir='ltr'>Δημιουργὸν</span> <span class='ocrx_word' id='word_1_112' title='bbox 763 1838 1244 1914; x_wconf 85' lang='grc' dir='ltr'>προσηλώσαντες.</span> <span class='ocrx_word' id='word_1_113' title='bbox 1314 1839 1394 1896; x_wconf 83' lang='grc' dir='ltr'><strong>Τὸ</strong></span> <span class='ocrx_word' id='word_1_114' title='bbox 1452 1835 1511 1894; x_wconf 80' lang='grc' dir='ltr'>δὶ</span> <span class='ocrx_word' id='word_1_115' title='bbox 1554 1844 1654 1909; x_wconf 81' lang='grc' dir='ltr'>τῆς</span> <span class='ocrx_word' id='word_1_116' title='bbox 1711 1835 2007 1911; x_wconf 74' lang='grc' dir='ltr'>ἐκλείψεως</span> 
     </span>
    </p>
   </div>
   <div class='ocr_carea' id='block_1_20' title="bbox 2128 671 3787 749">
    <p class='ocr_par' dir='ltr' id='par_1_20' title="bbox 2128 671 3787 749">
     <span class='ocr_line' id='line_1_20' title="bbox 2128 671 3787 749; baseline -0.004 -17"><span class='ocrx_word' id='word_1_117' title='bbox 2128 680 2550 749; x_wconf 63' lang='lat' dir='ltr'><strong>praetervectus</strong></span> <span class='ocrx_word' id='word_1_118' title='bbox 2606 675 2759 729; x_wconf 82' lang='lat' dir='ltr'><strong>Area</strong></span> <span class='ocrx_word' id='word_1_119' title='bbox 2814 678 3075 729; x_wconf 90' lang='lat' dir='ltr'><strong>castrum</strong></span> <span class='ocrx_word' id='word_1_120' title='bbox 3134 687 3476 745; x_wconf 78' lang='lat' dir='ltr'><strong>oppugnare</strong></span> <span class='ocrx_word' id='word_1_121' title='bbox 3532 671 3787 739; x_wconf 90' lang='lat' dir='ltr'><strong>statuit,</strong></span> 
     </span>
    </p>
   </div>
   <div class='ocr_carea' id='block_1_21' title="bbox 2128 763 3783 840">
    <p class='ocr_par' dir='ltr' id='par_1_21' title="bbox 2128 763 3783 840">
     <span class='ocr_line' id='line_1_21' title="bbox 2128 763 3783 840; baseline -0.003 -17"><span class='ocrx_word' id='word_1_122' title='bbox 2128 767 2286 839; x_wconf 88' lang='lat' dir='ltr'><strong>quod</strong></span> <span class='ocrx_word' id='word_1_123' title='bbox 2314 768 2549 840; x_wconf 89' lang='lat' dir='ltr'><strong>copiam</strong></span> <span class='ocrx_word' id='word_1_124' title='bbox 2580 766 2919 822; x_wconf 77' lang='lat' dir='ltr'><strong>divitiarum</strong></span> <span class='ocrx_word' id='word_1_125' title='bbox 2957 764 3376 822; x_wconf 85' lang='lat' dir='ltr'><strong>incredibilem</strong></span> <span class='ocrx_word' id='word_1_126' title='bbox 3418 763 3783 820; x_wconf 78' lang='lat' dir='ltr'><strong>continebat.</strong></span> 
     </span>
    </p>
   </div>
   <div class='ocr_carea' id='block_1_22' title="bbox 2126 854 3780 930">
    <p class='ocr_par' dir='ltr' id='par_1_22' title="bbox 2126 854 3780 930">
     <span class='ocr_line' id='line_1_22' title="bbox 2126 854 3780 930; baseline -0.002 -17"><span class='ocrx_word' id='word_1_127' title='bbox 2126 858 2215 913; x_wconf 85' lang='lat' dir='ltr'><strong>Ita</strong></span> <span class='ocrx_word' id='word_1_128' title='bbox 2244 858 2529 930; x_wconf 80' lang='lat' dir='ltr'><strong>Oppidum</strong></span> <span class='ocrx_word' id='word_1_129' title='bbox 2561 856 2752 912; x_wconf 90' lang='lat' dir='ltr'><strong>tribus</strong></span> <span class='ocrx_word' id='word_1_130' title='bbox 2780 856 2991 911; x_wconf 81' lang='lat' dir='ltr'><strong>castris</strong></span> <span class='ocrx_word' id='word_1_131' title='bbox 3023 855 3458 912; x_wconf 89' lang='lat' dir='ltr'><strong>circumdatum</strong></span> <span class='ocrx_word' id='word_1_132' title='bbox 3492 854 3780 909; x_wconf 81' lang='lat' dir='ltr'><strong>acerrime</strong></span> 
     </span>
    </p>
   </div>
   <div class='ocr_carea' id='block_1_23' title="bbox 2126 945 3783 1019">
    <p class='ocr_par' dir='ltr' id='par_1_23' title="bbox 2126 945 3783 1019">
     <span class='ocr_line' id='line_1_23' title="bbox 2126 945 3783 1019; baseline -0.003 -16"><span class='ocrx_word' id='word_1_133' title='bbox 2126 947 2390 1017; x_wconf 91' lang='lat' dir='ltr'><strong>adortus,</strong></span> <span class='ocrx_word' id='word_1_134' title='bbox 2420 952 2738 1019; x_wconf 74' lang='lat' dir='ltr'><strong>postquam</strong></span> <span class='ocrx_word' id='word_1_135' title='bbox 2768 945 3065 1001; x_wconf 84' lang='lat' dir='ltr'><strong>machinis</strong></span> <span class='ocrx_word' id='word_1_136' title='bbox 3098 961 3299 1000; x_wconf 88' lang='lat' dir='ltr'><strong>muros</strong></span> <span class='ocrx_word' id='word_1_137' title='bbox 3328 945 3649 1017; x_wconf 88' lang='lat' dir='ltr'><strong>dejecerat,</strong></span> <span class='ocrx_word' id='word_1_138' title='bbox 3675 961 3783 1015; x_wconf 92' lang='lat' dir='ltr'><strong>per</strong></span> 
     </span>
    </p>
   </div>
   <div class='ocr_carea' id='block_1_24' title="bbox 2125 1032 3776 1107">
    <p class='ocr_par' dir='ltr' id='par_1_24' title="bbox 2125 1032 3776 1107">
     <span class='ocr_line' id='line_1_24' title="bbox 2125 1032 3776 1107; baseline -0.003 -14"><span class='ocrx_word' id='word_1_139' title='bbox 2125 1053 2340 1093; x_wconf 87' lang='lat' dir='ltr'><strong>novem</strong></span> <span class='ocrx_word' id='word_1_140' title='bbox 2371 1042 2526 1093; x_wconf 91' lang='lat' dir='ltr'><strong>totos</strong></span> <span class='ocrx_word' id='word_1_141' title='bbox 2556 1037 2685 1093; x_wconf 88' lang='lat' dir='ltr'><strong>dies</strong></span> <span class='ocrx_word' id='word_1_142' title='bbox 2726 1035 2990 1104; x_wconf 77' lang='lat' dir='ltr'><strong>vastavit,</strong></span> <span class='ocrx_word' id='word_1_143' title='bbox 3022 1040 3200 1107; x_wconf 85' lang='lat' dir='ltr'><strong>atque</strong></span> <span class='ocrx_word' id='word_1_144' title='bbox 3258 1034 3594 1090; x_wconf 68' lang='lat' dir='ltr'><strong>ineffabiles</strong></span> <span class='ocrx_word' id='word_1_145' title='bbox 3638 1032 3776 1089; x_wconf 90' lang='lat' dir='ltr'><strong>inde</strong></span> 
     </span>
    </p>
   </div>
   <div class='ocr_carea' id='block_1_25' title="bbox 2126 1122 3775 1199">
    <p class='ocr_par' dir='ltr' id='par_1_25' title="bbox 2126 1122 3775 1199">
     <span class='ocr_line' id='line_1_25' title="bbox 2126 1122 3775 1199; baseline -0.004 -16"><span class='ocrx_word' id='word_1_146' title='bbox 2126 1126 2453 1199; x_wconf 86' lang='lat' dir='ltr'><strong>exportavit</strong></span> <span class='ocrx_word' id='word_1_147' title='bbox 2489 1143 2650 1199; x_wconf 91' lang='lat' dir='ltr'><strong>opes.</strong></span> <span class='ocrx_word' id='word_1_148' title='bbox 2683 1127 2833 1182; x_wconf 84' lang='lat' dir='ltr'><strong>Item</strong></span> <span class='ocrx_word' id='word_1_149' title='bbox 2872 1125 2991 1181; x_wconf 90' lang='lat' dir='ltr'><strong>alia</strong></span> <span class='ocrx_word' id='word_1_150' title='bbox 3018 1124 3265 1181; x_wconf 88' lang='lat' dir='ltr'><strong>castella</strong></span> <span class='ocrx_word' id='word_1_151' title='bbox 3293 1124 3554 1197; x_wconf 89' lang='lat' dir='ltr'><strong>plurima</strong></span> <span class='ocrx_word' id='word_1_152' title='bbox 3582 1122 3775 1195; x_wconf 90' lang='lat' dir='ltr'><strong>primo</strong></span> 
     </span>
    </p>
   </div>
   <div class='ocr_carea' id='block_1_26' title="bbox 2124 1217 2562 1289">
    <p class='ocr_par' dir='ltr' id='par_1_26' title="bbox 2124 1217 2562 1289">
     <span class='ocr_line' id='line_1_26' title="bbox 2124 1217 2562 1289; baseline 0 -16"><span class='ocrx_word' id='word_1_153' title='bbox 2124 1217 2352 1289; x_wconf 82' lang='lat' dir='ltr'><strong>impetu</strong></span> <span class='ocrx_word' id='word_1_154' title='bbox 2384 1217 2562 1288; x_wconf 89' lang='lat' dir='ltr'><strong>cepit.</strong></span> 
     </span>
    </p>
   </div>
   <div class='ocr_carea' id='block_1_27' title="bbox 2199 1304 3773 1378">
    <p class='ocr_par' dir='ltr' id='par_1_27' title="bbox 2199 1304 3773 1378">
     <span class='ocr_line' id='line_1_27' title="bbox 2199 1304 3773 1378; baseline -0.004 -14"><span class='ocrx_word' id='word_1_155' title='bbox 2199 1309 2237 1364; x_wconf 79' lang='lat'><strong>7</strong></span> <span class='ocrx_word' id='word_1_156' title='bbox 2251 1308 2297 1364; x_wconf 74' lang='lat'><strong>2</strong></span> <span class='ocrx_word' id='word_1_157' title='bbox 2330 1311 2416 1362; x_wconf 85' lang='grc'>11.</span> <span class='ocrx_word' id='word_1_158' title='bbox 2452 1309 2584 1363; x_wconf 69' lang='lat' dir='ltr'><strong>Haec</strong></span> <span class='ocrx_word' id='word_1_159' title='bbox 2617 1307 2758 1363; x_wconf 89' lang='lat' dir='ltr'><strong>dum</strong></span> <span class='ocrx_word' id='word_1_160' title='bbox 2790 1306 2863 1363; x_wconf 88' lang='lat' dir='ltr'><strong>ab</strong></span> <span class='ocrx_word' id='word_1_161' title='bbox 2889 1305 3247 1378; x_wconf 82' lang='lat' dir='ltr'><strong>imperatore</strong></span> <span class='ocrx_word' id='word_1_162' title='bbox 3276 1305 3339 1359; x_wconf 90' lang='lat' dir='ltr'><strong>in</strong></span> <span class='ocrx_word' id='word_1_163' title='bbox 3371 1304 3538 1377; x_wconf 88' lang='lat' dir='ltr'><strong>Syria</strong></span> <span class='ocrx_word' id='word_1_164' title='bbox 3557 1318 3773 1377; x_wconf 80' lang='lat' dir='ltr'><strong>gerun-</strong></span> 
     </span>
    </p>
   </div>
   <div class='ocr_carea' id='block_1_28' title="bbox 2124 1392 3775 1466">
    <p class='ocr_par' dir='ltr' id='par_1_28' title="bbox 2124 1392 3775 1466">
     <span class='ocr_line' id='line_1_28' title="bbox 2124 1392 3775 1466; baseline -0.004 -13"><span class='ocrx_word' id='word_1_165' title='bbox 2124 1402 2239 1466; x_wconf 88' lang='lat' dir='ltr'><strong>tur,</strong></span> <span class='ocrx_word' id='word_1_166' title='bbox 2274 1396 2381 1452; x_wconf 89' lang='lat' dir='ltr'><strong>sub</strong></span> <span class='ocrx_word' id='word_1_167' title='bbox 2410 1396 2664 1453; x_wconf 91' lang='lat' dir='ltr'><strong>solstitio</strong></span> <span class='ocrx_word' id='word_1_168' title='bbox 2695 1397 2948 1453; x_wconf 88' lang='lat' dir='ltr'><strong>hiberno</strong></span> <span class='ocrx_word' id='word_1_169' title='bbox 2979 1396 3122 1451; x_wconf 91' lang='lat' dir='ltr'><strong>solis</strong></span> <span class='ocrx_word' id='word_1_170' title='bbox 3150 1394 3266 1451; x_wconf 87' lang='lat' dir='ltr'><strong>fuit</strong></span> <span class='ocrx_word' id='word_1_171' title='bbox 3293 1394 3545 1450; x_wconf 83' lang='lat' dir='ltr'><strong>defectio</strong></span> <span class='ocrx_word' id='word_1_172' title='bbox 3579 1392 3775 1465; x_wconf 84' lang='lat' dir='ltr'><strong>qualis</strong></span> 
     </span>
    </p>
   </div>
   <div class='ocr_carea' id='block_1_29' title="bbox 2121 1485 3777 1560">
    <p class='ocr_par' dir='ltr' id='par_1_29' title="bbox 2121 1485 3777 1560">
     <span class='ocr_line' id='line_1_29' title="bbox 2121 1485 3777 1560; baseline -0.004 -16"><span class='ocrx_word' id='word_1_173' title='bbox 2121 1505 2431 1560; x_wconf 85' lang='lat' dir='ltr'><strong>nunquam</strong></span> <span class='ocrx_word' id='word_1_174' title='bbox 2459 1493 2634 1544; x_wconf 88' lang='lat' dir='ltr'><strong>antea</strong></span> <span class='ocrx_word' id='word_1_175' title='bbox 2663 1488 2896 1554; x_wconf 90' lang='lat' dir='ltr'><strong>accidit,</strong></span> <span class='ocrx_word' id='word_1_176' title='bbox 2932 1493 3148 1560; x_wconf 71' lang='lat' dir='ltr'><strong>prmter</strong></span> <span class='ocrx_word' id='word_1_177' title='bbox 3176 1486 3342 1542; x_wconf 87' lang='lat' dir='ltr'><strong>illam</strong></span> <span class='ocrx_word' id='word_1_178' title='bbox 3375 1502 3505 1557; x_wconf 58' lang='lat' dir='ltr'><strong>quae</strong></span> <span class='ocrx_word' id='word_1_179' title='bbox 3546 1485 3609 1539; x_wconf 92' lang='lat' dir='ltr'><strong>in</strong></span> <span class='ocrx_word' id='word_1_180' title='bbox 3638 1500 3777 1556; x_wconf 90' lang='lat' dir='ltr'><strong>pas-</strong></span> 
     </span>
    </p>
   </div>
   <div class='ocr_carea' id='block_1_30' title="bbox 2123 1574 3775 1634">
    <p class='ocr_par' dir='ltr' id='par_1_30' title="bbox 2123 1574 3775 1634">
     <span class='ocr_line' id='line_1_30' title="bbox 2123 1574 3775 1634; baseline -0.004 0"><span class='ocrx_word' id='word_1_181' title='bbox 2123 1579 2289 1634; x_wconf 89' lang='lat' dir='ltr'><strong>sione</strong></span> <span class='ocrx_word' id='word_1_182' title='bbox 2323 1578 2632 1634; x_wconf 90' lang='lat' dir='ltr'><strong>Dominica</strong></span> <span class='ocrx_word' id='word_1_183' title='bbox 2653 1578 2826 1633; x_wconf 90' lang='lat' dir='ltr'><strong>terris</strong></span> <span class='ocrx_word' id='word_1_184' title='bbox 2883 1577 3129 1633; x_wconf 90' lang='lat' dir='ltr'><strong>inducta</strong></span> <span class='ocrx_word' id='word_1_185' title='bbox 3159 1582 3249 1632; x_wconf 90' lang='lat' dir='ltr'><strong>est</strong></span> <span class='ocrx_word' id='word_1_186' title='bbox 3303 1575 3376 1631; x_wconf 93' lang='lat' dir='ltr'><strong>ob</strong></span> <span class='ocrx_word' id='word_1_187' title='bbox 3434 1574 3775 1631; x_wconf 65' lang='lat' dir='ltr'><strong>Iudaeorum</strong></span> 
     </span>
    </p>
   </div>
   <div class='ocr_carea' id='block_1_31' title="bbox 2121 1666 3776 1741">
    <p class='ocr_par' dir='ltr' id='par_1_31' title="bbox 2121 1666 3776 1741">
     <span class='ocr_line' id='line_1_31' title="bbox 2121 1666 3776 1741; baseline -0.002 -16"><span class='ocrx_word' id='word_1_188' title='bbox 2121 1669 2508 1738; x_wconf 90' lang='lat' dir='ltr'><strong>dementiam,</strong></span> <span class='ocrx_word' id='word_1_189' title='bbox 2550 1686 2670 1741; x_wconf 89' lang='lat' dir='ltr'><strong>qua</strong></span> <span class='ocrx_word' id='word_1_190' title='bbox 2697 1669 2973 1725; x_wconf 64' lang='lat' dir='ltr'><strong>occaecati</strong></span> <span class='ocrx_word' id='word_1_191' title='bbox 3030 1669 3455 1724; x_wconf 76' lang='lat' dir='ltr'><strong>zediﬁcatorem</strong></span> <span class='ocrx_word' id='word_1_192' title='bbox 3514 1666 3776 1722; x_wconf 89' lang='lat' dir='ltr'><strong>universi</strong></span> 
     </span>
    </p>
   </div>
   <div class='ocr_carea' id='block_1_32' title="bbox 2120 1756 3779 1830">
    <p class='ocr_par' dir='ltr' id='par_1_32' title="bbox 2120 1756 3779 1830">
     <span class='ocr_line' id='line_1_32' title="bbox 2120 1756 3779 1830; baseline -0.003 -14"><span class='ocrx_word' id='word_1_193' title='bbox 2120 1761 2279 1816; x_wconf 86' lang='lat' dir='ltr'><strong>cruci</strong></span> <span class='ocrx_word' id='word_1_194' title='bbox 2311 1760 2649 1816; x_wconf 79' lang='lat' dir='ltr'><strong>afﬁxerunt.</strong></span> <span class='ocrx_word' id='word_1_195' title='bbox 2700 1759 2975 1815; x_wconf 84' lang='lat' dir='ltr'><strong>Defectus</strong></span> <span class='ocrx_word' id='word_1_196' title='bbox 3004 1758 3202 1830; x_wconf 88' lang='lat' dir='ltr'><strong>specie</strong></span> <span class='ocrx_word' id='word_1_197' title='bbox 3235 1756 3338 1812; x_wconf 90' lang='lat' dir='ltr'><strong>tali</strong></span> <span class='ocrx_word' id='word_1_198' title='bbox 3378 1761 3522 1812; x_wconf 87' lang='lat' dir='ltr'><strong>erat.</strong></span> <span class='ocrx_word' id='word_1_199' title='bbox 3559 1756 3779 1811; x_wconf 88' lang='lat' dir='ltr'><strong>Vicesi-</strong></span> 
     </span>
    </p>
   </div>
   <div class='ocr_carea' id='block_1_33' title="bbox 2120 1846 3778 1921">
    <p class='ocr_par' dir='ltr' id='par_1_33' title="bbox 2120 1846 3778 1921">
     <span class='ocr_line' id='line_1_33' title="bbox 2120 1846 3778 1921; baseline -0.002 -15"><span class='ocrx_word' id='word_1_200' title='bbox 2120 1866 2253 1905; x_wconf 88' lang='lat' dir='ltr'><strong>mus</strong></span> <span class='ocrx_word' id='word_1_201' title='bbox 2270 1849 2569 1906; x_wconf 90' lang='lat' dir='ltr'><strong>secundus</strong></span> <span class='ocrx_word' id='word_1_202' title='bbox 2587 1849 2715 1905; x_wconf 91' lang='lat' dir='ltr'><strong>dies</strong></span> <span class='ocrx_word' id='word_1_203' title='bbox 2737 1849 3021 1921; x_wconf 77' lang='lat' dir='ltr'><strong>agebatur</strong></span> <span class='ocrx_word' id='word_1_204' title='bbox 3038 1847 3261 1903; x_wconf 87' lang='lat' dir='ltr'><strong>mensis</strong></span> <span class='ocrx_word' id='word_1_205' title='bbox 3275 1846 3618 1902; x_wconf 87' lang='lat' dir='ltr'><strong>Decembris</strong></span> <span class='ocrx_word' id='word_1_206' title='bbox 3631 1846 3778 1902; x_wconf 92' lang='lat' dir='ltr'><strong>hora</strong></span> 
     </span>
    </p>
   </div>
   <div class='ocr_carea' id='block_1_34' title="bbox 351 1923 2001 2026">
    <p class='ocr_par' dir='ltr' id='par_1_34' title="bbox 351 1923 2001 2004">
     <span class='ocr_line' id='line_1_34' title="bbox 351 1923 2001 2004; baseline -0.001 -23"><span class='ocrx_word' id='word_1_207' title='bbox 351 1923 500 1989; x_wconf 83' lang='grc' dir='ltr'>εἶδος</span> <span class='ocrx_word' id='word_1_208' title='bbox 541 1931 789 1983; x_wconf 76' lang='grc' dir='ltr'>τοιοῦτον</span> <span class='ocrx_word' id='word_1_209' title='bbox 844 1923 1172 1985; x_wconf 60' lang='grc' dir='ltr'>συνέϐαινεν</span> <span class='ocrx_word' id='word_1_210' title='bbox 1207 1926 1414 1987; x_wconf 76' lang='grc' dir='ltr'>Εἶκάδα</span> <span class='ocrx_word' id='word_1_211' title='bbox 1467 1925 1718 2004; x_wconf 81' lang='grc' dir='ltr'>δευτέραν</span> <span class='ocrx_word' id='word_1_212' title='bbox 1773 1923 2001 1997; x_wconf 78' lang='grc' dir='ltr'>ἤλαυνεν</span> 
     </span>
    </p>
   </div>
   <div class='ocr_carea' id='block_1_35' title="bbox 2115 1923 3775 2026">
    <p class='ocr_par' dir='ltr' id='par_1_35' title="bbox 2119 1935 3775 2011">
     <span class='ocr_line' id='line_1_35' title="bbox 2119 1935 3775 2011; baseline -0.003 -16"><span class='ocrx_word' id='word_1_213' title='bbox 2119 1939 2238 1995; x_wconf 92' lang='lat' dir='ltr'><strong>diei</strong></span> <span class='ocrx_word' id='word_1_214' title='bbox 2267 1944 2500 2011; x_wconf 86' lang='lat' dir='ltr'><strong>quarta,</strong></span> <span class='ocrx_word' id='word_1_215' title='bbox 2533 1939 2678 1995; x_wconf 74' lang='lat' dir='ltr'><strong>caelo</strong></span> <span class='ocrx_word' id='word_1_216' title='bbox 2709 1954 2942 2005; x_wconf 88' lang='lat' dir='ltr'><strong>sereno,</strong></span> <span class='ocrx_word' id='word_1_217' title='bbox 2975 1954 3110 1993; x_wconf 90' lang='lat' dir='ltr'><strong>cum</strong></span> <span class='ocrx_word' id='word_1_218' title='bbox 3156 1936 3416 1992; x_wconf 77' lang='lat' dir='ltr'><strong>tenebrae</strong></span> <span class='ocrx_word' id='word_1_219' title='bbox 3467 1941 3638 1992; x_wconf 76' lang='lat' dir='ltr'><strong>terrm</strong></span> <span class='ocrx_word' id='word_1_220' title='bbox 3683 1935 3775 1991; x_wconf 91' lang='lat' dir='ltr'><strong>of-</strong></span> 
     </span>
    </p>
   </div>
   <div class='ocr_carea' id='block_1_36' title="bbox 350 2013 2007 2096">
    <p class='ocr_par' dir='ltr' id='par_1_36' title="bbox 350 2013 2007 2096">
     <span class='ocr_line' id='line_1_36' title="bbox 350 2013 2007 2096; baseline 0.007 -25"><span class='ocrx_word' id='word_1_221' title='bbox 350 2016 384 2071; x_wconf 77' lang='grc' dir='ltr'>ὁ</span> <span class='ocrx_word' id='word_1_222' title='bbox 442 2015 774 2094; x_wconf 81' lang='grc' dir='ltr'>Δεκέμϐριος</span> <span class='ocrx_word' id='word_1_223' title='bbox 810 2062 824 2089; x_wconf 93' lang='grc'><strong>,</strong></span> <span class='ocrx_word' id='word_1_224' title='bbox 881 2018 1111 2096; x_wconf 77' lang='grc' dir='ltr'>τετάρτῃ</span> <span class='ocrx_word' id='word_1_225' title='bbox 1165 2024 1277 2094; x_wconf 77' lang='grc'><strong>(74)</strong></span> <span class='ocrx_word' id='word_1_226' title='bbox 1338 2015 1397 2074; x_wconf 67' lang='grc' dir='ltr'>δὲ</span> <span class='ocrx_word' id='word_1_227' title='bbox 1444 2025 1545 2088; x_wconf 82' lang='grc' dir='ltr'><strong>τῆς</strong></span> <span class='ocrx_word' id='word_1_228' title='bbox 1603 2013 1816 2092; x_wconf 75' lang='grc' dir='ltr'>ἡμέρας</span> <span class='ocrx_word' id='word_1_229' title='bbox 1872 2015 2007 2091; x_wconf 77' lang='grc' dir='ltr'>ὥρᾳ.</span> 
     </span>
    </p>
   </div>
   <div class='ocr_carea' id='block_1_37' title="bbox 354 2103 2011 2185">
    <p class='ocr_par' dir='ltr' id='par_1_37' title="bbox 354 2103 2011 2185">
     <span class='ocr_line' id='line_1_37' title="bbox 354 2103 2011 2185; baseline -0.007 -14"><span class='ocrx_word' id='word_1_230' title='bbox 354 2113 631 2182; x_wconf 69' lang='grc' dir='ltr'>σταθηρᾶς</span> <span class='ocrx_word' id='word_1_231' title='bbox 663 2106 870 2184; x_wconf 78' lang='grc' dir='ltr'>αἰθρίας</span> <span class='ocrx_word' id='word_1_232' title='bbox 904 2106 1095 2181; x_wconf 74' lang='grc' dir='ltr'>οῧσης,</span> <span class='ocrx_word' id='word_1_233' title='bbox 1135 2108 1331 2172; x_wconf 84' lang='grc' dir='ltr'>σκότος</span> <span class='ocrx_word' id='word_1_234' title='bbox 1388 2104 1588 2185; x_wconf 83' lang='grc' dir='ltr'>ἐπέσχε</span> <span class='ocrx_word' id='word_1_235' title='bbox 1629 2108 1729 2178; x_wconf 78' lang='grc' dir='ltr'>τὴν</span> <span class='ocrx_word' id='word_1_236' title='bbox 1762 2113 1891 2181; x_wconf 79' lang='grc' dir='ltr'>γῆν,</span> <span class='ocrx_word' id='word_1_237' title='bbox 1918 2103 2011 2160; x_wconf 74' lang='grc' dir='ltr'><strong>καὶ</strong></span> 
     </span>
    </p>
   </div>
   <div class='ocr_carea' id='block_1_38' title="bbox 352 2194 2007 2275">
    <p class='ocr_par' dir='ltr' id='par_1_38' title="bbox 352 2194 2007 2275">
     <span class='ocr_line' id='line_1_38' title="bbox 352 2194 2007 2275; baseline 0.001 -25"><span class='ocrx_word' id='word_1_238' title='bbox 352 2197 410 2250; x_wconf 77' lang='grc' dir='ltr'>οἱ</span> <span class='ocrx_word' id='word_1_239' title='bbox 475 2194 755 2275; x_wconf 74' lang='grc' dir='ltr'>διαφανεῖς</span> <span class='ocrx_word' id='word_1_240' title='bbox 800 2198 915 2254; x_wconf 85' lang='grc' dir='ltr'><strong>τῶν</strong></span> <span class='ocrx_word' id='word_1_241' title='bbox 973 2199 1212 2275; x_wconf 83' lang='grc' dir='ltr'>ἀστέρων</span> <span class='ocrx_word' id='word_1_242' title='bbox 1291 2200 1522 2261; x_wconf 81' lang='grc' dir='ltr'>ἅπαντες</span> <span class='ocrx_word' id='word_1_243' title='bbox 1601 2196 2007 2275; x_wconf 69' lang='grc' dir='ltr'>κατεφαίνοντο.</span> 
     </span>
    </p>
   </div>
   <div class='ocr_carea' id='block_1_39' title="bbox 350 2282 2008 2362">
    <p class='ocr_par' dir='ltr' id='par_1_39' title="bbox 350 2282 2008 2362">
     <span class='ocr_line' id='line_1_39' title="bbox 350 2282 2008 2362; baseline -0.002 -19"><span class='ocrx_word' id='word_1_244' title='bbox 350 2286 459 2343; x_wconf 84' lang='grc' dir='ltr'>Ἢν</span> <span class='ocrx_word' id='word_1_245' title='bbox 489 2282 547 2341; x_wconf 71' lang='grc' dir='ltr'>δὲ</span> <span class='ocrx_word' id='word_1_246' title='bbox 578 2288 706 2361; x_wconf 80' lang='grc' dir='ltr'>ὁρᾷν</span> <span class='ocrx_word' id='word_1_247' title='bbox 738 2286 831 2344; x_wconf 85' lang='grc' dir='ltr'>τὸν</span> <span class='ocrx_word' id='word_1_248' title='bbox 861 2292 960 2344; x_wconf 77' lang='grc' dir='ltr'><strong>τοῦ</strong></span> <span class='ocrx_word' id='word_1_249' title='bbox 1009 2287 1179 2358; x_wconf 77' lang='grc' dir='ltr'>ἥλίου</span> <span class='ocrx_word' id='word_1_250' title='bbox 1238 2285 1421 2344; x_wconf 88' lang='grc' dir='ltr'>δίσκον</span> <span class='ocrx_word' id='word_1_251' title='bbox 1480 2286 1710 2361; x_wconf 79' lang='grc' dir='ltr'>ἀλαμπῆ</span> <span class='ocrx_word' id='word_1_252' title='bbox 1742 2286 1834 2343; x_wconf 80' lang='grc' dir='ltr'><strong>καὶ</strong></span> <span class='ocrx_word' id='word_1_253' title='bbox 1865 2286 2008 2362; x_wconf 76' lang='grc' dir='ltr'>ἀφώ-</span> 
     </span>
    </p>
   </div>
   <div class='ocr_carea' id='block_1_40' title="bbox 347 2375 2008 2453">
    <p class='ocr_par' dir='ltr' id='par_1_40' title="bbox 347 2375 2008 2453">
     <span class='ocr_line' id='line_1_40' title="bbox 347 2375 2008 2453; baseline -0.001 -21"><span class='ocrx_word' id='word_1_254' title='bbox 347 2396 559 2447; x_wconf 86' lang='grc' dir='ltr'>τιστον,</span> <span class='ocrx_word' id='word_1_255' title='bbox 592 2375 793 2452; x_wconf 70' lang='grc' dir='ltr'>αἶ’γλην</span> <span class='ocrx_word' id='word_1_256' title='bbox 840 2375 898 2433; x_wconf 84' lang='grc' dir='ltr'><strong>δέ</strong></span> <span class='ocrx_word' id='word_1_257' title='bbox 926 2399 1047 2434; x_wconf 88' lang='grc' dir='ltr'>τινα</span> <span class='ocrx_word' id='word_1_258' title='bbox 1095 2376 1339 2453; x_wconf 81' lang='grc' dir='ltr'>ἀμυδρὰν</span> <span class='ocrx_word' id='word_1_259' title='bbox 1398 2378 1488 2433; x_wconf 84' lang='grc' dir='ltr'><strong>καὶ</strong></span> <span class='ocrx_word' id='word_1_260' title='bbox 1547 2378 1766 2453; x_wconf 75' lang='grc' dir='ltr'>ἰσχνὴν,</span> <span class='ocrx_word' id='word_1_261' title='bbox 1797 2376 2008 2438; x_wconf 80' lang='grc' dir='ltr'>ταινίας</span> 
     </span>
    </p>
   </div>
   <div class='ocr_carea' id='block_1_41' title="bbox 352 2462 2003 2544">
    <p class='ocr_par' dir='ltr' id='par_1_41' title="bbox 352 2462 2003 2544">
     <span class='ocr_line' id='line_1_41' title="bbox 352 2462 2003 2544; baseline 0.001 -24"><span class='ocrx_word' id='word_1_262' title='bbox 352 2462 516 2537; x_wconf 81' lang='grc' dir='ltr'>δίκην</span> <span class='ocrx_word' id='word_1_263' title='bbox 546 2462 772 2536; x_wconf 79' lang='grc' dir='ltr'>λεπτῆς,</span> <span class='ocrx_word' id='word_1_264' title='bbox 830 2467 966 2523; x_wconf 72' lang='grc' dir='ltr'>κατὰ</span> <span class='ocrx_word' id='word_1_265' title='bbox 1021 2468 1084 2523; x_wconf 85' lang='grc' dir='ltr'>τὸ</span> <span class='ocrx_word' id='word_1_266' title='bbox 1142 2466 1304 2544; x_wconf 79' lang='grc' dir='ltr'>ἄκρον</span> <span class='ocrx_word' id='word_1_267' title='bbox 1361 2465 1626 2532; x_wconf 79' lang='grc' dir='ltr'>κυκλόθεν</span> <span class='ocrx_word' id='word_1_268' title='bbox 1673 2467 1764 2522; x_wconf 86' lang='grc' dir='ltr'>τὸν</span> <span class='ocrx_word' id='word_1_269' title='bbox 1820 2463 2003 2521; x_wconf 87' lang='grc' dir='ltr'>δίσκον</span> 
     </span>
    </p>
   </div>
   <div class='ocr_carea' id='block_1_42' title="bbox 350 2554 2007 2634">
    <p class='ocr_par' dir='ltr' id='par_1_42' title="bbox 350 2554 2007 2634">
     <span class='ocr_line' id='line_1_42' title="bbox 350 2554 2007 2634; baseline -0.001 -23"><span class='ocrx_word' id='word_1_270' title='bbox 350 2557 844 2631; x_wconf 76' lang='grc' dir='ltr'>περιαυγάζουσαν.</span> <span class='ocrx_word' id='word_1_271' title='bbox 901 2557 1050 2613; x_wconf 70' lang='grc' dir='ltr'>Κατὰ</span> <span class='ocrx_word' id='word_1_272' title='bbox 1084 2558 1275 2634; x_wconf 83' lang='grc' dir='ltr'>μικρὸν</span> <span class='ocrx_word' id='word_1_273' title='bbox 1341 2555 1399 2613; x_wconf 80' lang='grc' dir='ltr'>δὶ</span> <span class='ocrx_word' id='word_1_274' title='bbox 1452 2559 1554 2628; x_wconf 74' lang='grc' dir='ltr'>τήν</span> <span class='ocrx_word' id='word_1_275' title='bbox 1607 2554 1842 2628; x_wconf 78' lang='grc' dir='ltr'>σελήνην</span> <span class='ocrx_word' id='word_1_276' title='bbox 1901 2576 2007 2611; x_wconf 89' lang='grc' dir='ltr'>πα-</span> 
     </span>
    </p>
   </div>
   <div class='ocr_carea' id='block_1_43' title="bbox 352 2638 2002 2724">
    <p class='ocr_par' dir='ltr' id='par_1_43' title="bbox 352 2638 2002 2724">
     <span class='ocr_line' id='line_1_43' title="bbox 352 2638 2002 2724; baseline 0 -25"><span class='ocrx_word' id='word_1_277' title='bbox 352 2638 632 2721; x_wconf 79' lang='grc' dir='ltr'>ραμείϐων</span> <span class='ocrx_word' id='word_1_278' title='bbox 685 2646 713 2699; x_wconf 86' lang='grc' dir='ltr'><strong>ὁ</strong></span> <span class='ocrx_word' id='word_1_279' title='bbox 770 2644 928 2716; x_wconf 83' lang='grc' dir='ltr'>ἣλιος</span> <span class='ocrx_word' id='word_1_280' title='bbox 985 2646 1188 2724; x_wconf 84' lang='grc' dir='ltr'><strong>(ὡρᾶτο</strong></span> <span class='ocrx_word' id='word_1_281' title='bbox 1247 2647 1349 2723; x_wconf 78' lang='grc' dir='ltr'>γὰρ</span> <span class='ocrx_word' id='word_1_282' title='bbox 1404 2645 1541 2718; x_wconf 73' lang='grc' dir='ltr'>αὕτη</span> <span class='ocrx_word' id='word_1_283' title='bbox 1589 2646 1726 2701; x_wconf 71' lang='grc' dir='ltr'>κατὰ</span> <span class='ocrx_word' id='word_1_284' title='bbox 1778 2646 2002 2711; x_wconf 79' lang='grc' dir='ltr'>κάθετον</span> 
     </span>
    </p>
   </div>
   <div class='ocr_carea' id='block_1_44' title="bbox 350 2733 2006 2814">
    <p class='ocr_par' dir='ltr' id='par_1_44' title="bbox 350 2733 2006 2814">
     <span class='ocr_line' id='line_1_44' title="bbox 350 2733 2006 2814; baseline 0 -25"><span class='ocrx_word' id='word_1_285' title='bbox 350 2733 512 2791; x_wconf 78' lang='grc' dir='ltr'>αὐτὸν</span> <span class='ocrx_word' id='word_1_286' title='bbox 570 2735 1049 2814; x_wconf 74' lang='grc' dir='ltr'>ἀντιφράττουσα)</span> <span class='ocrx_word' id='word_1_287' title='bbox 1124 2737 1221 2800; x_wconf 75' lang='grc' dir='ltr'><strong>τάς</strong></span> <span class='ocrx_word' id='word_1_288' title='bbox 1268 2733 1410 2799; x_wconf 79' lang='grc' dir='ltr'>ἰδίας</span> <span class='ocrx_word' id='word_1_289' title='bbox 1464 2734 1685 2799; x_wconf 79' lang='grc' dir='ltr'>ἀκτῖνας</span> <span class='ocrx_word' id='word_1_290' title='bbox 1742 2734 2006 2808; x_wconf 78' lang='grc' dir='ltr'>ἐξέπεμπε</span> 
     </span>
    </p>
   </div>
   <div class='ocr_carea' id='block_1_45' title="bbox 347 2822 2001 2903">
    <p class='ocr_par' dir='ltr' id='par_1_45' title="bbox 347 2822 2001 2903">
     <span class='ocr_line' id='line_1_45' title="bbox 347 2822 2001 2903; baseline -0.002 -23"><span class='ocrx_word' id='word_1_291' title='bbox 347 2823 648 2900; x_wconf 75' lang='grc' dir='ltr'>καὶφωτὸς</span> <span class='ocrx_word' id='word_1_292' title='bbox 689 2822 845 2890; x_wconf 76' lang='grc' dir='ltr'>αὖθις</span> <span class='ocrx_word' id='word_1_293' title='bbox 903 2824 1151 2902; x_wconf 77' lang='grc' dir='ltr'>ἐπλήρου</span> <span class='ocrx_word' id='word_1_294' title='bbox 1207 2826 1307 2896; x_wconf 85' lang='grc' dir='ltr'><strong>τήν</strong></span> <span class='ocrx_word' id='word_1_295' title='bbox 1359 2832 1484 2903; x_wconf 83' lang='grc' dir='ltr'>γῆν.</span> <span class='ocrx_word' id='word_1_296' title='bbox 1538 2829 1630 2897; x_wconf 82' lang='grc' dir='ltr'><strong>Τῷ</strong></span> <span class='ocrx_word' id='word_1_297' title='bbox 1682 2829 1853 2898; x_wconf 80' lang='grc' dir='ltr'>καινῷ</span> <span class='ocrx_word' id='word_1_298' title='bbox 1909 2824 2001 2880; x_wconf 79' lang='grc' dir='ltr'><strong>οὗν</strong></span> 
     </span>
    </p>
   </div>
   <div class='ocr_carea' id='block_1_46' title="bbox 348 2912 2005 2994">
    <p class='ocr_par' dir='ltr' id='par_1_46' title="bbox 348 2912 2005 2994">
     <span class='ocr_line' id='line_1_46' title="bbox 348 2912 2005 2994; baseline -0.001 -24"><span class='ocrx_word' id='word_1_299' title='bbox 348 2913 442 2970; x_wconf 78' lang='grc' dir='ltr'><strong>καὶ</strong></span> <span class='ocrx_word' id='word_1_300' title='bbox 520 2914 776 2986; x_wconf 69' lang='grc' dir='ltr'>ἀσυνήθει</span> <span class='ocrx_word' id='word_1_301' title='bbox 854 2919 952 2971; x_wconf 77' lang='grc' dir='ltr'><strong>τοῦ</strong></span> <span class='ocrx_word' id='word_1_302' title='bbox 1039 2915 1314 2994; x_wconf 79' lang='grc' dir='ltr'>ὁράματος</span> <span class='ocrx_word' id='word_1_303' title='bbox 1398 2912 1885 2988; x_wconf 78' lang='grc' dir='ltr'>ἐκδειματωθέντες</span> <span class='ocrx_word' id='word_1_304' title='bbox 1952 2915 2005 2969; x_wconf 72' lang='grc' dir='ltr'>οἳ</span> 
     </span>
    </p>
   </div>
   <div class='ocr_carea' id='block_1_47' title="bbox 348 3002 2001 3082">
    <p class='ocr_par' dir='ltr' id='par_1_47' title="bbox 348 3002 2001 3082">
     <span class='ocr_line' id='line_1_47' title="bbox 348 3002 2001 3082; baseline -0.001 -22"><span class='ocrx_word' id='word_1_305' title='bbox 348 3004 655 3080; x_wconf 81' lang='grc' dir='ltr'>ἂνθρωποι,</span> <span class='ocrx_word' id='word_1_306' title='bbox 681 3004 746 3061; x_wconf 84' lang='grc' dir='ltr'>τὸ</span> <span class='ocrx_word' id='word_1_307' title='bbox 800 3010 957 3062; x_wconf 87' lang='grc' dir='ltr'>Θεῖον</span> <span class='ocrx_word' id='word_1_308' title='bbox 999 3006 1328 3082; x_wconf 78' lang='grc' dir='ltr'>ἱκετηρίαις,</span> <span class='ocrx_word' id='word_1_309' title='bbox 1387 3005 1465 3069; x_wconf 84' lang='grc' dir='ltr'>ὠς</span> <span class='ocrx_word' id='word_1_310' title='bbox 1518 3006 1580 3060; x_wconf 86' lang='grc' dir='ltr'>τὸ</span> <span class='ocrx_word' id='word_1_311' title='bbox 1626 3003 1793 3073; x_wconf 84' lang='grc' dir='ltr'>είλὸς,</span> <span class='ocrx_word' id='word_1_312' title='bbox 1826 3002 2001 3075; x_wconf 81' lang='grc' dir='ltr'>ἐξιλά-</span> 
     </span>
    </p>
   </div>
   <div class='ocr_carea' id='block_1_48' title="bbox 351 3092 2003 3171">
    <p class='ocr_par' dir='ltr' id='par_1_48' title="bbox 351 3092 2003 3171">
     <span class='ocr_line' id='line_1_48' title="bbox 351 3092 2003 3171; baseline 0 -23"><span class='ocrx_word' id='word_1_313' title='bbox 351 3114 567 3150; x_wconf 87' lang='grc' dir='ltr'>σκοντο.</span> <span class='ocrx_word' id='word_1_314' title='bbox 601 3094 743 3152; x_wconf 83' lang='grc' dir='ltr'>Τότε</span> <span class='ocrx_word' id='word_1_315' title='bbox 780 3093 871 3149; x_wconf 87' lang='grc' dir='ltr'><strong>καὶ</strong></span> <span class='ocrx_word' id='word_1_316' title='bbox 930 3093 1091 3158; x_wconf 78' lang='grc' dir='ltr'>αὐτὸς</span> <span class='ocrx_word' id='word_1_317' title='bbox 1149 3092 1256 3171; x_wconf 82' lang='grc' dir='ltr'>ἐγὼ</span> <span class='ocrx_word' id='word_1_318' title='bbox 1312 3098 1390 3168; x_wconf 81' lang='grc' dir='ltr'>τῷ</span> <span class='ocrx_word' id='word_1_319' title='bbox 1447 3095 1730 3168; x_wconf 82' lang='grc' dir='ltr'>Βυζαντίῳ</span> <span class='ocrx_word' id='word_1_320' title='bbox 1788 3092 2003 3169; x_wconf 80' lang='grc' dir='ltr'>ἐπεχω-</span> 
     </span>
    </p>
   </div>
   <div class='ocr_carea' id='block_1_49' title="bbox 351 3179 2006 3261">
    <p class='ocr_par' dir='ltr' id='par_1_49' title="bbox 351 3179 2006 3261">
     <span class='ocr_line' id='line_1_49' title="bbox 351 3179 2006 3261; baseline 0 -24"><span class='ocrx_word' id='word_1_321' title='bbox 351 3183 562 3260; x_wconf 83' lang='grc' dir='ltr'>ρίαζον,</span> <span class='ocrx_word' id='word_1_322' title='bbox 622 3183 822 3258; x_wconf 87' lang='grc' dir='ltr'>μετιὼν</span> <span class='ocrx_word' id='word_1_323' title='bbox 880 3184 980 3253; x_wconf 79' lang='grc' dir='ltr'>τὴν</span> <span class='ocrx_word' id='word_1_324' title='bbox 1040 3182 1325 3261; x_wconf 66' lang='grc' dir='ltr'>ἐγκύκλιον</span> <span class='ocrx_word' id='word_1_325' title='bbox 1390 3181 1666 3239; x_wconf 80' lang='grc' dir='ltr'>παίδευσιν</span> <span class='ocrx_word' id='word_1_326' title='bbox 1723 3183 1790 3239; x_wconf 75' lang='grc'><strong>⁵⁸.</strong></span> <span class='ocrx_word' id='word_1_327' title='bbox 1850 3183 1908 3236; x_wconf 75' lang='grc' dir='ltr'>Ὀ</span> <span class='ocrx_word' id='word_1_328' title='bbox 1948 3179 2006 3238; x_wconf 65' lang='grc' dir='ltr'><strong>δέ</strong></span> 
     </span>
    </p>
   </div>
   <div class='ocr_carea' id='block_1_50' title="bbox 355 3269 2005 3348">
    <p class='ocr_par' dir='ltr' id='par_1_50' title="bbox 355 3269 2005 3348">
     <span class='ocr_line' id='line_1_50' title="bbox 355 3269 2005 3348; baseline 0 -22"><span class='ocrx_word' id='word_1_329' title='bbox 355 3271 612 3348; x_wconf 74' lang='grc' dir='ltr'>βασιλεὺς</span> <span class='ocrx_word' id='word_1_330' title='bbox 640 3269 750 3347; x_wconf 90' lang='grc' dir='ltr'>(δεῖ</span> <span class='ocrx_word' id='word_1_331' title='bbox 777 3272 881 3348; x_wconf 79' lang='grc' dir='ltr'><strong>γὰρ</strong></span> <span class='ocrx_word' id='word_1_332' title='bbox 913 3272 1002 3327; x_wconf 87' lang='grc' dir='ltr'>τὸν</span> <span class='ocrx_word' id='word_1_333' title='bbox 1064 3271 1233 3348; x_wconf 84' lang='grc' dir='ltr'>λόγον</span> <span class='ocrx_word' id='word_1_334' title='bbox 1285 3277 1383 3328; x_wconf 77' lang='grc' dir='ltr'><strong>τοῦ</strong></span> <span class='ocrx_word' id='word_1_335' title='bbox 1428 3274 1622 3347; x_wconf 76' lang='grc' dir='ltr'>εῖρμοῦ</span> <span class='ocrx_word' id='word_1_336' title='bbox 1676 3270 2005 3345; x_wconf 81' lang='grc' dir='ltr'>ἐκτραπέντα</span> 
     </span>
    </p>
   </div>
   <div class='ocr_carea' id='block_1_51' title="bbox 352 3344 2078 3439">
    <p class='ocr_par' dir='ltr' id='par_1_51' title="bbox 352 3344 2078 3439">
     <span class='ocr_line' id='line_1_51' title="bbox 352 3344 2078 3439; baseline -0.001 -22"><span class='ocrx_word' id='word_1_337' title='bbox 352 3361 438 3417; x_wconf 82' lang='grc' dir='ltr'><strong>ἐπ’</strong></span> <span class='ocrx_word' id='word_1_338' title='bbox 480 3362 641 3418; x_wconf 77' lang='grc' dir='ltr'>αὐτὸν</span> <span class='ocrx_word' id='word_1_339' title='bbox 696 3366 890 3418; x_wconf 79' lang='grc' dir='ltr'>τοῦτον</span> <span class='ocrx_word' id='word_1_340' title='bbox 942 3361 1093 3427; x_wconf 78' lang='grc' dir='ltr'>αὖθις</span> <span class='ocrx_word' id='word_1_341' title='bbox 1150 3361 1555 3439; x_wconf 79' lang='grc' dir='ltr'>ἐπαναγαγεῖν),</span> <span class='ocrx_word' id='word_1_342' title='bbox 1611 3360 1725 3417; x_wconf 79' lang='grc' dir='ltr'>ἐπεὶ</span> <span class='ocrx_word' id='word_1_343' title='bbox 1776 3362 1844 3417; x_wconf 75' lang='grc' dir='ltr'><strong>τὰ</strong></span> <span class='ocrx_word' id='word_1_344' title='bbox 1893 3366 2002 3418; x_wconf 86' lang='grc' dir='ltr'><strong>τῶν</strong></span> <span class='ocrx_word' id='word_1_345' title='bbox 2036 3344 2078 3411; x_wconf 79' lang='lat' dir='ltr'><strong><em>C</em></strong></span> 
     </span>
    </p>
   </div>
   <div class='ocr_carea' id='block_1_52' title="bbox 354 3449 2006 3531">
    <p class='ocr_par' dir='ltr' id='par_1_52' title="bbox 354 3449 2006 3531">
     <span class='ocr_line' id='line_1_52' title="bbox 354 3449 2006 3531; baseline -0.001 -24"><span class='ocrx_word' id='word_1_346' title='bbox 354 3449 611 3507; x_wconf 85' lang='grc' dir='ltr'>ἐναντίων</span> <span class='ocrx_word' id='word_1_347' title='bbox 645 3451 878 3531; x_wconf 71' lang='grc' dir='ltr'>φρούρια</span> <span class='ocrx_word' id='word_1_348' title='bbox 921 3452 1065 3507; x_wconf 85' lang='grc' dir='ltr'>εἶλεν</span> <span class='ocrx_word' id='word_1_349' title='bbox 1125 3451 1356 3523; x_wconf 80' lang='grc' dir='ltr'>ἀκονιτὶ,</span> <span class='ocrx_word' id='word_1_350' title='bbox 1410 3452 1499 3508; x_wconf 76' lang='grc' dir='ltr'><strong>ἐπὶ</strong></span> <span class='ocrx_word' id='word_1_351' title='bbox 1553 3453 1654 3522; x_wconf 79' lang='grc' dir='ltr'><strong>τήν</strong></span> <span class='ocrx_word' id='word_1_352' title='bbox 1713 3451 2006 3528; x_wconf 82' lang='grc' dir='ltr'>Ἀντιόχου</span> 
     </span>
    </p>
   </div>
   <div class='ocr_carea' id='block_1_53' title="bbox 352 3539 2003 3619">
    <p class='ocr_par' dir='ltr' id='par_1_53' title="bbox 352 3539 2003 3619">
     <span class='ocr_line' id='line_1_53' title="bbox 352 3539 2003 3619; baseline -0.001 -22"><span class='ocrx_word' id='word_1_353' title='bbox 352 3539 644 3616; x_wconf 79' lang='grc' dir='ltr'>ἐπορεύετο</span> <span class='ocrx_word' id='word_1_354' title='bbox 699 3542 1049 3615; x_wconf 75' lang='grc' dir='ltr'>παμπληθεῖ,</span> <span class='ocrx_word' id='word_1_355' title='bbox 1105 3543 1195 3597; x_wconf 76' lang='grc' dir='ltr'><strong>καὶ</strong></span> <span class='ocrx_word' id='word_1_356' title='bbox 1251 3542 1360 3619; x_wconf 77' lang='grc' dir='ltr'><strong>πρὸ</strong></span> <span class='ocrx_word' id='word_1_357' title='bbox 1415 3546 1524 3597; x_wconf 87' lang='grc' dir='ltr'><strong>τῶν</strong></span> <span class='ocrx_word' id='word_1_358' title='bbox 1577 3546 1781 3617; x_wconf 80' lang='grc' dir='ltr'>τειχῶν</span> <span class='ocrx_word' id='word_1_359' title='bbox 1836 3541 2003 3612; x_wconf 75' lang='grc' dir='ltr'>αὐτῆς</span> 
     </span>
    </p>
   </div>
   <div class='ocr_carea' id='block_1_54' title="bbox 352 3630 2003 3709">
    <p class='ocr_par' dir='ltr' id='par_1_54' title="bbox 352 3630 2003 3709">
     <span class='ocr_line' id='line_1_54' title="bbox 352 3630 2003 3709; baseline -0.001 -21"><span class='ocrx_word' id='word_1_360' title='bbox 352 3632 666 3707; x_wconf 78' lang='grc' dir='ltr'>πηξάμενος</span> <span class='ocrx_word' id='word_1_361' title='bbox 707 3636 945 3708; x_wconf 83' lang='grc' dir='ltr'>χάρακα,</span> <span class='ocrx_word' id='word_1_362' title='bbox 1005 3632 1138 3696; x_wconf 78' lang='grc' dir='ltr'>τοὺς</span> <span class='ocrx_word' id='word_1_363' title='bbox 1185 3631 1522 3709; x_wconf 75' lang='grc' dir='ltr'>στρατηγοὺς</span> <span class='ocrx_word' id='word_1_364' title='bbox 1572 3631 1663 3687; x_wconf 83' lang='grc' dir='ltr'><strong>καὶ</strong></span> <span class='ocrx_word' id='word_1_365' title='bbox 1722 3630 2003 3709; x_wconf 81' lang='grc' dir='ltr'>λοχαγοὺς</span> 
     </span>
    </p>
   </div>
   <div class='ocr_carea' id='block_1_55' title="bbox 352 3721 2001 3799">
    <p class='ocr_par' dir='ltr' id='par_1_55' title="bbox 352 3721 2001 3799">
     <span class='ocr_line' id='line_1_55' title="bbox 352 3721 2001 3799; baseline -0.001 -23"><span class='ocrx_word' id='word_1_366' title='bbox 352 3722 741 3799; x_wconf 78' lang='grc' dir='ltr'>συναγηοχὼς,</span> <span class='ocrx_word' id='word_1_367' title='bbox 776 3721 829 3778; x_wconf 91' lang='grc' dir='ltr'><strong>ἐν</strong></span> <span class='ocrx_word' id='word_1_368' title='bbox 862 3726 1116 3798; x_wconf 75' lang='grc' dir='ltr'>περιωπῇ</span> <span class='ocrx_word' id='word_1_369' title='bbox 1147 3743 1205 3777; x_wconf 88' lang='grc' dir='ltr'><strong>τε</strong></span> <span class='ocrx_word' id='word_1_370' title='bbox 1234 3721 1371 3777; x_wconf 79' lang='grc' dir='ltr'>κατὰ</span> <span class='ocrx_word' id='word_1_371' title='bbox 1407 3722 1471 3777; x_wconf 86' lang='grc' dir='ltr'>τὸ</span> <span class='ocrx_word' id='word_1_372' title='bbox 1527 3721 1789 3797; x_wconf 74' lang='grc' dir='ltr'>ὕπαιθρον</span> <span class='ocrx_word' id='word_1_373' title='bbox 1850 3721 2001 3794; x_wconf 77' lang='grc' dir='ltr'>στὰς,</span> 
     </span>
    </p>
   </div>
   <div class='ocr_carea' id='block_1_56' title="bbox 347 3810 1999 3887">
    <p class='ocr_par' dir='ltr' id='par_1_56' title="bbox 347 3810 1999 3887">
     <span class='ocr_line' id='line_1_56' title="bbox 347 3810 1999 3887; baseline -0.001 -19"><span class='ocrx_word' id='word_1_374' title='bbox 347 3811 496 3887; x_wconf 82' lang='grc' dir='ltr'>ἔλεξε</span> <span class='ocrx_word' id='word_1_375' title='bbox 547 3818 720 3869; x_wconf 74' lang='grc' dir='ltr'>ταῦτα</span> <span class='ocrx_word' id='word_1_376' title='bbox 746 3813 811 3850; x_wconf 80' lang='grc'><strong>⁵³·</strong></span> <span class='ocrx_word' id='word_1_377' title='bbox 875 3837 902 3865; x_wconf 83' lang='grc' dir='ltr'><strong>ιι</strong></span> <span class='ocrx_word' id='word_1_378' title='bbox 937 3812 1020 3870; x_wconf 81' lang='grc' dir='ltr'><strong>Τὰ</strong></span> <span class='ocrx_word' id='word_1_379' title='bbox 1079 3813 1175 3886; x_wconf 77' lang='grc' dir='ltr'>μὶν</span> <span class='ocrx_word' id='word_1_380' title='bbox 1235 3811 1483 3867; x_wconf 78' lang='grc' dir='ltr'>ἐπέκεινα</span> <span class='ocrx_word' id='word_1_381' title='bbox 1538 3810 1740 3881; x_wconf 79' lang='grc' dir='ltr'>ταύτης</span> <span class='ocrx_word' id='word_1_382' title='bbox 1796 3813 1999 3885; x_wconf 81' lang='grc' dir='ltr'>ἀνῳκι-</span> 
     </span>
    </p>
   </div>
   <div class='ocr_carea' id='block_1_57' title="bbox 347 3899 1998 3980">
    <p class='ocr_par' dir='ltr' id='par_1_57' title="bbox 347 3899 1998 3980">
     <span class='ocr_line' id='line_1_57' title="bbox 347 3899 1998 3980; baseline -0.002 -22"><span class='ocrx_word' id='word_1_383' title='bbox 347 3904 515 3977; x_wconf 84' lang='grc' dir='ltr'>σμένα</span> <span class='ocrx_word' id='word_1_384' title='bbox 550 3908 652 3973; x_wconf 82' lang='grc' dir='ltr'><strong>τῆς</strong></span> <span class='ocrx_word' id='word_1_385' title='bbox 705 3899 922 3965; x_wconf 86' lang='grc' dir='ltr'>πόλεως</span> <span class='ocrx_word' id='word_1_386' title='bbox 981 3901 1216 3980; x_wconf 74' lang='grc' dir='ltr'>φρούρια</span> <span class='ocrx_word' id='word_1_387' title='bbox 1268 3905 1337 3976; x_wconf 76' lang='grc' dir='ltr'><strong>τῇ</strong></span> <span class='ocrx_word' id='word_1_388' title='bbox 1394 3908 1496 3971; x_wconf 81' lang='grc' dir='ltr'>τῆς</span> <span class='ocrx_word' id='word_1_389' title='bbox 1543 3900 1807 3977; x_wconf 79' lang='grc' dir='ltr'>Προνοίας</span> <span class='ocrx_word' id='word_1_390' title='bbox 1853 3901 1998 3978; x_wconf 76' lang='grc' dir='ltr'>ῥοπῇ</span> 
     </span>
    </p>
   </div>
   <div class='ocr_carea' id='block_1_58' title="bbox 340 3989 1996 4071">
    <p class='ocr_par' dir='ltr' id='par_1_58' title="bbox 340 3989 1996 4071">
     <span class='ocr_line' id='line_1_58' title="bbox 340 3989 1996 4071; baseline -0.001 -23"><span class='ocrx_word' id='word_1_391' title='bbox 340 3993 431 4048; x_wconf 79' lang='grc' dir='ltr'><strong>καὶ</strong></span> <span class='ocrx_word' id='word_1_392' title='bbox 461 3997 532 4068; x_wconf 79' lang='grc' dir='ltr'><strong>τῇ</strong></span> <span class='ocrx_word' id='word_1_393' title='bbox 565 3998 713 4071; x_wconf 74' lang='grc' dir='ltr'>σφῶν</span> <span class='ocrx_word' id='word_1_394' title='bbox 746 3991 1001 4068; x_wconf 80' lang='grc' dir='ltr'>ἐμπειρίᾳ</span> <span class='ocrx_word' id='word_1_395' title='bbox 1035 3992 1170 4066; x_wconf 75' lang='grc' dir='ltr'>μετά</span> <span class='ocrx_word' id='word_1_396' title='bbox 1225 3998 1326 4063; x_wconf 84' lang='grc' dir='ltr'><strong>τῆς</strong></span> <span class='ocrx_word' id='word_1_397' title='bbox 1386 3992 1699 4068; x_wconf 75' lang='grc' dir='ltr'>προσούσης</span> <span class='ocrx_word' id='word_1_398' title='bbox 1750 3989 1996 4066; x_wconf 81' lang='grc' dir='ltr'>ἀνδρείας</span> 
     </span>
    </p>
   </div>
   <div class='ocr_carea' id='block_1_59' title="bbox 338 4081 1995 4158">
    <p class='ocr_par' dir='ltr' id='par_1_59' title="bbox 338 4081 1995 4158">
     <span class='ocr_line' id='line_1_59' title="bbox 338 4081 1995 4158; baseline -0.001 -20"><span class='ocrx_word' id='word_1_399' title='bbox 338 4082 588 4157; x_wconf 66' lang='grc' dir='ltr'>εἵλομεν,</span> <span class='ocrx_word' id='word_1_400' title='bbox 622 4083 698 4147; x_wconf 84' lang='grc' dir='ltr'>ὡς</span> <span class='ocrx_word' id='word_1_401' title='bbox 758 4081 891 4153; x_wconf 76' lang='grc' dir='ltr'>ἴστε,</span> <span class='ocrx_word' id='word_1_402' title='bbox 950 4087 1369 4158; x_wconf 76' lang='grc' dir='ltr'>συστρατιῶται,</span> <span class='ocrx_word' id='word_1_403' title='bbox 1427 4081 1574 4158; x_wconf 84' lang='grc' dir='ltr'>παρὰ</span> <span class='ocrx_word' id='word_1_404' title='bbox 1636 4086 1809 4136; x_wconf 80' lang='grc' dir='ltr'>πᾶσαν</span> <span class='ocrx_word' id='word_1_405' title='bbox 1862 4083 1995 4137; x_wconf 79' lang='grc' dir='ltr'>ὑπό-</span> 
     </span>
    </p>
   </div>
   <div class='ocr_carea' id='block_1_60' title="bbox 332 4171 1998 4249">
    <p class='ocr_par' dir='ltr' id='par_1_60' title="bbox 332 4171 1998 4249">
     <span class='ocr_line' id='line_1_60' title="bbox 332 4171 1998 4249; baseline 0 -22"><span class='ocrx_word' id='word_1_406' title='bbox 332 4193 508 4229; x_wconf 88' lang='grc' dir='ltr'>νοιαν.</span> <span class='ocrx_word' id='word_1_407' title='bbox 544 4173 646 4230; x_wconf 76' lang='grc' dir='ltr'><strong>Καὶ</strong></span> <span class='ocrx_word' id='word_1_408' title='bbox 690 4174 855 4249; x_wconf 83' lang='grc' dir='ltr'>χάριν</span> <span class='ocrx_word' id='word_1_409' title='bbox 909 4172 1181 4247; x_wconf 83' lang='grc' dir='ltr'>ὁμολογῶ</span> <span class='ocrx_word' id='word_1_410' title='bbox 1235 4171 1500 4243; x_wconf 75' lang='grc' dir='ltr'>πλείστην</span> <span class='ocrx_word' id='word_1_411' title='bbox 1560 4172 1712 4245; x_wconf 84' lang='grc' dir='ltr'>ὑμῖν,</span> <span class='ocrx_word' id='word_1_412' title='bbox 1747 4171 1831 4228; x_wconf 80' lang='grc' dir='ltr'><strong>ὅτι</strong></span> <span class='ocrx_word' id='word_1_413' title='bbox 1859 4172 1998 4248; x_wconf 85' lang='grc' dir='ltr'>πρὸς</span> 
     </span>
    </p>
   </div>
   <div class='ocr_carea' id='block_1_61' title="bbox 330 4259 1996 4339">
    <p class='ocr_par' dir='ltr' id='par_1_61' title="bbox 330 4259 1996 4339">
     <span class='ocr_line' id='line_1_61' title="bbox 330 4259 1996 4339; baseline -0.001 -21"><span class='ocrx_word' id='word_1_414' title='bbox 330 4262 431 4336; x_wconf 70' lang='grc' dir='ltr'>ἐμὲ</span> <span class='ocrx_word' id='word_1_415' title='bbox 485 4263 578 4317; x_wconf 84' lang='grc' dir='ltr'><strong>τὸν</strong></span> <span class='ocrx_word' id='word_1_416' title='bbox 644 4263 798 4335; x_wconf 86' lang='grc' dir='ltr'>ὑμῶν</span> <span class='ocrx_word' id='word_1_417' title='bbox 855 4263 1168 4339; x_wconf 68' lang='grc' dir='ltr'>ἀιρορῶντες</span> <span class='ocrx_word' id='word_1_418' title='bbox 1227 4261 1496 4337; x_wconf 79' lang='grc' dir='ltr'>ἡγεμόνα,</span> <span class='ocrx_word' id='word_1_419' title='bbox 1551 4262 1650 4317; x_wconf 75' lang='grc' dir='ltr'>οὐκ</span> <span class='ocrx_word' id='word_1_420' title='bbox 1707 4259 1996 4317; x_wconf 85' lang='grc' dir='ltr'>ὠκλάσατε</span> 
     </span>
    </p>
   </div>
   <div class='ocr_carea' id='block_1_62' title="bbox 328 4348 1992 4428">
    <p class='ocr_par' dir='ltr' id='par_1_62' title="bbox 328 4348 1992 4428">
     <span class='ocr_line' id='line_1_62' title="bbox 328 4348 1992 4428; baseline -0.002 -20"><span class='ocrx_word' id='word_1_421' title='bbox 328 4351 457 4427; x_wconf 82' lang='grc' dir='ltr'>περὶ</span> <span class='ocrx_word' id='word_1_422' title='bbox 486 4373 546 4407; x_wconf 90' lang='grc' dir='ltr'><strong>τε</strong></span> <span class='ocrx_word' id='word_1_423' title='bbox 568 4355 679 4407; x_wconf 90' lang='grc' dir='ltr'><strong>τῶν</strong></span> <span class='ocrx_word' id='word_1_424' title='bbox 713 4348 922 4422; x_wconf 83' lang='grc' dir='ltr'>ἀηδῶν,</span> <span class='ocrx_word' id='word_1_425' title='bbox 954 4350 986 4406; x_wconf 81' lang='grc' dir='ltr'>ἃ</span> <span class='ocrx_word' id='word_1_426' title='bbox 1016 4349 1249 4407; x_wconf 87' lang='grc' dir='ltr'>πλεῖστα</span> <span class='ocrx_word' id='word_1_427' title='bbox 1302 4352 1392 4406; x_wconf 75' lang='grc' dir='ltr'><strong>καὶ</strong></span> <span class='ocrx_word' id='word_1_428' title='bbox 1458 4351 1657 4426; x_wconf 77' lang='grc' dir='ltr'>ἆπηχῆ</span> <span class='ocrx_word' id='word_1_429' title='bbox 1718 4350 1992 4428; x_wconf 76' lang='grc' dir='ltr'>ἐπιφέρειν</span> 
     </span>
    </p>
   </div>
   <div class='ocr_carea' id='block_1_63' title="bbox 330 4438 1991 4516">
    <p class='ocr_par' dir='ltr' id='par_1_63' title="bbox 330 4438 1991 4516">
     <span class='ocr_line' id='line_1_63' title="bbox 330 4438 1991 4516; baseline -0.002 -19"><span class='ocrx_word' id='word_1_430' title='bbox 330 4439 473 4498; x_wconf 70' lang='grc' dir='ltr'>οἶδεν</span> <span class='ocrx_word' id='word_1_431' title='bbox 508 4442 536 4496; x_wconf 90' lang='grc' dir='ltr'><strong>ὁ</strong></span> <span class='ocrx_word' id='word_1_432' title='bbox 567 4441 834 4514; x_wconf 73' lang='grc' dir='ltr'>πόλεμος,</span> <span class='ocrx_word' id='word_1_433' title='bbox 888 4443 973 4515; x_wconf 87' lang='grc' dir='ltr'><strong>[Ρ.</strong></span> <span class='ocrx_word' id='word_1_434' title='bbox 1012 4442 1101 4515; x_wconf 76' lang='grc'><strong>45]</strong></span> <span class='ocrx_word' id='word_1_435' title='bbox 1162 4439 1287 4496; x_wconf 78' lang='grc' dir='ltr'>ἀλλ’</span> <span class='ocrx_word' id='word_1_436' title='bbox 1320 4438 1463 4495; x_wconf 75' lang='grc' dir='ltr'>οὕτω</span> <span class='ocrx_word' id='word_1_437' title='bbox 1497 4440 1632 4514; x_wconf 82' lang='grc' dir='ltr'>μετᾶ</span> <span class='ocrx_word' id='word_1_438' title='bbox 1680 4441 1991 4516; x_wconf 80' lang='grc' dir='ltr'>προθυμίας</span> 
     </span>
    </p>
   </div>
   <div class='ocr_carea' id='block_1_64' title="bbox 329 4528 1988 4608">
    <p class='ocr_par' dir='ltr' id='par_1_64' title="bbox 329 4528 1988 4608">
     <span class='ocr_line' id='line_1_64' title="bbox 329 4528 1988 4608; baseline -0.001 -21"><span class='ocrx_word' id='word_1_439' title='bbox 329 4532 422 4587; x_wconf 81' lang='grc' dir='ltr'>καὶ</span> <span class='ocrx_word' id='word_1_440' title='bbox 454 4528 854 4607; x_wconf 81' lang='grc' dir='ltr'>λελογισμένης</span> <span class='ocrx_word' id='word_1_441' title='bbox 889 4530 1083 4608; x_wconf 77' lang='grc' dir='ltr'>ῥώμης</span> <span class='ocrx_word' id='word_1_442' title='bbox 1141 4528 1559 4606; x_wconf 82' lang='grc' dir='ltr'>διηγωνίσασθε,</span> <span class='ocrx_word' id='word_1_443' title='bbox 1594 4529 1732 4586; x_wconf 79' lang='grc' dir='ltr'>ὥστε</span> <span class='ocrx_word' id='word_1_444' title='bbox 1795 4528 1988 4603; x_wconf 77' lang='grc' dir='ltr'>μηδέν,</span> 
     </span>
    </p>
   </div>
   <div class='ocr_carea' id='block_1_65' title="bbox 2122 2026 3774 2101">
    <p class='ocr_par' dir='ltr' id='par_1_65' title="bbox 2122 2026 3774 2101">
     <span class='ocr_line' id='line_1_65' title="bbox 2122 2026 3774 2101; baseline -0.004 -16"><span class='ocrx_word' id='word_1_445' title='bbox 2122 2030 2273 2085; x_wconf 72' lang='lat' dir='ltr'><strong>fusaa</strong></span> <span class='ocrx_word' id='word_1_446' title='bbox 2305 2034 2465 2100; x_wconf 90' lang='lat' dir='ltr'><strong>sunt,</strong></span> <span class='ocrx_word' id='word_1_447' title='bbox 2499 2028 2807 2101; x_wconf 78' lang='lat' dir='ltr'><strong>stellaeque</strong></span> <span class='ocrx_word' id='word_1_448' title='bbox 2842 2026 3165 2083; x_wconf 91' lang='lat' dir='ltr'><strong>lucidiores</strong></span> <span class='ocrx_word' id='word_1_449' title='bbox 3191 2041 3400 2081; x_wconf 89' lang='lat' dir='ltr'><strong>omnes</strong></span> <span class='ocrx_word' id='word_1_450' title='bbox 3431 2042 3492 2080; x_wconf 89' lang='lat' dir='ltr'><strong>se</strong></span> <span class='ocrx_word' id='word_1_451' title='bbox 3523 2040 3774 2095; x_wconf 89' lang='lat' dir='ltr'><strong>aperue-</strong></span> 
     </span>
    </p>
   </div>
   <div class='ocr_carea' id='block_1_66' title="bbox 2121 2112 3773 2188">
    <p class='ocr_par' dir='ltr' id='par_1_66' title="bbox 2121 2112 3773 2188">
     <span class='ocr_line' id='line_1_66' title="bbox 2121 2112 3773 2188; baseline -0.005 -13"><span class='ocrx_word' id='word_1_452' title='bbox 2121 2124 2281 2175; x_wconf 92' lang='lat' dir='ltr'><strong>runt.</strong></span> <span class='ocrx_word' id='word_1_453' title='bbox 2315 2121 2551 2175; x_wconf 86' lang='lat' dir='ltr'><strong>Poterat</strong></span> <span class='ocrx_word' id='word_1_454' title='bbox 2579 2118 2775 2173; x_wconf 88' lang='lat' dir='ltr'><strong>videre</strong></span> <span class='ocrx_word' id='word_1_455' title='bbox 2799 2116 3211 2188; x_wconf 87' lang='lat' dir='ltr'><strong>unusquisque</strong></span> <span class='ocrx_word' id='word_1_456' title='bbox 3238 2113 3382 2170; x_wconf 90' lang='lat' dir='ltr'><strong>solis</strong></span> <span class='ocrx_word' id='word_1_457' title='bbox 3406 2112 3611 2168; x_wconf 89' lang='lat' dir='ltr'><strong>orbem</strong></span> <span class='ocrx_word' id='word_1_458' title='bbox 3642 2113 3773 2167; x_wconf 90' lang='lat' dir='ltr'><strong>sine</strong></span> 
     </span>
    </p>
   </div>
   <div class='ocr_carea' id='block_1_67' title="bbox 2122 2202 3771 2281">
    <p class='ocr_par' dir='ltr' id='par_1_67' title="bbox 2122 2202 3771 2281">
     <span class='ocr_line' id='line_1_67' title="bbox 2122 2202 3771 2281; baseline -0.005 -17"><span class='ocrx_word' id='word_1_459' title='bbox 2122 2208 2458 2280; x_wconf 90' lang='lat' dir='ltr'><strong>splendore,</strong></span> <span class='ocrx_word' id='word_1_460' title='bbox 2490 2209 2643 2265; x_wconf 90' lang='lat' dir='ltr'><strong>lucis</strong></span> <span class='ocrx_word' id='word_1_461' title='bbox 2675 2211 2999 2281; x_wconf 83' lang='lat' dir='ltr'><strong>expertem,</strong></span> <span class='ocrx_word' id='word_1_462' title='bbox 3041 2205 3453 2277; x_wconf 80' lang='lat' dir='ltr'><strong>fulgoremque</strong></span> <span class='ocrx_word' id='word_1_463' title='bbox 3508 2202 3771 2270; x_wconf 89' lang='lat' dir='ltr'><strong>aliquem</strong></span> 
     </span>
    </p>
   </div>
   <div class='ocr_carea' id='block_1_68' title="bbox 2120 2293 3768 2366">
    <p class='ocr_par' dir='ltr' id='par_1_68' title="bbox 2120 2293 3768 2366">
     <span class='ocr_line' id='line_1_68' title="bbox 2120 2293 3768 2366; baseline -0.005 -13"><span class='ocrx_word' id='word_1_464' title='bbox 2120 2297 2439 2353; x_wconf 88' lang='lat' dir='ltr'><strong>obscurum</strong></span> <span class='ocrx_word' id='word_1_465' title='bbox 2455 2315 2521 2354; x_wconf 90' lang='lat' dir='ltr'><strong>ac</strong></span> <span class='ocrx_word' id='word_1_466' title='bbox 2543 2303 2807 2363; x_wconf 87' lang='lat' dir='ltr'><strong>tenuem,</strong></span> <span class='ocrx_word' id='word_1_467' title='bbox 2838 2293 3035 2351; x_wconf 65' lang='lat' dir='ltr'><strong>fasciaa</strong></span> <span class='ocrx_word' id='word_1_468' title='bbox 3059 2299 3322 2366; x_wconf 82' lang='lat' dir='ltr'><strong>angustae</strong></span> <span class='ocrx_word' id='word_1_469' title='bbox 3345 2293 3555 2360; x_wconf 89' lang='lat' dir='ltr'><strong>instar,</strong></span> <span class='ocrx_word' id='word_1_470' title='bbox 3572 2296 3768 2346; x_wconf 86' lang='lat' dir='ltr'><strong>extre-</strong></span> 
     </span>
    </p>
   </div>
   <div class='ocr_carea' id='block_1_69' title="bbox 2119 2382 3771 2459">
    <p class='ocr_par' dir='ltr' id='par_1_69' title="bbox 2119 2382 3771 2459">
     <span class='ocr_line' id='line_1_69' title="bbox 2119 2382 3771 2459; baseline -0.005 -16"><span class='ocrx_word' id='word_1_471' title='bbox 2119 2388 2235 2443; x_wconf 88' lang='lat' dir='ltr'><strong>mis</strong></span> <span class='ocrx_word' id='word_1_472' title='bbox 2257 2387 2526 2459; x_wconf 90' lang='lat' dir='ltr'><strong>partibus</strong></span> <span class='ocrx_word' id='word_1_473' title='bbox 2546 2404 2652 2459; x_wconf 91' lang='lat' dir='ltr'><strong>per</strong></span> <span class='ocrx_word' id='word_1_474' title='bbox 2672 2403 2837 2442; x_wconf 89' lang='lat' dir='ltr'><strong>oram</strong></span> <span class='ocrx_word' id='word_1_475' title='bbox 2859 2384 3020 2440; x_wconf 91' lang='lat' dir='ltr'><strong>orbis</strong></span> <span class='ocrx_word' id='word_1_476' title='bbox 3044 2382 3595 2439; x_wconf 87' lang='lat' dir='ltr'><strong>circumlucentem.</strong></span> <span class='ocrx_word' id='word_1_477' title='bbox 3626 2382 3771 2435; x_wconf 87' lang='lat' dir='ltr'><strong>Pau-</strong></span> 
     </span>
    </p>
   </div>
   <div class='ocr_carea' id='block_1_70' title="bbox 2121 2472 3773 2549">
    <p class='ocr_par' dir='ltr' id='par_1_70' title="bbox 2121 2472 3773 2549">
     <span class='ocr_line' id='line_1_70' title="bbox 2121 2472 3773 2549; baseline -0.004 -16"><span class='ocrx_word' id='word_1_478' title='bbox 2121 2478 2291 2535; x_wconf 88' lang='lat' dir='ltr'><strong>latim</strong></span> <span class='ocrx_word' id='word_1_479' title='bbox 2324 2495 2459 2533; x_wconf 90' lang='lat' dir='ltr'><strong>vero</strong></span> <span class='ocrx_word' id='word_1_480' title='bbox 2492 2477 2580 2534; x_wconf 92' lang='lat' dir='ltr'><strong>sol</strong></span> <span class='ocrx_word' id='word_1_481' title='bbox 2612 2475 3111 2549; x_wconf 72' lang='lat' dir='ltr'><strong>praetergrediens</strong></span> <span class='ocrx_word' id='word_1_482' title='bbox 3164 2474 3369 2529; x_wconf 91' lang='lat' dir='ltr'><strong>lunam</strong></span> <span class='ocrx_word' id='word_1_483' title='bbox 3427 2472 3773 2544; x_wconf 86' lang='lat' dir='ltr'><strong>(apparebat</strong></span> 
     </span>
    </p>
   </div>
   <div class='ocr_carea' id='block_1_71' title="bbox 2120 2562 3773 2639">
    <p class='ocr_par' dir='ltr' id='par_1_71' title="bbox 2120 2562 3773 2639">
     <span class='ocr_line' id='line_1_71' title="bbox 2120 2562 3773 2639; baseline -0.004 -15"><span class='ocrx_word' id='word_1_484' title='bbox 2120 2569 2281 2624; x_wconf 77' lang='lat' dir='ltr'><strong>enim</strong></span> <span class='ocrx_word' id='word_1_485' title='bbox 2312 2569 2438 2624; x_wconf 63' lang='lat' dir='ltr'><strong>haec</strong></span> <span class='ocrx_word' id='word_1_486' title='bbox 2467 2567 2541 2623; x_wconf 89' lang='lat' dir='ltr'><strong>ad</strong></span> <span class='ocrx_word' id='word_1_487' title='bbox 2566 2566 3062 2639; x_wconf 88' lang='lat' dir='ltr'><strong>perpendiculum</strong></span> <span class='ocrx_word' id='word_1_488' title='bbox 3094 2564 3265 2620; x_wconf 91' lang='lat' dir='ltr'><strong>illum</strong></span> <span class='ocrx_word' id='word_1_489' title='bbox 3298 2562 3623 2630; x_wconf 83' lang='lat' dir='ltr'><strong>obducens)</strong></span> <span class='ocrx_word' id='word_1_490' title='bbox 3652 2563 3773 2635; x_wconf 86' lang='lat' dir='ltr'><strong>pri-</strong></span> 
     </span>
    </p>
   </div>
   <div class='ocr_carea' id='block_1_72' title="bbox 2119 2652 3776 2725">
    <p class='ocr_par' dir='ltr' id='par_1_72' title="bbox 2119 2652 3776 2725">
     <span class='ocr_line' id='line_1_72' title="bbox 2119 2652 3776 2725; baseline -0.005 -12"><span class='ocrx_word' id='word_1_491' title='bbox 2119 2657 2307 2713; x_wconf 90' lang='lat' dir='ltr'><strong>stinos</strong></span> <span class='ocrx_word' id='word_1_492' title='bbox 2332 2656 2531 2713; x_wconf 89' lang='lat' dir='ltr'><strong>radios</strong></span> <span class='ocrx_word' id='word_1_493' title='bbox 2563 2655 2781 2721; x_wconf 86' lang='lat' dir='ltr'><strong>emisit,</strong></span> <span class='ocrx_word' id='word_1_494' title='bbox 2805 2655 3056 2725; x_wconf 90' lang='lat' dir='ltr'><strong>luceque</strong></span> <span class='ocrx_word' id='word_1_495' title='bbox 3089 2652 3284 2708; x_wconf 90' lang='lat' dir='ltr'><strong>denuo</strong></span> <span class='ocrx_word' id='word_1_496' title='bbox 3315 2652 3635 2724; x_wconf 88' lang='lat' dir='ltr'><strong>complevit</strong></span> <span class='ocrx_word' id='word_1_497' title='bbox 3656 2656 3776 2705; x_wconf 91' lang='lat' dir='ltr'><strong>ter-</strong></span> 
     </span>
    </p>
   </div>
   <div class='ocr_carea' id='block_1_73' title="bbox 2116 2741 3775 2815">
    <p class='ocr_par' dir='ltr' id='par_1_73' title="bbox 2116 2741 3775 2815">
     <span class='ocr_line' id='line_1_73' title="bbox 2116 2741 3775 2815; baseline -0.005 -12"><span class='ocrx_word' id='word_1_498' title='bbox 2116 2763 2267 2803; x_wconf 86' lang='lat' dir='ltr'><strong>ram.</strong></span> <span class='ocrx_word' id='word_1_499' title='bbox 2301 2748 2426 2811; x_wconf 88' lang='lat' dir='ltr'><strong>Quo</strong></span> <span class='ocrx_word' id='word_1_500' title='bbox 2453 2762 2603 2800; x_wconf 89' lang='lat' dir='ltr'><strong>novo</strong></span> <span class='ocrx_word' id='word_1_501' title='bbox 2643 2750 2823 2815; x_wconf 88' lang='lat' dir='ltr'><strong>atque</strong></span> <span class='ocrx_word' id='word_1_502' title='bbox 2876 2743 3118 2798; x_wconf 90' lang='lat' dir='ltr'><strong>insolito</strong></span> <span class='ocrx_word' id='word_1_503' title='bbox 3152 2741 3491 2814; x_wconf 90' lang='lat' dir='ltr'><strong>spectaculo</strong></span> <span class='ocrx_word' id='word_1_504' title='bbox 3531 2746 3775 2797; x_wconf 88' lang='lat' dir='ltr'><strong>contur-</strong></span> 
     </span>
    </p>
   </div>
   <div class='ocr_carea' id='block_1_74' title="bbox 2116 2830 3776 2904">
    <p class='ocr_par' dir='ltr' id='par_1_74' title="bbox 2116 2830 3776 2904">
     <span class='ocr_line' id='line_1_74' title="bbox 2116 2830 3776 2904; baseline -0.003 -14"><span class='ocrx_word' id='word_1_505' title='bbox 2116 2834 2238 2891; x_wconf 90' lang='lat' dir='ltr'><strong>bati</strong></span> <span class='ocrx_word' id='word_1_506' title='bbox 2271 2834 2569 2896; x_wconf 83' lang='lat' dir='ltr'><strong>homines,</strong></span> <span class='ocrx_word' id='word_1_507' title='bbox 2609 2848 2855 2900; x_wconf 89' lang='lat' dir='ltr'><strong>numen,</strong></span> <span class='ocrx_word' id='word_1_508' title='bbox 2914 2838 2981 2887; x_wconf 90' lang='lat' dir='ltr'><strong>ut</strong></span> <span class='ocrx_word' id='word_1_509' title='bbox 3034 2847 3144 2904; x_wconf 91' lang='lat' dir='ltr'><strong>par</strong></span> <span class='ocrx_word' id='word_1_510' title='bbox 3200 2835 3347 2899; x_wconf 89' lang='lat' dir='ltr'><strong>erat,</strong></span> <span class='ocrx_word' id='word_1_511' title='bbox 3407 2830 3776 2903; x_wconf 89' lang='lat' dir='ltr'><strong>supplicibus</strong></span> 
     </span>
    </p>
   </div>
   <div class='ocr_carea' id='block_1_75' title="bbox 2117 2919 3774 2995">
    <p class='ocr_par' dir='ltr' id='par_1_75' title="bbox 2117 2919 3774 2995">
     <span class='ocr_line' id='line_1_75' title="bbox 2117 2919 3774 2995; baseline -0.003 -16"><span class='ocrx_word' id='word_1_512' title='bbox 2117 2923 2267 2979; x_wconf 89' lang='lat' dir='ltr'><strong>votis</strong></span> <span class='ocrx_word' id='word_1_513' title='bbox 2299 2921 2636 2995; x_wconf 88' lang='lat' dir='ltr'><strong>placabant.</strong></span> <span class='ocrx_word' id='word_1_514' title='bbox 2679 2920 2900 2978; x_wconf 90' lang='lat' dir='ltr'><strong>Eadem</strong></span> <span class='ocrx_word' id='word_1_515' title='bbox 2953 2925 3304 2992; x_wconf 87' lang='lat' dir='ltr'><strong>tempestate</strong></span> <span class='ocrx_word' id='word_1_516' title='bbox 3350 2919 3478 2990; x_wconf 91' lang='lat' dir='ltr'><strong>ipse</strong></span> <span class='ocrx_word' id='word_1_517' title='bbox 3536 2934 3774 2991; x_wconf 90' lang='lat' dir='ltr'><strong>quoque</strong></span> 
     </span>
    </p>
   </div>
   <div class='ocr_carea' id='block_1_76' title="bbox 2116 3007 3774 3084">
    <p class='ocr_par' dir='ltr' id='par_1_76' title="bbox 2116 3007 3774 3084">
     <span class='ocr_line' id='line_1_76' title="bbox 2116 3007 3774 3084; baseline -0.004 -15"><span class='ocrx_word' id='word_1_518' title='bbox 2116 3011 2632 3084; x_wconf 88' lang='lat' dir='ltr'><strong>Constantinopoli</strong></span> <span class='ocrx_word' id='word_1_519' title='bbox 2661 3010 3097 3080; x_wconf 88' lang='lat' dir='ltr'><strong>commorabar,</strong></span> <span class='ocrx_word' id='word_1_520' title='bbox 3120 3024 3481 3080; x_wconf 87' lang='lat' dir='ltr'><strong>operamque</strong></span> <span class='ocrx_word' id='word_1_521' title='bbox 3505 3007 3774 3063; x_wconf 87' lang='lat' dir='ltr'><strong>liberali-</strong></span> 
     </span>
    </p>
   </div>
   <div class='ocr_carea' id='block_1_77' title="bbox 2116 3100 3777 3174">
    <p class='ocr_par' dir='ltr' id='par_1_77' title="bbox 2116 3100 3777 3174">
     <span class='ocr_line' id='line_1_77' title="bbox 2116 3100 3777 3174; baseline -0.005 -15"><span class='ocrx_word' id='word_1_522' title='bbox 2116 3102 2228 3159; x_wconf 89' lang='lat' dir='ltr'><strong>bus</strong></span> <span class='ocrx_word' id='word_1_523' title='bbox 2259 3100 2592 3174; x_wconf 82' lang='lat' dir='ltr'><strong>disciplinis</strong></span> <span class='ocrx_word' id='word_1_524' title='bbox 2622 3100 2858 3156; x_wconf 88' lang='lat' dir='ltr'><strong>dabam.</strong></span> <span class='ocrx_word' id='word_1_525' title='bbox 2890 3101 3222 3171; x_wconf 83' lang='lat' dir='ltr'><strong>Imperator</strong></span> <span class='ocrx_word' id='word_1_526' title='bbox 3274 3103 3475 3153; x_wconf 90' lang='lat' dir='ltr'><strong>autem</strong></span> <span class='ocrx_word' id='word_1_527' title='bbox 3521 3100 3777 3169; x_wconf 88' lang='lat' dir='ltr'><strong>(oportet</strong></span> 
     </span>
    </p>
   </div>
   <div class='ocr_carea' id='block_1_78' title="bbox 2117 3184 3774 3259">
    <p class='ocr_par' dir='ltr' id='par_1_78' title="bbox 2117 3184 3774 3259">
     <span class='ocr_line' id='line_1_78' title="bbox 2117 3184 3774 3259; baseline -0.004 -14"><span class='ocrx_word' id='word_1_528' title='bbox 2117 3189 2278 3245; x_wconf 90' lang='lat' dir='ltr'><strong>enim</strong></span> <span class='ocrx_word' id='word_1_529' title='bbox 2299 3189 2634 3244; x_wconf 90' lang='lat' dir='ltr'><strong>orationem</strong></span> <span class='ocrx_word' id='word_1_530' title='bbox 2656 3204 2685 3243; x_wconf 90' lang='lat' dir='ltr'><strong>e</strong></span> <span class='ocrx_word' id='word_1_531' title='bbox 2717 3192 2996 3243; x_wconf 83' lang='lat' dir='ltr'><strong>contextu</strong></span> <span class='ocrx_word' id='word_1_532' title='bbox 3021 3202 3320 3259; x_wconf 80' lang='lat' dir='ltr'><strong>egressam</strong></span> <span class='ocrx_word' id='word_1_533' title='bbox 3345 3185 3420 3241; x_wconf 89' lang='lat' dir='ltr'><strong>ad</strong></span> <span class='ocrx_word' id='word_1_534' title='bbox 3447 3184 3619 3240; x_wconf 90' lang='lat' dir='ltr'><strong>illum</strong></span> <span class='ocrx_word' id='word_1_535' title='bbox 3646 3201 3774 3239; x_wconf 88' lang='lat' dir='ltr'><strong>rur-</strong></span> 
     </span>
    </p>
   </div>
   <div class='ocr_carea' id='block_1_79' title="bbox 2118 3274 3769 3349">
    <p class='ocr_par' dir='ltr' id='par_1_79' title="bbox 2118 3274 3769 3349">
     <span class='ocr_line' id='line_1_79' title="bbox 2118 3274 3769 3349; baseline -0.003 -15"><span class='ocrx_word' id='word_1_536' title='bbox 2118 3296 2219 3334; x_wconf 92' lang='lat' dir='ltr'><strong>sus</strong></span> <span class='ocrx_word' id='word_1_537' title='bbox 2239 3278 2489 3349; x_wconf 79' lang='lat' dir='ltr'><strong>reduci),</strong></span> <span class='ocrx_word' id='word_1_538' title='bbox 2523 3278 2999 3334; x_wconf 85' lang='lat' dir='ltr'><strong>adversariorum</strong></span> <span class='ocrx_word' id='word_1_539' title='bbox 3031 3276 3293 3332; x_wconf 90' lang='lat' dir='ltr'><strong>castellis</strong></span> <span class='ocrx_word' id='word_1_540' title='bbox 3332 3274 3499 3331; x_wconf 90' lang='lat' dir='ltr'><strong>nullo</strong></span> <span class='ocrx_word' id='word_1_541' title='bbox 3533 3275 3769 3349; x_wconf 82' lang='lat' dir='ltr'><strong>negotio</strong></span> 
     </span>
    </p>
   </div>
   <div class='ocr_carea' id='block_1_80' title="bbox 2117 3364 3772 3441">
    <p class='ocr_par' dir='ltr' id='par_1_80' title="bbox 2117 3364 3772 3441">
     <span class='ocr_line' id='line_1_80' title="bbox 2117 3364 3772 3441; baseline -0.002 -17"><span class='ocrx_word' id='word_1_542' title='bbox 2117 3369 2327 3441; x_wconf 88' lang='lat' dir='ltr'><strong>captis,</strong></span> <span class='ocrx_word' id='word_1_543' title='bbox 2355 3386 2491 3424; x_wconf 89' lang='lat' dir='ltr'><strong>cum</strong></span> <span class='ocrx_word' id='word_1_544' title='bbox 2525 3367 2801 3423; x_wconf 89' lang='lat' dir='ltr'><strong>omnibus</strong></span> <span class='ocrx_word' id='word_1_545' title='bbox 2833 3366 3022 3439; x_wconf 90' lang='lat' dir='ltr'><strong>copiis</strong></span> <span class='ocrx_word' id='word_1_546' title='bbox 3062 3365 3437 3421; x_wconf 79' lang='lat' dir='ltr'><strong>Antiochiam</strong></span> <span class='ocrx_word' id='word_1_547' title='bbox 3472 3364 3772 3437; x_wconf 84' lang='lat' dir='ltr'><strong>profectus</strong></span> 
     </span>
    </p>
   </div>
   <div class='ocr_carea' id='block_1_81' title="bbox 2118 3454 3767 3529">
    <p class='ocr_par' dir='ltr' id='par_1_81' title="bbox 2118 3454 3767 3529">
     <span class='ocr_line' id='line_1_81' title="bbox 2118 3454 3767 3529; baseline -0.003 -16"><span class='ocrx_word' id='word_1_548' title='bbox 2118 3464 2225 3523; x_wconf 78' lang='lat' dir='ltr'><strong>est,</strong></span> <span class='ocrx_word' id='word_1_549' title='bbox 2269 3458 2598 3529; x_wconf 87' lang='lat' dir='ltr'><strong>castrisque</strong></span> <span class='ocrx_word' id='word_1_550' title='bbox 2629 3456 2702 3511; x_wconf 88' lang='lat' dir='ltr'><strong>ad</strong></span> <span class='ocrx_word' id='word_1_551' title='bbox 2735 3472 2971 3511; x_wconf 90' lang='lat' dir='ltr'><strong>murum</strong></span> <span class='ocrx_word' id='word_1_552' title='bbox 3004 3454 3233 3526; x_wconf 86' lang='lat' dir='ltr'><strong>positis,</strong></span> <span class='ocrx_word' id='word_1_553' title='bbox 3272 3454 3527 3509; x_wconf 84' lang='lat' dir='ltr'><strong>tribunis</strong></span> <span class='ocrx_word' id='word_1_554' title='bbox 3557 3460 3767 3509; x_wconf 91' lang='lat' dir='ltr'><strong>centu-</strong></span> 
     </span>
    </p>
   </div>
   <div class='ocr_carea' id='block_1_82' title="bbox 2116 3542 3769 3617">
    <p class='ocr_par' dir='ltr' id='par_1_82' title="bbox 2116 3542 3769 3617">
     <span class='ocr_line' id='line_1_82' title="bbox 2116 3542 3769 3617; baseline -0.002 -16"><span class='ocrx_word' id='word_1_555' title='bbox 2116 3546 2500 3617; x_wconf 86' lang='lat' dir='ltr'><strong>rionibusque</strong></span> <span class='ocrx_word' id='word_1_556' title='bbox 2540 3545 2896 3608; x_wconf 88' lang='lat' dir='ltr'><strong>convocatis,</strong></span> <span class='ocrx_word' id='word_1_557' title='bbox 2929 3560 3059 3599; x_wconf 91' lang='lat' dir='ltr'><strong>cum</strong></span> <span class='ocrx_word' id='word_1_558' title='bbox 3102 3543 3231 3598; x_wconf 91' lang='lat' dir='ltr'><strong>loco</strong></span> <span class='ocrx_word' id='word_1_559' title='bbox 3289 3543 3609 3615; x_wconf 86' lang='lat' dir='ltr'><strong>conspicuo</strong></span> <span class='ocrx_word' id='word_1_560' title='bbox 3660 3542 3769 3597; x_wconf 92' lang='lat' dir='ltr'><strong>sub</strong></span> 
     </span>
    </p>
   </div>
   <div class='ocr_carea' id='block_1_83' title="bbox 2114 3630 3768 3706">
    <p class='ocr_par' dir='ltr' id='par_1_83' title="bbox 2114 3630 3768 3706">
     <span class='ocr_line' id='line_1_83' title="bbox 2114 3630 3768 3706; baseline -0.003 -15"><span class='ocrx_word' id='word_1_561' title='bbox 2114 3636 2244 3692; x_wconf 88' lang='lat' dir='ltr'><strong>divo</strong></span> <span class='ocrx_word' id='word_1_562' title='bbox 2303 3636 2688 3701; x_wconf 86' lang='lat' dir='ltr'><strong>constitisset,</strong></span> <span class='ocrx_word' id='word_1_563' title='bbox 2740 3633 3034 3706; x_wconf 82' lang='lat' dir='ltr'><strong>ejusmodi</strong></span> <span class='ocrx_word' id='word_1_564' title='bbox 3110 3632 3460 3688; x_wconf 88' lang='lat' dir='ltr'><strong>concionem</strong></span> <span class='ocrx_word' id='word_1_565' title='bbox 3511 3630 3768 3687; x_wconf 86' lang='lat' dir='ltr'><strong>habuit:</strong></span> 
     </span>
    </p>
   </div>
   <div class='ocr_carea' id='block_1_84' title="bbox 2113 3721 3765 3793">
    <p class='ocr_par' dir='ltr' id='par_1_84' title="bbox 2113 3721 3765 3793">
     <span class='ocr_line' id='line_1_84' title="bbox 2113 3721 3765 3793; baseline -0.002 -12"><span class='ocrx_word' id='word_1_566' title='bbox 2113 3728 2419 3781; x_wconf 81' lang='lat' dir='ltr'><strong>«Remota</strong></span> <span class='ocrx_word' id='word_1_567' title='bbox 2452 3726 2548 3781; x_wconf 76' lang='lat'><strong>73</strong></span> <span class='ocrx_word' id='word_1_568' title='bbox 2588 3724 2746 3781; x_wconf 92' lang='lat' dir='ltr'><strong>ultra</strong></span> <span class='ocrx_word' id='word_1_569' title='bbox 2803 3724 2956 3779; x_wconf 91' lang='lat' dir='ltr'><strong>hanc</strong></span> <span class='ocrx_word' id='word_1_570' title='bbox 3022 3721 3232 3778; x_wconf 87' lang='lat' dir='ltr'><strong>urbem</strong></span> <span class='ocrx_word' id='word_1_571' title='bbox 3271 3722 3517 3778; x_wconf 90' lang='lat' dir='ltr'><strong>castella</strong></span> <span class='ocrx_word' id='word_1_572' title='bbox 3572 3722 3765 3793; x_wconf 84' lang='lat' dir='ltr'><strong>provi-</strong></span> 
     </span>
    </p>
   </div>
   <div class='ocr_carea' id='block_1_85' title="bbox 2110 3811 3765 3886">
    <p class='ocr_par' dir='ltr' id='par_1_85' title="bbox 2110 3811 3765 3886">
     <span class='ocr_line' id='line_1_85' title="bbox 2110 3811 3765 3886; baseline -0.002 -15"><span class='ocrx_word' id='word_1_573' title='bbox 2110 3815 2329 3871; x_wconf 69' lang='lat' dir='ltr'><strong>dentiae</strong></span> <span class='ocrx_word' id='word_1_574' title='bbox 2358 3820 2508 3870; x_wconf 90' lang='lat' dir='ltr'><strong>nutu</strong></span> <span class='ocrx_word' id='word_1_575' title='bbox 2539 3832 2772 3886; x_wconf 89' lang='lat' dir='ltr'><strong>usuque</strong></span> <span class='ocrx_word' id='word_1_576' title='bbox 2800 3818 2992 3870; x_wconf 88' lang='lat' dir='ltr'><strong>vestro</strong></span> <span class='ocrx_word' id='word_1_577' title='bbox 3020 3813 3083 3869; x_wconf 90' lang='lat' dir='ltr'><strong>in</strong></span> <span class='ocrx_word' id='word_1_578' title='bbox 3104 3830 3167 3868; x_wconf 90' lang='lat' dir='ltr'><strong>re</strong></span> <span class='ocrx_word' id='word_1_579' title='bbox 3199 3812 3464 3881; x_wconf 87' lang='lat' dir='ltr'><strong>militari,</strong></span> <span class='ocrx_word' id='word_1_580' title='bbox 3485 3829 3618 3868; x_wconf 92' lang='lat' dir='ltr'><strong>cum</strong></span> <span class='ocrx_word' id='word_1_581' title='bbox 3649 3811 3765 3868; x_wconf 83' lang='lat' dir='ltr'><strong>vir-</strong></span> 
     </span>
    </p>
   </div>
   <div class='ocr_carea' id='block_1_86' title="bbox 2109 3900 3763 3976">
    <p class='ocr_par' dir='ltr' id='par_1_86' title="bbox 2109 3900 3763 3976">
     <span class='ocr_line' id='line_1_86' title="bbox 2109 3900 3763 3976; baseline -0.002 -18"><span class='ocrx_word' id='word_1_582' title='bbox 2109 3908 2234 3958; x_wconf 89' lang='lat' dir='ltr'><strong>tute</strong></span> <span class='ocrx_word' id='word_1_583' title='bbox 2268 3904 2610 3976; x_wconf 88' lang='lat' dir='ltr'><strong>conjuncto,</strong></span> <span class='ocrx_word' id='word_1_584' title='bbox 2645 3902 3131 3976; x_wconf 80' lang='lat' dir='ltr'><strong>expugnavimus,</strong></span> <span class='ocrx_word' id='word_1_585' title='bbox 3175 3907 3243 3956; x_wconf 91' lang='lat' dir='ltr'><strong>ut</strong></span> <span class='ocrx_word' id='word_1_586' title='bbox 3293 3900 3479 3968; x_wconf 91' lang='lat' dir='ltr'><strong>scitis,</strong></span> <span class='ocrx_word' id='word_1_587' title='bbox 3514 3901 3763 3956; x_wconf 90' lang='lat' dir='ltr'><strong>commi-</strong></span> 
     </span>
    </p>
   </div>
   <div class='ocr_carea' id='block_1_87' title="bbox 2108 3991 3767 4065">
    <p class='ocr_par' dir='ltr' id='par_1_87' title="bbox 2108 3991 3767 4065">
     <span class='ocr_line' id='line_1_87' title="bbox 2108 3991 3767 4065; baseline -0.002 -16"><span class='ocrx_word' id='word_1_588' title='bbox 2108 3992 2347 4059; x_wconf 89' lang='lat' dir='ltr'><strong>litones,</strong></span> <span class='ocrx_word' id='word_1_589' title='bbox 2389 3999 2605 4065; x_wconf 69' lang='lat' dir='ltr'><strong>pra-ter</strong></span> <span class='ocrx_word' id='word_1_590' title='bbox 2670 4009 2910 4048; x_wconf 89' lang='lat' dir='ltr'><strong>omnem</strong></span> <span class='ocrx_word' id='word_1_591' title='bbox 2970 3991 3337 4064; x_wconf 81' lang='lat' dir='ltr'><strong>opinionem.</strong></span> <span class='ocrx_word' id='word_1_592' title='bbox 3397 3992 3767 4063; x_wconf 88' lang='lat' dir='ltr'><strong>Quapropter</strong></span> 
     </span>
    </p>
   </div>
   <div class='ocr_carea' id='block_1_88' title="bbox 2107 4079 3766 4155">
    <p class='ocr_par' dir='ltr' id='par_1_88' title="bbox 2107 4079 3766 4155">
     <span class='ocr_line' id='line_1_88' title="bbox 2107 4079 3766 4155; baseline -0.001 -18"><span class='ocrx_word' id='word_1_593' title='bbox 2107 4083 2469 4155; x_wconf 58' lang='lat' dir='ltr'><strong>gratiam‘me</strong></span> <span class='ocrx_word' id='word_1_594' title='bbox 2501 4083 2718 4138; x_wconf 89' lang='lat' dir='ltr'><strong>habere</strong></span> <span class='ocrx_word' id='word_1_595' title='bbox 2742 4082 2903 4137; x_wconf 85' lang='lat' dir='ltr'><strong>vobis</strong></span> <span class='ocrx_word' id='word_1_596' title='bbox 2926 4081 3248 4153; x_wconf 87' lang='lat' dir='ltr'><strong>plurimam</strong></span> <span class='ocrx_word' id='word_1_597' title='bbox 3271 4081 3580 4147; x_wconf 75' lang='lat' dir='ltr'><strong>confiteor,</strong></span> <span class='ocrx_word' id='word_1_598' title='bbox 3606 4079 3766 4152; x_wconf 89' lang='lat' dir='ltr'><strong>quod</strong></span> 
     </span>
    </p>
   </div>
   <div class='ocr_carea' id='block_1_89' title="bbox 2106 4168 3763 4239">
    <p class='ocr_par' dir='ltr' id='par_1_89' title="bbox 2106 4168 3763 4239">
     <span class='ocr_line' id='line_1_89' title="bbox 2106 4168 3763 4239; baseline -0.002 -11"><span class='ocrx_word' id='word_1_599' title='bbox 2106 4173 2171 4228; x_wconf 91' lang='lat' dir='ltr'><strong>in</strong></span> <span class='ocrx_word' id='word_1_600' title='bbox 2202 4190 2319 4238; x_wconf 89' lang='lat' dir='ltr'><strong>me,</strong></span> <span class='ocrx_word' id='word_1_601' title='bbox 2354 4172 2567 4228; x_wconf 88' lang='lat' dir='ltr'><strong>ducem</strong></span> <span class='ocrx_word' id='word_1_602' title='bbox 2607 4177 2890 4239; x_wconf 90' lang='lat' dir='ltr'><strong>vestrum,</strong></span> <span class='ocrx_word' id='word_1_603' title='bbox 2937 4171 3242 4225; x_wconf 89' lang='lat' dir='ltr'><strong>intuentes</strong></span> <span class='ocrx_word' id='word_1_604' title='bbox 3272 4169 3381 4225; x_wconf 91' lang='lat' dir='ltr'><strong>ulli</strong></span> <span class='ocrx_word' id='word_1_605' title='bbox 3412 4168 3601 4225; x_wconf 88' lang='lat' dir='ltr'><strong>labori</strong></span> <span class='ocrx_word' id='word_1_606' title='bbox 3641 4184 3763 4224; x_wconf 91' lang='lat' dir='ltr'><strong>non</strong></span> 
     </span>
    </p>
   </div>
   <div class='ocr_carea' id='block_1_90' title="bbox 2106 4259 3761 4333">
    <p class='ocr_par' dir='ltr' id='par_1_90' title="bbox 2106 4259 3761 4333">
     <span class='ocr_line' id='line_1_90' title="bbox 2106 4259 3761 4333; baseline -0.002 -15"><span class='ocrx_word' id='word_1_607' title='bbox 2106 4261 2526 4329; x_wconf 90' lang='lat' dir='ltr'><strong>succubuistis,</strong></span> <span class='ocrx_word' id='word_1_608' title='bbox 2544 4278 2691 4333; x_wconf 93' lang='lat' dir='ltr'><strong>quos</strong></span> <span class='ocrx_word' id='word_1_609' title='bbox 2714 4261 3005 4333; x_wconf 90' lang='lat' dir='ltr'><strong>plurimos</strong></span> <span class='ocrx_word' id='word_1_610' title='bbox 3029 4259 3431 4330; x_wconf 90' lang='lat' dir='ltr'><strong>molestosque</strong></span> <span class='ocrx_word' id='word_1_611' title='bbox 3449 4259 3761 4329; x_wconf 89' lang='lat' dir='ltr'><strong>imponere</strong></span> 
     </span>
    </p>
   </div>
   <div class='ocr_carea' id='block_1_91' title="bbox 2106 4346 3760 4422">
    <p class='ocr_par' dir='ltr' id='par_1_91' title="bbox 2106 4346 3760 4422">
     <span class='ocr_line' id='line_1_91' title="bbox 2106 4346 3760 4422; baseline -0.002 -15"><span class='ocrx_word' id='word_1_612' title='bbox 2106 4351 2260 4406; x_wconf 89' lang='lat' dir='ltr'><strong>solet</strong></span> <span class='ocrx_word' id='word_1_613' title='bbox 2280 4351 2528 4419; x_wconf 91' lang='lat' dir='ltr'><strong>bellum,</strong></span> <span class='ocrx_word' id='word_1_614' title='bbox 2557 4349 2839 4422; x_wconf 90' lang='lat' dir='ltr'><strong>quodque</strong></span> <span class='ocrx_word' id='word_1_615' title='bbox 2861 4349 3058 4421; x_wconf 91' lang='lat' dir='ltr'><strong>potius</strong></span> <span class='ocrx_word' id='word_1_616' title='bbox 3079 4352 3243 4403; x_wconf 85' lang='lat' dir='ltr'><strong>tanta</strong></span> <span class='ocrx_word' id='word_1_617' title='bbox 3270 4363 3406 4402; x_wconf 91' lang='lat' dir='ltr'><strong>cum</strong></span> <span class='ocrx_word' id='word_1_618' title='bbox 3429 4346 3760 4417; x_wconf 86' lang='lat' dir='ltr'><strong>alacritate,</strong></span> 
     </span>
    </p>
   </div>
   <div class='ocr_carea' id='block_1_92' title="bbox 2103 4435 3756 4512">
    <p class='ocr_par' dir='ltr' id='par_1_92' title="bbox 2103 4435 3756 4512">
     <span class='ocr_line' id='line_1_92' title="bbox 2103 4435 3756 4512; baseline -0.004 -15"><span class='ocrx_word' id='word_1_619' title='bbox 2103 4442 2377 4512; x_wconf 90' lang='lat' dir='ltr'><strong>consilio,</strong></span> <span class='ocrx_word' id='word_1_620' title='bbox 2409 4440 2784 4508; x_wconf 79' lang='lat' dir='ltr'><strong>fortitudine,</strong></span> <span class='ocrx_word' id='word_1_621' title='bbox 2816 4455 2943 4494; x_wconf 86' lang='lat' dir='ltr'><strong>rem</strong></span> <span class='ocrx_word' id='word_1_622' title='bbox 2982 4437 3271 4511; x_wconf 79' lang='lat' dir='ltr'><strong>gessistis,</strong></span> <span class='ocrx_word' id='word_1_623' title='bbox 3299 4441 3364 4491; x_wconf 90' lang='lat' dir='ltr'><strong>ut</strong></span> <span class='ocrx_word' id='word_1_624' title='bbox 3393 4435 3626 4491; x_wconf 87' lang='lat' dir='ltr'><strong>nullum</strong></span> <span class='ocrx_word' id='word_1_625' title='bbox 3658 4436 3756 4491; x_wconf 90' lang='lat' dir='ltr'><strong>cui</strong></span> 
     </span>
    </p>
   </div>
   <div class='ocr_carea' id='block_1_93' title="bbox 2102 4528 3759 4588">
    <p class='ocr_par' dir='ltr' id='par_1_93' title="bbox 2102 4528 3759 4588">
     <span class='ocr_line' id='line_1_93' title="bbox 2102 4528 3759 4588; baseline -0.002 0"><span class='ocrx_word' id='word_1_626' title='bbox 2102 4548 2212 4588; x_wconf 91' lang='lat' dir='ltr'><strong>nos</strong></span> <span class='ocrx_word' id='word_1_627' title='bbox 2241 4532 2614 4587; x_wconf 89' lang='lat' dir='ltr'><strong>admovimus</strong></span> <span class='ocrx_word' id='word_1_628' title='bbox 2647 4529 2960 4586; x_wconf 87' lang='lat' dir='ltr'><strong>castellum</strong></span> <span class='ocrx_word' id='word_1_629' title='bbox 3004 4528 3280 4583; x_wconf 84' lang='lat' dir='ltr'><strong>virtutem</strong></span> <span class='ocrx_word' id='word_1_630' title='bbox 3339 4531 3595 4583; x_wconf 79' lang='lat' dir='ltr'><strong>vestram</strong></span> <span class='ocrx_word' id='word_1_631' title='bbox 3654 4545 3759 4585; x_wconf 88' lang='lat' dir='ltr'><strong>su-</strong></span> 
     </span>
    </p>
   </div>
   <div class='ocr_carea' id='block_1_94' title="bbox 335 4615 2001 4700">
    <p class='ocr_par' dir='ltr' id='par_1_94' title="bbox 335 4615 1988 4700">
     <span class='ocr_line' id='line_1_94' title="bbox 335 4615 1988 4700; baseline -0.002 -23"><span class='ocrx_word' id='word_1_632' title='bbox 335 4624 417 4684; x_wconf 83' lang='grc' dir='ltr'><strong>οἷς</strong></span> <span class='ocrx_word' id='word_1_633' title='bbox 450 4615 804 4695; x_wconf 87' lang='grc' dir='ltr'>προϐάλομεν</span> <span class='ocrx_word' id='word_1_634' title='bbox 836 4621 883 4659; x_wconf 71' lang='grc' dir='ltr'><strong>⁵ο</strong></span> <span class='ocrx_word' id='word_1_635' title='bbox 911 4624 1019 4676; x_wconf 88' lang='grc' dir='ltr'><strong>τῶν</strong></span> <span class='ocrx_word' id='word_1_636' title='bbox 1067 4622 1366 4700; x_wconf 72' lang='grc' dir='ltr'>φρουρίων,</span> <span class='ocrx_word' id='word_1_637' title='bbox 1401 4621 1690 4695; x_wconf 84' lang='grc' dir='ltr'>ὑπέρτερον</span> <span class='ocrx_word' id='word_1_638' title='bbox 1748 4620 1988 4694; x_wconf 85' lang='grc' dir='ltr'>γενέσθαι</span> 
     </span>
    </p>
   </div>
   <div class='ocr_carea' id='block_1_95' title="bbox 2115 4615 3759 4700">
    <p class='ocr_par' dir='ltr' id='par_1_95' title="bbox 2115 4619 3759 4694">
     <span class='ocr_line' id='line_1_95' title="bbox 2115 4619 3759 4694; baseline -0.002 -16"><span class='ocrx_word' id='word_1_639' title='bbox 2115 4623 2413 4694; x_wconf 63' lang='grc' dir='ltr'>ρονενθτὶι,</span> <span class='ocrx_word' id='word_1_640' title='bbox 2444 4622 2841 4692; x_wconf 89' lang='lat' dir='ltr'><strong>relictumque</strong></span> <span class='ocrx_word' id='word_1_641' title='bbox 2872 4621 2951 4675; x_wconf 90' lang='lat' dir='ltr'><strong>sit</strong></span> <span class='ocrx_word' id='word_1_642' title='bbox 2979 4619 3124 4691; x_wconf 91' lang='lat' dir='ltr'><strong>quin</strong></span> <span class='ocrx_word' id='word_1_643' title='bbox 3156 4624 3613 4691; x_wconf 82' lang='lat' dir='ltr'><strong>expugnaretur.</strong></span> <span class='ocrx_word' id='word_1_644' title='bbox 3645 4620 3759 4675; x_wconf 89' lang='lat' dir='ltr'><strong>Ne-</strong></span> 
     </span>
    </p>
   </div>
   <div class='ocr_carea' id='block_1_96' title="bbox 333 4706 2001 4787">
    <p class='ocr_par' dir='ltr' id='par_1_96' title="bbox 333 4706 1983 4787">
     <span class='ocr_line' id='line_1_96' title="bbox 333 4706 1983 4787; baseline 0 -21"><span class='ocrx_word' id='word_1_645' title='bbox 333 4718 432 4781; x_wconf 78' lang='grc' dir='ltr'><strong>τῆς</strong></span> <span class='ocrx_word' id='word_1_646' title='bbox 491 4712 645 4784; x_wconf 85' lang='grc' dir='ltr'>ὑμῶν</span> <span class='ocrx_word' id='word_1_647' title='bbox 706 4710 902 4783; x_wconf 78' lang='grc' dir='ltr'>ἀρετῆς</span> <span class='ocrx_word' id='word_1_648' title='bbox 937 4755 951 4782; x_wconf 90' lang='grc'><strong>,</strong></span> <span class='ocrx_word' id='word_1_649' title='bbox 1030 4711 1120 4764; x_wconf 77' lang='grc' dir='ltr'><strong>καὶ</strong></span> <span class='ocrx_word' id='word_1_650' title='bbox 1204 4710 1630 4787; x_wconf 69' lang='grc' dir='ltr'>καταλειφθῆναι</span> <span class='ocrx_word' id='word_1_651' title='bbox 1682 4706 1983 4766; x_wconf 82' lang='grc' dir='ltr'>ἀνάλωτον.</span> 
     </span>
    </p>
   </div>
   <div class='ocr_carea' id='block_1_97' title="bbox 2115 4706 3756 4787">
    <p class='ocr_par' dir='ltr' id='par_1_97' title="bbox 2115 4707 3756 4783">
     <span class='ocr_line' id='line_1_97' title="bbox 2115 4707 3756 4783; baseline -0.001 -17"><span class='ocrx_word' id='word_1_652' title='bbox 2115 4728 2215 4783; x_wconf 55' lang='lat' dir='ltr'><strong>lue</strong></span> <span class='ocrx_word' id='word_1_653' title='bbox 2248 4711 2447 4767; x_wconf 90' lang='lat' dir='ltr'><strong>minus</strong></span> <span class='ocrx_word' id='word_1_654' title='bbox 2477 4715 2785 4783; x_wconf 87' lang='lat' dir='ltr'><strong>perspecta</strong></span> <span class='ocrx_word' id='word_1_655' title='bbox 2816 4709 2963 4765; x_wconf 89' lang='lat' dir='ltr'><strong>mihi</strong></span> <span class='ocrx_word' id='word_1_656' title='bbox 2998 4714 3089 4764; x_wconf 88' lang='lat' dir='ltr'><strong>est</strong></span> <span class='ocrx_word' id='word_1_657' title='bbox 3107 4714 3302 4764; x_wconf 88' lang='lat' dir='ltr'><strong>vestra</strong></span> <span class='ocrx_word' id='word_1_658' title='bbox 3336 4707 3756 4765; x_wconf 75' lang='lat' dir='ltr'><strong>exscindenda)</strong></span> 
     </span>
    </p>
   </div>
   <div class='ocr_carea' id='block_1_98' title="bbox 334 4798 1989 4878">
    <p class='ocr_par' dir='ltr' id='par_1_98' title="bbox 334 4798 1989 4878">
     <span class='ocr_line' id='line_1_98' title="bbox 334 4798 1989 4878; baseline -0.001 -23"><span class='ocrx_word' id='word_1_659' title='bbox 334 4798 469 4855; x_wconf 81' lang='grc' dir='ltr'>Οἶδα</span> <span class='ocrx_word' id='word_1_660' title='bbox 500 4798 558 4856; x_wconf 64' lang='grc' dir='ltr'>δὲ</span> <span class='ocrx_word' id='word_1_661' title='bbox 614 4798 704 4855; x_wconf 80' lang='grc' dir='ltr'><strong>καὶ</strong></span> <span class='ocrx_word' id='word_1_662' title='bbox 754 4800 817 4854; x_wconf 85' lang='grc' dir='ltr'>τὸ</span> <span class='ocrx_word' id='word_1_663' title='bbox 877 4801 1010 4873; x_wconf 76' lang='grc' dir='ltr'>πρὸς</span> <span class='ocrx_word' id='word_1_664' title='bbox 1062 4803 1161 4867; x_wconf 73' lang='grc' dir='ltr'><strong>την</strong></span> <span class='ocrx_word' id='word_1_665' title='bbox 1221 4799 1566 4878; x_wconf 64' lang='grc' dir='ltr'>κατασκαφὴν</span> <span class='ocrx_word' id='word_1_666' title='bbox 1619 4798 1847 4868; x_wconf 85' lang='grc' dir='ltr'>ταυτησὶ</span> <span class='ocrx_word' id='word_1_667' title='bbox 1889 4805 1989 4868; x_wconf 77' lang='grc' dir='ltr'>τῆς</span> 
     </span>
    </p>
   </div>
   <div class='ocr_carea' id='block_1_99' title="bbox 332 4884 1992 4965">
    <p class='ocr_par' dir='ltr' id='par_1_99' title="bbox 332 4884 1992 4965">
     <span class='ocr_line' id='line_1_99' title="bbox 332 4884 1992 4965; baseline -0.003 -19"><span class='ocrx_word' id='word_1_668' title='bbox 332 4888 552 4952; x_wconf 86' lang='grc' dir='ltr'>πόλεως</span> <span class='ocrx_word' id='word_1_669' title='bbox 582 4888 865 4965; x_wconf 88' lang='grc' dir='ltr'>πρόθυμον</span> <span class='ocrx_word' id='word_1_670' title='bbox 902 4890 1080 4963; x_wconf 83' lang='grc' dir='ltr'>ὑμῶν,</span> <span class='ocrx_word' id='word_1_671' title='bbox 1113 4888 1264 4951; x_wconf 82' lang='grc' dir='ltr'>ὅπως</span> <span class='ocrx_word' id='word_1_672' title='bbox 1306 4889 1502 4963; x_wconf 84' lang='grc' dir='ltr'>ὀργᾶτε</span> <span class='ocrx_word' id='word_1_673' title='bbox 1552 4888 1641 4943; x_wconf 82' lang='grc' dir='ltr'><strong>καὶ</strong></span> <span class='ocrx_word' id='word_1_674' title='bbox 1696 4884 1992 4964; x_wconf 82' lang='grc' dir='ltr'>σφαδαζετε</span> 
     </span>
    </p>
   </div>
   <div class='ocr_carea' id='block_1_100' title="bbox 331 4975 1985 5055">
    <p class='ocr_par' dir='ltr' id='par_1_100' title="bbox 331 4975 1985 5055">
     <span class='ocr_line' id='line_1_100' title="bbox 331 4975 1985 5055; baseline -0.003 -19"><span class='ocrx_word' id='word_1_675' title='bbox 331 4982 367 5051; x_wconf 77' lang='grc' dir='ltr'><strong>ἡ</strong></span> <span class='ocrx_word' id='word_1_676' title='bbox 397 4979 645 5055; x_wconf 81' lang='grc' dir='ltr'>στρατιὰ,</span> <span class='ocrx_word' id='word_1_677' title='bbox 672 4977 879 5050; x_wconf 88' lang='grc' dir='ltr'>ταύτην</span> <span class='ocrx_word' id='word_1_678' title='bbox 910 4977 1300 5054; x_wconf 83' lang='grc' dir='ltr'>κατεριπώσειν</span> <span class='ocrx_word' id='word_1_679' title='bbox 1342 4978 1432 5033; x_wconf 81' lang='grc' dir='ltr'><strong>καὶ</strong></span> <span class='ocrx_word' id='word_1_680' title='bbox 1483 4977 1710 5053; x_wconf 77' lang='grc' dir='ltr'>δῃώσειν</span> <span class='ocrx_word' id='word_1_681' title='bbox 1736 4978 1781 5014; x_wconf 74' lang='grc' dir='ltr'><strong>⁸ί</strong></span> <span class='ocrx_word' id='word_1_682' title='bbox 1831 4975 1985 5052; x_wconf 87' lang='grc' dir='ltr'>πυρί.</span> 
     </span>
    </p>
   </div>
   <div class='ocr_carea' id='block_1_101' title="bbox 2101 4798 3757 4873">
    <p class='ocr_par' dir='ltr' id='par_1_101' title="bbox 2101 4798 3757 4873">
     <span class='ocr_line' id='line_1_101' title="bbox 2101 4798 3757 4873; baseline -0.002 -16"><span class='ocrx_word' id='word_1_683' title='bbox 2101 4800 2282 4873; x_wconf 87' lang='lat' dir='ltr'><strong>hujus</strong></span> <span class='ocrx_word' id='word_1_684' title='bbox 2310 4800 2479 4856; x_wconf 90' lang='lat' dir='ltr'><strong>urbis</strong></span> <span class='ocrx_word' id='word_1_685' title='bbox 2510 4799 2826 4871; x_wconf 87' lang='lat' dir='ltr'><strong>cupiditas,</strong></span> <span class='ocrx_word' id='word_1_686' title='bbox 2860 4803 3229 4870; x_wconf 89' lang='lat' dir='ltr'><strong>quantopere</strong></span> <span class='ocrx_word' id='word_1_687' title='bbox 3261 4798 3550 4869; x_wconf 86' lang='lat' dir='ltr'><strong>expetatis</strong></span> <span class='ocrx_word' id='word_1_688' title='bbox 3588 4804 3757 4871; x_wconf 84' lang='lat' dir='ltr'><strong>Opte-</strong></span> 
     </span>
    </p>
   </div>
   <div class='ocr_carea' id='block_1_102' title="bbox 2098 4887 3753 4962">
    <p class='ocr_par' dir='ltr' id='par_1_102' title="bbox 2098 4887 3753 4962">
     <span class='ocr_line' id='line_1_102' title="bbox 2098 4887 3753 4962; baseline -0.002 -16"><span class='ocrx_word' id='word_1_689' title='bbox 2098 4891 2297 4962; x_wconf 87' lang='lat' dir='ltr'><strong>tisque</strong></span> <span class='ocrx_word' id='word_1_690' title='bbox 2326 4907 2428 4945; x_wconf 90' lang='lat' dir='ltr'><strong>vos</strong></span> <span class='ocrx_word' id='word_1_691' title='bbox 2485 4888 2773 4960; x_wconf 79' lang='lat' dir='ltr'><strong>legiones,</strong></span> <span class='ocrx_word' id='word_1_692' title='bbox 2836 4887 3074 4943; x_wconf 90' lang='lat' dir='ltr'><strong>diruere</strong></span> <span class='ocrx_word' id='word_1_693' title='bbox 3132 4887 3298 4943; x_wconf 89' lang='lat' dir='ltr'><strong>illam</strong></span> <span class='ocrx_word' id='word_1_694' title='bbox 3354 4887 3753 4960; x_wconf 88' lang='lat' dir='ltr'><strong>incendioque</strong></span> 
     </span>
    </p>
   </div>
   <div class='ocr_carea' id='block_1_103' title="bbox 2096 4977 3758 5050">
    <p class='ocr_par' dir='ltr' id='par_1_103' title="bbox 2096 4977 3758 5050">
     <span class='ocr_line' id='line_1_103' title="bbox 2096 4977 3758 5050; baseline -0.001 -15"><span class='ocrx_word' id='word_1_695' title='bbox 2096 4986 2350 5037; x_wconf 88' lang='lat' dir='ltr'><strong>vastare.</strong></span> <span class='ocrx_word' id='word_1_696' title='bbox 2389 4981 2604 5035; x_wconf 85' lang='lat' dir='ltr'><strong>Verum</strong></span> <span class='ocrx_word' id='word_1_697' title='bbox 2639 4977 3081 5034; x_wconf 88' lang='lat' dir='ltr'><strong>commiseratio</strong></span> <span class='ocrx_word' id='word_1_698' title='bbox 3115 4994 3211 5033; x_wconf 91' lang='lat' dir='ltr'><strong>me</strong></span> <span class='ocrx_word' id='word_1_699' title='bbox 3263 4979 3536 5050; x_wconf 70' lang='lat' dir='ltr'><strong>quaedam</strong></span> <span class='ocrx_word' id='word_1_700' title='bbox 3597 4978 3758 5034; x_wconf 90' lang='lat' dir='ltr'><strong>subit</strong></span> 
     </span>
    </p>
   </div>
   <div class='ocr_carea' id='block_1_104' title="bbox 1523 5130 2533 5189">
    <p class='ocr_par' dir='ltr' id='par_1_104' title="bbox 1523 5130 2533 5189">
     <span class='ocr_line' id='line_1_104' title="bbox 1523 5130 2533 5189; baseline 0 -1"><span class='ocrx_word' id='word_1_701' title='bbox 1523 5132 1587 5188; x_wconf 77' lang='grc' dir='ltr'>Ο.</span> <span class='ocrx_word' id='word_1_702' title='bbox 1632 5134 1691 5189; x_wconf 88' lang='grc' dir='ltr'><strong>Β.</strong></span> <span class='ocrx_word' id='word_1_703' title='bbox 1737 5131 1926 5188; x_wconf 84' lang='lat' dir='ltr'><strong>HASIl</strong></span> <span class='ocrx_word' id='word_1_704' title='bbox 1965 5130 2533 5188; x_wconf 83' lang='lat' dir='ltr'><strong>ANNOTATIONES.</strong></span> 
     </span>
    </p>
   </div>
   <div class='ocr_carea' id='block_1_105' title="bbox 394 5266 2001 5348">
    <p class='ocr_par' dir='ltr' id='par_1_105' title="bbox 394 5273 2001 5348">
     <span class='ocr_line' id='line_1_105' title="bbox 394 5273 2001 5348; baseline -0.002 -16"><span class='ocrx_word' id='word_1_705' title='bbox 394 5277 446 5314; x_wconf 77' lang='grc'><strong>⁵⁸</strong></span> <span class='ocrx_word' id='word_1_706' title='bbox 473 5273 773 5348; x_wconf 67' lang='grc' dir='ltr'>παίδευσιν.</span> <span class='ocrx_word' id='word_1_707' title='bbox 807 5276 933 5333; x_wconf 88' lang='lat' dir='ltr'><strong>Vid.</strong></span> <span class='ocrx_word' id='word_1_708' title='bbox 969 5292 1157 5348; x_wconf 64' lang='lat' dir='ltr'><strong>supra</strong></span> <span class='ocrx_word' id='word_1_709' title='bbox 1176 5279 1267 5348; x_wconf 47' lang='lat'><strong>{0,</strong></span> <span class='ocrx_word' id='word_1_710' title='bbox 1304 5278 1363 5331; x_wconf 84' lang='lat' dir='ltr'><strong>A.</strong></span> <span class='ocrx_word' id='word_1_711' title='bbox 1394 5276 1456 5331; x_wconf 90' lang='grc' dir='ltr'><strong>Β.</strong></span> <span class='ocrx_word' id='word_1_712' title='bbox 1521 5274 1806 5348; x_wconf 30' lang='lat' dir='ltr'><strong>Piraum.</strong></span> <span class='ocrx_word' id='word_1_713' title='bbox 1836 5275 2001 5348; x_wconf 84' lang='lat' dir='ltr'><strong>Alius</strong></span> 
     </span>
    </p>
   </div>
   <div class='ocr_carea' id='block_1_106' title="bbox 2115 5266 3749 5348">
    <p class='ocr_par' dir='ltr' id='par_1_106' title="bbox 2115 5266 3749 5347">
     <span class='ocr_line' id='line_1_106' title="bbox 2115 5266 3749 5347; baseline -0.004 -16"><span class='ocrx_word' id='word_1_714' title='bbox 2115 5279 2241 5331; x_wconf 82' lang='lat' dir='ltr'><strong>ctor</strong></span> <span class='ocrx_word' id='word_1_715' title='bbox 2263 5273 2512 5330; x_wconf 81' lang='lat' dir='ltr'><strong>dixisset</strong></span> <span class='ocrx_word' id='word_1_716' title='bbox 2537 5267 2687 5331; x_wconf 86' lang='grc' dir='ltr'>τάδε.</span> <span class='ocrx_word' id='word_1_717' title='bbox 2762 5273 2808 5309; x_wconf 84' lang='grc'><strong>⁶⁰</strong></span> <span class='ocrx_word' id='word_1_718' title='bbox 2837 5273 2969 5347; x_wconf 78' lang='lat' dir='ltr'><strong>Leg.</strong></span> <span class='ocrx_word' id='word_1_719' title='bbox 3003 5266 3436 5347; x_wconf 81' lang='grc' dir='ltr'>προσεϐάλομεν,</span> <span class='ocrx_word' id='word_1_720' title='bbox 3469 5269 3556 5326; x_wconf 86' lang='lat' dir='ltr'><strong>vel</strong></span> <span class='ocrx_word' id='word_1_721' title='bbox 3591 5273 3749 5325; x_wconf 86' lang='lat' dir='ltr'><strong>certe</strong></span> 
     </span>
    </p>
   </div>
   <div class='ocr_carea' id='block_1_107' title="bbox 326 5341 2121 5426">
    <p class='ocr_par' dir='ltr' id='par_1_107' title="bbox 326 5341 2121 5426">
     <span class='ocr_line' id='line_1_107' title="bbox 326 5341 2121 5426; baseline -0.003 -19"><span class='ocrx_word' id='word_1_722' title='bbox 326 5357 429 5407; x_wconf 83' lang='lat' dir='ltr'><strong>aut</strong></span> <span class='ocrx_word' id='word_1_723' title='bbox 454 5343 846 5426; x_wconf 84' lang='grc' dir='ltr'>προύϐάλομεν</span> <span class='ocrx_word' id='word_1_724' title='bbox 879 5353 983 5404; x_wconf 85' lang='lat' dir='ltr'><strong>aut</strong></span> <span class='ocrx_word' id='word_1_725' title='bbox 1009 5341 1434 5421; x_wconf 71' lang='grc' dir='ltr'>π’ροϐάλλομεν.</span> <span class='ocrx_word' id='word_1_726' title='bbox 1511 5346 1555 5385; x_wconf 80' lang='grc'><strong>⁶¹</strong></span> <span class='ocrx_word' id='word_1_727' title='bbox 1587 5342 1791 5414; x_wconf 81' lang='grc' dir='ltr'>δωήσιν</span> <span class='ocrx_word' id='word_1_728' title='bbox 1827 5347 1958 5420; x_wconf 88' lang='lat' dir='ltr'><strong>(sic)</strong></span> <span class='ocrx_word' id='word_1_729' title='bbox 1990 5346 2121 5403; x_wconf 82' lang='lat' dir='ltr'><strong>cod.</strong></span> 
     </span>
    </p>
   </div>
   <div class='ocr_carea' id='block_1_108' title="bbox 414 5516 1975 5599">
    <p class='ocr_par' dir='ltr' id='par_1_108' title="bbox 414 5516 1975 5599">
     <span class='ocr_line' id='line_1_108' title="bbox 414 5516 1975 5599; baseline -0.003 -24"><span class='ocrx_word' id='word_1_730' title='bbox 414 5521 617 5599; x_wconf 79' lang='lat' dir='ltr'><strong>73)__D_e</strong></span> <span class='ocrx_word' id='word_1_731' title='bbox 648 5519 760 5574; x_wconf 89' lang='lat' dir='ltr'><strong>hoc</strong></span> <span class='ocrx_word' id='word_1_732' title='bbox 793 5518 935 5599; x_wconf 80' lang='lat' dir='ltr'><strong>s_oli_s</strong></span> <span class='ocrx_word' id='word_1_733' title='bbox 966 5518 1228 5599; x_wconf 68' lang='lat' dir='ltr'><strong>deliquo,</strong></span> <span class='ocrx_word' id='word_1_734' title='bbox 1272 5516 1432 5599; x_wconf 78' lang='lat' dir='ltr'><strong>unde</strong></span> <span class='ocrx_word' id='word_1_735' title='bbox 1459 5517 1759 5599; x_wconf 76' lang='lat' dir='ltr'><strong>praecipue</strong></span> <span class='ocrx_word' id='word_1_736' title='bbox 1790 5521 1975 5599; x_wconf 69' lang='lat' dir='ltr'><strong>patet,</strong></span> 
     </span>
    </p>
   </div>
   <div class='ocr_carea' id='block_1_109' title="bbox 326 5589 1974 5665">
    <p class='ocr_par' dir='ltr' id='par_1_109' title="bbox 326 5589 1974 5665">
     <span class='ocr_line' id='line_1_109' title="bbox 326 5589 1974 5665; baseline -0.005 -14"><span class='ocrx_word' id='word_1_737' title='bbox 326 5589 767 5665; x_wconf 80' lang='lat' dir='ltr'><strong>expeditionem</strong></span> <span class='ocrx_word' id='word_1_738' title='bbox 800 5589 1125 5665; x_wconf 32' lang='lat' dir='ltr'><strong>Syriacam’</strong></span> <span class='ocrx_word' id='word_1_739' title='bbox 1157 5589 1472 5661; x_wconf 86' lang='lat' dir='ltr'><strong>Nicephori</strong></span> <span class='ocrx_word' id='word_1_740' title='bbox 1532 5589 1612 5665; x_wconf 74' lang='lat' dir='ltr'><strong>ad</strong></span> <span class='ocrx_word' id='word_1_741' title='bbox 1663 5605 1807 5665; x_wconf 69' lang='lat' dir='ltr'><strong>ann.</strong></span> <span class='ocrx_word' id='word_1_742' title='bbox 1850 5590 1974 5643; x_wconf 87' lang='lat'><strong>968.</strong></span> 
     </span>
    </p>
   </div>
   <div class='ocr_carea' id='block_1_110' title="bbox 325 5660 1976 5739">
    <p class='ocr_par' dir='ltr' id='par_1_110' title="bbox 325 5660 1976 5739">
     <span class='ocr_line' id='line_1_110' title="bbox 325 5660 1976 5739; baseline -0.004 -18"><span class='ocrx_word' id='word_1_743' title='bbox 325 5660 647 5739; x_wconf 71' lang='lat' dir='ltr'><strong>pertinere,</strong></span> <span class='ocrx_word' id='word_1_744' title='bbox 662 5678 807 5739; x_wconf 67' lang='lat' dir='ltr'><strong>nec</strong></span> <span class='ocrx_word' id='word_1_745' title='bbox 824 5660 1078 5739; x_wconf 77' lang='lat' dir='ltr'><strong>Leonem</strong></span> <span class='ocrx_word' id='word_1_746' title='bbox 1105 5660 1441 5739; x_wconf 82' lang='lat' dir='ltr'><strong>temporum</strong></span> <span class='ocrx_word' id='word_1_747' title='bbox 1486 5660 1976 5739; x_wconf 75' lang='lat' dir='ltr'><strong>ordine_m_inter-</strong></span> 
     </span>
    </p>
   </div>
   <div class='ocr_carea' id='block_1_111' title="bbox 324 5732 1975 5805">
    <p class='ocr_par' dir='ltr' id='par_1_111' title="bbox 324 5732 1975 5805">
     <span class='ocr_line' id='line_1_111' title="bbox 324 5732 1975 5805; baseline -0.003 -13"><span class='ocrx_word' id='word_1_748' title='bbox 324 5732 594 5803; x_wconf 68' lang='lat' dir='ltr'><strong>vertisse,</strong></span> <span class='ocrx_word' id='word_1_749' title='bbox 626 5734 755 5790; x_wconf 88' lang='lat' dir='ltr'><strong>vide</strong></span> <span class='ocrx_word' id='word_1_750' title='bbox 784 5733 990 5790; x_wconf 86' lang='lat' dir='ltr'><strong>Calvis.</strong></span> <span class='ocrx_word' id='word_1_751' title='bbox 1028 5735 1132 5805; x_wconf 92' lang='lat' dir='ltr'><strong>0p.</strong></span> <span class='ocrx_word' id='word_1_752' title='bbox 1193 5732 1464 5789; x_wconf 90' lang='lat' dir='ltr'><strong>chronol.</strong></span> <span class='ocrx_word' id='word_1_753' title='bbox 1519 5735 1641 5805; x_wconf 85' lang='lat'><strong>699.</strong></span> <span class='ocrx_word' id='word_1_754' title='bbox 1684 5733 1729 5787; x_wconf 96' lang='lat' dir='ltr'><strong>D</strong></span> <span class='ocrx_word' id='word_1_755' title='bbox 1764 5733 1975 5805; x_wconf 70' lang='lat' dir='ltr'><strong>Baron.</strong></span> 
     </span>
    </p>
   </div>
   <div class='ocr_carea' id='block_1_112' title="bbox 329 5803 1974 5878">
    <p class='ocr_par' dir='ltr' id='par_1_112' title="bbox 329 5803 1974 5878">
     <span class='ocr_line' id='line_1_112' title="bbox 329 5803 1974 5878; baseline -0.005 -11"><span class='ocrx_word' id='word_1_756' title='bbox 329 5808 535 5867; x_wconf 80' lang='lat' dir='ltr'><strong>Annal.</strong></span> <span class='ocrx_word' id='word_1_757' title='bbox 570 5806 726 5864; x_wconf 78' lang='lat' dir='ltr'><strong>Eccl.</strong></span> <span class='ocrx_word' id='word_1_758' title='bbox 760 5804 901 5862; x_wconf 86' lang='lat' dir='ltr'><strong>XVI.</strong></span> <span class='ocrx_word' id='word_1_759' title='bbox 956 5803 1093 5862; x_wconf 52' lang='lat'><strong>375$</strong></span> <span class='ocrx_word' id='word_1_760' title='bbox 1131 5807 1195 5861; x_wconf 90' lang='lat' dir='ltr'><strong>A.</strong></span> <span class='ocrx_word' id='word_1_761' title='bbox 1231 5805 1475 5878; x_wconf 81' lang='lat' dir='ltr'><strong>Pagium</strong></span> <span class='ocrx_word' id='word_1_762' title='bbox 1505 5804 1705 5860; x_wconf 87' lang='lat' dir='ltr'><strong>Crilic.</strong></span> <span class='ocrx_word' id='word_1_763' title='bbox 1761 5803 1851 5861; x_wconf 85' lang='lat' dir='ltr'><strong>IV.</strong></span> <span class='ocrx_word' id='word_1_764' title='bbox 1891 5806 1974 5859; x_wconf 80' lang='grc'><strong>19.</strong></span> 
     </span>
    </p>
   </div>
   <div class='ocr_carea' id='block_1_113' title="bbox 2084 5513 3742 5581">
    <p class='ocr_par' dir='ltr' id='par_1_113' title="bbox 2084 5513 3742 5581">
     <span class='ocr_line' id='line_1_113' title="bbox 2084 5513 3742 5581; baseline -0.001 -10"><span class='ocrx_word' id='word_1_765' title='bbox 2084 5521 2149 5571; x_wconf 83' lang='lat' dir='ltr'><strong>D.</strong></span> <span class='ocrx_word' id='word_1_766' title='bbox 2180 5515 2417 5580; x_wconf 85' lang='lat' dir='ltr'><strong>accidit,</strong></span> <span class='ocrx_word' id='word_1_767' title='bbox 2450 5520 2516 5570; x_wconf 92' lang='lat' dir='ltr'><strong>ut</strong></span> <span class='ocrx_word' id='word_1_768' title='bbox 2546 5520 2704 5570; x_wconf 88' lang='lat' dir='ltr'><strong>recte</strong></span> <span class='ocrx_word' id='word_1_769' title='bbox 2737 5515 2821 5570; x_wconf 89' lang='lat' dir='ltr'><strong>ait</strong></span> <span class='ocrx_word' id='word_1_770' title='bbox 2879 5517 3010 5581; x_wconf 89' lang='lat' dir='ltr'><strong>Leo,</strong></span> <span class='ocrx_word' id='word_1_771' title='bbox 3056 5515 3093 5570; x_wconf 92' lang='lat' dir='ltr'><strong>d</strong></span> <span class='ocrx_word' id='word_1_772' title='bbox 3149 5517 3235 5569; x_wconf 79' lang='lat'><strong>22.</strong></span> <span class='ocrx_word' id='word_1_773' title='bbox 3272 5513 3611 5569; x_wconf 88' lang='lat' dir='ltr'><strong>Decembris</strong></span> <span class='ocrx_word' id='word_1_774' title='bbox 3643 5528 3742 5569; x_wconf 91' lang='lat' dir='ltr'><strong>an.</strong></span> 
     </span>
    </p>
   </div>
   <div class='ocr_carea' id='block_1_114' title="bbox 2086 5586 3744 5659">
    <p class='ocr_par' dir='ltr' id='par_1_114' title="bbox 2086 5586 3744 5659">
     <span class='ocr_line' id='line_1_114' title="bbox 2086 5586 3744 5659; baseline -0.003 -15"><span class='ocrx_word' id='word_1_775' title='bbox 2086 5590 2210 5644; x_wconf 85' lang='lat'><strong>968.</strong></span> <span class='ocrx_word' id='word_1_776' title='bbox 2246 5604 2380 5643; x_wconf 90' lang='lat' dir='ltr'><strong>cum</strong></span> <span class='ocrx_word' id='word_1_777' title='bbox 2440 5587 2802 5659; x_wconf 89' lang='lat' dir='ltr'><strong>Nicephorus</strong></span> <span class='ocrx_word' id='word_1_778' title='bbox 2833 5588 2894 5641; x_wconf 89' lang='lat' dir='ltr'><strong>in</strong></span> <span class='ocrx_word' id='word_1_779' title='bbox 2928 5586 3094 5658; x_wconf 81' lang='lat' dir='ltr'><strong>Syria</strong></span> <span class='ocrx_word' id='word_1_780' title='bbox 3149 5592 3371 5654; x_wconf 67' lang='lat' dir='ltr'><strong>ageret,</strong></span> <span class='ocrx_word' id='word_1_781' title='bbox 3432 5587 3744 5659; x_wconf 86' lang='lat' dir='ltr'><strong>Luitpran-</strong></span> 
     </span>
    </p>
   </div>
   <div class='ocr_carea' id='block_1_115' title="bbox 2086 5658 3743 5729">
    <p class='ocr_par' dir='ltr' id='par_1_115' title="bbox 2086 5658 3743 5729">
     <span class='ocr_line' id='line_1_115' title="bbox 2086 5658 3743 5729; baseline -0.002 -13"><span class='ocrx_word' id='word_1_782' title='bbox 2086 5660 2197 5716; x_wconf 89' lang='lat' dir='ltr'><strong>dus</strong></span> <span class='ocrx_word' id='word_1_783' title='bbox 2222 5659 2283 5715; x_wconf 89' lang='lat' dir='ltr'><strong>in</strong></span> <span class='ocrx_word' id='word_1_784' title='bbox 2326 5659 2558 5714; x_wconf 90' lang='lat' dir='ltr'><strong>Italiam</strong></span> <span class='ocrx_word' id='word_1_785' title='bbox 2586 5658 2831 5714; x_wconf 84' lang='lat' dir='ltr'><strong>rediens</strong></span> <span class='ocrx_word' id='word_1_786' title='bbox 2861 5658 3126 5729; x_wconf 84' lang='lat' dir='ltr'><strong>Corcyrae</strong></span> <span class='ocrx_word' id='word_1_787' title='bbox 3184 5659 3243 5729; x_wconf 66' lang='lat' dir='ltr'><strong>in</strong></span> <span class='ocrx_word' id='word_1_788' title='bbox 3300 5673 3485 5712; x_wconf 80' lang='lat' dir='ltr'><strong>mensa</strong></span> <span class='ocrx_word' id='word_1_789' title='bbox 3528 5658 3743 5726; x_wconf 80' lang='lat' dir='ltr'><strong>positus</strong></span> 
     </span>
    </p>
   </div>
   <div class='ocr_carea' id='block_1_116' title="bbox 2079 5727 3525 5809">
    <p class='ocr_par' dir='ltr' id='par_1_116' title="bbox 2079 5727 3525 5809">
     <span class='ocr_line' id='line_1_116' title="bbox 2079 5727 3525 5809; baseline -0.004 -22"><span class='ocrx_word' id='word_1_790' title='bbox 2079 5748 2286 5809; x_wconf 58' lang='lat' dir='ltr'><strong>partem</strong></span> <span class='ocrx_word' id='word_1_791' title='bbox 2315 5730 2636 5809; x_wconf 44' lang='lat' dir='ltr'><strong>comedet-et:</strong></span> <span class='ocrx_word' id='word_1_792' title='bbox 2681 5731 2875 5809; x_wconf 72' lang='lat' dir='ltr'><strong>Legat.</strong></span> <span class='ocrx_word' id='word_1_793' title='bbox 2909 5728 2983 5784; x_wconf 90' lang='lat' dir='ltr'><strong>ad</strong></span> <span class='ocrx_word' id='word_1_794' title='bbox 3014 5727 3257 5809; x_wconf 45' lang='lat' dir='ltr'><strong>biceph.</strong></span> 
     </span>
    </p>
   </div>
   <div class='ocr_carea' id='block_1_117' title="bbox 2159 5800 3535 5876">
    <p class='ocr_par' dir='ltr' id='par_1_117' title="bbox 2159 5800 3535 5876">
     <span class='ocr_line' id='line_1_117' title="bbox 2159 5800 3535 5876; baseline -0.004 -18"><span class='ocrx_word' id='word_1_795' title='bbox 2159 5804 2275 5876; x_wconf 58' lang='grc' dir='ltr'><strong>(Ἃ)</strong></span> <span class='ocrx_word' id='word_1_796' title='bbox 2306 5802 2700 5858; x_wconf 81' lang='lat' dir='ltr'><strong>Combeﬁsius</strong></span> <span class='ocrx_word' id='word_1_797' title='bbox 2731 5800 2897 5859; x_wconf 69' lang='lat' dir='ltr'><strong>tertia</strong></span> <span class='ocrx_word' id='word_1_798' title='bbox 2926 5817 3019 5873; x_wconf 87' lang='lat' dir='ltr'><strong>ap.</strong></span> <span class='ocrx_word' id='word_1_799' title='bbox 3047 5800 3292 5873; x_wconf 73' lang='lat' dir='ltr'><strong>Pagium</strong></span> <span class='ocrx_word' id='word_1_800' title='bbox 3326 5800 3418 5856; x_wconf 82' lang='grc' dir='ltr'><strong>ιν.</strong></span> <span class='ocrx_word' id='word_1_801' title='bbox 3448 5801 3535 5855; x_wconf 83' lang='grc'><strong>20.</strong></span> 
     </span>
    </p>
   </div>
  </div>
