4118 6440
397 411 518 472 767

1779 404 2074 466 LEONIS
2116 402 2434 466 DIACONI

3698 408 3818 469 768

404 544 554 616 ejus,
590 544 636 598 si
671 541 909 613 quidem
934 539 1100 607 urbs,
1151 555 1282 611 qum
1324 539 1567 594 tertium
1596 537 1794 593 locum
1823 537 1884 592 in
1914 536 2047 591 orbe

2170 531 2327 589 Ἀλλ’
2354 534 2536 598 οἶκτός
2573 533 2640 609 με
2693 554 2776 599 τις
2834 535 3212 612 ὑπεισέρχεται
3268 535 3491 609 ταύτης,
3551 534 3597 593 εί
3656 537 3817 614 τρίτη

402 640 573 689 terra)
606 633 852 697 obtinet,
886 647 990 685 seu
1014 628 1526 701 pulchritudinem
1550 633 1728 698 atque
1758 626 2056 699 magnitu-

394 723 595 777 dinem
629 721 914 776 mmnium
944 719 1175 789 (videtis
1202 719 1360 773 enim
1393 718 1454 772 in
1478 723 1763 789 quantam
1787 716 2057 772 altitudi-

393 826 531 864 nem
556 825 620 863 ea
644 813 933 877 surgunt},
956 808 1073 862 sive
1100 806 1547 861 multitudinem
1575 805 1779 878 populi
1805 805 2053 860 aedium-

397 916 511 970 que
539 899 840 953 inﬁnitam
874 898 1308 969 supellectilem
1357 897 1682 969 aspexeris,
1738 896 2056 952 ruderibus

397 988 890 1061 obtectajacebit,
918 988 1086 1059 quasi
1116 987 1429 1043 castellum
1460 986 1911 1058 pauperculum.
1946 987 2053 1041 Ne-

399 1095 512 1150 que
545 1078 731 1150 magis
765 1077 1058 1131 exercitus
1089 1076 1337 1131 Romani
1361 1076 1423 1130 in
1450 1092 1519 1131 ea
1549 1075 1865 1131 evertenda
1895 1091 2053 1129 com-

400 1169 674 1237 moratio,
708 1173 774 1223 ut
804 1186 934 1239 quae
988 1184 1023 1222 a
1072 1166 1246 1221 nobis
1305 1166 1529 1222 domita
1551 1166 1677 1237 jam
1728 1165 1885 1221 bello
1936 1165 2055 1221 sint

396 1259 864 1331 pessumdentur
886 1258 1102 1312 iterum
1128 1256 1627 1329 diripianturque,
1658 1255 1891 1311 videtur
1908 1256 2053 1311 mihi

395 1349 691 1404 rationem
724 1348 967 1403 habere.
1028 1347 1262 1401 Etenim
1323 1362 1426 1419 ego
1458 1346 1619 1402 hunc
1676 1346 2051 1418 potissimum

400 1439 652 1495 dixerim
683 1439 1031 1508 diligentem
1063 1438 1298 1509 ducem,
1334 1438 1434 1510 qui
1462 1438 1915 1509 irruptionibus,
1949 1438 2052 1509 qui

401 1530 627 1585 stativis
658 1529 1133 1586 adversariorum
1183 1528 1315 1584 loca
1374 1534 1544 1584 vexat
1580 1534 1757 1599 atque
1814 1528 2049 1600 perdit:

403 1622 508 1678 sed
531 1622 579 1677 si
602 1622 737 1693 quis
765 1638 904 1677 suos
936 1622 1085 1676 ﬁnes
1117 1637 1250 1676 cum
1300 1619 1751 1675 excursionibus
1783 1626 1911 1675 tum
1942 1620 2051 1675 do-

400 1728 565 1767 mum
596 1710 1034 1767 reversionibus
1056 1710 1358 1781 copiarum
1384 1709 1730 1782 pessumdat
1748 1714 1927 1781 atque
1952 1712 2052 1766 74

398 1802 672 1870 conterit,
706 1801 866 1856 hunc
911 1800 1078 1855 nulla
1106 1800 1197 1854 vel
1225 1800 1423 1871 potius
1479 1799 1638 1855 mala
1669 1805 1867 1854 mente
1894 1817 2050 1871 prm-

398 1890 590 1946 ditum
623 1889 819 1945 dicere
851 1906 972 1944 non
1002 1888 1346 1945 reformido.
1381 1888 1666 1944 Similiter
1696 1889 1857 1945 enim
1907 1888 2051 1945 facit

395 1986 466 2035 ut
485 1996 663 2035 canes
691 1979 753 2034 in
776 1978 976 2035 fabula
1005 1979 1213 2045 notati,
1243 1978 1344 2050 qui
1378 1995 1513 2034 cum
1543 1978 1716 2050 lupos
1747 1978 1820 2034 ab
1844 1979 2048 2035 ovibus

394 2069 688 2141 repellere
718 2067 994 2135 debeant,
1043 2066 1423 2140 pecudesque
1477 2066 1549 2122 ab
1608 2067 1845 2123 insidiis
1872 2068 2048 2135 tueri,

391 2163 790 2231 praeterquam
823 2158 982 2229 quod
1012 2157 1185 2229 lupos
1210 2173 1330 2212 non
1361 2157 1683 2229 repellunt,
1716 2157 1828 2229 ipsi
1863 2159 2049 2230 magis

392 2265 572 2320 quam
601 2249 694 2303 hac
729 2247 945 2303 bellum
975 2247 1231 2319 pecudes
1262 2248 1666 2302 conscindunt
1695 2252 1873 2319 atque
1899 2248 2048 2304 dila-

396 2339 583 2393 niant.
620 2336 898 2402 Proinde,
933 2337 981 2391 si
1012 2337 1175 2391 vobis
1205 2336 1436 2391 videtur
1484 2337 1751 2407 mihique
1782 2336 2046 2407 creditis,

396 2427 883 2500 quandoquidem
902 2426 996 2481 hic
1016 2426 1283 2481 tumulus
1298 2425 1680 2482 ﬁrmissimus
1700 2426 1953 2495 videtur,
1978 2428 2051 2482 ir-

386 2521 717 2593 riguusque
749 2520 920 2590 aquis
939 2525 1048 2584 est,
1075 2519 1245 2574 illum
1269 2520 1547 2592 evestigio
1571 2520 2048 2576 communiamus

387 2610 485 2665 ala
534 2609 805 2681 equitum
862 2615 921 2664 et
979 2609 1219 2663 cohorte
1271 2609 1533 2664 militum
1587 2609 1666 2664 ibi
1700 2609 1950 2665 relicto:
1983 2616 2050 2666 ut

389 2699 757 2771 quotidianis
780 2698 1214 2771 eruptionibus,
1237 2699 2044 2767 decursionibus,alimento-

390 2806 525 2845 rum
557 2788 1018 2860 direptionibus,
1044 2788 1293 2844 fractam
1323 2789 1722 2858 Antiochiam,
1747 2789 1807 2844 in
1830 2806 2047 2863 angus-

389 2882 623 2953 tiasque
656 2897 920 2937 summas
951 2881 1346 2953 compulsam,
1368 2880 1462 2937 vel
1489 2882 1734 2938 invitam
1767 2898 2046 2955 cogamus

390 2973 797 3027 Romanorum
822 2987 885 3027 se
918 2971 1265 3043 permittere
1295 2970 1530 3026 ditioni.
1566 2993 1595 3023 »
1628 2972 1747 3027 Hac
1777 2972 2047 3028 oratione

390 3061 615 3125 habita,
648 3061 993 3132 imperator,
1029 3060 1289 3132 lapidem
1320 3061 1381 3115 in
1413 3060 1695 3116 humeros
1753 3061 2046 3117 extollens

391 3153 543 3222 (erat
568 3150 730 3206 enim
759 3150 1064 3222 popularis
1090 3151 1149 3205 in
1184 3151 1479 3222 ejusmodi
1510 3150 1691 3206 rebus
1721 3167 1788 3206 ac
1832 3151 2044 3207 mode-

388 3242 555 3310 stus),
590 3239 939 3295 ascenditin
979 3239 1293 3307 tumulum,
1330 3244 1451 3294 toto
1486 3239 1749 3294 exercitu
1780 3240 1939 3295 idem
1960 3239 2041 3296 fa-

378 3345 513 3384 cere
536 3329 727 3401 jusso.
757 3327 1097 3400 Apparebat
1139 3329 1318 3401 igitur
1348 3330 1529 3383 trium
1576 3327 1809 3385 dierum
1843 3330 2035 3401 spatio

379 3418 695 3474 castellum
718 3418 779 3473 in
803 3418 1032 3473 tumulo
1056 3418 1509 3485 exaediﬁcatum,
1537 3417 1688 3473 bene
1721 3424 1955 3491 septum
1979 3424 2040 3475 et

378 3508 869 3564 munitissimum.
902 3510 1025 3573 Quo
1057 3509 1118 3563 in
1150 3508 1396 3564 castello
1455 3514 1774 3580 postquam
1824 3508 2035 3580 praesi-

382 3597 548 3654 dium
582 3597 1047 3670 quingentorum
1089 3598 1358 3669 equitum
1416 3599 1840 3669 cohortemque
1872 3597 2037 3653 mille

382 3686 644 3743 militum
675 3703 808 3742 cum
857 3685 1099 3742 cibariis
1157 3686 1389 3742 idoneis
1446 3687 1792 3758 reliquerat,
1816 3687 2038 3759 jubens

381 3780 447 3831 ut
479 3776 745 3848 quotidie
776 3776 1157 3831 excursiones
1215 3776 1592 3831 Antiochiam
1621 3793 1824 3831 versus
1881 3776 2036 3832 face-

383 3871 537 3929 rent,
572 3870 749 3936 atque
778 3864 951 3921 obvia
991 3865 1211 3937 quaevis
1243 3865 1504 3921 caedibus
1533 3865 1882 3937 rapinisque
1911 3866 2041 3921 exi-

381 3954 687 4024 nanirent,
720 3955 847 4026 ipse
878 3954 1019 4009 inde
1051 3954 1264 4010 castris
1296 3954 1473 4010 motis
1499 3954 1574 4010 ad
1606 3953 1817 4010 urbem
1848 3955 2037 4028 impe-

380 4044 665 4101 ratoriam
710 4044 908 4112 rediit,
944 4042 1378 4116 splendideque
1410 4061 1444 4099 a
1496 4043 1732 4100 civitate
1763 4049 2039 4118 receptus

380 4133 461 4190 ibi
494 4139 584 4191 est
608 4136 1034 4190 commoratus-

2161 628 2269 679 τῶν
2315 624 2439 700 περὶ
2494 626 2596 694 τήν
2653 624 2984 699 οἰκουμένην
3039 624 3274 682 τελοῦσα
3333 625 3571 697 πόλεων,
3625 630 3708 700 τῷ
3760 647 3820 683 τε

2160 712 2357 769 κάλλει
2386 716 2475 770 καὶ
2504 720 2584 788 τῷ
2647 716 2858 791 μεγέθει
2924 719 3031 772 τῶν
3099 711 3412 789 περιϐόλων
3474 718 3658 792 (ὁρᾶτε
3711 719 3817 793 γὰρ

2162 802 2240 866 εἷς
2272 804 2400 860 ὅσον
2431 804 2566 879 ὕψος
2618 806 3056 862 ἐπανατείνονται
3102 806 3297 879 οὗτοι),
3354 802 3434 861 ἔτι
3492 803 3550 861 δὲ
3604 804 3816 877 πλήθει

2159 898 2256 948 τοῦ
2299 891 2480 968 δήμου
2539 895 2630 951 καὶ
2684 901 2793 953 τῶν
2826 895 3015 951 οἰκιῶν
3077 896 3390 970 ἀμηχάνοις
3437 901 3815 965 κατασκευαῖς,

2161 981 2399 1059 ἐρείπιον
2456 983 2710 1054 κείσεται,
2768 986 2905 1041 κατᾶ
2959 1007 3013 1042 τι
3080 985 3340 1064 φρούριον
3394 985 3680 1061 πενιχρὸν.
3740 986 3818 1043 Τὸ

2160 1069 2219 1128 δὲ
2257 1074 2357 1142 τὴν
2397 1075 2714 1149 Ῥωμαϊκὴν
2766 1076 3017 1151 στρατιὰν
3069 1077 3206 1132 κατά
3257 1077 3357 1146 τὴν
3413 1076 3616 1147 ταύτης
3648 1096 3818 1132 κατα-

2157 1159 2361 1239 τρίϐειν
2423 1161 2775 1237 ἒκπόρθησιν,
2831 1166 2920 1221 καὶ
2975 1165 3043 1221 τὰ
3102 1166 3228 1239 ὑμῖν
3292 1165 3699 1237 ὑποποιηθὲντα
3736 1171 3822 1241 τῷ

2157 1252 2426 1326 πολεμεῖν
2458 1252 2608 1316 αὖθις
2667 1252 2998 1333 διαφθείρειν
3051 1275 3110 1310 τε
3139 1255 3230 1310 καὶ
3268 1252 3589 1327 λεηλατεῖν,
3625 1254 3687 1310 οὕ
3721 1278 3819 1330 μοι

2157 1348 2280 1399 νοῦν
2310 1341 2456 1420 ἔχειν
2513 1342 2683 1404 δοκεῖ.
2740 1346 2881 1422 Ἐγὼ
2936 1346 3042 1423 γὰρ
3100 1344 3305 1402 ἐκεῖνον
3370 1344 3613 1420 μάλιστα
3643 1346 3815 1426 φαίην

2155 1430 2521 1507 κηδεμονικὸν
2583 1436 2928 1511 στρατηγὸν,
2980 1436 3074 1491 τὸν
3138 1441 3261 1501 ταῖς
3318 1434 3660 1510 ἐπεξελᾶσεσι
3723 1438 3819 1493 καὶ

2158 1521 2554 1596 διαμελλήσεσι
2583 1525 2685 1594 τήν
2714 1530 2825 1581 τῶν
2856 1524 3108 1581 ἐναντίων
3170 1530 3438 1582 κακοῦντα
3503 1527 3694 1603 χώραν
3723 1528 3819 1583 καῖ

2157 1609 2557 1690 διαφθείροντα·
2589 1612 2764 1670 τὸνδέ
2804 1636 2867 1690 γε
2921 1617 3022 1686 τήν
3071 1615 3276 1672 οἰκείαν
3328 1622 3447 1679 ταῖς
3495 1623 3599 1687 τῆς
3650 1638 3816 1691 στρα-

2154 1709 2273 1769 τιᾶς
2304 1702 2599 1781 ἐκδρομαῖς
2644 1706 2732 1762 καὶ
2790 1706 2941 1769 αὖθις
2995 1708 3132 1763 κατά
3198 1708 3387 1783 χώραν
3446 1706 3817 1786 ἀναστροφαῖς

2154 1793 2620 1870 παραπολλύοντα
2676 1796 2767 1851 καὶ
2843 1792 3164 1873 ἐκτρίϐοντα
3195 1840 3210 1868 ,
3268 1801 3461 1854 τοῦτον
3548 1798 3815 1869 ἀνόητον,

2078 1918 2125 1984 Β
2158 1882 2373 1958 μᾶλλον
2422 1883 2480 1941 δὲ
2531 1886 2962 1984 κακονούστατον
3018 1887 3305 1960 ὀνομάζειν
3340 1886 3440 1943 οὐκ
3468 1886 3527 1943 ἂν
3561 1887 3819 1960 ἀποκνή-

2153 1992 2333 2048 σαιμι·
2375 1975 2681 2048 παρόμοίόν
2712 1996 2764 2031 τι
2798 1971 3215 2053 διεργαζόμενον
3270 1980 3378 2031 τῶν
3412 1981 3483 2051 τῇ
3540 1978 3822 2054 παροιμίᾳ

2152 2060 2613 2137 κωμῳδουμένων
2651 2068 2851 2136 κυνῶν,
2884 2064 2938 2120 ο⁰ί
2965 2064 3094 2131 τοὺς
3142 2064 3346 2129 λύκους
3378 2070 3485 2122 τῶν
3520 2062 3818 2142 προϐάτων

2154 2148 2447 2208 ἀποσοϐεῖν
2493 2152 2894 2232 ἐποφείλοντες,
2948 2155 3038 2210 καὶ
3088 2156 3156 2211 τὰ
3218 2156 3543 2233 βοσκήματα
3601 2157 3822 2235 φυλατ-

2151 2263 2262 2298 τειν
2297 2238 2774 2313 ἀνεπιϐούλευτον,
2823 2245 2876 2299 οἳ
2935 2241 3014 2314 δὲ,
3073 2246 3214 2321 πρὸς
3262 2249 3343 2317 τῷ
3382 2246 3459 2320 μὴ
3493 2242 3819 2319 ἀποσοϐεῖν,

2159 2330 2374 2406 μᾶλλον
2405 2333 2512 2387 τῶν
2568 2333 2773 2408 θηρίων
2832 2334 2987 2390 αὐτοὶ
3046 2333 3401 2391 διακόπτουσι
3456 2337 3546 2391 καὶ
3580 2333 3819 2392 διασπα-

2156 2422 2461 2494 ράττοιισιν.
2518 2422 2583 2478 Ei
2642 2422 2733 2478 οὐν
2796 2420 2947 2479 δοκεῖ
2982 2425 3069 2480 καὶ
3113 2424 3358 2489 πείθεσθὲ
3418 2447 3539 2499 μοι,
3588 2425 3814 2504 ἐπείπερ

2154 2511 2183 2567 δ
2214 2508 2387 2589 λόφος
2448 2510 2800 2588 ὀχυρώτατος
2861 2513 3044 2569 οὐτοσὶ
3101 2515 3505 2588 καταφαίνεται,
3562 2515 3654 2571 καὶ
3711 2537 3819 2571 κα-

2151 2599 2418 2677 τάῤῥυτός
2461 2600 2602 2656 ἐστιν
2663 2599 2847 2658 ὕδασιν
2908 2603 2983 2665 ὡς
3041 2605 3222 2680 ὁρᾶτε,
3252 2608 3446 2660 τοῦτον
3505 2602 3575 2674 δὴ
3631 2625 3815 2681 τειχιι

2155 2691 2306 2746 στὲον
2339 2688 2585 2764 ἐξαυτῆς,
2625 2692 2715 2747 καὶ
2776 2689 2904 2763 ἴλην
2937 2691 3146 2749 ἱππέων
3197 2692 3288 2749 καὶ
3349 2699 3569 2767 σπεῖραν
3630 2699 3813 2765 πεζῶν

2152 2778 2206 2835 ἐν
2240 2779 2388 2852 αὐτῷ
2427 2778 2631 2835 ἐατέον·
2693 2779 2832 2837 ὥστε
2885 2783 3003 2848 καθ’
3063 2782 3290 2855 ἑκάστην
3350 2783 3688 2856 ἐπεξελάσεσι
3719 2785 3815 2840 καὶ

2150 2867 2528 2944 καταδρομαῖς
2559 2914 2574 2941 ,
2631 2870 2723 2927 καὶ
2775 2876 2884 2928 τῶν
2936 2870 3262 2944 ἐπιτηδείων
3325 2871 3652 2950 διαρπαγαῖς
3706 2874 3812 2943 τήν

2155 2959 2457 3034 Ἀντιόχου
2506 2960 2932 3032 ταπεινώσωσι,
2972 2962 3060 3017 καὶ
3121 2962 3201 3026 εἰς
3258 2962 3572 3039 ἀμηχανίαν
3630 2959 3817 3033 δεινὴν

2152 3046 2605 3112 κατακλείσαντες
2643 3048 2734 3105 καὶ
2790 3050 3024 3107 ἄκουσαν
3080 3052 3444 3126 ἀναγκάσωσι,
3512 3052 3823 3127 Ῥωμαίοις

2150 3139 2402 3215 γενεσθαι
2452 3136 2821 3199 ὑπόσπονδον.
2854 3164 2883 3192 ››
2938 3142 3105 3197 Εἶπεν
3153 3142 3182 3196 ὁ
3217 3140 3494 3215 βασιλεὺς,
3525 3141 3616 3197 καὶ
3656 3141 3820 3198 λίθον

2154 3228 2567 3303 ἐπομισάμενος
2596 3232 2682 3303 (ἦν
2714 3230 2816 3303 γὰρ
2860 3230 2985 3305 περὶ
3031 3229 3099 3286 τὰ
3152 3236 3380 3287 τοιαῦτα
3441 3234 3821 3308 μετριοπαθής

2149 3340 2210 3375 τε
2266 3318 2357 3374 καί
2411 3321 2707 3393 ταπεινὸς),
2758 3318 2925 3375 ἄνεισι
2983 3319 3073 3376 ἐπὶ
3126 3322 3218 3377 τὸν
3278 3319 3477 3401 λόφον,
3531 3323 3679 3398 πάσῃ
3736 3326 3813 3396 τῇ

2148 3413 2372 3482 στρατιᾷ
2455 3408 2599 3465 οὕτω
2686 3415 2862 3465 ποιεῖν
2941 3408 3449 3486 διακελευσάμενος.
3543 3418 3643 3469 Ἦν
3715 3410 3814 3469 οὖν

2148 3496 2284 3553 ἰδεῖν
2314 3496 2367 3554 ἐν
2424 3499 2599 3573 τρισὶν
2656 3497 2892 3573 ἡμέραις
2939 3497 3070 3555 ἄστυ
3128 3500 3500 3575 ἀνῳκισμένον
3561 3500 3650 3557 ἐπὶ
3706 3502 3805 3557 τὸν

2148 3584 2342 3666 λόφον,
2376 3587 2592 3664 εὖερκές
2626 3608 2686 3643 τε
2713 3587 2805 3643 καὶ
2836 3587 3212 3665 ὀχυρώτατον.
3260 3588 3533 3667 Φαλαγγα
3574 3610 3806 3666 τοιγαρ-

2149 3679 2242 3732 οὖν
2266 3677 2634 3732 πεντακοσίων
2678 3676 2911 3748 ἱππέων,
2970 3677 3059 3733 καὶ
3119 3683 3340 3755 σπεῖραν
3393 3679 3597 3754 χιλίων
3625 3683 3805 3750 πεζῶν

2148 3764 2202 3822 ἐν
2258 3771 2339 3839 τῷ
2395 3766 2645 3844 φρουρίῳ
2699 3766 3041 3840 καταλιπὼν,
3108 3769 3198 3825 καὶ
3256 3770 3591 3846 ἀποχρῶσαν
3637 3768 3809 3845 χιλὸν

2150 3854 2334 3919 αὐτοῖς
2393 3856 2850 3929 ἀποσιτισάμενος
2886 3901 2901 3928 ,
2960 3856 3345 3933 ἐντειλάμενόν
3406 3880 3466 3915 τε
3531 3860 3811 3934 ὁσημέραι

2149 3942 2422 4021 ἐκδρομὰς
2450 3945 2586 4002 κατὰ
2642 3952 2743 4017 τῆς
2802 3946 3147 4023 Ἀντιοχείας
3207 3953 3407 4020 ποιεῖν,
3462 3948 3555 4005 καὶ
3610 3952 3674 4005 τὸ
3702 3969 3820 4004 πα-

2151 4036 2389 4111 ρατυχὸν
2452 4033 2731 4112 μαχαίρας
2787 4030 2945 4112 ἔργον
3002 4036 3093 4093 καὶ
3160 4045 3452 4116 προνομῆς
3505 4037 3813 4115 ἀπεργάζε-

2150 4126 2297 4195 σθαι,
2322 4125 2486 4186 αὐτὸς
2542 4123 2743 4189 ἐκεῖθεν
2803 4125 3013 4201 ἀπάρας
3057 4128 3196 4203 πρὸς
3250 4129 3349 4197 τὴν
3412 4127 3812 4205 βασιλεύουσαν

2151 4211 2465 4285 ἐπανέζευξε
2494 4257 2510 4285 ,
2568 4214 2657 4270 καὶ
2716 4215 3157 4293 μεγαλοπρεπῶς
3210 4218 3348 4294 πρὸς
3404 4223 3511 4275 τῶν
3569 4217 3812 4275 ἀστικῶν

2153 4299 2479 4379 ὗποδεχθεές
2512 4301 2685 4360 ἐκεῖσε
2714 4301 3002 4383 διέτριϐεν.

1607 4568 1982 4665 LIBER
2049 4568 2620 4681 QUINTUS.

455 4952 855 5031 Anlchuuexruu.
889 4985 957 4994 —
990 4954 1352 5031 Nicephorus
1384 4956 1677 5031 captosin
1709 4955 1909 5031 Sicilia
1930 4958 2228 5031 Romanos
2258 4973 2291 5012 a
2316 4956 2624 5031 saracenis
2652 4957 2934 5031 exposcit.
2968 4957 3279 5031 Calocyres
3312 4958 3632 5031 imperium
3662 4959 3810 5015 atre-

386 5026 691 5103 c_tat‘(.Cap..
730 5026 798 5094 1).
835 5033 874 5078 Α
902 5043 1017 5097 quo
1051 5029 1288 5103 excitati
1321 5026 1490 5084 Russi
1518 5029 1849 5103 Bulgariam
1883 5028 2168 5103 invadunt
2198 5031 2291 5097 (2).
2314 5029 2677 5103 Nicephorus
2708 5026 2932 5103 legatos
2952 5026 3224 5103 mittitad
3246 5026 3529 5103 Bulgaros
3549 5033 3654 5102 (3).
3682 5041 3813 5087 An-

388 5095 685 5173 tiochia‘vi
719 5095 1052 5173 expugnata
1081 5103 1175 5173 (4).
1206 5102 1534 5171 Imperator
1561 5095 1796 5155 funesto
1824 5100 2102 5155 vaticinio
2134 5095 2484 5173 commotus.
2520 5095 3106 5173 Bardasticephori
3125 5108 3293 5173 pater
3323 5095 3809 5158 moritur.'Theo-

387 5168 586 5247 phano
621 5168 1078 5247 insidias'struit
1108 5168 1744 5247 adversusconjugem
1784 5175 1878 5247 (5)ἶ
1913 5173 2171 5227 Joannes
2210 5172 2522 5247 Tzimisces
2559 5172 2630 5247 in
2688 5168 2905 5247 urbem,
2936 5168 3297 5247 'arces‘situs.
3353 5175 3697 5247 Conjuratio
3732 5176 3812 5231 ad

387 5239 610 5324 girdem
644 5241 1020 5324 imperatoris
1050 5239 1646 5324 perpetrandamltii.
1683 5239 2045 5324 l‘ficephorus
2093 5242 2418 5324 crudeliter
2448 5245 2677 5324 occisus
2720 5249 2813 5315 (7).
2836 5246 2987 5324 _Ij3jus
3018 5246 3323 5324 ipgenium
3355 5252 3413 5302 et
3441 5239 3674 5303 indoles
3704 5248 3809 5321 (8).

380 5312 638 5367 Joannes
665 5314 978 5370 Tzimisccs
1010 5312 1211 5369 rerum
1243 5315 1486 5386 potitur.
1523 5312 1838 5385 Nicephori
1863 5332 2080 5387 corpus
2111 5314 2174 5369 in
2205 5316 2363 5388 regio
2396 5316 2669 5388 sepulcro
2701 5312 2979 5373 conditur
3010 5312 3103 5387 ιθ).

450 5605 542 5662 75
582 5608 625 5659 1.
662 5605 748 5661 Ita
771 5622 839 5660 eo
868 5623 986 5676 quo
1021 5622 1201 5678 supra
1237 5605 1709 5663 demonstratum
1734 5614 1825 5665 est
1855 5609 2030 5665 modo
2064 5618 2109 5682 Β

380 5694 747 5763 Nicephorus
779 5695 1124 5766 imperator,
1160 5696 1388 5767 Syriam
1421 5712 1704 5769 oramque
1747 5701 1875 5771 ejus
1908 5715 2032 5755 ma—

383 5780 647 5838 ritimam
680 5801 982 5854 emensus,
1041 5790 1358 5857 postquam
1416 5786 1649 5859 objecta
1705 5789 1905 5845 omnia
1943 5787 2035 5843 vel

2216 5609 2302 5680 [P.
2336 5609 2427 5679 46]
2459 5607 2523 5663 α’.
2559 5603 2720 5664 Ἀλλ’
2753 5605 2897 5663 οὕτω
2933 5606 3052 5681 μὶν,
3082 5608 3221 5683 ᾗπερ
3250 5610 3376 5681 ξ’μοι
3402 5606 3513 5680 ἤδη
3570 5608 3805 5686 ἐρῥνςοη,

2147 5696 2175 5750 ὁ
2215 5695 2564 5771 αὐτοκράτωρ
2628 5697 2943 5774 Νικηφόρος
3004 5699 3203 5774 Συρίαν
3266 5698 3355 5754 καὶ
3416 5700 3480 5754 τὰ
3532 5699 3804 5774 παράκτια

2142 5786 2344 5857 ταύτης
2374 5783 2763 5861 καταδραμὼν,
2808 5786 2897 5843 καὶ
2941 5787 3004 5843 τὸ
3061 5788 3301 5860 ἀντίξουν
3358 5790 3495 5845 ἅπαν
3552 5786 3799 5846 ἐκποδὼν
