4118 6456
325 398 453 464 ’169

1668 393 2068 458 ΗΙΞΤΟΒΙιΕ
2106 395 2261 457 LIB.
2307 396 2388 458 ν.

3639 409 3762 470 7'10

324 530 728 606 ποιησάμενος,
775 529 868 587 καὶ
918 527 1071 587 λείαν
1117 531 1319 587 Μυσῶν
1349 524 1597 602 θέμενος,
1633 527 1724 584 καὶ
1755 527 1984 585 πλεῖστα

2100 535 2501 589 summoverat
2525 532 2618 588 vel
2647 534 2944 606 Mysorum
2972 536 3259 609 prmdam,
3290 542 3359 595 ut
3404 538 3595 607 aiunt,
3646 540 3756 597 du-

323 621 679 695 πεολίσματα
732 616 1004 691 καθελὼν,
1060 619 1158 675 κάν
1210 623 1331 681 τοῖς
1388 617 1830 693 ἐπικαιροτάτοις
1884 619 1986 682 τῆς

327 708 579 787 μεγάλης
608 707 947 785 Ἀντιοχείας
1000 706 1261 786 φρούριον
1317 705 1551 783 ἐρυμνὸν
1597 703 1986 781 δομησαμενος

325 801 380 859 ἐν
439 799 619 875 τρισὶν
676 800 911 875 ἡμὲραις
980 798 1074 854 καὶ
1130 796 1394 867 πολίσας,
1453 795 1506 860 ἐς
1569 796 1634 852 τὸ
1696 796 1986 866 Βυζάντιον

324 889 691 960 ἰπανέζευξεν.
750 888 1025 953 Ἐντεῦθεν
1101 887 1248 963 παρᾶ
1332 887 1427 943 τὸν
1484 886 1533 923 ’³³
1586 889 1696 942 τῶν
1755 888 1989 961 Καρχη-

323 978 525 1037 δονίων
564 977 694 1055 ἀγὸν
742 974 1180 1054 διεκηρυκεύετο.
1233 976 1323 1032 καὶ
1371 977 1434 1032 τὸ
1488 978 1589 1031 τοῦ
1635 972 1989 1049 ἐναγεστάτυυ

321 1069 419 1127 καὶ
481 1063 841 1124 ἆσεϐεστάτου
896 1067 1142 1141 Μωοίμεθ
1209 1065 1361 1144 ξίφος
1427 1061 1603 1142 δῶρον
1669 1064 1987 1137 ἰξέπεμπεν,

323 1155 463 1233 ὅπερ
490 1157 732 1235 λάφυρον
765 1155 827 1213 ἔκ
861 1176 1011 1218 τινος
1040 1158 1149 1210 τῶν
1179 1155 1318 1211 κατὰ
1339 1152 1708 1225 Παλαιστίνην
1742 1152 1986 1208 ἀλοντων

324 1247 607 1326 φρουρίων
636 1246 928 1321 ἀνείληφε,
977 1244 1068 1302 καὶ
1120 1246 1215 1301 τὸν
1270 1242 1557 1319 πατρίκιον
1600 1243 1776 1318 ἐξῄτει
1808 1243 1988 1313 Naui-

320 1357 447 1409 ταν,
476 1335 537 1392 ὅν
570 1329 767 1406 συνέϐη
796 1337 859 1391 τὸ
905 1333 1170 1411 πρότερον
1221 1331 1276 1389 ἐν
1326 1337 1407 1406 τῷ
1436 1333 1561 1410 περὶ
1594 1330 1850 1388 Σικελίαν
1880 1335 1990 1385 τῶν

321 1426 617 1501 *Ρωμαίων
691 1429 994 1500 πταίσματι
1080 1421 1429 1501 δορυάλωτον
1535 1423 1836 1501 ληφθέντα,
1909 1424 1991 1494 τῷ

325 1520 572 1592 τοιούτῳ
625 1522 734 1575 τῶν
801 1518 1028 1597 Ἄφρων
1099 1522 1559 1592 παραπεμφοῆναι
1633 1516 1989 1590 κατάρχοντι,

322 1609 403 1673 ὡς
437 1610 466 1664 6
497 1608 665 1685 λόγος
696 1605 967 1679 ἐδήλωσε.
1000 1608 1099 1663 Διά
1127 1608 1470 1683 γραμμάτων
1508 1604 1600 1661 οὗν
1631 1602 1988 1674 ἐπέσκηπτεν,

320 1697 424 1770 ὦς,
455 1699 504 1755 εἰ
534 1697 787 1773 ἐνδοιάσῃ
817 1698 954 1774 πρὸς
981 1699 1083 1768 τήν
1122 1700 1220 1753 τοῦ
1247 1696 1538 1772 πατρικίου
1583 1692 1867 1764 ἀπόδοσιν,
1896 1692 1989 1748 καὶ

325 1788 662 1862 ούκὲξαυτῆς
686 1792 880 1844 τοῦτον
903 1786 1096 1859 ἆνησοι
1121 1786 1171 1823 ⁸³
1187 1807 1248 1843 τε
1273 1790 1383 1842 τῶν
1408 1782 1648 1859 δεσμῶν,
1667 1784 1758 1841 καὶ
1789 1782 1865 1846 ὡς
1895 1782 1990 1838 αύ-

2103 623 2292 684 xerat,
2314 619 2709 694 plurimisque
2729 624 2964 697 oppidis
2985 627 3222 699 excisis,
3248 627 3309 683 in
3320 630 3761 701 opportunissi-

2102 708 2218 763 mis
2243 709 2318 765 ad
2350 726 2626 783 magnam
2656 714 3033 772 Antiochiam
3064 716 3211 773 locis
3232 718 3545 774 castellum
3578 719 3761 776 trium

2104 796 2338 855 dierum
2386 801 2577 872 spatio
2609 802 3079 862 exaediﬁcaverat
3133 812 3313 878 atque
3370 809 3756 880 instruxerat,

2103 886 2681 963 Constantinopolim
2701 892 2899 949 rediit.
2919 894 3062 951 Inde
3088 895 3163 952 ad
3178 895 3755 971 Carthaginiensium

2101 982 2417 1046 praetorem
2448 987 2715 1038 oratores
2740 982 2945 1055 legans
2972 984 3364 1058 impurissimi
3387 989 3587 1061 {atque
3635 990 3754 1045 im-

2102 1064 2359 1135 piissimi
2388 1069 2486 1125 7B
2518 1071 2866 1128 Moamethis
2895 1072 3159 1147 gladium
3199 1076 3383 1146 misit,
3415 1094 3597 1148 quem
3644 1095 3752 1151 pro

2103 1156 2402 1213 manubiis
2432 1175 2504 1215 ex
2533 1159 2736 1232 aliquo
2767 1169 3077 1234 captorum
3105 1165 3166 1221 in
3196 1166 3516 1223 Palaestina
3540 1168 3755 1224 castel-

2102 1243 2297 1302 lorum
2324 1247 2669 1306 abstulerat.
2705 1252 2893 1308 Simul
2924 1254 3188 1310 Nicetam
3231 1255 3548 1327 patricium
3578 1274 3752 1331 repe-

2101 1335 2192 1404 tit,
2225 1336 2319 1392 cui
2353 1339 2517 1409 prius
2549 1340 2898 1414 contigerat,
2933 1349 2998 1399 ut
3023 1345 3086 1399 in
3126 1345 3418 1401 Siciliensi
3452 1348 3750 1403 Romano-

2100 1441 2235 1479 rum
2269 1426 2437 1483 clade
2468 1430 2732 1500 captivus
2762 1431 2952 1489 factus
2983 1433 3122 1489 huic
3170 1434 3445 1490 Afrorum
3493 1435 3752 1509 principi

2103 1516 2632 1585 transmitteretur,
2663 1520 2818 1576 sicut
2846 1522 3106 1578 narratio
3140 1523 3493 1597 significavit
3522 1530 3754 1583 nostra.

2101 1603 2336 1660 Litteris
2365 1611 2565 1662 autem
2591 1607 2908 1667 denuntiat
2935 1611 2985 1666 si
3015 1618 3398 1669 cunctaretur
3434 1615 3753 1686 patricium

2098 1693 2435 1762 restituere,
2468 1712 2664 1768 neque
2695 1700 2973 1772 evestigio
3004 1701 3177 1756 illum
3205 1702 3458 1758 vinculis
3490 1703 3754 1760 solutum

2099 1782 2173 1839 ad
2207 1799 2267 1840 se
2301 1784 2586 1854 mitteret,
2619 1792 2686 1842 ut
2731 1787 2957 1845 bellum
3009 1790 3314 1847 infinitum
3364 1798 3756 1864 exspectaret,

317 1880 418 1935 τὸν
437 1878 803 1953 παραπέμψει,
827 1875 1074 1950 πόλεμον
1099 1876 1411 1951 ἀκήρυκτον
1436 1873 1556 1945 ἤτω
1576 1876 1625 1912 6‘
1645 1869 1984 1963 προσδοκῶν,

2105 1872 2373 1944 ﬁnesque
2405 1874 2593 1946 ipsius
2615 1888 2852 1943 'omnes,
2885 1895 2921 1933 a
2952 1878 3236 1935 Romanis
3268 1881 3628 1937 exercitibus
3657 1882 3753 1937 di-

319 1968 421 2025 καὶ
450 1974 623 2023 πᾶσαν
652 1968 755 2037 τήν
815 1966 986 2022 αὐτοῦ
1036 1963 1379 2041 ἐπικράτειαν
1432 1957 1836 2039 ἀνεκτριὸῆναι,
1870 1966 1988 2024 τοῖς

320 2059 660 2131 Ῥωμαϊκοῖς
715 2053 1053 2129 δηῖουμένην
1113 2055 1497 2131 στρατεύμασι.
1531 2057 1667 2117 Ταῖς
1712 2052 1993 2113 τοιαύτας

322 2145 421 2203 οὖν
450 2147 481 2202 6
511 2144 889 2222 Καρχηδόνιος
920 2142 1340 2219 ἐκδειματωθεὶς
1364 2142 1669 2222 ἀγγελίαις,
1692 2142 1768 2207 ὡς
1794 2139 1991 2203 ἄλλαις

319 2238 461 2310 τισὶ,
492 2238 631 2293 κατὰ
657 2237 759 2307 τὴν
790 2235 1113 2312 παροιμίαν,
1151 2234 1260 2291 ἀπὸ
1308 2239 1531 2301 Σκυθῶν
1575 2233 1764 2312 ῥήσεσι
1794 2233 1862 2303 6⁵,
1894 2230 1987 2287 τόν

318 2346 384 2383 τε
428 2325 715 2401 πατρίκιον
773 2327 1012 2398 Νικήταν
1068 2325 1160 2381 καὶ
1212 2324 1341 2389 τοὺς
1382 2324 1475 2380 σὺν
1507 2323 1656 2397 αὐτῷ
1682 2323 1988 2402 ληφθέντας

308 2414 727 2492 δορυαλώτους,
804 2415 895 2470 ααὶ
961 2415 1122 2478 ὅσους
1188 2413 1476 2487 Ῥωμαίων
1552 2413 1613 2470 ἐκ
1715 2410 1991 2490 διαφόρων

316 2507 530 2583 χώρων
562 2504 616 2560 ἐν
648 2503 889 2581 εἱρκταῖς
945 2500 1187 2576 πεδήτας
1248 2507 1641 2579 παρακατεῖχε,
1702 2499 1880 2578 δῶρον
1906 2504 1986 2574 τῷ

325 2594 551 2672 βασιλεῖ
578 2595 885 2672 Νικηφόρῳ
924 2592 1210 2668 ἐξέπεμπε·
1274 2588 1397 2656 δέος
1452 2594 1555 2670 γὰρ
1612 2592 1771 2648 αὐτὸν
1801 2592 1986 2647 ὑπεισ-

320 2689 439 2756 τίει,
491 2684 834 2759 ἐκστρατείαν
885 2684 977 2740 καὶ
1016 2681 1254 2741 ἔκπλουν
1311 2683 1509 2739 τούτου
1561 2681 1979 2756 ὲνωτισᾶμενον.

322 2776 410 2834 T6
454 2774 555 2851 γὰρ
608 2774 1045 2851 ἀκαταγώνιστον
1098 2778 1196 2829 τοῦ
1253 2771 1471 2848 ἀνδρὸς,
1499 2772 1596 2828 κᾶν
1618 2777 1738 2835 ταῖς
1774 2769 1982 2848 μάχαις

317 2859 696 2921 ἀνυπόστατον
755 2864 847 2919 καὶ
904 2864 1224 2938 ἀπρόσιτον,
1273 2863 1361 2919 καὶ
1425 2861 1576 2927 ὅπως
1628 2861 1866 2926 εὐπετῶς
1917 2858 1982 2916 τὰ

312 2954 617 3012 ἀντίπαλον
662 2955 802 3010 ἅπαν
862 2952 937 3017 ὠς
996 2951 1057 3010 ἔκ
1110 2974 1262 3016 τινος
1319 2951 1463 3018 θείας
1517 2952 1693 3029 ῥοπῆς
1723 2952 1984 3014 εὐείκτως

307 3040 727 3123 κατεστρέφετο,
782 3040 1031 3122 ἔφριττόν
1101 3064 1161 3099 τε
1235 3044 1407 3099 πάντα
1455 3040 1581 3115 ἔθνη
1638 3041 1730 3098 καὶ
1788 3041 1979 3113 ἐτεθή-

310 3154 508 3204 πεσαν,
539 3137 628 3206 [Ρ.
668 3138 762 3207 47]
820 3134 908 3189 καὶ
969 3133 1033 3189 οὐ
1092 3131 1366 3207 πολέμιον
1432 3127 1604 3209 ἔχειν,
1640 3132 1787 3188 ἀλλᾶ
1817 3130 1978 3210 φίλον

307 3222 406 3280 καὶ
436 3220 703 3295 δεσπότην
758 3222 1076 3299 ἠπείγοντο.
1136 3221 1295 3280 Οὕτω
1355 3222 1452 3296 μὲν
1504 3219 1571 3293 δὴ
1624 3223 1653 3278 6
1694 3221 1979 3297 πατρίκιος

311 3315 566 3387 Νικήτας
614 3312 706 3369 καὶ
760 3313 812 3368 οἱ
870 3310 1060 3369 λοιποὶ
1114 3317 1224 3368 τῶν
1280 3311 1568 3387 Ῥωμαίων
1618 3311 1978 3388 αῗχμάλωτοι

316 3408 431 3460 τῶν
487 3401 699 3478 δεσμῶν
762 3401 1044 3479 ῥυσθέντες
1116 3403 1209 3458 καὶ
1263 3409 1367 3473 τῆς
1433 3403 1673 3477 εἱρκτῆς,
1727 3402 1865 3478 πρὸς
1920 3401 1984 3457 τὸ

320 3493 620 3564 Βυζάντιον
676 3490 997 3567 ἐπανῄεσαν.
1073 3493 1136 3550 Ὁ
1212 3489 1271 3547 δὲ
1340 3491 1594 3568 βασιλεὺς
1662 3490 1984 3571 Νικηφόρος

314 3582 460 3655 ἥσθη
513 3604 594 3656 τε,
653 3582 728 3647 ὠς
780 3583 844 3639 τὸ
901 3581 1067 3653 εἰκὸς,
1122 3580 1215 3638 καὶ
1272 3580 1485 3658 ἡμὲραν
1556 3581 1686 3658 ἦγεν
1746 3581 1986 3657 ὲόρτιον,

321 3671 417 3728 καὶ
446 3672 543 3735 τὰς
575 3670 1035 3748 εὐχαριστηρίους
1065 3675 1146 3744 τῷ
1176 3674 1293 3745 Θεῷ
1323 3668 1411 3726 ἐπὶ
1439 3672 1510 3745 τῇ
1536 3674 1646 3726 τῶν
1680 3668 1981 3749 ὁμοφύλων

316 3758 704 3837 ἆπολυτρῶσει
764 3756 1022 3815 ἀπεδίδου
1079 3758 1266 3835 εύχάς.
1324 3761 1416 3817 Ἐν
1467 3759 1512 3826 ᾦ
1561 3756 1619 3814 δὲ
1666 3762 1832 3814 ταῦτα
1873 3760 1985 3831 (75)

317 3850 456 3906 κατά
509 3871 570 3906 τε
622 3852 723 3921 τὴν
783 3848 979 3926 Συρίαν
1032 3850 1120 3905 καὶ
1179 3849 1246 3904 τὸ
1301 3850 1592 3919 Βυζάντιον
1641 3852 1722 3921 τῷ
1768 3845 1989 3923 βασιλεῖ

322 3938 693 4017 διεπράττετο,
746 3940 774 3995 6
832 3939 969 4015 πρὸς
1027 3938 1154 4003 τοὺς
1210 3938 1595 4014 Ταυροσκύθας
1627 3941 1736 4014 (76)
1770 3937 1987 4000 σταλεὶς

330 4029 602 4106 βασιλικῷ
638 4029 864 4104 νεύματι
922 4028 1245 4107 Καλοκύρης
1297 4031 1326 4084 6
1373 4029 1659 4105 πατρίκιος
1690 4030 1826 4103 ('77),
1852 4028 1991 4084 κατὰ

315 4121 417 4188 τὴν
450 4118 685 4175 Σκυθίαν
734 4119 1047 4196 γενόμενος,
1106 4118 1197 4175 καὶ
1254 4122 1335 4192 τῷ
1383 4122 1493 4174 τῶν
1523 4117 1754 4193 Ταύρων
1785 4118 1988 4193 κατάρ-

330 4228 489 4285 χοντι
547 4209 857 4288 φιλιωοεὶς,
918 4206 1123 4286 δώροις
1177 4229 1236 4265 τε
1289 4210 1480 4265 τοῦτον
1540 4205 1851 4286 διαφθείρας
1897 4207 1989 4264 καὶ

326 4297 521 4375 λόγοις
593 4297 1033 4376 καταγοητεύσας
1110 4297 1427 4375 ἐπαγωγοῖς
1506 4295 1855 4377 (φιλοκερδὲς
1932 4293 1990 4352 δὲ

321 4391 461 4446 ἅπαν
495 4388 740 4454 ἐκτόπως
782 4389 847 4445 τὸ
907 4388 1195 4460 Σκυθικὸν,
1255 4389 1347 4445 καὶ
1381 4389 1573 4465 λίχνον
1607 4390 1690 4446 ὅτι
1727 4388 1989 4463 μάλιστα,

323 4476 738 4556 καὶέπιῤῥεπές
797 4477 936 4553 πρὸς
994 4477 1308 4552 λημμάτων
1373 4477 1672 4555 ὑπόσχεσιν
1727 4478 1817 4534 καὶ
1858 4476 1993 4533 ἀνά-

319 4566 512 4643 ληψιν)
597 4564 839 4624 ἐνέπεισε
918 4570 1172 4644 στρατιὰν
1269 4567 1654 4644 συναγηοχότα
1741 4568 1985 4644 βαρεῖαν,

321 4657 566 4715 ἐλαύνειν
621 4658 759 4715 κατᾶ
814 4661 1039 4717 Μυσῶν·
1102 4656 1328 4724 τούτους
1389 4657 1447 4715 δὲ
1475 4660 1978 4736 καταγωνισάμενον

324 4751 769 4824 ὑποποιήσασθαι
833 4750 928 4825 μὶν
979 4751 1080 4823 τὴν
1146 4751 1334 4829 χώραν
1405 4749 1497 4806 καὶ
1552 4748 1752 4822 ταύτην
1782 4769 1982 4827 ρπαα-

2104 1966 2324 2033 rcptos,
2373 1969 2667 2020 vastatum
2722 1964 2815 2021 iri.
2872 1966 3096 2032 Quibus
3154 1970 3383 2025 nuntiis
3450 1971 3755 2045 Carthagi-

2103 2051 2330 2107 niensis
2357 2055 2695 2124 exterritus,
2726 2057 2896 2128 quasi
2928 2057 3287 2128 quibusdam
3317 2059 3605 2132 Scythicis
3617 2060 3751 2132 jus-

2102 2141 2392 2213 sionibus,
2425 2149 2490 2199 ut
2515 2143 2577 2199 in
2607 2145 2916 2217 proverbio
2949 2152 3059 2213 est,
3088 2152 3216 2203 tum
3247 2149 3510 2205 Nicetam
3556 2150 3751 2222 patri-

2100 2232 2283 2302 cium,
2316 2239 2441 2290 tum
2473 2235 2573 2306 qui
2606 2253 2727 2292 una
2759 2254 2893 2293 cum
2925 2237 3029 2294 illo
3059 2240 3271 2310 captivi
3302 2240 3440 2296 facti
3481 2240 3743 2307 fuerant,

2100 2328 2161 2378 et
2189 2324 2434 2380 omnino
2465 2326 2763 2382 Romanos
2794 2343 3203 2399 quoscumque
3235 2329 3482 2385 diversis
3512 2329 3661 2385 locis
3692 2330 3756 2386 in

2099 2414 2371 2470 custodia
2398 2414 2626 2472 vinctos
2656 2417 3013 2473 asservabat.
3049 2418 3379 2489 Niceplioro
3402 2419 3750 2492 imperatori

2098 2503 2254 2561 dono
2286 2504 2469 2559 misit.
2528 2505 2803 2562 Formido
2854 2507 3015 2563 enim
3064 2507 3234 2562 illum
3277 2509 3626 2578 incesserat,
3678 2508 3750 2564 de

2097 2594 2365 2650 terrestri
2424 2595 2741 2667 navalique
2790 2601 3078 2669 apparatu
3124 2603 3329 2653 nostro
3383 2598 3752 2656 audientem.

2096 2683 2323 2754 Quippe
2355 2683 2634 2739 invictam
2676 2685 3056 2757 imperatoris
3087 2687 3227 2751 vim,
3286 2687 3664 2744 intolerabile
3695 2688 3757 2744 in

2094 2773 2319 2845 prmliis
2345 2778 2526 2845 atque
2558 2775 2935 2832 inaccessum
2995 2777 3202 2847 robur,
3252 2780 3758 2850 quemadmodum

2099 2862 2267 2918 nullo
2300 2864 2538 2933 negotio
2582 2864 2952 2921 adversarios
2992 2867 3292 2937 quoslibet
3340 2869 3510 2939 quasi
3557 2868 3756 2927 divino

2096 2951 2357 3023 quodam
2396 2952 2658 3024 impulsu
2708 2960 2982 3026 prompte
3030 2954 3349 3027 subigeret,
3402 2956 3759 3014 verebantur

2092 3058 2301 3098 omnes
2326 3041 2603 3097 nationes
2641 3047 2818 3115 atque
2850 3043 3370 3115 obstupescebant,
3423 3062 3620 3117 neque
3652 3048 3758 3103 ho-

2092 3136 2242 3187 stem
2274 3130 2494 3188 habere
2526 3131 2717 3199 illum,
2751 3149 2954 3188 verum
3006 3134 3269 3190 amicum
3322 3151 3389 3191 ac
3432 3136 3750 3193 dominum

2095 3221 2517 3294 properabant.
2572 3223 2636 3278 In
2687 3221 2846 3278 hunc
2895 3222 3141 3279 modum
3189 3224 3422 3281 Nicetas
3463 3226 3751 3298 patricius

2097 3312 2450 3383 caaterisque
2474 3312 2688 3385 captivi
2714 3312 3010 3369 Romanie
3034 3314 3286 3369 vinculis
3310 3331 3461 3387 eque
3478 3317 3750 3375 custodia

2091 3403 2672 3477 ConstantinOpolim
2703 3409 3094 3461 reverterunt.
3130 3405 3496 3478 Nicephorus
3544 3413 3747 3466 autem

2092 3492 2439 3565 imperator,
2478 3494 2734 3561 laetatus,
2763 3500 2829 3550 ut
2879 3512 2986 3566 par
3055 3497 3148 3551 77
3213 3503 3360 3565 erat,
3419 3498 3577 3555 diem
3634 3501 3755 3573 egit

2092 3581 2333 3649 festum,
2355 3587 2671 3656 gratesque
2697 3584 2815 3639 Deo
2839 3584 2912 3639 ob
2926 3584 3306 3656 popularium
3326 3586 3754 3644 liberationem

2092 3671 2376 3743 persolvit
2406 3688 2635 3745 preces.
2671 3673 2805 3728 Haec
2835 3672 2977 3728 dum
3009 3673 3070 3728 in
3102 3674 3271 3746 Syria
3300 3680 3480 3747 atque
3510 3676 3573 3731 in
3606 3677 3751 3733 urbe

2093 3761 2167 3817 ab
2194 3760 2554 3833 imperatore
2584 3766 2893 3834 geruntur,
2926 3762 3239 3835 Calocyres
3288 3765 3599 3836 patricius,
3649 3767 3752 3838 qui

2093 3857 2344 3923 augusto
2375 3857 2524 3907 nutu
2556 3851 2633 3906 ad
2663 3853 3097 3924 Tauroscythas
3116 3854 3337 3910 missus
3369 3854 3582 3925 fuerat,
3617 3873 3751 3913 cum

2094 3940 2157 3994 in
2189 3940 2489 4012 Scythiam
2521 3941 2910 4012 pervenisset,
2942 3943 3269 3999 Taurorum
3300 3946 3441 4018 Regi
3492 3946 3755 4003 amicitia

2086 4030 2335 4102 junctus
2368 4031 2718 4087 muneribus
2752 4048 2887 4087 eum
2919 4034 3206 4105 corrupit,
3241 4034 3552 4107 verbisque
3580 4036 3750 4093 blan-

2096 4119 2188 4175 dis
2218 4119 2505 4175 iascinato
2537 4120 2713 4189 (lucri
2747 4121 2907 4176 enim
2938 4122 3156 4193 cupida
3193 4128 3282 4179 est
3310 4129 3474 4181 extra
3504 4126 3751 4182 modum

2094 4210 2375 4266 universa
2402 4210 2753 4281 Scytharum
2780 4211 2964 4278 natio,
2994 4211 3284 4283 avidaque
3330 4213 3392 4268 in
3422 4215 3649 4286 primis,
3681 4232 3752 4272 ac

2095 4299 2392 4371 proclivis,
2419 4300 2539 4355 sive
2562 4300 2877 4371 promittas
2897 4306 3213 4371 quaestum,
3247 4302 3365 4358 sive
3383 4304 3750 4377 suppedites)

2096 4394 2303 4445 auctor
2320 4388 2454 4458 fuit,
2486 4393 2553 4444 ut
2589 4388 2745 4461 gravi
2768 4394 2971 4444 coacto
2990 4390 3281 4446 exercitus
3304 4397 3510 4448 contra
3538 4395 3746 4450 Mcesos

2096 4479 2606 4551 proﬁcisceretur:
2631 4477 2849 4549 quibus
2866 4476 3178 4534 debellatis
3200 4485 3266 4535 ut
3285 4482 3587 4555 regionem
3622 4501 3745 4540 suae

2095 4568 2407 4641 potestatis
2435 4568 2676 4636 faceret,
2711 4584 2900 4640 eaque
2931 4586 3035 4641 pro
3066 4569 3367 4628 domicilio
3400 4573 3526 4645 ipse
3555 4580 3746 4631 utere-

2095 4665 2208 4727 tur,
2244 4658 2356 4715 sibi
2394 4673 2531 4713 vero
2558 4657 2838 4714 adversus
2871 4661 3168 4716 Romanos
3199 4678 3374 4733 opem
3425 4663 3628 4735 ferret,
3678 4670 3746 4721 ut

2093 4750 2344 4824 imperio
2392 4750 2706 4823 potiretur,
2765 4752 3291 4826 Romanorumque
3343 4755 3744 4830 principatum

1522 4923 1584 4981 C.
1626 4924 1689 4980 Β.
1739 4922 1929 4981 HASII
1976 4921 2534 4980 ANNOTATIONES.

383 5097 433 5134 ⁸³
452 5095 575 5170 τόν]
601 5098 711 5170 τῶν
741 5094 871 5170 cod.
973 5095 1021 5132 ⁸³
1050 5094 1266 5170 ἀνίήσοι,
1298 5096 1392 5153 Sic
1423 5095 1552 5152 cod.
1585 5097 1741 5154 Fort.
1772 5094 1898 5170 ἃνῇ.

315 5172 340 5207 ⁸
366 5166 476 5224 ἀπὸ
516 5166 744 5224 Σκυθῶν
778 5166 987 5245 ῥήσεσι.
1022 5166 1152 5228 Vid.
1187 5186 1368 5242 supra
1396 5171 1486 5224 28.
1519 5171 1588 5225 A.

386 5324 499 5393 (75)
523 5322 641 5379 Sub
663 5322 824 5379 idem
846 5327 1082 5394 tempus
1102 5320 1335 5378 videtur
1352 5319 1640 5377 accidisse
1661 5319 1975 5394 Nicephori

318 5391 744 5468 peregrinatio.
779 5394 879 5467 qui
910 5391 1069 5468 apud
1098 5394 1433 5468 Cedrenum
1469 5395 1542 5468 Il_2
1576 5396 1702 5468 66οε
1730 5391 1974 5468 ΒδιπΙξθ

317 5461 843 5549 ἱιιονὶἐεθῃρᾗξιιῐιξ
883 5461 979 5528 τάξ
1023 5464 1080 5549 ἐν
1120 5467 1191 5538 τῇ
1235 5462 1417 5549 Θρᾴκῃ
1448 5462 1643 5549 πόλεις
1685 5461 1973 5549 ἐπισκεπό-

318 5556 503 5610 μενος.
564 5539 670 5595 Ubi
729 5539 770 5595 l.
825 5535 1549 5611 tmmqidpevoc,'jubente
1587 5536 1976 5610 grammatica

314 5611 921 5770 :téglhéombeﬂsius
946 5698 1041 5770 app:
1071 5683 1207 5770 Pag.
1364 5684 1453 5770 2p:
1489 5682 1613 5738 haec
1642 5682 1968 5770 menndose:

312 5753 576 5828 Calocyri
606 5754 737 5829 (sic)
766 5784 838 5800 --
858 5753 1074 5813 cum‘in
1117 5753 1288 5827 syria
1321 5754 1452 5827 (sic)
1490 5770 1714 5813 versans
1766 5756 1974 5813 Tauro-

2001 5091 2050 5128 ⁶⁴
2077 5089 2217 5163 ἤτω.
2279 5091 2373 5148 Sic
2413 5089 2543 5150 cod.
2590 5090 2973 5164 imperative:
3004 5094 3155 5151 verti
3204 5112 3273 5153 ac
3325 5097 3374 5153 si
3427 5103 3583 5154 esset
3610 5094 3735 5165 ἧτο.

2078 5333 2202 5372 rum
2231 5316 2479 5399 amicitia
2498 5315 2730 5386 junctus
2760 5322 2911 5387 esset,
2937 5334 3000 5374 ac
3013 5319 3331 5375 muneribus
3348 5337 3468 5376 eum
3487 5319 3735 5391 (quem?)

2079 5394 2426 5458 cor-rupisset.

2149 5461 2261 5531 (77)
2292 5454 2611 5532 Καλοκυρὸς
2640 5458 2892 5532 Scylitza
2937 5461 3188 5518 historia
3219 5481 3328 5520 ms.
3393 5469 3452 5519 et
3504 5462 3718 5520 Cedre-

2077 5530 2192 5609 nus
2221 5532 2292 5609 I_I.
2326 5532 2449 5609 666.
2482 5531 2543 5585 Β.
2576 5530 2697 5609 (ubi
2720 5530 2786 5609 in
2816 5532 3031 5601 verbis,
3065 5531 3225 5595 αὐτὸς
3265 5539 3452 5609 τῇς-τε
3482 5534 3731 5609 Βουλγα-

2079 5602 2198 5678 ρίας
2227 5600 2842 5680 ἐκστήσεται,γῑςίῐέιιίξι,
2905 5600 3223 5680 q_1133__ante
3275 5604 3432 5680 αύτὸς
3490 5600 3733 5680 legitur,

2076 5673 2212 5750 post
2242 5674 2515 5745 locanda,
2541 5673 2895 5747 jubentibus
2924 5673 3107 5733 Codd.
3140 5677 3458 5740 omnibus.)
