4118 6422
291 390 411 449 777

1635 386 2029 450 HlSTORle
2072 382 2218 442 LIB.
2265 380 2366 441 Vl.

3605 391 3724 450 778

295 522 555 585 Ἀλωέως
585 521 774 586 παῖδες
827 525 990 585 Ὦτος
1042 523 1134 579 καὶ
1194 523 1518 604 Ἐφιάλτης,
1552 524 1628 586 εἷς
1688 522 1950 598 οόρανοὺς

2084 521 2611 592 ῖίοἰεείιιιᾶίηἱεᾳυο
2642 521 2836 594 plenae
2869 528 3007 578 sunt
3037 540 3131 578 res
3164 525 3533 594 mortalium,
3566 527 3729 583 velut

295 617 437 673 κατά
467 616 560 672 τὸν
595 621 765 689 μῦθον
810 616 1146 691 πειρώμενοι
1198 614 1460 685 ἀνελθεῖν,
1511 615 1603 670 καὶ
1658 610 1963 692 Ναϐουχο-

299 704 528 782 δονόσορ
588 707 615 761 ὁ
659 701 1035 775 Βαϐυλώνιος,
1096 707 1275 761 εἰκόνα
1332 707 1674 780 στησάμενος
1741 707 1964 775 ἑαυτοῦ,

300 796 393 851 καὶ
427 793 771 851 ὁΦιλίππου
826 792 1200 870 Ἀλέξανδρος,
1261 796 1565 870 ’Ἄμμωνος
1623 797 1740 857 υἱὸς
1800 795 1964 864 ἀξιῶν

302 884 686 958 ὀνομάζεσθαι.
746 884 988 946 Εἰκότως
1034 885 1127 939 οὗν
1182 886 1386 959 τρεπτὰ
1461 886 1553 940 καὶ
1613 883 1963 959 παλίντροπα

300 973 603 1045 καθέστηκε
633 979 753 1037 τοῖς
776 974 1084 1050 ἀνθρώποις
1114 975 1180 1029 τὰ
1210 976 1510 1053 πράγματα
1544 978 1678 1051 (85),
1739 976 1832 1030 οἷα
1891 972 1958 1043 δὴ

301 1065 393 1120 καὶ
452 1065 577 1120 τότε
635 1065 937 1138 Ῥωμαίοις
997 1059 1318 1130 συνέϐαινεν,
1394 1061 1740 1121 ἀποϐαλοῦσι
1826 1064 1964 1137 μετά

305 1154 502 1229 μικρὸν
533 1154 781 1230 ἡγεμόνα
811 1154 903 1208 τὸν
933 1154 1158 1219 ἑαυτῶν,
1193 1156 1313 1209 οἷον
1361 1155 1460 1210 οὐκ
1510 1152 1667 1234 ἔσχεν
1714 1152 1888 1209 ἄλλον
1924 1155 1960 1222 ἡ

299 1244 621 1318 Ῥωμαϊκὴν
679 1240 961 1298 δυναστεία
1013 1244 1076 1298 τὸ
1134 1244 1418 1318 πρότερον.
1474 1244 1536 1301 Εἰ
1590 1244 1694 1321 γὰρ
1759 1244 1833 1317 μὴ
1896 1244 1965 1316 τῇ

2072 618 2214 667 tunc
2245 628 2483 682 quoque
2514 612 2795 667 Romanis
2825 630 2939 668 usu
2970 616 3150 682 venit,
3200 632 3337 669 cum
3386 623 3521 687 post
3550 618 3728 688 paulo

2072 703 2405 774 principem
2438 702 2705 772 ipsorum
2737 703 3101 770 amitterent,
3136 706 3375 775 qualem
3418 723 3727 779 nunquam

2073 796 2249 846 antea
2280 791 2488 845 habuit
2518 793 2851 846 Romanum
2884 793 3226 863 imperium.
3262 795 3429 859 Quod
3465 797 3511 850 si
3548 797 3728 868 hujus

2074 878 2233 936 cazde
2274 896 2394 934 non
2428 886 2585 934 retro
2619 898 2680 935 se
2712 880 2948 936 tulisset
2990 899 3197 937 eorum
3256 883 3511 952 fortuna,
3575 886 3728 940 nihil

2074 971 2297 1029 aberat.
2322 970 2467 1039 quin
2498 970 2601 1023 illo
2648 971 2967 1041 superstite
3024 972 3175 1026 fines
3220 973 3464 1029 ditionis
3524 991 3728 1031 versus

2074 1060 2365 1113 orientem
2399 1058 2584 1114 solem
2618 1059 2679 1113 in
2698 1059 3095 1124 lndia,versus
3126 1061 3443 1117 obeuntem
3467 1064 3541 1119 ad
3568 1065 3730 1135 ipsos

2075 1149 2281 1204 mundi
2320 1150 2468 1203 ﬁnes
2501 1150 2958 1204 constituerent.
2994 1152 3211 1205 Verum
3268 1153 3611 1208 reducenda
3644 1158 3734 1208 est

2074 1238 2235 1294 unde
2260 1255 2290 1292 e
2320 1243 2603 1292 contextu
2633 1238 2954 1294 declinavit
2983 1241 3195 1297 oratio.

300 1332 504 1387 τούτου
528 1331 800 1405 ἀναιρέσει
856 1330 932 1392 εἰς
988 1331 1051 1387 τὸ
1105 1329 1347 1405 ἔμπαλιν
1404 1335 1438 1401 ὴ
1499 1333 1647 1412 τύχη
1705 1331 1924 1391 τούτοις
1980 1326 2303 1405 ἀπέτρεχεν,
2352 1323 2526 1390 οὐδὲν,
2590 1322 2774 1393 ἐνέδει,
2834 1321 3181 1391 έπιϐιοῦντος
3238 1327 3468 1399 ἐκείνου,
3527 1332 3604 1402 μὴ
3663 1329 3732 1384 τὰ

300 1424 428 1497 ὅρια
482 1423 753 1493 πήξασθαι
817 1428 917 1490 τῆς
977 1427 1126 1499 σφῶν
1180 1423 1521 1499 ἐπικρατείας
1581 1423 1718 1498 πρὸς
1774 1421 2069 1498 ἀνίσχοντα
2127 1415 2290 1486 ἣλιον
2345 1416 2483 1469 κατά
2540 1416 2638 1484 τὴν
2696 1412 2947 1486 Ἰνδικὴν,
3007 1418 3098 1472 καὶ
3153 1419 3312 1481 αὗθις
3364 1416 3719 1493 ἐπιδυόμενον

301 1513 443 1587 πρὸς
501 1509 637 1566 αὐτὰ
692 1517 794 1581 τῆς
847 1510 1174 1585 οἰκουμένης
1249 1513 1317 1567 τὰ
1367 1514 1629 1588 τέρματα.
1696 1508 1871 1568 Ἀλλά
1940 1509 2047 1584 γὰρ
2107 1504 2434 1561 έπανακτέον
2520 1504 2614 1559 τὸν
2698 1503 2889 1580 λόγον,
2950 1505 3070 1561 ὅθεν
3130 1506 3388 1564 ἀπέκλινε
3445 1514 3544 1564 τοῦ
3626 1510 3734 1583 εἱρ-

308 1607 440 1676 μοῦ.

381 1718 541 1777 δ’.οἱ
594 1720 687 1795 μὲν
746 1718 812 1791 δὴ
873 1721 1048 1777 Μυσοὶ
1108 1725 1301 1801 χεῖρας
1357 1717 1594 1782 ἱκέτιδας
1654 1716 1962 1799 ἐφήπλουν,

308 1809 584 1884 ἐπαμῦναί
639 1830 792 1889 σφισι
855 1807 1231 1871 δυσωποῦντες
1289 1810 1379 1866 τὸν
1443 1809 1840 1884 αὐτοκράτορα.
1876 1808 1965 1864 Ἐν

308 1902 356 1973 ᾧ
406 1897 465 1955 δὲ
530 1898 665 1974 πρὸς
734 1901 835 1970 τὴν
890 1898 1235 1975 ἐκστρατείαν
1306 1897 1700 1969 διεσκευάζετο,
1755 1900 1790 1966 ἡ
1864 1902 1963 1965 τῆς

312 1987 567 2066 μεγάλης
603 1989 945 2068 Ἀντιοχείας
994 1988 1203 2051 ἅλωσις
1236 1990 1347 2063 (86)
1403 1986 1806 2066 ἐπηγγέλλετο,
1840 1986 1963 2062 ἄρτι

306 2080 447 2136 κατά
474 2080 572 2141 τὰς
603 2078 809 2134 ἐκείνου
840 2079 1120 2150 ὑποθήκας
1155 2078 1386 2149 ἁλοῦσα,
1415 2078 1476 2140 ἅς
1528 2076 1594 2149 δὴ
1650 2083 1766 2138 τοῖς
1797 2098 1967 2133 κατα-

307 2167 586 2247 λειφθεῖσι
666 2169 804 2243 πρὸς
890 2169 1059 2225 αὐτοῦ
1116 2170 1193 2231 εἷς
1275 2170 1338 2226 τὸ
1396 2169 1599 2239 ταύτην
1677 2164 1968 2239 λεηλατεῖν

305 2259 677 2335 στρατιώταις
737 2256 1061 2329 ἐπέσκηπτε.
1125 2257 1356 2338 Λέγεται
1415 2258 1543 2336 γὰρ,
1591 2255 1687 2326 ὥς,
1748 2255 1967 2331 ἐπείπερ

304 2356 434 2411 ταῖς
492 2351 614 2414 καθ’
672 2348 882 2423 ἡμέραν
929 2346 1303 2425 καταδρομαῖς
1364 2350 1438 2411 εἷς
1520 2348 1836 2428 ἀμηχανίαν
1878 2346 1968 2401 καὶ

309 2440 504 2495 σπάνιν
578 2442 687 2494 τῶν
742 2438 1051 2516 ἀναγκαίων
1110 2440 1221 2513 (87)
1282 2436 1523 2517 ἐσχάτην
1581 2436 1966 2507 συνηλαόνετο,

308 2531 403 2587 τὸν
447 2529 739 2604 Ιίατρίκιον
798 2527 998 2603 Πέτρον
1054 2528 1146 2584 καὶ
1206 2524 1716 2605 στρατοπεδάρχην,
1775 2526 1972 2600 τομίαν

317 2622 412 2696 μὲν
449 2616 576 2676 ὄντα
609 2621 742 2694 (88),
779 2617 972 2695 ῥέκτην
1013 2616 1069 2674 δὲ
1103 2622 1188 2693 [Ρ.
1251 2621 1340 2691 50]
1399 2616 1693 2688 τηνάλλως
1747 2617 1837 2671 καὶ
1870 2616 1972 2690 ῥω·

317 2708 697 2786 μαλεώτατον,
731 2707 1140 2788 κατατρέχοντα
1195 2707 1417 2783 Συρίαν,
1475 2705 1645 2761 ἐκεῖσε
1706 2705 1841 2779 μετά
1871 2712 1971 2774 τῆς

316 2798 599 2874 δυνάμεως
658 2795 970 2867 ἀφικέσθαι,
1029 2797 1120 2851 καὶ
1204 2793 1441 2874 Μιχαὴλ
1502 2793 1720 2863 ἐκεῖνον,
1771 2791 1822 2848 ἐν
1879 2814 1971 2848 τα-

312 2890 569 2968 ξιάρχοις
601 2886 890 2956 τελοῦντα,
924 2888 969 2959 ᾧ
998 2886 1275 2961 Βούρτζης
1308 2884 1614 2959 ἐπώνυμον,
1648 2882 1736 2939 ἐπὶ
1803 2903 1973 2938 κατα-

312 2981 524 3049 σκοπήν
579 2976 856 3051 ἐκπέμψαι
909 2983 1008 3046 τῆς
1068 2974 1308 3036 πόλεως.
1391 2975 1491 3029 Τὸν
1552 2971 1608 3028 δὲ
1696 2973 1830 3047 μετὰ
1883 2972 1973 3027 καὶ

318 3069 509 3125 ἄλλων
540 3065 796 3146 λογάδων
828 3068 1012 3146 ἀγχοῦ
1043 3067 1249 3136 ταύτης
1291 3066 1597 3142 γενόμενον,
1656 3065 1746 3119 τὸν
1777 3057 1976 3119 ἐπίϐα-

302 3182 396 3215 τον
421 3161 468 3196 ⁸ο
496 3164 594 3215 τοῦ
627 3159 852 3239 τείχους
914 3163 1346 3231 περισκοπῆσαι,
1405 3155 1496 3210 καὶ
1557 3154 1973 3229 ὀπισθόρμητον

2145 1717 2197 1770 4.
2223 1716 2288 1770 In
2320 1715 2477 1769 hunc
2518 1712 2759 1769 modum
2796 1713 2958 1769 Μαθεὶ
2991 1731 3205 1771 manus
3238 1718 3535 1790 supplices
3585 1736 3736 1791 pan-

2075 1805 2312 1868 debant,
2348 1804 3197 1875 obsecrantesimperatorem,
3230 1812 3294 1860 ut
3354 1807 3463 1862 sibi
3516 1808 3734 1864 subve-

2074 1897 2250 1950 niret.
2302 1894 2411 1957 Qui
2460 1893 2599 1948 dum
2661 1912 2722 1949 se
2779 1894 2854 1948 ad
2908 1895 3351 1966 expeditionem
3405 1904 3731 1969 comparat,

2076 1983 2405 2039 Antiochia:
2437 1999 2665 2055 magnae
2698 1984 3053 2055 expugnatio
3105 1985 3381 2040 nuntiata
3441 1991 3550 2053 est,
3598 1987 3728 2057 jam

2067 2075 2242 2147 juxta
2264 2071 2547 2128 mandata
2576 2072 2764 2144 ipsius
2796 2073 2970 2136 facta,
3006 2091 3137 2144 quae
3192 2075 3415 2129 relictis
3467 2091 3500 2131 a
3559 2093 3620 2131 se
3652 2077 3726 2131 ad

2078 2181 2209 2219 eam
2240 2162 2562 2217 vexandam
2598 2161 2888 2216 militibus
2944 2161 3206 2218 dederat.
3268 2164 3495 2219 Dicitur
3544 2166 3727 2236 enim,

2077 2271 2212 2310 cum
2246 2252 2610 2325 quotidianis
2643 2252 3099 2308 decursionibus
3131 2255 3191 2308 in
3225 2257 3557 2327 angustiam
3594 2257 3727 2312 ino-

2078 2344 2359 2416 piamque
2381 2359 2579 2396 rerum
2614 2342 3087 2397 necessariarum
3110 2343 3382 2399 ultimam
3419 2346 3730 2417 compulsa

2081 2434 2505 2488 esset.Petrum
2522 2431 2835 2502 patricium
2857 2432 3186 2503 castrisque
3202 2433 3573 2504 prasfectum,
3605 2437 3729 2506 qui,

2080 2523 2352 2594 quamvis
2370 2521 2574 2593 spado.
2598 2525 2878 2594 strenuus
2901 2527 3096 2576 tamen
3122 2522 3343 2593 alioqui
3371 2530 3529 2578 esset
3554 2531 3732 2596 atque

2078 2615 2459 2679 fortissimus,
2494 2614 2725 2685 Syriam
2756 2613 3200 2684 pervadentem,
3236 2631 3305 2669 eo
3355 2632 3489 2669 cum
3549 2616 3737 2689 c0piis

2079 2702 2916 2778 pervenisse,Micbaelemque
2936 2703 3105 2757 illum
3122 2719 3188 2757 ex
3207 2703 3579 2771 tribunis,cui
3604 2707 3742 2760 Bur-

2083 2800 2181 2848 tzne
2215 2809 2569 2866 cognomen,
2601 2792 2675 2847 ad
2706 2791 3135 2864 explorandam
3195 2793 3405 2849 urbem
3440 2794 3732 2850 emisisse.

2081 2882 2426 2938 Michaelem
2457 2897 2578 2935 una
2608 2897 2743 2935 cum
2803 2881 2936 2936 aliis
2990 2881 3196 2936 electis
3235 2882 3598 2954 hominibus,
3633 2884 3735 2939 ubi

2080 2972 2326 3045 propius
2377 2970 2746 3038 accessisset,
2807 2986 3058 3025 ascensu
3115 2971 3271 3025 muri
3349 2972 3616 3043 inspecto
3671 2974 3732 3029 in

2082 3067 2278 3118 castra
2335 3060 2435 3116 82
2514 3076 2815 3114 reversum
2872 3060 3061 3115 scalas
3122 3060 3425 3115 altitudini
3477 3063 3729 3119 turrium

2082 3158 2514 3231 respondentes
2543 3157 2866 3214 fabricasse
2893 3175 2907 3225 ;
2959 3159 3171 3230 hisque
3201 3160 3262 3213 in
3293 3161 3616 3216 sarcinaria
3632 3164 3730 3233 ju-

306 3247 703 3326 ἀπαλλαγῆναι
760 3247 896 3323 πρὸς
960 3247 1023 3303 τὸ
1110 3242 1498 3320 στρατόπεδον,
1573 3242 1853 3317 κλίμακάς
1914 3263 1970 3298 τε

2084 3255 2289 3306 menta
2318 3248 2633 3319 impositis,
2653 3264 2787 3302 cum
2818 3246 3050 3320 legione
3081 3247 3542 3305 fortissimorum
3567 3252 3733 3306 mili-

307 3339 614 3417 ἀναλόγους
672 3344 751 3412 τῷ
811 3338 936 3411 ’ὀῲει
992 3342 1100 3392 τῶν
1157 3337 1382 3414 πύργων
1441 3336 1817 3406 τεκτήνασθαι·
1873 3333 1969 3389 κάν

307 3435 426 3490 τοῖς
477 3428 820 3508 ἀχθοφόροις
882 3427 1046 3497 ζώοις
1094 3425 1295 3487 ταύτας
1350 3423 1822 3503 ἐπιφορτίσασθαι,
1878 3423 1969 3479 καὶ

313 3520 453 3595 μετὰ
484 3518 753 3595 λεγεῶνος
784 3517 1183 3594 γενναιοτάτων
1235 3521 1587 3591 στρατιωτῶν
1646 3512 1756 3584 ἤδη
1795 3513 1970 3588 μέσων

306 3615 517 3665 νυκτῶν
561 3609 653 3664 τὸν
704 3615 806 3677 τῆς
838 3607 1179 3686 Ἀντιοχείας
1233 3601 1532 3681 περίϐολον
1589 3607 1743 3668 αὖθις
1802 3625 1969 3660 κατα-

312 3695 730 3774 λαϐεῖν,ἣρεμά
788 3700 833 3735 ει
894 3718 952 3752 τε
1009 3697 1211 3757 ταύτας
1266 3701 1615 3771 προσερεῖσαι
1667 3700 1746 3768 τῷ
1790 3694 1968 3773 τείχει

310 3791 405 3845 καὶ
464 3787 667 3843 ἀνιέναι
733 3784 824 3842 διὰ
884 3792 992 3843 τῶν
1052 3783 1363 3860 κλιμάκων
1427 3786 1555 3847 τοὺς
1602 3781 1658 3840 δὲ
1725 3782 1970 3860 φύλακας

312 3885 422 3935 τῶν
473 3880 816 3955 Ἀγαρηνῶν,
862 3877 1019 3951 βαθεῖ
1073 3880 1153 3947 τῷ
1210 3876 1363 3947 ’ὑπνῳ
1419 3872 1798 3945 καθεύδοντας,
1856 3879 1972 3934 τοῖς

312 3969 491 4047 ξίφεσι
523 3965 950 4045 διαχρήσασθαι.
987 3966 1302 4041 Ἐγκρατεῖς
1361 3961 1417 4020 δέ
1464 3970 1572 4021 τῶν
1620 3969 1825 4043 τειχῶν
1882 3964 1974 4019 τὸν

311 4058 519 4133 τρόπον
577 4061 772 4112 τοῦτον
831 4054 1148 4128 Ῥωμαίους
1202 4054 1596 4132 γεγενημένους
1670 4048 1976 4124 καταϐῆναί

312 4168 373 4203 τε
396 4152 506 4201 τῶν
556 4145 807 4221 πύργων,
866 4144 960 4198 καὶ
1018 4148 1306 4220 τετραχῶς
1355 4142 1417 4198 τὸ
1466 4141 1598 4199 ἄστυ
1651 4141 1972 4217 πυρπολεῖν·

311 4238 622 4314 Ἀντιοχεῖς
654 4231 732 4303 δέ,
764 4238 844 4306 τῷ
909 4228 1314 4306 ἀπροσδοκήτῳ
1370 4230 1839 4309 καταπλαγέντας,
1900 4232 1976 4293 εἰς

312 4324 571 4401 οἰμωγὰς
620 4322 713 4378 καὶ
748 4323 980 4397 Θρήνους
1040 4327 1309 4395 τραπῆναι
1362 4322 1453 4376 καὶ
1511 4321 1829 4400 ἀμηχανίαν
1878 4317 1980 4376 δει-

307 4417 407 4485 νὴν
486 4400 985 4487 γδιενθυμουμένους
1037 4410 1067 4466 ὅ
1125 4432 1180 4466 τι
1236 4412 1326 4466 καὶ
1386 4408 1655 4485 δράσαιεν.
1719 4408 1859 4480 Ἤδη
1921 4400 1977 4464 δῖε

310 4505 454 4579 πρὸς
501 4501 677 4572 ἀλκὴν
727 4503 903 4576 ὁρμᾷν
960 4498 1457 4579 διαλογιζομένων,
1514 4500 1607 4555 καὶ
1666 4498 1975 4575 ῥωμαλέως

311 4598 435 4653 τοῖς
518 4590 780 4654 ἐναντίοις
836 4587 1108 4659 συστάδην
1175 4589 1674 4658 ἀντικαθίστασθαι,
1744 4596 1846 4659 τῆς
1899 4588 1976 4643 ’ὲω

2084 3344 2208 3394 tum
2234 3339 2360 3411 jam
2392 3337 2591 3392 media
2622 3342 2793 3392 nocte
2827 3337 2895 3392 ad
2914 3338 3243 3392 Antiochia:
3276 3339 3731 3395 moeniaiterum

2082 3446 2144 3484 se
2178 3427 2522 3495 contulisse,
2562 3427 2856 3498 scalisque
2891 3426 3127 3481 silentio
3159 3427 3230 3481 ad
3266 3445 3467 3483 muros
3522 3431 3732 3501 positis

2080 3536 2188 3591 per
2218 3534 2316 3572 eas
2350 3517 2641 3573 evasisse:
2685 3517 3059 3571 excubitores
3112 3518 3560 3584 Saracenorum,
3611 3520 3730 3575 alto

2083 3624 2291 3664 somno
2320 3606 2604 3679 sepultos,
2664 3605 2875 3679 gladiis
2915 3606 3260 3662 confecisse.
3295 3609 3381 3663 Ita
3436 3610 3733 3664 Romanos

2086 3714 2391 3752 murorum
2425 3697 2536 3751 hoc
2570 3696 2746 3751 modo
2768 3697 2987 3768 potitos
3011 3696 3324 3751 demisisse
3358 3714 3486 3753 sese
3519 3716 3587 3752 ex
3612 3705 3734 3753 tur-

2083 3787 2270 3852 ribus,
2301 3785 2585 3858 oppidum
2628 3785 2852 3857 ubique
2887 3785 3223 3841 incendisse
3254 3803 3267 3840 :
3312 3788 3734 3857 Antiochenos,

2086 3876 2403 3948 improviso
2436 3875 2593 3929 malo
2627 3876 3030 3941 conturbatos,
3055 3875 3127 3931 ad
3159 3875 3431 3949 gemitus,
3456 3876 3733 3947 ejulatus,

2085 3966 2562 4038 desperationem
2596 3982 2890 4021 summam
2912 3965 3165 4033 venisse,
3196 3966 3560 4037 qumsivisse,
3592 3966 3734 4039 quid

2078 4057 2206 4129 jam
2239 4056 2352 4112 sibi
2383 4060 2541 4111 esset
2587 4055 2902 4128 agendum.
2962 4056 3089 4111 Jam
3148 4072 3284 4110 vero
3341 4073 3474 4111 cum
3534 4058 3732 4111 animo

2088 4146 2437 4202 statuissent
2494 4144 2565 4200 ad
2649 4145 2925 4199 virtutem
2980 4144 3320 4217 confugere,
3397 4146 3733 4217 acriterque

2085 4234 2236 4306 pede
2270 4233 2485 4288 collato
2519 4232 2830 4298 obsistere,
2889 4232 2991 4286 ubi
3059 4249 3233 4287 mane
3264 4233 3491 4287 clarum
3539 4234 3738 4289 sublu-

2086 4324 2195 4392 xit,
2255 4322 2525 4395 praecidit
2598 4338 2805 4376 eorum
2900 4320 3188 4392 impetum
3247 4323 3456 4377 Petrus
3518 4328 3738 4377 castro-

2086 4430 2219 4467 rum
2251 4412 2587 4483 przefectus,
2622 4427 2753 4465 cum
2790 4411 3051 4465 exercitu
3090 4411 3149 4464 in
3173 4410 3383 4465 urbem
3440 4428 3548 4482 per
3600 4429 3740 4483 por-

2087 4508 2176 4557 tas
2236 4518 2297 4557 se
2352 4501 2638 4567 inferens,
2697 4516 2845 4570 quas
2911 4499 3076 4571 prius
3124 4500 3408 4571 oppidum
3486 4501 3740 4573 ingressi

2086 4591 2338 4646 Romani
2371 4589 2459 4643 illi
2508 4594 2883 4660 aperuerant.
2943 4590 3399 4655 Antiochenses,
3450 4607 3585 4645 cum
3634 4590 3741 4647 ad-

314 4680 619 4759 τηλαυγῶς
702 4680 1149 4758 ὑπαυγαζούσης,
1208 4680 1517 4758 προέφθασε
1600 4681 1700 4749 τήν
1756 4676 1972 4733 ἐκείνων

2084 4695 2289 4735 versus
2321 4684 2516 4735 tantas
2554 4678 2753 4749 copias
2809 4695 2885 4734 ne
2944 4680 3248 4750 suspicere
3304 4679 3546 4751 quidem
3606 4698 3742 4753 pos-

316 4772 500 4845 ὁρμήν
550 4770 578 4824 ὁ
639 4764 1133 4847 στρατοπεδάρχης
1192 4766 1418 4842 Πέτρος,
1478 4767 1612 4842 μετὰ
1658 4774 1758 4837 τῆς
1820 4763 1978 4821 δυνά-

2090 4774 2245 4837 sent,
2276 4769 2525 4841 abjectis
2555 4768 2737 4823 armis
2769 4768 2841 4823 ad
2873 4785 3079 4840 preces
3137 4770 3437 4842 supplices
3480 4787 3543 4826 se
3601 4788 3743 4827 con-

1539 4901 1598 4952 C.
1631 4897 1695 4954 Β.
1743 4897 1933 4954 HASII
1966 4898 2527 4956 ANNOTATIONES.

389 5016 437 5053 ³ο
466 5010 742 5071 ἐπίϐατον.
778 5015 872 5071 Sic
901 5014 1014 5071 cod
1070 5012 1117 5049 εί
1147 5011 1351 5087 ἤρεμα.
1388 5012 1483 5069 Sic
1514 5013 1645 5071 cod.
1674 5030 1782 5086 pro
1812 5012 2013 5089 ἡρέμα.

391 5160 507 5240 ea
541 5158 707 5240 ςοηςο
736 5157 1022 5240 ᾼεδωίδξ
1053 5158 1174 5240 ¹⁰⁹ξ
1209 5157 1276 5240 ᾼι

392 5225 508 5301 (86)
541 5225 858 5285 Antiochia
888 5234 1063 5301 capta
1092 5231 1184 5282 est
1210 5225 1468 5301 (opinor)
1492 5225 1662 5301 initio
1684 5227 1827 5301 anni
1848 5229 1973 5301 9697.

322 5297 639 5360 Rationem
676 5297 1015 5372 temporum
1029 5297 1559 5372 fortasse‘turbavit
1587 5298 1889 5372 Cedrenus
1908 5300 1972 5354 ΙΙΔ

320 5380 448 5431 657.
482 5379 550 5429 A.
583 5374 685 5444 qui
718 5369 1046 5429 attribuere
1075 5371 1309 5444 videtur
1338 5386 1394 5425 a.
1441 5371 1568 5422 967.
1606 5369 1745 5424 Vide
1798 5386 1982 5444 supra

319 5450 447 5502 214.
482 5447 548 5501 D.
581 5441 707 5500 215.
768 5451 835 5500 A.
890 5444 1029 5509 Quae
1086 5441 1225 5497 inde
1278 5446 1603 5497 narrantur
1661 5458 1851 5512 usque
1907 5441 1982 5497 ad

322 5520 507 5577 ﬁnem
542 5517 678 5573 libri
706 5515 928 5588 quinti,
969 5513 1561 5585 comprehenduntur
1615 5512 1827 5568 eodem
1875 5530 1983 5569 an-

320 5592 812 5731 n0(§‘??l3menda
834 5657 1168 5731 Cedrenum
1200 5657 1267 5711 ll.
1290 5658 1418 5731 65b.
1447 5661 1511 5708 A.
1546 5651 1990 5731 ἐπιλελοιπότων

326 5725 413 5788 δὲ’
464 5725 557 5787 καὶ
636 5735 742 5786 τῶν
802 5725 1153 5806 Ἀντιοχέων·
1237 5728 1549 5798 scribeque
1632 5730 1740 5780 τῶν
1825 5725 1991 5805 ἀναγ-

654 5861 936 5923 ΡΑτιιυι..
981 5863 1099 5921 GR.
1144 5856 1385 5923 CXVII.

2086 5153 2285 5231 καίων,
2315 5162 2381 5214 ut
2402 5158 2532 5231 jam
2563 5158 2905 5231 conjecerat
2958 5157 3286 5231 Xylander.
3335 5159 3536 5228 Neque
3564 5156 3735 5231 aliter

2090 5229 2343 5300 Scylitza
2372 5227 2631 5286 Historia
2659 5227 2773 5286 ms.
2808 5227 3049 5303 Legitur
3099 5230 3241 5285 alibi
3293 5227 3528 5303 quoque
3581 5227 3745 5303 apud

2092 5299 2365 5374 nostrum
2394 5303 2587 5374 σπάνις
2653 5304 2764 5355 τῶν
2819 5299 3128 5374 ἀναγκαίων
3191 5304 3278 5355 39.
3319 5299 3473 5356 (λοι
3502 5301 3625 5356 106.
3682 5299 3748 5355 Β.

2093 5389 2167 5427 ex
2193 5373 2444 5444 Agathia
2478 5376 2597 5427 l3l.
2634 5375 2699 5428 D.
2738 5375 2861 5428 158.
2893 5373 2958 5427 Π.

2167 5436 2278 5515 (88v)
2312 5445 2614 5515 Cedrenus
2646 5447 2715 5500 ΙΙ.
2750 5447 2875 5500 656.
2928 5449 2986 5500 C.
3046 5444 3248 5515 Πέτρον
3279 5436 3374 5515 ἕνα
3400 5443 3509 5494 τῶν
3543 5439 3743 5493 ἑαυτοῦ

2097 5510 2379 5589 estcap,»
2413 5512 2610 5589 δοῦλον
2650 5515 2988 5589 ὑπάρχοντα.
3026 5515 3130 5589 υᾼὺί
3180 5510 3379 5589 δοῦλον
3411 5519 3477 5567 ut
3506 5517 3750 5566 antece-

2100 5584 2302 5661 dentis
2330 5588 2490 5644 vocis
2519 5584 3183 5661 glossam'ejiciendam
3239 5584 3535 5639 arbitror:
3588 5589 3747 5636 certe

2101 5675 2222 5714 non
2255 5660 2475 5733 legitur
2502 5661 2563 5714 in
2613 5660 2859 5732 Scylitza
2890 5676 3002 5713 ms.

3358 5858 3435 5917 25
