4118 6438
388 343 507 402 ’779

393 483 718 536 verterunt.
750 477 972 543 Quibus
993 475 1055 530 in
1086 474 1426 531 servitutem
1461 475 1613 532 datis
1645 475 2052 544 restinctoque

398 567 700 637 incendio,
737 570 976 638 praetor,
1009 562 1311 618 manubiis
1344 580 1373 618 e
1406 564 1607 635 prmda
1654 563 1923 629 delectis,
1948 578 2050 634 op-

395 658 603 729 pidum
632 657 682 711 vi
718 655 928 722 tenuit,
961 654 1022 708 in
1056 653 1364 724 murisque
1395 653 1555 725 quod
1584 658 1713 708 erat
1732 652 2049 708 labefacta-

389 752 515 801 tum
548 743 960 801 communivit.

381 834 528 888 τείαν
584 832 904 907 ἐτράποντο.
965 831 1075 893 Οὐς
1151 832 1179 885 6
1239 827 1731 910 στρατοπεδάρχης
1787 825 2345 904 ἀνδραποδισάμενος,

1780 335 2057 399 LEONIS
2100 335 2422 397 DIACONI

3696 338 3815 400 780

2164 490 2311 545 μεως
2343 469 2418 530 εἰς
2448 470 2548 540 τὴν
2572 468 2737 526 πόλιν
2768 467 2856 525 διὰ
2903 475 3012 526 τῶν
3042 469 3232 527 πυλῶν
3262 470 3555 533 εἰσελάσας
3589 474 3725 550 (89),
3758 474 3821 536 ἅς

2162 564 2212 616 οἱ
2269 563 2747 642 προκατασχόντες
2808 563 2870 619 τὸ
2927 563 3061 620 ἄστυ
3112 566 3382 639 Ῥωμαῖοι
3440 564 3589 638 αὐτῷ
3640 566 3821 623 ἀνεπέ-

2160 673 2342 708 τασαν.
2377 654 2686 732 Ἀντιοχεῖς
2727 650 2783 708 δὲ
2839 654 2976 729 πρὸς
3028 654 3300 724 τοσαύτην
3358 656 3615 730 στρατιὰν
3674 654 3818 730 μηδὲ

2160 739 2426 795 ἀντωπεῖν
2482 739 2845 820 ἐξισχύοντες,
2900 742 2966 796 τὰ
3024 739 3171 797 ὅπλα
3228 742 3524 816 ῥίψαντες;
3576 744 3652 805 εἰς
3708 747 3816 799 ἱκε-

2439 830 2531 885 καὶ
2613 832 2715 899 τήν
2800 831 3070 905 πυρκαϊὰν
3155 827 3486 901 ἀποσϐέσας,
3545 834 3637 888 καὶ
3699 840 3809 890 τῶν

386 920 574 977 σύλων
631 919 830 991 ἐξελὼν
885 919 952 976 τὰ
1003 917 1342 996 πρωτόλεια,
1399 922 1499 991 τήν
1567 940 1627 975 τε
1681 917 1847 975 πόλιν
1897 917 2035 975 κατᾶ
2090 918 2291 993 κράτος
2335 924 2583 999 κατεῖχε,
2642 920 2733 975 καὶ
2790 925 2899 975 τῶν
2956 926 3161 1000 τειχῶν
3216 923 3283 977 τᾶ
3333 920 3610 997 ἐπισφαλῆ
3648 921 3809 999 ἐκρα·

388 1012 595 1069 τύνετο.

460 1136 512 1188 5.
550 1131 775 1188 Nobilis
797 1136 976 1202 atque
1006 1146 1224 1203 magna
1270 1130 1586 1186 Antiochia
1632 1130 1792 1185 hunc
1821 1129 1884 1184 in
1914 1145 2017 1185 mo

2230 1129 2287 1183 ε’.
2321 1126 2483 1183 Ἀλλ’
2514 1129 2662 1184 οὕτω
2699 1129 2792 1204 μὲν
2823 1132 2858 1200 ἡ
2909 1132 3208 1210 περιφανὴς
3262 1131 3355 1186 καὶ
3418 1129 3636 1209 μεγάλη
3684 1132 3810 1187 ’Λν-

385 1224 528 1279 dum
560 1239 594 1277 a
625 1222 907 1277 Romanis
959 1226 1132 1293 capta
1191 1225 1249 1275 et
1291 1225 1521 1275 vastata
1576 1225 1683 1274 est.
1736 1218 1916 1291 Cujus
1975 1218 2047 1273 de

389 1312 827 1384 expugnatione
860 1325 994 1365 cum
1039 1310 1368 1381 imperator
1411 1308 1696 1377 audisset,
1729 1324 1856 1362 rem
1912 1307 2047 1362 laate

389 1402 489 1457 83
526 1401 682 1469 tulit,
713 1400 1069 1470 numinique
1094 1398 1556 1471 gratulationem
1588 1398 2045 1468 lecit.Forteque

388 1491 605 1559 evenit,
638 1495 705 1544 ut
734 1489 878 1544 tunc
924 1488 1273 1560 angelorum
1316 1488 1557 1559 synaxis
1611 1487 1997 1542 interveniret
2028 1504 2040 1541 :

385 1579 468 1633 ibi
504 1579 862 1634 monachum
895 1577 1102 1632 dicunt
1128 1592 1197 1631 ex
1227 1577 1300 1631 iis
1328 1577 1429 1647 qui
1472 1578 1651 1631 vitam
1712 1576 2041 1631 solitariam

385 1673 588 1741 agunt,
622 1666 931 1723 codicillos
965 1665 1284 1721 tradidisse
1315 1665 1683 1737 imperatori,
1738 1666 2039 1720 continuo-

385 1776 501 1830 que
530 1774 560 1813 e
593 1761 916 1829 conspectu
948 1757 1279 1811 evanuisse.
1314 1755 1457 1810 Illos
1502 1772 1636 1810 cum
1686 1755 2042 1827 explicasset

383 1848 729 1919 imperator,
781 1849 1316 1917 argumentumque
1384 1844 1804 1910 intellexisset,
1855 1844 2037 1900 fuisse

385 1956 592 1995 eorum
624 1936 1123 2010 significationem
1167 1935 1499 2007 ejusmodi:
1537 1958 1565 1986 ι(
1601 1936 1764 2002 Mihi,
1798 1938 2036 1991 tametsi

378 2030 597 2084 vermis
630 2045 824 2093 sum,a
852 2026 1223 2099 providentia
1252 2026 1613 2098 patefactum
1637 2032 1745 2095 est,
1768 2026 2032 2096 domine,

376 2136 410 2175 a
440 2121 556 2176 vita
586 2126 641 2175 te
660 2135 1036 2175 recessurum
1050 2133 1254 2172 mense
1274 2118 1448 2172 tertio
1474 2122 1609 2189 post
1624 2117 2031 2189 Septembrem

374 2211 553 2266 modo
580 2208 1055 2281 praeterlapsum.
1091 2228 1120 2256 ››
1150 2209 1354 2277 Neque
1388 2207 1733 2278 imperator,
1759 2209 2029 2277 quamvis

373 2301 632 2357 multum
664 2296 1052 2369 investigans,
1086 2297 1348 2367 reperire
1388 2296 1584 2368 potuit
1628 2296 1788 2351 hunc
1818 2312 2029 2351 mona-

373 2393 573 2446 chum.
606 2392 794 2460 Atque
827 2386 965 2441 inde
996 2387 1056 2441 in
1080 2403 1333 2442 maerore
1356 2392 1621 2441 versatus
1642 2391 1815 2441 estac
1847 2402 2022 2456 squa-

2162 1219 2380 1297 τιόχεια
2409 1219 2545 1294 πρὸς
2576 1224 2683 1275 τῶν
2712 1220 3004 1294 Ῥωμαίων
3060 1218 3187 1291 ἣλω
3244 1242 3302 1276 τε
3355 1221 3446 1276 καὶ
3503 1219 3806 1297 ἐπορθήθη.

2156 1310 2271 1377 Τὴν
2329 1313 2460 1385 γοῦν
2512 1309 2716 1380 ταύτην
2769 1310 2797 1364 6
2878 1310 3239 1385 αὐτοκράτωρ
3294 1307 3588 1372 διακούσας
3645 1313 3810 1368 κατά-

2154 1418 2362 1476 σχεσιν,
2395 1396 2647 1475 ἐγεγηθει
2676 1420 2735 1454 τε
2790 1400 2882 1454 καὶ
2940 1405 3019 1472 τῷ
3072 1400 3345 1475 κρείττονι
3403 1400 3806 1480 εὐχαριστηρια

2151 1483 2353 1550 ἔθυσεν.
2408 1489 2615 1567 Ἔτυχε
2672 1485 2729 1544 δὲ
2784 1490 2909 1544 τότε
2965 1491 3064 1559 τήν
3102 1495 3210 1544 τῶν
3259 1491 3595 1564 Ἀσωμάτων
3636 1491 3808 1548 ἀπαν-

2151 1582 2315 1645 τῆσαι
2346 1577 2577 1646 σύναξιν,
2611 1575 2662 1631 ἐν
2808 1577 2899 1635 καὶ
2958 1579 3201 1658 μοναχόν
3256 1600 3374 1635 τινα
3433 1576 3652 1657 λέγεται
3697 1588 3806 1637 τῶν

2150 1663 2432 1740 ἐρημικῶν
2462 1665 2780 1722 ἐπιστόλιον
2828 1665 3082 1726 ἐπιδόντα
3137 1674 3217 1742 τῷ
3272 1667 3511 1744 βασιλεῖ,
3560 1668 3805 1727 ἐκποδὼν

2149 1750 2375 1823 ἐξαυτῆς
2407 1751 2677 1832 οἷ’χεσθαι.
2710 1755 2813 1811 Τὸν
2861 1751 2918 1809 δὲ
2946 1753 3186 1825 ἀνελῖξαί
3216 1777 3275 1812 τε
3325 1761 3511 1826 τοῦτο,
3571 1758 3662 1812 καὶ
3712 1760 3806 1814 τὸν

2145 1846 2268 1896 νοῦν
2298 1842 2470 1897 αὐτοῦ
2496 1841 2872 1913 ἀναλέξασθαι·
2906 1845 3046 1899 εἶναι
3103 1842 3160 1899 δὲ
3216 1848 3316 1916 τὴν
3372 1847 3570 1901 τούτου
3625 1844 3804 1927 ἔμφα-

2147 1953 2228 1986 σιν
2257 1933 2542 2002 τοιαύτην·
2576 1959 2604 1987 ‹‹
2640 1936 2801 2009 Ἐμοὶ
2853 1940 2932 2008 τῷ
2982 1934 3237 2007 σκώληκι
3295 1938 3441 2011 παρὰ
3493 1945 3594 2008 τῆς
3661 1959 3804 2013 προ-

2142 2021 2293 2082 νοίας
2352 2021 2735 2102 ἀπεκαλύφθη,
2808 2023 3060 2099 βασιλεῦ,
3123 2028 3522 2099 μεταναστῆναί
3582 2048 3640 2082 σε
3692 2034 3801 2083 τῶν

2142 2109 2275 2185 τῇδε
2310 2117 2388 2187 τῷ
2424 2114 2559 2187 μετὰ
2616 2115 2710 2169 τὸν
2775 2112 3119 2189 παρελθόντα
3198 2112 3576 2191 Σεπτέμϐριον
3628 2119 3802 2193 τρίτῳ

2145 2203 2295 2274 μηνί.
2360 2226 2388 2254 ››
2447 2201 2640 2258 Πολλὰ
2696 2205 2876 2259 τοίνυν
2932 2203 3369 2283 ἀναψηλαφήσας
3428 2207 3457 2260 6
3513 2206 3795 2282 βασιλεύς,

2139 2290 2248 2368 οὐχ
2278 2290 2398 2365 εὗρε
2427 2292 2518 2346 τὸν
2553 2293 2814 2370 μοναχόν.
2869 2293 3141 2356 Ἐντεῦθεν
3199 2291 3250 2348 ἐν
3306 2296 3575 2373 κατηφείᾳ
3634 2293 3796 2373 διῆγε

2134 2380 2225 2435 καὶ
2257 2382 2700 2456 σκυθρωπότητι·
2738 2384 2823 2455 [Ρ.
2866 2384 2957 2455 51]
2989 2380 3078 2437 ἐπὶ
3125 2380 3318 2453 κλίνης
3374 2404 3432 2439 τε
3488 2384 3551 2439 τὸ
3606 2386 3787 2460 παρά-

369 2481 536 2547 lore;
570 2479 935 2547 omninoque
968 2477 1029 2530 in
1061 2476 1214 2531 lecto
1247 2475 1463 2531 cubare
1496 2491 1564 2529 eo
1624 2490 1694 2529 ex
1750 2479 2017 2546 tempore

2133 2491 2234 2525 παν
2268 2468 2454 2526 ἔκτοτε
2483 2470 2583 2525 οὐκ
2638 2466 2917 2542 ἐϐουλήθη
2981 2468 3463 2543 διαναπαύσασθαι,
3520 2472 3647 2529 ἀλλ’
3702 2473 3788 2530 ἐπ’

365 2570 596 2626 noluit:
630 2568 733 2623 sed
756 2583 934 2638 super
962 2565 1117 2637 pelle
1141 2565 1498 2637 pantherina
1527 2581 1844 2634 crassoque
1875 2581 2019 2620 coa-

368 2658 493 2714 ctili
527 2658 768 2713 coccino
786 2656 952 2711 humi
985 2655 1186 2709 stratis
1218 2653 1587 2721 dormiebat;
1620 2653 1802 2724 pallio
1825 2659 2024 2709 autem

367 2747 669 2802 Michaelis
724 2745 1026 2810 monachi,
1088 2743 1284 2815 patrui
1355 2743 1564 2814 ipsius,
1623 2742 1716 2798 cui
1773 2743 2022 2799 Maleino

367 2852 695 2910 cognomen
726 2835 937 2901 fuerat,
965 2849 1221 2905 superne
1245 2832 1597 2904 contegebat
1628 2832 1739 2887 sibi
1772 2850 2021 2904 corpus:

367 2926 580 2998 quibus
609 2926 670 2979 in
702 2924 883 2979 rebus
921 2927 1276 2995 pernoctare
1316 2928 1723 2988 consueverat,
1767 2924 2021 2995 quoties,

364 3017 718 3071 imminente
751 3013 1064 3069 Dominica
1096 3012 1473 3068 solemnitate
1512 3012 1732 3084 aliqua,
1767 3015 2023 3069 inteme-

358 3107 507 3163 ratis
536 3104 754 3161 Christi
800 3102 1103 3174 mysteriis
1158 3103 1550 3158 constituerat
1600 3102 1737 3159 frui.
1800 3104 2021 3159 Iisdem

356 3211 541 3267 prope
573 3194 788 3249 diebus
814 3191 1051 3259 accidit,
1085 3198 1152 3246 ut
1200 3191 1419 3246 Bardas
1460 3192 1675 3258 Caasar,
1707 3192 2019 3263 Nicephori

352 3282 729 3354 imperatoris
768 3286 962 3352 pater,
1029 3297 1099 3335 ex
1158 3280 1268 3336 hac
1324 3280 1442 3335 vita
1480 3281 1780 3352 migraret,
1842 3284 2019 3335 natus

357 3390 547 3427 annos
580 3370 839 3443 amplius
866 3371 1215 3441 nonaginta,
1249 3386 1385 3424 cum
1418 3370 1479 3424 in
1511 3370 1777 3425 numeris
1798 3371 2013 3425 milita-

348 3463 521 3517 ribus
542 3462 615 3517 ab
642 3462 774 3533 ipsa
827 3460 1139 3530 pubertate
1189 3458 1627 3525 consenuisset,
1682 3458 2017 3530 triumphos

348 3558 526 3622 atque
557 3550 841 3604 victorias
871 3547 1239 3604 facinoribus
1278 3546 1512 3602 bellicis
1529 3547 1871 3618 complures
1889 3548 2020 3603 ade-

356 3646 511 3711 ptus.
541 3640 707 3692 Hunc
732 3638 1058 3707 imperator
1078 3640 1477 3702 mortuum,ut
1502 3651 1608 3706 par
1639 3641 1785 3702 erat,
1820 3636 1969 3691 luxit
2000 3654 2014 3693 :

358 3743 509 3797 eque
537 3726 756 3796 palatio
785 3740 973 3794 usque
1015 3724 1088 3779 ad
1121 3723 1363 3778 domum
1398 3724 1549 3795 ejus,
1611 3725 1671 3778 in
1713 3730 1879 3796 parte
1911 3742 2012 3781 au-

355 3815 521 3871 strali
554 3814 720 3868 urbis
751 3813 1015 3877 sitam,in
1040 3812 1189 3868 clivo
1218 3812 1325 3866 viaa
1367 3828 1486 3883 qua
1540 3812 1613 3869 ad
1645 3831 1808 3870 mare
1864 3815 2003 3883 itur,

353 3902 715 3974 Sophiaaque
746 3907 952 3972 portus
983 3901 1084 3956 84
1107 3899 1409 3972 panditur,
1443 3917 1656 3973 corpus
1689 3902 1819 3974 ejus
1866 3920 2005 3973 pro-

356 3994 597 4047 secutus
631 3996 739 4055 est,
775 3989 925 4044 etin
979 4005 1119 4044 arca
1148 3989 1500 4060 composuit.
1570 3990 1814 4061 Aliquot
1877 3998 2013 4063 post

350 4080 582 4145 diebus,
617 4097 751 4135 cum
786 4085 943 4135 esset
972 4079 1280 4151 paululum
1314 4079 1502 4136 levata
1532 4081 1908 4153 imperatoris
1934 4082 2008 4137 de

350 4174 518 4241 patre
550 4167 857 4241 aegritudo,
881 4168 1240 4240 Theophano
1271 4171 2003 4241 Augusta,opportunitate

350 4276 479 4324 usa,
514 4263 739 4313 secreto
770 4275 907 4313 eum
938 4257 1123 4327 addit,
1142 4257 1513 4329 multamque
1546 4266 1910 4316 connectens
1942 4262 2002 4317 in

345 4350 538 4406 verbis
570 4347 1128 4421 suaviloquentiam,
1160 4364 1267 4420 pro
1297 4348 1523 4404 Joanne
1564 4350 1841 4423 Magistro
1901 4368 2001 4407 co-

2131 2556 2362 2639 ἐδάφους
2416 2560 2843 2636 ὑποστρωνιύων
2887 2562 2997 2636 (90)
3051 2558 3224 2636 δέρμα
3288 2560 3637 2638 παρδάλεως,
3693 2566 3787 2619 καὶ

2128 2644 2446 2728 κοκκοϐαφῆ
2481 2651 2528 2686 ⁸²
2556 2649 2741 2721 πῖλον,
2811 2649 2899 2706 ἐπὶ
2956 2651 3166 2707 τούτων
3241 2650 3511 2722 ἐκάθευδε,
3575 2651 3783 2729 μανδύῃ

2127 2744 2207 2811 τῷ
2237 2744 2335 2794 τού
2371 2744 2618 2819 μοναχοῦ
2675 2738 2911 2818 Μιχαὴλ
2967 2741 3062 2796 καὶ
3122 2741 3270 2796 θείου
3323 2742 3514 2812 αὐτοῦ,
3572 2744 3618 2816 ᾧ
3666 2749 3788 2799 Μα-

2128 2825 2305 2889 λεῖνος
2335 2829 2382 2866 ⁸³
2437 2826 2743 2904 ἐπώνυμον,
2803 2828 3002 2894 ἄνωθεν
3059 2828 3450 2887 ἐπικαλύπτων
3505 2832 3676 2889 αὐτοῦ
3722 2835 3784 2888 τὸ

2125 2919 2425 2992 σωμάτιον·
2460 2917 2512 2973 ἐν
2544 2920 2630 2979 οἷς
2686 2917 2895 2974 ετίθιστο
2926 2917 3228 2989 καθεύδειν,
3263 2922 3499 2990 ὁπηνίκα
3547 2928 3656 2978 τῶν
3689 2932 3786 2980 Δε-

2126 3012 2399 3063 σποτικῶν
2424 3008 2627 3083 ἑορτῶν
2684 3028 2768 3069 τις
2826 3007 3114 3080 εἰσήλαυνε
3151 3010 3244 3065 καὶ
3303 3015 3411 3066 τῶν
3465 3014 3782 3087 μυστηρίων

2124 3099 2365 3171 Χριστοῦ
2397 3103 2505 3152 τῶν
2533 3096 2821 3175 ἀχράντων
2842 3093 3119 3167 ἠϐούλετο
3146 3107 3459 3179 μετασχεῖν.
3488 3104 3633 3158 Κατὰ
3655 3104 3781 3159 ταύ-

2124 3205 2220 3245 τας
2248 3181 2421 3245 δὲτὰς
2452 3184 2665 3260 ἡμέρας
2708 3182 2905 3256 συνέϐη
2938 3187 3030 3242 καὶ
3083 3189 3177 3243 τὸν
3237 3190 3485 3265 Καίσαρα
3543 3189 3778 3267 Βάρδαν,

2122 3273 2214 3328 τὸν
2269 3279 2367 3328 τοῦ
2423 3274 2829 3351 αὐτοκράτορος
2860 3278 3182 3356 Νικηφόρου
3231 3277 3440 3354 πατέρα
3486 3282 3618 3355 (91),
3680 3287 3777 3337 τοῦ

2126 3362 2249 3436 βίου
2312 3371 2728 3437 μεταναστῆναι,
2780 3364 2911 3440 ὑπὲρ
2978 3366 3043 3420 τὰ
3108 3364 3419 3439 ἐνενήκοντα
3476 3366 3570 3439 ἔτη
3657 3367 3779 3426 δια-

2122 3446 2417 3525 ϐιώσαντα,
2449 3453 2547 3508 κάν
2576 3459 2693 3515 τοῖς
2726 3462 3149 3529 στρατιωτικοῖς
3200 3456 3535 3536 καταλόγοις
3595 3459 3646 3530 ἐξ
3678 3460 3778 3515 αὐ-

2120 3548 2220 3611 τῆς
2250 3538 2396 3613 ἥϐης
2426 3545 2902 3620 καταγηράσαντα,
2953 3546 3045 3600 καὶ
3076 3544 3265 3602 πολλὰ
3304 3549 3541 3623 τρόπαια
3571 3550 3662 3605 καὶ
3692 3551 3777 3604 νί-

2119 3651 2217 3692 κας
2270 3630 2322 3687 ἐν
2372 3638 2489 3694 τοῖς
2544 3635 2683 3690 κατὰ
2739 3632 2987 3709 πόλεμον
3039 3633 3521 3715 ἀνδραγαθήμασιν
3576 3636 3775 3708 ἀναδη-

2121 3722 2349 3795 σάμενον
2381 3726 2511 3798 (92).
2565 3726 2662 3782 Ὀν
2715 3723 3000 3796 ἐπένθησεν
3049 3728 3077 3781 6
3133 3726 3391 3803 βασιλεὺς
3451 3732 3775 3802 τεθνηκότα,

2119 3813 2193 3873 ὡς
2225 3814 2287 3868 τὸ
2322 3814 2489 3883 εἰκὸς,
2522 3814 2582 3871 ἐκ
2639 3822 2747 3871 τῶν
2805 3816 3117 3893 ἀνακτόρων
3173 3840 3233 3874 τε
3291 3819 3381 3874 καὶ
3446 3819 3615 3900 μέχρι
3673 3829 3775 3892 τῆς

2117 3902 2296 3964 ἑστίας
2328 3901 2495 3960 αὐτοῦ
2525 3905 2663 3960 κατὰ
2720 3901 3066 3981 μεσημϐρίαν
3123 3909 3379 3983 κειμένης
3430 3916 3528 3964 τοῦ
3560 3909 3749 3972 ἄστεος

2118 3990 2255 4065 πρὸς
2286 3992 2349 4047 τὸ
2378 3993 2634 4054 κάταντες
2665 4001 2765 4063 τῆς
2822 3993 2912 4049 ἐπὶ
2957 3974 3230 4058 θάλασσαν
3287 3998 3556 4076 φερούσης
3616 3974 3773 4071 ὁδοῦ,

2115 4079 2207 4137 ’ίνα
2239 4084 2267 4137 ὁ
2290 4091 2391 4154 τῆς
2426 4087 2632 4166 Σοφίας
2681 4084 2856 4160 λιμὴν
2887 4085 3172 4157 ⁸ἥπλωται,
3206 4089 3297 4143 τὸν
3356 4091 3553 4146 τούτου
3584 4093 3773 4167 νεκρὸν

2114 4170 2454 4248 προέπεμψε,
2490 4176 2581 4230 καὶ
2611 4179 2680 4248 τῇ
2712 4181 2859 4251 σορῷ
2913 4175 3270 4251 περιέστειλε.
3307 4180 3455 4235 Μετὰ
3514 4177 3571 4235 δέ
3621 4203 3773 4244 τινας

2113 4260 2326 4338 ἡμέρας
2357 4268 2455 4318 τοῦ
2486 4262 2574 4320 ἐπὶ
2622 4270 2702 4338 τῷ
2732 4266 2899 4341 πατρὶ
2946 4265 3171 4328 πένθους
3228 4273 3307 4341 τῷ
3364 4267 3587 4344 βασιλεῖ
3641 4271 3772 4327 ὑπο-

2113 4349 2495 4431 λωφήσαντος,
2544 4352 2820 4432 εὐκαιρίας
2877 4358 2912 4426 ἡ
2974 4357 3267 4433 Αὐγούστα
3325 4359 3578 4438 Θεοφανὼ
3638 4357 3767 4436 δρα-

1558 4509 1618 4564 C.
1652 4509 1692 4563 Β
1752 4510 1942 4565 HASII
1989 4512 2548 4571 ANNOTATIONES.

413 4670 459 4704 ⁸³
488 4664 812 4745 κοκκηϐαφῆ
851 4670 981 4728 cod.
1016 4670 1128 4726 Sed
1157 4661 1479 4742 κοκκοϐαφῆ
1504 4667 1661 4725 infra
1698 4671 1788 4724 53.
1821 4675 1886 4723 A.
1919 4670 2017 4725 ⁸³1

2133 4669 2283 4737 εΐνος.
2319 4674 2413 4731 Sic
2445 4676 2574 4732 cod.

413 4858 523 4925 (89)
572 4859 833 4923 Quarum
890 4857 1177 4930 repagula
1240 4873 1274 4913 a
1304 4858 1512 4912 Burtza
1561 4874 1704 4913 ense
1736 4858 1994 4915 dissecta

343 4946 473 5002 esse
497 4930 799 4985 Cedrenus
822 4936 1030 5002 auctor
1069 4936 1158 5002 est
1189 4931 1259 4995 II,
1284 4931 1415 5002 _657.
1448 4930 1633 5002 D.“Ibi
1666 4931 1772 4986 liu.
1806 4934 1856 4985 9.
1886 4948 1994 5002 pro

338 4997 519 5069 πόλην
556 5002 692 5073 quis
726 5018 845 5056 non
876 5001 1035 5055 videt
1090 5000 1407 5073 legendum
1465 4997 1904 5073 ﬂélnvtsicut-
1932 5005 1994 5058 in

339 5072 589 5128 Scbowi'
624 5073 765 5128 edit.
831 5072 1129 5128 Laurentii
1158 5072 1315 5143 Lydi
1367 5073 1448 5127 De
1508 5072 1818 5126 mensibus
1868 5078 1989 5129 124.

336 5145 571 5216 lin._t9-
606 5144 748 5199 item
772 5144 876 5198 lin.
914 5145 1019 5198 ult.
1072 5145 1340 5216 ejusdem
1372 5159 1503 5215 pag.
1550 5145 1991 5216 restituendum

336 5213 389 5268 ἐν
422 5214 643 5282 αἰτίαις,
677 5224 734 5270 et
764 5218 885 5271 658.
924 5218 989 5271 Α.
1025 5213 1129 5272 1111.
1163 5219 1214 5269 2.
1241 5213 1513 5286 παρέσχεν
1545 5213 1574 5269 ?

407 5290 516 5359 (90)
543 5289 677 5343 Huic
708 5288 769 5342 in
802 5288 1166 5359 Glossarium
1197 5288 1406 5342 retulit
1436 5286 1773 5359 Ducangius
1795 5289 1835 5343 Ι.
1862 5290 1986 5344 867.

336 5358 395 5414 C.
431 5356 540 5414 sub
598 5377 650 5415 v.
709 5356 987 5424 Μανδύας,
1050 5359 1375 5429 usquead
1439 5356 1860 5429 verbafazétoo
1924 5359 1989 5413 τὸ

334 5429 635 5501 σωμάτιον³
670 5448 776 5503 pro
810 5432 1027 5502 quibus
1058 5427 1189 5503 ille
1239 5428 1425 5503 dedit,
1485 5427 1545 5503 τό
1607 5430 1767 5503 σῶμα
1798 5428 1982 5484 αὐτοῦ·

328 5500 440 5557 nec
460 5500 693 5575 reliqua
725 5500 962 5573 singula
991 5501 1452 5575 diligentissime
1508 5500 1844 5575 descripsit.
1883 5508 1984 5558 flo-

326 5572 943 5642 gnomen‘Michaelis,
969 5572 1354 5636 Male'inus,iu
1384 5572 1628 5644 familiis
1650 5573 1986 5644 Byaantinis

328 5641 454 5697 149.
489 5646 529 5700 C
563 5662 683 5700 non
720 5651 1009 5701 memorat
1064 5644 1401 5717 Ducangius
1435 5660 1447 5697 :
1510 5643 1657 5699 alias
1700 5641 1986 5716 ’ὀξυτόνως

2106 4861 2390 4918 scribitur
2421 4859 2712 4923 Μαλεῖνός·
2746 4865 2876 4919 vide
2910 4870 3111 4922 notam
3139 4868 3213 4922 ad
3275 4870 3391 4922 H8
3433 4870 3495 4923 D.
3554 4873 3760 4924 Κοκκο-

2105 4925 2308 5006 ϐαφής,
2343 4942 2561 5013 prazter
2592 4935 2788 5013 locum
2820 4954 2999 5007 quem
3050 4939 3112 5013 in
3171 4956 3275 4995 ora
3328 4941 3768 5013 attuli,legitur

2106 5021 2344 5083 quoque
2375 5008 2461 5059 74.
2497 5007 2561 5060 D.
2598 5008 2761 5083 apud
2787 5011 3156 5065 Constantin.
3206 5007 3759 5083 Porphyrogerinet.

2110 5078 2206 5129 135
2261 5079 2301 5129 Ο
2356 5083 2415 5130 et
2462 5078 2617 5147 apud
2649 5080 2981 5136 Cedrenum
3006 5085 3072 5137 ll.
3109 5084 3212 5137 662
3289 5078 3348 5138 ΟΣ
3408 5078 3617 5139 Hausit
3645 5088 3760 5144 Leo

2105 5162 2175 5201 ex
2204 5148 2451 5218 Agathia
2473 5152 2560 5203 90.
2598 5151 2656 5203 Β.

2173 5222 2286 5297 (9.1)
2311 5220 2411 5297 [lic
2438 5227 2534 5297 est
2563 5221 2665 5276 ille
2698 5233 3077 5297 senex,natus
3099 5232 3315 5297 centum
3344 5232 3761 5297 quinquaginta

2099 5293 2262 5346 annis
2322 5292 2479 5364 [sic],
2532 5310 2789 5363 quocum
2862 5296 3261 5368 Luitprandus
3315 5292 3447 5370 Heg.
3492 5292 3755 5355 'ad'Nic.

2100 5362 2279 5416 Phoc.
2337 5366 2436 5418 144
2517 5365 2561 5419 D
2646 5382 2707 5419 se
2768 5383 3032 5419 cmnasso
3092 5368 3177 5419 ait
3227 5385 3432 5419 mense
3495 5373 3755 5419 Angusta

2098 5449 2151 5488 a.
2187 5436 2311 5488 968.

2169 5506 2279 5588 ς92)
2311 5506 2938 5588 [formidictioniser
2957 5584 2974 5588 _
2994 5511 3265 5588 Agathia,
3323 5514 3417 5569 cui
3473 5514 3761 5588 frequens

2097 5582 2188 5631 est
2221 5593 2234 5629 :
2267 5578 2448 5633 veluti
2481 5579 2573 5645 27,
2605 5583 2671 5635 A.
2696 5582 2785 5635 60.
2817 5582 2859 5635 C
2912 5584 2981 5636 99
3036 5578 3103 5650 D,
3139 5578 3262 5638 140.
3295 5587 3360 5640 Α.

2646 5382 2707 5420 se
2768 5383 3032 5425 coenasso
3092 5368 3177 5423 ait
3227 5368 3432 5427 mense
3492 5373 3759 5443 Augusto
