4118 6430
282 382 399 446 ’181

1660 376 2058 438 HISTORLE
2103 378 2253 440 LIB.
2300 380 2376 440 V.

3586 386 3708 445 782

283 512 514 590 ξαμένη,
580 514 833 589 πρόσεισι
886 511 1070 582 τούτῳ
1149 511 1484 584 καταμόνας,
1531 507 1752 580 πολλὴν
1812 530 1968 575 συν-ε

2080 519 2370 577 :nomento
2421 516 2703 572 Tzimisce
2764 517 3069 589 deprecari
3116 517 3497 589 implorando
3529 523 3708 589 atque

286 607 512 682 είρουσα
568 603 753 681 λόγων
807 602 1004 671 πειθὼ,
1037 601 1292 672 Ἰωάννην
1350 622 1410 657 τε
1466 601 1558 657 τὸν
1620 601 1943 679 μάγιστρον,

285 697 336 769 ᾧ
393 698 705 769 Τζιμισκῆς
762 695 826 751 τὸ
879 691 1185 766 ἐπώνυμον,
1240 692 1343 747 οὐκ
1395 690 1518 761 ἀνίη
1569 690 1944 765 ἐξαιτουμένη,

283 783 749 861 προσλιπαροῦσά
832 805 892 840 τε
973 783 1066 839 καὶ
1122 780 1490 856 ποτνιωμένη.
1573 782 1676 838 Καὶ
1735 779 1948 837 δικαίαν

295 871 460 943 δῆθεν
522 876 622 943 τήν
684 875 886 945 σκῆψιν
936 867 1353 947 προτεινομένη,
1412 870 1585 937 καὶ,‹‹
1644 870 1753 924 Ἰνα
1808 870 1863 925 τί
1901 870 1951 904 ⁸⁴

288 963 468 1019 πάντα
504 961 687 1038 μέτρῳ
712 962 804 1017 καὶ
835 962 1063 1035 σταθμῷ
1090 960 1368 1034 ῥυθμίζων
1423 959 1491 1014 τὰ
1548 959 1634 1027 σὰ,
1695 956 1947 1033 βασιλεῖ’),

292 1054 371 1114 ὡς
412 1048 612 1128 ἀκριϐῆ
666 1052 914 1127 στάθμην
966 1051 1104 1105 εἷναί
1148 1066 1209 1105 σε
1264 1049 1357 1105 καὶ
1412 1050 1606 1106 κανόνα
1662 1049 1950 1126 σωφροσύ-

287 1163 391 1214 νης
447 1142 763 1212 εὐθύτατον,
815 1144 1060 1216 παρορᾷς
1119 1137 1283 1215 ἄνδρα
1357 1144 1597 1216 γενναῖον
1654 1140 1801 1196 οὕτω
1857 1138 1950 1194 καὶ

287 1232 553 1301 νεανικὸν,
608 1230 885 1307 ἀριπρεπῆ
946 1232 992 1266 ³³⁵
1020 1251 1079 1286 τε
1136 1230 1274 1285 κατὰ
1326 1229 1421 1290 τὰς
1494 1229 1680 1308 μάχας
1735 1228 1951 1307 τυγχά-

288 1343 451 1378 νοντα
533 1321 626 1376 καὶ
708 1320 1169 1397 ἀκαταγώνιστον,
1246 1314 1675 1395 έγκυλινδεῖσθαι
1750 1318 1797 1354 ⁸⁸
1873 1322 1952 1390 τῷ

295 1405 559 1487 βορϐόρῳ
616 1414 725 1465 τῶν
779 1405 1012 1478 ἡδονῶν,
1071 1406 1163 1462 καὶ
1224 1407 1343 1482 βίον
1403 1402 1758 1481 μεταδιώκειν
1812 1426 1954 1481 παρ-

297 1495 675 1571 εξηυλημένον
709 1498 819 1571 (93)
878 1496 969 1551 καὶ
1016 1494 1219 1565 ἄνετον,
1278 1500 1590 1575 σφριγῶντα
1648 1495 1739 1549 καὶ
1786 1493 1954 1564 αὐτὴν

296 1595 403 1657 τῆς
434 1585 661 1657 ἡλικίας
723 1585 926 1664 ἄγοντα
982 1587 1082 1656 τὴν
1139 1585 1344 1659 ἀκμὴν,
1400 1584 1492 1639 καὶ
1531 1588 1703 1640 ταῦτα
1732 1584 1955 1639 αὐτανε-

296 1677 428 1751 ψιὸν
480 1680 579 1731 τοῦ
634 1680 732 1730 σοῦ
789 1675 1069 1754 πεφηνότα
1110 1674 1368 1750 κράτους,
1431 1670 1689 1747 λαμπράν
1746 1693 1805 1727 τε
1857 1677 1954 1727 τοῦ

295 1764 489 1844 γένους
517 1763 748 1821 ἕλκοντα
808 1766 908 1835 τήν
966 1764 1145 1838 σειράν
1180 1782 1193 1831 ;
1229 1760 1408 1831 Ἀλλ’,
1462 1761 1508 1816 εἰ
1541 1758 1710 1830 δοκεῖ,
1767 1760 1957 1817 κέλευε

2057 602 2409 660 obtestando
2442 622 2563 661 non
2622 608 2963 664 intermisit.
3023 609 3363 680 Speciosam
3422 609 3712 663 nimirum

2056 707 2294 748 causam
2328 702 2682 766 praetexens,
2718 720 2746 747 ‹‹
2769 699 2903 759 Cur,
2940 721 2968 747 »
3001 697 3217 769 inquit,
3249 721 3276 747 «
3312 704 3375 753 tu
3404 699 3501 769 qui
3535 698 3712 753 modo

2056 788 2116 836 et
2146 784 2375 839 ratione
2407 788 2611 841 omnia
2639 787 2805 852 facis,
2840 789 3108 857 Domine,
3147 789 3294 843 adeo
3327 795 3393 844 ut
3429 790 3510 843 sis
3563 806 3712 843 con-

2058 878 2422 928 summatum
2454 876 2790 947 exemplum
2822 892 2888 931 ac
2917 894 3127 932 norma
3157 879 3448 933 acerrima
3479 883 3711 950 tempe-

2056 962 2289 1029 rantiae,
2324 964 2490 1019 nullo
2523 964 2653 1019 loco
2686 982 2991 1027 numeras,
3035 968 3221 1021 virum
3256 973 3371 1022 tam
3407 967 3623 1022 fortem
3654 973 3715 1021 et

2058 1051 2416 1119 animosum,
2460 1054 2688 1110 clarum
2719 1054 2877 1110 bello
2916 1061 3095 1127 atque
3129 1056 3440 1125 invictum,
3461 1054 3715 1111 volutari

2058 1140 2259 1197 inluto
2275 1143 2973 1217 voluptatum,vitamque
2996 1162 3168 1217 agere
3190 1152 3480 1201 extorrem
3500 1146 3717 1200 etotio-

2060 1246 2187 1285 sam
2212 1231 2239 1286 ‘2
2278 1234 2347 1286 Et
2378 1239 2576 1289 tamen
2607 1235 2760 1307 viget
2790 1234 2891 1289 ille
2920 1234 3048 1305 ipso
3090 1235 3280 1289 mtatis
3321 1234 3554 1301 robore,
3589 1240 3713 1289 tum

2060 1320 2239 1375 etiam
2273 1322 2668 1378 consobrinus
2720 1328 2836 1378 tuae
2892 1324 3225 1395 majestatis
3272 1329 3381 1389 est,
3418 1323 3715 1378 illustrem

2060 1410 2241 1464 trahit
2272 1412 2507 1483 generis
2539 1413 3083 1480 seriem.Verum,si
3106 1413 3519 1484 videtur,jube
3541 1414 3714 1467 illum

2062 1501 2529 1570 quamprimum,
2563 1520 2701 1557 rure
2724 1503 2826 1557 ubi
2857 1509 2945 1558 est
2971 1503 3201 1569 relicto,
3244 1503 3317 1557 ad
3349 1520 3459 1557 nos
3488 1503 3715 1569 venire,

2063 1593 2122 1641 et
2145 1605 2394 1644 uxorem
2426 1590 2691 1661 aliquam
2724 1607 2754 1645 e
2782 1593 3049 1663 patriciis
3080 1592 3521 1657 ducere.Quam
3555 1593 3716 1646 enim

2066 1678 2232 1749 prius
2263 1678 2323 1733 in
2359 1680 2741 1735 matrimonio
2776 1682 3054 1750 habebat,
3116 1683 3353 1745 acerba,
3386 1687 3453 1736 ut
3483 1682 3619 1747 scis,
3652 1698 3720 1735 ac

2064 1767 2336 1822 membra
2364 1767 2599 1823 solvens
2614 1786 2774 1825 mors
2788 1770 3223 1841 perculit.Cede
3246 1769 3717 1842 igitur.domine.

296 1858 401 1925 τὴν
430 1854 723 1933 ταχίστην,
752 1859 861 1910 τῶν
918 1854 1121 1932 χώρων
1173 1851 1266 1907 ’ίνα
1324 1846 1593 1926 διατρίϐει
1650 1851 1950 1927 ἀπάραντα,

2080 1856 2231 1921 Quod
2258 1857 2738 1922 suadeo,rectum
2770 1865 2877 1913 est.
2915 1861 3060 1914 Gere
3094 1860 3240 1914 mihi
3272 1857 3719 1929 morem.Neja-

295 1945 592 2025 ἀφικέσθαι
650 1967 710 2001 τε
761 1945 898 2020 πρὸς
938 1946 1087 2019 ἡμᾶς
1139 1944 1230 1999 καί
1289 1943 1509 2019 συζύγῳ
1564 1948 1673 1998 τῶν
1725 1942 1953 2020 εὐγενῶν

296 2037 666 2110 ἁρμοσθῆναι.
701 2036 811 2106 Τὴν
868 2035 972 2111 γὰρ
1030 2030 1139 2104 ἤδη
1198 2032 1354 2105 νόμῳ
1412 2033 1595 2109 γάμου
1632 2052 1949 2107 προσαρμο-

295 2126 513 2179 σθεῖσαν
537 2124 687 2198 αύτῷ
719 2124 747 2179 ὁ
777 2124 998 2199 πικρὸς,
1049 2123 1125 2184 ὡς
1185 2122 1368 2190 οἶσθα,
1424 2121 1515 2176 καὶ
1573 2118 1883 2194 λυσιμελὴς
1913 2124 1957 2159 ⁸⁷

2064 1951 2195 2001 ceat
2223 1946 2296 2002 ad
2329 1947 2655 2003 ludibrium
2690 1954 2747 2004 et
2780 1950 3119 2003 irrisionem
3151 1949 3489 2020 linguarum
3542 1952 3716 2018 petu-

2064 2036 2319 2091 lantium
2352 2038 2451 2108 qui
2485 2043 2544 2092 et
2567 2055 2784 2111 genere
2818 2044 2872 2093 te
2896 2039 3154 2111 attingit,
3189 2044 3248 2092 et
3277 2037 3350 2092 ob
3392 2036 3609 2091 bellica
3638 2036 3721 2089 fa-

2068 2126 2274 2181 cinora
2302 2126 2375 2181 ab
2408 2128 2686 2183 omnibus
2716 2128 3095 2200 praedicatur.
3133 2150 3161 2177 »

295 2212 568 2289 ἐξεθέρισε
589 2213 839 2277 θάνατος.
874 2212 1033 2281 Εἴξον
1065 2209 1281 2278 λοιπὸν,
1316 2207 1567 2285 βασιλεῦ,
1598 2209 1690 2263 καὶ
1718 2208 2084 2287 εἰσηγουμένῃ
2117 2214 2186 2267 τὰ
2215 2210 2399 2269 δέοντα
2430 2216 2708 2285 πείσθητι,
2741 2217 2829 2269 καὶ
2867 2218 2942 2290 μὴ
2976 2216 3288 2289 προκείσθω
3335 2218 3455 2276 ταῖς
3484 2210 3725 2267 ἀκολάσ-

295 2324 422 2365 τοις
455 2300 735 2379 γλώσσαις
765 2297 1038 2376 κωμῳδία
1062 2300 1154 2356 καὶ
1186 2299 1500 2374 σαρκασμὸς
1529 2299 1557 2353 ὁ
1585 2297 1645 2354 ἐκ
1669 2304 1768 2354 τοῦ
1800 2304 1897 2354 σοῦ
1928 2301 2120 2377 γένους
2152 2300 2499 2378 ἀναδραμὼν,
2531 2306 2629 2360 κάν
2686 2311 2807 2366 ταῖς
2863 2310 2972 2360 τῶν
3030 2302 3295 2378 πολέμων
3341 2299 3727 2378 ἀνδραγαθίαις

299 2392 454 2467 παρὰ
482 2391 697 2447 πάντων
731 2387 1286 2469 μεγαλαυχούμενος.
1322 2411 1351 2441 ›)

377 2513 461 2584 [Ρ.
501 2512 590 2585 52]
647 2510 711 2575 ς’.
771 2509 1004 2570 Τούτοις
1053 2512 1171 2569 τοῖς
1230 2505 1425 2585 λόγοις
1488 2504 1827 2580 μετελθοῦσα
1868 2508 1961 2564 τὸν

296 2600 685 2676 αὐτοκράτορα
761 2599 875 2668 καὶ,
957 2598 1033 2659 ὡς
1113 2597 1176 2654 τὸ
1253 2596 1419 2665 εἰκὸς,
1478 2598 1962 2674 καταγοητεύσασα

297 2686 536 2764 (εὔνοιαν
594 2689 701 2766 γὰρ
771 2688 904 2762 ὑπὲρ
962 2687 1025 2743 τὸ
1091 2693 1372 2761 προσῆκον
1451 2691 1714 2764 παρεῖχεν
1795 2686 1959 2761 αὐτῇ,

296 2777 556 2840 ἐκτόπως
617 2784 720 2849 τῆς
779 2775 924 2852 ὥρας
982 2776 1186 2845 ταύτης
1243 2776 1608 2849 ἡττώμενος),
1693 2774 1963 2831 ἀνέπεισεν

290 2865 614 2924 εἰσκαλέσαι
643 2868 737 2924 τὸν
771 2867 1042 2935 Ἰωάννην,
1093 2866 1185 2921 καὶ
1220 2870 1415 2929 θᾶττον
1468 2865 1779 2935 ἀπαντῆσαι
1820 2866 1960 2941 πρὸς

292 2958 362 3013 τὸ
397 2957 718 3027 Βυζάντιον.
753 2958 814 3014 Ὀ
857 2952 918 3011 δὲ
972 2955 1111 3031 πρὸς
1158 2956 1260 3025 τήν
1314 2952 1710 3030 βασιλεύουσαν
1757 2953 1966 3010 εἰσελά-

297 3066 402 3108 σας
434 3046 534 3101 καῖ
564 3051 647 3119 τῷ
697 3043 918 3121 βασιλεῖ
969 3044 1272 3119 παραστὰς,
1303 3041 1524 3117 ἐπείπερ
1567 3043 1889 3118 ἐπισκήψεις
1918 3043 1968 3081 ⁸⁸

2141 2515 2193 2568 6.
2228 2514 2329 2570 His
2361 2514 2607 2572 vocibus
2637 2516 2939 2571 insectans
2980 2515 3401 2587 imperatorem
3434 2516 3511 2581 et,
3540 2516 3603 2568 ut
3636 2513 3726 2586 fit,

2069 2603 2374 2661 fascinans
2406 2605 2708 2676 (studebat
2737 2604 2836 2662 85
2870 2605 3031 2661 enim
3063 2607 3341 2677 Augusta:
3372 2603 3506 2675 plus
3558 2618 3724 2674 quam

2070 2694 2380 2762 attinebat,
2415 2700 2659 2766 eratque
2688 2695 2880 2750 forma
2901 2696 3031 2767 ejus
3087 2693 3446 2749 mirabiliter
3474 2692 3727 2763 captus),

2072 2786 2369 2856 persuasit
2398 2785 2485 2839 illi
2516 2790 2583 2840 ut
2610 2787 2899 2841 Joannem
2932 2790 3419 2854 accerseret,quo
3449 2785 3731 2838 Constan-

2073 2874 2390 2945 tinopolim
2416 2875 2689 2947 protinus
2720 2875 2769 2929 is
2810 2874 3219 2930 se‘conferret.
3244 2875 3323 2927 Eo
3364 2888 3496 2927 cum
3520 2886 3729 2942 perve-

2074 2964 2282 3030 nisset,
2317 2962 2390 3019 ad
2452 2963 2875 3034 imperatorem
2932 2962 3251 3026 admissus,
3314 2965 3521 3033 postea
3551 2975 3730 3030 quam

2075 3052 2289 3107 vetitus
2318 3052 2513 3107 fuerat
2543 3052 2792 3123 singulis
2824 3051 3038 3106 diebus
3072 3051 3133 3105 in
3185 3050 3477 3121 palatium
3506 3048 3728 3115 venire,

304 3132 527 3206 ἐδέξατο
589 3140 709 3196 τοῖς
759 3133 1070 3205 ῆασιλείοις
1119 3132 1389 3208 ὁσημέραι
1448 3138 1658 3213 φοιτᾷν,
1685 3134 1809 3190 τότε
1872 3135 1965 3208 μὲν

2080 3144 2222 3193 tunc
2253 3139 2491 3210 quidem
2524 3139 2804 3211 evestigio
2858 3138 3099 3193 domum
3131 3154 3193 3191 se
3220 3136 3481 3207 recepit:
3514 3134 3730 3189 deinde

317 3225 405 3304 ἐφ’
462 3224 646 3285 ἑστίας
699 3223 852 3285 εὐθὺς
911 3221 1324 3292 ἀπηλλάττετο·
1388 3222 1678 3297 μετέπειτα
1735 3220 1793 3278 δὲ
1823 3224 1971 3299 παρὰ

301 3318 411 3386 τήν
445 3313 730 3391 βασίλειον
760 3313 940 3385 αὐλὴν
998 3313 1060 3369 οὐ
1115 3310 1470 3387 διελίμπανεν
1526 3313 1708 3369 ἀνιών.
1746 3320 1874 3371 Ἀτε
1917 3312 1974 3370 δὲ

304 3404 658 3481 θερμουργὸς
688 3423 773 3465 τις
804 3403 939 3477 ἀνὴρ
969 3403 1248 3481 πεφυκὼς,
1306 3402 1398 3457 καὶ
1459 3400 1750 3474 τολμήσας
1780 3402 1828 3440 8°
1860 3404 1971 3477 (84)

306 3494 357 3549 εἶ
388 3493 586 3555 καίτις
624 3491 825 3559 ἄλλος,
876 3492 969 3548 καὶ
1024 3492 1343 3568 πράγμασιν
1398 3489 1700 3570 ἐπιχειρεῖν
1728 3490 1974 3547 ἀλλοκό-

307 3604 431 3645 τοις
519 3577 1016 3658 παραϐολώτατος,
1077 3579 1255 3655 ἐξεῦρε
1334 3583 1615 3659 μηχανὴν,
1693 3579 1833 3636 ὥστε
1884 3578 1973 3637 διά

304 3698 473 3732 τινων
500 3676 719 3754 ἀφανῶν
777 3672 1002 3731 εἰσόδων
1058 3673 1197 3748 πρὸς
1255 3680 1356 3742 τῆς
1405 3671 1730 3750 Αὐγούστης
1777 3675 1974 3748 ἕτοιμά

304 3768 539 3821 σθεισῶν
576 3761 907 3827 ὑποδύεσθαί
931 3784 991 3820 τε
1045 3761 1137 3818 καὶ
1192 3762 1268 3822 εἰς
1327 3760 1531 3838 λόγους
1584 3762 1755 3837 ταύτῃ
1789 3762 1974 3839 συνέρ-

305 3857 530 3934 χεσθαι,
562 3854 654 3910 καὶ
711 3854 813 3924 τήν
868 3857 967 3909 τοῦ
1024 3851 1432 3925 αὐτοκράτορος
1490 3852 1810 3927 Νικηφόρου
1867 3858 1974 3909 τῶν

301 3942 623 4019 ἀνακτόρων
674 3945 720 3981 ⁸ο
782 3940 1083 4017 μελετῆσαι
1140 3941 1451 4015 καθαίρεσιν
1509 3941 1642 4015 (95).
1704 3943 1975 3998 Ἐντεῦθεν

2085 3234 2282 3284 tamen
2316 3228 2513 3284 aulam
2544 3228 2924 3298 frequentare
2939 3226 3569 3281 nonintermisit.Nam
3593 3239 3729 3279 cum

2083 3322 2241 3374 esset
2269 3318 2357 3372 vir
2376 3317 2600 3373 fervida
2629 3321 2860 3384 natura,
2898 3321 2955 3370 et
2985 3314 3319 3381 confidens,
3353 3313 3401 3368 si
3434 3314 3568 3384 quis
3620 3313 3734 3366 fuit

2082 3423 2369 3477 unquam,
2395 3413 2454 3462 et
2482 3407 2556 3463 ad
2587 3424 2682 3462 res
2735 3407 3029 3461 immanes
3088 3402 3405 3458 tentandas
3462 3401 3735 3457 audacis-

2084 3497 2292 3559 simus,
2327 3497 2571 3552 modum
2594 3496 2837 3568 reperit,
2871 3492 3380 3566 quemadmodum
3412 3507 3521 3563 per
3560 3506 3737 3561 quos-

2084 3585 2219 3641 dam
2253 3586 2519 3641 occultos
2572 3586 2767 3641 aditus
2808 3584 2880 3639 ab
2947 3586 3209 3655 Augusta
3289 3587 3526 3653 paratos
3582 3578 3736 3634 clam

2085 3677 2379 3743 introiret,
2405 3675 2466 3730 in
2501 3677 2750 3746 ejusque
2782 3674 3009 3729 veniret
3032 3672 3419 3742 colloquium,
3456 3675 3513 3725 et
3543 3670 3733 3739 impe-

2082 3766 2296 3821 ratoris
2318 3765 2631 3836 Nicephori
2662 3765 3055 3820 remotionem
3074 3779 3107 3816 a
3128 3760 3463 3833 principatu
3486 3757 3735 3814 medita-

2081 3861 2265 3910 retur.
2300 3855 2555 3910 Proinde
2574 3854 2849 3910 homines
2880 3853 3155 3908 robustos
3172 3868 3239 3906 ac
3270 3850 3427 3905 bello
3461 3854 3734 3903 strenuos

2084 3962 2154 4001 ex
2202 3944 2533 4001 intervallis
2592 3944 2665 4000 ad
2723 3945 3048 4017 Augustam
3092 3940 3389 4009 submisit,
3451 3955 3601 4010 quos
3635 3936 3739 3992 illa

1524 4093 1586 4149 C.
1620 4095 1688 4155 B.
1733 4096 1921 4151 HASII
1951 4098 2509 4154 ANNOTATIONES.

389 4248 439 4284 3‘
465 4244 560 4302 ’ἱνα
588 4246 664 4302 τί.
700 4245 946 4302 Videtur
974 4246 1072 4303 hic
1094 4245 1299 4303 deesse

389 4266 439 4284 οη
468 4266 560 4302 ἰνα
588 4266 664 4302 τι.
708 4266 946 4302 Vluetur
975 4266 1072 4303 nlo
1094 4266 1299 4303 aeesse
1369 4272 1370 4275 η

308 4320 641 4393 ἐπισκήψεις
658 4317 1014 4393 vertendum
1046 4323 1141 4393 _est
1159 4266 1370 4393 interii

1369 4245 1467 4313 ησί
1494 4244 1543 4281 ⁸⁸
1572 4242 1837 4324 ἀριτρεπῆ
1893 4264 1968 4303 σοι

2083 4246 2132 4324 δξ
2185 4243 2813 4324 *ἐγκαλινδεῖσθαι-οοᾶ.
2967 4246 3279 4324 λυσιμενῆς·
3319 4243 3452 4299 cod.
3508 4241 3739 4324 sive].

1372 4314 1793 4393 ctalvel'cle'est
1814 4314 1947 4393 post

2080 4314 2284 4380 ἰλείοίς
2304 4322 2550 4393 negatio
2586 4320 2661 4393 μή
2697 4337 2803 4376 seu
2835 4315 2963 4393 οὔχ.
3000 4314 3129 4374 νίιῐ.
3162 4316 3500 4374 Cedrenum
3523 4316 3647 4367 662.
3676 4314 3738 4371 Β.

310 4394 365 4431 ⁸⁸
396 4388 555 4449 Fort.
588 4388 923 4463 τολμητίας,
956 4391 1130 4446 ut23.
1163 4391 1223 4446 C.
1250 4392 1338 4446 36.
1372 4395 1430 4443 Β.
1464 4390 1526 4445 C.
1557 4390 1603 4425 ⁹⁰
1634 4391 1788 4445 Fort.
1814 4388 1968 4443 ἀνακη

2081 4411 2177 4445 ων.
2218 4391 2342 4447 Vid.
2376 4388 2569 4448 notas.

389 4561 505 4634 (93)
556 4563 687 4618 Vim
733 4561 895 4618 vocis
952 4561 1213 4634 explicat
1254 4559 1518 4634 illustris
1577 4560 1968 4618 Schneider-us

2092 4567 2179 4634 ει.
2215 4564 2275 4617 B.
2313 4566 2405 4618 60.
2446 4564 2502 4618 c.
2539 4565 2629 4634 79.
2662 4563 2730 4618 A.
2765 4563 2823 4617 Β.
2860 4560 3018 4633 quod
3050 4560 3192 4634 alibi
3223 4555 3400 4613 ἑστίαν
3455 4551 3741 4634 τὴνΑβαεί-

312 4633 532 4694 ιθκίοο
559 4635 685 4690 223.
720 4636 786 4690 D.
822 4633 1100 4701 Leonem,
1150 4633 1329 4689 verba
1377 4648 1515 4687 rara
1556 4638 1977 4703 aucupantem,

312 4706 619 4766 invenisse
649 4705 1016 4775 credendum
1049 4709 1140 4761 est
1167 4705 1229 4759 in
1249 4703 1546 4775 Glossario
1578 4703 1978 4775 aliquo,l]ape-

314 4774 691 4851 ξηυλημένος·
771 4773 1186 4851 διεφθαρμένος,
1272 4772 1538 4851 ἂμρδρόςξ
1601 4772 1750 4851 alia?
1806 4772 1982 4851 h9die

315 4847 606 4923 leguntur
633 4850 791 4923 apud
824 4847 1217 4923 Phav'o'rinum
1244 4847 1429 4923 i447.
1473 4849 1541 4901 23
1590 4847 1787 4923 (paulo
1849 4847 1983 4903 lon—

319 4919 459 4998 gior
485 4929 577 4977 est
604 4919 815 4998 Su'idas
846 4922 946 4977 III.
971 4923 1039 4976 46
1076 4922 1185 4998 _C.),
1208 4919 1442 4998 sibique
1465 4919 1833 4990 persuasisse
1854 4938 1988 4990 syn-

323 4991 549 5066 onyma
568 5010 699 5049 esse
746 4995 873 5050 haac
931 4993 1153 5066 omnia,
1214 4991 1544 5066 eodemque
1598 5007 1778 5066 sensu
1818 5009 1989 5066 usur-

322 5061 525 5142 passe.
558 5067 699 5132 Quaa
730 5066 778 5121 si
811 5065 944 5142 quis
1003 5065 1201 5142 minus
1260 5061 1511 5142 p_robet,_
1541 5062 1763 5142 scribat
1790 5063 1985 5142 παρεξ-

326 5132 636 5208 ῖηλαμένος,
670 5154 705 5192 a
728 5132 1129 5211 παρέξελαύνω,
1155 5132 1314 5207 quod
1344 5132 1475 5211 vide
1498 5133 1557 5188 in
1578 5135 1810 5211 nott.ad
1830 5138 1898 5190 94

403 5211 514 5277 (94)
546 5205 833 5279 Ρνοροδυῖ
878 5205 1209 5279 τολμητίας,
1266 5205 1447 5277 quod,
1499 5211 1718 5276 printer
1749 5206 1879 5263 loca
1926 5208 1988 5262 in

327 5282 601 5349 margine
623 5279 826 5348 allata,
858 5280 1074 5349 legitur
1100 5281 1190 5333 75.
1223 5279 1282 5333 C.
1316 5281 1524 5332 mutuo
1583 5284 1888 5349 sumptum
1920 5295 1990 5334 ex

331 5297 601 5349 margine
623 5297 826 5348 allata,
858 5297 911 5334 1e
954 5297 1074 5335 itur
1114 5297 1190 5333 ιο.
1223 5297 1242 5332 ι

331 5352 586 5425 Agathia
617 5354 704 5425 14.
731 5353 795 5407 D.
830 5297 1017 5425 {2.8131
1040 5354 1160 5406 135.
1180 5350 1242 5425 β.

403 5417 515 5495 (95)
552 5423 709 5495 infra
731 5427 818 5478 ‘70.
847 5423 910 5480 Β.
960 5422 1061 5489 τὴν
1118 5424 1215 5476 τοῦ
1265 5417 1520 5495 Ἰωάννου
1554 5422 1700 5495 ’τῶν
1762 5417 1989 5495 ἄνακτοτ

372 5490 507 5569 [ων-⁷
547 5494 876 5569 καθαίρεσιν.
931 5496 1132 5569 Neque
1216 5493 1364 5569 adeo
1423 5490 1705 5569 dissimili
1750 5493 1993 5569 _ph_rasi

372 5516 467 5548 ιων
547 5516 876 5569 καθαιρεσιν.
933 5516 1132 5566 neque
1216 5516 1364 5548 aueo
1423 5516 1705 5547 uissmuu
1789 5516 1992 5564 puras:

321 5516 420 5622 ει.
471 5567 531 5624 Β.
590 5570 699 5621 τῶν
759 5565 1084 5636 τυραννείων
1129 5565 1392 5631 κατιέναι,
1443 5564 1510 5617 de
1560 5564 1791 5636 imperio
1838 5565 1992 5620 dece-

322 5639 483 5710 dere.
533 5638 724 5694 Habet
753 5632 995 5710 quidem
1057 5639 1169 5693 Leo
1212 5638 1362 5692 alias
1418 5632 1990 5710 vocemﬁvémopov,

327 5710 440 5768 sed
473 5709 577 5778 ita,
601 5707 964 5782 utpalatium
991 5710 1257 5780 denotet,
1294 5710 1380 5764 19.
1412 5707 1473 5761 C.
1533 5708 1621 5761 39.
1663 5707 1727 5761 D.
1777 5707 1888 5763 4οζ
1926 5711 1992 5764 Α.

2090 4631 2240 4689 λειον
2274 4652 2395 4707 seu
2414 4632 2702 4707 βασιλικήν
2732 4628 2932 4707 Avocat
2954 4706 2959 4707 γ
2985 4632 3137 4700 (vide
3196 4645 3434 4707 quoque
3472 4628 3620 4707 Δ189,
3650 4628 3735 4707 (3-1)

2093 4708 2211 4763 sive
2240 4706 2339 4772 τήν
2376 4700 2886 4773 βασίλειοναύλήν,
2945 4706 3033 4759 30.
3094 4706 3160 4758 Α.
3214 4700 3301 4757 32.
3348 4700 3427 4755 7A.
3461 4704 3521 4755 C.
3555 4702 3644 4756 62.
3678 4700 3741 4754 Β.

2093 4778 2235 4834 alibi
2265 4778 2335 4833 τὰ
2368 4774 2636 4848 βασίλεια,
2669 4782 2756 4833 20.
2791 4780 2852 4832 Β.
2912 4779 3002 4830 21.
3061 4783 3128 4832 Α.
3164 4778 3281 4848 29.
3399 4775 3486 4848 52..
3522 4774 3589 4828 Α.
3652 4774 3740 4829 57.

2092 4850 2155 4905 C.
2190 4852 2279 4905 59.
2317 4842 2381 4907 Al.
2416 4853 2485 4906 60
2547 4842 2727 4906 ΒίῖὈ.
2761 4851 2821 4903 Β.
2859 4852 2982 4905 100.
3018 4848 3081 4902 D.
3126 4846 3246 4903 sive
3300 4845 3402 4911 τήν
3457 4842 3747 4913 ἀνακτορι-

2096 4919 2415 4989 κὴνέστίαν,
2457 4924 2544 4977 98.
2607 4923 2668 4976 Β.
2715 4924 2833 4975 102.
2886 4920 2946 4975 C.
3010 4922 3132 4975 110.
3193 4920 3255 4973 Β.
3312 4916 3388 4970 Τὰ
3444 4912 3748 4989 θεῖαγάνά-

2093 4987 2264 5062 κτορα
2294 4996 2384 5067 60.
2405 4987 2475 5067 C.
2508 4995 2788 5067 ecclesiam
2819 4992 3114 5067 denotat._
3144 4989 3218 5046 de
3260 5006 3401 5067 _qua
3445 4987 3745 5067 significa-

2098 5056 2259 5121 tione
2291 5064 2408 5121 vid.
2440 5066 2525 5121 Jo.
2547 5065 2821 5119 Wolfium
2842 5063 2916 5118 ad
2947 5063 3226 5117 Photium
3249 5056 3462 5116 Contra
3493 5056 3745 5113 Manich.

2097 5137 2320 5193 Anecd.
2361 5139 2453 5194 Gr.
2489 5138 2559 5192 Il.
2592 5138 2716 5209 213.
2740 5135 2811 5209 _C.
2844 5131 3167 5209 Kaea‘ipeglc
3200 5138 3398 5209 autem
3421 5131 3518 5185 hic
3530 5128 3748 5209 eodem

2100 5226 2301 5274 sensu,
2371 5226 2487 5281 quo
2543 5204 2791 5268 καθελών
2851 5200 3032 5281 apud'
3066 5207 3153 5281 §._
3194 5206 3492 5281 Athamas.
3530 5200 3746 5281 Histor:

2102 5266 2303 5337 Ariani
2346 5266 2405 5335 Ι.⁸
2443 5266 2668 5352 389ηᾹ.
2717 5266 2904 5352 δρᾶς’
2937 5274 3205 5352 βασιλεῖς,
3271 5270 3625 5352 Βρετανίωνα,
3657 5266 3748 5321 καὶ

2102 5296 2303 5337 Anan.
2346 5296 2388 5335 l.
2444 5296 2565 5335 369.
2600 5296 2668 5336 Α.
2735 5298 2765 5332 τ
2806 5298 2883 5339 εις
2937 5296 3205 5352 μασιιχεις,
3274 5296 3625 5348 ῠρετανιωνα,
3659 5296 3748 5321 και

2101 5352 2462 5428 Μαγνέντιον,
2512 5349 2614 5428 καὶ-
2658 5296 2869 5428 milia»;
2919 5346 3185 5428 καθελῴγ,
3240 5363 3361 5428 cum
3412 5352 3518 5428 tres
3576 5345 3748 5428 impp.

2113 5414 2519 5488 Veiranionein,
2561 5426 2962 5492 Magnentium,
3021 5420 3239 5477 Gallum
3289 5418 3525 5486 imperio
3548 5414 3755 5492 fietu]:-

2105 5496 2279 5553 basset
2306 5515 2327 5562 ;
2385 5484 2873 5550 Montefalvconius
2926 5484 2959 5560 ς’
2995 5508 3131 5564 cum_
3171 5496 3287 5564 tres
3326 5484 3500 5556 reges.
3536 5485 3611 5564 _V.

2104 5575 2155 5622 et
2187 5570 2274 5627 G..
2302 5556 2432 5638 imp.
2470 5568 2796 5621 abdicasset.
2829 5556 3008 5638 Porro
3042 5561 3338 5633 καθαιρεῖν,
3370 5556 3555 5638 apud
3608 5556 3753 5609 scri-

2104 5645 2307 5711 ptores
2365 5629 2819 5711 ecclesiasticos,
2864 5636 3152 5699 solemne,
3207 5629 3385 5711 'soﬂnat
3419 5629 3753 5711 “deponere,

2106 5697 2490 5779 Exauctorare,
2548 5711 2618 5766 ab
2673 5710 2859 5781 ofﬁcio
2913 5697 3207 5761 removere.
3259 5700 3479 5760 Concil.
3514 5697 3758 5755 Chalce-
