4118 6438
330 450 453 511 785

1750 455 2148 517 HISTORI/E
2192 455 2339 519 LIB.
2386 457 2460 516 ν.

3647 464 3763 523 786

326 579 524 637 τδῦτον
557 581 765 638 κλείσω
795 581 1012 638 λοιπόνο
1049 607 1074 634 π
1116 587 1302 641 Ταῦτα
1359 585 1730 662 προσειποῦσα
1788 586 1964 641 ἐκεῖθεπ

2076 589 2376 661 ηΒθὶριιΓεθ
2409 593 2468 643 et
2523 589 2705 645 divini
2764 593 3155 649 Praecursoris
3210 599 3387 665 atque
3443 596 3758 667 praeconis,

328 670 498 747 ἐξῄει·
530 674 591 731 Ὁ
622 670 679 728 δὲ
708 673 964 749 βασιλεὺς
997 670 1069 728 δι’
1099 671 1239 744 ὅλης
1303 675 1396 747 μὲν
1442 683 1542 747 τῆς
1593 674 1842 757 φυλακῆς
1891 683 1990 745 τῆς

320 765 519 827 νυκτὸς
553 764 651 827 τὰς
706 767 956 835 συνήθεις
1008 763 1176 844 εὐχὰς
1238 764 1512 841 ἀνέπεμπε
1569 772 1648 841 τῷ
1703 766 1841 840 Θεῷ,
1899 765 1990 820 καὶ

2106 677 2295 745 humi,
2330 694 2509 748 super
2536 678 2693 749 pelle
2724 680 3083 750 pantherina
3113 685 3172 735 et
3199 681 3435 737 coactili
3492 682 3757 748 coccino,

2103 767 2287 837 quieti
2323 784 2383 822 se
2413 766 2674 822 tradidit.

320 860 396 923 τῆ
435 852 636 929 μελέτῃ
670 858 775 909 τῶν
807 855 965 910 θείων
995 860 1220 932 Γραφῶν
1255 853 1626 933 διεσχόλαζεν.
1664 857 1814 914 Ἐπεὶ
1848 853 1905 911 δε
1954 855 2044 910 τὸν
2106 854 2270 908 ὕπνον
2330 858 2365 924 ἡ
2435 855 2593 919 φύσις
2652 855 2870 929 ἀπῄτει,
2926 857 3034 929 πρὸ
3092 862 3199 912 τῶν
3261 862 3469 913 σεπτῶν
3530 857 3751 915 εἰκόνων

321 950 428 1012 τῆς
485 965 544 1000 τε
597 941 918 1019 θεανδρικῆς
973 949 1071 1000 τοῦ
1129 946 1368 1023 Χριστοῦ
1428 954 1673 1025 μορφῆς,
1728 944 1816 1002 καί
1870 952 1969 1015 τῆς
2030 945 2400 1019 Θεομήτορος,
2458 943 2547 998 καὶ
2600 949 2696 1000 τοῦ
2757 944 2903 1010 θείου
2960 943 3287 1022 Προδρόμου
3343 947 3432 1002 καὶ
3488 950 3752 1023 κήρυκος,

324 1032 476 1106 παρᾶ
503 1033 567 1088 τὸ
596 1031 927 1110 παρδάλεων
960 1031 1149 1110 δέρῥος
1179 1035 1269 1090 καὶ
1298 1037 1389 1091 τὸν
1417 1031 1741 1116 κοκκοϐαφῆ
1775 1033 1962 1103 πῖλον,
1997 1032 2077 1088 ἐπ’
2110 1031 2338 1113 ἐδάφους
2373 1031 2740 1090 διανεπαύετο.

399 1149 459 1217 ζ’.
494 1150 563 1206 Οἱ
598 1145 656 1204 δὲ
694 1150 833 1225 πρὸς
892 1157 994 1221 τῆς
1051 1151 1377 1228 Αὐγούστης
1433 1149 1823 1231 ὑποδεχθέντες
1885 1150 1988 1205 ὑπ-

316 1237 516 1312 ηρέται
573 1243 671 1294 τοῦ
725 1240 997 1312 Ἰωάννου,
1048 1244 1145 1296 τοῦ
1181 1238 1461 1314 δωματίου
1510 1243 1757 1321 ξιφήρεις
1815 1240 1987 1310 ἐκπη-

318 1327 605 1400 δήσαντες,
635 1333 736 1402 τῆν
788 1331 992 1388 ἐκείνου
1041 1332 1219 1412 ἄφιξιν
1275 1331 1678 1413 προσεδέχοντα
1735 1334 1802 1403 9⁸,
1860 1332 1984 1407 περὶ

316 1423 388 1476 τὰ
418 1422 654 1497 ὕπαιθρα
697 1426 805 1479 τῶν
863 1421 1158 1498 βασιλείων
1221 1424 1483 1498 ὑπερῴων
1533 1423 1985 1496 κατασκοπούμε-

319 1533 427 1567 νοι.
458 1510 724 1585 Ηὲμπτην
754 1515 853 1580 τῆς
886 1513 1077 1575 νυκτὸς
1137 1511 1283 1587 ὥραν
1331 1514 1358 1567 ὁ
1408 1513 1646 1590 γνώμων
1694 1510 1801 1583 ἤδη
1851 1534 1984 1567 κατ-

316 1600 725 1679 επηγγέλλετο’
753 1599 976 1677 δριμεῖα
1005 1599 1065 1658 δέ
1094 1624 1178 1665 τις
1212 1602 1407 1678 βορέου
1432 1604 1567 1677 αὖρα
1596 1604 1658 1659 τὸ
1682 1607 1777 1658 τοῦ
1822 1601 1983 1677 ἀέρος

318 1693 514 1771 ἐπεῖχε
552 1693 905 1766 κατάστημα,
956 1693 1045 1748 καὶ
1101 1693 1245 1771 χιὼν
1310 1692 1495 1770 ἐγεῖτο
1554 1690 1767 1761 πολλή·
1830 1691 1980 1746 καὶὸ

309 1780 569 1852 Ἰωάννης
646 1781 871 1860 ἀφίκετο
956 1784 1000 1818 ⁸⁸
1088 1781 1224 1856 μετὰ
1303 1785 1412 1836 τῶν
1476 1785 1828 1855 συνωμοτῶν,
1890 1780 1978 1835 ἐπὶ

311 1863 530 1943 λέμϐου
572 1867 665 1924 τὸν
715 1866 968 1946 αἰγιαλὸν
1025 1867 1385 1944 παραπλέων,
1442 1869 1533 1924 καὶ
1590 1876 1688 1939 τῆς
1744 1868 1973 1943 ἠπείρου

2168 1151 2264 1206 87
2303 1154 2355 1206 7.
2388 1152 2551 1207 Inter
2580 1152 2706 1207 haec
2733 1153 2979 1207 Joannis
3027 1152 3388 1221 administri,
3435 1172 3584 1226 quos
3632 1157 3748 1211 Au-

2096 1246 2267 1313 gusta
2297 1247 2625 1313 receperat,
2659 1258 2690 1296 e
2721 1241 2873 1297 cella
2901 1259 3038 1297 cum
3069 1243 3282 1315 gladiis
3301 1245 3513 1299 emersi
3538 1245 3750 1300 adven-

2098 1334 2223 1384 tum
2260 1331 2391 1400 ejus
2442 1330 2961 1401 praestolabantur,
3024 1349 3054 1386 e
3108 1332 3324 1387 solario
3376 1332 3752 1406 fastigiorum

2094 1418 2299 1489 palatii
2331 1419 2730 1490 speculantes.
2757 1421 3005 1491 Jamque
3027 1421 3297 1491 quintam
3328 1423 3520 1477 noctis
3541 1423 3751 1478 horam

2094 1525 2354 1579 gnomon
2386 1508 2726 1564 indicabat:
2760 1509 2955 1581 gelida
2984 1510 3284 1580 aquilonis
3311 1528 3458 1567 aura
3477 1513 3751 1585 regiones

2094 1598 2384 1669 perflabat
2408 1600 2623 1661 aerias.
2656 1599 2759 1653 nix
2788 1606 2987 1654 autem
3029 1599 3418 1656 delabebatur
3445 1602 3704 1673 plurima
3731 1618 3746 1656 :

2091 1704 2226 1741 cum
2256 1688 2513 1742 Joannes
2545 1686 2784 1742 advenit
2813 1704 2947 1743 cum
2978 1689 3328 1761 conjuratis,
3382 1691 3443 1745 in
3473 1690 3749 1746 navicula

2090 1775 2257 1831 littus
2290 1776 2513 1847 legens,
2548 1782 2725 1847 atque
2757 1776 2857 1831 ubi
2892 1777 2985 1831 leo
3020 1777 3288 1849 lapideus
3323 1783 3559 1834 taurum
3591 1781 3750 1852 capit

2089 1866 2507 1933 (Bucoleonem
2539 1866 2735 1920 locum
2766 1872 2978 1921 vocant
3007 1866 3223 1937 vulgo),
3250 1868 3310 1921 in
3340 1873 3557 1923 terram
3592 1870 3742 1925 exit:

306 1955 747 2033 προσεπιϐαίνων
796 1963 928 2030 (97),
984 1957 1135 2013 'ivao
1168 1956 1380 2022 λίθινος
1435 1956 1574 2013 λέων
1631 1958 1722 2014 τὸν
1778 1962 1964 2032 ταῦροι

2085 1959 2292 2025 estque
2323 1954 2395 2009 ab
2427 1953 2825 2026 adjutoribus,
2859 1971 3116 2025 superne
3148 1972 3179 2009 e
3211 1956 3429 2010 solario
3473 1957 3742 2023 intentis,

308 2053 521 2125 ζωγρεῖ
548 2044 945 2117 (Βουκολέοντα
975 2048 1066 2102 τὸν
1097 2069 1268 2103 τοπον
1313 2045 1578 2117 κέκληκεν
1607 2050 1642 2117 ἡ
1677 2048 1970 2119 συνήθεια).

304 2138 371 2200 δς
428 2141 544 2197 τοῖς
599 2133 803 2199 ἄνωθεν
860 2133 947 2191 ἐπὶ
1008 2142 1116 2193 τῶν
1207 2136 1489 2213 ὑπαίφρων
1565 2136 1977 2210 προκύπτουσιν

302 2226 607 2301 ὑπηρέταις
689 2225 955 2298 συρίττων
1022 2224 1443 2304 ἐπεγινώσκετο.
1530 2228 1796 2283 Τοιοῦτον
1869 2226 1973 2304 γὰρ

307 2322 429 2378 τοῖς
487 2314 860 2389 παλαμναίοις
920 2312 1138 2371 ἐδέδοτο
1226 2316 1492 2389 σύνθημα.
1568 2316 1801 2395 Κόφινον
1882 2320 1976 2370 οὖν

300 2403 608 2467 καλωδίοις
692 2402 1057 2481 ἐξηρτημένον
1141 2403 1484 2485 χαλάσαντες
1571 2404 1795 2474 ἄνωθεν,
1856 2406 1976 2459 καθ’

305 2494 404 2550 ἕνα
449 2495 577 2558 τοὺς
632 2493 957 2567 συνωμότας
1013 2494 1281 2570 πρότερον
1332 2495 1570 2556 ἅπαντας
1616 2494 1973 2569 ἀνιμήσαντο,

312 2581 505 2640 ἔπειτα
540 2580 595 2639 δὲ
649 2584 740 2639 καὶ
792 2584 885 2639 τὸν
939 2583 1190 2655 Ἰωάννην
1237 2583 1421 2640 αὐτόν.
1486 2581 1831 2648 ’Λνελθὸντες
1881 2581 1972 2637 οὖν

302 2675 457 2748 παρὰ
542 2678 715 2729 πᾶσαν
804 2672 1144 2748 ἀνθρωπίνην
1233 2672 1512 2742 ὑπὸνοιαν,
1569 2673 1660 2728 καὶ
1729 2674 1795 2728 τὰ
1847 2671 1972 2751 ξίφη

301 2763 721 2840 γυμνώσαντες,
766 2761 842 2816 εἰς
874 2763 967 2817 τὸν
1027 2760 1314 2838 βασιλικὸν
1376 2760 1744 2817 εἰσελαύνουσι
1803 2759 1976 2826 θάλα-

308 2874 415 2927 μον
461 2853 550 2907 καὶ
612 2853 712 2922 τὴν
771 2849 966 2923 κλίνην
1017 2850 1435 2932 κατειληφότες,
1481 2852 1569 2908 καὶ
1630 2852 1833 2922 ταύτην
1894 2852 1976 2908 εὕ-

314 2944 501 3017 ρόντες
532 2943 695 3012 κενὴν
727 2941 817 2996 καὶ
867 2942 942 3015 μή
1002 2963 1124 2996 τινα
1180 2940 1230 2995 ὲν
1292 2941 1429 3015 αὐτῇ
1481 2937 1973 3015 διαναπαυόμενον,

306 3031 650 3108 ἐπεπήγεσαν
734 3031 842 3086 ἀπὸ
922 3036 1019 3086 τοῦ
1094 3028 1273 3099 δέους,
1358 3030 1449 3085 καὶ
1512 3035 1975 3105 κατακρημνίζειν

307 3122 508 3183 αὐτοὺς
569 3120 867 3196 ἐπειρῶντο
926 3120 1061 3194 πρὸς
1119 3118 1411 3176 θάλασσαν.
1473 3118 1631 3178 Ἀλλ’
1690 3117 1974 3194 ἀνδράριόν

306 3232 371 3267 τε
402 3217 510 3266 τῶν
545 3209 604 3266 ἐκ
661 3214 760 3280 τῆς
814 3206 1260 3286 γυναικωνίτιδος
1317 3209 1548 3285 ἷταμῶν,
1607 3209 1782 3265 αὐτῶν
1835 3213 1975 3285 ἡγη-

302 3300 558 3374 σάμενον,
623 3298 964 3357 ὑποδεικνύει
1045 3301 1137 3355 τὸν
1201 3298 1431 3375 βασιλέα
1500 3298 1849 3371 καθεύδοντα,
1909 3298 1966 3355 ὄν

295 3392 494 3468 κύκλῳ
552 3393 901 3470 περιστάντες
958 3387 1178 3449 ἔνυττον
1255 3398 1372 3455 τοῖς
1451 3393 1608 3448 ποσὶν
1664 3391 1969 3467 ἐναλλόμε-

298 3505 388 3538 νοι
420 3485 485 3538 9⁵.
523 3481 912 3548 Διυπνισθέντα
966 3479 1022 3537 δὲ
1072 3487 1266 3538 τοῦτον
1316 3483 1407 3537 καὶ
1457 3484 1555 3552 τήν
1599 3480 1842 3562 κεφαλὴν
1888 3481 1969 3538 ἐπ’

298 3574 554 3650 ἀγκῶνος
611 3571 908 3648 ἐρείσαντα,
967 3572 1106 3652 ξίφει
1157 3571 1351 3647 βιαίως
1402 3571 1549 3626 παίει
1606 3572 1754 3626 Λέων
1788 3573 1816 3626 ὁ
1870 3579 1965 3626 Βα-

298 3660 511 3733 lix-1:1,:
556 3662 984 3737 ὀνομαζόμενος.
1046 3662 1106 3718 Ὀ
1152 3658 1207 3715 δὲ
1247 3659 1624 3736 περιαλγήσας
1666 3665 1745 3733 τῷ
1800 3661 1961 3735 τραύ-

293 3773 433 3825 ματι
463 3751 659 3831 (μέχρι
689 3752 736 3789 ⁸⁸
783 3758 882 3821 τῆς
932 3749 1134 3829 ὀφρύος
1177 3751 1268 3803 καὶ
1317 3756 1416 3818 τῆς
1470 3747 1802 3828 β).εφαρίδος
1832 3753 1872 3787 θι
1898 3750 1960 3805 τὸ

292 3843 457 3920 ξίφος
484 3842 762 3910 καθίκετο,
804 3840 1080 3915 ἀπαράξαν
1114 3838 1207 3912 μὲν
1260 3839 1322 3893 τὸ
1375 3838 1588 3908 ὀστοῦν,
1633 3840 1709 3911 μή
1749 3837 1961 3908 πλῆξαν

294 3928 360 3986 δὲ
390 3930 484 3985 τὸν
516 3928 868 4010 ἐγκέφαλον),
901 3953 927 3979 ‹‹
965 3927 1216 3997 Θεοτόκε,
1271 3929 1485 4002 βοήθει,
1522 3950 1550 3978 ››
1582 3926 1838 4004 ἐκέκραγε
1868 3949 1961 4002 γε-

296 4020 584 4099 γωνοτέρᾳ
643 4024 821 4100 φωνῆ·
854 4019 1064 4095 έῤῥεῖτο
1125 4015 1182 4073 δὲ
1237 4019 1582 4096 πανταγόθεν
1629 4024 1708 4091 τῷ
1767 4017 1961 4092 α’ἷματι

284 4116 385 4167 καὶ
418 4112 880 4190 κατεφοινίσσετο.
914 4110 975 4166 Ὁ
1003 4105 1081 4179 ξδέ
1133 4107 1412 4178 Ἰωάννης,
1458 4106 1545 4163 ἐπὶ
1594 4114 1695 4178 τῆς
1746 4107 1961 4183 βασιλι-

280 4207 394 4268 κῆς
426 4200 652 4263 καθίσας
681 4204 994 4273 στρωμνῆς,
1051 4194 1272 4252 ἐλκῦσιν
1317 4196 1392 4259 ὡς
1442 4195 1604 4251 αὐτὸν
1653 4197 1744 4251 τὸν
1807 4198 1961 4272 βασι-

286 4288 395 4348 λέα
448 4287 905 4365 παρεκελεύσατο·
965 4288 1065 4344 Ὅν
1127 4284 1477 4354 ἐλκυσθέντα,
1541 4285 1845 4355 ὀκλάζοντά
1900 4309 1958 4343 τε

273 4380 375 4440 καὶ
409 4379 499 4435 ἐπὶ
532 4378 594 4434 τὸ
638 4371 834 4455 ἔδαφος
882 4374 1202 4453 διαρῥέοντα
1248 4373 1399 4449 (οὐδὲ
1446 4377 1551 4452 γὰρ
1603 4376 1723 4438 οἶός
1768 4396 1828 4431 τε
1884 4377 1950 4446 ἧν

2086 2043 2260 2097 sibilo
2292 2044 2545 2116 agnitus.
2581 2043 2887 2115 Ejusmodi
2920 2044 3082 2098 enim
3115 2043 3315 2115 impiis
3364 2044 3568 2099 datum
3618 2052 3745 2101 erat

2085 2131 2338 2205 signum.
2374 2132 2627 2188 Proinde
2661 2140 2862 2204 sporta
2891 2150 2996 2205 per
3026 2140 3214 2189 restes
3245 2134 3514 2207 alligatas
3564 2135 3742 2190 desu-

2081 2239 2265 2292 perne
2299 2221 2579 2288 demissa,
2615 2222 2805 2293 primo
2828 2223 3171 2294 conjuratos
3203 2240 3411 2278 omnes
3435 2223 3741 2296 sigillatim

2083 2318 2474 2378 attraxerunt,
2509 2312 2726 2367 deinde
2757 2312 2954 2385 ipsum
3004 2331 3239 2385 quoque
3291 2315 3598 2370 Joannem.
3654 2315 3743 2370 Ita

2083 2419 2219 2458 cum
2251 2408 2468 2474 prmter
2498 2418 2740 2457 omnem
2784 2402 3129 2475 Opinionem
3165 2404 3488 2458 humanam
3522 2405 3741 2459 evasis-

2083 2507 2237 2569 sent,
2274 2501 2576 2556 destrictis
2605 2500 2821 2573 gladiis
2860 2501 3203 2573 irrumpunt
3248 2502 3309 2557 in
3361 2503 3741 2574 imperatoris

2083 2589 2448 2657 cubiculum,
2483 2589 2824 2661 lectumque
2856 2589 3183 2646 invadunt:
3219 2608 3395 2663 quem
3439 2609 3575 2647 cum
3610 2593 3738 2647 ina-

2082 2695 2221 2732 nem
2244 2678 2637 2743 invenissent,
2661 2672 2856 2747 neque
2880 2679 3319 2750 quemquamin
3342 2696 3408 2735 eo
3436 2679 3742 2751 quiescen-

2086 2773 2226 2834 tem,
2256 2766 2647 2839 obriguerunt
2685 2782 2924 2837 pavore,
2975 2784 3225 2838 seseque
3274 2768 3648 2839 praecipitare
3678 2767 3740 2823 in

2083 2872 2247 2911 mare
2279 2856 2474 2909 conati
2537 2859 2696 2909 sunt.
2754 2856 2970 2910 Verum
3021 2857 3347 2912 homuncio
3397 2857 3617 2928 aliquis
3666 2856 3739 2911 de

2083 2945 2304 2999 scurris
2333 2962 2363 2999 e
2393 2960 2692 3016 gynaeceo,
2728 2944 2828 3014 qui
2865 2960 2967 2999 eos
3013 2945 3281 3013 duxerat,
3334 2945 3743 3001 submonstrat

2082 3034 2154 3087 iis
2186 3033 2606 3104 imperatorem
2640 3031 3077 3088 dormientem:
3114 3049 3288 3103 quem
3332 3032 3393 3086 in
3425 3033 3567 3088 orbe
3622 3033 3740 3088 cir-

2079 3121 3272 3192 cumstantespedibusferiunt,supraque
3287 3138 3423 3177 eum
3438 3122 3735 3178 insiliunt.

2079 3213 2411 3267 Excitatum
2444 3227 2513 3265 ex
2546 3227 2753 3265 somno
2791 3215 2849 3264 et
2877 3217 3055 3282 caput
3083 3211 3282 3266 cubito
3337 3212 3735 3267 sustinentem

2083 3302 2216 3368 Leo,
2241 3300 2484 3356 nomine
2512 3300 2808 3365 Balantes,
2833 3300 3217 3355 vehementer
3231 3300 3427 3373 gladio
3456 3303 3735 3374 percutit.

2081 3390 2348 3446 Percitus
2376 3390 2581 3445 dolore
2622 3389 2723 3446 88
2746 3389 3007 3444 vulneris
3030 3390 3191 3461 (nam
3217 3406 3408 3461 usque
3432 3391 3505 3446 ad
3532 3408 3734 3463 super-

2078 3490 2216 3545 cilia
2272 3494 2331 3543 et
2385 3488 2701 3561 palpebras
2764 3488 2996 3561 gladius
3052 3493 3484 3560 penetraverat,
3543 3507 3729 3561 osque

2075 3579 2423 3646 resciderat,
2457 3578 2646 3633 illwso
2674 3583 2873 3633 tamen
2904 3577 3190 3648 cerebro),
3241 3578 3538 3634 clamabat
3574 3578 3730 3635 elata

2072 3684 2235 3733 voce,
2271 3691 2296 3717 «
2333 3666 2607 3737 Deipara.
2641 3666 2825 3737 jUVa:
2862 3687 2889 3713 n
2941 3665 3221 3721 diffluens
3273 3666 3541 3737 undique
3585 3682 3723 3722 san-

2073 3758 2250 3829 guine
2275 3762 2333 3811 et
2352 3762 2658 3811 cruentus.
2690 3762 2763 3810 At
2781 3757 3058 3819 Joannes,
3081 3755 3184 3825 qui
3208 3755 3269 3817 in
3291 3761 3541 3828 augusto
3571 3755 3724 3811 lecto

2074 3844 2607 3909 consederat,trahi
2626 3844 2699 3899 ad
2723 3860 2784 3899 se
2804 3844 3226 3915 imperatorem
3237 3844 3722 3916 jussit.Raptum,

2073 3953 2208 3990 cum
2244 3935 2454 3989 solutis
2486 3932 2772 3988 membris
2804 3931 2877 3987 ad
2904 3933 3099 3988 solum
3145 3932 3545 3989 collaberetur
3592 3939 3727 4005 (nec

2073 4025 2232 4079 enim
2263 4039 2416 4096 genu
2447 4023 2556 4078 niti
2589 4028 2844 4094 poterat,
2874 4022 3095 4094 insigni
3126 4023 3255 4093 ejus
3286 4022 3496 4077 robore
3553 4022 3727 4095 plaga

2069 4113 2250 4186 gladii
2280 4113 2511 4182 fracto),
2563 4111 2891 4184 interrogat
2945 4128 3081 4166 cum
3138 4111 3340 4178 minis,
3398 4118 3499 4166 et:
3558 4132 3587 4161 ‹‹
3620 4112 3724 4167 Dic

2071 4203 2237 4269 mihi,
2271 4224 2299 4252 »
2332 4202 2549 4272 inquit,
2585 4221 2613 4251 «
2645 4200 2858 4255 stolide
2887 4206 2947 4255 et
2973 4200 3170 4254 invide
3200 4206 3468 4270 tyranne,
3517 4216 3720 4255 annon

2066 4309 2174 4363 per
2198 4308 2293 4346 me
2316 4289 2637 4346 ascendisti
2659 4289 2735 4343 ad
2756 4289 3157 4359 principatum
3178 4290 3509 4342 Romanum
3532 4288 3560 4343 ?
3589 4290 3716 4343 Non

2065 4396 2174 4452 per
2202 4396 2297 4434 me
2328 4379 2440 4433 hoc
2473 4382 2706 4433 tantum
2735 4376 3055 4448 imperium
3088 4375 3450 4448 suscepisti?
3476 4376 3583 4441 Qui
3604 4376 3716 4449 igi-

1495 4535 1556 4591 C.
1608 4535 1672 4590 B.
1716 4536 1903 4591 HASII
1941 4536 2497 4593 ANNOTATIONES.

350 4685 396 4723 ’3
420 4680 790 4758 προσεδέχετο
807 4683 950 4758 Δϐοά.

268 4760 320 4799 se
353 4746 513 4815 Εοι-ἰ,
551 4746 721 4833 μέχβι
750 4754 877 4830 γάρ,
982 4751 1030 4788 ³⁷
1066 4746 1416 4831 βκεφαρίδος]
1450 4746 1785 4828 φλεϐαρίδος
1819 4746 1949 4809 cod.

1054 4679 1103 4759 ’ξ
1131 4675 1351 4759 ἀφίκετο
1378 4679 1517 4759 Qod.
1546 4678 1964 4759 plusquampei

2079 4688 2158 4754 to,
2192 4681 2410 4759 ἀφῖκτο,
2441 4684 2508 4736 ut
2566 4678 2722 4734 infra
2774 4680 2862 4733 69.
2918 4679 2980 4732 Β.

3084 4676 3128 4713 ⁸⁸
3158 4672 3526 4749 εναλλόμενον
3578 4679 3711 4738 cod.

351 4935 470 5004 (97)
522 4920 1251 5004 νεὼιιιῐι-προσεπιϐαίνω
1310 4926 1493 4997 (quod
1550 4944 1671 5004 non
1728 4928 1941 5004 _est_i_n

2076 4930 2564 5004 ἀἷς-συμφοραῖς,
2625 4924 3082 5004 Olympiodorus
3147 4925 3368 5004 (Eatena
3425 4927 3487 5004 in
3548 4925 3706 4986 beat.

277 4999 538 5073 Le'xicis)
558 5003 668 5057 Leo
690 5001 866 5057 modo
889 5016 1024 5073 cum
1045 4999 1301 5073 genitivo
1322 5000 1634 5073 construit,
1656 5000 1817 5054 velut
1845 5000 1943 5054 hic

275 5080 372 5136 60.
408 5076 470 5129 Β.
506 5070 563 5129 et
592 5077 681 5128 97.
719 5074 775 5128 D.
813 5072 991 5127 modo
1033 5070 1169 5126 cum
1218 5070 1433 5137 dativo,
1480 5077 1545 5125 ut
1574 5074 1625 5127 6.
1662 5073 1721 5126 Β.
1755 5074 1843 5126 42.
1879 5073 1939 5125 C.

273 5148 506 5206 Eodem
538 5163 679 5202 casu
740 5150 833 5200 est
887 5142 1045 5216 apud
1105 5142 1608 5216 Theqphylactum
1658 5143 1815 5199 Orat.
1869 5143 1941 5197 de

274 5224 489 5279 sancta
519 5219 703 5294 C_ruce
735 5212 953 5294 Βρβλσ.
1001 5212 1464 5294 προσεπιϐαίνωνη
1487 5216 1576 5294 τῇ-
1597 5215 1701 5294 Δγῳῇ.
1732 5216 1937 5294 _Usur.:

270 5299 459 5367 patur
484 5289 664 5367 etiam
694 5305 731 5343 a
761 5286 1010 5367 Philone
1042 5283 1510 5367 De'temulentia
1559 5283 1680 5340 19⁷7.
1732 5288 1796 5367 Εἶ
1852 5283 1939 5367 καὶ

272 5355 724 5437 ἔτροσεπιϐαίνειν
757 5356 1012 5428 ἠξίωσεν,
1043 5357 1144 5413 ubi
1187 5357 1504 5429 exponitur
1549 5360 1935 5428 praevaricari.

278 5435 544 5488 Alterius
602 5429 1015 5488 decomnositi.
1084 5420 1559 5488 προσεπεμϐαίνω.
1613 5429 1935 5485 secundam

277 5440 544 5492 Alterius
602 5440 1015 5502 decomposm,
1084 5440 1559 5499 προσεπεμῧαινω,
1613 5440 1939 5485 secundam

280 5509 719 5580 ﬁguratamque
742 5500 1259 5580 significationem.
1284 5501 1937 5580 insulto,_ig'rideo,zeque

273 5572 357 5636 iri
393 5572 734 5633 novissimis
790 5572 1152 5645 optimisque
1206 5572 1442 5645 Lexicis,
1480 5572 1647 5627 video
1696 5578 1936 5644 praeter-

270 5650 545 5710 missam.
580 5643 931 5717 Quanquam
963 5661 1085 5699 non
1121 5644 1317 5717 desint
1344 5643 1522 5714 hujus
1553 5660 1696 5699 usus
1729 5649 1935 5699 aucto-

269 5716 859 5782 ritatesidoneaefS.
919 5718 1083 5773 Joan.
1146 5716 1600 5785 Clirysostomus
1660 5718 1815 5771 Orat.
1873 5733 1933 5771 ιι.

274 5780 340 5853 in
374 5796 571 5850 Lazar.
610 5790 681 5848 V.
727 5793 852 5845 241.
898 5790 968 5843 28
1028 5787 1103 5859 μή
1153 5780 1714 5861 προσεπεμϐαίνωμεν
1767 5787 1934 5842 αὑτοῦ

2050 4999 2155 5079 Job
2186 4988 2310 5079 1129..
2346 4988 2576 5079 (ξκατὰ
2596 4988 2900 5079 πρόσωπον
2936 4992 3364 5079 λοιδορεῖτέθμε,
3395 4997 3487 5079 καὶ
3534 5016 3706 5079 πρρς.

2052 5063 2405 5162 ἐπεμϐαίνετέ
2438 5090 2549 5162 μοι.
2588 5063 2726 5137 Quae
2759 5069 3064 5162 lpca,naut
3099 5063 3361 5162 similia,
3414 5063 3705 5162 Hesychia

2052 5144 2362 5200 obversata
2393 5149 2553 5207 sunt,
2602 5158 2740 5212 cum
2783 5142 2825 5194 Ι.
2890 5141 3048 5212 1044.
3110 5141 3170 5212 Β.
3237 5140 3703 5212 Προσεπεμὸαίνει

2053 5216 2479 5285 interpretatus
2534 5221 2624 5269 est
2687 5210 3032 5280 έπιτωθάζει,
3121 5209 3362 5285 ἐπιγελᾷ.
3448 5209 3705 5285 Verbum

2049 5283 2364 5356 ἐπεμϐαίνω
2398 5286 2584 5341 simili
2618 5301 2791 5356 sensu
2831 5288 3176 5356 usurpatur,
3208 5283 3274 5338 ut
3303 5283 3442 5356 duo,
3476 5284 3608 5340 loca
3637 5301 3708 5339 ex

2050 5345 2255 5413 multis
2286 5359 2614 5425 nominem,
2647 5359 2708 5411 in
2741 5345 2927 5428 Epist.
2970 5345 3213 5428 nomine
3255 5355 3448 5410 concil
3480 5357 3700 5410 Nicam.

2050 5431 2290 5501 scripta,
2325 5429 2481 5501 apud
2513 5426 2936 5501 Socratnilistf
2994 5426 3213 5501 Eccles.
3255 5428 3354 5501 28._
3396 5427 3640 5501 A_._item
3672 5443 3707 5482 a

2049 5493 2320 5557 Cedreno
2357 5493 2423 5556 ll.
2456 5503 2579 5555 670.
2633 5502 2697 5555 D.
2754 5493 3038 5565 ἐπιϐαίνω,
3099 5496 3256 5551 idem
3298 5497 3703 5569 isignificante,

2047 5573 2324 5644 cOpiosus
2353 5574 2398 5627 J.
2434 5572 2645 5627 Tobias
2676 5571 2956 5644 Krebsius
2989 5568 3342 5644 in_Decretis
3374 5568 3700 5644 ’Romano-

2046 5640 2177 5699 rum
2211 5661 2317 5715 pro
2346 5643 2565 5700 Judaeis
2596 5643 2766 5699 factis
2796 5642 3002 5715 25._B._.
3037 5640 3476 5715 demonstrans,
3498 5642 3703 5698 omnia

2044 5716 2167 5772 fere
2199 5710 2471 5793 veniendi
2504 5716 2679 5793 verba
2709 5732 2841 5793 cum
2891 5710 2999 5793 ἐπί.
3051 5710 3336 5793 adjuncto
3381 5727 3521 5767 casu
3569 5730 3702 5785 per-

2046 5805 2228 5860 sonae,
2261 5789 2570 5844 notionem
2620 5787 2857 5841 hostilis
2888 5782 3209 5838 invasionis
3242 5782 3480 5838 habere°
