4118 6420
344 502 467 563 789

1728 492 2122 556 HISTORIIE
2164 489 2312 551 LIB.
2357 488 2435 550 γ.

3655 483 3776 543 ’790

340 641 445 702 τῆς
478 638 626 703 ζωῆς
656 635 858 709 χρόνον
895 633 1237 703 πεντήκοντα
1291 631 1383 687 καὶ
1414 630 1550 685 ἑπτὰ
1599 626 1693 697 ἔτη
1729 622 1995 696 διαϐιοὺς,

2113 630 2231 681 tate
2263 623 2392 679 sine
2409 619 2812 677 controversia
2835 617 3224 687 antecellens,
3254 632 3489 673 summa
3505 616 3566 671 in
3596 615 3775 673 bellis

339 720 396 796 ἓξ
431 722 489 778 δὲ
517 725 610 778 καὶ
645 723 847 795 μόνους
878 722 1156 784 ἐνιαυτοὺς
1201 721 1337 797 πρὸς
1398 720 1531 794 μησὶ
1588 719 1842 792 τέσσαρσι
1897 718 1999 787 τὴν

346 819 450 881 τῆς
476 809 753 888 βασιλείας
785 811 967 875 ἰθύνεις
1016 811 1221 886 ἀρχήν⁸
1280 810 1420 885 ἀνὴρ
1468 806 1686 884 ἀνδρείᾳ
1741 807 1831 863 καὶ
1891 806 1997 861 σώ-

348 922 520 975 ματος
581 902 744 979 ῥώμῃ
777 907 949 958 πᾶσαν
982 898 1258 977 ἀδηρίτως
1298 894 1636 973 ὑπερϐαίνων
1719 898 1819 966 τὴν
1881 897 2000 952 κατ’

343 991 505 1045 αὐτὸν
546 991 756 1068 γενεὰν,
820 990 1214 1065 ἐμπειρότατός
1267 1010 1326 1045 τε
1381 988 1471 1044 καὶ
1559 986 1996 1059 δραστικώτατος

338 1079 409 1133 τὰ
436 1076 705 1153 πολέμια,
736 1080 829 1135 καὶ
859 1080 998 1155 πρὸς
1028 1084 1201 1134 πᾶσαν
1257 1076 1401 1133 ἷδέαν
1461 1077 1641 1132 πόνων
1693 1073 1997 1147 ἀνένδοτος,

332 1168 428 1223 καὶ
485 1172 743 1242 σώματος
800 1167 1121 1244 ἀμείλικτος
1179 1168 1268 1224 καὶ
1330 1166 1694 1229 ἀκολάκευτος
1751 1162 1996 1237 ἡδοναῖς·

345 1257 710 1338 μεγαλόφρων
741 1283 799 1317 τε
836 1261 927 1317 καὶ
988 1258 1341 1337 μεγαλοφυής
1392 1261 1459 1315 τὰ
1508 1258 1793 1326 πολιτικά,
1850 1258 1997 1313 ivve-

348 1350 576 1423 μώτατα
606 1347 864 1422 δικάζων,
895 1350 986 1407 καὶ
1019 1355 1337 1425 νομοθετῶν
1396 1347 1676 1419 ἀσφαλῶς,
1732 1347 1823 1404 καὶ
1885 1370 1996 1423 μη-

339 1437 497 1501 δενὸς
528 1444 636 1495 τῶν
665 1440 717 1494 ἐν
766 1440 987 1506 τούτοις
1048 1434 1478 1516 κατατριϐέντων
1537 1438 1880 1512 ἡττώμενος·
1940 1438 1993 1494 ἐν

337 1525 399 1583 δὶ
427 1533 547 1590 ταῖς
572 1529 767 1605 εὐχαῖς
797 1529 886 1584 καὶ
918 1535 1038 1593 ταῖς
1069 1529 1372 1605 παννύχοις
1419 1529 1554 1600 πρὸς
1612 1528 1741 1583 Θεὸν
1804 1528 1993 1583 στάσε-

337 1639 421 1672 σιν
454 1616 738 1691 ἆκαμπτός
795 1640 855 1675 τε
904 1621 997 1675 καὶ
1050 1617 1435 1692 ἀδαμάντινος,
1482 1618 1884 1694 ἀμετεώριστον
1936 1618 1989 1672 ἐν

330 1711 456 1769 ταῖς
491 1705 793 1780 ὑμνῳδίαις
820 1709 912 1763 τὸν
940 1713 1061 1763 νοῦν
1094 1714 1400 1782 συντηρῶν,
1449 1708 1542 1763 καὶ
1585 1708 1719 1782 πρὸς
1775 1707 1844 1762 τὰ
1876 1709 1988 1780 μά-

328 1817 462 1851 ταια
493 1793 759 1869 μηδόλως
819 1792 1178 1874 ῥεμϐόμενον.
1237 1800 1323 1871 [Ρ.
1377 1800 1467 1872 55]
1530 1796 1857 1870 Ἐλάττωμα
1933 1795 1990 1853 δὲ

332 1889 499 1941 τοῦτο
529 1888 847 1959 προσῆπτον
879 1888 932 1942 οἱ
962 1886 1168 1943 πολλοὶ
1196 1892 1277 1960 τῷ
1307 1884 1486 1962 ἀνδρὶ,
1519 1882 1602 1941 ὅτι
1659 1907 1717 1942 τε
1746 1886 1987 1962 ἀπαρεγ-

2111 732 2248 771 cum
2270 713 2398 769 Peri
2408 713 2489 768 tia
2504 716 2630 767 tum
2647 710 2971 778 alacritate,
2993 708 3067 764 ad
3089 725 3267 763 omne
3288 724 3475 780 genus
3496 706 3768 762 laborum

2111 804 2438 866 obdurans,
2484 798 2884 871 voluptatibus
2941 798 3208 870 corporis
3267 798 3649 868 incorruptus
3712 799 3765 849 et

2111 892 2545 958 indelectatus;
2580 888 2847 945 liberalis
2890 893 3181 959 praeterea
3212 892 3270 941 et
3315 885 3669 958 magniﬁcus
3700 885 3763 938 in

2109 980 2628 1039 administratione
2645 978 2824 1047 civili,
2839 977 3023 1050 judex
3040 976 3430 1047 justissimus,
3461 973 3766 1047 legislator

2110 1073 2341 1138 ﬁrmus,
2365 1086 2559 1141 neque
2592 1068 2701 1124 ulli
2734 1083 2961 1130 eorum,
2995 1065 3096 1137 qui
3126 1065 3219 1119 his
3250 1064 3312 1120 in
3345 1063 3525 1119 rebus
3546 1062 3760 1117 versati

2110 1168 2271 1231 sunt,
2302 1158 2774 1234 postponendus.
2807 1159 2872 1211 In
2907 1155 3181 1229 precibus
3207 1160 3407 1210 autem
3455 1152 3761 1226 pernocti-

2109 1252 2340 1323 busque
2361 1256 2498 1305 ante
2529 1251 2759 1304 Numen
2781 1245 3139 1302 stationibus
3165 1261 3402 1300 severus
3435 1248 3563 1299 erat
3581 1247 3758 1313 atque

2107 1350 2552 1413 adamantinus,
2582 1346 2946 1402 inturbatam
2986 1344 3048 1399 in
3079 1344 3324 1399 canticis
3356 1346 3617 1397 mentem
3645 1355 3765 1395 ser-

2105 1458 2269 1508 vans,
2303 1440 2376 1496 ad
2404 1438 2693 1493 vanitates
2723 1434 3185 1506 haudquaquam
3224 1432 3626 1489 delabentem.
3661 1429 3759 1484 Ni-

2105 1529 2436 1585 hilominus
2462 1527 2574 1582 hoc
2602 1525 2810 1580 vitium
2838 1522 3280 1595 exprobrabant
3307 1521 3367 1576 in
3402 1521 3506 1575 illo
3564 1518 3760 1590 vulgo,

2104 1620 2263 1693 quod
2291 1618 2364 1674 ab
2396 1616 2677 1672 omnibus
2714 1615 3121 1685 incorruptam
3152 1613 3256 1666 90
3303 1612 3577 1666 virtutem
3622 1608 3760 1675 coli,

2101 1725 2295 1780 neque
2321 1707 2567 1762 omnino
2591 1720 2877 1760 asumma
2901 1702 3178 1773 aequitate
3194 1700 3391 1755 recedi
3409 1698 3761 1762 vellet.Quo-

2100 1802 2258 1857 circa
2287 1795 2673 1854 inexorabilis
2702 1800 2830 1850 erat
2855 1794 2917 1848 in
2948 1792 3324 1860 vindicando,
3349 1788 3755 1861 delinquenti-

2097 1890 2328 1960 busque
2359 1887 2542 1942 durus
2567 1883 2876 1939 videbatur
2904 1887 3082 1952 atque
3099 1880 3308 1953 gravis,
3344 1879 3752 1947 molestusque

334 1974 600 2067 χείρητον
630 1971 894 2032 ἐϐούλετο
950 1978 1085 2052 πρὸς
1144 1977 1398 2032 ἀπάντων
1448 1978 1825 2050 συντηρεῖσθαι
1883 1977 1982 2045 τήν

2113 1979 2241 2044 llis,
2273 1976 2375 2049 qui
2405 1975 2749 2030 liberiorem
2796 1973 2976 2027 vitam
3023 1986 3195 2042 agere
3244 1967 3584 2040 cupiebant.
3630 1967 3748 2037 Ego

332 2064 560 2137 ἀρετ-ἡν,
608 2065 699 2121 καὶ
763 2067 839 2140 μὴ
895 2068 1407 2142 παραχαράττεσθαι
1467 2069 1568 2138 τήν
1625 2071 1724 2123 τοῦ
1778 2065 1993 2122 δικαίου

2113 2092 2238 2131 vero
2270 2074 2424 2140 dico,
2459 2072 2576 2127 nisi
2605 2070 2783 2127 rebus
2816 2069 2900 2125 sic
2931 2066 3191 2123 secundo
3223 2082 3400 2121 cursu
3422 2061 3748 2119 ﬂuentibus

326 2149 636 2229 ἀκρίϐειαν.
675 2155 769 2210 Διὸ
824 2157 916 2210 καὶ
971 2156 1345 2233 ἀπαραίτητος
1382 2158 1449 2227 ἦν
1492 2157 1570 2221 εἰς
1621 2159 1723 2228 τὴν
1777 2156 1986 2212 τούτων

330 2243 640 2316 ἐκδίκησιν,
696 2246 789 2302 καὶ
848 2252 967 2310 τοῖς
1027 2246 1426 2303 ὀλισθαίνουσιν
1487 2245 1848 2319 ἀδυσώπητος
1900 2246 1993 2303 καὶ

332 2336 597 2413 φορτικὸς
630 2334 826 2405 ἐδόκει,
857 2337 947 2393 καὶ
980 2337 1231 2415 ἐπαχθὴς
1262 2341 1381 2401 τοῖς
1436 2335 1735 2416 ἀδιάφορον
1779 2336 1993 2394 ἀντλεῖν

324 2427 422 2482 τὸν
464 2425 585 2502 βίον
618 2425 916 2483 ἐθέλουσιν.
954 2428 1099 2503 Ἐγὼ
1130 2427 1187 2483 δέ
1227 2450 1395 2507 φημι,
1430 2430 1505 2491 ὡς
1536 2428 1580 2484 εἰ
1644 2430 1720 2502 μή
1750 2450 1836 2492 τις
1862 2431 2000 2484 κατά

337 2518 468 2593 ῥοῦν
497 2515 822 2595 φερομένοις
852 2519 899 2555 9°
943 2524 1061 2582 τοῖς
1093 2521 1378 2594 πράγμασι
1447 2519 1710 2595 βάσκανος
1756 2523 2001 2595 νεμεσή-

335 2628 476 2661 σασα
513 2607 660 2675 τύχη
689 2608 782 2663 τὸν
816 2605 983 2685 ἄνδρα
1012 2614 1205 2664 τοῦτον
1227 2608 1370 2684 ταχὺ
1421 2614 1519 2664 τοῦ
1553 2610 1674 2684 βίου
1725 2611 1999 2688 ἀπήγαγε,

337 2698 607 2770 μεγίστην
643 2695 703 2752 ἄν
736 2699 771 2767 ἡ
805 2703 913 2754 τῶν
946 2698 1235 2774 Ῥωμαίων
1270 2701 1547 2773 ἡγεμονία
1575 2698 1665 2755 καὶ
1725 2699 1844 2755 οἳαν
1904 2700 2002 2756 οὐκ

2099 2185 2207 2240 per
2227 2164 2511 2220 invidiam
2535 2161 2842 2232 indignata
2861 2159 3103 2214 fortuna
3122 2158 3283 2211 hunc
3310 2155 3501 2209 virum
3524 2153 3700 2208 citius
3723 2166 3754 2205 e

2102 2257 2221 2312 vita
2242 2250 2937 2319 sustulisset,maximum
2960 2245 3341 2318 splendorem
3358 2260 3453 2299 res
3466 2242 3755 2304 Romana,

2113 2351 2172 2402 et
2201 2343 2439 2416 qualem
2470 2356 2782 2411 nunquam
2814 2337 2986 2402 alias,
3019 2334 3398 2390 obtinuisset.
3433 2331 3546 2387 Sed
3567 2328 3768 2385 Provi-

2122 2434 2348 2498 dentia,
2382 2431 2564 2487 duros
2597 2434 2773 2500 atque
2797 2427 2985 2483 elatos
3013 2425 3325 2480 hominum
3357 2421 3592 2477 animos
3613 2418 3769 2474 male

2118 2542 2243 2590 osa,
2276 2521 2496 2592 frangit
2534 2518 3009 2588 comminuitque
3040 2531 3141 2571 eos
3172 2514 3245 2569 ad
3277 2512 3653 2578 nihilumque
3684 2524 3772 2563 re-

2111 2614 2258 2685 digit
2282 2600 3015 2682 incomprehensibilibus,
3051 2621 3183 2675 quaa
3215 2602 3398 2669 novit,
3418 2599 3666 2672 judiciis
3694 2596 3768 2653 ad

2112 2701 2428 2759 commoda
2456 2706 2663 2755 nostra
2691 2696 2965 2768 cymbam
2994 2695 3125 2748 vitae
3157 2692 3448 2764 dirigens.

327 2786 541 2847 ἄλλοτε
589 2784 838 2843 εὔκλειαν
898 2788 1261 2864 ἀπηνέγκατο.
1320 2786 1500 2845 Ἀλλᾶ
1554 2790 1655 2865 γάρ
1713 2792 1748 2859 ἡ
1802 2790 2052 2867 πρόνοια,
2106 2791 2174 2845 τὰ
2229 2786 2446 2861 σκληρὰ
2500 2785 2591 2841 καὶ
2656 2783 2941 2858 ὑπέραυχα
2995 2786 3104 2836 τῶν
3163 2779 3465 2854 ἀνθρώπων
3523 2778 3760 2830 ἀποστυ-

330 2879 509 2951 γοῦσα
541 2879 891 2955 φρονήματα,
922 2876 1146 2934 κολούει
1202 2900 1262 2934 τε
1316 2878 1407 2934 καὶ
1465 2878 1816 2954 περιστέλλει
1849 2864 1959 2935 Ὑκαῖ
2022 2879 2096 2943 εἷς
2155 2879 2219 2933 τὸ
2283 2874 2452 2951 μηδὲν
2511 2877 2762 2946 συνωθεῖ,
2818 2871 2906 2934 οἷς
2966 2866 3113 2924 οἶδεν
3174 2866 3478 2946 ἀνεφίκτοις
3536 2864 3764 2940 κρίμασι

331 2965 476 3041 πρὸς
505 2967 569 3021 τὸ
594 2965 869 3047 συμφέρον
904 2967 968 3023 τὸ
997 2972 1096 3024 τοῦ
1131 2968 1254 3043 βίου
1286 2974 1590 3044 πορθμεῖον
1621 2968 1938 3025 εὐθύνουσα.

407 3088 471 3145 θ“.
501 3082 564 3139 Ὁ
595 3079 654 3137 δέ
681 3103 742 3158 γε
772 3084 1055 3155 Ἰωάννης,
1115 3083 1231 3139 ἐπεὶ
1279 3086 1342 3141 τὸ
1397 3090 1645 3142 τοιοῦτον
1704 3086 1986 3160 θεοστυγὶς

327 3170 423 3226 καὶ
462 3170 681 3227 ἀνόσιον
716 3176 886 3245 μῦσος
918 3173 1227 3250 εἰργάσατο,
1261 3174 1348 3231 ἐπὶ
1401 3176 1494 3232 τὸν
1544 3174 1799 3250 λαμπρὸν
1833 3176 1987 3231 οἷκον

2171 3096 2230 3151 9.
2263 3092 2780 3161 Joannes,patrato
2796 3082 3091 3158 ejusmodi
3116 3081 3354 3137 Numini
3383 3096 3561 3135 exoso
3584 3083 3762 3150 atque

2102 3183 2286 3254 impio
2322 3181 2609 3246 facinore,
2633 3176 3019 3249 magniﬁcum
3035 3189 3203 3229 oecon
3231 3171 3437 3243 palatii
3458 3170 3763 3242 ingressus

332 3267 438 3328 τῆς
475 3262 765 3336 βασιλικῆς
799 3263 976 3327 ἑστίας
1033 3263 1323 3339 παρελθὼν
1384 3264 1869 3341 (Χρυσοτρίκλινον
1898 3268 1994 3321 τὸν

2113 3269 2685 3344 (Chrysotriclinium
2708 3266 2767 3321 id
2781 3264 3057 3321 conclave
3079 3267 3333 3329 vocant),
3359 3261 3767 3316 calceamenta

340 3347 515 3423 δόμον
548 3351 1032 3427 κατονομάζουσι),
1064 3354 1127 3410 τό
1158 3374 1217 3409 τε
1259 3352 1483 3410 πέδιλον
1517 3356 1582 3411 τὸ
1622 3354 1849 3431 ἐρυθρὸν
1880 3361 1998 3418 τοῖς

340 3448 505 3495 ποσίν
562 3440 930 3517 ἐνηρμόσατο,
989 3444 1078 3498 καὶ
1140 3443 1287 3518 παρᾶ
1343 3444 1435 3499 τὸν
1505 3444 1696 3520 θρόνον
1752 3445 2003 3501 κεκάθικε

337 3532 436 3587 τὸν
501 3530 806 3608 βασιλικὸν,
886 3534 976 3590 καὶ
1055 3534 1181 3610 περὶ
1236 3539 1345 3591 τῶν
1403 3540 1601 3591 κοινῶν
1663 3538 2003 3613 πραγμάτων

342 3622 680 3697 ἐφρόντιζεν,
713 3623 866 3688 ὅπως
904 3623 1114 3681 τούτων
1172 3623 1444 3701 ἐγκρατής
1499 3647 1558 3681 τε
1615 3627 1852 3703 γένοιτο,
1911 3625 2002 3682 καὶ

344 3714 425 3786 μή
460 3734 544 3768 τις
578 3712 727 3786 αὖτῷ
759 3710 1126 3770 διαστασιάσοι
1158 3720 1266 3770 τῶν
1322 3714 1375 3785 ἐξ
1422 3712 1659 3788 α’ίματος
1688 3716 2003 3791 προσηκόν-

339 3824 455 3858 των
488 3806 567 3874 τῷ
599 3802 989 3881 αὐτοκράτορι.
1020 3805 1088 3862 Οἱ
1121 3803 1179 3859 δὲ
1237 3809 1334 3860 τοῦ
1391 3805 1715 3883 Νικηφόρου
1778 3808 2004 3862 ὑπασπι-

342 3892 493 3963 σταὶ,
525 3891 625 3966 ὀψὲ
652 3913 789 3949 ποτε
838 3896 939 3964 τήν
997 3894 1270 3970 ἀναίρεσιν
1339 3896 1538 3951 τούτου
1598 3896 2002 3966 ἐνωτισθέντες,

339 3979 613 4055 ὥρμησαν
675 3980 938 4059 ἒπαρῦναι
994 3984 1167 4056 αὐτῷ,
1230 3985 1689 4056 ὑποτοπάζοντες,
1776 3987 1831 4042 ἐν
1888 3992 2006 4050 τοῖς

341 4076 513 4142 ζῶσιν
576 4069 656 4127 ἔτι
714 4078 982 4149 περιεῖναι
1040 4074 1132 4129 τὸν
1193 4072 1386 4149 ἄνδρα,
1438 4096 1529 4130 και
1584 4076 1681 4138 τὰς
1749 4074 2005 4152 σιδηρέας

338 4160 525 4223 πύλας
562 4164 577 4197 ¹
608 4161 769 4217 παντὶ
801 4161 972 4218 σθὲνει
1005 4163 1406 4243 ἀναμοχλεύειν
1454 4164 1771 4239 ἐπειρῶντο.
1832 4165 2008 4224 Ἀλλά

343 4252 377 4306 ὁ
414 4251 674 4322 Ἰωάννης
720 4254 820 4323 τήν
876 4252 1118 4332 κεφαλὴν
1170 4254 1461 4334 ἐνεχθῆναι
1528 4258 1625 4311 τοῦ
1686 4258 2007 4334 Νικηφόρου

346 4340 756 4411 ἐνεκελεύσατο,
788 4343 880 4398 καὶ
935 4344 1136 4416 ταύτην
1199 4342 1596 4420 ὑποδειχθῆναι
1655 4343 1743 4401 διά
1799 4367 2008 4423 τρυμα-

346 4433 477 4496 λιᾶς
507 4439 629 4497 τοῖς
653 4434 862 4492 ἐκείνου
911 4436 1359 4516 σωματοφύλαξι.
1420 4435 1716 4513 Παρελθὼν
1772 4437 1831 4496 δὲ
1902 4461 2007 4512 τις,

344 4523 869 4602 Ἀτζυποθεόδωρος
898 4526 1265 4601 καλούμενος,
1310 4528 1526 4602 ἆεὲτεμὲ
1579 4550 1639 4584 τε
1691 4532 1794 4601 τήν
1851 4551 2012 4609 κεφα-

2109 3362 2291 3418 rubra
2314 3359 2567 3433 pedibus
2599 3356 2841 3429 aptavit,
2893 3355 2957 3408 in
2988 3353 3257 3423 solioque
3311 3350 3526 3406 sedens
3576 3350 3768 3418 impe-

2111 3452 2331 3509 ratorio
2364 3451 2437 3506 ad
2470 3463 2765 3505 summam
2794 3461 2996 3501 rerum
3024 3443 3292 3499 animum
3314 3440 3620 3506 convertit,
3649 3454 3765 3509 quo

2112 3548 2285 3615 pacto
2319 3557 2387 3596 ea
2411 3539 2725 3612 potiretur,
2754 3534 3231 3603 seditionemque
3258 3546 3463 3586 eorum
3486 3527 3765 3601 praeveni-

2112 3638 2223 3699 ret,
2257 3631 2358 3702 qui
2390 3631 2814 3701 imperatorem
2841 3623 3189 3697 cognatione
3212 3618 3768 3691 attingebant.lnter

2113 3723 2241 3778 haec
2271 3718 2585 3791 Nicephori
2616 3719 3005 3789 protectores,
3038 3712 3157 3767 fato
3206 3710 3335 3782 ejus
3386 3706 3614 3763 tardius
3662 3722 3766 3761 co-

2114 3822 2299 3895 gnito,
2319 3820 2392 3875 ad
2416 3835 2589 3891 Opem
2612 3814 2922 3872 ferendam
2946 3813 3366 3885 proruperunt,
3385 3805 3543 3878 quod
3567 3821 3767 3877 super-

2115 3913 2312 3968 stitem
2334 3911 2680 3966 etiamnunc
2698 3921 2828 3962 esse
2842 3920 2978 3959 eum
3001 3897 3767 3974 suspicabantur,omnique

2113 4003 2169 4057 vi
2201 4000 2435 4056 emoliri
2468 3999 2694 4054 ferreas
2715 3994 2911 4051 conati
2935 3995 3136 4065 portas
3163 3995 3321 4046 sunt.
3344 3989 3490 4042 Tum
3511 3987 3768 4041 Joannes

2116 4095 2296 4162 caput
2350 4086 2668 4158 Nicephori
2727 4082 3001 4156 proferri,
3054 4095 3280 4151 perque
3334 4077 3430 4131 9|
3495 4075 3767 4129 foramen

2117 4176 2553 4253 protectoribus
2584 4172 2819 4230 ostendi
2846 4170 3051 4241 jussit.
3084 4169 3171 4223 Ita
3200 4165 3489 4222 accedens
3529 4162 3769 4234 aliquis,

2118 4251 2662 4341 htzypotheodorus
2692 4260 2955 4326 nomine,
2988 4258 3049 4312 id
3096 4255 3385 4328 prmcidit,
3444 4258 3505 4309 et
3546 4251 3771 4307 tumul-

2120 4340 2430 4413 tuantibus
2461 4349 2835 4414 exbibet.Qui
2861 4347 3097 4419 objecta
3117 4344 3365 4400 immani
3384 4347 3561 4413 atque
3583 4340 3774 4412 in0pi-

2121 4452 2264 4504 nata
2314 4444 2512 4517 specie
2559 4440 2789 4514 gladios
2847 4438 3178 4493 emiserunt
3229 4434 3303 4489 de
3358 4432 3655 4498 manibus,
3717 4434 3776 4485 et

2120 4542 2351 4594 mutata
2372 4535 2501 4606 jam
2529 4547 2670 4586 voce
2698 4531 2986 4585 Joannem
3016 4527 3437 4597 imperatorem
3477 4525 3773 4578 Romano-

346 4614 484 4685 λήν,
515 4615 609 4670 καὶ
654 4621 772 4679 τοῖς
832 4618 1211 4688 στασιάζουσιν
1268 4618 1627 4677 ὑπεδείκνυεν.
1687 4621 1755 4679 Οἱ
1811 4618 1893 4692 δὲ,
1949 4623 1999 4678 τε

2130 4643 2263 4682 rum
2295 4640 2415 4680 una
2435 4618 2831 4679 consensione
2856 4616 3366 4672 renuntiaverunt.
3400 4616 3468 4669 ln
3498 4613 3632 4667 nive
3667 4626 3775 4667 8.11-

341 4704 656 4761 ἀλΛόκοτον
707 4707 797 4762 καὶ
873 4707 1103 4765 ἃπιστον
1158 4708 1490 4785 ἀθρήσαντες
1577 4711 1774 4785 θέαμα,
1832 4710 1898 4767 τά
1954 4734 2014 4768 τε

344 4796 482 4873 ξίφη
513 4800 622 4850 τῶν
656 4802 861 4876 χειρῶν
912 4799 1175 4874 μεθῆκαν,
1232 4800 1323 4855 καὶ
1352 4797 1690 4873 παλινῳδίαν
1722 4799 1856 4876 ἦσαν
1911 4805 2029 4877 (2),Δ

344 4884 444 4940 καὶ
477 4885 566 4939 τὸν
609 4886 871 4959 Ἰωάννην
929 4887 1304 4965 αὐτοκράτορα
1358 4890 1650 4964 Ῥωμαίων
1702 4892 2014 4969 ὁμοφώνως

2128 4722 2246 4773 tem
2282 4713 2389 4771 sub
2421 4712 2552 4769 divo
2576 4709 2769 4783 jacuit
2791 4706 3105 4779 Nicephori
3136 4721 3351 4777 corpus
3382 4709 3504 4759 toto
3534 4719 3604 4759 eo
3658 4701 3774 4769 die,

2126 4806 2227 4879 qui
2258 4805 2387 4860 dies
2417 4806 2546 4858 erat
2572 4798 2927 4855 undecimus
2956 4795 3318 4862 Decembris,
3343 4793 3596 4851 Sabbato
3620 4811 3634 4850 :
3670 4792 3776 4849 do-

2124 4912 2236 4952 nec
2266 4895 2352 4950 illi
2386 4892 2460 4949 ad
2493 4889 2747 4947 multum
2777 4903 3088 4959 vesperum
3118 4887 3375 4943 Joannes
3416 4886 3585 4958 justa
3630 4881 3777 4938 solvi

347 4973 675 5050 ἐκήρυττον.
725 4977 788 5035 Ὁ
846 4973 905 5032 δὲ
960 4981 1059 5033 τοῦ
1107 4978 1435 5058 Νικηφόρου
1492 4981 1682 5056 νεκρὸς
1737 4983 1876 5038 κατὰ
1949 4981 1999 5038 τε

2120 4984 2325 5058 jussit.
2356 4984 2445 5038 Ita
2472 4981 2536 5036 in
2566 4976 2764 5034 loculo
2794 4976 2992 5050 ligneo
3022 4976 3242 5049 raptim
3267 4974 3423 5032 facto
3440 4980 3509 5031 ut
3527 4989 3682 5030 unus
3704 4970 3777 5027 de

1558 5141 1619 5197 C.
1662 5141 1725 5196 B.
1770 5139 1960 5198 HASII
1993 5138 2555 5197 ANNOTATIONES.

519 5356 530 5377 Ι

358 5367 603 5444 χάλκεος
632 5367 817 5434 οὐδός.

360 5533 562 5606 denuo
592 5530 1279 5606 inlhistoriamrecepit
1333 5528 1638 5606 Gedrenus
1695 5529 1767 5586 II.
1793 5531 1896 5606 6_63
1937 5531 2017 5606 _D.

360 5605 578 5662 Omisit
606 5598 808 5663 autem
841 5603 1172 5659 senariolos
1196 5598 1445 5659 Joannis
1468 5601 2021 5669 Melitenensis,sive
2129 5599 2192 5655 G.
2224 5598 2369 5654 vixit
2406 5599 2565 5654 circa
2606 5613 2662 5653 a.
2718 5598 2879 5669 17027,
2930 5612 2967 5666 p

364 5676 524 5748 quod
556 5679 732 5748 paulo
776 5675 1075 5749 longiores
1100 5675 1157 5749 ‘ei
1182 5682 1537 5749 _(verenr‘ne
1564 5675 2018 5749 Aetiamﬂlectori)

362 5746 729 5815 viderentur,
758 5746 1064 5819 sive—quod
1096 5747 1272 5802 ludus
1328 5746 1525 5818 potius
1558 5746 1783 5819 ingenii
1841 5763 2021 5817 quam

1650 5818 2021 5887 elitenensis,

363 5838 506 5882 vera
532 5838 687 5878 arcas
716 5821 1047 5894 inscriptio.
1084 5821 1253 5875 Certe
1280 5819 1537 5875 Joannes

434 5298 482 5378 ξ’
506 5299 805 5378 φερόμενος
835 5300 967 5358 cod.
1045 5304 1062 5338 ¹
1095 5297 1351 5378 σιδηρέας
1383 5300 1584 5364 πύλας.
1616 5304 1698 5359 Ex
1724 5304 1999 5372 Homero,

2143 5307 2308 5375 puto,
2370 5298 2539 5357 Iliad.
2599 5304 2661 5354 Θ.
2720 5300 2808 5354 15.
2863 5289 2987 5351 ἔνθα
3035 5287 3307 5367 σιδήρειαί
3360 5308 3420 5344 τε
3473 5282 3646 5342 πύλαι
3694 5283 3784 5341 καὶ

2550 5542 2670 5598 quo
2729 5523 2991 5598 Lequien
3048 5518 3272 5598 Orient.
3324 5515 3539 5598 Christ.
3578 5516 3622 5571 Ι.
3655 5514 3780 5596 44ᾃ.

2971 5593 3064 5647 lus
3121 5586 3558 5660 quinquaginta
3608 5586 3785 5642 annis

2130 5676 2270 5743 post
2304 5669 2700 5743 Nicephorum
2732 5668 2796 5743 i_n
2828 5660 3026 5723 arcam
3058 5660 3385 5718 conditum.

2204 5742 2281 5815 (2)
2315 5740 2593 5815 Agathias
2622 5743 2712 5795 89.
2744 5740 2805 5795 Β.

2131 5526 2181 5583 si
2212 5526 2262 5582 is
2294 5531 2385 5582 est
2421 5523 2493 5581 de
