4118 6432
312 425 427 487 791

1701 420 1983 482 LEONIS
2026 420 2343 484 DIACONI

3622 417 3739 477 792

316 560 521 615 multis
554 556 933 629 compositus,
967 554 1165 611 media
1217 560 1389 609 nocte
1420 555 1573 609 clam
1606 556 1665 610 in
1697 563 1966 611 sanctum

2087 555 2343 629 ὕπαιθρον
2374 557 2457 611 ἐπὶ
2493 565 2593 627 τῆς
2625 558 2815 636 χιόνος
2846 549 3190 629 πανημέριος
3240 547 3437 609 ἔκειτο*
3472 548 3735 621 ἒνδακάτη

319 648 736 719 Apostolorum
770 644 1056 716 templum
1093 643 1283 699 elatus
1315 650 1423 711 est,
1459 644 1519 699 in
1579 644 1971 715 sepulcroque

318 738 442 803 illo,
478 737 576 791 ubi
610 736 791 790 divini
850 735 1209 807 hymnisque
1262 732 1543 788 celebrali
1598 734 1971 788 Constantini

316 826 720 896 corpusjacet,
746 825 809 878 in
830 840 949 878 una
971 841 1041 878 ex
1060 824 1465 894 imperatoriis
1496 823 1650 878 arcis
1674 823 1968 878 conditus.

310 920 386 968 At
416 915 571 968 enim
608 919 742 984 post
769 913 1061 967 nefariam
1092 912 1312 967 caedem
1347 911 1418 967 ab
1450 912 1542 966 his
1600 912 1825 966 devotis
1875 929 1970 967 ca-

311 1002 531 1073 pitibus
564 1008 856 1074 patratam
889 1019 1009 1056 non
1060 1001 1411 1056 obdormivit
1462 1000 1714 1074 justitia,
1768 1018 1971 1056 verum

310 1092 571 1146 vindicta
615 1097 887 1146 assecuta
942 1107 1151 1146 omnes
1210 1091 1455 1161 posthac
1512 1097 1638 1146 est:
1700 1091 1847 1145 adeo
1908 1096 1974 1145 ut

313 1182 654 1252 quicunque
672 1198 913 1236 manum
930 1180 999 1235 ad
1017 1180 1547 1236 occisionemillius
1564 1180 1969 1252 praabuerunt,

312 1272 352 1325 ii
378 1288 586 1327 omnes
612 1271 786 1324 bonis
813 1269 1132 1341 publicatis
1164 1269 1236 1324 ad
1260 1285 1553 1323 summam
1583 1269 1971 1337 indigentiam

312 1360 537 1415 redacti
572 1358 841 1414 exitiales
874 1359 1065 1413 exitus
1096 1358 1431 1414 habuerint.
1460 1360 1671 1413 Verum
1699 1358 1771 1412 de
1794 1358 1971 1413 rebus

311 1448 493 1521 gestis
526 1448 839 1519 Nicephori
870 1447 1291 1518 (imperatoris,
1340 1447 1532 1517 deque
1577 1448 1697 1501 vita
1746 1452 1805 1501 et
1848 1446 1970 1501 fato

313 1538 464 1609 ejus,
498 1538 640 1592 satis
663 1536 1059 1602 abundanter,
1093 1541 1160 1591 ut
1188 1536 1461 1604 arbitror,
1495 1536 1968 1591 demonstratum

315 1632 423 1681 est.
458 1628 603 1681 Nam
636 1631 801 1681 extra
830 1625 1076 1680 modum
1109 1627 1462 1681 commorari
1495 1631 1672 1697 atque
1720 1625 1969 1680 dilatare

314 1716 647 1770 orationem
680 1715 790 1769 hoc
821 1714 881 1767 in
912 1714 1067 1777 loco,
1101 1714 1436 1782 hominum,
1495 1714 1727 1785 opinor,
1791 1715 1971 1770 nimis

317 1804 686 1859 curiosorum
719 1809 877 1858 esset
907 1804 1133 1870 vitium,
1189 1804 1310 1874 qui,
1363 1805 1544 1858 finem
1596 1809 1972 1861 transeuntes

2081 645 2147 712 ἦν
2181 649 2276 700 τοῦ
2310 644 2643 719 Δεκεμϐρίου
2687 645 2859 720 μηνὸς
2905 646 3105 719 ἡμέρα,
3156 638 3448 715 Σαϐϐάτῳ·
3506 639 3563 696 ὅν
3603 640 3741 713 πρὸς

2082 733 2305 808 ἑσπέραν
2368 736 2585 810 βαθεῖαν
2643 742 2709 804 τῆ
2770 734 2891 803 ὁσία
2967 738 3429 811 πάραπεμφθῆναι
3473 731 3500 785 ὁ
3560 730 3739 787 Ἰωάν-

2079 843 2177 893 νης
2244 826 2538 899 προσέταξε
2569 827 2606 881 ³.
2641 826 2793 899 Θήκῃ
2845 824 2935 878 οὗν
2979 818 3361 901 σχεδιασθείσῃ
3418 818 3610 894 ξυλίνῃ
3661 819 3736 881 ὡς

2080 908 2243 992 ἔτυχε
2298 911 2761 989 περιστείλαντες,
2820 915 2982 985 μέσον
3029 917 3135 966 τῶν
3196 915 3403 964 νυκτῶν
3461 907 3738 983 λαθραίως

2083 1003 2158 1063 εἷς
2213 1004 2305 1057 τὸν
2365 1004 2509 1058 θεῖον
2572 1009 2678 1081 τῷν
2754 999 3079 1057 ἀποστόλων
3148 1000 3313 1069 σηκὸν
3399 998 3739 1070 ἐξεκόμισαν,

2079 1092 2336 1147 καὶκατὰ
2366 1092 2428 1147 τὸ
2469 1095 2676 1168 ἡρῷον,
2732 1086 2851 1146 ἔνθα
2899 1092 2961 1146 τὸ
3010 1095 3108 1144 τοῦ
3148 1090 3294 1153 θείου
3345 1088 3435 1143 καὶ
3480 1085 3738 1160 ἀοιδίμου

2082 1183 2489 1237 Κωνσταντίνου
2539 1187 2700 1255 σῶμα
2758 1180 3093 1250 κατάκειται,
3152 1177 3203 1233 ἐν
3268 1183 3366 1251 μιᾷ
3421 1182 3531 1233 τῶν
3580 1178 3741 1252 βασι-

2087 1269 2262 1327 λικῶν
2312 1276 2487 1347 σορῶν
2543 1268 2858 1341 ὲκήδευσαν·
2913 1268 3090 1326 Ἀλλᾶ
3152 1268 3256 1343 γὰρ
3298 1269 3401 1323 οὐκ
3448 1266 3740 1323 ὲπενύστα-

2086 1363 2167 1431 ξεν
2202 1364 2285 1431 δή
2339 1360 2463 1431 δίκη
2520 1367 2588 1430 τῆ
2642 1359 2930 1440 μιαιφονίᾳ
2986 1365 3094 1413 τῶν
3150 1354 3470 1433 ἀλαστόρων
3521 1357 3735 1413 ἐκείνων

2090 1448 2322 1519 ἀνδοῶν,
2383 1454 2465 1521 (Ρ.
2521 1452 2611 1523 56]
2674 1448 2913 1524 μετῆλθε
2952 1446 3007 1505 δὲ
3065 1450 3267 1510 πάντας
3326 1445 3738 1517 ποινηλατοῦσα

2095 1544 2406 1616 μετέπειτα,
2437 1541 2526 1597 καὶ
2577 1538 2957 1615 δημευθέντες,
3017 1541 3154 1595 κατὰ
3210 1542 3277 1595 τά
3322 1534 3529 1618 ἔσχατα
3571 1560 3739 1607 mw,-

2080 1633 2382 1701 τεύσαντες,
2414 1631 2571 1686 κακοὶ
2604 1636 2786 1693 κακῶς
2842 1635 2939 1686 τοῦ
2992 1632 3087 1701 ζῇν
3137 1627 3569 1706 ἀπηλλάγησαν,
3619 1628 3739 1683 ὅσοι

2078 1725 2179 1790 τῆς
2235 1720 2440 1776 ἐκείνου
2493 1728 2706 1801 σφαγῆς
2769 1720 3090 1799 αὐτόχειρες
3175 1718 3501 1796 ἐξεγένοντο.
3582 1716 3740 1774 Ἀλλ’

2090 1810 2468 1889 ἀποχρώντως
2494 1812 2597 1885 γὰρ
2648 1810 2895 1886 εἰρῆσθαί
2947 1831 3040 1884 μοι
3100 1808 3249 1864 δοκεῖ
3303 1808 3427 1883 περὶ
3483 1812 3592 1863 τῶν
3639 1829 3739 1862 πε-

320 1892 640 1960 scribendi,
694 1909 770 1946 ne
828 1893 1079 1948 minima
1132 1893 1379 1963 quidem
1429 1893 1691 1963 relinqui
1751 1893 1973 1948 vellent

2087 1899 2407 1976 πραγμένων
2438 1905 2519 1973 τῷ
2549 1899 2909 1975 αὐτοκράτορι
2957 1900 3284 1978 Νικηφόρῳ,
3344 1899 3431 1953 καὶ
3484 1905 3582 1967 τῆς
3642 1897 3738 1951 αὐ-

322 1983 713 2055 inexplorata.
742 1985 995 2055 Tempus
1027 1984 1207 2056 igitur
1228 1984 1356 2055 jam
1391 1984 1536 2038 mihi
1586 1983 1837 2051 videtur,
1868 1984 1971 2040 92

325 2073 667 2128 narratione
701 2073 772 2127 de
804 2073 909 2128 illo
933 2080 992 2128 et
1010 2073 1345 2128 actionibus
1370 2074 1533 2128 illius
1558 2080 1873 2143 coarctata,
1899 2074 1971 2129 de

326 2163 505 2218 rebus
535 2165 717 2235 gestis
746 2163 1012 2229 Joannis,
1063 2169 1456 2235 cognomento
1506 2164 1607 2235 qui
1660 2164 1974 2219 Tzimisces

326 2253 752 2324 perhibebatur
831 2255 980 2326 (haec
1035 2255 1253 2327 linguas
1306 2255 1599 2309 Armeniis
1652 2253 1973 2327 appellatio

325 2360 514 2415 graece
544 2362 829 2400 conversa
857 2345 1214 2399 muzacitzen
1247 2344 1438 2399 valet:
1470 2344 1531 2400 id
1561 2352 1782 2413 autem,
1834 2346 1975 2416 quia

328 2440 455 2489 erat
485 2440 711 2489 statura
742 2434 1147 2502 brevissimus,
1199 2451 1526 2507 cognomen
1569 2436 1834 2506 invenit),
1866 2453 1972 2508 pro

320 2525 604 2581 facultate
642 2526 861 2594 dicere,
894 2532 960 2580 ut
988 2544 1085 2582 res
1115 2527 1265 2582 scitu
1294 2528 1471 2581 utiles
1502 2532 1560 2582 et
1581 2528 1872 2582 memoria
1891 2526 1976 2581 di-

318 2632 448 2686 gnae
482 2616 800 2671 oblivionis
824 2616 1204 2689 voraginibus
1235 2634 1310 2671 ne
1352 2617 1829 2689 submergantur.

2083 1995 2183 2046 τοῦ
2218 1993 2412 2065 βιοτῆς
2457 1991 2548 2044 καὶ
2607 1992 3010 2069 καταστροφῆς.
3063 1991 3133 2044 Τὸ
3173 1986 3230 2043 δὲ
3285 1988 3421 2064 πέρα
3490 1992 3587 2044 τοῦ
3649 2009 3739 2061 με-

2082 2082 2236 2155 τρίου
2293 2076 2612 2157 κατατρίϐεν
2666 2081 2759 2135 τὸν
2817 2078 2980 2156 λόγον
3037 2078 3128 2134 καὶ
3222 2079 3547 2134 κατατείνειν
3604 2076 3735 2145 ἐκεῖ,

2084 2166 2568 2244 πολυπραγμόνων
2595 2169 2837 2242 ἡγοῦμαι
2884 2170 2946 2221 τὸ
2999 2166 3173 2229 πάθος
3228 2166 3319 2219 καὶ
3374 2172 3476 2234 τῆς
3519 2171 3735 2243 γραφῆς

2087 2251 2520 2331 ὑπερϐαινόντων
2546 2256 2609 2311 τὸ
2642 2253 2946 2329 πλήσμιον,
2989 2256 3075 2317 οἷς
3128 2252 3268 2327 μηδέ
3304 2256 3367 2309 τὸ
3413 2254 3585 2332 τυχὸν
3633 2274 3736 2307 πα-

2090 2353 2263 2421 ρεῖται
2347 2346 2771 2421 ἀνεξερεύνητον.
2861 2344 2986 2399 Δέον
3066 2345 3156 2398 οὖν
3206 2343 3345 2398 εἶναί
3412 2364 3506 2416 μοι
3565 2340 3739 2409 δοκεῖ,

2084 2437 2285 2508 ταύτην
2313 2439 2413 2506 τήν
2442 2436 2565 2512 περὶ
2615 2435 2819 2491 ἐκείνου
2875 2435 2966 2490 καὶ
3020 2438 3127 2490 τῶν
3183 2433 3331 2506 αὐτῷ
3387 2430 3741 2510 πραχθέντων

2086 2524 2340 2601 διήγησιν
2394 2522 2828 2601 περιστείλαντα,
2888 2525 2979 2580 καὶ
3043 2524 3165 2598 περὶ
3225 2527 3333 2577 τῶν
3380 2520 3461 2594 τῷ
3517 2521 3737 2594 Ἰωάννῃ

2083 2614 2456 2694 πραχθέντων,
2507 2615 2568 2677 ὅς
2622 2616 2743 2670 κατ’
2798 2611 3087 2683 ἐπίκλησιν
3130 2616 3446 2687 Τζιμισκῆς
3493 2608 3742 2666 ἐκαλεῖτο

316 2708 500 2771 (τοῦτο
559 2700 616 2757 δὲ
672 2703 735 2758 τὸ
788 2710 889 2773 τῆς
947 2704 1245 2778 Ἀρμενίων
1294 2702 1585 2759 διαλέκτου
1638 2704 1957 2779 πρόσρημα,
2013 2705 2093 2774 ὅν,
2154 2705 2230 2766 εἰς
2288 2706 2387 2772 τὴν
2447 2700 2688 2760 Ἐλλάδα
2748 2701 3285 2778 μεθερμηνευόμενον
3370 2700 3740 2774 μουζακίτζην

317 2789 480 2857 δηλοῖ
522 2796 619 2866 (3)·
684 2792 1033 2872 βραχύτατος
1081 2794 1184 2869 γὰρ
1239 2796 1339 2863 τὴν
1397 2793 1621 2863 ἡλικίαν
1674 2792 1847 2848 τελῶν
1906 2793 2219 2867 ἐπωνυμίαν
2273 2795 2476 2865 ταύτην
2529 2792 2837 2866 ἐκτήσατο),
2886 2793 3023 2848 κατὰ
3069 2793 3133 2848 τὸ
3186 2792 3298 2847 ἐνὸν
3355 2790 3599 2861 ἐξειπεῖν,
3664 2789 3740 2850 ὡς

314 2882 374 2938 ἄν
409 2885 484 2957 μὴ
522 2878 697 2952 λήθης
731 2883 922 2955 βυθοῖς
951 2880 1240 2957 παραῤῥυῇ
1270 2879 1402 2960 ἔργα
1436 2880 1687 2962 βιωφελῆ
1713 2883 1803 2937 καὶ
1843 2885 2067 2956 μνήμης
2096 2881 2304 2956 ἐπάξια.

1521 3003 1581 3057 C.
1627 3002 1686 3055 Β.
1730 3000 1927 3056 HASII
1967 3000 2527 3059 ANNOTATIONES.

410 3122 461 3173 3t
495 3119 560 3172 Η.
622 3134 673 3172 e.

410 3125 461 3189 3)
496 3125 560 3172 Η.
622 3134 673 3172 e.
772 3125 1033 3172 usittum:
1087 3125 1201 3171 vid.
1264 3125 1521 3191 Ducang.
1581 3125 1836 3172 Glossar.
1898 3125 1966 3171 ll.

322 3125 480 3245 15370.
509 3191 567 3243 Β.
602 3188 713 3243 Sed
728 3134 897 3244 anno
926 3189 1345 3261 etymologiam
1376 3190 1639 3244 nominis
1660 3190 1971 3244 Tzimisces

322 3278 568 3333 prorsus
625 3261 1065 3333 improbatgvir
1140 3261 1521 3316 doctissimus
1596 3261 1852 3333 Cirbied,
1911 3263 1973 3315 in

322 3332 527 3388 Schola
554 3334 714 3401 regia
744 3332 986 3403 speciali
1036 3332 1374 3405 linguarum
1425 3332 1815 3405 orientalium
1865 3333 1973 3387 ho-

325 3406 667 3460 diernarum
701 3405 996 3460 cathedrae
1048 3403 1407 3459 Armeniaca)
1459 3403 1640 3458 decus
1689 3410 1747 3458 et
1795 3421 1973 3459 orna-

321 3484 609 3532 mentum.
645 3479 785 3530 Esse
817 3476 1098 3530 nimirum
1129 3475 1190 3529 in
1224 3476 1505 3530 Armenia
1532 3477 1747 3546 Majore
1767 3476 1974 3530 urbem

320 3548 901 3620 Tschemischgaizag
929 3548 1066 3614 (vid.
1123 3564 1300 3617 quoq.
1360 3547 1559 3602 Details
1604 3563 1699 3601 sur
1748 3549 1801 3601 la
1842 3564 1971 3617 pre-

322 3625 490 3675 miere
519 3622 715 3690 expeti.
752 3620 842 3674 des
893 3621 1172 3673 Chrétiens
1218 3620 1356 3674 dans
1407 3620 1461 3673 la
1506 3620 1802 3684 Palestine,
1856 3627 1972 3673 tra-

319 3693 469 3746 duits
526 3694 592 3746 de
651 3691 971 3745 l’armenien
1028 3706 1093 3745 en
1149 3693 1397 3758 francais
1457 3707 1568 3760 par
1621 3692 1683 3745 F.
1741 3692 1969 3745 Martin.

327 3762 585 3834 Magasin
638 3762 955 3833 Encyc10p.
1026 3761 1326 3831 Septembr.
1388 3763 1544 3816 1811.
1600 3778 1661 3831 p.
1723 3764 1850 3829 38):
1913 3761 1972 3815 id

318 3833 538 3887 nomen
570 3833 906 3904 signiﬁcare
951 3847 1166 3887 soccum
1219 3834 1591 3902 splendentem
1649 3849 1694 3886 s.
1744 3849 1970 3902 purpu-

320 3922 492 3970 reum,
525 3921 640 3974 quo
670 3904 1011 3958 calceentur
1034 3904 1316 3958 mulieres
1344 3920 1448 3974 per
1475 3904 1799 3959 Orientem.
1830 3904 1972 3959 Inde

315 3975 640 4031 oriundum
671 3975 1052 4030 Tzimiscem:
1088 3977 1337 4046 ejusque
1368 3992 1590 4031 nomen
1619 3976 1969 4031 Armeniace

772 3116 994 3201 usilluni
1017 3134 1033 3170 :
1087 3115 1201 3201 vid.
1229 3189 1239 3200 .
1264 3119 1536 3201 Ducangn
1581 3117 1836 3201 Gloﬂssar.
1896 3118 1966 3171 II.
2004 3119 2046 3185 C
2092 3116 2613 3201 rschemeseﬁghigh‘
2642 3117 2948 3201 scriptum,
2986 3134 3113 3201 esse
3145 3117 3565 3201 diminutivum
3599 3117 3715 3201 alte

2088 3190 2232 3254 rius,
2268 3188 2531 3259 vertique
2581 3187 2796 3243 debere
2855 3189 3129 3243 socculum
3183 3190 3575 3259 splendentem.
3627 3190 3735 3243 Re-

2086 3278 2247 3315 eram
2280 3262 2408 3332 ipsa
2437 3260 2615 3314 verba
2643 3261 2989 3333 amicissimi
3041 3261 3298 3333 collaegaa
3325 3277 3337 3313 :
3396 3284 3422 3310 «
3464 3261 3740 3315 Tschemi-

2085 3333 2372 3402 chga‘z’zag,
2405 3334 2502 3401 qui
2532 3334 2749 3401 signi/ie
2780 3332 3023 3388 sandale
3056 3332 3413 3387 etincelante
3460 3334 3529 3387 οιὶ
3560 3347 3741 3403 rouge

2122 3422 2188 3459 ue
2211 3410 2437 3475 portent
2471 3403 2541 3458 les
2566 3408 2787 3471 femmes
2844 3406 3137 3460 orientales
3169 3409 3203 3459 ἀ
3234 3406 3376 3460 leurs
3418 3408 3602 3473 pieds,
3664 3409 3743 3458 est

2122 3422 2188 3459 ue
2211 3422 2437 3475 portent
2471 3422 2541 3458 tes
2566 3422 2787 3471 Ῑθηιτηεε
2844 3422 3137 3460 orientales
3169 3422 3203 3459 a
3234 3422 3376 3460 teurs
3418 3422 3602 3473 pteus,
3664 3422 3737 3458 es:

2083 3422 2131 3530 lle
2155 3494 2281 3530 nom
2310 3476 2472 3529 d’une
2502 3474 2630 3529 ville
2663 3475 2728 3530 de
2760 3476 2813 3530 la
2850 3476 3061 3543 grande
3097 3476 3353 3531 Arménie
3382 3478 3481 3545 qui
3517 3476 3737 3546 s’appe-

2085 3548 2185 3601 (ait
2216 3550 2364 3602 (ιιιεεί
2401 3548 2819 3601 anciennement
2854 3548 3183 3619 Hierapolis
3219 3565 3231 3602 :
3265 3548 3367 3602 elle
3402 3551 3489 3616 fut
3532 3548 3587 3601 ta
3636 3563 3742 3616 ραι

2085 3622 2190 3673 trie
2215 3620 2281 3673 de
2308 3621 2446 3673 Jean
2487 3619 2757 3673 Zimisr'es.
2817 3619 2883 3673 σε
2935 3620 3158 3674 demier
3214 3636 3339 3674 nom
3382 3620 3547 3689 qu’on
3609 3620 3745 3673 derit

2082 3707 2149 3744 en
2180 3693 2461 3745 armenien
2491 3691 3087 3763 Tschemeschghigh,
3146 3691 3281 3746 n’est
3326 3707 3432 3763 que
3478 3691 3525 3763 le
3573 3690 3742 3763 dimi-

2081 3764 2333 3835 nuﬁtifdu
2356 3764 2618 3835 premier,
2653 3769 2702 3835 et
2734 3763 2777 3817 τι
2805 3760 3023 3832 signi/ie
3054 3763 3235 3835 petite
3295 3760 3538 3835 sandale
3584 3760 3739 3816 étin-

2083 3834 2335 3888 celante.
2372 3834 2514 3886 Telle
2543 3840 2617 3887 est
2650 3833 2703 3886 la
2732 3833 3108 3903 signiﬁcation
3139 3836 3213 3889 du
3242 3840 3355 3889 mot
3384 3834 3683 3888 Zimisces.
3712 3856 3741 3882 ››

2082 3906 2218 3969 Qum
2241 3904 2741 3977 quemadmodum
2758 3922 2891 3960 cum
2920 3906 3201 3977 opinione
3224 3906 3436 3960 Leonis
3461 3904 3741 3977 componi

2081 3977 2333 4047 possint,
2367 3975 2621 4031 viderint
2650 3976 2877 4032 litteras
2904 3975 3227 4032 orientales
3256 3976 3437 4033 docti.

1555 4164 1929 4257 LIBER
2008 4163 2501 4258 SEXTUS.

398 4529 799 4603 AncuusNruu.
832 4525 1188 4603 ——_J_oannes
1216 4523 1527 4603 Tzimisces
1552 4539 1593 4603 Aa
1623 4521 1840 4603 Basilio
1873 4521 2059 4602 Notho
2067 4521 2434 4603 imperator.
2449 4520 2825 4603 renuntiatus
2856 4522 3008 4603 (cap.
3048 4524 3116 4603 1)..
3153 4523 3280 4603 _Leo
3334 4522 3747 4603 Cumpalates,

326 4600 638 4671 Nicephori
670 4601 874 4665 frater,
907 4599 1310 4671 Methymnam
1343 4596 1638 4671 relegatus
1672 4594 1763 4664 (2).
1795 4593 2039 4671 Joannis
2067 4592 2366 4671 Tzimiscze
2408 4592 2602 4647 forma
2653 4598 2712 4647 et
2757 4599 3003 4671 statura,
3057 4594 3303 4671 virtutes
3352 4601 3413 4671 e_t
3462 4592 3602 4650 vitia
3644 4595 3746 4664 (3).

324 4664 679 4740 Polyeuctus
711 4687 847 4724 eum
880 4668 952 4724 ab
984 4664 1146 4724 aditu
1178 4669 1231 4721 S.
1270 4664 1499 4740 δορὴῇὼ
1531 4672 1692 4740 arcet
1719 4682 1731 4731 ;
1764 4665 2238 4740 mox‘imperatis
2265 4664 2609 4740 defunctum
2643 4666 3017 4740 coro_nat_(/i).
3069 4667 3327 4740 Joannes
3380 4666 3558 4740 bona,
3609 4683 3746 4736 quin

369 4735 585 4822 rivulus
614 4735 1379 4822 possederatkpauperibus
1412 4738 1718 4822 distribuit
1747 4736 2215 4822 (al.11heodorus
2246 4735 2616 4822 Coloniensis
2639 4736 2978 4822 patriarcha
2998 4738 3328 4792 Antiochia)
3354 4735 3743 4822 constitutus.

369 4759 585 4795 Γινίιῐιιε
614 4759 983 4822 ΡΟΕΞΕΟΘΓᾶῘι,
1019 4759 1379 4812 pauperibus
1412 4759 1718 4811 GlSLl'lDUlL
1747 4759 1842 4803 (Ol.
1884 4759 2215 4790 IIICUUUI'US
2246 4759 2616 4791 υυιυιιιιιιιδιδ
2639 4759 2978 4807 puu'iurcua
2998 4759 3328 4792 AIILIOCUIIB
3360 4759 3740 4793 Οοηδιιιυιιιδ.

322 4759 628 4882 Bolyeucti
662 4828 822 4866 mors
850 4813 949 4881 (6).
984 4812 1182 4866 Basilii
1219 4811 1568 4882 patriarchas
1599 4809 1820 4864 creatio
1852 4809 1947 4877 (7).
1983 4808 2215 4882 Legatio
2246 4808 2317 4863 ad
2349 4807 2893 4882 Sphendoslabum,
2922 4810 3245 4882 Russorum
3280 4810 3609 4882 principem
3641 4810 3740 4882 (8).

323 4879 709 4955 Bulgarorum
741 4879 997 4952 origines
1031 4885 1130 4952 (9).
1165 4879 1598 4955 Sphendoslabi
1630 4896 1984 4955 responsum
2017 4879 2080 4934 et
2094 4880 2281 4955 minas
2312 4881 2446 4955 (Ψ).
2479 4879 2684 4955 Bardas
2716 4880 2898 4955 S_cleri
2931 4886 2989 4935 et
3018 4881 3174 4935 Petri
3206 4879 3445 4955 Patricii
3475 4879 3747 4954 'expedi-

322 4955 403 5011 tio
435 4949 643 5011 contra
672 4949 891 5009 Russos
924 4949 1054 5023 (Η).
1087 4949 1345 5009 Joannes
1378 4954 1588 5009 Alacas
1622 4951 1994 5077 sgeculatum
2027 4951 2302 5006 mittitur.
2348 4949 2566 5005 Bardas
2616 4956 2674 5005 et
2727 4953 2937 5007 Petrus
2980 4970 3116 5008 cum
3166 4953 3372 5010 Russis
3416 4949 3758 5027 conﬂigunt

322 5029 455 5077 H2).
490 5027 692 5077 Bardas
723 5025 906 5077 Scleri
939 5025 1189 5077 insignis
1220 5025 1427 5077 virtus.
1462 5026 1620 5077 Fuga
1699 5039 1974 5077 ussorum
2007 5022 2141 5077 (l3).

316 5029 455 5096 (l2).
490 5027 692 5081 Bardae
723 5025 906 5079 Scleri
939 5025 1189 5097 insignis
1220 5025 1427 5079 virtus.
1462 5026 1620 5095 Fuga

392 5224 495 5280 98
530 5228 579 5277 l.
613 5221 942 5294 Nicephoro
989 5222 1250 5292 Augusto
1312 5222 1415 5287 sic,
1475 5217 1980 5291 quemadmodum
2012 5221 2059 5285 Ι)

324 5312 588 5385 exposui,
624 5312 697 5367 de
731 5309 926 5366 medio
959 5308 1215 5379 sublato,
1248 5324 1448 5365 rerum
1500 5307 1767 5364 habenas
1800 5309 1977 5364 Joan-

1699 5039 1974 5077 ussorum
2007 5022 2141 5094 (13).

2163 5218 2248 5290 [Ρ.
2281 5219 2371 5291 57]
2415 5218 2479 5274 α’.
2539 5221 2648 5274 Τοῦ
2709 5215 2765 5273 δὲ
2823 5218 3233 5294 αὐτοκράτορος
3276 5220 3597 5299 Νικηφόρου
3655 5222 3751 5278 τὸν

2088 5305 2292 5383 τρόπον
2322 5309 2421 5381 (4),
2481 5304 2538 5362 δν
2598 5305 2814 5382 εἴρηταί
2877 5328 2994 5380 μοι,
3051 5306 3439 5383 ἀναιρεθέντος,
3497 5311 3592 5373 τὰς
3649 5318 3755 5382 τῆς

1528 5459 1591 5517 C.
1635 5461 1697 5516 B.
1742 5460 1934 5516 HASII
1976 5461 2534 5519 ANNOTATIONES.

401 5590 422 5625 ³
451 5586 762 5664 προσέταξε.
798 5589 1073 5645 Additum
1105 5588 1202 5643 hic
1234 5593 1325 5643 est
1354 5584 1616 5643 secunda
1644 5602 1829 5643 manu
1852 5588 1973 5661 τοιφῄ

2096 5585 2119 5620 ³
2147 5582 2385 5655 ἐπένυξεν
2420 5586 2547 5643 cod.

403 5713 477 5783 (4)
500 5714 894 5785 Obtruncatus
917 5719 1007 5770 est
1030 5713 1394 5785 Nicephorus
1424 5728 1581 5767 anno
1630 5713 1755 5768 969.
1804 5712 1862 5785 d.
1894 5729 1971 5767 xI.

331 5784 556 5839 mensis
588 5786 925 5842 Decembris
954 5803 966 5840 :
1001 5786 1084 5841 ita
1114 5783 1245 5858 qua;
1276 5792 1598 5842 narrantur
1628 5785 1739 5841 hoc
1796 5783 1971 5847 libro,

2085 5712 2160 5787 ad
2192 5712 2452 5787 priorem
2482 5716 2713 5787 partem
2745 5710 2889 5787 anni
2919 5715 3044 5784 970,
3099 5715 3437 5787 pertinent:
3471 5716 3603 5775 vide
3632 5719 3746 5776 Pa-

2085 5784 2243 5858 gium
2277 5783 2599 5841 CritichV.
2630 5783 2719 5839 24.
2752 5785 2820 5844 Α.
