4118 6452
290 463 412 525 793
1660 460 2055 522 HISTORIA!
2101 459 2222 521 LIB
2263 459 2365 520 VI.
3598 463 3715 521 ’794

299 590 585 669 βασιλείας
629 591 781 661 ἡνίας
845 591 1122 662 Ἰωάννης,
1185 591 1212 646 ὁ
1271 590 1389 645 κατ’
1435 588 1723 661 ἐπίκλησιν
1751 593 1921 667 Τζιμι

2092 609 2171 649 IOS
2204 597 2596 665 cognomento
2627 591 2960 655 Tzimisces,
3016 592 3296 664 suscepit.
3347 594 3473 648 Jam
3507 598 3718 665 quarta

297 689 458 752 σκῆς,
522 681 917 751 ὑποζώννυται.
961 677 1103 751 Ἤδη
1158 676 1215 734 δὲ
1245 680 1510 755 τετάρτης
1570 682 1645 753 (ὅ)
1705 678 1923 760 φυλακῇ

2090 682 2256 737 ioctis
2288 682 2483 755 vigilia
2532 681 2795 751 ineunte,
2853 681 3104 737 Sabbato
3165 681 3588 752 dilucescente,
3622 684 3716 739 die

297 781 402 843 τῆς
449 772 642 833 νυκτὸς
698 768 1039 850 ἀρχομένης,
1104 764 1349 844 ἑϐδόμης
1397 768 1607 844 ἡμέρας
1666 766 1923 849 διαφανού

2095 772 2290 827 nensis
2325 771 2665 827 Decembris
2724 771 3065 839 undecimo,
3132 771 3459 828 indictione
3491 772 3721 829 decima

297 883 399 933 σης
422 862 467 933 ⁴,
531 858 820 932 ἑνδεκάτης
879 858 1150 932 τελούσης
1209 865 1306 915 τοῦ
1361 855 1699 934 Δεκεμϐρίου
1763 859 1923 934 μηνὸς

2093 862 2241 917 ertia
2271 863 2413 917 anni
2446 862 2636 917 sexies
2667 861 2974 916 millesimi
3006 862 3583 933 quadringentesimi
3626 880 3715 918 se-

300 953 439 1008 κατὰ
499 954 598 1023 τήν
654 948 1109 1022 τρισκαιδεκάτην
1176 947 1411 1006 ί’νδικτον
1441 955 1539 1005 τοῦ
1590 947 1926 1028 ἐξακισχιλιε

2096 952 2418 1024 >tuagesimi
2451 952 2659 1017 octavi,
2693 951 2983 1007 lectorum
3029 952 3286 1006 virorum
3334 969 3584 1021 cuneus,
3617 970 3722 1025 per

299 1048 430 1097 στοῦ
484 1047 939 1117 τετρακοσιοστοῦ
1024 1035 1446 1114 έϐδομηκοστοῦ
1508 1036 1709 1117 ὀγδόου
1764 1035 1917 1099 ἔτους

2086 1041 2229 1095 irbis
2260 1042 2519 1113 compita
2550 1042 3046 1106 circumcursans,
3079 1042 3367 1096 Joannem
3394 1042 3712 1114 imperato-

298 1127 554 1208 λογάδων
584 1128 792 1206 ἀνδρῶν
828 1135 1039 1211 στῖφος,
1074 1127 1163 1185 διὰ
1222 1136 1329 1186 τῶν
1386 1129 1593 1206 ἀγυιῶν
1625 1134 1722 1183 τοῦ
1754 1128 1924 1184 ἄστεω

2087 1148 2189 1186 ’θω
2221 1132 2322 1187 94
2354 1133 2778 1199 Romanorum,
2811 1131 3109 1203 adjunctis
3140 1132 3388 1187 Romani
3431 1131 3589 1187 haud
3634 1132 3713 1187 ita

296 1217 701 1300 διερχόμενον,
762 1220 1143 1295 αὐτοκράτορα
1202 1219 1493 1294 Ῥωμαίων
1550 1221 1643 1274 τὸν
1702 1218 1922 1287 Ἰωάννη

2087 1221 2296 1276 )Γίάθῐᾙ
2328 1222 2574 1294 Augusti
2608 1221 2834 1283 liberis,
2884 1220 3300 1277 renuntiabat:
3335 1238 3483 1292 quos
3512 1237 3582 1275 ex
3620 1221 3713 1277 in-

293 1310 388 1364 σῦν
433 1317 551 1371 τοῖς
605 1316 703 1366 τοῦ
762 1307 872 1382 ἤδη
940 1311 1367 1385 βασιΛεύσαντος
1427 1311 1715 1385 Ῥωμανοῦ
1770 1307 1919 1363 παισῖ

2092 1311 2310 1366 ervallo
2344 1310 2822 1381 subsequebatur
2870 1310 3126 1366 Basilius
3186 1311 3431 1378 Nothus,
3465 1311 3718 1366 Romani

294 1401 648 1478 ἀνηγόρευον·
690 1402 775 1463 οἷς
835 1398 894 1455 ἐκ
945 1397 1322 1474 διαστήματος
1360 1398 1608 1479 ἐφείπετο
1668 1396 1920 1455 Βασίλεια

2092 1402 2371 1473 [uondam
2407 1401 2644 1475 Augusti
2678 1418 2747 1457 ex
2777 1402 3047 1473 Scythica
3092 1401 3314 1458 femina
3347 1402 3525 1469 filius,
3569 1420 3718 1474 pras-

301 1492 330 1544 ὁ
364 1492 562 1559 Νόθος,
591 1492 879 1565 Ῥωμανοῦ
935 1496 1033 1546 τοῦ
1084 1490 1257 1547 πάλαι
1288 1488 1693 1565 αὒτοκράτορος
1726 1488 1786 1543 ἐκ
1818 1494 1926 1543 Σκυ

2095 1491 2219 1546 .idis
2248 1491 2533 1563 dignitate
2565 1491 2896 1547 decoratus.
2944 1492 3061 1547 Hoc
3092 1508 3310 1547 munus
3358 1492 3721 1562 Nicephorus

299 1576 447 1641 θίόος
479 1580 621 1650 υἱὸς,
651 1585 729 1653 τῷ
759 1585 858 1635 τοῦ
915 1577 1184 1656 προέδρου
1246 1576 1625 1652 ἐκδιαπρέπων
1659 1577 1925 1651 ἀξιώματι

2098 1582 2300 1635 trimus
2331 1581 2599 1636 omnium
2626 1581 3055 1652 imperatorum
3080 1581 3440 1635 inhonorem
3465 1581 3724 1636 hominis

301 1669 620 1748 Νικηφόρος
652 1666 729 1737 δὲ,
763 1670 926 1746 μόνος
956 1675 1064 1725 τῶν
1122 1668 1335 1725 λοιπῶν
1366 1664 1663 1738 σεϐαστῶν,
1695 1665 1747 1727 ἐς
1800 1665 1927 1743 γέρα

2101 1679 2403 1730 reaverat:
2437 1675 2563 1745 qui,
2606 1674 2874 1745 quamvis
2935 1674 3140 1745 spado,
3199 1674 3347 1729 alias
3394 1673 3722 1729 industrius

302 1764 385 1832 τῷ
410 1756 566 1834 ἀνδρῖ
598 1760 802 1831 ταύτην
851 1758 1247 1835 ἐκαινοτόμησε
1277 1762 1376 1829 τὴν
1431 1761 1602 1832 τιμήν
1769 1755 1928 1831 ὅσπερ

2096 1770 2126 1818 t
2155 1764 2501 1836 ingeniosus
2522 1770 2651 1819 erat
2680 1763 2787 1831 vir,
2822 1765 3195 1835 negotiorum
3224 1781 3329 1835 pro
3354 1763 3722 1835 temporibus

304 1848 357 1904 εἴ
382 1850 474 1905 καὶ
505 1848 767 1925 ἐκτομίας
821 1849 1134 1930 ἐτύγχανεν,
1162 1848 1310 1907 ἀλλὰ
1364 1847 1661 1919 τηνάλλως
1721 1845 1926 1923 δραστή

2094 1869 2214 1908 tene
2246 1870 2459 1925 gerens
2513 1853 2617 1907 Hic
2647 1869 2781 1907 cum
2804 1854 3030 1907 Joanne
3063 1853 3526 1923 conspiraverat,
3556 1869 3720 1907 sum-

303 1940 422 2013 ριός
448 1961 507 1994 τε
546 1940 637 1995 καὶ
670 1940 938 2020 ἀγχίτους
998 1941 1246 2018 ὑπῆρχεν
1302 1939 1458 2014 ἀνὴρ,
1519 1939 1728 2018 εὐφυῶς
1759 1938 1784 1973 ⁵
1840 1942 1928 1991 τοῖ

2095 1959 2163 1998 na
2201 1942 2641 1998 necessitudine
2667 1942 2719 1996 ei
2750 1942 3088 2013 adjunctus,
3120 1942 3502 2012 primumque
3535 1941 3721 1996 simu-

297 2029 617 2105 πράγμασιν
664 2027 716 2083 ἐν
772 2030 1145 2103 περιστάσεσιν
1207 2028 1639 2103 ἁρμοττόμενος.
1693 2027 1923 2100 Συνωμό

2096 2041 2192 2087 ata
2204 2033 2546 2087 valetudine
2570 2037 2774 2103 postea
2788 2036 3043 2104 aegrotus
3062 2030 3488 2100 erat,lectoque
3509 2030 3720 2085 affixus

298 2138 402 2187 της
424 2115 481 2172 δὲ
514 2115 586 2172 ὢν
620 2118 868 2193 Ἰωάννῃ,
902 2118 993 2173 καὶ
1055 2118 1176 2172 Αίαν
1233 2117 1480 2178 ἐκτόπως
1513 2116 1664 2190 αὐτῷ
1716 2113 1923 2195 φιλικῶ

2098 2141 2146 2190 s,
2164 2128 2230 2176 ut
2252 2127 2431 2177 noctu
2461 2122 2533 2176 de
2558 2121 2871 2192 Nicephori
2896 2121 3054 2177 cmde
3079 2126 3449 2193 cognoverat,
3483 2125 3721 2174 antece-

300 2204 677 2281 διασκείμενος
709 2252 727 2278 ,
782 2206 1081 2278 ἐσκήπτετο
1152 2208 1417 2282 πρότερον
1474 2211 1672 2276 νοσεῖν,
1725 2202 1926 2261 κᾶπειτα

2092 2212 2306 2267 lentem
2339 2212 2642 2266 cohortem
2683 2228 2819 2267 cum
2875 2210 3047 2283 globo
3106 2216 3486 2265 strenuorum
3519 2208 3718 2265 adole-

298 2299 558 2371 πονήρως
592 2297 739 2375 εἶχε,
769 2296 860 2352 καὶ
891 2293 1220 2366 κλινοπετὴς
1240 2297 1325 2366 ἧν.
1366 2297 1576 2374 Νύχιον
1607 2296 1698 2350 οὗν
1731 2297 1829 2366 τὴν
1857 2315 1919 2349 το

2099 2302 2363 2358 centium
2393 2301 2720 2369 insecutus,
2742 2302 3029 2356 Joannem
3053 2301 3381 2373 Augustum
3404 2299 3721 2370 imperato-

300 2386 619 2465 Νικηφόρου
677 2386 1013 2461 μεμαθηκὼς
1079 2385 1374 2459 ἀναίρεσιν,
1450 2390 1530 2458 τῷ
1588 2382 1926 2463 προειληφότ

2090 2407 2192 2447 'em
2223 2392 2626 2447 Romanorum
2666 2389 3065 2446 renuntiavit:
3101 2406 3216 2459 quo
3267 2387 3424 2444 facto
3457 2388 3519 2442 in
3550 2387 3716 2459 pala-

299 2475 477 2553 στίφει
565 2474 705 2551 μετὰ
754 2473 977 2550 σπείρας
1061 2475 1320 2552 γενναίων
1380 2474 1671 2530 νεανίσκων
1726 2470 1924 2528 ἐπισπό

2090 2482 2214 2536 ium
2267 2481 2467 2546 rediit,
2536 2495 2951 2551 summamque
3008 2495 3209 2535 rerum
3269 2493 3405 2532 eum
3490 2477 3715 2532 JOanne

302 2585 460 2639 μενος
493 2607 507 2633 ,
563 2559 823 2619 σεϐαστὸν
882 2562 1112 2639 βασιλέα
1186 2564 1480 2638 Ῥωμαίων
1547 2564 1640 2619 τὸν
1698 2563 1923 2633 Ἰωάννη

2091 2570 2520 2634 .dministravit,
2548 2586 2582 2625 a
2603 2587 2721 2641 quo
2750 2568 3166 2641 praefecturam
3188 2566 3446 2623 cubiculi
3468 2565 3717 2636 accepit.

299 2654 678 2728 ἇνεκήρυττεν’
737 2653 812 2715 εἷς
871 2653 936 2708 τὰ
997 2651 1250 2727 βασίλειά
1307 2675 1364 2709 τε
1421 2654 1576 2715 αὖθις
1630 2651 1810 2727 ἀνῂει,
1864 2672 1925 2706 κα

2094 2659 2205 2732 psi,
2242 2659 2313 2715 de
2340 2660 2435 2715 his
2467 2676 2598 2730 qua:
2628 2676 2659 2714 e
2691 2676 2756 2714 re
2789 2675 2898 2715 sua
2933 2658 3131 2713 forent
3150 2656 3580 2713 deliberatione
3612 2655 3715 2709 ha-

299 2744 426 2818 περὶ
483 2749 590 2798 τῶν
671 2748 869 2798 κοινῶν
949 2743 1182 2817 Ἰωάννῃ
1273 2742 1620 2817 συνέπραττε,
1680 2744 1779 2812 τὴν
1859 2762 1920 2797 το

2091 2750 2210 2818 ἠία,
2244 2748 2526 2804 mandata
2552 2753 2611 2803 et
2662 2748 2855 2803 edicta
2906 2763 3014 2818 per
3071 2753 3252 2802 totam
3313 2745 3522 2799 urbem
3555 2743 3717 2798 illico

310 2828 814 2907 παρακοιμωμένόυ
853 2831 990 2906 πρὸς
1041 2830 1249 2887 ἐκείνου
1299 2834 1468 2906 τιμὴν
1524 2828 1789 2910 εἰληφώς·
1827 2836 1932 2904 Περ

2090 2839 2370 2905 amittunt,
2393 2860 2420 2887 ‹‹
2446 2837 2651 2892 turbas
2677 2837 2855 2904 ciere,
2879 2836 3277 2907 direptionem
3290 2835 3485 2891 facere
3511 2832 3618 2887 ulli
3642 2849 3716 2887 ne

296 2927 408 2977 τῶν
464 2922 825 2992 ξυνοισόντων
879 2922 970 2976 οὖν
1016 2921 1203 2984 αὐτοῖς
1257 2919 1712 2997 βουλευσάμενοι,
1762 2917 1920 2974 έντάλ

2092 2927 2274 2982 iceret
2298 2943 2310 2980 :
2340 2926 2498 2997 quod
2517 2925 2566 2980 si
2589 2926 2726 2996 quis
2747 2925 3041 2997 ejusmodi
3068 2924 3294 2996 aliquid
3316 2940 3496 2979 ausus
3516 2922 3716 2990 fuerit,

303 3034 450 3086 ματα
478 3011 569 3067 καὶ
619 3012 1022 3089 προστάγματα
1081 3007 1170 3065 διὰ
1226 3011 1428 3075 παντὸς
1487 3014 1581 3065 τοῦ
1640 3008 1830 3069 ἄστεος
1856 3005 1929 3063 αὕη

2093 3033 2240 3071 uena
2271 3021 2416 3077 esto,
2438 3020 2506 3070 ut
2534 3021 2713 3085 caput
2743 3016 2796 3070 ei
2826 3019 3186 3086 amputetur.
3215 3035 3243 3061 »
3261 3011 3429 3079 Quod
3459 3011 3719 3066 edictum

298 3106 476 3177 θωρον
506 3099 781 3167 ἔστελλον,
849 3102 923 3174 μὴ
981 3098 1169 3170 ἐξεῖναί
1215 3122 1321 3155 τινι
1373 3106 1672 3175 νεωτεριεῖν
1701 3102 1742 3165 ⁵,
1774 3100 1808 3170 ἢ
1865 3096 1924 3154 ἐπ

2087 3122 2187 3160 ton
2220 3104 2583 3160 mediocrem
2612 3109 2897 3159 terrorem
2919 3100 3596 3172 Constantinopolitanis
3624 3101 3713 3153 in-

298 3188 606 3268 διαρπαγὰς
682 3188 1017 3245 ἀποκλίνειν
1094 3186 1336 3244 κίνδυνον
1400 3189 1502 3263 γὰρ
1556 3188 1689 3243 εἶναι
1747 3191 1830 3261 [Ρ.
1861 3191 1924 3244 58

2093 3196 2228 3262 ecit,
2260 3212 2372 3250 nec
2403 3196 2720 3267 quisquam
2765 3201 2972 3249 contra
3028 3193 3378 3249 mandatum
3436 3190 3511 3246 ad
3567 3206 3717 3244 nova

296 3286 380 3353 τῷ
436 3280 862 3354 τοιουτότροπόν
918 3301 970 3333 τι
1028 3277 1419 3352 τολμήσαντι,
1468 3278 1809 3358 ἀφαιρεῖσθαι
1856 3284 1921 3346 τῆ

2096 3285 2321 3341 ιοῐιεὶιίει
2345 3284 2611 3341 animum
2636 3284 2918 3339 inducere
2942 3289 3033 3338 est
3053 3300 3254 3339 ausus.
3281 3284 3424 3337 Nam
3447 3279 3722 3335 solebant

310 3332 373 3353 “Τ
450 3332 851 3354 ’ν””ήγΓ”“ή’
960 3332 966 3333 7
1044 3332 1237 3352 777.77'7
1334 3332 1339 3333 ⁷
1405 3332 1419 3348 ⁷
1605 3332 1653 3353 Iv,
1734 3332 1737 3333 ⁷
1912 3332 1921 3346 ⁸

299 3369 565 3449 κεφαλῆς.
600 3372 781 3428 Τοῦτο
810 3370 873 3424 τὸ
905 3366 1278 3445 παράγγελμα
1326 3367 1579 3430 ἐπιεικῶς
1632 3366 1925 3437 Βυζαντίου

2095 3393 2130 3429 n
2164 3375 2506 3447 hujusmodi
2531 3391 2733 3429 rerum
2766 3374 3198 3429 mutationibus
3222 3390 3292 3427 ex
3323 3370 3496 3442 plebe
3526 3369 3721 3424 homi-

302 3458 714 3534 ἐξεδειμάτωσε,
746 3459 836 3514 καὶ
870 3454 1050 3519 οὐδεὶς
1083 3456 1294 3532 ἐτόλμα
1349 3458 1671 3537 νεοχμῶσαί
1726 3479 1779 3512 τι
1810 3479 1928 3533 παρτ

2096 3484 2174 3521 les
2206 3468 2326 3521 otio
2351 3472 2729 3538 egestateque
2762 3464 2998 3537 perditi,
3023 3465 3096 3520 ad
3123 3462 3515 3534 expilationes
3546 3460 3722 3514 bono—

301 3550 366 3606 τὸ
422 3548 764 3627 προσταχθέν
800 3591 812 3603 .
883 3547 1159 3604 Εἰώθεσαν
1216 3548 1319 3624 γὰρ
1396 3545 1446 3601 ἐν
1508 3552 1626 3608 ταῖς
1681 3548 1927 3602 τοιαύται

2101 3573 2197 3610 um
2258 3555 2621 3626 domumque
2682 3555 3020 3610 eversiones
3079 3553 3360 3619 converti,
3421 3549 3722 3605 interdum

302 3635 641 3713 μεταϐολαῖς
675 3639 728 3692 οἱ
759 3637 916 3712 ἀργοὶ
961 3642 1058 3692 τοῦ
1111 3633 1314 3710 δήμου,
1344 3635 1432 3690 καῖ
1465 3634 1686 3711 ἄποροι.
1719 3635 1767 3706 ἐξ
1802 3634 1922 3712 δισρ

2096 3661 2302 3715 [ηοειῑιε
2337 3645 2409 3699 ad
2432 3644 2650 3698 civium
2682 3644 2779 3701 95
2816 3643 3060 3712 caedem,
3092 3648 3159 3696 ut
3188 3642 3249 3696 in
3280 3638 3722 3696 renuntiatione

299 3729 482 3805 παγὰς
544 3728 854 3807 χρημάτων
910 3726 999 3781 καὶ
1049 3726 1395 3804 κατασκαφὰς
1456 3724 1622 3780 οἷ’κων
1657 3770 1670 3797 ,
1731 3722 1925 3781 ἔσθ’δτ

2096 3734 2380 3805 licephori
2422 3736 2668 3805 Augusti
2727 3739 3021 3788 evenerat.
3084 3732 3194 3786 Sed
3253 3732 3413 3786 hunc
3469 3727 3722 3784 forensis

298 3818 390 3872 καὶ
422 3824 529 3872 τῶν
563 3814 864 3896 ὁμοφύλων
907 3815 1115 3894 σφαγὰς
1170 3813 1479 3887 τρέπεσθκι,
1535 3815 1673 3870 καθά
1731 3838 1834 3870 που
1866 3838 1924 3872 κα

2091 3823 2344 3877 :olluviei
2369 3839 2591 3877 caecum
2615 3823 2903 3894 impetum
2934 3822 3180 3877 Joannis
3206 3820 3465 3876 edictum
3497 3834 3717 3891 prave-

298 3905 353 3962 ἐν
380 3907 449 3983 τῇ
489 3904 783 3981 ἀναῤῥήσει
838 3910 936 3960 τοῦ
994 3904 1400 3978 αὐτοκράτορος
1459 3906 1783 3983 Νικηφόρου
1816 3928 1924 3980 συμ

1072 3904 1400 3978 τοκράτορος
1459 3906 1783 3983 Νικηφόρου
1816 3928 1957 3980 συμ-
2068 3912 2292 3967 niendo
2324 3912 2698 3984 compressit.

293 3992 544 4068 ϐέϐηκεν.
578 3993 759 4050 Ἀλλὰ
790 3997 886 4065 τὴν
942 3994 1200 4065 τοιαύτην
1256 3993 1548 4049 ἀκάθεκτον
1612 3999 1711 4049 τοῦ
1763 3995 2028 4072 ἀγοραίου
2061 3995 2242 4078 ὄχλου
2300 4000 2471 4079 φορὰν
2528 4000 2843 4080 προφθάσας
2889 3996 3164 4055 ἀνέστειλε
3218 3998 3282 4053 τὸ
3333 4000 3428 4051 τοῦ
3476 3992 3728 4050 Ἰωάννου

297 4084 629 4163 διάγγελμα.

375 4213 444 4288 β’.
508 4212 596 4269 Ἐν
647 4210 866 4270 τούτοις
922 4214 1031 4265 τῶν
1089 4213 1431 4287 πραγμάτων
1497 4207 1840 4285 ᾐωρημένων
1886 4210 1909 4245 ’⁷
1944 4254 1960 4281 ,

2141 4207 2196 4260 2.
2229 4206 2424 4262 Rebus
2451 4206 2534 4262 ita
2571 4206 2898 4278 suspensis,
2932 4207 3044 4261 Leo
3096 4205 3501 4277 Curopalates,
3553 4204 3723 4260 Nice-

300 4300 451 4357 Λέων
483 4296 944 4374 Κουροπαλάτης,
969 4300 997 4353 ὁ
1027 4301 1124 4353 τοῦ
1180 4299 1504 4379 Νικηφόρου
1566 4319 1846 4374 συναιμος,
1880 4298 1926 4379 ἐς

2102 4296 2243 4352 νῙΙΟΓί
2272 4296 2473 4364 frater,
2506 4295 2668 4351 domi
2689 4296 3013 4366 dormiens,
3037 4311 3173 4350 cum
3203 4294 3529 4362 debuisset,
3544 4295 3728 4349 simul

301 4393 483 4451 ἑστίας
515 4386 813 4459 καθεύδων,
842 4391 943 4458 τήν
976 4393 1072 4443 τοῦ
1125 4385 1366 4468 ἀδελφοῦ
1418 4389 1632 4467 σφαγὴν
1686 4386 1927 4468 διενηχηη

2095 4393 2137 4442 It
2158 4388 2230 4442 de
2260 4387 2420 4443 caade
2449 4387 2652 4442 fratris
2682 4386 3005 4450 audiverat,
3057 4385 3185 4440 auri
3207 4385 3540 4451 thesauros,
3573 4402 3721 4455 quos

301 4481 435 4552 θεὶς,
466 4477 578 4535 διον
609 4478 780 4551 αὐτῷ,
839 4482 1050 4557 χρυσοῦ
1110 4478 1418 4552 θησαυροὺς
1448 4476 1766 4551 κεκτημένῳ
1791 4476 1927 4533 πολι

2094 4476 2435 4550 iergrandes
2456 4476 2732 4542 habebat,
2752 4493 2858 4547 per
2869 4475 3023 4529 viam
3044 4491 3340 4546 spargere,
3362 4474 3720 4545 plebemque

299 4571 629 4642 ταλάντους,
688 4568 825 4624 κατὰ
886 4564 1135 4648 ἄμφοδον
1193 4564 1545 4642 διασπείρειν,
1604 4568 1692 4622 καὶ
1743 4567 1925 4622 τούτοι

2098 4566 2386 4634 trbanam,
2415 4582 2486 4621 ea
2514 4583 2576 4620 re
2607 4565 2946 4630 excitatam,
2978 4564 3051 4619 ad
3095 4564 3386 4619 ultionem
3430 4565 3493 4619 in
3524 4570 3724 4635 tyran-

302 4662 434 4721 τοὺς
482 4659 740 4720 ἆστικοὺς
788 4654 1149 4731 δεξιούμενον,
1206 4658 1279 4718 εἷς
1335 4652 1610 4726 ἐκδίκησιν
1668 4657 1804 4712 κατὰ
1859 4661 1928 4710 τιῖ

2094 4673 2184 4711 ιοε
2215 4655 2523 4727 impellere
2581 4654 2763 4726 (quod
2795 4654 2842 4709 si
2875 4653 3086 4708 inisset
3145 4654 3486 4717 consilium,
3517 4654 3720 4710 forsan

306 4750 579 4826 τυράννων
632 4744 970 4822 παρακαλεῖν
1027 4745 1093 4819 (εἷ
1149 4746 1253 4821 γὰρ
1314 4743 1457 4800 οὓτω
1507 4742 1784 4816 διενοήθη,
1833 4746 1932 4823 τάχ

2106 4746 2202 4800 ine
2234 4744 2539 4817 sanguinis
2571 4743 2858 4799 effusione
2888 4744 3175 4798 Joannem
3206 4744 3458 4814 imperio
3503 4743 3726 4815 pellere

306 4840 664 4914 ἂνὶἇναιμωτὶ
711 4839 804 4893 τὸν
859 4838 1111 4907 Ἰωάννην
1163 4842 1270 4891 τῶν
1324 4836 1565 4916 ἀρχείων
1611 4836 1932 4892 κατέσπασεν

2099 4834 2371 4890 »οὶιιίεεθῐ
2398 4850 2411 4888 :
2445 4833 2605 4903 quod
2626 4833 2729 4904 qui
2761 4838 2901 4887 tunc
2929 4832 3310 4902 magistratus
3334 4834 3592 4905 majores
3624 4851 3725 4907 ge—

305 4934 392 4989 δτι
421 4953 478 4987 τε
509 4932 561 4985 οἱ
590 4930 688 4992 τὰς
744 4934 844 4997 τῆς
902 4925 1188 4991 πολιτείας
1242 4925 1714 5006 ἐγκεχειρισμένοι
1735 4930 1755 4963 ⁸
1786 4926 1931 5005 ἀρχὰ

2102 4925 2416 4988 'ebant,eos
2438 4940 2473 4978 a
2488 4923 2815 4994 Nicephoro
2833 4928 3187 4994 acceperant
3212 4939 3224 4977 :
3252 4928 3377 4978 tum
3403 4925 3544 4996 quia
3569 4924 3728 4979 haud

299 5023 438 5097 πρὸς
466 5024 563 5075 τοῦ
596 5017 919 5097 Νικηφόρου
950 5017 1149 5078 ταύτας
1198 5015 1509 5095 εἰλήφεσαν
1565 5017 1655 5072 καὶ
1687 5017 1772 5072 ὅτι
1803 5037 1925 5092 στρα

2102 5012 2487 5086 tspernandus
2497 5012 2671 5068 miles
2693 5013 2745 5067 ei
2762 5011 3035 5067 subditus
3050 5013 3563 5086 Constantinopoli
3583 5022 3728 5067 erat:

300 5107 557 5166 τιωτικὸν
600 5105 904 5185 ἀξιόχρεων
944 5110 1051 5158 τῶν
1105 5105 1194 5159 ὑπ’
1252 5103 1439 5177 ἐκείνῳ
1496 5104 1839 5183 τεταγμένων
1883 5126 1926 5160 τι

2103 5106 2177 5178 [ui
2208 5103 2495 5168 universi,
2516 5101 2840 5156 dummodo
2871 5101 3193 5157 consilium
3223 5119 3456 5173 capere,
3489 5102 3729 5172 acrique

309 5202 587 5274 Βυυαντίῳ
632 5196 1019 5278 ἐπεχωρίαζεν·
1071 5195 1125 5251 οἳ
1154 5196 1346 5257 πάντες
1404 5199 1557 5271 αὑτῷ
1616 5195 1935 5273 βουληθέντι

2105 5194 2278 5250 .nimo
2308 5208 2403 5247 res
2435 5206 2614 5246 novas
2645 5190 2847 5246 moliri
2897 5190 3202 5257 voluisset,
3238 5191 3289 5246 ei
3330 5195 3542 5263 praasts
3584 5190 3731 5246 fuis-

1525 5334 1588 5392 C.
1622 5335 1685 5388 Β.
1729 5332 1921 5388 HASII
1961 5327 2516 5387 ANNOTATIONES.

375 5466 558 5539 ‘_Leg.
602 5457 1063 5539 .8tacp100:50'1}¢.,_
1090 5464 1157 5516 ut
1201 5462 1270 5514 25
1302 5502 1314 5516 .
1354 5461 1444 5539 ,Αμ
1547 5458 1596 5539 ⁵.
1632 5458 1909 5515 Mendose
1969 5477 2001 5511 ετ

2103 5458 2163 5517 ῦς
2222 5453 2349 5524 (sic)
2406 5450 2539 5507 cod.
2642 5448 2993 5523 ϐνεωτεριεῖν
3026 5491 3041 5505 .
3101 5448 3229 5505 Vid.
3288 5448 3445 5504 infra
3516 5448 3602 5504 7i.
3663 5449 3728 5504 D.

305 5538 326 5574 ’1
383 5526 733 5608 ἧωθῆμὲνωνί
756 5532 888 5590 cod.
946 5526 955 5531 ’
990 5526 1457 5609 ⁸έγχειρισμένοι
1490 5530 1622 5587 cod.

382 5673 471 5750 (5)_
492 5671 839 5750 Binan-sque
897 5666 971 5721 ad
1037 5665 1130 5721 vb.
1189 5662 1520 5739 ἀνηγόρευον
1578 5664 1972 5722 Combeﬁsius

2100 5664 2178 5716 τοῦ
2220 5657 2555 5749 ἀξιώματος,
2607 5656 2829 5750 πρώτου
2862 5651 2907 5708 δ’
2939 5654 3070 5709 αὐτὸ
3121 5657 3282 5708 τοῦτο
3341 5651 3726 5750 Ξφευρηκότρξ,

2100 5735 2110 5750 1
2133 5749 2139 5750 ,
2173 5733 2187 5750 I
2221 5733 2263 5750 ‘I,
2418 5748 2425 5750 ι
2530 5748 2537 5750 ι
2697 5748 2718 5750 _.
2760 5730 2850 5750 --.‘!
2911 5743 3019 5750 --.ψ
3048 5729 3158 5750 ἐκ--
3189 5728 3400 5750 μμέω-.-
3455 5741 3521 5750 Α-
3559 5742 3618 5750 Α-

310 5723 895 5817 αρῖβάεέινρεκ-
985 5810 1078 5817 ω
1140 5810 1175 5817 _
1582 5807 1592 5817 1
1815 5801 1842 5817 υ

2101 5733 2192 5789 Sed
2220 5723 2336 5817 leg.
2364 5723 2586 5805 πρώτου
2618 5723 2666 5780 δ’
2689 5726 2876 5797 αὐτοῦ,
2896 5729 3159 5817 [cavit-ipse
3181 5723 3420 5797 primus,
3452 5723 3525 5781 ex
3554 5728 3727 5785 codd.

381 5813 457 5889 (θ)
487 5798 793 5871 Οἶάτθηιιε
847 5811 917 5866 ΙΙ.
979 5810 1102 5864 663.
1140 5810 1202 5863 Ι).
1259 5807 1429 5880 μήπω
1489 5807 1753 5883 πρότερον
1813 5801 1967 5868 ὄντος

1590 5808 1753 5883 ἕτερον
1813 5801 1967 5868 ὄντος
2086 5798 2602 5875 οωηίὺῖιε,ἐοηειι
2625 5815 2863 5872 quoque
2894 5798 3216 5871 ﬂagitante.
