4118 6472
349 503 466 564 795

1737 495 2016 556 LEONIS
2062 493 2382 555 DIACONI

3655 484 3869 554 796‘

350 636 535 701 sent):
591 633 712 694 ille,
747 631 818 685 ob
872 628 1343 701 magnitudinem
1394 628 1750 683 calamitatis
1797 632 1997 682 mente

2130 625 2200 681 ιαῖ
2258 627 2395 701 πρὸς
2466 624 2643 695 ἀλκὴν
2697 625 2790 680 καὶ
2841 624 3203 700 νεωτερισμὸν
3273 622 3589 698 ὡρμηκύτι,
3649 644 3766 677 σονς

352 722 642 787 turbatus,
676 719 825 773 nihil
861 718 975 773 tale
1004 734 1080 772 ne
1125 718 1323 773 animo
1356 715 1596 787 quidem
1629 717 1998 787 complexus,

354 828 529 881 quam
561 808 753 880 potuit
777 808 1231 862 contentissimo
1263 823 1439 861 cursu
1470 806 1533 860 in
1566 806 1829 861 nobilem
1854 805 1998 860 divi-

352 916 444 953 nae
477 898 791 969 Sapientia;
823 897 1137 952 ecclesiam
1170 913 1232 951 se
1273 896 1551 967 conjecit,
1601 895 1853 949 fortunaa
1905 911 1998 950 ca-

354 988 565 1059 suique
580 989 703 1042 haec
726 987 1123 1042 committens.
1144 986 1664 1052 IntereaJoannes,
1681 990 2002 1056 antequam

353 1078 511 1132 clare
542 1078 602 1131 in
631 1082 852 1131 terram
893 1076 1090 1131 radios
1122 1075 1212 1130 sol
1234 1074 1573 1138 diffuderat,
1608 1074 1683 1129 ad
1738 1091 2003 1129 summas

350 1166 586 1236 imperii
609 1166 928 1237 dignitates
950 1182 1087 1220 suos
1105 1164 1380 1219 homines
1402 1163 1635 1219 extollit
1654 1181 1666 1231 ;
1685 1169 2002 1235 praetorem

351 1256 533 1311 ofﬁcii
566 1255 851 1310 maritimi
874 1254 1286 1327 drungarium,
1318 1253 1561 1325 vigilum
1594 1252 2001 1323 praepositum,

351 1351 410 1399 et
440 1361 616 1415 quem
650 1344 842 1399 noctis
872 1343 1218 1415 praefectum
1250 1347 1481 1407 vocant,
1518 1341 2005 1412 Nicephorianos,

351 1433 425 1488 ab
457 1436 599 1504 Rep.
634 1438 937 1487 removet:
968 1433 1096 1498 hos,
1131 1436 1195 1487 et
1252 1432 1593 1502 quicunque
1643 1429 1731 1483 illi
1760 1430 2003 1501 propin-

352 1521 677 1591 quitatibus
707 1520 811 1575 96
843 1519 1148 1591 conjuncti
1183 1523 1373 1586 erant,
1422 1518 1494 1573 ad
1526 1517 1751 1589 praedia
1800 1534 2007 1572 eorum

354 1611 595 1678 rustica,
623 1615 690 1665 ut
716 1610 797 1664 ibi
837 1610 1138 1682 degerent,
1182 1608 1482 1664 amandat.
1521 1608 1784 1663 Fratrem
1836 1607 2005 1662 Nice-

354 1699 550 1769 phori,
587 1699 842 1753 Leonem
882 1697 1320 1768 CurOpalatam,
1355 1702 1413 1750 et
1468 1695 1866 1767 Nicephorum
1899 1696 2005 1749 Pa—

354 1788 617 1853 tricium,
652 1788 861 1842 Leonis
893 1789 978 1849 F.,
1011 1786 1084 1840 de
1116 1785 1381 1857 corporis
1425 1785 1836 1840 incolumitate
1890 1783 2007 1839 fide

359 1877 517 1935 data.
550 1876 968 1947 Methymnam,
990 1876 1150 1946 quod
1174 1880 1260 1930 est
1292 1875 1354 1930 in
1388 1874 1570 1929 Lesbo
1604 1874 1802 1930 insula
1840 1874 2009 1945 oppi-

2102 716 2301 788 ἠραντο
2352 714 2454 783 av):
2510 712 2658 770 ἀλλὰ
2720 715 2846 791 γὰρ,
2904 718 2984 785 τῷ
3041 711 3255 791 μεγέθει
3296 716 3392 767 τοῦ
3442 712 3647 773 πάθους
3674 713 3770 772 τάς

2103 802 2294 883 φρένας
2326 803 2660 876 ἐκθροηθεὶς,
2693 807 2854 857 τοῦτο
2905 802 2998 875 μὲν
3031 798 3145 855 οὐδ’
3175 799 3262 856 ἐπὶ
3318 804 3440 856 νοῦν
3494 795 3687 855 ἔλαϐεν
3721 803 3766 855 θ’

2104 894 2180 955 ὡς
2238 894 2363 972 εἶχε
2418 890 2475 948 δὲ
2528 890 2749 967 δρόμων
2795 893 2886 947 τὸν
2928 893 3258 966 περίπυστον
3315 897 3416 959 τῆς
3468 894 3567 945 τοῦ
3615 895 3749 945 Θεοῦ

2107 981 2309 1060 Σοφίας
2340 975 2752 1055 καταλαμϐάνει
2802 982 2987 1051 σηκὸν,
3046 981 3116 1051 τῇ
3169 980 3317 1058 τύχῃ
3378 978 3467 1033 καὶ
3517 981 3589 1052 τῇ
3620 983 3762 1058 φορᾷ

2104 1076 2213 1125 τῶν
2244 1072 2586 1148 πραγμάτων
2613 1075 2781 1125 ταῦτα
2827 1067 3165 1125 καταλιπων.
3228 1070 3284 1122 Ὀ
3344 1064 3400 1123 δέ
3456 1090 3519 1146 γε
3581 1068 3768 1124 Ἰωάν-

2105 1181 2224 1228 νης,
2253 1160 2379 1235 πρὶν
2409 1158 2706 1236 τηλαυγῶς
2735 1163 2802 1233 τῇ
2835 1163 2908 1233 γῇ
2940 1159 3035 1220 τὰς
3085 1158 3303 1219 ἀκτῖνας
3360 1155 3770 1236 προσυφαπλῶ-

2109 1268 2197 1302 σαι
2234 1249 2326 1303 τὸν
2354 1247 2539 1318 ἣλιον,
2573 1254 2694 1310 ταῖς
2730 1249 3012 1326 μεγίσταις
3072 1255 3171 1317 τῆς
3229 1245 3512 1303 πολιτείας
3564 1246 3768 1325 ἀρχαῖς

2112 1336 2346 1399 οῗκείους
2408 1334 2602 1413 ἄνδρας
2687 1338 3105 1408 ἀποκαθίστησι,
3180 1337 3488 1412 πραίτωρα,
3547 1335 3639 1390 καὶ
3667 1340 3766 1391 τοῦ

2108 1425 2355 1502 πλοΐμου
2388 1424 2773 1505 ὃρουγγάριον,
2804 1429 2903 1495 τῆς
2932 1448 2991 1482 τε
3045 1425 3273 1504 βίγλης,
3304 1425 3396 1481 καὶ
3427 1426 3486 1480 ’ὀν
3538 1423 3774 1480 καλοῦσι

2108 1514 2655 1595 νυκτέπαρχον,τοὺς
2703 1520 2799 1571 τοῦ
2859 1517 3204 1596 Νικηφόρου,
3262 1515 3764 1590 παραιτησάμενος·

2112 1605 2208 1667 οὓς
2240 1599 2353 1678 ἅμα
2380 1610 2497 1665 τοῖς
2527 1602 2577 1673 ἐξ
2639 1601 2869 1678 αἵματος
2924 1602 3136 1675 ᾳκείνου
3197 1605 3487 1674 ἀνήκουσιν
3540 1600 3591 1657 έν
3642 1608 3764 1665 τοῖς

2110 1693 2387 1775 σφετέροις
2446 1694 2639 1772 ἀγροῖς
2699 1690 2994 1769 διατρίϐειν
3050 1692 3392 1770 παρέπεμψε.
3433 1694 3646 1754 Πίστεις
3712 1715 3774 1749 τε

2111 1790 2189 1858 τῷ
2217 1789 2313 1841 τοῦ
2357 1783 2759 1859 αὐτοκράτορος
2782 1786 3099 1864 Νικηφόρου
3131 1783 3397 1859 ὁμαίμονι
3456 1783 3646 1838 Λέοντι
3691 1786 3775 1854 τῷ

2115 1872 2535 1949 Κουροπαλάτῃ,
2579 1873 2670 1928 καὶ
2727 1875 3026 1953 Νικηφόρῳ
3079 1873 3360 1948 Πατρικίῳ
3410 1876 3491 1944 τῷ
3535 1871 3641 1943 υἱῷ
3671 1873 3773 1925 τοῦ

356 1966 520 2031 dum,
571 1965 826 2037 relegat:
877 1964 1187 2036 praefectos
1244 1965 1515 2019 omnium
1566 1964 2004 2035 provinciarum

2130 1963 2365 2019 τοιούτου
2399 1962 2648 2031 Λέοντος,
2671 1964 2793 2037 περὶ
2829 1964 2875 1998 ¹⁰
2931 1968 3040 2017 τῶν
3098 1984 3245 2042 σφων
3299 1963 3570 2035 σωμάτων
3628 1959 3775 2015 ἀπα-

354 2055 615 2122 davocat,
650 2071 789 2110 suos
820 2055 1094 2109 homines
1126 2054 1187 2108 in
1215 2070 1423 2109 eorum
1454 2054 1649 2108 locum
1676 2052 2002 2108 substituit.

353 2144 695 2216 Eodemque
720 2151 986 2216 tempore
1019 2143 1290 2207 Bardam,
1314 2145 1567 2199 alterum
1591 2143 1801 2198 Leonis
1831 2142 2008 2197 Curo.

354 2234 567 2305 palata;
600 2236 683 2300 F.,
718 2250 746 2288 e
778 2234 1163 2304 patriciorum
1204 2249 1476 2300 numero,
1511 2232 1679 2287 ducis
1721 2232 2008 2304 dignitate

355 2328 655 2390 ornatum,
682 2328 943 2394 tuncque
976 2322 1132 2394 apud
1164 2322 1507 2377 Chaldaeum
1537 2321 1790 2376 limitem
1820 2338 2008 2393 agen-

360 2419 503 2479 tem,
536 2412 776 2483 dempto
810 2411 1018 2466 ordine
1042 2411 1422 2475 discinctum,
1448 2412 1749 2466 Amasiam
1780 2412 1842 2466 in
1862 2411 2010 2466 exsi-

360 2500 511 2554 lium
543 2499 744 2553 mittit.
778 2498 925 2553 Cum
959 2515 1095 2570 ergo
1130 2505 1253 2553 tum
1295 2499 1430 2565 sibi,
1472 2504 1599 2553 tum
1657 2499 1837 2554 rebus
1867 2498 2012 2566 suis,

371 2590 514 2646 satis
546 2589 971 2659 prospexisset,
1003 2605 1072 2644 ac
1101 2589 1392 2660 quidquid
1414 2595 1756 2661 suspectum
1788 2588 2018 2644 videba-

367 2685 486 2745 tur,
521 2693 552 2732 e
585 2678 817 2733 civitate
841 2677 1120 2732 amolitus
1144 2684 1302 2733 esset
1323 2679 1383 2732 in
1411 2678 1632 2749 palatio
1651 2678 2015 2737 morabatur.

366 2771 608 2823 Annum
638 2773 763 2822 tum
796 2767 986 2822 aetatis
1015 2767 1221 2839 agebat
1255 2768 1531 2837 quintum
1562 2784 1741 2839 supra
1761 2768 2013 2839 quadra-

366 2857 681 2930 gesimum,
714 2873 849 2912 cum
876 2873 1074 2911 rerum
1107 2874 1402 2912 summam
1436 2858 1772 2929 capessivit.

2114 2054 2260 2116 θείας
2292 2051 2442 2123 δοὺς,
2503 2053 2557 2116 ἐς
2614 2056 2933 2127 Μήθυμναν,
2987 2055 3086 2124 τήν
3143 2052 3194 2108 ἐν
3254 2048 3444 2126 Λέσϐῳ
3500 2056 3569 2126 τῇ
3621 2052 3775 2123 νήσῳ

2112 2142 2524 2217 κατῳκισμένην
2559 2188 2572 2213 ,
2630 2143 2951 2217 περιορίζει.
3024 2142 3153 2205 τούς
3210 2163 3267 2197 τε
3322 2141 3608 2221 τοπάρχας
3664 2145 3776 2196 τῶν

2117 2234 2319 2312 χώρων
2347 2234 2594 2289 ἀπάντων
2628 2233 2937 2306 μεθίστησι,
2995 2232 3085 2288 καί
3121 2232 3353 2293 οἰκείους
3387 2232 3498 2287 ἀντ’
3554 2230 3776 2286 ἐκείνων

2117 2323 2531 2394 ἀποκαθίστησι.
2566 2323 2705 2381 Τότε
2753 2320 2819 2393 δὴ
2876 2322 2968 2379 καὶ
3000 2320 3228 2397 Βάρδαν,
3279 2321 3372 2377 τὸν
3426 2325 3522 2376 τοῦ
3573 2328 3777 2394 Κουρο-

2119 2411 2368 2468 παλάτου
2417 2412 2644 2475 Λέοντος
2700 2412 2837 2483 υἱὸν,
2896 2411 2948 2467 ἐν
2995 2413 3305 2488 πατρικίοις
3360 2409 3643 2478 τελοῦντα,
3675 2409 3770 2464 καὶ

2118 2505 2219 2573 τὴν
2268 2505 2366 2557 τοῦ
2424 2498 2615 2565 δουκὸς
2673 2501 2820 2571 ἀξίαν
2880 2500 3257 2575 ὑπεζωσμένον
3291 2545 3306 2571 ,
3352 2501 3450 2556 κὰν
3497 2504 3614 2560 τοῖς
3667 2502 3770 2563 τῆς

2123 2588 2404 2653 Χαλδαίας
2435 2591 2609 2665 ὁρίοις
2641 2586 3005 2665 διατρίϐοντα,
3038 2597 3139 2660 τῆς
3186 2591 3369 2669 ἀρχῆς
3424 2588 3771 2664 παγανώσας,

2124 2680 2201 2744 εἰς
2250 2678 2543 2754 ’Δμάσειαν
2597 2681 2898 2756 περιορίζει
2933 2700 2947 2713 ⁸
3015 2681 3226 2750 Ἰκηνήν
3285 2679 3379 2734 οὗν
3410 2680 3486 2752 (7)
3546 2675 3784 2731 ἐντεῦθεν

2131 2772 2214 2843 [Ρ.
2275 2772 2365 2842 59]
2425 2767 2722 2848 ἀσφάλειαν
2779 2770 2955 2842 ἑαυτῷ
3006 2790 3063 2824 τε
3136 2768 3227 2823 καὶ
3285 2773 3404 2829 τοῖς
3459 2767 3781 2843 πράγμασιν

2127 2853 2549 2933 ἐπιϐραϐεύσας,
2597 2859 2689 2914 καί
2747 2857 2886 2914 ἅπαν
2930 2859 2992 2913 τὸ
3052 2859 3291 2913 ὕποπτον
3340 2863 3442 2925 τῆς
3501 2853 3791 2913 πολιτείας

367 2941 722 3019 ἀνακαθάρας,
756 2943 806 2997 ἐν
834 2950 951 3007 τοῖς
988 2943 1295 3020 βασιλείοις
1329 2940 1582 3020 διέτριϐε.
1615 2945 1870 3019 Πέμπτον
1898 2945 1989 3002 καὶ
2018 2949 2444 3022 τεσσαρακοστὸν
2494 2944 2612 3011 ἔτος
2658 2949 2725 3018 ἦν
2753 2947 2902 3021 αὖτῷ
2929 2954 3030 3017 τῆς
3059 2946 3306 3018 ⁴ἡλικίας,
3365 2947 3463 3001 δτα
3488 2952 3590 3015 τῆς
3622 2946 3784 3019 βασι-

366 3032 517 3089 λείου
548 3028 716 3103 ἐπέϐη
758 3033 962 3112 ἀρχῆς.

439 3152 491 3205 3.
525 3150 693 3215 Quod
740 3150 815 3205 ad
872 3151 1133 3222 speciem
1191 3151 1321 3222 ejus
1377 3152 1612 3219 attinet,
1669 3152 1807 3207 talis
1849 3159 2020 3209 erat:

2205 3155 2273 3231 γ’.
2304 3156 2414 3224 Τὴν
2465 3150 2521 3208 δὲ
2551 3149 2693 3208 ἰδέαν
2747 3150 2965 3209 τοιόσδε
3014 3153 3081 3223 ἦν
3137 3156 3232 3226 (8).
3290 3150 3484 3212 λευκὸς
3548 3150 3643 3224 μὲν
3691 3150 3796 3218 τήν

366 3239 565 3294 vultus
595 3238 906 3307 candidus,
937 3240 1106 3310 probi
1130 3240 1381 3294 coloris:
1410 3257 1579 3296 coma
1612 3239 1855 3305 llavens,
1888 3258 2020 3296 rara

2143 3227 2286 3317 ὄψιν,
2344 3243 2435 3298 καὶ
2483 3243 2720 3321 εὔχρους
2756 3286 2770 3311 ,
2829 3244 2929 3312 τήν
2986 3243 3166 3316 κόμην
3222 3240 3398 3321 φέρων
3454 3242 3646 3310 ξανθὴν
3699 3237 3795 3293 καὶ

364 3344 471 3399 per
500 3328 756 3384 frontem
789 3346 802 3383 :
834 3328 990 3383 oculi
1022 3346 1209 3397 acres,
1257 3329 1495 3385 caerulei
1526 3346 1538 3383 :
1590 3345 1773 3384 nasus
1806 3329 2023 3402 graciis

369 3422 426 3471 et
448 3419 627 3489 justaa
676 3418 1104 3490 magnitudinis
1134 3435 1146 3472 :
1205 3418 1390 3473 barba
1420 3418 1482 3473 in
1515 3419 1821 3491 superiore
1855 3418 2021 3473 labro

370 3508 504 3563 rufa
543 3514 603 3563 et
630 3507 705 3563 ad
736 3507 893 3564 latus
925 3508 1111 3563 nimio
1140 3508 1274 3579 plus
1306 3508 1608 3579 depressa,
1643 3508 1705 3563 in
1736 3508 2019 3563 inferiore

366 3597 537 3651 bonaa
565 3597 1091 3667 convenientisque
1115 3614 1434 3666 mensurae,
1467 3598 1617 3652 nihil
1649 3597 2024 3653 decurtatum

367 3687 614 3743 habens.
635 3687 800 3753 Quod
832 3687 905 3742 ad
953 3692 1263 3753 staturam,
1296 3692 1537 3759 pectore
1586 3687 1728 3742 licet
1760 3693 1818 3742 et
1846 3692 2024 3742 dorso

368 3779 522 3831 bene
554 3777 712 3841 latis,
744 3776 1001 3847 pusillus
1034 3783 1233 3831 tamen
1273 3775 1619 3832 videbatur:
1654 3777 1758 3831 sed
1789 3782 1916 3832 erat
1963 3777 2026 3831 in

369 3866 615 3920 homine
644 3866 985 3937 giganteum
1036 3865 1237 3930 robur,
1295 3864 1356 3920 in
1396 3866 1675 3920 manibus
1706 3865 1939 3937 agilitas
1970 3870 2029 3920 et

372 3956 457 4009 vis
482 3955 777 4024 quaedam,
801 3960 1011 4009 contra
1039 3969 1217 4025 quam
1238 3954 1516 4009 resistere
1542 3971 1757 4010 vanum
1780 3954 2024 4010 fuisset:

377 4044 524 4109 haec,
548 4048 710 4097 tanta
726 4048 950 4114 quanta
970 4044 1031 4097 in
1062 4043 1342 4098 heroibus
1358 4043 1543 4099 fuisse
1566 4044 1801 4107 dicitur,
1828 4043 2028 4099 animo

375 4136 507 4206 ejus
533 4134 807 4202 admista,
841 4139 1003 4188 metu
1033 4151 1264 4203 carens,
1297 4134 1559 4190 adversis
1601 4136 1699 4191 97
1758 4136 2026 4201 immota,

377 4224 788 4281 incredibilem
820 4226 881 4279 in
935 4230 1056 4280 tam
1107 4226 1316 4298 exiguo
1376 4242 1622 4297 corpore
1661 4227 1931 4298 pariebat
1956 4226 2027 4279 ﬁ-

377 4315 661 4371 dentiam.
694 4317 760 4370 In
792 4315 1121 4371 confertam
1147 4315 1405 4371 hosiium
1437 4315 1693 4371 frontem
1714 4333 1834 4371 non
1858 4317 2028 4370 time-

376 4406 479 4461 bat
509 4407 672 4461 solus
726 4406 1060 4477 irrumpere
1092 4450 1106 4475 ,
1140 4405 1668 4478 compluribusque
1699 4403 2031 4460 interfectis

375 4496 666 4568 praecipiti
698 4496 1001 4552 celeritate
1024 4495 1096 4551 ad
1130 4513 1373 4551 suorum
1395 4496 1586 4551 aciem
1617 4495 1936 4551 incolumis
1970 4512 2031 4552 se

374 4587 727 4657 recipiebat:
750 4587 927 4653 saltu,
944 4586 1086 4657 pila,
1095 4586 1669 4657 jaculatione,arcus
1690 4586 2030 4642 intentione

2134 3332 2325 3406 ἀραιὰν
2356 3331 2445 3387 ἐπὶ
2481 3330 2750 3406 μέτωπον
2811 3330 3091 3411 ὀφθαλμοὶ
3121 3331 3299 3404 τούτῳ
3357 3326 3649 3405 ἀνδρώδεις
3692 3326 3787 3383 καὶ

2134 3422 2415 3501 χαρωποί·
2467 3419 2550 3497 ῥὶς
2613 3419 2787 3492 λεπτή
2880 3442 2940 3476 τε
3003 3420 3092 3476 καὶ
3150 3420 3483 3494 σύμμετρος
3536 3417 3688 3496 γένυς
3746 3419 3781 3486 ἡ

2134 3507 2331 3563 ἀνωθεν
2379 3510 2585 3583 πυρα-ἡ,
2625 3508 2717 3563 καὶ
2774 3508 2851 3571 εἰς
2899 3505 3155 3564 πλαίσιον
3212 3505 3504 3581 καθειμένη
3541 3511 3581 3544 ¹¹
3639 3506 3786 3580 παρὰ

2133 3600 2197 3653 τὸ
2225 3598 2465 3674 μέτριον,
2498 3601 2532 3668 ἡ
2567 3595 2624 3654 δὲ
2666 3601 2903 3653 κατωθεν
2959 3596 3344 3674 μεμετρημένη
3378 3597 3453 3661 ὡς
3498 3598 3562 3652 τὸ
3619 3596 3786 3665 εἰκὸς,

2136 3689 2227 3745 καὶ
2263 3691 2398 3763 μήτι
2428 3685 2618 3749 ἐνδεῶς
2650 3686 2874 3767 ἔχουσα.
2910 3690 3023 3758 Τὴν
3080 3684 3136 3742 δὲ
3189 3684 3410 3757 ἠλικίαν
3462 3686 3676 3766 βραχὺς
3706 3706 3789 3747 τις

2136 3779 2223 3849 ἦν,
2257 3777 2302 3833 εἷ
2360 3778 2452 3833 καὶ
2506 3777 2719 3852 στέρνον
2778 3777 2903 3852 εὐρὺ
2959 3776 3050 3831 καὶ
3106 3777 3432 3855 μετάφρενον
3488 3777 3633 3854 εἶχε·
3696 3796 3786 3853 γι-

2138 3865 2421 3945 γαντώδης
2447 3864 2504 3922 δὲ
2525 3867 2704 3940 τούτῳ
2757 3867 2878 3931 ἐνῆς
2913 3865 3096 3945 ἰσχὺς,
3143 3870 3236 3921 καὶ
3290 3870 3410 3928 ταῖς
3460 3866 3648 3944 χερσὶν
3707 3865 3791 3921 εὐ-

2138 3957 2375 4035 αγωγία,
2406 3957 2497 4012 καὶ
2540 3954 2683 4026 ἀλκή
2738 3976 2821 4018 τις
2867 3955 3349 4033 ἆνανταγώνιστος’
3398 3956 3615 4030 ἡρωϊκὴ
3676 3955 3784 4031 γὰρ

2140 4046 2289 4118 αὐτῷ
2339 4048 2415 4119 (9)
2475 4044 2816 4119 ἀνέκέκρατο,
2874 4041 3038 4115 ἀδεής
3094 4065 3153 4099 τε
3198 4043 3288 4099 καὶ
3347 4042 3794 4115 ἀκατάπληκτος.

2140 4135 2191 4191 ἐν
2224 4137 2368 4191 οὓτω
2429 4137 2633 4213 βραχεῖ
2681 4134 2896 4207 σώματι
2928 4130 3357 4211 ἀποδεδειγμένη
3388 4131 3602 4207 τόλμαν
3637 4135 3798 4207 ὑπερ-

2141 4233 2273 4306 φυῆο
2307 4226 2393 4287 Ἐς
2423 4222 2560 4295 ὅλην
2592 4224 2696 4301 γὰρ
2730 4222 3022 4279 ἀντίπαλον
3053 4221 3314 4303 φάλαγγα
3362 4221 3461 4277 οὐκ
3514 4220 3801 4278 ἀπεδειλία

2147 4312 2309 4390 μόνος
2365 4316 2559 4388 ὁρμᾷν,
2616 4310 2909 4373 πλείστους
2964 4333 3024 4367 τε
3089 4311 3574 4382 κατακταίνων¹²,
3632 4312 3802 4368 ἀπτε-

2146 4407 2306 4482 ρώτῳ
2352 4403 2515 4482 τάχει
2600 4402 2738 4477 πρὸς
2818 4402 2910 4457 τὸν
2969 4401 3169 4457 οἰκεῖον
3221 4402 3375 4462 αὗθις
3429 4401 3803 4475 συνασπισμὸν

2146 4492 2529 4567 διανέκαμπτε,
2562 4497 2742 4548 κακῶν
2774 4493 3005 4563 ἀπαθής·
3053 4490 3105 4545 ἐν
3157 4485 3367 4565 ἅλματι
3398 4493 3510 4564 (10)
3570 4488 3648 4558 δὲ,
3703 4491 3799 4546 καὶ

2148 4587 2502 4663 σφαιρισμοῖς
2537 4626 2551 4651 ,
2608 4580 2701 4637 καὶ
2757 4581 3131 4656 ἀκοντισμοῖς,
3181 4581 3274 4635 καὶ
3328 4581 3499 4650 τόξων
3565 4579 3806 4637 ἐντάσεσι

1591 4789 1656 4856 c.
1689 4786 1757 4843 Β.
1798 4784 1982 4840 HASII
2023 4784 2585 4841 ANNOTATIONES.

455 4972 477 5007 ⁸
505 4963 719 5046 ἔλαϐεν.
754 4970 910 5046 For_t-
942 4963 1191 5046 €6a1_sv._
1220 4970 1429 5044 Odyss.
1465 4977 1530 5028 Α.
1588 4976 1718 5046 201,
1769 4977 1899 5042 202,
1954 4972 2020 5035 ὡς

2130 4971 2146 5027 ὶ
2205 4973 2367 5046 θυμῷ
2424 4970 2708 5046 ’Δθάνατοι
2768 4967 3058 5046 βάλλουσι.

3168 4968 3215 5007 ¹⁰
3243 4968 3368 5046 περί
3426 4972 3624 5046 Malim
3680 4972 3812 5046 περὶ

381 5049 503 5112 τῆς.
585 5042 629 5078 ¹¹
662 5039 946 5116 καθημένη
980 5043 1110 5098 cod.
1147 5041 1194 5078 ¹²
1221 5039 1624 5115 κατακταίνων,
1657 5039 1979 5119 ἀτί-πρώτῳ.
2015 5050 2020 5102 1

2131 5039 2451 5123 com-Fort.
2484 5039 2880 5114 κατακτέννων,
2913 5041 3130 5117 ἆπτέρῳ
3158 5046 3238 5114 τῷ
3267 5044 3445 5117 τάχει.
3481 5045 3574 5101 Sic
3594 5039 3816 5118 ἀπτέρῳ

459 5243 536 5316 (7)
568 5243 802 5297 Exitum
830 5242 1011 5314 hujus
1044 5243 1254 5316 capitis
1293 5243 1684 5302 Combeﬁsius
1736 5246 1912 5302 vertit
1947 5262 2043 5316 ap.

388 5318 526 5387 Pag.
562 5316 654 5369 1v.
687 5317 778 5372 22.

460 5386 533 5462 (8)
569 5386 703 5462 Haec
737 5404 805 5440 ex
838 5386 1125 5462 scriptore
1147 5394 1371 5462 nostro
1425 5390 1720 5444 contraxit
1748 5388 2045 5462 Scylitzes,

390 5458 821 5529 subjunxitque
851 5459 912 5512 in
948 5458 1199 5514 histOria
1229 5475 1339 5515 ms.
1391 5462 1720 5516 narrationi
1754 5458 1837 5516 de'
1858 5465 2048 5515 morte

388 5531 686 5601 Tzimisca}
717 5547 730 5583 :
765 5547 895 5601 quas
940 5530 1299 5586 terminatur
1356 5531 1460 5588 sic.
1521 5532 1608 5585 καὶ
1645 5533 2053 5588 Κωνσταντῖνον

389 5602 516 5662 τοὺς
550 5598 749 5660 παῖδας
782 5598 883 5654 Ῑτοῢ
914 5604 1215 5671 Ῥωμ.ανοῦ.
1270 5602 1409 5657 Vide
1446 5603 1694 5660 Cedren.
1729 5607 1797 5661 Il.
1832 5606 1954 5659 684.
1989 5603 2050 5658 Β.

393 5677 698 5729 Cedrenus
726 5680 946 5738 autem,
983 5691 1115 5728 cum
1160 5675 1363 5729 omnia
1398 5675 1645 5732 minima
1694 5678 1951 5732 maxima
1982 5676 2055 5730 ad

394 5747 648 5818 verbum
674 5761 704 5798 e
731 5745 981 5816 Scylitza
1008 5746 1294 5818 iniipsius
1316 5748 1747 5818 Compendium
1780 5749 2054 5804 historia-

392 5833 531 5873 rum
556 5815 826 5884 referret,
854 5823 1053 5872 tamen
1086 5815 1212 5875 haec
1239 5817 1311 5873 de
1341 5815 1532 5876 forma
1556 5837 1624 5878 ac
1645 5822 1842 5895 specie
1858 5818 2063 5876 Tzimi-

2160 5263 2272 5301 scas
2300 5243 2504 5301 nescio
2532 5260 2717 5315 quare
2747 5243 3154 5315 printer-misit,
3187 5247 3254 5296 ut
3293 5242 3475 5316 igitur
3517 5244 3578 5299 in
3621 5245 3819 5301 Leone

2157 5316 2447 5373 duntaxat
2476 5322 2534 5371 et
2564 5317 2625 5371 in
2659 5316 2908 5387 Scylitza
2936 5332 3049 5387 ms.
3091 5320 3344 5387 exstent.

2229 5392 2303 5454 (9)
2338 5389 2585 5461 Scylitza
2605 5386 2768 5461 addit
2796 5386 2976 5461 ψυχή,
2996 5403 3064 5461 ac
3086 5386 3337 5461 fortasse
3358 5388 3443 5461 sic
3472 5387 3822 5461 legendum.

2229 5406 2303 5454 (ν)
2338 5406 2585 5461 acymza
2605 5406 2768 5443 aaait
2796 5406 2976 5513 qluxs'q,
2996 5406 3064 5441 ac
3086 5406 3337 5442 tortasse
3358 5406 3443 5443 διο
3473 5406 3822 5460 legendum.

2162 5461 2345 5536 Paulo
2365 5467 2531 5536 post,
2562 5462 2652 5514 97.
2687 5458 2795 5536 lin.
2830 5459 2880 5536 37
2933 5458 3141 5528 cylitza
3169 5457 3350 5536 habet
3376 5456 3604 5536 dméptﬂ
3630 5458 3822 5536 τάχει,

2161 5533 2321 5588 unde
2355 5530 2628 5587 ﬁrmatur
2655 5530 3003 5602 conjectura
3029 5546 3166 5585 mea
3194 5531 3267 5585 ad
3294 5547 3456 5587 oram
3490 5530 3644 5600 (vide
3668 5530 3822 5602 quo-

2165 5620 2306 5676 que
2332 5620 2511 5676 supra
2554 5604 2643 5676 30.
2696 5600 2779 5655 D.’
2822 5600 2931 5656 lin.
2983 5602 3400 5674 antepenult.),
3434 5609 3494 5657 et
3530 5602 3668 5676 πρὸς
3688 5600 3829 5665 ’τοὺς

2168 5670 2421 5734 οτκείουξ
2438 5671 2465 5727 δ
2477 5670 2854 5745 ιανέκαμλπτεν·

2241 5750 2352 5819 (10)
2383 5737 2922 5819 δογιίιῑᾶ,’ἃλμασι.
