4118 6446
335 466 457 528 797

1684 462 2082 526 HISTORIA:
2121 462 2273 523 LIB.
2319 463 2423 525 VI.

3643 464 3759 524 798

333 595 429 651 καὶ
494 595 690 671 βολαῖς
722 640 737 667 ,
790 596 1006 653 πάντων
1089 596 1484 673 κατηυμεγὲθει
1539 600 1647 651 τῶν
1700 596 1838 651 κατᾶ
1886 595 1986 664 τὴν

2112 597 2370 667 etjactu,
2404 612 2610 652 omnes
2640 596 2801 652 illius
2834 597 3024 652 astatis
3070 595 3408 667 superabat.
3444 596 3518 651 Ut
3547 597 3761 664 fertur,

337 687 512 757 αὐτὴν
540 688 729 761 γενεάν
761 690 892 761 (11).
940 687 1190 762 Λέγεται,
1245 688 1320 750 ὡς
1380 685 1616 758 κέλητας
1670 684 1877 749 ’ίππους
1909 690 1998 741 τέ-

334 797 507 851 ταρας
540 772 843 851 στοιχηδὸν
875 778 1044 845 ὶστας,
1107 776 1167 831 ἐκ
1219 780 1318 832 τοῦ
1353 776 1578 853 θατέρου
1614 775 1810 850 μέρους
1869 776 2000 830 καθα

338 864 676 938 ἀλλόμενος,
738 864 826 920 ἐπὶ
882 867 973 920 τὸν
1032 866 1281 939 πύματον
1343 868 1456 940 (12)
1519 866 1591 927 ὥς
1657 886 1740 927 τις
1794 864 1998 934 πτηνὸς

338 957 575 1037 ἐφίζανε.
622 956 793 1021 Βὲλος
850 980 908 1013 τε
968 958 1146 1035 ἀφιεὶς
1214 959 1361 1013 οὕτω
1421 957 1849 1032 κατεστοχάζετο
1901 958 1998 1008 τοῦ¹

338 1055 573 1123 σκοποῦ,
633 1049 709 1113 ὡς
778 1047 867 1105 διὰ
937 1048 1230 1105 δακτυλίου
1288 1050 1428 1120 ὀπῆς
1490 1048 1625 1105 ἰέναι
1684 1046 1996 1104 ἀπευθύνειν

338 1138 495 1194 αὐτό·
549 1142 812 1194 τοσοῦτον
874 1134 1219 1215 ὑπερέϐαλλε
1267 1139 1360 1194 καὶ
1415 1139 1507 1194 τὸν
1562 1139 1691 1212 παρ’
1747 1138 1998 1210 Ὁμήρου

344 1228 875 1308 μεγαλαυχούμενον
926 1230 1229 1301 νησιώτην,
1260 1230 1351 1284 τὸν
1409 1226 1502 1283 διὰ
1553 1234 1665 1285 τῶν
1723 1224 1996 1282 πελέκεων

335 1320 430 1373 τὸν
491 1317 671 1372 ὀϊστὸν
702 1319 749 1353 1³
808 1316 1177 1382 διευθύναντα.
1244 1319 1484 1396 Σφαῖράν
1543 1338 1600 1372 τε
1657 1316 1715 1371 ἐκ
1771 1314 2000 1379 σκύτους

336 1406 803 1484 κατειργασμένην
836 1407 1049 1463 ὑελίνου
1098 1408 1334 1487 σκύφους
1394 1407 1446 1463 ἐν
1501 1410 1583 1479 τῷ
1612 1405 1847 1479 πυθμένι
1879 1404 1999 1458 ἐπι-

333 1499 531 1568 τιθεὶς,
567 1498 755 1572 μύωπί
783 1519 842 1553 τε
870 1499 959 1553 τὸν
988 1496 1160 1554 ’ίππον
1215 1497 1506 1573 κεντρίζων
1548 1498 1636 1552 καὶ
1668 1498 1760 1552 τὸν
1791 1494 1995 1571 δρόμον

338 1586 714 1662 ἐπιταχύνων,
747 1582 934 1662 ῥάϐδῳ
993 1587 1169 1642 παίων
1203 1588 1304 1657 τήν
1358 1591 1608 1664 σφαῖραν,
1670 1585 1840 1655 αὐτὴν
1900 1585 1994 1657 μὲν

335 1676 703 1752 ἀναθρώσκειν
761 1677 851 1732 καὶ
913 1675 1170 1732 πὲτασθαι
1224 1676 1633 1752 ωτειργάζετο·
1690 1675 1755 1730 τὸ
1811 1671 1869 1729 δὲ
1927 1671 1993 1744 δὴ

339 1770 544 1842 σκῦνρος
630 1765 1025 1838 ἀμετακίνητον
1108 1766 1198 1822 καὶ
1257 1764 1551 1842 ἄθραυστον
1610 1765 1749 1819 κατὰ
1804 1764 1993 1843 χώραν

343 1853 519 1931 μὲνειν
552 1854 841 1930 ἐλίμπανε.
886 1852 1286 1932 Μεγαλόδωρύς
1346 1858 1457 1929 (13)
1509 1875 1570 1910 τε
1626 1853 1717 1909 καὶ
1750 1850 1996 1928 φιλοδω-

2110 686 2280 756 equis
2333 686 2677 742 desultoriis
2714 704 2768 741 iv
2799 691 3032 758 aaquata
3070 686 3263 741 fronte
3322 684 3652 750 collocatis,
3687 685 3760 741 ab

2108 791 2227 829 una
2275 782 2440 847 parte
2501 777 2785 842 emicans,
2834 776 2894 830 in
2942 775 3287 841 novissimo,
3321 775 3424 845 qui
3482 775 3543 829 in
3573 775 3764 830 altera

2109 870 2273 936 parte
2297 870 2442 931 erat,
2470 870 2752 937 tanquam
2776 865 3029 920 volucris
3060 864 3279 937 aliquis
3312 862 3599 919 subsedit.
3630 864 3759 936 Spi-

2110 956 2309 1010 culum
2343 957 2622 1011 emittens
2652 957 2734 1012 ita
2779 955 3123 1011 collimabat
3154 953 3215 1009 in
3247 971 3516 1026 scopum,
3550 960 3614 1009 ut
3653 972 3760 1026 per

2109 1046 2317 1101 annuli
2334 1046 2601 1102 foramen
2626 1046 3091 1117 illudtrajiceret
3116 1048 3308 1099 :tanto
3334 1043 3653 1115 superabat
3667 1044 3758 1099 vel

2109 1135 2435 1191 insularem
2460 1136 2630 1190 illum
2654 1136 2726 1191 ab
2752 1137 3002 1190 Homero
3029 1133 3415 1199 celebratum,
3443 1151 3549 1205 per
3568 1134 3758 1189 ascias

2109 1227 2384 1299 sagittam
2415 1228 2936 1282 transmittentem.
2975 1224 3225 1281 Globum
3244 1242 3314 1279 ex
3344 1224 3502 1279 corio
3532 1224 3756 1279 factum

2109 1315 2171 1370 in
2203 1315 2368 1371 vitrei
2400 1316 2605 1388 scyphi
2637 1316 2892 1372 fundum
2925 1314 3231 1386 deponens
3269 1314 3580 1384 calcarque
3605 1330 3758 1384 equo

2107 1404 2455 1477 subjiciens,
2481 1406 2658 1461 citato
2691 1423 2869 1461 cursu
2891 1410 3330 1477 praatervectus,
3361 1402 3601 1475 globum
3627 1403 3756 1473 qui-

2109 1491 2266 1561 dem,
2301 1494 2515 1551 bacillo
2547 1511 2921 1567 percussum,
2950 1493 3315 1566 impellebat.
3348 1497 3414 1546 ut
3444 1492 3516 1546 de
3566 1491 3752 1546 fundo

2108 1583 2390 1639 exsiliens
2411 1601 2518 1656 per
2547 1602 2747 1640 aerem
2767 1584 3053 1640 ferretur:
3079 1583 3367 1655 scyphum
3418 1582 3751 1647 immotum,

2106 1672 2327 1727 nedum
2359 1673 2745 1733 incolumem.
2779 1673 2843 1728 in
2874 1672 3084 1728 eodem
3128 1672 3257 1727 loco
3290 1675 3632 1727 manentem
3661 1686 3749 1723 re-

2104 1760 2302 1833 liquit.
2338 1763 2518 1818 Donis
2548 1763 2901 1836 magnificus
2933 1766 2991 1817 et
3047 1761 3370 1816 munificus
3422 1777 3601 1831 supra
3631 1775 3754 1813 om-

2106 1867 2213 1905 nes
2247 1857 2407 1907 erat:
2444 1851 2717 1923 quisquis
2749 1851 2910 1906 enim
2941 1851 3012 1906 ab
3040 1867 3108 1906 eo
3137 1850 3426 1922 petiisset,
3463 1865 3566 1921 spe
3599 1864 3755 1902 nun-

342 1945 573 2021 ρότατος
620 1946 766 2021 παρὰ
823 1947 1026 2010 πάντας
1072 1948 1158 2016 ἦν·
1193 1943 1373 2007 οὐδεὶς
1419 1946 1521 2020 γὰρ
1561 1943 1718 2000 αὐτὸν
1774 1944 1995 2015 αἰτησά-

2112 1956 2286 2010 quam
2317 1940 2636 1996 frustratus
2688 1940 2907 1996 abibat.
2941 1941 3029 1994 Ita
3086 1938 3319 1994 cunctis
3374 1937 3631 2009 benigne
3690 1953 3757 1991 ac

344 2056 505 2108 μενος
562 2040 671 2090 τῶν
731 2032 971 2091 ἐλπίδων
1043 2036 1196 2097 κενὸς
1250 2032 1633 2106 ἀπηλλάττετο
1667 2081 1680 2093 .
1742 2038 1885 2090 Πᾶσι
1938 2032 1996 2088 δὲ

338 2123 664 2203 φιλαγάθως
693 2125 783 2180 καὶ
833 2126 1044 2201 ἱλαρῶς
1080 2124 1605 2205 ἐφιλανθρωπεύετο,
1636 2128 1994 2202 προφητικῶς

332 2215 403 2270 τὸ
432 2211 620 2270 ’ἔλαιον
642 2222 743 2284 τῆς
775 2215 1023 2277 εὐποιίας
1054 2221 1266 2294 κιχρῶν
1302 2218 1365 2269 ¹⁴.
1390 2215 1479 2270 καὶ
1510 2214 1556 2269 εἶ
1594 2217 1671 2289 μή
1704 2215 1993 2275 Βασίλειος

333 2305 367 2359 ὁ
397 2304 901 2380 παρακοιμώμενος
934 2304 1094 2360 αὐτὸν
1147 2305 1338 2380 ἐπεῖχε
1364 2311 1466 2374 τῆς
1525 2304 1812 2375 ἀπλήστου
1868 2303 1992 2379 περὶ

327 2396 398 2450 τὸ
422 2393 723 2471 εὐεργετεῖν
765 2395 892 2459 τοὺς
944 2396 1263 2473 ὁμοφύλους
1291 2396 1490 2473 ῥοπῆς,
1547 2396 1645 2452 κᾶν
1685 2397 1813 2459 τοὺς
1848 2397 1997 2472 βασι-

333 2482 534 2547 λικοὺς
584 2486 892 2560 θησαυροὺς
949 2485 1025 2549 είς
1083 2488 1184 2557 τὴν
1233 2489 1340 2541 τῶν
1397 2484 1670 2559 δεομένων
1730 2483 1996 2558 διανομὴν

331 2576 531 2629 θᾶττον
586 2574 1025 2654 συνεξεφόρησεν.
1097 2575 1426 2648 Ἐλάττωμα
1484 2572 1542 2630 δὲ
1581 2577 1804 2650 Ἰὦαννῃ
1834 2578 1996 2629 τοῦτο

332 2670 580 2741 προσῆν,
612 2662 698 2719 ὅτι
728 2685 786 2719 τε
830 2664 954 2740 περὶ
1003 2665 1206 2728 πότους
1266 2662 1406 2720 ἔστιν
1440 2665 1530 2720 ὅτε
1559 2667 1705 2740 παρὰ
1732 2665 1794 2719 τὸ
1825 2684 1999 2739 προσ-

330 2762 481 2824 ῆκον
512 2757 622 2828 (14)
648 2754 920 2828 ἐκώμαζε,
963 2756 1052 2811 καὶ
1106 2756 1231 2832 περί
1280 2756 1376 2819 τὰς
1428 2760 1527 2811 τοῦ
1575 2756 1832 2831 σώματος
1859 2750 1997 2824 ἡδο-

332 2843 439 2906 νὰς
468 2840 763 2914 διεπτόητο
790 2847 920 2916 (15).

420 2935 508 3006 [Ρ.
542 2935 633 3006 60]
667 2930 735 2988 δ’.
776 2931 939 2989 Ἀλλ’
971 2934 1117 2989 οὕτω
1153 2935 1245 3008 μὲν
1277 2931 1331 2990 ἐν
1359 2933 1594 3009 ἡμέραις
1626 2935 1761 2990 ἔπτὰ
1788 2935 1854 2989 τὰ
1895 2941 1996 3004 τῆς

336 3021 628 3087 πολιτείας
674 3022 1118 3098 διοικησάμενος,
1163 3024 1254 3080 καὶ
1305 3026 1404 3095 τὴν
1433 3026 1613 3102 ἀρχὴν
1660 3026 1836 3099 ἑαυτῷ
1865 3046 1998 3100 κρα-

334 3115 659 3189 τυνάμενος,
704 3115 794 3170 καὶ
848 3115 923 3177 ὡς
975 3115 1164 3171 οὐκᾶν
1218 3135 1302 3179 τις
1359 3115 1516 3189 ᾠήθη
1576 3117 1709 3172 ποτὲ
1765 3116 1840 3188 (ἐν
1892 3116 1998 3191 γὰρ

334 3210 465 3266 ταῖς
500 3204 774 3280 μεγίσταις
801 3210 911 3259 τῶν
968 3206 1308 3282 πραγμάτων
1346 3200 1700 3279 μεταϐολαῖς,
1751 3204 2000 3277 πολλῆς,

338 3296 420 3356 ὡς
478 3293 622 3358 εἰκός
652 3338 667 3364 ,
724 3294 964 3356 στάσεως
1011 3293 1512 3370 ἀναῤῥιπιζομὲνης
1578 3295 1669 3350 καὶ
1717 3302 1993 3375 ταραχῆς,

332 3383 488 3450 τότε,
542 3383 642 3438 οὐκ
692 3380 796 3438 οἶδ’
853 3381 1024 3454 ὅπως,
1086 3386 1407 3463 παρατυχὺν
1463 3384 1727 3458 εὐκοσμία
1782 3407 1837 3440 τι
1903 3385 1995 3440 καὶ

341 3473 539 3548 βαθεῖα
594 3474 719 3549 σιγή
774 3473 868 3528 τὸν
920 3470 1098 3546 δῆμον
1161 3471 1417 3553 κατέσχε,
1460 3478 1559 3529 τοῦ
1597 3475 2000 3550 αὐτοκράτορος

336 3562 668 3641 Νικηφόρου
696 3561 1087 3637 ἀναιρεθέντος,
1112 3563 1204 3618 καὶ
1261 3584 1410 3627 τινος
1457 3563 1573 3626 ἑνὸς
1602 3563 1708 3619 τῶν
1764 3565 2002 3620 ὑπασπι-

339 3655 490 3707 στῶν
521 3647 705 3729 ἑτέρου
740 3650 975 3727 μηδενὸς
1021 3652 1118 3708 κᾶν
1184 3652 1275 3708 ἐπὶ
1332 3652 1536 3729 κόῤῥης
1594 3651 1849 3732 είλφότος
1880 3654 2004 3709 κόν-

338 3739 559 3815 δυλον),
605 3740 657 3803 ἐς
688 3742 781 3796 τὸν
815 3742 958 3797 θεῖον
990 3740 1081 3797 καὶ
1125 3743 1295 3819 μέγαν
1323 3749 1423 3812 τῆς
1477 3746 1575 3798 τοῦ
1604 3747 1739 3799 Θεοῦ
1794 3744 2003 3821 Σοφίας

340 3830 517 3902 σηκὸν
558 3831 809 3911 εἰσφοιτᾷ
836 3834 972 3906 (16),
1021 3832 1097 3895 ὡς
1141 3834 1277 3907 πρὸς
1334 3837 1431 3887 τοῦ
1489 3835 1837 3913 πατριάρχου
1868 3835 2006 3890 κατὰ

338 3918 407 3976 τδ
440 3919 745 3992 εἰθισμένον
788 3925 868 3993 τῷ
897 3918 1165 3997 βασιλείῳ
1220 3919 1520 3996 διαδήματι
1567 3924 2007 3998 ταινιωθησύμε-

337 4031 459 4072 νος.
489 4007 737 4066 Εῗθισθαι
766 4010 866 4085 γὰρ
895 4009 1026 4074 τοὺς
1057 4008 1173 4066 νέον
1213 4013 1313 4081 τῆς
1365 4012 1678 4085 Ῥωμαϊκῆς
1708 4014 2008 4088 ἡγεμονίας

340 4095 866 4174 προσεπιϐαίνοντας
913 4099 999 4156 ἐπὶ
1032 4121 1091 4155 τε
1145 4102 1235 4156 τὸν
1292 4096 1524 4177 ἂμϐωνα
1580 4107 1677 4157 τοῦ
1732 4104 1835 4159 νεὼ
1893 4109 2005 4178 (Π)

340 4192 572 4257 ἀνιέναι,
613 4190 868 4262 καὶπρὸς
926 4193 1025 4245 τοῦ
1082 4191 1219 4245 κατὰ
1276 4192 1498 4265 καιροὺς
1548 4193 1812 4272 ἱεράρχου
1846 4191 2006 4248 εὐλο-

341 4281 556 4355 γεῖσθαι
591 4300 671 4346 τε,
706 4280 794 4334 καὶ
830 4284 909 4351 τῷ
972 4277 1241 4354 βασιλείῳ
1295 4278 1475 4359 στέφει
1517 4284 1851 4336 ταινιοῦσθαι
1906 4283 2006 4352 τήν

342 4367 591 4448 κεφαλὴν
625 4413 637 4424 .
690 4374 746 4424 '0
812 4366 869 4424 δὲ
935 4367 1279 4433 Πολύευκτος
1332 4370 1424 4424 τὸν
1478 4377 1580 4440 τῆς
1636 4371 2005 4451 πατριαρχίας

341 4459 473 4514 τότε
499 4459 690 4533 θρόνον
741 4464 984 4538 κατεῖχε.
1047 4458 1202 4521 Θεῖός
1239 4457 1299 4514 τέ
1345 4480 1428 4521 τις
1481 4457 1555 4513 ὢν
1592 4460 1683 4515 καὶ
1734 4461 1867 4532 ζέων
1927 4466 2006 4536 τῷ

345 4548 639 4623 πνεύματι,
671 4548 720 4604 εί
749 4550 961 4620 καὶτήν
990 4547 1215 4619 ἡλικίαν
1269 4547 1469 4625 ἔξωρος
1527 4552 1617 4619 ἦν,
1681 4553 1755 4623 μή
1816 4549 2008 4621 ἐξεῖναί

348 4637 400 4692 οἱ
432 4634 638 4709 ἐδήλου
668 4641 749 4710 τῷ
776 4635 996 4713 βασιλεῖ
1051 4635 1105 4700 ἐς
1158 4638 1221 4693 τὸ
1279 4637 1424 4712 ἱερὸν
1483 4635 1834 4712 εἰσελαύνειν,
1879 4640 2007 4715 πρὶν

2104 2028 2373 2084 hilariter
2420 2029 2809 2085 humanitatis
2853 2028 3050 2084 ofﬁcia
3077 2025 3416 2099 praestabat,
3450 2025 3755 2097 prophetae

2101 2117 2279 2173 modo
2306 2119 2503 2174 oleum
2523 2119 2935 2174 beneﬁcentiaa
2966 2117 3356 2173 commodans
3381 2132 3392 2169 :
3423 2131 3490 2170 ac
3512 2114 3629 2168 nisi
3655 2114 3756 2168 Ba-

2101 2206 2271 2262 silius
2302 2207 2562 2263 cubiculi
2593 2208 2908 2280 praefectus
2938 2205 3341 2263 insatiabilem
3367 2204 3537 2258 illum
3563 2204 3754 2274 impe-

2103 2299 2229 2350 tum
2286 2297 2439 2353 cives
2484 2296 2830 2353 demerendi
2891 2296 3272 2363 retardasset,
3326 2294 3487 2365 ipsos
3517 2309 3753 2363 quoque

2101 2387 2339 2459 imperii
2373 2389 2683 2445 thesauros
2741 2389 3083 2462 erogatione
3112 2387 3173 2441 in
3206 2401 3422 2459 egenos
3480 2382 3757 2438 celeriter

2102 2478 2492 2535 exhausisset.
2529 2480 2647 2534 Hoc
2675 2480 2887 2534 Joanni
2918 2478 3125 2532 vitium
3155 2475 3439 2541 haerebat,
3467 2473 3568 2528 98
3598 2471 3756 2543 quod

2102 2568 2391 2624 nimirum
2413 2569 2673 2640 potibus,
2730 2569 2987 2639 vinoque
3038 2584 3106 2623 ac
3154 2561 3758 2622 commessationibus

2104 2657 2462 2729 quandoque
2521 2658 2657 2731 plus
2713 2674 2882 2730 aequo
2937 2655 3308 2729 indulgebat,
3368 2651 3756 2725 corporisque

2102 2747 2504 2820 voluptatibus
2535 2746 2700 2803 avide
2734 2746 3020 2803 inhiabat.

2174 2947 2226 3000 4.
2262 2946 2477 3000 Verum
2500 2944 2585 3000 sic
2611 2944 2854 3016 quidem
2871 2949 3099 3015 septem
3121 2942 3354 2999 dierum
3379 2940 3570 3012 spatio
3593 2955 3758 2995 com-

2103 3034 2299 3108 posita
2322 3034 2412 3089 illi
2441 3036 2608 3105 Πομ,
2666 3040 3015 3105 assertoque
3072 3032 3345 3104 imperio,
3405 3047 3523 3102 qua
3579 3045 3757 3085 nemo

2103 3127 2336 3181 ratione
2366 3140 2632 3196 unquam
2664 3125 2959 3196 putaverit
2998 3125 3153 3195 (cum
3189 3123 3347 3178 enim
3376 3121 3437 3176 in
3482 3119 3759 3175 maximis

2104 3231 2306 3271 rerum
2340 3214 2775 3269 mutationibus
2823 3230 3038 3286 magna
3068 3212 3421 3284 plerumque
3456 3210 3669 3266 seditio
3703 3214 3762 3264 et

2112 3304 2370 3360 turbatio
2397 3304 2736 3369 suscitetur,
2771 3308 2932 3370 tunc,
2964 3303 3204 3357 fortuna
3234 3301 3437 3357 nescio
3461 3317 3598 3371 qua,
3632 3317 3760 3355 mo-

2113 3394 2305 3450 destia
2324 3394 2631 3464 altumque
2651 3392 2955 3448 silentium
2979 3391 3265 3463 populum
3288 3390 3499 3454 tenuit,
3528 3390 3762 3444 sublato

2108 3484 2438 3554 Nicephoro
2484 3484 2768 3554 Augusto,
2829 3497 2966 3536 cum
3026 3484 3317 3552 prmterea
3372 3494 3547 3533 nemo
3607 3478 3761 3533 alius

2110 3571 2435 3628 satellitum
2467 3570 2557 3625 vel
2587 3570 2651 3625 in
2701 3586 2914 3643 genam
2970 3585 3235 3642 pugnum
3292 3567 3661 3639 accepisset),
3688 3565 3763 3620 ad

2109 3662 2377 3718 divinum
2407 3676 2808 3733 magnumque
2839 3660 2943 3715 Dei
2979 3658 3294 3732 Sapientiae
3319 3657 3635 3713 delubrum
3665 3672 3759 3710 ve-

2110 3750 2219 3819 nit,
2251 3755 2319 3805 ut
2345 3766 2379 3806 a
2408 3749 2749 3821 patriarcha
2777 3766 2848 3804 ex
2877 3766 3042 3805 more
3064 3747 3400 3803 diademate
3431 3750 3610 3817 caput
3638 3745 3768 3801 cin-

2109 3844 2366 3909 geretur.
2391 3840 2479 3893 lta
2499 3838 2660 3893 enim
2690 3839 2955 3894 moribus
2982 3844 3307 3909 receptum,
3333 3841 3398 3891 ut
3423 3836 3525 3907 qui
3549 3837 3767 3890 Roma-

2111 3944 2256 3983 num
2278 3927 2597 3999 imperium
2629 3927 2868 3996 adeant,
2895 3927 2957 3982 in
2980 3927 3186 3999 templi
3217 3926 3534 3982 ambonem
3557 3938 3768 3979 ascen-

2114 4017 2277 4085 dant,
2311 4016 2462 4072 etab
2496 4033 2563 4072 eo
2585 4017 2685 4088 qui
2713 4034 2820 4089 pro
2846 4022 3111 4090 tempore
3145 4017 3329 4072 sacris
3352 4020 3587 4087 praeest,
3610 4013 3764 4068 bene

2112 4105 2261 4177 ipsis
2289 4111 2628 4177 apprecato,
2661 4107 2942 4163 diadema
2997 4106 3177 4178 capiti
3231 4105 3578 4176 impositum
3608 4103 3767 4159 acci-

2111 4194 2300 4266 piant.
2334 4193 2693 4267 Polyeuctus
2716 4201 2855 4251 tunc
2885 4196 3086 4251 sedem
3118 4193 3578 4266 patriarchalem
3603 4198 3766 4247 tene-

2112 4281 2233 4340 bat.
2262 4284 2336 4349 Is,
2360 4283 2449 4337 vir
2470 4300 2613 4340 sane
2645 4283 2879 4340 divinus
2897 4289 2956 4339 et
2981 4283 3193 4355 spiritu
3225 4282 3479 4347 fervens,
3496 4280 3767 4353 quamvis

2113 4377 2286 4428 aetate
2318 4373 2567 4439 eﬂ‘wtus,
2601 4373 2947 4445 imperatori
2980 4372 3313 4441 denuntiat,
3348 4387 3471 4427 non
3502 4371 3556 4424 ei
3588 4369 3768 4424 licere

2115 4462 2177 4516 in
2218 4462 2533 4517 ecclesiam
2563 4462 2812 4535 ingredi,
2847 4462 2963 4517 nisi
3021 4467 3195 4517 antea
3254 4465 3575 4533 Augustam
3628 4458 3767 4513 aula.

2115 4552 2427 4624 expulerit,
2460 4569 2529 4609 ac
2559 4553 2872 4624 Nicephori
2904 4552 3281 4624 imperatoris
3324 4565 3762 4623 percussorem,

2116 4643 2388 4714 quisquis
2416 4643 2507 4698 illi
2532 4649 2709 4714 esset,
2742 4642 3108 4699 ostenderit:
3139 4642 3214 4699 ad
3271 4643 3405 4712 hoc,
3456 4641 3762 4697 decretum

1512 4796 1572 4848 C.
1628 4797 1692 4849 Β.
1752 4793 1946 4850 HASII
2001 4795 2607 4853 ANNOTATIONNES.

422 4978 469 5014 1³
499 4972 695 5031 ὀιστόν.
727 4970 874 5031 ἱστόν
908 4975 1039 5032 cod.
1117 4976 1164 5013 ¹⁴
1191 4977 1427 5054 κιχρῶν.
1461 4973 1628 5033 Conf.
1661 4975 1738 5033 ΙΙΙ
1776 4978 1916 5050 Reg.
1948 4993 2084 5046 xvn,
2136 4980 2224 5036 i6.

419 5163 532 5236 (11)
561 5161 835 5237 Amplior
862 5163 1072 5220 eadem
1115 5162 1352 5236 phrasis
1411 5180 1591 5237 supra
1647 5166 1734 5221 30.
1798 5166 1865 5222 A.
1899 5162 2002 5221 ubi

345 5232 754 5310 mreopeyéfi—ei.
1068 5306 1081 5310 _
1115 5232 1147 5310 ί
1251 5309 1257 5310 7
1395 5303 1405 5310 .
1482 5232 1503 5237 ’
1656 5282 1660 5287 .

417 5303 531 5377 (l2)
561 5303 793 5381 Scilitsa
824 5324 1017 5381 secus,
1065 5305 1153 5381 ἐπὶ
1211 5309 1302 5362 τὸν
1343 5303 1614 5379 πέμπτον,
1643 5309 2006 5381 oalligrapbo

344 5394 550 5454 vocem
583 5379 1005 5435 obsoletiorem
1045 5378 1300 5453 πύματος
1354 5378 1425 5436 in
1466 5381 1653 5454 magis
1682 5378 1911 5454 notam;
1941 5386 2008 5436 ut

348 5451 438 5515 fit,
469 5458 897 5506 commutante.

423 5522 704 5603 (13:11:13.6
744 5538 945 5603 usque
989 5522 1063 5578 ad
1112 5541 1241 5603 pag.
1292 5528 1554 5603 19027:
1613 5527 1779 5603 τῦφον
1836 5523 2005 5588 τιθεὶς

352 5594 749 5650 Combeﬁsius
774 5594 955 5669 Avertit
983 5611 1083 5666 ap.
1113 5594 1256 5669 Pag.
1291 5597 1381 5651 IV.
1408 5598 1496 5651 22.

430 5669 545 5742 (11)
577 5667 857 5742 égathias
888 5663 1153 5737 πέρίτοῦ
1182 5663 1581 5742 προσήκοντος.
1607 5669 1696 5723 81.
1732 5668 1792 5725 Β.

431 5740 542 5814 (15)
576 5738 870 5814 Hactenus
901 5755 1033 5809 quas
1078 5754 1148 5795 ex
1180 5738 1374 5797 Leone
1431 5740 1680 5813 Scylitza
1708 5741 2015 5797 transtulit
2121 5738 2457 5814 perperam.
2494 5740 2634 5797 Vide
2665 5739 2954 5796 Maittaire

360 5809 426 5866 in
452 5809 764 5866 historiam
795 5827 907 5869 ms.

2189 5165 2300 5292 (16)
2358 5162 2660 5223 Cedrenus
2723 5166 2942 5223 Histor.
3000 5167 3070 5225 II.
3128 5167 3254 5222 664.
3295 5168 3357 5222 Β.
3412 5162 3590 5245 ὄζπεισι
3655 5163 3772 5246 μετῖ

2211 5238 2396 5313 γωνμὸ
2448 5236 2702 5313 βασιλεὺς
2756 5237 2835 5313 εἷς
2880 5239 2980 5313 τὴν
3026 5235 3271 5313 μεγάλην
3330 5236 3772 5313 ἐκκλησιανλυδι

2116 5304 2458 5384 ΧγΙδηάθΓξ
2479 5328 2651 5384 secus
2672 5311 2903 5383 opinor,
2937 5304 3151 5384 legisse
3182 5304 3415 5365 videtur
3438 5304 3553 5384 μετῖ
3577 5304 3769 5379 ὀλίγον

2116 5380 2256 5455 nam
2288 5383 2463 5438 vertit
2487 5382 2657 5455 paulo
2674 5380 2801 5453 p‘ost
2830 5399 2953 5455 pro
2987 5380 3132 5455 cum“
3156 5384 3354 5452 paucis
3384 5397 3403 5435 :
3446 5380 3766 5455 deinceps,

2115 5455 2177 5509 C.
2208 5454 2312 5509 lin.
2348 5457 2399 5510 5.
2434 5448 2750 5509 manifesto
2782 5448 3000 5510 mendo
3042 5448 3267 5508 edit—um
3322 5456 3414 5507 est
3442 5448 3776 5522 ἂπολογισα·

2121 5526 2289 5598 μένου
2320 5543 2426 5598 pro
2459 5523 2775 5598 ἀπολογησ.

2190 5599 2298 5668 (17)
2320 5590 2393 5654 1η
2445 5590 2715 5653 Hederici
2750 5597 2953 5652 Lexico
3013 5593 3276 5668 manuali
3335 5594 3476 5668 edit.
3534 5590 3771 5668 Ernesti

2122 5663 2466 5741 Lips-1768.
2499 5671 2550 5724 8.
2586 5670 2699 5741 col.
2731 5671 2887 5741 i371.
2920 5668 2972 5724 is
3001 5665 3292 5741 genitivus
3334 5664 3436 5741 νεώ
3470 5663 3769 5741 scribitur,

3047 5755 3077 5794 e
3117 5736 3390 5794 dialectis
3439 5736 3534 5792 ed.
3584 5736 3770 5791 Sturz.

2124 5816 2212 5870 27·
2246 5814 2315 5874 Α.
