4118 6440
360 384 480 443 303
1753 366 2036 430 LEONIS
2083 367 2407 430 DIACONI
3677 375 3801 438 304

366 516 676 581 accedens,
736 527 945 567 aurum
1033 505 1332 580 erogabat,
1392 504 1784 573 ulcerosaque
1840 506 1992 573 atqui

2158 499 2362 575 εριθμὸν
2416 499 2894 570 πολυπλασιάσας,
2962 503 3129 559 ἀνιών
3183 526 3242 560 τε
3297 508 3387 562 καὶ
3445 507 3520 569 ὡς
3585 508 3784 571 αὐτοὺς

367 608 577 664 morbo
604 603 870 660 confecta
914 616 1123 655 eorum
1172 596 1441 652 membra
1480 594 1695 658 fovere,
1728 598 1991 664 quatenu

2165 595 2598 670 ταραγινύμενος,
2658 593 2870 670 διένεμέ
2925 618 2983 652 τε
3031 597 3249 661 τούτοις
3310 600 3537 675 χρυσὸν,
3577 602 3668 657 καὶ
3723 604 3791 658 τὰ

366 697 603 753 licebat.
628 709 749 748 non
771 688 1086 746 recusabat
1110 707 1122 745 :
1158 687 1338 758 idque
1361 701 1496 741 cum
1519 683 1778 739 maxime
1800 681 1992 738 delica

2173 682 2427 758 λκωμένα
2504 687 2592 740 καὶ
2689 689 2758 760 τῇ
2852 685 2996 760 νόσῳ
3080 691 3512 766 κατειργασμένα
3580 692 3790 748 τούτων

362 785 800 853 tus,lautusque
823 777 1173 850 cumprimis
1196 779 1369 831 esset.
1395 776 1580 829 Tanta
1598 772 1885 828 nimirum
1908 771 1988 826 mi

2161 771 2276 845 ιέλη
2364 773 2456 829 οὖν
2541 775 2773 846 ἀπηξίου
2852 777 3165 832 θεόαπεύειν
3279 780 3417 834 κατὰ
3499 781 3563 836 τὸ
3649 780 3787 854 ἐνὸν,

362 874 658 930 seratione
681 869 1025 934 ducebatur,
1049 865 1465 935 laborantique
1486 868 1716 918 natura
1738 861 1988 918 condole

2163 862 2306 919 αίτοι
2346 859 2647 939 ἁϐρότατος
2703 864 2777 920 ὢν
2818 867 2905 921 καὶ
2965 865 3086 922 λίαν
3147 866 3473 946 φιλόκαλος.
3516 873 3789 929 Τοσοῦτον

359 965 536 1028 bat,si
555 960 794 1033 quando
812 959 934 1014 illis
949 954 1429 1025 occurreret,maj
1441 958 1687 1009 estatem
1706 952 1943 1023 imperii
1960 969 1985 1006 e

2162 953 2248 1027 ἴχε
2290 955 2353 1008 τὸ
2400 952 2688 1034 φίλοικτόν
2747 976 2806 1010 τε
2861 956 2951 1011 καί
3011 958 3285 1029 συμπαθὲς
3316 958 3453 1034 πρὸς
3484 960 3548 1015 τὸ
3572 962 3788 1035 κάμνον

359 1054 579 1110 fastum
598 1067 876 1123 purpura
890 1047 1061 1104 ﬂocci
1076 1042 1760 1119 pendens.Vectigalium
1778 1058 1979 1113 quoqu

2157 1049 2223 1112 ἧς
2272 1044 2503 1123 φύσεως,
2563 1045 2710 1119 παρὰ
2769 1044 3001 1125 φαῦλον,
3036 1045 3124 1102 ὅτε
3153 1069 3271 1110 πως
3296 1049 3513 1114 τούτοις
3541 1050 3780 1124 ἀπήντα,

361 1142 801 1197 immunitatem
859 1137 1279 1194 Armeniorum
1337 1133 1584 1189 themati
1642 1131 1842 1187 dedit:
1874 1131 1987 1186 ind«

2156 1132 2213 1188 όν
2239 1153 2298 1188 τε
2324 1140 2425 1204 τῆς
2460 1132 2743 1209 βασιλείας
2794 1131 2958 1210 ὄγκον
3017 1137 3107 1192 καὶ
3155 1138 3247 1192 τὸν
3280 1136 3338 1192 ἐκ
3364 1145 3465 1208 τῆς
3513 1138 3781 1219 ἁλουργί-

360 1232 520 1288 enim
551 1230 840 1286 oriundus
870 1232 1016 1284 erat.
1048 1227 1312 1296 Cumque
1342 1239 1484 1291 roga
1530 1223 1800 1287 instaret,
1834 1237 1986 1292 quan

2157 1244 2215 1285 ος
2251 1222 2679 1298 ἀποτικτόμενον
2731 1229 2899 1305 τῦφον
2951 1226 3139 1288 τιθείς.
3202 1228 3399 1302 Φόρων
3439 1249 3497 1284 τε
3526 1229 3777 1287 ἀτελειαν

358 1326 601 1377 senatus
631 1337 700 1376 ac
733 1317 1077 1390 reipublica
1108 1314 1339 1370 nobiles
1370 1326 1764 1384 proceresque
1794 1326 1865 1365 ex
1894 1310 1984 1364 im

2153 1317 2197 1367 ὦ
2244 1318 2354 1368 τῶν
2408 1314 2787 1388 Ἀρμενιακῶν
2848 1313 3040 1388 θέματι
3097 1317 3393 1391 παρέσχενο
3445 1316 3641 1373 ἐκεῖθεν
3673 1320 3778 1396 γὰρ

352 1409 645 1481 peratoris
676 1424 860 1463 manu
888 1410 1195 1476 reportare
1226 1402 1443 1469 solent,
1476 1398 1752 1455 omnibus
1784 1398 1883 1469 qui
1907 1398 1972 1452 ill

2156 1423 2369 1478 »ρμητο.
2405 1406 2521 1473 Τῆς
2552 1400 2610 1458 δὲ
2666 1402 2831 1481 ῥόγας
2879 1402 3159 1476 ἐνστάσης,
3191 1406 3251 1473 ἣν
3289 1407 3323 1475 ἣ
3361 1428 3419 1462 τε
3466 1406 3782 1485 σύγκλητος

353 1498 668 1571 largitione
701 1495 1338 1566 dignabantur,sponte
1364 1505 1565 1560 rogam
1592 1489 1773 1558 auxit,
1807 1489 1979 1543 animi

2148 1490 2205 1546 al
2262 1493 2325 1546 τὸ
2380 1494 2478 1561 τῆς
2535 1490 2819 1555 πολιτείας
2878 1492 3082 1568 εὐγενὲς
3139 1494 3229 1549 καὶ
3288 1494 3593 1573 ἐλλόγιμον
3625 1500 3774 1574 παρὰ

348 1588 555 1662 gloria
588 1593 647 1642 et
676 1585 908 1642 virtutis
935 1583 1200 1640 studioso
1230 1581 1530 1637 inductus.

2155 1588 2212 1651 ἧς
2268 1580 2562 1657 βασιλικῆς
2621 1583 2811 1657 ’χειρὸς
2868 1582 3220 1663 ἀποφέρεται,
3278 1591 3409 1641 πᾶσι
3464 1592 3582 1650 τοῖς
3610 1588 3781 1657 ἠξιω-

2117 1670 2301 1746 μένοις
2328 1672 2558 1744 ταυτησὶ
2596 1679 2697 1740 τῆς
2724 1670 2953 1748 δωρεᾶς,
2986 1679 3189 1750 προῖκα
3245 1676 3345 1743 τήν
3402 1675 3570 1754 ῥόγαν
3614 1676 3783 1749 ἐπήο-

2111 1763 2262 1833 ξησε,
2293 1760 2577 1841 φιλοτίμῳ
2606 1761 2696 1818 καὶ
2729 1760 3023 1842 φιλαγάθῳ
3054 1764 3251 1841 γνώμῃ
3284 1765 3626 1839 κινούμενος.

421 1860 473 1913 6.
504 1854 818 1911 Antiochia
839 1868 1053 1926 magna
1073 1850 1148 1908 ad
1169 1851 1449 1906 Orontem
1475 1864 1507 1904 a
1527 1847 1856 1919 Nicephoro
1882 1847 2001 1901 Au-
2036 1914 2047 1931 ‘

2187 1852 2246 1920 ζ’.
2303 1848 2446 1921 ’Ἤδη
2508 1847 2565 1905 δὲ
2620 1857 2723 1920 τῆς
2770 1852 2909 1923 πρὸς
2952 1853 3184 1928 Ὀρόντῃ
3220 1856 3332 1926 ’26)
3367 1852 3619 1931 μεγάλης
3648 1856 3775 1910 Ἀν-

342 1951 511 2018 gusto
526 1950 698 2016 capta
708 1959 837 1998 cum
854 1940 1224 1997 essetantisti
1233 1945 1289 1994 te
1303 1954 1603 1994 sacrorum
1615 1937 1968 1992 viduatatnat

2149 1941 2357 2016 ιοχείας
2388 1960 2525 2015 προς
2551 1945 2648 1995 τοῦ
2693 1914 3099 2015 αὐτοκράτορος
3144 1914 3466 2022 Ῐλὲικηςξόρού
3496 1914 3767 2016 ἀλούσης,

344 2035 446 2105 qui
478 2040 616 2090 ante
647 2034 708 2088 in
741 2049 810 2089 ea
840 2031 1180 2087 dominatus
1212 2034 1339 2084 erat
1381 2028 1707 2083 Saracenus
1737 2028 1969 2085 Christo

2127 2029 2194 2085 ιαὶ
2223 2034 2320 2085 τοῦ
2350 2030 2738 2106 ἱεραρχοῦντος
2768 2029 3119 2106 χηρευούσης
3176 2032 3227 2104 (ὁ
3285 2032 3390 2108 γὰρ
3441 2034 3503 2088 τὸ
3559 2032 3753 2110 πρότε-

339 2123 598 2195 phorum
630 2121 1053 2194 patriarcham,
1086 2117 1478 2190 apostolicum
1518 2132 1585 2170 ac
1616 2115 1881 2171 divinum
1913 2118 1965 2170 vi

2141 2140 2198 2174 ον
2258 2120 2552 2194 κατάρχων
2605 2117 2808 2189 ταύτης
2885 2118 3194 2197 Ἀγαρηνὸς
3263 2120 3354 2176 τὸν
3411 2123 3767 2199 πατριάρχην

338 2230 493 2281 rum,
526 2212 648 2284 pilo
680 2227 789 2284 per
818 2216 1027 2282 pectus
1075 2209 1283 2263 adacto
1328 2205 1728 2272 interfecerat,
1762 2207 1964 2262 crimin

2141 2209 2501 2289 ζριστοφόρον,
2560 2206 2927 2263 ἀποστολικὸν
2987 2205 3156 2285 ἄνδρα
3197 2230 3257 2265 τε
3311 2210 3403 2265 καὶ
3459 2211 3767 2285 θεσπέσιον,

337 2302 391 2355 ei
424 2302 574 2357 dans
607 2301 891 2372 pietatem
921 2299 983 2354 in
1017 2298 1387 2353 Servatorem
1436 2294 1781 2366 Christum),
1836 2295 1963 2351 illiu

2140 2296 2337 2367 νεῖλεν,
2397 2297 2645 2354 ἀκόντιον
2703 2299 2838 2354 κατὰ
2894 2303 3002 2353 τῶν
3064 2297 3299 2375 στέρνων
3350 2301 3520 2356 αὐτοῦ
3578 2299 3766 2358 διελά-

338 2391 617 2462 conjugio
679 2388 990 2444 consulere
1050 2387 1317 2458 cupiens,
1374 2386 1631 2440 Joannes
1676 2385 1964 2457 imperato

2141 2408 2221 2459 ας,
2281 2384 2541 2464 ἔγκλημα
2598 2383 2789 2462 τάνδρὶ
2841 2387 2919 2449 εἰς
2973 2387 3064 2442 τὸν
3118 2388 3166 2426 ¹⁹
3245 2395 3479 2464 Σωτῆρα
3533 2391 3767 2464 Χριστὸν

339 2495 559 2552 magno
584 2477 779 2533 studio
801 2476 875 2532 ad
898 2477 955 2532 id
979 2475 1452 2543 incumbebat,ut
1472 2472 1734 2543 aliquem
1757 2471 1965 2543 amplis

2145 2477 2321 2554 τάγων
2377 2471 2700 2550 εὐσέϐειαν),
2753 2477 2957 2548 ταύτης
3017 2478 3109 2532 τὸν
3169 2479 3521 2552 συνοικισμὸν
3564 2481 3771 2557 προὺρσ-

342 2569 492 2624 simo
524 2569 663 2624 huic
694 2567 1026 2623 sacerdotio
1057 2567 1304 2637 dignum
1334 2563 1645 2619 inveniret.
1676 2564 1800 2628 Qua
1830 2562 1902 2617 de
1932 2579 1968 2615 ri

2142 2565 2372 2641 ιαίτερον
2446 2567 2475 2621 ὁ
2552 2563 2811 2642 βασιλεὺς
2896 2568 3155 2639 Ἰωάννης
3243 2569 3593 2643 ποιούμενος,
3670 2567 3764 2625 διὰ

340 2675 476 2713 cum
510 2657 767 2713 multum
812 2657 1033 2727 diuque
1083 2655 1418 2728 cogitasset,
1460 2652 1621 2707 venit
1648 2652 1700 2707 ei
1732 2652 1793 2706 in
1827 2667 1963 2707 men

2141 2652 2343 2725 πουδῆς
2404 2655 2525 2731 εἶχε
2571 2656 2662 2711 καὶ
2721 2653 2896 2718 πολὺς
2953 2658 3021 2725 ἦν
3071 2656 3406 2733 ἐγκείμενος,
3456 2664 3556 2727 τῆς
3584 2658 3767 2735 ἱεραρ-

340 2751 458 2801 tem
490 2746 833 2802 Theodorus
863 2744 1257 2811 Coloniensis,
1291 2743 1379 2797 vir
1429 2742 1531 2813 qui
1560 2757 1593 2796 a
1625 2741 1848 2796 teneris
1879 2757 1961 2795 un

2138 2744 2228 2819 ,ίας
2256 2744 2461 2815 ταύτης
2516 2746 2608 2800 τὸν
2660 2743 2810 2815 ἄξιον
2866 2745 3059 2821 εὑρεῖν.
3118 2745 3379 2803 Ἀλύοντι
3419 2744 3476 2802 δὲ
3510 2748 3559 2784 ³ο
3584 2749 3764 2821 τούτῳ

332 2837 607 2909 guiculis,
643 2837 913 2892 solitaria
968 2853 1036 2891 ac
1094 2835 1296 2906 quieta
1349 2833 1471 2888 vita
1524 2831 1730 2899 electa,
1789 2831 1958 2886 multi

2138 2834 2189 2888 αὶ
2245 2833 2674 2909 γνωματεύοντι,
2730 2832 2819 2889 ἐπὶ
2866 2835 2991 2890 νοῦν
3047 2833 3216 2904 ἦλθεν
3274 2836 3302 2890 ὁ
3357 2835 3417 2891 ἐκ
3448 2834 3764 2903 Κολωνείας

334 2926 605 2981 asceticis
638 2925 954 2981 sudoribus
983 2925 1168 2979 animi
1196 2922 1593 2995 appetitiones
1625 2920 1960 2976 edomuerat

2139 2920 2404 2998 ηεόδωρος,
2456 2923 2595 2999 ἀνὴρ
2654 2922 2705 2993 ἐξ
2760 2923 2976 3000 ὀνύχων
3029 2925 3121 2980 τὸν
3170 2923 3436 3002 ἐρημικὸν
3469 2926 3559 2981 καὶ
3592 2926 3765 3003 ἀπρά-

330 3014 538 3070 Cilicia
568 3015 729 3070 enim
778 3012 1024 3070 indutus
1080 3015 1227 3069 ποι
1284 3012 1574 3079 tunicula,
1607 3011 1763 3065 hanc
1809 3009 1956 3066 ferrc

2131 3033 2281 3086 μονα
2367 3011 2487 3088 βίον
2572 3013 3006 3089 αἱρετισάμενος,
3074 3015 3167 3069 καὶ
3231 3012 3471 3079 πολλοῖς
3529 3014 3757 3093 ἱδρῶσιν

331 3104 491 3174 quod
509 3103 584 3158 ad
608 3104 996 3159 cruciandum
1015 3119 1228 3174 corpus
1248 3099 1768 3171 ferebat.superinj
1778 3104 1957 3155 ectam

2137 3106 2416 3172 σκητικοῖς
2458 3103 2521 3157 τὸ
2570 3102 2797 3176 σαρκίον
2867 3100 3275 3177 καταδαμάσας.
3337 3106 3599 3181 Τρίχινον
3656 3109 3760 3184 γὰρ

334 3194 632 3265 deponere
653 3211 772 3250 non
792 3194 1395 3266 solebat,priusquam
1413 3191 1657 3247 omnino
1671 3190 1960 3246 difﬂuerel

2134 3190 2265 3252 άκος
2324 3187 2797 3264 ἐνδιδυσκόμενος,
2828 3191 2917 3246 καὶ
2971 3192 3149 3265 τούτῳ
3195 3192 3618 3269 περικαλύπτων
3666 3200 3758 3252 τὸν

333 3282 409 3337 ad
431 3282 809 3355 nihilumque
833 3283 1219 3356 redigeretur.
1239 3280 1401 3336 Idem
1425 3280 1643 3335 dicitur
1660 3279 1958 3334 monachu

2141 3277 2350 3355 ίδηρον,
2385 3281 2444 3334 ὃν
2498 3274 2654 3359 ἔφερε
2681 3286 2958 3355 τυραννῶν
3010 3281 3075 3337 τὸ
3134 3283 3433 3357 σωμάτιον,
3468 3283 3530 3338 ού
3561 3286 3760 3358 πρότε-

331 3372 660 3446 Nicephoro
688 3374 967 3446 primum,
1000 3372 1216 3429 deinde
1248 3371 1807 3442 Joanni,imperium
1839 3386 1957 3441 pra

2137 3391 2193 3424 ον
2250 3368 2380 3424 αὐτὸ
2437 3369 2856 3441 ἀπεσκευάζετο,
2913 3371 3040 3446 πρὶν
3101 3371 3161 3426 ἂν
3223 3369 3446 3449 διεῤῥύη
3507 3395 3565 3429 τε
3604 3372 3757 3447 ὅλον,

330 3461 573 3518 dixisse.
608 3464 794 3531 Hunc,
846 3480 984 3519 cum
1042 3468 1184 3517 tunc
1240 3459 1754 3531 Constantinopoli
1809 3464 1956 3515 esset

2128 3459 2187 3513 ,ai
2222 3458 2298 3521 εἷς
2330 3456 2491 3513 οὐδὲν
2544 3458 2909 3535 ἐχρημάτιζε.
2972 3460 3201 3536 Λέγεται
3252 3459 3328 3530 δὲ,
3381 3462 3474 3517 τὸν
3503 3469 3754 3520 τοιοῦτον

324 3552 585 3608 Joannes
639 3552 883 3608 adducit
936 3552 1010 3607 ad
1068 3551 1493 3623 Polyeuctum:
1549 3549 1651 3620 qui
1700 3565 1824 3604 una
1851 3566 1950 3603 cur

2128 3552 2373 3620 ιοναστήν
2434 3550 2738 3631 Νικηφύρῳ
2790 3572 2850 3607 τε
2905 3551 3193 3627 πρότερον,
3233 3554 3325 3609 καὶ
3382 3553 3537 3618 αὖθις
3570 3557 3754 3612 Ἰωάν-

324 3641 622 3712 episcopis
655 3642 716 3696 in
747 3641 895 3697 urbe
927 3640 1325 3712 praesentibus
1362 3638 1471 3693 viri
1502 3638 1816 3693 scientiam
1849 3654 1950 3692 exa

2134 3663 2185 3715 ῃ,
2216 3642 2316 3711 τήν
2346 3647 2444 3710 τῆς
2480 3639 2764 3715 βασιλείας
2795 3640 3159 3712 θεοκλυτῆσαι
3189 3642 3511 3720 ἀνάῤῥησιν.
3559 3650 3760 3701 Τοῦτον

323 3731 584 3794 minans,
622 3730 723 3785 ubi
758 3730 1145 3785 sacularibus
1192 3728 1436 3799 quidem
1467 3728 1684 3783 litteris
1714 3727 1873 3783 haud
1906 3727 1949 3781 it

2132 3734 2172 3801 ᾧ
2204 3730 2476 3803 Βυζαντίῳ
2525 3732 2649 3786 τότε
2701 3732 3136 3807 παρουσιάζοντα
3194 3733 3222 3787 ὂ
3280 3734 3536 3805 Ἰωάννης
3588 3756 3758 3811 προσ-

325 3818 650 3883 excultum,
680 3817 741 3871 in
782 3816 997 3872 divinis
1047 3832 1181 3870 vero
1213 3820 1273 3870 et
1296 3814 1519 3870 nostris
1548 3813 1947 3869 studiosissim

2130 3840 2217 3893 γει
2269 3824 2351 3892 τῷ
2410 3817 2759 3893 Πολυεύκτῳ·
2813 3822 2842 3876 ὁ
2893 3818 2969 3890 δὲ,
3009 3823 3124 3894 ἅμα
3172 3825 3288 3884 τοῖς
3318 3821 3617 3897 ἐνδημοῦσι
3644 3830 3753 3881 τῶν

327 3911 717 3965 exercitatum
759 3910 1007 3978 invenit,
1058 3914 1367 3964 consecrat
1410 3924 1545 3964 eum
1584 3907 1953 3978 patriarchan

2130 3910 2404 3966 πισκόπων
2435 3910 2528 3965 τὸν
2588 3908 2757 3987 ἄνδρα
2815 3910 3110 3982 ἐξητακὼς,
3165 3911 3404 3993 ἐφευρών
3440 3936 3497 3971 τε
3523 3918 3624 3987 τὴν
3660 3918 3756 3989 μὶν

325 3998 677 4055 Antiochiae.
729 3999 907 4054 Porro
964 3999 1341 4070 Polyeuctus,
1373 4013 1508 4053 cum
1540 4013 1761 4068 paucos
1792 3995 1919 4051 dies
1950 4037 1951 4043 η

2134 3999 2315 4073 ύραθεν
2367 3996 2616 4054 παιδείαν
2653 3999 2715 4054 ού
2766 4001 2907 4055 πάνυ
2958 4005 3043 4075 [Ρ.
3103 4006 3193 4075 62]
3241 3998 3595 4079 ἡκριϐωκότα
3626 4008 3760 4080 (27),

322 4089 612 4145 Theodori
633 4089 1007 4146 ordinatione
1029 4094 1331 4161 superstes
1350 4088 1581 4155 fuisset,
1607 4105 1677 4144 ex
1701 4088 1948 4144 humani

2133 4090 2189 4158 ἦν
2224 4110 2287 4165 γε
2347 4089 2454 4162 μὴν
2515 4088 2660 4143 θείαν
2719 4088 2808 4144 καὶ
2867 4090 3139 4166 ἡμετέραν
3194 4090 3562 4168 ἐξησκημένον
3591 4093 3759 4175 φιλο·-

319 4180 555 4253 migrat,
584 4197 689 4251 pro
713 4186 1098 4236 monumento
1123 4180 1388 4236 ecclesia
1418 4181 1701 4235 virtutum
1733 4180 1945 4236 simula

2129 4176 2377 4252 ιμότατα,
2438 4177 2585 4251 χρίει
2643 4176 2804 4233 αὐτὰν
2863 4182 3213 4256 πατριάρχην
3271 4183 3639 4259 Ἀντιοχείας.
3691 4187 3755 4245 Ὁ

315 4271 453 4337 cris,
487 4270 821 4341 divinaque
853 4275 909 4325 et
939 4271 1214 4325 humana
1255 4269 1563 4341 sapientia
1595 4271 1941 4341 scientiaqu

2127 4268 2147 4320 ὲ
2179 4264 2525 4331 Πολύευκτος
2552 4269 2687 4341 (28),
2725 4268 2923 4343 μικρὰς
2951 4268 3162 4346 ἡμέρας
3209 4266 3456 4335 ἐπιϐιοὺς
3489 4275 3623 4348 μετὰ
3653 4277 3753 4345 τήν

313 4360 668 4432 notitia,qua
689 4360 763 4417 ad
786 4376 1088 4416 summum
1112 4359 1381 4416 excultus
1401 4359 1532 4428 fuit,
1553 4358 1939 4431 relictis.Poly

2125 4353 2377 4432 νεοδώρου
2403 4356 2750 4434 προχείρισιν
2802 4360 2846 4396 ²¹
2903 4362 3037 4435 (29),
3072 4358 3435 4435 μεταλλάττει
3464 4364 3559 4418 τὸν
3611 4364 3751 4448 βίον³

1523 4511 1584 4566 C.
1628 4511 1689 4566 Β.
1736 4509 1930 4565 HASII
1968 4507 2528 4565 ANNOTATIONES.

390 4643 438 4681 ιθ
467 4643 545 4706 εἷς
570 4644 686 4702 τόν.
719 4646 812 4701 Sic
842 4645 972 4701 cod.
1006 4646 1164 4701 Fort.
1196 4645 1295 4700 hic
1325 4644 1494 4701 deest
1518 4645 1640 4715 τήν.
1719 4645 1767 4679 ²⁰
1796 4641 1874 4701 δέ.
1908 4646 2016 4700 For

1244 4645 1295 4700 ic
1325 4644 1494 4701 deest
1518 4645 1640 4715 τήν.
1719 4645 1767 4679 ²⁰
1796 4641 1874 4701 δέ.
1908 4646 2065 4700 Fort.
2097 4638 2188 4713 δή.
2266 4645 2306 4679 ²¹
2340 4643 2706 4718 προχείρησιν
2741 4645 2870 4704 cod.

388 4787 500 4862 (2g)
525 4786 660 4862 Hac
677 4792 735 4842 et
758 4787 1071 4857 sequentia
1090 4803 1168 4862 ex_
1183 4786 1375 4843 Leone
1400 4787 1707 4862 transtulit
1725 4787 1975 4862 Scylitza
2007 4791 2014 4855 1

767 4787 1071 4857 sequentia
1090 4803 1168 4862 ex_
1183 4786 1375 4843 Leone
1400 4787 1707 4862 transtulit
1725 4787 1975 4862 Scylitza
2007 4791 2051 4856 Ι)
2086 4781 2393 4862 διαφυγεῖν.

318 4857 382 4941 in
439 4857 997 4941 Chroniconnmss”
1046 4858 1209 4914 unde
1269 4859 1582 4932 exscripsit
1619 4857 1836 4931 partim
1866 4864 1968 4914 Ce-
2088 4929 2117 4941 η
2152 4857 2657 4941 (28,1‘Hacu's‘que
2681 4858 2765 4941 ad
2806 4859 2990 4941 tinem
3049 4861 3230 4934 hujus
3261 4865 3472 4936 capitis
3504 4865 3749 4921 Combe-

319 4928 488 4983 dren.
523 4929 589 4982 Η.
620 4932 743 4985 669.
779 4931 838 4984 Β.
1463 4928 1481 4932 ⁷
1619 4928 1638 4931 “

1463 4928 1481 4932 ⁷
1619 4928 1638 4931 “
2082 4928 2251 4984 ﬁsius
2276 4928 2473 5000 vertit,
2506 4928 2645 5000 Pagi
2679 4932 2767 4986 IV.
2804 4934 2890 4987 24.

386 5001 498 5079 (2])
532 5000 967 5057 Dissuadebant
1015 5001 1188 5079 multi
1245 5002 1308 5056 in
1367 5002 1610 5079 Gracia,
1644 5006 1769 5079 tum
1809 5001 1972 5079 omni

2155 4999 2494 5079 (g9)_Codex
2548 5000 2944 5079 npoxelp-qacv'_
2995 5006 3211 5079 mutavi
3256 5008 3584 5063 secundum
3614 5013 3743 5079 ety-

316 5071 513 5157 medio
546 5089 700 5157 avo,‘
721 5078 846 5155 tum
866 5075 1133 5156 .maxime
1156 5073 1540 5157 hocsaculo,
1564 5072 1849 5157 profanas
1876 5072 1942 5126 lit

2113 5071 2404 5157 n‘ologiam
2427 5088 2463 5157 ἒ
2486 5071 3339 5157 νθζὶξσπροχειρίζομαι.-Υοοὶε
3368 5071 3739 5157 προχείρ-ισῖς,

319 5149 511 5220 teras:
547 5144 830 5220 quodqui
861 5143 935 5220 iis
967 5161 1002 5200 a
1043 5152 1244 5200 tenero
1279 5144 1489 5220 imbuti
1525 5143 1743 5220 essent.
1770 5144 1852 5220 _ad
1878 5160 1972 5198 ve-
2084 5143 2278 5220 adhuc
2324 5143 2416 5220 in_
2438 5144 2663 5220 Lexicis
2698 5143 2954 5220 omissa,
3012 5143 3380 5220 signiﬁcatus
3412 5143 3552 5206 sunt
3575 5143 3739 5205 ’ἀυοὲ

316 5213 1973 5292 ιςὶιαῐεῐῐιιῖἀοὶὁωοῇοτοε-ρυιετεῃιυῐι.ηειδΝίοερῒιοΓιιε,
2085 5215 2247 5292 alter
2264 5213 2420 5292 apud
2452 5214 2858 5292 philosophos,
2903 5213 3162 5274 alter'in
3212 5222 3515 5292 scriptorr.
3550 5222 3741 5277 eccle-

320 5285 393 5365 d_e
427 5304 544 5365 quo
577 5304 756 5365 supra
810 5285 1068 5365 225._AC'-_
1242 5288 1369 5342 Vita
1401 5304 1510 5365 ms.
1563 5285 1844 5365 magistro
1880 5289 1975 5365 τοῦ
2086 5285 2362 5342 siasticis.
2398 5287 2565 5357 Apud
2597 5285 2733 5344 illos
2764 5296 2937 5365 sonat
2955 5298 3129 5356 actus,
3152 5285 3419 5362 operatio,
3443 5311 3559 5364 qua
3587 5293 3744 5365 cogi-

322 5357 623 5447 [Martial-3‘06
654 5357 802 5447 puer
830 5362 892 5447 in
925 5358 1590 5447 disciplinam'traditus
1617 5357 1852 5447 dicitur,
1875 5357 1973 5447 την
2086 5365 2207 5447 tata
2236 5365 2763 5447 repraesentantur,
2790 5357 3316 5447 perducuntur—Lque
3339 5365 3412 5419 ad
3445 5357 3744 5421 effectum.

316 5428 461 5501 ἱερὰν
498 5427 714 5507 ζραφῆν
772 5438 948 5503 μόνην
987 5427 1521 5507 -παῖδευθησόμενος,
1576 5427 1675 5482 οὐκ
1707 5427 1942 5507 ἀνελομέ

2120 5427 2449 5507 ὀτρὶηῖῐξίιιε
2465 5427 2811 5507 Sententad
2834 5432 3147 5507 in_telligih.
3173 5427 3412 5507 ducent.
3439 5441 3562 5491 225.
3588 5441 3650 5492 A.
3671 5436 3746 5493 de

320 5497 425 5585 my
458 5497 917 5585 tib'v‘ﬁpoor'arﬁiv
947 5501 1263 5585 1631153th
1287 5497 1377 5553 καὶ
1407 5499 1634 5585 γόνιμον
1664 5497 1974 5585 tigri/uiuis
2087 5497 2307 5585 anima,
2340 5498 2550 5585 ἐνεργεῖ
2578 5497 2635 5555 δέ
2677 5503 2794 5585 κατ’
2846 5497 3066 5585 αὐτοὺᾷ
3098 5501 3135 5573 ἤ
3171 5505 3260 5560 ὑπ’
3290 5504 3468 5561 ἄλλου
3500 5507 3575 5569 εἰς
3605 5528 3743 5582 προ-

316 5574 413 5650 τοῦ
443 5565 956 5650 πᾳιδὸξέκσπᾷροις
1004 5565 1383 5650 ἐμϐομϐῆσαιι
1408 5565 1552 5650 μα.Θῆ
1566 5565 1745 5644 μασινο
1778 5565 1975 5650 δυ’μή
2087 5573 2339 5650 χείρησιν
2398 5565 2487 5650 [Ιξ
2518 5572 2885 5650 προχείρισιν]
2945 5565 3354 5650 ἐκκαλουμένη,
3412 5581 3497 5635 vel
3526 5565 3593 5635 ab
3626 5565 3743 5636 alio

320 5637 731 5719 80var§v,_tobc
769 5637 973 5719 τύπους
1020 5637 1126 5712 τῆς
1153 5637 1578 5719 ξτερατολ-ὸγίαςξ
1599 5637 1946 5719 προτυπωθέι

2117 5637 2337 5719 ἶά
2355 5637 2731 5719 εώεἰιαιὶιίᾘᾴ
2775 5637 2906 5719 ideo
2939 5637 3222 5719 erraverit
3251 5637 3559 5717 Kusterus,
3613 5651 3743 5707 hac

320 5661 571 5710 ουνατον,
602 5661 731 5708 τους
769 5661 973 5708 τύπους
1020 5661 1126 5712 της
1165 5663 1225 5697 τε
1263 5661 1555 5716 ατοΛογιας
1599 5661 1979 5719 προτυπωθειν
2087 5661 2161 5701 αα
2265 5661 2327 5699 us
2355 5661 2619 5699 excuata.
2660 5661 2729 5702 Ut
2775 5661 2906 5701 meo
2939 5661 3222 5706 erraverit
3251 5661 3559 5717 Kusterus,
3615 5661 3744 5707 hac

320 5729 417 5772 τας
473 5713 763 5790 ἀναλεῖψαι
843 5714 1069 5794 ῥᾳδίως,
1124 5714 1171 5768 si
1228 5661 1293 5787 ᾗ·
1483 5714 1573 5772 καὶ
1628 5717 1730 5787 τήν
1778 5716 1977 5795 πρᾶξν-
2091 5661 2283 5775 suis];
2317 5717 2360 5774 Ι.
2393 5719 2519 5774 830.
2553 5718 2621 5772 Α.
2681 5712 2717 5787 ἤ
2776 5718 2894 5772 καθ’
2948 5715 3054 5791 ἕξιν
3113 5718 3150 5792 ἤ
3208 5722 3345 5777 κατὰ
3374 5722 3750 5800 προχείρισιν,
