4118 6426
265 446 383 506 813

1609 440 2004 505 HISTORIE
2045 441 2200 504 LIB.
2250 443 2350 505 IV.

3566 452 3689 514 8M

261 575 652 652 Κοπρωνύμου
709 577 1016 648 ἡσσηθῆναι
1099 574 1345 648 Μυσοὺς,
1401 573 1490 630 καὶ
1568 574 1722 639 αὖθις
1776 571 1908 648 παρᾶ

2036 577 2327 632 memoria
2350 577 2422 633 ab
2442 582 2672 634 Joanne
2694 581 2974 653 Augusto,
3010 583 3109 654 qui
3139 585 3451 640 Mmsorum
3479 585 3702 658 oppida

259 672 361 724 τοῦ
420 667 650 743 ἐγγόνου
706 668 872 722 αὑτοῦ
932 666 1343 723 Κωνσταντίνου
1398 669 1494 720 τοῦ
1552 672 1653 734 τῆς
1715 663 1927 738 Αὐγού-

257 779 393 828 στης
443 757 686 832 Εἰρήνης
745 758 886 828 υἱοῦ,
947 758 1034 812 καὶ
1095 757 1162 810 τὰ
1213 759 1306 810 νῦν
1365 751 1422 810 δὲ
1476 755 1613 829 πρὸς
1665 755 1922 810 Ἰωάννου

254 851 358 902 τοῦ
392 846 819 922 αὐτοκράτορος,
855 847 914 909 ὅς
939 847 1036 907 τὰς
1089 850 1196 900 τῶν
1246 848 1443 900 Μυσῶν
1491 843 1689 908 πολεις
1737 844 1921 919 αἰχμῇ

2024 664 2077 718 vi
2110 666 2486 737 expugnavit,
2518 667 2702 722 victos
2754 669 3037 741 Bulgaros
3087 671 3444 743 perhibent:
3495 691 3693 746 neque

2024 753 2186 809 ullus
2208 755 2360 810 alius
2387 758 2790 812 Romanorum
2810 761 3105 816 exstitisse
3133 761 3407 829 traditur,
3433 764 3686 834 quiillos

2026 843 2087 898 in
2121 843 2388 914 ipsorum
2419 847 2660 918 regione
2693 846 3026 906 debellarit.
3063 851 3173 905 Sed
3204 851 3276 906 de
3309 851 3403 906 his
3430 854 3598 910 satis.

257 948 663 1017 παρεστήσατο’
725 944 834 1020 οὐχ
888 944 1172 1018 ἱστόρηται
1233 942 1292 1000 δέ
1351 965 1433 1006 τις
1491 944 1786 1017 Ῥωμαίων
1844 938 2051 1018 ἕτερος,
2097 939 2324 1004 τούτους
2375 942 2463 998 ἐπὶ
2529 945 2630 1012 τῆς
2718 945 2974 1022 σφετέρας
3059 953 3160 1020 γῆς
3251 953 3692 1025 καταγωνισάμε..

256 1056 378 1098 νος.
415 1034 591 1093 Ἀλλὰ
619 1036 745 1108 περί
781 1037 875 1109 μὲν
914 1033 1124 1090 τούτων
1157 1032 1301 1096 ἅλις.

341 1154 390 1210 ι’.
417 1153 473 1205 Ὃ
505 1149 562 1206 δὲ
594 1145 1039 1228 Σφενδοσλάϐος,
1079 1156 1200 1215 ταῖς
1249 1149 1382 1206 κατά
1429 1155 1537 1206 τῶν
1594 1153 1789 1205 Μυσῶν
1840 1148 1917 1202 νί-

256 1261 384 1302 καις
419 1239 503 1295 ἐπὶ
545 1241 688 1315 μέγα
745 1239 1061 1316 αἰρόμενος,
1115 1241 1204 1294 καὶ
1256 1244 1324 1313 τῇ
1387 1234 1696 1315 βαρϐαρικῇ
1751 1237 1919 1293 αὐθα-

258 1328 382 1401 δείᾳ
416 1328 701 1406 ύπέροπλα
763 1328 1161 1405 βρενθυόμενος
1218 1326 1350 1401 (ἤδη
1411 1330 1513 1404 γὰρ
1571 1328 1672 1396 τήν
1729 1326 1916 1402 χώραν

261 1415 506 1495 βεϐαίως
561 1418 864 1490 ἐκέκτητο),
925 1414 1164 1492 περιδεῖς
1222 1417 1314 1472 καὶ
1393 1415 1745 1488 καταπλῆγας
1804 1421 1915 1468 Μυ-

256 1509 393 1573 σοὺς
423 1513 490 1583 τῇ
523 1507 747 1585 ἐμφύτῳ
805 1508 1037 1578 ἀπηνείᾳ
1085 1509 1550 1584 κατεργασάμενος
1609 1505 1757 1583 (φασὶ
1813 1507 1915 1580 γὰρ

252 1603 362 1668 τήν
398 1597 685 1655 Φιλίππου
717 1596 877 1653 πόλιν
907 1602 985 1670 τῷ
1014 1596 1279 1670 πολεμεῖν
1321 1596 1538 1670 ἐξελὼν,
1597 1593 1918 1669 δισμυρίους

250 1694 370 1745 τῶν
401 1687 452 1743 ἐν
483 1692 562 1760 τῷ
593 1685 738 1742 ἄστει
806 1685 1120 1763 ληφθέντων
1183 1687 1351 1760 ὡμῶς
1401 1687 1490 1740 καὶ
1537 1685 1916 1758 ἀπανθρώπως

255 1775 722 1845 ἀνασκολοπίσαι,
755 1778 845 1830 καὶ
901 1775 1068 1850 ταύτῃ
1125 1777 1186 1830 τὸ
1245 1775 1489 1846 ἀντίξοῦν
1545 1776 1680 1829 ἅπαν
1740 1770 1914 1829 ἐκδειο

256 1872 514 1944 ματῶσαι
564 1865 654 1921 καὶ
715 1871 883 1929 θεῖναι
946 1861 1337 1937 ὑπόσπονδον),
1397 1864 1742 1940 ὑπεραύχους
1824 1863 1914 1918 καὶ

253 1955 513 2022 αὐθάδεις
573 1957 667 2019 τὰς
725 1955 1041 2030 ἀποκρίσεις
1097 1960 1214 2016 τοῖς
1294 1949 1546 2029 πρέσϐεσι
1624 1952 1910 2025 Ῥωμαίων

251 2049 496 2121 ἐξέφερε·
533 2073 551 2096 ο
601 2047 693 2114 Μὴ
750 2045 851 2122 γὰρ
913 2046 1196 2121 ἀφέξεσθαι
1253 2052 1352 2114 τῆς
1394 2045 1604 2119 χώρας,
1665 2041 1917 2114 εὐδαίμο-

247 2161 354 2200 νος
385 2137 574 2206 οὔσης,
609 2136 654 2191 εί
691 2137 767 2210 μὴ
801 2135 889 2191 ἐπὶ
928 2135 1235 2209 χρημάτων
1269 2133 1698 2191 πολυταλάντων
1749 2155 1913 2189 κατα-

250 2225 409 2302 ϐολῇ
435 2229 522 2284 καὶ
545 2227 934 2301 ἀπεμπολῆσει
958 2230 1066 2281 τῶν
1089 2247 1146 2280 τε
1172 2225 1386 2281 πόλεων
1409 2227 1497 2280 καὶ
1522 2231 1630 2280 τῶν
1650 2221 1918 2297 ἀνδραπό-

249 2318 392 2386 δων,
427 2319 526 2374 ὅσα
554 2323 634 2389 τῷ
660 2317 925 2390 πολεμεῖν
953 2315 1339 2386 ἐπεκτήσαντο.
1368 2315 1436 2372 Εἰ
1461 2312 1507 2370 δ’
1530 2315 1594 2372 οὐ
1621 2313 1914 2390 βούλεσθαι

245 2409 565 2482 Ῥωμαίους
628 2412 796 2463 ταῦτα
852 2401 1204 2476 καταϐαλεῖν,
1261 2404 1408 2460 ἀλλά
1488 2410 1584 2470 τῆς
1639 2405 1913 2481 Εὐρώπης

248 2504 454 2564 θᾶττον
481 2498 826 2578 ἀφίστασθαι,
860 2497 934 2559 ὡς
990 2499 1064 2570 μὴ
1120 2496 1509 2571 προσηκούσης
1563 2495 1774 2564 αὐτοῖς,
1823 2495 1914 2550 καὶ

246 2589 396 2660 πρὸς
437 2589 536 2656 τήν
595 2586 784 2643 Ἀσίαν
847 2584 1361 2658 μετασκευάζεσθαι·
1429 2583 1616 2646 ἄλλως
1673 2584 1772 2658 γὰρ
1835 2585 1911 2656 μὴ

246 2677 489 2742 οἳεσθαι.
544 2675 918 2752 Ταυροσκύθας
975 2674 1051 2736 εἰς
1105 2671 1360 2736 σπονδὰς·
1421 2672 1707 2748 Ῥωμαίων
1781 2676 1914 2745 ξυμ-

245 2763 546 2837 ϐήσεσθαι.
580 2790 608 2818 ››
665 2764 920 2835 Ἰωάννης
981 2761 1038 2818 δέ
1073 2765 1100 2818 ὁ
1142 2762 1518 2838 αὐτοκράτωρ,
1574 2761 1670 2823 τὰς
1726 2762 1915 2816 τοιαύ-

245 2877 357 2918 τας
416 2853 731 2929 ἀποκρίσεις
788 2859 885 2909 τοῦ
972 2853 1184 2917 Σγύθου
1247 2849 1555 2925 δεξάμενος,
1619 2851 1709 2906 καὶ
1762 2851 1915 2915 αὖθις

244 2951 380 3006 τοῖς
449 2941 996 3019 προαπεσταλμένοις
1052 2937 1334 3015 ἀμείϐεται
1419 2938 1564 2996 τάδε·
1634 2942 1802 3010 «Τὴν
1855 2939 1915 2995 ἐκ

247 3034 508 3109 πατέρων
542 3034 596 3098 ές
644 3035 792 3105 ἡμᾶς
855 3028 1112 3088 διαϐᾶσαν
1169 3031 1390 3108 εῖρήνην
1447 3026 1739 3101 ἀλώϐητον
1794 3031 1913 3094 καθ’

243 3122 325 3194 ἤν
361 3122 490 3183 Θεὸς
550 3121 911 3194 ἐμεσίτευσεν,
973 3121 1034 3175 οὐ
1097 3119 1206 3175 δεῖν
1265 3119 1494 3191 οἷόμεθα
1553 3117 1698 3174 λύειν
1762 3117 1914 3173 αὐτοί

241 3217 346 3270 ἅτε
393 3212 651 3287 πρόνοιαν
706 3211 840 3266 εἶναι
889 3211 1232 3273 πιστεύοντες
1279 3211 1379 3280 τὴν
1427 3210 1486 3265 τὸ
1531 3215 1634 3263 πᾶν
1687 3206 1908 3263 διεοθύ-

238 3323 469 3370 νουσαν,
531 3300 621 3355 καὶ
694 3301 759 3354 τὰ
842 3303 1174 3376 Χριστιανῶν
1252 3293 1642 3374 πρεσϐεύοντες
1723 3296 1906 3370 ἔθιμον

241 3393 355 3448 Διά
385 3394 553 3446 ταῦτα
587 3388 960 3465 εἶσηγούμεθά
987 3409 1046 3443 τε
1079 3389 1206 3461 ὑμῖν
1241 3387 1316 3451 ὡς
1369 3386 1582 3464 φίλοις,
1631 3386 1720 3442 καὶ
1771 3408 1912 3460 συμ-

237 3479 624 3552 ϐουλεύομεν,
657 3477 884 3551 ἐξαυτῆς
934 3477 1182 3548 ἀπαίρειν
1233 3485 1334 3546 τῆς
1385 3474 1552 3550 μηδέν
1600 3497 1650 3530 τι
1701 3497 1910 3549 προση-

236 3573 460 3639 κούσης
486 3571 674 3646 χώρας
708 3570 860 3643 ὑμῖν,
917 3570 1004 3624 καὶ
1074 3571 1149 3642 μή
1208 3566 1549 3640 διαμέλλειν,
1596 3564 1727 3640 μηδ’
1779 3567 1913 3621 ἀνα-

237 3663 497 3730 δύεσθαι,
539 3657 772 3726 εἷδότας,
834 3659 908 3721 ὡς
969 3659 1016 3713 εἱ
1080 3659 1153 3731 μή
1215 3659 1558 3718 καταπειθεῖς
1614 3656 1783 3731 ταύτῃ
1840 3660 1908 3729 τῇ

241 3748 576 3826 ὀνησιφόρῳ
601 3743 890 3820 ξυμϐουλῇ
917 3747 1176 3823 γένοισθε,
1212 3745 1322 3821 οὐχ
1377 3748 1546 3818 ἡμᾶς,
1603 3743 1795 3806 αὐτοὺς
1830 3741 1908 3815 δὲ,

239 3840 406 3896 λύειν
437 3837 530 3899 τὰς
568 3835 822 3892 ἀνέκαθεν
872 3836 1210 3900 συντεθείσας
1251 3833 1506 3896 σπονδάς.
1557 3836 1656 3891 Καὶ
1720 3836 1794 3906 μή
1848 3855 1911 3911 γε

238 3928 498 4000 δόξωμεν
565 3925 950 4002 μεγαλαύχους
1007 3927 1054 3963 ²⁸
1135 3926 1330 3987 ταύτας
1413 3925 1508 3986 τὰς
1596 3924 1912 3998 ἀποκρίσεις

237 4023 435 4075 ποιεῖν
472 4020 605 4089 (36).
640 4017 728 4072 Ἐν
773 4017 994 4090 Χριστῷ
1034 4016 1134 4090 γάρ
1189 4015 1485 4092 θαρῥοῦλεν
1533 4019 1612 4086 τῷ
1659 4013 1908 4086 ἀθανάτῳ

234 4111 387 4178 Θεῷ,
424 4107 519 4174 ὡς,
558 4105 603 4160 εἰ
668 4105 743 4178 μή
801 4113 903 4174 τῆς
951 4106 1142 4180 χώρας
1201 4103 1481 4174 ἀπέλθιτε,
1538 4104 1629 4158 καὶ
1689 4102 1909 4166 ἄκοντες

232 4198 374 4270 παρ’
409 4199 568 4269 ἡμῶν
607 4196 811 4265 ταύτης
863 4192 1266 4264 ἀπελαθήσεσθε
1313 4198 1442 4266 (37)’
1493 4194 1652 4266 οἶμαι
1697 4195 1800 4268 γάρ
1850 4213 1909 4248 σε

235 4288 326 4361 μή
364 4284 655 4354 λεληθέναι
685 4285 746 4338 τὸ
781 4287 864 4357 [Ρ.
900 4285 988 4360 65]
1019 4287 1116 4338 τοῦ
1149 4287 1244 4337 σοῦ
1277 4289 1524 4356 πταῖσμα
1556 4284 1760 4356 πατρὸς
1791 4283 1906 4356 Ἰγ-

228 4397 417 4454 γορος
444 4381 576 4450 (38),
613 4377 671 4437 ὅς
704 4396 761 4430 τε
801 4377 899 4439 τάς
956 4373 1212 4449 ἐνόρκους
1273 4370 1508 4435 σπονδάς
1568 4374 1714 4448 παρά
1771 4376 1904 4448 φαῦ-

2108 1149 2258 1206 105
2299 1153 2385 1204 10.
2419 1150 2928 1222 Sphendoslabus,
2963 1154 3270 1227 Bulgarica
3298 1157 3544 1215 victoria
3573 1160 3694 1217 ela-

2030 1243 2148 1304 tus,
2181 1244 2238 1292 et
2269 1238 2524 1295 barbara
2557 1241 2806 1297 audacia
2861 1259 3106 1315 magnos
3156 1245 3400 1316 spiritus
3449 1265 3694 1305 sumens

2027 1327 2177 1399 (jam
2210 1329 2370 1383 enim
2402 1329 2573 1384 ﬁrme
2605 1331 2909 1402 regionem
2956 1333 3237 1404 tenebat),
3279 1352 3414 1391 cum
3445 1337 3691 1395 timidos

2028 1417 2314 1489 Bulgaros
2343 1421 2746 1491 attonitosque
2761 1421 2942 1476 insita
2962 1423 3314 1480 crudelitate
3333 1427 3696 1494 reddidisset

2027 1511 2210 1578 (nam,
2236 1525 2370 1563 cum
2403 1510 2867 1582 Philippopolim
2891 1512 3048 1568 bello
3067 1515 3344 1585 cepisset,
3371 1517 3684 1573 hominum

2028 1596 2218 1651 millia
2242 1597 2446 1666 viginti
2473 1597 2532 1652 in
2549 1599 2766 1669 oppido
2781 1602 3352 1672 comprehensorum
3367 1606 3690 1661 crudeliter

2034 1700 2199 1739 more
2225 1684 2477 1740 barbaro
2502 1686 2654 1757 palis
2689 1689 2986 1744 sufﬁxisse
3015 1691 3254 1759 dicitur,
3289 1695 3699 1768 sicque,quos-

2026 1789 2261 1844 cunque
2287 1775 2360 1829 ad
2386 1775 2556 1829 illum
2579 1776 2738 1832 diem
2763 1779 3536 1844 restitissent,vehementer
3557 1803 3696 1857 per-

2025 1862 2223 1918 culsos
2246 1863 2305 1918 in
2330 1864 2699 1920 deditionem
2722 1869 3064 1938 accepisse),
3085 1872 3343 1941 superba
3366 1879 3423 1927 et
3441 1876 3691 1932 audacia

2024 1969 2311 2024 responsa
2343 1953 2549 2024 legatis
2608 1957 3012 2011 Romanorum
3071 1957 3273 2014 dedit:
3308 1983 3335 2010 ‹‹
3370 1965 3685 2033 Nunquam

2021 2041 2168 2108 fore,
2198 2047 2262 2095 ut
2282 2042 2521 2114 regione
2545 2043 2725 2097 fertili
2752 2061 2813 2099 se
2839 2045 3185 2112 abstineret,
3212 2049 3327 2104 nisi
3347 2058 3479 2121 post
3508 2068 3686 2124 gran-

2022 2131 2114 2185 dis
2128 2131 2396 2201 pecunim
2422 2132 3077 2205 pensionem,factaque
3095 2136 3507 2208 redemptione
3523 2142 3688 2212 oppi-

2022 2221 2233 2275 dorum
2251 2221 2682 2292 etcaptivorum
2699 2225 3164 2294 quotquotbello
3180 2229 3494 2298 cepissent.
3507 2232 3689 2296 Quam

2024 2310 2071 2364 si
2103 2310 2416 2381 pecuniam
2444 2312 2692 2366 Romani
2713 2313 2974 2382 pendere
2995 2315 3248 2383 nollent,
3277 2318 3420 2388 quin
3444 2319 3690 2375 decede-

2024 2403 2159 2453 rent
2181 2399 2341 2454 illico
2360 2416 2430 2455 ex
2452 2401 2776 2472 Europa,in
2801 2419 2976 2473 quam
2995 2404 3098 2475 jus
3117 2404 3684 2479 haberentnullum,

2022 2491 2083 2543 in
2110 2489 2309 2544 Asiam
2335 2491 2688 2544 transirent:
2719 2508 2841 2546 non
2874 2492 3049 2547 aliter
3069 2511 3198 2549 sese
3224 2501 3684 2566 putare,Russos

2021 2596 2156 2634 cum
2189 2579 2474 2635 Romanis
2505 2596 2711 2650 pacem
2735 2581 3015 2636 facturos.
3045 2607 3066 2635 ι
3095 2585 3354 2641 Joannes
3381 2591 3681 2660 Augustus

2019 2669 2120 2723 ubi
2153 2685 2187 2723 a
2212 2669 2428 2740 Scytha
2458 2670 2569 2724 hoc
2599 2687 2956 2742 responsum
2993 2673 3228 2739 tulerat,
3263 2693 3369 2747 per
3397 2679 3686 2736 remissos

2021 2757 2246 2830 legatos
2277 2759 2405 2813 haec
2436 2759 2774 2814 renuntiat:
2807 2781 2830 2811 α
2869 2763 3082 2816 Pacem
3127 2763 3253 2834 jam
3299 2782 3488 2836 usque
3514 2785 3548 2823 a
3577 2784 3685 2839 pa-

2020 2853 2176 2901 trum
2201 2852 2468 2917 tempore
2496 2848 2569 2902 ad
2591 2865 2701 2902 nos
2733 2849 3102 2919 perductam,
3139 2870 3439 2925 quamque
3473 2857 3683 2912 incon-

2020 2953 2254 2991 cussam
2279 2937 2615 2991 interventu
2646 2955 2750 2992 suo
2775 2939 2929 2995 Deus
2953 2945 3339 3011 conservavit,
3372 2946 3618 3001 minime
3651 2965 3686 3002 a

2022 3026 2196 3081 nobis
2227 3025 2588 3081 arbitramur
2620 3027 2859 3082 dissolvi
2894 3029 3109 3086 debere
3138 3048 3150 3085 :
3184 3033 3343 3102 quod
3384 3035 3685 3093 credimus

2019 3115 2450 3188 providentiam
2475 3132 2603 3171 esse
2622 3123 2836 3173 cuncta
2853 3117 3370 3177 administrantem
3384 3125 3684 3196 ,quodque

2024 3207 2496 3262 Christianorum
2543 3212 2763 3263 statuta
2817 3209 3191 3280 proﬁtemur.
3240 3214 3430 3278 Quare
3473 3217 3682 3273 suade-

2024 3314 2159 3352 mus
2191 3297 2447 3352 vobisut
2500 3297 2730 3363 amicis,
2793 3304 2851 3352 et
2901 3299 3230 3366 hortamur,
3289 3320 3318 3357 e
3379 3307 3684 3375 provincia

2023 3387 2374 3457 neutiquam
2421 3386 2496 3441 ad
2552 3404 2654 3441 vos
2739 3388 3076 3458 pertinente
3146 3391 3345 3446 statim
3431 3394 3682 3463 abeatis,

2027 3478 2157 3532 sine
2191 3477 2312 3532 ulla
2342 3494 2511 3532 mora
2558 3484 2661 3532 aut
2708 3480 3104 3546 recusatione,
3156 3484 3684 3553 persuasissimum

2023 3567 2334 3632 habentes,
2401 3567 2646 3622 salutari
2714 3569 2852 3623 huic
2904 3570 3154 3625 consilio
3216 3573 3263 3626 si
3323 3574 3522 3629 minus
3581 3593 3682 3633 vos

2023 3657 2422 3727 obsequentes
2453 3657 2864 3725 exhibueritis,
2914 3675 3033 3713 non
3092 3677 3221 3726 nos,
3257 3663 3360 3717 sed
3400 3667 3680 3721 vosmeti-

2021 3763 2179 3817 psos,
2242 3746 2480 3801 turbare
2537 3763 2744 3817 pacem
2833 3749 3162 3819 antiquitus
3234 3753 3372 3807 l06
3442 3755 3680 3811 confec-

2021 3842 2162 3891 tam.
2198 3839 2396 3906 Neque
2427 3837 2802 3909 arrogantius
2835 3838 2945 3892 hoc
2988 3855 3098 3894 nos
3136 3857 3492 3912 responsum
3543 3845 3678 3900 red-

2021 3927 2160 3980 dere
2187 3926 2517 3997 putandum
2548 3932 2657 3983 est.
2684 3929 2825 3982 Nam
2851 3928 2914 3982 in
2937 3928 3169 3984 Christo
3199 3931 3318 3986 Deo
3352 3932 3677 3990 immortali

2017 4014 2284 4069 futurum
2319 4031 2448 4069 esse
2479 4014 2858 4084 confidimus,
2897 4016 3004 4081 uti,
3054 4017 3169 4072 nisi
3203 4026 3413 4090 sponte
3463 4037 3533 4075 ex
3585 4039 3676 4077 re-

2017 4106 2190 4178 gione
2222 4103 2545 4172 decedatis,
2579 4104 2671 4159 vel
2694 4105 2873 4160 invidi
2900 4105 3039 4160 inde
3069 4123 3104 4161 a
3134 4107 3306 4162 nobis
3326 4109 3676 4180 ejiciamini.

2018 4197 2132 4250 Nec
2163 4201 2217 4250 te
2249 4195 2500 4249 oblitum
2533 4195 2805 4249 existimo
2855 4196 3042 4250 cladis
3091 4198 3276 4268 patris
3307 4200 3391 4252 tui
3424 4201 3673 4272 Ingoris,

2019 4285 2119 4356 qui
2145 4300 2303 4349 cum,
2321 4284 2554 4354 juratas
2581 4284 2884 4354 pactiones
2912 4301 3018 4354 pro
3065 4285 3254 4340 nihilo
3308 4293 3544 4357 putans,
3581 4288 3675 4344 in-

2017 4378 2176 4447 genti
2204 4377 2490 4444 apparatu
2523 4388 2855 4445 magnaque
2882 4371 3153 4428 lintrium
3185 4374 3237 4427 vi
3269 4374 3485 4430 infesta
3513 4378 3676 4432 navi-

1454 4525 1514 4580 C.
1559 4526 1622 4581 Β.
1663 4525 1850 4581 HASII
1887 4524 2448 4582 ANNOTATIONES.

311 4680 361 4716 ’5
389 4682 548 4738 Fort.
585 4677 976 4755 μεγαλαύχως.

224 4837 410 4902 nacti,
479 4835 679 4890 eadem
736 4851 925 4890 eorum
975 4833 1283 4904 plurimam
1333 4834 1598 4900 fecerunt,
1669 4832 1900 4897 nemini,
1930 4833 1976 4899 Ι)
2008 4829 2267 4884 obierunt
2287 4845 2311 4904 :_
2332 4827 2394 4882 in
2424 4827 2564 4882 alios
2595 4844 2823 4904 carcere
2839 4836 2890 4884 et
2919 4833 3067 4904 fame
3095 4835 3541 4904 animadversum
3570 4843 3670 4894 est.

226 4913 514 4980 quantum
545 4909 603 4960 in
633 4908 769 4976 ipsis
797 4905 932 4974 fuit,
965 4910 1271 4980 parcentes,
1302 4919 1480 4980 neque
1507 4905 1617 4973 ipsi
1664 4904 1901 4972 impera-

228 4976 367 5036 tori.
402 4978 534 5033 Inde
592 4984 859 5049 quotquot
912 4978 1207 5044 mortifera
1263 4976 1494 5049 vulnera
1550 4981 1896 5049 acceperant,

225 5051 496 5119 evestigio
519 5046 864 5105 excesserunt
889 5051 1038 5102 vita:
1070 5049 1169 5119 qui
1197 5063 1307 5102 non
1337 5048 1420 5102 ita
1445 5046 1656 5109 letalia,
1685 5049 1740 5101 in
1777 5046 1896 5119 loca

225 5118 519 5179 nemerosa
537 5137 592 5176 se
618 5121 990 5190 conjecerunt.
1019 5118 1126 5184 Qui
1153 5121 1266 5174 vivi
1287 5120 1442 5188 capti
1470 5121 1720 5188 fuerunt,
1746 5118 1896 5172 mille

226 5193 410 5250 modis
452 5194 853 5264 suppliciorum
906 5198 958 5246 et
1011 5193 1356 5264 cruciatuum
1414 5191 1726 5264 conflictati
1767 5195 1897 5264 sunt

271 5266 388 5320 uad
414 5259 709 5320 Dominum
737 5269 987 5319 nostrum
1023 5265 1209 5317 Jesum
1241 5262 1522 5317 Christum
1547 5263 1791 5332 ejurare,
1822 5259 1896 5314 ad

271 5284 388 5320 αοα
414 5284 709 5320 uommum
737 5284 987 5319 nosn'um
1023 5284 1209 5317 Jesum
1241 5284 1522 5317 onrtsmm
1547 5284 1791 5332 σαυππε,
1822 5284 1896 5314 uu

226 5284 673 5406 gcytharumque
696 5336 1106 5406 persuasionem
1137 5350 1190 5389 se
1228 5335 1482 5401 conferre
1532 5333 1761 5406 nollent.
1809 5333 1896 5386 Ita

227 5404 362 5465 cum
395 5407 457 5462 hi
485 5404 768 5477 urgerent,
801 5409 1041 5480 vimque
1072 5406 1348 5480 inferrent
1391 5410 1455 5480 ut
1501 5404 1691 5480 eadem
1729 5407 1895 5480 atque

226 5481 346 5552 ipsi
375 5476 640 5549 facerent,
677 5476 949 5549 abnegat?)
981 5478 1213 5552 Christo,
1260 5476 1353 5552 illi
1395 5477 1622 5544 fortiter
1673 5477 1891 5552 resiste.

227 5545 383 5614 rent,
438 5545 897 5622 afﬁrmarentq'ue
922 5565 990 5622 se
1032 5551 1174 5605 mori
1217 5547 1383 5603 malle
1437 5559 1604 5622 quam
1655 5545 1894 5622 prodere

221 5619 518 5695 pietatem»,
551 5625 708 5679 vario
737 5619 928 5692 generi
957 5622 1164 5695 acerbae
1186 5693 1192 5695 Α
1212 5619 1686 5695 mortisu’subjecti
1705 5625 1889 5695 __sunt.

227 5689 370 5775 giliis
408 5689 820 5775 gladio‘cvpita
862 5699 991 5750 sunt
1044 5691 1441 5775 apscisalfualii
1481 5689 1775 5775 suspendio
1799 5707 1894 5775 “ea;

227 5767 338 5823 hac
368 5760 486 5823 vita
515 5760 806 5823 exturEati
837 5783 851 5822 :
883 5764 1144 5822 nonnulli
1168 5763 1388 5836 sagittis
1433 5761 1635 5818 crebris
1687 5760 1893 5835 σθημί

2078 4903 2197 4977 (36)
2228 4901 2316 4954 Ad
2342 4915 2516 4977 _oram_
2547 4901 2827 4977 proposui
2865 4900 3253 4977 μεχαλαύχως·
3289 4907 3449 4976 quod
3503 4925 3533 4964 θ
3566 4910 3671 4966 Le.

2008 4972 2158 5027 xicis
2192 4971 2470 5049 egsulans
2503 4971 2718 5049 legitur
2750 4971 2984 5049 apud_S.
3014 4971 3398 5049 Hippolytum
3427 4981 3670 5036 Demon.

2011 5043 2285 5125 strat._de
2327 5043 2704 5125 A_ntechristo
2742 5046 2842 5125 141%
2901 5046 2961 5100 Β.
3003 5045 3056 5125 τί
3088 5043 3508 5125 ῖμεγαλαύχως-
3540 5049 3672 5125 βλα-

2007 5118 2248 5191 σφημεῖς
2279 5133 2292 5180 ;
2361 5119 2416 5168 E.
2472 5113 2704 5168 duobus
2755 5113 3139 5173 substantivis
3189 5113 3310 5175 non
3358 5113 3549 5193 inagis
3605 5124 3669 5179 in

2007 5189 2217 5238 Lexica
2249 5185 2452 5238 relatis
2485 5185 2740 5238 alterum
2767 5187 3211 5238 μεγαλαύνπσις-
3236 5191 3392 5238 nnnd
3421 5199 3511 5238 ost
3540 5193 3575 5238 i,
3605 5212 3642 5238 η

2007 5185 2217 5242 Lexica
2249 5185 2452 5241 relatis
2485 5185 2740 5240 alterum
2766 5187 3211 5262 μεγαΑαύχησις,
3236 5191 3394 5263 quod
3421 5185 3511 5248 est
3540 5193 3577 5247 i.
3605 5212 3664 5266 q.

2008 5254 2380 5330 μεγαλαυχία,
2407 5260 2713 5330 jactantia,
2748 5259 2928 5330 habet
2977 5263 3306 5318 Methodius
3356 5265 3432 5317 De
3479 5265 3665 5321 Cruce

2004 5327 2128 5387 500.
2165 5332 2204 5384 B
2261 5327 2515 5406 alterum
2551 5327 2984 5404 μεγαλαύχημα,
3018 5334 3200 5396 decus,
3243 5335 3314 5388 de
3363 5351 3478 5404 quo
3529 5337 3631 5406 qui

2002 5419 2308 5491 glorietur,
2339 5418 2510 5491 Philo
2542 5418 2622 5472 De
2654 5426 2938 5491 exsecrat.
2971 5422 3096 5476 724.
3132 5422 3194 5475 D.

2074 5491 2210 5566 (37)_
2243 5489 2500 5566 Imitatio
2533 5489 2820 5546 orationis
2851 5493 3252 5565 Nachoragani
3285 5495 3477 5548 Persae
3505 5495 3662 5566 apud

2004 5562 2316 5630 Agatbiam
2347 5563 2437 5616 96.
2469 5563 2535 5615 A.

2073 5634 2297 5708 (38)_De
2330 5634 2438 5687 hac
2469 5633 2699 5706 lngoris
2729 5633 2897 5690 clade
2930 5635 3086 5691 conf.
3143 5636 3534 5708 Luitprandus
3583 5638 3662 5692 De

2002 5704 2179 5759 rebus
2201 5705 2476 5775 imperat.
2513 5704 2571 5759 et
2599 5721 2718 5778 reg.
2764 5708 2853 5760 95.
2885 5707 2946 5763 Β.
