4118 6446
462 462 582 524 815

1854 456 2133 518 LEONIS
2175 457 2466 519 DlACON
2475 460 2502 519 Ι

3757 463 3884 524 816

466 596 703 668 gatione
733 593 977 665 petisset
1006 590 1273 663 reginam
1305 589 1569 656 urbium,
1593 591 1720 662 ipse
1777 589 2103 644 domestica

2233 585 2330 642 λον
2364 583 2610 661 θέμενος,
2645 588 2735 644 σὺν
2773 587 3000 664 μεγάλῳ
3028 591 3291 662 κινήματι
3335 589 3424 644 καὶ
3479 589 3701 666 μυρίοις
3750 591 3880 649 σκᾶ-

469 685 657 740 cladis
691 683 935 736 nuntius
967 681 1174 746 factus,
1211 695 1363 751 aegre
1395 696 1529 733 cum
1581 679 1868 734 naviculis
1919 677 2122 732 decem

470 773 544 828 ad
565 771 950 827 Cimmerium
981 771 1306 840 Bosporum
1339 774 1429 822 est
1482 785 1770 822 reversus.
1831 770 2123 822 Praetereo

469 862 808 917 luctuosum
824 861 952 932 ejus
976 859 1447 922 iuteritum,cum
1467 857 1623 912 bello
1639 857 1946 912 Germanis
1959 856 2123 910 illato

470 951 543 1005 ab
565 951 711 1022 ipsis
733 957 941 1020 captus
960 947 1149 1012 est,ad
1169 947 1569 1017 arborumque
1584 952 1826 1001 truncos
1848 946 2123 1018 alligatus

471 1059 537 1096 ac
559 1042 619 1095 in
643 1041 788 1095 duas
816 1044 1014 1110 partes
1040 1037 1392 1108 discerptus.
1423 1039 1622 1108 Neque
1647 1037 1923 1108 teipsum,
1951 1036 2123 1089 siRo-

471 1148 711 1187 manam
743 1136 1108 1185 armaturam
1166 1133 1376 1182 contra
1407 1134 1460 1182 te
1494 1127 1788 1199 proficisci
1838 1127 2122 1198 coegeris,

470 1221 717 1276 domum
748 1235 1124 1274 reversurum
1185 1232 1312 1271 esse
1373 1234 1525 1281 reor,
1579 1216 1680 1271 sed
1727 1216 1787 1270 in
1839 1216 1942 1270 illa
1995 1215 2124 1286 ipsa

470 1310 713 1382 regione
739 1325 857 1363 una
883 1325 1018 1362 cum
1050 1306 1330 1360 omnibus
1353 1306 1539 1376 c0piis
1563 1305 1824 1359 deletum
1849 1305 1918 1358 iri
1951 1303 2118 1370 adeo,

467 1403 533 1451 ut
564 1414 636 1452 ne
670 1413 790 1451 una
819 1395 1062 1466 quidem
1097 1394 1348 1467 ignifera
1379 1393 1544 1449 navis
1584 1395 1645 1448 in
1697 1394 1994 1464 Scythiam
2045 1393 2123 1446 sit

468 1487 767 1558 elapsura,
829 1501 959 1555 qua:
1020 1485 1180 1538 diros
1240 1500 1412 1538 casus
1471 1489 1697 1537 vestros
1780 1483 2032 1536 nuntiet.
2091 1505 2118 1531 ››

463 1574 972 1647 Sphendoslabus,
1007 1573 1412 1628 stomachatus
1445 1572 1546 1626 tali
1579 1588 1890 1642 responso,
1913 1571 2118 1626 barba-

458 1665 702 1734 ricoque
732 1664 930 1717 furore
958 1668 1135 1732 atque
1168 1661 1404 1715 insania
1435 1661 1736 1731 abreptus,
1765 1661 1844 1715 ita
1876 1678 2118 1731 respon-

459 1751 572 1805 dit:
597 1775 622 1799 «
651 1752 883 1806 Nullam
908 1749 1183 1820 equidem
1208 1748 1628 1804 necessitatem
1657 1747 1822 1802 video
1847 1749 2113 1819 impera-

454 1846 644 1894 torem
676 1843 1076 1894 Homanorum
1109 1843 1439 1909 cogentem,
1475 1842 1538 1892 ut
1585 1838 1658 1892 ad
1708 1855 1817 1892 nos
1871 1838 2112 1904 veniat;

2236 697 2355 753 φεσι
2389 677 2521 732 κατά
2566 685 2666 748 τῆς
2729 677 3128 754 βασιλευούσης
3187 677 3505 750 ἐκπλεύσας,
3570 681 3736 754 μόΛις
3787 682 3881 737 σὺν

2229 763 2355 820 δέκα
2382 762 2613 839 λέμϐοις
2667 766 2720 829 ές
2777 769 2869 822 τὸν
2929 769 3239 841 Κιμμέριον
3303 769 3526 845 ἀφικετο
3578 771 3882 842 Βόσπορον,

2229 856 2560 932 αὐτάγγελος
2615 859 2722 912 τῶν
2779 858 2993 912 οἰκείων
3075 860 3312 933 γεγονὼς
3370 865 3691 935 συμφορῶν,
3778 863 3878 920 Καὶ

2228 947 2467 1020 παρίημι
2527 949 2618 1001 τὸν
2682 949 2834 1011 αὖθις
2893 945 3161 1002 οἷ’κτιστον
3225 947 3392 1024 μόρον
3445 949 3671 1021 ἐκείνου,
3730 953 3880 1027 παρά

2225 1035 2351 1098 τοὺς
2412 1037 2723 1109 Γερμανοὺς
2799 1037 3303 1113 ἐκστρατεύσαντος,
3386 1040 3476 1093 καὶ
3548 1041 3687 1113 πρὸς
3737 1039 3882 1096 ἐκεί-

2226 1147 2331 1180 νων
2392 1126 2715 1206 ληφθέντος,
2775 1127 2864 1182 καὶ
2939 1133 3120 1207 φυτῶν
3202 1126 3488 1203 στελέχεσι
3547 1128 3873 1202 προσδεθέν-

2223 1237 2338 1283 τος,
2411 1216 2497 1269 καὶ
2558 1217 2633 1277 εἷς
2694 1213 2789 1271 δύο
2868 1214 3314 1289 διαμερισθέντας
3395 1219 3680 1290 τμήματα.
3767 1221 3874 1275 Καὶ

3005 1305 3058 1366 ὸς
3151 1306 3250 1372 τήν
3334 1307 3432 1374 σὴν
3520 1305 3868 1378 έπαναζεῦξαι

2223 1390 2479 1467 πατρίδα,
2542 1392 2594 1447 εἷ’
2643 1414 2707 1467 γε
2761 1395 2860 1460 τὴν
2919 1394 3241 1464 Ῥωμαϊκήν
3327 1396 3658 1469 παντευχίαν
3741 1396 3880 1450 κατᾶ

2223 1489 2320 1538 σοῦ
2374 1491 2580 1560 χωρεῖν
2637 1485 3011 1560 ἀναγκάσειας,
3082 1483 3208 1540 ἀλλ’
3296 1485 3485 1539 αὐτόθι
3572 1483 3883 1562 διαφθαρή-

2223 1575 2404 1628 σεσθαι
2471 1571 2751 1640 πανσυδεὶ,
2841 1575 2913 1635 ὡς
2996 1569 3136 1646 μηδὲ
3228 1573 3507 1650 πυρφόρον
3593 1573 3646 1636 ἐς
3732 1579 3882 1628 Σκυ-

2222 1663 2336 1726 θίαν
2371 1660 2672 1740 ἀφικέσθαι,
2724 1663 2818 1724 τάς
2880 1662 3258 1736 κατασχούσας
3319 1663 3457 1734 ὑμᾶς
3512 1661 3880 1724 ἀπευκταίους

2221 1752 2635 1829 ἀπαγγελοῦντα
2664 1751 2855 1827 τύχας.
2892 1775 2918 1803 n
2949 1753 3010 1808 Ὁ
3039 1749 3096 1806 δὲ
3129 1745 3566 1828 Σφενδοσλάϐος,
3615 1751 3702 1806 ἐπὶ
3753 1757 3876 1815 ταῖς

2215 1842 2491 1901 τοιαύταις
2524 1841 2840 1915 ἀποκρίσεσι
2901 1837 3255 1915 σχετλιάσας,
3312 1844 3381 1913 τῇ
3439 1861 3497 1894 τε
3553 1836 3872 1916 βαρϐαρικῇ

2227 1303 2284 1357 σέ
2339 1308 2468 1378 γοῦν
2530 1303 2628 1358 οὐκ
2687 1304 2842 1376 οἶμαι
2925 1305 3058 1376 πρὸς

2841 1575 2913 1635 ὡς

453 1938 816 2002 quaprOpter
838 1947 911 1984 ne
933 1929 1378 2000 defatigetur,in
1406 1930 1557 1983 hanc
1587 1935 1806 1984 terram
1834 1929 2103 2000 proﬁcis-

2220 1927 2384 2003 μανίᾳ
2441 1930 2531 1986 καὶ
2590 1931 2824 2002 ἀπονοίᾳ
2880 1930 3350 2004 παραφερόμενος,
3438 1928 3686 2000 ἀντέλεξε
3758 1951 3876 1984 τοι-

451 2036 622 2075 cens:
653 2036 912 2090 namque
938 2019 1048 2090 ipsi
1075 2035 1211 2072 mox
1235 2018 1307 2072 ad
1333 2018 1589 2089 Byzantii
1625 2025 1826 2089 portas
1853 2019 2110 2072 colloca-

451 2109 649 2164 bimus
683 2109 1090 2171 tabernacula,
1122 2108 1354 2161 munito
1384 2107 1534 2160 vallo
1554 2107 1762 2162 urbem
1779 2108 2106 2180 cingemus,

452 2202 649 2272 ipsum
671 2199 1160 2272 erumpentem,si
1176 2199 1368 2271 pergit
1392 2204 1571 2253 tantae
1598 2216 1879 2253 mrumnaa
1896 2199 2110 2266 obniti,

454 2291 689 2345 fortiter
711 2289 1394 2361 excipiemus,factisque
1419 2289 1561 2342 107
1586 2288 1729 2359 ipsis
1743 2289 2107 2355 docebimus,

454 2397 577 2436 non
598 2398 668 2435 ex
684 2380 826 2434 fasce
845 2379 1284 2433 sellulariorum
1299 2377 1697 2448 manibusque
1715 2378 2110 2432 victitantium

452 2486 563 2524 nos
590 2468 853 2532 esse,sed
876 2468 1030 2521 viros
1051 2466 1572 2538 sanguinis,armis
1587 2467 1788 2522 hostes
1804 2467 2110 2521 debellan-

451 2565 562 2624 tes;
580 2559 626 2612 si
649 2555 889 2628 quidem
910 2556 1020 2610 iste
1036 2572 1140 2626 per
1158 2554 1620 2625 imprudentiam
1642 2572 1709 2609 ex
1740 2555 2111 2610 mulierculis

450 2665 557 2718 per
586 2645 939 2701 umbracula
971 2645 1347 2700 latitantibus
1377 2645 1686 2698 Russicum
1715 2645 1896 2698 robur
1917 2646 2114 2699 existi-

446 2742 590 2802 mat,
626 2741 807 2804 utque
839 2734 1128 2788 lactentes
1163 2749 1379 2804 pueros
1412 2732 1590 2788 larvis
1623 2738 1825 2788 nescio
1868 2734 2106 2804 quibus,

443 2824 786 2895 hujusmodi
829 2840 936 2878 nos
970 2822 1148 2877 minis
1181 2829 1402 2876 terrere
1435 2827 1642 2876 tentat.
1679 2843 1707 2871 ››

441 2910 895 2990 ταγωνιζόμενοι’
953 2911 998 2964 εἰ
1057 2909 1146 2964 καὶ
1206 2909 1367 2970 αὐτὸς
1437 2909 1488 2978 ἐξ
1546 2909 1770 2984 ἀγνοίας
1830 2910 1966 2965 κατᾶ
2022 2913 2088 2967 τά
2145 2916 2573 2989 σκιατραφοῖητα
2631 2913 2828 2988 γύναια
2883 2913 2983 2979 τὴν

440 3002 564 3070 κήν,
622 3001 736 3070 καὶ,
792 2997 867 3060 ὥς
924 3020 1044 3054 τινα
1103 3001 1269 3069 νήπια
1329 2999 1609 3072 ὑπομάζια
1667 2999 2100 3073 μορμολυκείοις
2154 3003 2286 3074 τισὶ,
2345 3001 2565 3062 ταύταις
2624 3006 2744 3062 ταῖς
2801 3000 3075 3071 ἀπειλαῖς,
3134 3004 3282 3074 ἡμᾶς
3357 3007 3606 3075 πειρᾶται

441 3093 648 3146 τεσθαι.
685 3113 712 3140 ››

517 3213 602 3262 Η.
637 3210 985 3279 Imperator,
1019 3223 1153 3262 cum
1186 3207 1351 3262 illius
1380 3212 1500 3261 tam
1524 3221 1805 3261 vesanum
1839 3224 2098 3280 respon-
2140 3212 2182 3279 C

448 3314 579 3353 sum
604 3298 847 3352 auribus
872 3295 1670 3368 accepisset,intellexit,non
1694 3299 2097 3352 cunctandum

442 3403 592 3449 esse,
627 3386 731 3441 sed
763 3402 995 3440 summo
1021 3385 1214 3440 studio
1239 3385 1443 3440 omnia
1464 3384 1538 3440 ad
1562 3384 1786 3440 bellum
1812 3387 2095 3456 paranda,

438 3483 504 3532 ut
528 3477 690 3530 illius
717 3475 1082 3530 invasionem
1116 3474 1672 3544 prmveniret,eique
1696 3474 1921 3530 aditum
1946 3493 2095 3546 prm-

436 3565 706 3620 cluderet
735 3566 808 3620 ad
843 3565 1106 3636 reginam
1139 3563 1401 3618 urbium.
1448 3565 1656 3619 Statim
1691 3570 1884 3620 turma
1915 3582 2094 3637 gene-

433 3671 711 3710 rosorum
740 3654 1210 3709 adolescentium
1245 3653 1517 3723 eligitur:
1565 3653 1675 3706 hos
1725 3654 2094 3710 immortales

432 3745 744 3798 nominat:
780 3743 852 3796 ad
886 3743 1038 3796 latus
1098 3742 1208 3794 sibi
1260 3749 1476 3811 praesto
1531 3757 1659 3795 esse
1701 3742 1891 3813 jubet.
1945 3744 2091 3798 Dein

433 3831 776 3902 Magistrum
800 3831 1030 3884 militiaa
1059 3830 1329 3892 Bardam,
1355 3830 1448 3884 cui
1474 3829 1709 3884 Sclerus
1732 3848 2086 3902 cognomen,

433 3919 676 3974 fratrem
701 3919 914 3985 Mariae,
943 3937 1074 3990 quae
1098 3919 1440 3989 imperatori
1465 3925 1799 3990 nuptaante
1819 3921 2090 3976 decesse-

433 4016 545 4076 rat,
578 4011 766 4064 virum
816 4015 1125 4065 strenuum
1179 4009 1464 4081 singulari
1513 4009 1768 4063 virtute:
1816 4011 1977 4065 hunc
2034 4017 2092 4066 et

434 4101 674 4154 Petrum
699 4099 1168 4170 Patricium,jam
1184 4099 1560 4169 aNicephoro
1582 4103 1840 4168 Augusto
1864 4101 1938 4154 ob
1958 4101 2087 4171 ejus

431 4189 705 4244 virtutem
738 4189 1264 4260 pulcherrimaque
1297 4189 1356 4242 in
1383 4187 1558 4242 bellis
1617 4189 1776 4243 edita
1823 4189 2088 4245 facinora

429 4280 639 4334 castris
669 4279 1015 4350 praefectum
1057 4283 1241 4347 (nam,
1296 4294 1429 4332 cum
1484 4278 1723 4347 Scythia
1778 4279 2085 4333 Thraciam

429 4369 872 4425 incursantibus
902 4385 1038 4424 cum
1093 4368 1324 4440 legione
1375 4385 1483 4422 sua
1533 4369 1759 4434 Petrus,
1815 4371 2083 4439 quamvis

426 4458 702 4529 spado,se
727 4459 1068 4529 objecisset,
1102 4458 1453 4528 Scytharum
1478 4457 1614 4522 dux,
1639 4457 2081 4513 homoimmani

2222 2025 2374 2075 αὔτα*
2429 2045 2455 2070 ‹‹
2517 2017 2791 2091 Ούδεμίαν
2847 2020 3081 2095 ἀνάγκην
3135 2019 3227 2072 τὸν
3301 2018 3675 2094 αὐτοκράτορα
3733 2020 3873 2075 Ῥω·

2225 2110 2397 2183 μαίων
2433 2111 2506 2170 ὡς
2563 2111 2712 2181 ἡμᾶς
2763 2107 3047 2181 ἀφικέσθαι
3109 2109 3222 2181 ὁρῶ
3279 2107 3730 2180 κατεπείγουσαν⁶
3793 2106 3881 2164 διὸ

2226 2201 2301 2271 μή
2342 2199 2518 2272 κάμῃ,
2585 2199 2750 2272 μέχρι
2809 2194 2974 2266 τῆσδε
3030 2204 3130 2265 τῆς
3188 2204 3291 2272 γῆς
3353 2196 3686 2274 ἀφικόμενος
3741 2201 3877 2270 (39)·

2221 2289 2375 2343 αὐτοὶ
2403 2291 2507 2362 γὰρ
2538 2289 2662 2341 ὅσον
2692 2283 2844 2340 οὔπω
2875 2287 2980 2362 πρὸ
3023 2291 3131 2341 τῶν
3181 2291 3280 2341 τοῦ
3335 2285 3633 2355 Βυζαντίου
3686 2285 3878 2342 πυλῶν

2219 2377 2502 2448 πηξόμεθα
2530 2377 2627 2438 τὰς
2684 2377 2909 2444 σκηνάς,
2970 2375 3059 2430 καὶ
3117 2376 3379 2452 καρτερὸν
3437 2375 3652 2450 χάρακα
3706 2376 3881 2450 ταύτῃ

2219 2462 2648 2540 περιϐαλοῦμεν,
2710 2465 2916 2537 ἐξιόντα
2974 2487 3033 2520 τε
3091 2470 3305 2532 τοῦτον,
3342 2463 3394 2520 εἷ’
3417 2487 3474 2540 γε
3532 2465 3622 2520 καὶ
3679 2486 3884 2541 καρτε-

2221 2560 2374 2632 ρήσει
2435 2556 2568 2629 πρὸς
2621 2554 2897 2610 τοσούτων
2960 2555 3138 2608 πόνων
3173 2556 3218 2590 ²⁶
3249 2552 3692 2630 διαγωνίσασθαι,
3749 2577 3882 2630 γεν-

2217 2645 2381 2706 ναίως
2417 2642 2786 2717 ὑποδεξάμεθα
2820 2642 3104 2716 διδάξομέν
3155 2665 3210 2698 τε
3256 2649 3371 2706 τοῖς
3425 2643 3627 2720 ἔργοις,
3683 2645 3879 2710 αὐτοῖς

2219 2735 2294 2795 ὡς
2328 2734 2389 2788 ού
2421 2733 2677 2807 βάναυσοί
2711 2733 2754 2768 ³⁷
2784 2754 2925 2795 τινες
2987 2727 3481 2808 ἀποχειροϐίωτοι,
3534 2730 3661 2787 ἀλλ’
3710 2733 3876 2804 αἱμά-

2217 2846 2324 2878 των
2359 2821 2544 2898 ἂνδρες
2571 2824 2948 2896 τυγχάνομεν,
2976 2828 3094 2884 τοῖς
3127 2820 3321 2884 ὅπλοις
3354 2823 3414 2876 τὸ
3474 2819 3733 2893 δυσμενὲς
3775 2843 3872 2876 κα-

3076 2913 3376 2981 Ῥωσσικήν
3472 2913 3688 2986 ἡγεῖται
3771 2909 3839 2965 ἀλ
3851 2947 3874 2957 -

3697 2998 3873 3056 δεδίτ-

2281 3208 2368 3262 ια“.
2401 3206 2617 3260 Τούτων
2648 3209 2756 3260 τῶν
2784 3205 3234 3278 ἀπονενοημένων
3280 3210 3377 3261 τοῦ
3426 3205 3626 3270 ἐκεῖθεν
3675 3204 3860 3282 λόγων

2213 3297 2241 3351 ὁ
2277 3293 2535 3370 βασιλεὺς
2593 3291 2942 3368 διενηχηθεὶς
3002 3292 3139 3368 ἔγνω
3183 3295 3259 3368 μὴ
3317 3291 3663 3366 διαμέλλειν,
3716 3292 3868 3350 ἀλλὰ

2210 3387 2354 3450 πάση
2389 3381 2600 3456 σπουδῇ
2632 3383 2697 3438 τὰ
2723 3382 2775 3444 ές
2809 3385 2899 3438 τὸν
2953 3381 3200 3456 πόλεμον
3251 3383 3621 3458 ἐξαρτύεσθαι,
3671 3383 3745 3446 ὡς
3800 3381 3861 3438 ἄν

2210 3475 2542 3547 προτερήσοι
2573 3473 2673 3540 τήν
2735 3474 2871 3545 πρὸς
2918 3471 3121 3526 ἐκεῖνον
3171 3469 3371 3545 ἄφιξιν,
3423 3471 3754 3547 ἐπιτειχίσοι
3803 3493 3866 3527 τε

2207 3564 2386 3635 τούτῳ
2416 3563 2515 3630 τήν
2562 3562 2698 3617 κατὰ
2755 3566 2853 3626 τῆς
2917 3561 3315 3636 βασιλευούσης
3373 3562 3627 3618 ἐπίθεσιν.
3690 3561 3867 3624 Εὐθὺς

2208 3651 2299 3706 οὖν
2336 3651 2458 3720 ἴλην
2491 3650 2751 3726 γενναίων
2784 3651 2873 3706 καὶ
2904 3656 3164 3705 τεανικῶν
3211 3649 3420 3725 ἀνδρῶν
3479 3650 3865 3724 ἐκλεξάμενος,

2207 3740 2503 3795 ἀθανάτους
2533 3762 2593 3795 τε
2633 3739 2861 3802 τούτους
2918 3740 3320 3813 κατονομάσας,
3377 3741 3502 3813 περὶ
3565 3741 3722 3795 αὐτὸν
3782 3741 3865 3794 εἶ-

2205 3853 2289 3884 ναι
2323 3829 2736 3887 διεκελεύσατο.
2780 3832 3052 3887 Ἐντεῦθεν
3105 3832 3196 3885 τὸν
3253 3832 3562 3906 Μάγιστρον
3623 3827 3865 3906 Βάρδαν,

2205 3919 2251 3992 ᾧ
2284 3918 2539 3994 Σκληρὸς
2568 3923 2602 3989 ἡ
2637 3919 2950 3990 ἐπίκλησίς,
2994 3920 3268 3994 ὁμαίμονα
3319 3928 3419 3990 τῆς
3474 3919 3866 3995 ἀποιχομένης

2203 4011 2438 4084 Μαρίας,
2465 4014 2568 4075 τῆς
2621 4015 2718 4064 τοῦ
2773 4010 3027 4065 τοιούτου
3081 4008 3351 4085 βασιλέως
3405 4024 3684 4082 συνευνου,
3727 4032 3864 4084 τυγ-

2203 4099 2460 4172 χάνοντα,
2494 4097 2821 4173 δραστήριον
2880 4096 3045 4172 ἄνδρα
3091 4099 3179 4154 καὶ
3228 4101 3324 4169 τὴν
3376 4098 3552 4170 ἀλκὴν
3606 4100 3865 4176 γενναιό-

2199 4208 2381 4242 τατονο
2414 4188 2503 4242 καὶ
2533 4188 2622 4242 τὸν
2661 4189 2948 4263 Ιιατρίκιον
3011 4187 3236 4262 Πέτρον,
3285 4189 3377 4242 τὸν
3425 4188 3561 4261 πρὸς
3609 4192 3705 4242 τοῦ
3756 4187 3861 4243 αύ-

2197 4277 2528 4349 τοκράτορος
2585 4277 2907 4353 Νικηφύρου
2991 4275 3474 4353 στρατοπεδάρχην
3557 4297 3855 4353 προχειρι-

2202 4365 2390 4429 σθέντα
2422 4365 2510 4421 διά
2559 4387 2618 4421 τε
2662 4368 2762 4434 τὴν
2811 4371 3120 4442 προσοῦσαν
3174 4367 3320 4438 αὐτῷ
3367 4369 3586 4442 ἀρετὴν,
3637 4369 3724 4422 καὶ
3787 4369 3860 4423 τὰ

2198 4458 2333 4510 κατὰ
2361 4455 2489 4518 τοὺς
2521 4455 2802 4528 πολέμους
2827 4454 3134 4532 ἀνδραγαθή
3147 4477 3288 4528 ματα
3317 4457 3554 4531 (λέγεται
3586 4457 3688 4532 γάρ
3721 4478 3860 4513 ποτε

423 4565 693 4618 corpore,
728 4548 878 4602 bene
913 4547 1218 4614 loricatus,
1257 4546 1540 4601 trabalem
1575 4547 1806 4600 hastam
1843 4554 2079 4601 contor-

2213 4551 2422 4610 Σκυθῶν
2453 4549 2553 4616 τήν
2604 4546 2819 4621 Θρᾴκην
2877 4544 3361 4621 καταδραμόντων,
3419 4547 3535 4601 ἐπεὶ
3594 4547 3645 4618 ἐξ
3707 4548 3857 4602 ἀντι-

424 4652 634 4704 quens,
670 4636 729 4689 in
763 4635 1025 4691 medium
1058 4636 1214 4690 intra
1246 4634 1392 4689 duas
1423 4635 1582 4690 acies
1604 4653 1756 4706 equo
1786 4637 2083 4707 profectus

424 4722 497 4777 ad
531 4741 788 4795 pugnam
818 4741 1168 4794 provocasse
1200 4724 1438 4790 dicitur,
1475 4724 1592 4794 qui‘
1625 4741 1761 4779 cum
1810 4726 1962 4780 I08
2011 4742 2078 4779 eo

425 4813 704 4883 congredi
725 4813 928 4868 vellet:
959 4812 1440 4879 Petrum,robore
1453 4816 1757 4884 asSumpto
1774 4814 2078 4884 animique

425 4902 996 4972 magnitudinequm
1012 4903 1277 4956 omnium
1295 4904 1799 4973 exspectationem
1821 4903 2083 4958 vinceret

423 4991 753 5046 calcaribus
785 5008 934 5061 equo
967 4991 1181 5046 acriter
1211 4992 1466 5046 admotis
1500 4998 1558 5046 et
1610 4993 1818 5047 lancea
1847 4994 2080 5047 fortiter

420 5079 667 5145 vibrata,
701 5079 990 5134 ambabus
1018 5095 1148 5134 eam
1181 5080 1457 5134 manibus
1490 5081 1550 5134 in
1612 5080 1838 5152 Scythae
1871 5088 2077 5152 pectus

421 5170 688 5243 adegisse
714 5188 728 5239 ;
749 5169 950 5240 itaque
973 5169 1238 5224 validum
1261 5168 1446 5224 fuisse
1478 5170 1757 5238 ictum,ut
1779 5171 2076 5242 perforato

2192 4635 2372 4690 πάλου
2401 4637 2492 4689 τὸν
2533 4636 2756 4710 Πέτρον,
2789 4633 2966 4689 καίτοι
2997 4635 3194 4706 τομίαν
3225 4634 3375 4706 ὅννα,
3411 4636 3544 4708 μετὰ
3574 4640 3674 4691 τοῦ
3718 4658 3853 4690 συν-

2190 4724 2462 4794 επομένου
2516 4723 2736 4802 στίφους
2793 4719 3094 4793 ξυνέϐαινεν
3151 4724 3343 4786 αὑτοῖς
3415 4723 3850 4798 ἀντιτάττεσθαι,

2188 4815 2273 4886 [Ρ.
2309 4816 2400 4889 66]
2430 4813 2521 4867 τὸν
2554 4817 2659 4866 τῶν
2700 4814 2920 4866 Σκυθῶν
2967 4813 3119 4887 ἀγὸν,
3169 4813 3450 4889 πελώριον
3511 4812 3702 4890 ἄνδρα,
3751 4815 3849 4870 καὶ

2190 4902 2241 4963 ές
2274 4903 2336 4956 τὸ
2369 4901 2606 4979 ἀσφαλὲς
2654 4900 3147 4974 τεθωρακισμένον,
3201 4903 3348 4974 παρά
3394 4903 3456 4957 τὸ
3509 4905 3848 4978 μεταίχμιον

2187 4991 2600 5059 ἐξιππάσασθαι,
2656 4991 2846 5044 κοντὸν
2898 4990 3145 5063 ἐπιμήκη
3202 4989 3587 5066 κραδαίνοντα,
3672 5015 3844 5067 προσ-

2186 5078 2469 5134 καλεῖσθαί
2501 5080 2550 5115 ³⁸
2575 5101 2635 5134 τε
2689 5080 2780 5133 τὸν
2843 5075 3255 5154 βεϐουλημένον
3316 5083 3468 5154 αύτῷ
3527 5085 3848 5138 ἀντιτάττε-

2186 5170 2446 5234 σθαιοτὸν
2503 5167 2560 5224 δέ
2607 5171 2832 5245 Πέτρον,
2889 5168 3065 5240 ἀλκῆς
3117 5171 3205 5225 καὶ
3272 5169 3464 5244 μένους
3522 5173 3652 5249 παρ’
3711 5173 3851 5229 ὑπό-

1629 5375 1690 5431 C.
1714 5375 1777 5432 Β.
1801 5376 1989 5432 HASII
2019 5377 2584 5436 ANNOTATIONES.

480 5578 527 5612 ⁴⁶
558 5581 688 5653 Leg.
721 5582 978 5634 τοσοῦτον
1005 5577 1189 5636 κόνον.
1265 5577 1310 5613 ’⁷
1340 5578 1597 5635 κάναυσοι
1625 5579 1757 5638 cod.
1833 5580 1880 5616 "
1909 5582 2103 5639 Fort.1

2213 5579 2504 5648 ιαλεῖσθαί.

479 5764 588 5838 (39)
616 5765 874 5824 Zonaras
906 5765 1140 5839 ll._209,
1176 5767 1240 5825 D.
