4118 6478
351 462 468 524 817

1667 456 2066 520 ΗΙΞΤΟΒΙιΕ
2106 457 2258 518 LlB.
2307 458 2418 516 VI.

3661 450 3781 512 818

349 615 504 650 νοιαν
532 589 985 662 ὑποπλησθέντα,
1037 592 1131 645 τὸν
1183 587 1358 645 ’ίππον
1408 611 1466 646 τε
1530 587 1784 666 σφοδρῶς
1814 591 1992 663 κεντρί

2135 606 2381 660 corpore
2412 588 2612 659 cuspis
2642 587 2715 642 ad
2745 586 2988 642 dorsum
3020 585 3377 659 pervolaret,
3418 583 3615 639 hamis
3642 599 3786 637 con-

351 705 444 738 σαι
471 687 590 744 τοῖς
626 684 837 754 μυωψι,
871 679 961 735 καὶ
1009 679 1072 734 τὸ
1131 677 1262 756 δόρυ
1312 685 1588 754 κραταιῶς
1649 676 2022 752 διαγκυλησά-

358 792 545 845 μενον,
579 769 917 847 ἀμφοτέραις
965 765 1102 822 ὦσαι
1159 769 1294 823 κατά
1340 773 1438 824 τοῦ
1478 768 1700 842 στέρνου
1731 767 1821 822 τὸν
1885 766 2018 820 Σκύ-

353 872 477 931 θην·
552 859 694 914 οὕτω
781 856 839 931 δὲ
891 856 1139 933 γενέσθαι
1212 858 1312 927 τὴν
1372 858 1669 932 ἀντέρεισιν
1729 857 2015 930 καρτεράν,

352 947 428 1009 ὡς
462 947 846 1020 άντιτορῆσαι,
877 945 967 999 καὶ
1024 941 1323 1020 διαμπερὲς
1368 947 1506 1000 κατὰ
1561 965 1622 1000 το
1681 943 2012 1021 μετάφρενον

350 1033 646 1105 διαπτῆναι
671 1035 739 1102 ³9,
777 1036 853 1108 μή
887 1033 1222 1109 ἀντισχόντα
1275 1035 1366 1089 τὸν
1418 1031 1760 1090 ἁλυσιδωτὸν
1794 1032 2016 1106 θώρακα

347 1123 478 1180 ἀλλ’
512 1121 744 1180 ἄναυδον
796 1123 889 1179 τὸν
944 1121 1223 1198 πελώριον
1282 1123 1486 1178 ἐκεῖνον
1555 1128 2009 1198 προσαραχθῆναι

343 1215 416 1286 τῇ
451 1213 663 1290 γῆ·καὶ
717 1213 900 1285 τούτῳ
957 1211 1038 1282 τῷ
1068 1212 1238 1284 καινῷ
1296 1211 1387 1266 καὶ
1437 1212 1573 1284 ξένῳ
1621 1212 1854 1284 θεάματι
1911 1232 2010 1265 κα-

340 1300 698 1376 ταπλαγῆναί
727 1322 787 1357 τε
831 1301 963 1362 τοὺς
1024 1302 1256 1373 Σκύθας,
1307 1301 1398 1356 καὶ
1456 1301 1594 1377 πρὸς
1649 1301 1825 1376 φυγὴν
1883 1301 2008 1356 ἀπι-

342 1389 502 1466 δεῖν)·
532 1391 755 1454 τούτοις
783 1396 900 1453 τοῖς
949 1397 1276 1466 στρατηγοῖς
1334 1389 1703 1467 παρήγγειλεν
1764 1393 1792 1446 ὁ
1855 1391 2006 1466 βασι-

339 1483 489 1550 λεὺς,
522 1485 616 1546 τὰς
639 1479 896 1555 δυνάμεις
926 1481 1293 1559 ἀνειληφότας
1350 1480 1438 1536 ἐπὶ
1497 1483 1597 1551 τήν
1655 1480 1860 1557 ὅμορον
1916 1479 2006 1536 καί

341 1569 728 1650 ἀγχιτέρμονα
758 1577 858 1640 τῆς
890 1571 1103 1634 Μυσίας
1157 1566 1476 1626 διαϐαίνεινο
1531 1571 1646 1626 ἐκεῖ
1690 1591 1749 1626 τε
1799 1567 2008 1648 διαχει-

347 1663 562 1733 μάζειν,
594 1661 684 1716 καί
715 1661 1008 1736 γυμνάζειν
1039 1661 1140 1728 τὴν
1202 1661 1478 1736 στρατιάν,
1525 1659 1614 1715 καί
1672 1661 1763 1715 τὸν
1819 1664 2006 1738 χῶρον

339 1748 642 1823 περιέπειν,
675 1750 750 1812 ὡς
787 1751 862 1822 μή
899 1770 983 1810 τις
1013 1747 1096 1819 εἴη
1149 1749 1328 1822 τούτῳ
1361 1743 1520 1819 λώϐη
1556 1754 1676 1810 ταῖς
1705 1745 2002 1822 ἐκδρομαῖς

2134 685 2291 734 serta
2329 678 2514 733 lorica
2541 676 3002 747 haudquaquam
3036 675 3355 747 prohibita,
3383 672 3783 742 immanisque

2129 769 2318 824 hostis
2353 767 2520 822 nulla
2551 784 2688 822 voce
2721 767 2940 821 emissa
2984 765 3152 820 humi
3214 768 3585 818 sterneretur
3618 777 3631 815 :
3665 758 3781 832 quo

2128 875 2278 913 novo
2311 858 2582 928 miroque
2617 855 2954 928 spectaculo
2998 855 3236 909 territos
3295 852 3541 924 Scythas
3583 851 3783 923 fugam

2127 947 2480 1019 respexisse)
2517 962 2530 1000 :
2564 947 2672 1000 hos
2705 945 2884 1000 duces
2915 945 3240 1014 imperator
3261 941 3784 1014 jussitassumptis

2125 1037 2394 1092 numeris
2421 1036 2482 1090 in
2514 1036 2708 1090 vicina
2739 1039 2798 1089 et
2831 1034 3085 1088 ﬁnitima
3116 1031 3482 1087 descendere
3541 1031 3780 1094 Μαθθίου,

2125 1127 2316 1197 iisque
2350 1126 2412 1180 in
2440 1125 2587 1180 locis
2617 1125 2870 1179 hiberna
2911 1123 3270 1179 constituere
3298 1138 3310 1175 :
3372 1121 3573 1190 copias
3632 1119 3778 1174 dili-

2123 1222 2330 1288 genter
2351 1219 2715 1280 exercerent,
2746 1213 2981 1268 obirent
3012 1212 3333 1284 regionem,
3354 1228 3428 1265 ne
3453 1210 3594 1282 quid
3616 1210 3777 1265 cala-

2119 1309 2345 1364 mitatis
2378 1324 2447 1362 ex
2479 1310 2803 1362 Russorum
2832 1303 3276 1359 incursionibus
3306 1304 3602 1374 acciperet
3635 1318 3779 1372 :per

2121 1399 2409 1453 stationes
2443 1397 2651 1452 etloca
2679 1396 2940 1450 hostium
2975 1393 3131 1448 viros
3159 1399 3473 1462 utramque
3507 1392 3774 1463 linguam

2119 1487 2406 1542 callentes
2437 1486 2781 1540 emitterent
2811 1484 3082 1554 Scythico
3107 1499 3271 1537 more
3299 1481 3678 1551 vestitos,qui
3701 1480 3772 1534 de

2117 1593 2323 1631 eorum
2353 1575 2623 1630 consiliis
2655 1578 3103 1644 cognoscerent,
3131 1571 3288 1626 unde
3323 1588 3391 1626 ea
3421 1570 3777 1642 patefierent

2114 1663 2480 1736 imperatori.
2517 1661 2822 1735 Ejusmodi
2851 1660 3149 1716 mandatis
3181 1660 3252 1715 ab
3285 1660 3642 1731 imperatore
3671 1675 3772 1713 ac-

2115 1752 2322 1824 ceptis,
2355 1753 2648 1823 Europam
2692 1749 2868 1822 legati
2895 1748 3334 1821 ingrediuntur.

337 1844 450 1894 τῶν
479 1840 717 1894 Σκυθῶν·
750 1835 806 1900 ἐς
832 1859 890 1894 τε
931 1839 1026 1901 τὰς
1059 1836 1318 1901 ἐπαύλεις
1347 1838 1438 1894 καὶ
1466 1839 1534 1892 τά
1561 1835 1669 1909 ἤδη
1705 1838 1752 1876 ³ο
1779 1843 1886 1893 τῶν
1918 1836 2197 1914 δυσμενῶν
2229 1837 2569 1914 διγλώσσους
2610 1835 2807 1912 ἄνδρας
2839 1834 3135 1908 ἐκπέμπειν
3168 1835 3433 1900 Σκυθικὸν
3464 1837 3770 1914 ἤμπισχη-

343 1927 537 2001 μένους
567 1928 886 2002 ἱματισμὸν,
919 1928 992 1989 ὡς
1021 1926 1088 1982 τά
1117 1949 1265 2005 σφων
1296 1922 1590 1982 διαϐούλια
1610 1931 1804 2002 γνοῖεν,
1837 1928 1928 1982 καὶ
1964 1928 2182 2002 βασιλεῖ
2209 1932 2378 1984 ταῦτα
2409 1926 2706 2004 κατάφωρα
2736 1925 3030 2002 γίγνοιντο.
3053 1926 3162 1994 Τὴν
3190 1925 3451 1991 τοιαύτην
3485 1925 3576 1980 οὗν
3608 1925 3768 2002 φάσιν

343 2018 486 2094 πρὸς
517 2014 613 2073 τοῦ
647 2016 918 2092 βασιλέως
952 2015 1262 2094 εἰληφότες,
1297 2018 1396 2087 τήν
1427 2016 1697 2090 Εὐρώπην
1731 2013 2269 2090 καταλαμϐάνουσιν.

414 2135 504 2208 ιβ“.
537 2134 944 2208 Ταυροσοκύθαι
975 2131 1052 2203 δὲ,
1085 2135 1185 2203 τήν
1223 2134 1431 2189 τούτων
1467 2132 1845 2198 ένωτισθέντες
1869 2131 1986 2188 διά·
2023 2140 2070 2202 Β

330 2219 518 2291 ϐασιν,
572 2222 883 2297 ἀπόμοιραν
943 2229 1045 2293 τῆς
1127 2224 1389 2298 σφετέρας
1447 2228 1706 2299 στρατιᾶς
1796 2220 2006 2297 διαιρέ-

340 2333 559 2382 σαντες,
593 2312 806 2367 Οὕννων
840 2334 897 2368 τε
926 2311 1015 2367 καὶ
1067 2318 1262 2367 Μυσῶν
1317 2312 1534 2383 πλῆθος
1591 2313 1762 2388 ταύτῃ
1823 2333 2002 2387 προσ-

341 2402 733 2476 εταιρίσαντες,
821 2403 959 2457 κατὰ
1040 2403 1326 2476 Ῥωμαίων
1425 2407 1632 2481 χωρεῖν
1721 2401 2004 2475 έκπεπόμ-

333 2512 524 2565 φεσαν.
561 2491 724 2565 Ἀρτι
758 2488 815 2544 δὲ
850 2492 950 2560 τὴν
1012 2491 1222 2546 τούτων
1271 2489 1540 2561 ἐπηλυσιν
1599 2491 1626 2545 ὁ
1685 2489 2003 2567 Μάγιστρος

338 2577 562 2655 Βάρδας
591 2579 941 2654 αἰσθόμενος,
1000 2579 1088 2635 καὶ
1139 2579 1329 2644 ἄλλως
1383 2579 1621 2656 γενναῖός
1666 2601 1725 2635 τε
1778 2581 1870 2634 καὶ
1916 2578 2002 2653 ῥέ-

349 2691 488 2740 κτης
529 2671 824 2748 τυγχάνων
880 2669 1042 2744 ἀνὴρ,
1100 2668 1224 2725 τότε
1281 2666 1338 2723 δὲ
1393 2667 1648 2747 σφαδάζω
1707 2673 1865 2742 θυμῷ
1911 2667 2002 2721 καὶ

343 2759 543 2834 ῥώμης
578 2759 750 2831 ὁρμῃ,
785 2757 910 2819 τοὺς
963 2757 1098 2835 ἀμφ’
1130 2757 1292 2812 αὑτὸν
1350 2759 1393 2793 ⁸1
1445 2754 1686 2834 λογάδας
1747 2769 2002 2826 συνειλη-

334 2849 478 2926 φὼς,
511 2848 647 2920 πρὸς
706 2848 805 2916 τήν
866 2851 973 2902 τῶν
1031 2846 1280 2902 ἐναντίων
1333 2846 1592 2920 ἠπείγετο
1652 2843 1998 2920 συμπλοκήν.

332 2937 445 2994 Καὶ
502 2934 568 3006 δὴ
618 2937 879 3006 Ἰωάννην
939 2936 1031 2992 τὸν
1079 2934 1287 2993 Ἀλακᾶ
1364 2937 1475 3011 (40)
1535 2934 1870 3006 εἰσκαλέσας,
1927 2932 2003 2994 εἷς

347 3027 699 3095 κατασκοπὴν
758 3025 1097 3093 ἀπέστειλεν,
1155 3024 1422 3101 ἆνθρῆσαί
1474 3027 1520 3061 ⁸³
1574 3046 1632 3079 τε
1687 3024 1817 3086 τοὺς
1870 3022 2004 3078 Σκύ-

341 3128 437 3180 θας
471 3117 604 3190 (41),
636 3117 725 3170 καὶ
754 3117 816 3172 τὸ
849 3121 944 3171 τοῦ
976 3115 1223 3186 πλήθους
1259 3113 1465 3171 εἰκάσαι
1515 3115 1680 3170 ποσὸν
1717 3115 1850 3188 (42),
1909 3113 2000 3167 καὶ

329 3206 460 3260 καθ’
492 3206 552 3260 ὅν
584 3203 894 3274 αὐλίζοιντο
925 3205 1115 3273 τόπον,
1166 3203 1254 3259 καὶ
1316 3203 1346 3260 ὅ
1375 3227 1428 3260 τι
1481 3207 1793 3280 πράττοιεν
1849 3203 1998 3276 πέμ-

331 3317 457 3350 πειν
489 3315 548 3351 τε
577 3295 675 3362 τήν
702 3295 971 3369 ταχίστην
1008 3294 1083 3356 ὡς
1136 3294 1319 3362 αὐτὸν,
1371 3296 1459 3350 καὶ
1523 3298 1695 3350 πάντα
1745 3289 2000 3369 διαγγέλ-

331 3384 471 3453 λειν,
508 3385 582 3448 ὡς
609 3383 956 3455 συσκευόίσοι,
1009 3386 1100 3440 καὶ
1161 3385 1372 3455 έκτάξοι
1425 3387 1523 3454 τήν
1566 3386 1821 3461 στρατιάν
1861 3383 1999 3457 πρὸς

2176 2141 2262 2191 12.
2325 2135 2520 2200 Russi,
2573 2151 2708 2189 cum
2767 2133 2839 2188 de
2895 2149 3103 2188 eorum
3163 2132 3418 2188 transitu
3457 2130 3769 2186 audissent

2111 2231 2340 2297 partem
2373 2224 2684 2291 exercitus,
2716 2224 2808 2278 cui
2855 2224 3204 2277 Hunnorum
3262 2221 3770 2294 Bulgarorumque

2111 2315 2560 2370 multitudinem
2599 2299 3018 2384 adjunxeirant,
3049 2313 3111 2366 in
3166 2314 3464 2367 Romanos
3502 2311 3768 2382 praemit-

2111 2410 2264 2459 tunt.
2298 2403 2512 2459 Audito
2539 2419 2744 2458 eorum
2779 2401 3287 2468 adventu,Bardas
3319 2399 3770 2472 magistermili-

2111 2499 2258 2563 tum,
2292 2511 2426 2550 cum
2460 2499 2518 2548 et
2548 2493 2697 2548 alias
2730 2493 2920 2547 virum
2979 2497 3290 2546 strenuum
3340 2491 3672 2560 fortemque
3704 2505 3768 2543 se

2109 2583 2630 2652 exhibuisset,tum
2653 2582 2910 2656 maxime
2927 2597 2995 2636 ea
3008 2581 3317 2636 occasione
3336 2596 3552 2652 magno
3566 2579 3768 2634 animo

2108 2673 2456 2744 impetuque
2497 2673 2802 2733 incitatus,
2854 2675 3057 2726 coacto
3113 2671 3440 2725 electorum
3499 2669 3657 2724 circa
3705 2685 3767 2723 se

2109 2763 2543 2835 agmine,signa
2565 2762 2762 2827 movit,
2791 2762 2944 2817 1ου
2958 2766 3025 2816 ut
3046 2778 3180 2816 cum
3199 2760 3470 2816 hostibus
3492 2759 3772 2814 decerne-

2108 2854 2632 2923 ret.Joannemque
2651 2856 2689 2906 A
2703 2852 2830 2907 Iaca
2842 2851 3190 2907 advocatum
3213 2849 3559 2922 speculandi
3578 2849 3768 2922 gratia

2108 2959 2243 2998 cum
2278 2942 2578 2998 mandatis
2605 2941 2894 3012 praemisit
2929 2959 2941 2996 :
2993 2941 3332 2996 observaret
3381 2940 3647 3010 Scythas,
3689 2939 3764 2993 de

2109 3048 2314 3087 eorum
2346 3047 2597 3086 numero
2628 3031 3032 3098 conjecturam
3064 3029 3369 3088 faceret.et
3390 3044 3505 3098 quo
3536 3027 3597 3081 in
3629 3026 3759 3081 loco

2107 3120 2815 3192 consedissent,quidque
2846 3125 3128 3192 agerent:
3157 3119 3374 3191 quibus
3407 3118 3758 3189 perspectis,

2105 3213 2562 3283 mitteretquam
2575 3211 2888 3267 celerrime
2911 3211 2982 3266 ad
2997 3227 3332 3281 se,remque
3356 3225 3595 3264 omnem
3611 3225 3762 3263 nun-

2107 3303 2376 3368 tiaret,ut
2406 3304 2532 3373 ipse
2565 3301 2953 3357 conclamatis
2985 3302 3136 3356 vasis
3167 3306 3406 3373 pararet
3435 3301 3760 3355 exercitum

2105 3394 2178 3449 ad
2211 3394 2575 3449 conﬂictum.
2609 3394 2865 3448 Joannes
2896 3392 3218 3462 assumptis
3260 3391 3486 3458 electis,
3519 3389 3620 3461 qui
3653 3406 3755 3445 se-

333 3475 427 3530 τὸν
454 3472 724 3548 πόλεμον.
764 3475 1016 3544 Ἰωάννης
1077 3471 1156 3544 δὲ,
1215 3475 1344 3538 τοὺς
1397 3473 1697 3549 ἑπομένους
1749 3475 1988 3551 λογάδας

2110 3483 2748 3555 quebantur,celeriter
2777 3482 2850 3538 ad
2884 3483 3127 3554 Scythas
3158 3481 3495 3552 adequitat:
3539 3481 3756 3553 postri-

333 3563 673 3640 ἀνειληφὼς,
707 3563 844 3618 κατᾶ
873 3563 1045 3638 τάχος
1102 3561 1186 3618 ἐπί
1247 3565 1374 3622 τοὺς
1428 3564 1634 3625 Σκύθας
1690 3566 1986 3622 ἱππάσατοο

333 3657 403 3727 τῇ
465 3650 521 3707 δὲ
571 3652 826 3725 ὑστεραίᾳ
883 3653 1028 3727 παρὰ
1081 3652 1170 3707 τὸν
1228 3653 1541 3728 Μάγιστρον
1597 3652 1839 3725 στέλλει,
1872 3655 1992 3711 ἐπι-

337 3740 584 3798 σπεύδων
617 3747 810 3798 τοῦτον
843 3743 1051 3806 ἱκέσθαι
1087 3740 1222 3815 μετὰ
1250 3739 1346 3796 τοῦ
1377 3741 1651 3813 πλήθους·
1688 3745 1765 3816 μή
1798 3745 1989 3821 πόρρω

332 3834 464 3910 γὰρ,
496 3830 626 3888 ἀλλ’
656 3831 903 3910 ἐγγύθεν,
937 3831 1065 3893 τοὺς
1099 3832 1310 3896 Σκύθας
1363 3830 1674 3901 αὐλίζεσθαι
1737 3835 1869 3909 (43).
1926 3836 1988 3892 Ὁ

332 3920 411 3989 δὲ,
447 3926 551 3977 τῶν
585 3921 851 3977 τοιούτων
911 3919 1094 3998 λόγων
1157 3918 1465 3991 διακούσας,
1516 3923 1683 3997 τριχῆ
1738 3920 1988 3994 διατάξας

328 4011 430 4080 τήν
484 4008 764 4087 φάλαγγα,
825 4013 892 4082 τῇ
953 4009 1046 4084 μὲν
1109 4007 1398 4082 ἐφέπεσθαι
1455 4011 1802 4088 παρήγγειλε
1853 4012 1991 4068 κατὰ

332 4099 612 4172 μέτωπον,
654 4104 776 4160 ταῖς
808 4095 864 4152 δὲ
893 4098 1032 4154 κατά
1061 4097 1192 4160 τοὺς
1250 4097 1568 4174 ἐγκαρσίους
1627 4099 1986 4180 προλοχίζειν

329 4187 594 4265 δρυμούς·
629 4190 709 4262 [Ρ.
763 4191 853 4262 67]
889 4192 1187 4257 τηνικαῦτα
1219 4185 1275 4243 δὲ
1305 4191 1404 4253 τῆς
1440 4187 1651 4264 ἐνέδρας
1709 4187 1988 4262 διεκθέειν,

330 4280 571 4348 ὁπηνίκα
600 4285 700 4348 τῆς
731 4277 1064 4355 σάλπιγγος,
1095 4277 1158 4333 τὸ
1191 4276 1438 4333 ἐνυάλιον
1487 4277 1832 4358 ἐπηχούσης,
1869 4278 1988 4336 δια-

1101 4365 1369 4446 λοχαγεῖς
1419 4368 1987 4443 παρακελευσάμενος,

329 4457 468 4513 κατά
497 4457 674 4532 στόμα
705 4462 822 4521 τοῖς
847 4457 1080 4520 Σκύθαις
1134 4455 1410 4530 ἀντεπῄει,
1461 4463 1729 4532 κραταιῶς
1784 4456 1987 4536 διαγω-

327 4547 638 4620 νιζόμενος.
675 4542 1059 4604 Ἐπλεονέκτει
1091 4543 1147 4600 δὲ
1175 4547 1381 4615 πλήθει
1428 4546 1492 4600 τὸ
1541 4548 1851 4622 στράτευμα
1881 4553 1988 4605 τῶν

327 4635 584 4692 ἐναντίων
621 4635 753 4710 ὑπὲρ
786 4637 913 4698 τοὺς
943 4636 1307 4712 τρισμυρίους
1366 4640 1584 4690 τελοῦν·
1629 4638 1684 4691 οἱ
1743 4638 1847 4714 γάρ
1909 4644 1990 4713 τῷ

330 4369 602 4423 κούσαιεν.
659 4371 842 4425 Ταῦτα
896 4371 1013 4428 τοῖς

2104 3572 2197 3627 die
2230 3574 2358 3644 ejus
2387 3571 2502 3627 diei
2531 3573 2602 3627 ad
2631 3573 2968 3644 Magistrum
3003 3572 3261 3626 militum
3291 3571 3474 3625 mittit
3507 3589 3519 3626 :
3554 3571 3752 3626 horta-

2101 3666 2234 3716 tur:
2270 3661 2478 3717 Veniat
2507 3678 2639 3717 cum
2672 3662 2724 3716 vi
2748 3661 2930 3728 belli;
2965 3679 3084 3716 non
3115 3661 3288 3733 longe
3347 3660 3554 3715 abesse
3600 3660 3752 3715 Rus-

2102 3769 2198 3806 sos
2225 3768 2237 3807 :
2271 3751 2548 3822 proprius
2579 3756 2776 3806 castra
2805 3750 3043 3806 habere.
3069 3750 3292 3816 Quibus
3322 3750 3560 3812 auditis,
3585 3764 3749 3805 exer-

2100 3842 2285 3896 citum
2321 3841 2656 3912 tripertitur
2686 3841 2906 3897 Bardas
2941 3858 2954 3895 :
3013 3846 3243 3912 partem
3283 3838 3480 3895 medio
3537 3840 3752 3894 itinere

2101 3931 2269 4001 sequi
2293 3947 2354 3986 se
2383 3931 2577 4002 jubet,
2627 3931 2772 3986 duas
2821 3931 3040 3987 alteras
3071 3947 3178 4002 per
3229 3947 3478 3985 nemora
3506 3947 3541 3985 a
3568 3929 3754 3984 latere

2099 4020 2332 4092 objecta
2371 4020 2528 4075 locat
2578 4038 2590 4074 :
2635 4020 2833 4087 edicit,
2889 4037 2957 4075 ex
3005 4019 3241 4075 insidiis
3301 4025 3639 4091 erumpant,
3683 4018 3760 4073 si-

2100 4107 2226 4162 mul
2257 4124 2324 4162 ac
2356 4108 2534 4176 tubas,
2568 4108 2886 4164 classicum
2920 4108 3212 4176 canentis,
3247 4109 3508 4163 sonitum
3549 4108 3754 4165 audis-

2100 4202 2253 4252 sent.
2317 4199 2456 4263 Quaa
2509 4215 2644 4253 cum
2703 4198 2962 4254 tribunis
3050 4197 3412 4264 mandasset,
3488 4202 3649 4253 recta
3693 4199 3756 4254 in

2099 4289 2318 4342 Russos
2348 4287 2541 4342 vadit:
2576 4287 2807 4342 fortiter
2829 4287 3100 4358 praelium
3133 4287 3460 4341 committit.
3493 4286 3752 4357 Supera-

2101 4375 2200 4430 bat
2227 4376 2613 4431 multitudine
2646 4376 2880 4430 hostilis
2923 4375 3216 4430 exercitus
3250 4391 3263 4441 ;
3296 4375 3515 4446 quippe
3542 4375 3602 4428 in
3635 4392 3753 4446 quo

2101 4481 2281 4535 supra
2305 4464 2548 4536 triginta
2597 4465 2787 4519 millia
2825 4464 3182 4519 bellatorum
3232 4469 3694 4518 numerarentur
3734 4481 3748 4519 :

2101 4554 2304 4609 Bardas
2337 4555 2581 4621 milites,
2616 4571 2751 4610 cum
2775 4555 2867 4608 bis
2895 4553 2994 4625 qui
3023 4554 3086 4608 in
3118 4553 3356 4608 insidiis
3387 4553 3753 4617 latebant,ad

2102 4643 2300 4698 decies
2332 4644 2500 4698 mille
2532 4651 2720 4708 erant,
2756 4661 2867 4700 nec
2913 4643 3190 4715 amplius.
3242 4644 3370 4698 1am
3419 4644 3576 4699 inter
3605 4643 3754 4700 duas

1539 4793 1599 4846 C.
1641 4792 1704 4847 B.
1749 4793 1937 4848 HASII
1982 4796 2535 4852 ANNOTATIONES.

401 4966 447 5002 ²⁹
478 4962 800 5048 διιξιῃῆναι.Δ
823 4966 904 5048 Eg
935 4963 1313 5048 Iliad.‘E..9‘9.
1346 4963 1395 4999 ³ο
1423 4960 1554 5048 ἤθηζ
1590 4968 1788 5048 Rossis
1817 4986 1998 5048 ‘quoqi

2110 4971 2354 5029 scribere
2387 4973 2481 5028 hic
2511 4969 2726 5045 πλήθη,
2761 4974 2920 5048 quod
2965 4983 3056 5032 est
3113 4977 3269 5036 infra
3310 4981 3376 5036 D.
3416 4980 3582 5037 linJ.
3655 4980 3756 5037 Ta-

328 5055 468 5095 men
496 5039 650 5094 nihil
682 5038 924 5093 mutavi.
955 5036 998 5071 ³¹
1032 5035 1122 5112 ἀφ’
1152 5035 1312 5089 αὐτὸν
1343 5037 1473 5093 cod.
1506 5037 1555 5074 ³2
1579 5035 1987 5110 ἀθροῖσαίέοιὶῖ

398 5201 508 5263 (401
541 5198 842 5271 Cedrenus
875 5198 968 5271 ᾼΙΙ.
1019 5197 1142 5271 66‘I_.
1201 5197 1293 5271 C._
1333 5192 1651 5271 ’ᾼλακασέι
1687 5200 1980 5271 νδογὶὶιιεε
2018 5204 2059 5267 [)

329 5288 439 5324 ms.
475 5267 836 5342 fAlaxaccéa.
871 5269 926 5342 Is
957 5267 1228 5338 quasdam
1263 5267 1335 5322 de
1368 5269 1479 5323 hoc
1528 5270 1734 5339 praelio
1779 5267 1979 5342 '(quod

329 5341 618 5397 accidisse
648 5341 880 5396 videtur
911 5341 971 5394 in
1005 5346 1292 5395 autumno
1325 5357 1376 5394 a.
1439 5343 1586 5406 9‘70.)
1645 5359 1714 5396 ex
1784 5341 1976 5399 Leone

328 5413 546 5472 hausit.
578 5413 697 5469 alia
728 5429 795 5467 ex
830 5413 990 5466 fonte
1048 5411 1270 5476 ignoto.
1321 5412 1520 5466 Mendi
1562 5414 1844 5469 editionis
1874 5420 1980 5471 Ce-

327 5484 495 5540 dren.
531 5487 598 5551 ΙΙ,
633 5488 756 5540 667.
785 5485 892 5538 lin.
927 5485 958 5536 8
1013 5479 1166 5535 ἐνδόν
1198 5483 1417 5551 τελεία)
1445 5487 1564 5544 τοῖς
1615 5481 1816 5546 ἵπποις
1855 5485 1982 5546 τοὺς

328 5555 615 5634 χαλινούς3
647 5556 841 5634 facilis
872 5553 1173 5634 medicina
1199 5571 1211 5607 :
1259 5550 1653 5634 ἐνδόντας-τοίς
1682 5553 1810 5634 ’ίΣ-τ.
1846 5577 1904 5634 χ.

352 5623 505 5702 Ϊ(41›
557 5629 651 5683 Sic
672 5701 685 5702 η
716 5627 958 5702 mutavi
999 5626 1356 5702 scripturam
1413 5627 1646 5683 Codicis
1704 5623 1932 5702 άθροῗσα
1965 5671 1978 5684 .

330 5697 517 5772 Supra
549 5705 632 5755 H.
669 5701 730 5756 Β.
771 5697 1164 5772 περιαθρησξας,

400 5769 514 5845 (42)
540 5769 852 5844 Expressit
871 5769 1186 5842 Agathiam
1217 5769 1305 5822 58.
1341 5769 1401 5823 C.

2164 5203 2276 5273 (43)
2297 5204 2564 5277 Nemque
2582 5203 2654 5258 ad
2672 5204 3481 5277 Arcadiopolim.auctoribus
3503 5207 3750 5277 Scylitza

2095 5273 2349 5328 Historia
2378 5273 2516 5347 msi,
2547 5282 2605 5330 et
2632 5276 2899 5347 Cedreno
2929 5273 3002 5331 ll.
3035 5280 3159 5333 666.
3191 5280 3232 5332 D
3290 5277 3466 5347 ἀγχοῦ
3500 5273 3603 5330 που
3635 5281 3744 5330 τῶν

2086 5349 2290 5420 τειχῶν
2326 5345 2998 5420 Ἀρκαδιουπόλειυς,ᾳυω
3034 5356 3156 5404 erat
3179 5342 3464 5420 oppidum
3487 5350 3747 5404 vicinum

2099 5417 2457 5490 Druziparaa,
2490 5419 2687 5473 medio
2729 5417 2943 5474 itinere
3000 5420 3158 5474 inter
3206 5417 3654 5490 AdrianOpolim
3691 5427 3750 5476 et

2096 5488 2438 5545 Heracleam
2476 5491 2632 5546 :vid.
2666 5492 2737 5545 Le
2795 5492 2986 5556 Quien
3039 5492 3262 5546 Orient.
3322 5488 3638 5548 Christian.
3701 5495 3744 5548 Ι.

2096 5561 2250 5634 1-136.
2279 5563 2338 5618 Β.
2375 5563 2687 5632 Xylander,
2716 5579 2890 5632 prope
2919 5561 3514 5634 murosiAdrianopolis
3546 5581 3564 5618 :
3589 5564 3747 5634 quod

2092 5631 2256 5758 :ecslt
2285 5631 2432 5690 vera,
2448 5634 2645 5702 lectio,
2681 5631 2840 5689 certe
2871 5635 3072 5688 Graeca
3098 5633 3356 5688 fuissent
3376 5631 3561 5704 aeque
3606 5631 3744 5691 inu-

2154 5719 2192 5757 n
2239 5719 2291 5758 a.

2154 5719 2291 5758 naa.
