4118 6430
384 416 506 478 819

1766 412 2060 474 LEONIS
2101 410 2419 474 DIACONI

3682 401 3807 462 820

389 548 549 603 acies
579 546 850 604 cominus
878 561 975 601 res
1004 545 1506 617 gerebatur,ceede
1527 545 1839 600 fortiorum
1864 544 2037 611 facta,

2155 540 2457 618 Μαγίστρῳ
2485 542 2931 619 συνεφεπόμενοι,
2969 538 3104 613 μετᾶ
3151 541 3258 592 τῶν
3289 532 3506 612 λόχων,
3541 531 3605 586 οὐ
3630 530 3809 619 πλέο-

389 653 523 692 cum
552 639 877 692 Bussorum
909 634 1127 705 aliquis
1159 636 1266 697 (sic
1298 635 1456 691 fama
1487 634 1803 706 perhibet),
1823 633 2046 688 viribus

388 726 779 795 vastitateque
802 724 1068 795 corporis
1100 724 1537 792 fisus,admisso
1570 740 1724 795 equo
1756 740 1825 777 ex
1849 729 2047 778 turma

391 831 501 870 sua
527 830 908 887 procurrens,
942 815 1170 885 impetu
1210 815 1271 869 in
1329 814 1581 869 Bardam
1625 814 1779 868 facto
1811 812 2043 885 galeam

392 904 523 975 ejus
554 903 751 977 gladio
774 903 947 957 ferit:
982 903 1087 959 sed
1116 905 1314 959 inanis
1346 903 1539 958 evadit
1560 901 2043 962 ictus.laminain

387 993 617 1049 casside
654 993 808 1048 no
832 998 1053 1058 retusa,
1088 999 1146 1049 et
1168 993 1240 1048 ob
1269 995 1399 1065 ejus
1426 992 1705 1047 duritiem
1737 992 1855 1045 alia
1876 996 2043 1062 parte

388 1082 723 1138 delabente.
752 1086 826 1137 At
853 1083 1278 1138 Constantinus
1296 1100 1326 1138 e
1358 1083 1744 1154 patriciorum
1766 1096 2040 1148 numero,

390 1172 595 1227 Bardaa
625 1172 828 1235 frater,
850 1172 976 1243 jam
1001 1173 1194 1243 prima
1250 1172 1530 1245 languine
1559 1170 1749 1226 malas
1778 1169 2041 1235 fuscans,

388 1260 597 1330 grandi
626 1278 874 1332 corpore
897 1261 1635 1332 adolescens,viribusque,
1660 1260 1713 1313 vi
1738 1266 1795 1313 et
1816 1259 2042 1330 impetu

387 1350 590 1405 omnia
612 1350 879 1415 vincens,
903 1352 1108 1405 stricto
1142 1368 1427 1406 mucrone
1456 1350 1678 1405 invadit
1722 1349 2037 1421 Scytbam:

385 1439 461 1507 is,
490 1438 655 1494 illius
685 1439 919 1511 plagam
952 1442 1365 1507 extimescens,
1419 1453 1667 1511 corpore
1716 1438 1789 1493 ad
1834 1437 2041 1493 clunes

384 1530 523 1600 equi
557 1530 925 1601 resupinato,
960 1530 1101 1586 vitat
1157 1531 1365 1586 ictum.
1427 1531 1591 1585 Hunc
1650 1545 1838 1599 equus
1887 1527 2040 1582 collo

384 1618 622 1689 accipit,
658 1618 816 1689 quod
848 1624 1037 1674 totum
1087 1626 1427 1675 resecatur:
1465 1619 1702 1690 Scytha,
1733 1633 1855 1672 una
1904 1633 2040 1672 cum

384 1725 539 1778 equo
565 1708 731 1764 humi
762 1726 964 1776 ruens,
994 1726 1029 1765 a
1058 1710 1449 1766 Constantino
1481 1709 1821 1765 conficitur.

2154 652 2241 694 νες
2266 636 2374 685 τῶν
2413 618 2632 705 μυρίων
2664 629 2968 708 ἐτύγχανον
3003 629 3136 701 (44).
3198 628 3314 695 Τῆς
3358 620 3416 678 δὲ
3473 618 3806 694 συμπλοκῆς

2156 722 2461 799 γενομένης
2517 722 2646 797 παρ’
2699 719 3048 799 ἀμφοτέρων,
3103 715 3327 771 ἔπιπτον
3384 714 3436 767 οἱ
3488 710 3809 799 νεανικώτε-

2156 798 2261 885 ροι.
2314 811 2575 865 Ἐνταῦθα
2632 806 2698 879 δή
2760 798 2979 885 λέγεται
3040 812 3147 863 τῶν
3210 825 3331 859 τινα
3375 805 3600 865 Σκυθῶν
3656 798 3803 873 ἀλκῇ

2152 902 2243 954 καὶ
2293 900 2547 973 σώματος
2601 895 2752 976 ὄγκῳ
2825 896 3224 973 γαυρούμενον,
3280 900 3382 963 τῆς
3436 890 3576 966 ἀμφ’
3635 888 3800 944 αὐτὸν

2152 988 2512 1063 ἀποκριθέντα
2541 974 2825 1067 φάλαγγος
2862 985 3180 1057 ἐξιππεῦσαί
3238 1005 3296 1040 τε
3339 982 3429 1037 καὶ
3487 985 3567 1053 τῷ
3625 974 3803 1053 Βάρδᾳ

2151 1075 2498 1153 ἐπιδραμεῖν,
2529 1077 2792 1151 καὶξίφει
2848 1080 3042 1131 τοῦτον
3098 1071 3306 1144 πλῆξαι
3361 1071 3499 1126 κατά
3547 1076 3647 1137 τῆς
3702 1067 3800 1122 κό-

2153 1178 2338 1242 ρυθος·
2368 1169 2531 1237 κενὴν
2567 1164 2624 1221 δὲ
2650 1162 2896 1244 γενέσθαι
2928 1166 3028 1234 τῆν
3084 1168 3181 1219 τοῦ
3233 1163 3419 1241 ξίφους
3474 1158 3804 1237 καταφορὰν,

2151 1262 2250 1312 τοῦ
2282 1256 2473 1331 ἀθέρος
2502 1254 2981 1332 ἀναγναμφθέντος
3039 1256 3109 1327 τῇ
3157 1254 3317 1324 κυνῇ,
3365 1249 3454 1305 καὶ
3515 1244 3806 1323 ἀλλαχόσε

2151 1350 2220 1421 τῇ
2250 1345 2456 1416 ταύτης
2502 1345 2861 1422 στεγανότητι
2918 1340 3444 1418 περιολισθήσαντος
3491 1338 3622 1411 (45).
3661 1342 3805 1422 liniv-

2150 1441 2432 1497 παντῖνος
2462 1432 2519 1490 δὲ
2549 1436 2577 1489 6
2602 1434 2909 1509 πατρίκιος,
2932 1432 3192 1505 σύναιμος
3226 1434 3304 1502 τῷ
3365 1423 3545 1501 Βάρδᾳ
3602 1421 3804 1492 τελῶν,

2150 1524 2275 1600 ὃίρτι
2303 1529 2382 1597 τῷ
2409 1522 2590 1597 ἱούλῳ
2646 1526 2746 1595 τῆν
2802 1524 2958 1601 γένυν
3015 1520 3381 1600 ἐπιχνοάζων,
3416 1514 3696 1591 πελώριός
3744 1532 3804 1567 τε

2867 1613 2882 1633 \
2961 1614 2973 1631 ς
3073 1610 3125 1633 »εκ
3160 1611 3195 1633 ,3,
3271 1606 3295 1633 9

2147 1613 2405 1690 πεφυκὼς
2435 1618 2514 1686 τῷ
2544 1614 2764 1688 σώματι
2793 1613 2883 1667 καὶ
2914 1614 3014 1682 τήν
3073 1610 3233 1688 ῗσγὺν
3267 1603 3655 1669 δυσεκϐίαστος
3709 1607 3803 1663 καὶ

2149 1703 2617 1780 ἀκαταγώνιστος,
2649 1704 2712 1759 τὸ
2743 1703 2898 1781 ξίφος
2954 1702 3300 1774 σπασάμενος
3362 1697 3502 1755 ἷ¹εται
3533 1699 3625 1755 τὸν
3665 1699 3799 1755 Σκύ.

386 1797 487 1867 θην
517 1795 726 1870 βαλεῖν’
760 1798 787 1851 6
821 1794 888 1866 δὴ
917 1798 1017 1866 τὴν
1048 1798 1216 1876 φορὰν
1246 1797 1413 1852 αὐτοῦ
1448 1793 1819 1870 ὑπειδόμενος,
1853 1793 2088 1850 ἐκκλίνει
2117 1795 2215 1863 τήν
2245 1792 2486 1868 πληγὴν,
2517 1795 2636 1849 κατ’
2667 1793 2849 1849 ἰσχίον
2881 1793 3141 1854 ὑπτιάσας
3174 1795 3272 1847 τοῦ
3294 1787 3496 1848 ἵππου,
3559 1789 3791 1863 Δέχεται

384 1882 441 1939 δὲ
469 1885 673 1955 ταύτην
700 1885 846 1960 παρὰ
869 1889 959 1941 τὸν
990 1885 1192 1965 αὐχένα
1224 1889 1252 1942 6
1279 1884 1476 1959 ἵππος,
1499 1888 1556 1941 ὅν
1588 1883 1884 1960 διαμπερὲς
1916 1881 2294 1956 ἀποτέμνεται·
2327 1883 2356 1937 6
2388 1880 2447 1938 δὶ
2480 1882 2719 1954 Σκύθης,
2751 1883 2867 1956 ἅμα
2913 1886 2995 1954 τῷ
3050 1878 3213 1954 ’ίππῳ
3261 1877 3628 1957 κατενεχθεὶς,
3660 1878 3801 1953 πρὸς

381 1978 483 2029 τοῦ
513 1974 916 2030 Κωνσταντίνου
948 1973 1424 2054 ἐναποσφάττεται.

456 2096 542 2151 13.
577 2097 704 2151 Jam
753 2096 1080 2151 certamine
1136 2097 1310 2151 modo
1371 2096 1488 2151 huc
1533 2095 1710 2150 modo
1769 2094 1914 2149 illuc
1973 2110 2035 2148 se
2068 2096 2116 2161 B

385 2183 1142 2254 inclinante,crebriusque
1169 2190 1437 2239 mutante
1468 2182 1785 2253 utrobique
1817 2181 2038 2237 variam

387 2272 713 2340 fortunam,
746 2274 1065 2328 classicum
1096 2273 1317 2328 Bardas
1357 2272 1491 2328 cani
1517 2271 1709 2343 jubet,
1759 2276 2043 2341 tympana

384 2359 507 2416 ictu
537 2361 746 2416 crebro
778 2362 1003 2434 pulsari
1037 2379 1049 2416 :
1082 2363 1386 2434 consurgit
1437 2361 1519 2433 (id
1572 2364 1930 2416 convenerat
1961 2359 2042 2414 si-

385 2467 569 2522 gnum
603 2468 673 2505 ex
705 2451 942 2506 insidiis
964 2452 1141 2511 acies.
1168 2452 1638 2522 Scytharumque
1672 2455 1835 2522 terga
1866 2450 2038 2503 inva-

390 2538 496 2604 dit,
533 2540 657 2609 qui.
693 2539 903 2594 timore
934 2540 1218 2610 perculsi,
1251 2541 1314 2594 in
1370 2539 1817 2594 conversionem
1875 2537 2040 2593 incli-

388 2634 554 2683 nant.
576 2628 835 2683 Necdum
871 2634 999 2684 erat
1019 2629 1334 2684 manifesta
1356 2629 1492 2702 fuga
1521 2645 1655 2684 cum
1688 2628 1907 2683 nobilis
1929 2627 2040 2682 ali—

391 2718 524 2789 quis
556 2720 802 2785 Russus,
852 2718 1261 2789 magnitudine
1309 2720 1576 2790 corporis
1633 2725 1691 2773 et
1736 2734 2039 2773 armorum

386 2806 615 2880 fulgore
646 2814 861 2879 praater
891 2808 1041 2864 alios
1071 2808 1387 2875 excellens,
1431 2809 1589 2863 inter
1627 2807 1843 2862 infesta
1874 2807 2041 2878 signa

388 2898 873 2963 circumcusaret,
905 2898 978 2953 ad
1009 2899 1283 2953 virtutem
1327 2914 1465 2953 suos
1521 2897 1862 2952 cohortans.
1895 2896 2041 2951 Huic

392 2988 611 3043 Bardas
642 2987 877 3043 Sclerus
899 2988 1255 3059 adequitans
1276 2993 1454 3060 caput
1470 2988 1784 3059 percussit,
1844 2986 2038 3057 adque

390 3078 655 3132 cinetum
686 3094 876 3149 usque
893 3078 1154 3150 gladium
1170 3078 1385 3151 adegit,
1408 3094 1601 3149 neque
1614 3077 1928 3151 galeaeum
1953 3092 2040 3131 re-

387 3166 672 3237 pellente,
708 3183 902 3237 neque
954 3168 1195 3223 thorace
1236 3184 1448 3223 manus
1489 3167 1674 3222 robur
1703 3166 2038 3233 cohibente,

386 3254 638 3328 gladiive
670 3262 986 3312 secturam.
1021 3258 1143 3322 Quo
1176 3256 1448 3313 bifariam
1474 3257 1723 3311 discisso
1755 3256 2041 3325 humique

385 3345 476 3417 dej
488 3346 1025 3413 ecto,conclamant
1047 3364 1166 3417 prae
1178 3347 1392 3419 gaudio
1411 3345 2040 3415 Romani,animosque

2222 2091 2308 2166 ιγ’.
2341 2095 2454 2159 Τῆς
2488 2086 2545 2144 δέ
2588 2089 2777 2165 μάχης
2830 2085 2965 2160 τῇδε
3021 2087 3240 2143 κάκεῖσε
3302 2086 3800 2163 μετακλινομένης,

2147 2179 2238 2234 καὶ
2297 2181 2501 2258 συχνὰς
2559 2180 2647 2233 καὶ
2706 2177 3150 2256 ἀμφιταλάντους
3210 2173 3673 2253 μεταϐαλλούσης
3704 2179 3806 2254 ῥο-

2147 2269 2250 2330 πὰς
2310 2267 2393 2345 ἐφ’
2451 2268 2698 2343 έκάτερα,
2758 2269 2820 2323 τὸ
2877 2266 3129 2323 ἐνυάλιον
3194 2269 3221 2323 6
3291 2265 3503 2344 Βάρδας
3580 2267 3804 2348 ἐνηχεῖν

2148 2354 2517 2434 ἐγκελεύεται,
2578 2357 2644 2413 τά
2674 2379 2732 2414 τε
2789 2358 3047 2431 τύμπανα
3106 2358 3306 2431 θαμινὰ
3361 2364 3641 2434 παταγεῖνσ
3699 2365 3804 2429 τῆς

2150 2442 2207 2500 δὲ
2237 2444 2525 2525 φάλαγγος
2564 2446 2623 2501 ἐκ
2651 2452 2761 2502 τῶν
2795 2444 2988 2525 λόχων
3018 2445 3380 2516 ἐξαναστάσης
3411 2449 3550 2503 κατά
3577 2449 3640 2504 τὸ
3672 2448 3805 2504 σύν-

2148 2535 2324 2609 θημα,
2355 2536 2445 2591 καὶ
2476 2536 2613 2592 κατᾶ
2641 2536 2819 2591 νώτου
2850 2541 2959 2592 τῶν
3010 2538 3235 2591 Σκυθῶν
3297 2538 3621 2613 γενομένης,
3679 2535 3802 2601 δέος

2144 2654 2204 2688 τε
2254 2634 2440 2697 αὐτοῖς
2533 2633 2705 2708 εἰσῄει
2770 2635 2856 2689 καὶ
2926 2634 3063 2708 πρὸς
3111 2630 3404 2711 φυγαδείαν
3480 2632 3802 2692 ἀπέκλιναν.

2148 2724 2336 2794 Μήπω
2367 2720 2424 2778 δὲ
2473 2722 2840 2801 γεγενημένης
2896 2720 3155 2798 λαμπρᾶς
3216 2730 3317 2793 τῆς
3369 2721 3629 2794 διώξεως,
3690 2730 3801 2781 τῶν

2147 2818 2421 2898 ἐπιφανῶν
2452 2842 2534 2883 τις
2589 2826 2835 2893 Σκυθῶν,
2901 2823 3118 2897 μεγέθει
3177 2821 3437 2895 σώματος
3475 2821 3565 2878 καί
3611 2820 3803 2879 ’ὀπλων

2148 2908 2504 2985 λαμπρότητι
2536 2910 2792 2990 πεφυκὼς
2820 2914 2929 2965 τῶν
2959 2906 3149 2964 ἄλλων
3181 2909 3513 2985 ἀριπρεπής,
3571 2914 3710 2968 κατά
3736 2912 3802 2968 τὸ

2151 3001 2490 3078 μεταίχμιον
2522 2999 2763 3074 περιῄει,
2797 2999 2881 3054 ἐπ’
2909 2997 3088 3067 ἀλκὴν
3141 3000 3269 3062 τοὺς
3338 2998 3586 3075 ἐταίρους
3645 3001 3804 3078 ἐπιρ-

2150 3086 2373 3163 ρωννύς-
2434 3091 2644 3145 Τοῦτον
2704 3086 2911 3163 Βάρδας
2964 3089 2992 3143 ὁ
3054 3086 3311 3161 Σκληρὸς
3370 3088 3808 3165 ἐξιππασάμενος

2148 3180 2297 3235 παίει
2341 3182 2481 3236 κατά
2535 3188 2635 3249 τῆς
2693 3178 2938 3257 κεφαλῆς
2987 3180 3076 3234 καὶ
3133 3180 3303 3259 μέχρι
3362 3185 3460 3237 τοῦ
3521 3187 3810 3258 ζωστῆρος

2150 3279 2212 3333 τὸ
2244 3277 2397 3357 ξίφος
2431 3274 2682 3348 διήλασε,
2729 3280 2870 3351 μήτε
2927 3282 3024 3333 τοῦ
3090 3279 3321 3353 κράνους
3372 3279 3526 3352 αὐτῷ
3576 3278 3808 3355 ἐπαρκέ-

2155 3387 2369 3436 σαντος,
2406 3369 2547 3442 μήτε
2578 3372 2676 3423 τοῦ
2709 3367 2955 3444 θώρακος
2988 3369 3088 3438 τὴν
3128 3370 3229 3432 τῆς
3286 3368 3476 3446 χειρὸς
3543 3367 3811 3449 ἐπισχόν-

384 3442 629 3491 sumunt
655 3437 854 3492 :Russi
885 3453 1034 3491 novo
1060 3437 1169 3491 hoc
1191 3442 1656 3509 portentosoque
1684 3435 1803 3490 ictu
1826 3434 2037 3501 territi,

2154 3477 2247 3518 τος
2281 3456 2463 3536 ἰσχὺν,
2498 3456 2532 3526 ἢ
2561 3458 2659 3527 τῆν
2689 3434 2998 3535 τούξίφους
3027 3458 3230 3531 τομήν.
3284 3434 3427 3537 Κιχῆ
3495 3456 3552 3514 δὲ
3609 3434 3809 3515 τούτου

385 3525 621 3580 ululatu
644 3526 877 3581 sublato
911 3528 1085 3590 111,
1120 3527 1331 3582 solutis
1372 3525 1684 3581 ordinibus
1732 3524 1881 3597 fugas
1909 3540 2040 3580 sese

382 3614 698 3670 mandant.
731 3617 889 3680 Quos
922 3616 1219 3687 persecuti
1242 3615 1491 3671 Romani
1523 3614 1599 3670 ad
1632 3630 1830 3669 serum
1851 3629 2043 3684 usque

383 3703 808 3775 crepusculum
864 3705 993 3758 sine
1026 3704 1439 3760 misericordia
1470 3705 1833 3759 ceciderunt.
1867 3704 2047 3758 Fama

384 3797 495 3859 est,
529 3792 641 3847 hoc
673 3792 878 3863 prmlio
933 3809 963 3847 e
995 3793 1279 3848 Romanis
1336 3799 1602 3848 mortuos
1660 3809 1790 3847 esse
1824 3791 2045 3846 milites

386 3881 654 3952 quinque
678 3888 736 3936 et
766 3882 1218 3953 quinquaginta,
1253 3883 1549 3937 sauciatos
1595 3897 1773 3953 quam
1801 3880 2043 3946 multos,

386 3985 679 4040 equorum
710 3970 1031 4041 plerosque
1058 3970 1364 4026 confossos
1388 3986 1401 4025 ε
1428 3971 1777 4043 Scytharum
1808 3970 1942 4042 plus
1962 3971 2047 4024 vi-

384 4058 533 4131 ginti
566 4060 760 4116 millia
788 4060 1061 4132 periisse.
1125 4062 1289 4117 Hunc
1316 4061 1494 4117 finem
1524 4062 1732 4117 habuit
1752 4064 2042 4117 Romano-

382 4164 516 4203 rum
551 4165 683 4204 cum
709 4150 916 4206 Russis
940 4156 1079 4206 tunc
1101 4152 1421 4207 commissa
1449 4168 1666 4224 pugna.
1704 4148 1774 4205 Et
1795 4152 1923 4223 jam
1946 4166 2042 4205 ur-

306 4282 309 4285 .
377 4238 553 4313 gebat
582 4239 871 4295 Asiaticos
892 4257 1177 4297 numeros
1198 4243 1457 4297 Joannes
1492 4244 1785 4314 Augustus
1814 4241 1878 4295 in
1928 4242 2042 4295 Eu-

379 4345 588 4400 ropam
622 4347 729 4402 per
760 4330 1212 4403 Hellespontum
1249 4332 1639 4404 trajiciendos
1665 4348 1677 4386 :
1701 4331 2046 4386 hiemarent

384 4435 493 4490 per
521 4420 778 4476 Thraciae
812 4425 870 4475 et
901 4421 1259 4477 Macedoniae
1293 4427 1538 4489 tractus,
1559 4420 1949 4492 quotidieque
1980 4436 2042 4475 se

376 4509 440 4563 in
466 4510 649 4565 armis
674 4517 1145 4581 exercerent,ne,
1181 4511 1554 4567 incumbenti
1586 4510 1896 4567 certamini
1930 4509 2044 4565 mi-

379 4613 496 4653 nus
529 4597 748 4669 idonei,
783 4600 855 4655 ab
916 4600 1187 4656 hostibus
1256 4601 1317 4655 in
1348 4617 1545 4674 pugna
1601 4600 1996 4656 funderentur
2027 4615 2041 4653 :

382 4701 751 4758 vernamque
776 4694 1013 4760 tempus
1033 4690 1581 4761 exspectarent.Ubi
1614 4691 1773 4746 enim
1796 4694 1932 4761 post
1951 4688 2042 4743 hi-

380 4773 556 4829 berni
590 4776 721 4831 cali
754 4778 1057 4833 tristitiam
1085 4795 1189 4834 ver
1218 4796 1528 4852 emergens
1558 4780 1635 4834 in
1666 4774 2041 4834 constantem

381 4866 767 4922 serenitatem
800 4873 1059 4924 mutaret
1082 4870 1287 4925 mundi
1312 4870 1547 4938 faciem,
1614 4870 2037 4942 imperatorem

2151 3543 2547 3619 διατμηθέντος
2587 3546 2677 3600 καὶ
2729 3544 3210 3624 προσαραχθέντος
3268 3548 3336 3619 τῇ
3396 3549 3491 3623 γῇ,
3539 3552 3811 3622 Ῥωμαῖοι

2154 3644 2247 3717 μὲν
2275 3643 2361 3721 ὑφ’
2393 3640 2599 3713 ἡδονῆς
2648 3639 3023 3715 ἐπηλάλαξαν,
3083 3644 3173 3698 καὶ
3231 3643 3369 3718 πρὸς
3422 3642 3599 3715 ἀλκὴν
3649 3642 3811 3721 ἐπερ-

2151 3729 2459 3807 ῥώσθησαν.
2496 3732 2700 3795 Σκύθαι
2734 3727 2790 3786 δὲ
2849 3736 2927 3804 τῷ
2981 3736 3154 3805 καινῷ
3211 3731 3302 3787 καὶ
3349 3729 3646 3807 ἀλλοκότῳ
3704 3741 3807 3805 τῆς

2149 3818 2377 3897 πληγῆς
2407 3816 2889 3883 ἀποδειλιάσαντες
2967 3821 3060 3875 σὺν
3117 3819 3338 3895 οἰμωγῇ
3407 3822 3500 3877 τὸν
3554 3844 3809 3878 συνασπι-

2153 3919 2288 3992 σμὸν
2324 3916 2702 3988 διαλύσαντες,
2736 3921 2811 3981 εἷς
2842 3917 3136 3996 φυγαδείαν
3189 3918 3510 3996 ἐτράποντο.
3565 3924 3651 3997 [Ρ.
3712 3927 3808 3997 68]

2152 4004 2260 4066 Οὓς
2315 4003 2675 4078 ἐπισπόμενοι
2719 4005 2989 4077 Ῥωμαῖοι
3040 4006 3211 4085 μέχρι
3265 4006 3482 4081 βαθείας
3572 4007 3805 4082 ἑσπέρας

2150 4091 2384 4168 ἀνῄρουν
2417 4090 2686 4164 ἀνηλεῶς.
2723 4096 2866 4149 Κατᾶ
2895 4098 3089 4150 τοῦτον
3124 4094 3189 4165 δή
3226 4093 3447 4173 λέγεται
3497 4096 3588 4151 τὸν
3616 4095 3809 4175 ἀγῶνα

2150 4204 2488 4273 πεντήκοντα
2544 4203 2633 4258 καὶ
2689 4204 2848 4259 πέντε
2899 4203 3190 4278 Ῥωμαίων
3267 4201 3461 4280 ἄνδρας
3522 4208 3634 4280 (46)
3693 4207 3810 4261 τεθ-

2150 4293 2323 4361 νὶναι,
2355 4291 2693 4367 τραυματίας
2745 4289 2803 4347 δὲ
2850 4293 3097 4368 γενέσθαι
3153 4294 3411 4371 συχνοὺς,
3469 4296 3559 4350 καὶ
3612 4293 3805 4351 ’ίππων

2148 4383 2642 4451 κατακοντισθῆναι
2673 4382 2802 4444 τοὺς
2855 4380 3110 4445 πλέονας·
3147 4386 3369 4438 Σκυθῶν
3419 4405 3479 4440 τε
3511 4384 3645 4461 ὑπὲρ
3676 4384 3807 4449 τοὺς

2152 4466 2474 4546 δισμυρίους
2506 4468 2889 4551 διαφθαρῆναι.
2924 4470 3079 4529 Ἀλλ’
3112 4474 3147 4543 ἡ
3184 4473 3277 4548 μὲν
3328 4474 3469 4549 πρὸς
3500 4475 3628 4538 τοὺς
3665 4474 3805 4529 Σκύ-

2151 4579 2245 4641 θας
2276 4578 2611 4657 γεγενημένη
2648 4580 2772 4636 τότε
2802 4580 3091 4654 Ῥωμαίων
3126 4577 3381 4660 διαμάχη
3439 4582 3515 4644 εἷς
3544 4586 3799 4638 τοιοῦτον

2146 4666 2407 4725 ἐτελεύτα
2436 4670 2498 4725 τὸ
2528 4667 2710 4732 τέλος.
2772 4667 3031 4740 Ἰωάννης
3083 4666 3140 4725 δὲ
3197 4672 3225 4724 6
3284 4672 3641 4747 αὐτοκράτωρ
3701 4672 3802 4734 τὰς

2149 4759 2336 4819 Ἀσίας
2360 4754 2615 4833 δυνάμεις
2644 4759 2722 4823 εἷς
2773 4760 2871 4827 τήν
2929 4758 3200 4834 Εὐρώπην
3257 4757 3349 4815 διὰ
3404 4766 3502 4816 τοῦ
3560 4758 3804 4831 Ἑλλησ-

2073 4836 2354 4903 Βπόντου
2383 4851 2737 4922 περαιοῦσθαι
2766 4850 3115 4924 κατήπειγεν,
3174 4848 3226 4912 ἐς
3281 4849 3412 4905 τάπὶ
3470 4850 3689 4926 Θράκης
3744 4871 3805 4906 τε

379 4959 577 5030 ipsum
611 4956 836 5021 adfore,
866 4973 1000 5012 cum
1030 4958 1321 5015 universis
1382 4960 1484 5030 qui
1538 4961 1886 5015 comitatum
1943 4975 2038 5014 se-

2151 4956 2225 5010 ιαὶ
2258 4954 2597 5019 Μακεδονίας
2632 4953 3009 5037 διαχειμάζειν
3036 4956 3242 5037 χωρία,
3293 4956 3384 5013 καὶ
3444 4963 3560 5021 τοῖς
3593 4956 3802 5021 ὅπλοις

379 5053 1095 5119 querentur,omnemque
1121 5046 1264 5103 belli
1296 5049 1516 5104 molem
1548 5049 1610 5104 in
1643 5049 1887 5121 Scythas
1903 5065 2030 5103 ver-

379 5154 605 5196 surum.

2136 5046 2403 5121 ὁσημέραι
2466 5046 2852 5123 γυμνάζεσθαι,
2904 5047 2978 5110 ὡς
3058 5049 3134 5121 μή
3196 5046 3491 5128 ἀπόμαχοι
3548 5050 3657 5103 εἷεν
3713 5046 3804 5102 ἐπὶ

2133 5135 2225 5191 τὸν
2258 5140 2368 5192 τῶν
2396 5134 2627 5213 ἀγώνων
2654 5137 2868 5213 καιρὸν,
2921 5140 3361 5211 μειονεκτοῦντες
3419 5135 3472 5193 ἐν
3533 5136 3604 5212 τῇ
3640 5139 3798 5217 μάχῃ

1588 5270 1647 5324 C.
1689 5266 1752 5321 B.
1795 5265 1978 5321 HASII
2016 5265 2578 5323 ANNOTATIONES.

454 5392 561 5463 (44)
593 5389 686 5453 Εἰς
710 5386 921 5444 δώδεκα
959 5386 1239 5465 χιλιάδας.
1282 5391 1456 5465 juxta
1510 5392 1819 5465 Scylitzam
1854 5397 1913 5447 et
1935 5391 2033 5448 Ce-

380 5462 632 5520 drenUm
674 5465 744 5521 Il.
778 5465 901 5518 667.
936 5462 1004 5521 ΑΖ
1088 5462 1386 5534 copiosius
1445 5463 1570 5521 haec
1586 5462 1933 5521 narrantes.
1969 5464 2033 5518 In

381 5536 648 5623 Gedrenp
680 5539 803 5623 667“.
836 5535 1245 5623 A;’lin.12.le15
1277 5535 1393 5617 fide
1423 5537 1704 5623 Codicum
1729 5555 1832 5623 pro
1856 5538 2031 5623 Boi-)1:-

380 5605 571 5690 γάροις
604 5609 731 5680 lege
766 5600 1085 5681 Βαρϐάροις·
1121 5613 1179 5661 et
1207 5606 1493 5678 deinceps
1528 5611 1588 5664 Β.
1626 5600 1746 5664 lin:
1776 5613 1829 5662 2.
1889 5613 1948 5664 et
1978 5609 2029 5663 3.

383 5685 740 5741 interpunge
772 5679 876 5741 sic,
931 5677 1155 5741 τείχους
1196 5674 1344 5732 ἔνδον
1401 5680 1497 5741 τὰς
1556 5679 1871 5741 Ῥωμαϊκὰς
1927 5679 2030 5741 φάε

383 5696 740 5752 mterpunge
772 5696 876 5741 810,
931 5696 1155 5751 τειχους
1196 5696 1344 5732 ενοον
1401 5701 1497 5741 τας
1560 5696 1871 5752 Ρωμαίκας
1927 5699 1949 5755 ς

382 5746 616 5822 λαγγας,
639 5747 940 5819 ἐπεξελθεῖν
973 5755 1047 5820 μή
1079 5747 1329 5821 τολμῶν.
1571 5821 1575 5822 ν

458 5821 567 5889 (4⁷5)
600 5823 731 5876 Haec
752 5823 897 5877 item
925 5822 1052 5877 fera
1076 5822 1149 5877 ad
1197 5823 1441 5877 verbum
1473 5821 1773 5878 Cedrenus
1798 5823 1869 5877 Il.
1905 5822 2030 5876 668.

387 5890 453 5946 C.
484 5891 604 5946 nisi
624 5892 783 5965 quod
814 5892 996 5949 habet
1038 5890 1566 5969 παρολισθήσαντος.
1617 5893 1732 5950 Sed
1788 5892 2037 5967 Scylitza

2147 5408 2258 5448 ms.
2291 5388 2507 5469 περιολ.
2542 5398 2610 5448 ut
2639 5393 2772 5469 Leo;
2809 5391 2990 5469 Ambo
3023 5391 3273 5469 Bardam
3305 5392 3600 5469 _S_clerum
3629 5411 3805 5469 agre-

2146 5480 2342 5538 sorem
2363 5462 2561 5538 ipsius
2592 5481 2711 5519 uno
2744 5462 3173 5538 ictubifariam
3197 5464 3475 5538 divisisse
3526 5462 3800 5538 narrant,

2144 5535 2600 5618 Constantinum
2634 5553 2753 5591 non
2786 5535 2989 5618 hujus,
3023 5535 3593 5618 sedaliusMScythze
3645 5535 3801 5618 equo

2143 5608 2364 5685 collum
2392 5607 3004 5685 amputasse.‘de_inde
3036 5607 3469 5685 ipsi__Scyt_hai_
3499 5607 3799 5685 caputfeﬁ

2144 5674 3107 5756 χειρὶλτῆςγενειάδος-δραξάμενος.
3141 5674 3423 5756 Sicenim
3455 5674 3797 5756 legendum:

2142 5745 2265 5806 lion
2299 5745 2614 5823 δεξάμενος,
2642 5757 2709 5806 ut
2735 5745 2959 5805 habent
2979 5750 3112 5823 edd.
3148 5756 3211 5805 Ι).
3246 5752 3333 5806 lin
3385 5754 3436 5807 8.

2218 5824 2331 5896 (46)
2358 5822 2581 5896 Viginti
2611 5824 2877 5895 quinque
2933 5822 3093 5895 apud
3136 5823 3389 5881 Cedren.
3448 5823 3522 5882 ΙΙ.
3554 5828 3680 5886 669.
3722 5829 3795 5887 Δ.
