4118 6430
350 431 471 494 823

1734 423 2010 487 LEONIS
2053 424 2377 487 DIACONI

3654 438 3775 497 824

351 565 535 619 rubra
564 561 840 635 evestigio
871 560 1284 630 induxit,aque
1306 558 2000 631 conspiratisimperator

2147 554 2204 609 ὸν
2238 553 2506 630 ὁΒάρδας
2537 555 2661 631 περί
2712 556 2872 613 αὐτὸν
2929 559 3075 633 ἑώρα
3133 565 3324 639 στῖφος
3381 561 3778 640 συνερρυηκὸς,

354 657 757 710 Romanorum
788 649 1167 706 renuntiatus
1197 653 1400 721 aperte
1425 654 1531 704 est.
1552 650 1800 718 Jamque
1826 663 2008 719 pecu—

355 743 471 797 nias
504 742 958 797 distributiones
981 739 1397 812 pollicebatur,
1452 737 1797 793 conferebat
1826 737 2007 791 hono-

354 849 452 887 res
484 828 1745 901 officiorum,tribunos,duces,magistratus
1763 826 2006 898 amplis-

358 923 540 977 simos
563 920 1037 993 creabat,quales
1067 920 1393 991 imperator
1419 914 2012 972 consueveratﬁdeli-

357 1011 469 1067 bus
502 1012 830 1067 liberaliter
851 1012 1086 1065 offerre.
1121 1007 1577 1065 Obsecundabat
1597 1008 1741 1061 item
1765 1007 1904 1060 huic
1925 1021 2012 1059 se-

358 1099 572 1155 ditioni
606 1100 717 1154 Leo
732 1098 1183 1171 Cur0palates,l
1200 1099 1299 1151 14
1322 1095 1522 1151 Bai-das
1545 1094 1800 1166 pater.in
1816 1092 2015 1149 insula

358 1189 542 1244 Lesbo
574 1189 926 1245 custoditus.
952 1189 1006 1243 Is
1028 1204 1134 1259 per
1154 1187 1540 1258 Stephanum,
1575 1183 1763 1256 Abydi
1792 1184 2017 1255 episco-

355 1294 520 1349 pum,
554 1277 973 1334 Macedonibus
1012 1276 1298 1348 pecunias
1329 1274 1767 1347 dignitatesque
1790 1273 2014 1344 promi-

358 1375 535 1435 serat,
571 1368 864 1436 hortatus,
895 1373 962 1421 ut
993 1383 1123 1422 sese
1155 1382 1225 1421 ex
1258 1364 1455 1419 insula
1484 1363 1753 1435 elapsum
1784 1362 2012 1434 recipe-

356 1463 512 1525 rent,
543 1458 884 1529 pariterque
922 1454 1254 1511 rebellione
1283 1454 1439 1509 facta
1468 1452 1542 1507 ad
1576 1450 2015 1508 exturbandum

358 1547 610 1619 imperio
640 1547 928 1601 Joannem
951 1562 1194 1616 operam
1225 1543 1586 1598 conferrent.

360 1631 540 1708 Βάρδα
592 1634 806 1702 τοκεὺς,
863 1631 917 1695 ἐς
978 1632 1071 1706 μὲν
1125 1632 1224 1702 τήν
1278 1638 1438 1701 νῆσον
1491 1624 1698 1685 Λέσϐον
1747 1626 2174 1706 φρουρούμενος,
2236 1622 2324 1680 διὰ

360 1727 478 1784 τοῖς
534 1718 810 1781 Μακεδόσι

2119 644 2192 705 ὡς
2224 644 2336 699 οἶόν
2368 665 2426 699 τε
2457 644 2595 699 εἶναι
2635 646 2725 700 καὶ
2784 646 2863 709 εἷς
2922 651 3294 723 συνασπισμὸν
3353 652 3565 729 ἀρῥαγη
3600 674 3776 729 παρα-

2116 732 2421 802 τάττεσθαι,
2464 732 2512 806 ἐξ
2566 733 2870 790 ἀντιπάλου
2926 758 2985 792 τε
3042 736 3442 812 διαμιλλᾶσθαι
3501 747 3620 804 τοῖς
3680 742 3779 797 ἀν-

2120 823 2461 892 τιπίπτουσι,
2517 822 2583 877 τὸ
2645 820 3001 904 μελαμϐαφὶς
3055 830 3536 903 παραιτησάμενος
3616 829 3775 886 πέδι-

2121 910 2244 977 λον,
2283 913 2362 983 [Ρ.
2427 914 2515 984 70]
2569 913 2631 967 τὸ
2689 912 2913 990 ἐρυθρὸν
2976 918 3279 990 παραυτίκα
3331 923 3779 998 μετημφιάσατο,

2119 1001 2209 1053 καὶ
2291 1000 2578 1073 Ῥωμαίων
2656 1003 3009 1080 αὐτοκράτωρ
3112 1006 3413 1085 ἀναφανδὸν
3501 1009 3775 1085 ἀνερῥηθη

2121 1089 2258 1162 πρὸς
2306 1093 2415 1143 τῶν
2505 1098 2905 1150 συστασιωτῶν.
2970 1096 3285 1169 Χρημάτων
3350 1098 3441 1152 οὗν
3509 1096 3780 1173 διανομὰς

2125 1178 2468 1253 ὑπισχνεῖτο,
2539 1180 2629 1235 καὶ
2715 1182 3038 1255 ἀξιωμάτων
3098 1191 3332 1261 παρεῖχε
3414 1188 3600 1260 τιμάς,
3679 1210 3781 1244 τα-

2125 1270 2384 1342 ξιάρχους
2442 1270 2532 1324 καὶ
2620 1272 2959 1347 στρατηγοὺς
3036 1269 3516 1348 προϐαλλόμενος,
3603 1279 3781 1354 ἀρχάς

2123 1376 2182 1410 τε
2226 1358 2323 1418 τάς
2382 1357 2645 1429 εὐκλεεῖς,
2726 1358 2853 1423 ὅσας
2934 1362 3024 1417 καὶ
3112 1361 3368 1439 βασιλεὺς
3427 1365 3607 1421 εἰώθει
3663 1371 3782 1430 τοῖς

2127 1445 2304 1508 εὕροις
2353 1446 2667 1523 φιλοτίμως
2726 1450 3123 1524 προτείνεσθαι.
3184 1448 3501 1530 Συνεκρότει
3561 1453 3619 1511 δῖε
3673 1458 3775 1524 τήν

2129 1536 2462 1591 ἀποστασίαν
2570 1539 2661 1592 καὶ
2762 1541 2912 1595 Λέων
3025 1541 3487 1617 Κουροπαλάτης,

2432 1625 2707 1703 Στεφάνου
2787 1625 2865 1699 δὲ,
2947 1634 3046 1685 τοῦ
3137 1630 3438 1689 ἐπισκόπου

3575 1547 3603 1599 ὁ
3685 1550 3784 1600 τοῦ

3521 1630 3786 1694 Ἀϐύδου,

907 1723 1173 1801 χρήματα
1253 1720 1343 1774 καὶ
1426 1718 1589 1793 τιμάς
1677 1718 2130 1792 ὑπισχνούμενος,
2208 1714 2299 1770 καὶ
2385 1711 2638 1790 δέχεσθαι
2712 1717 2877 1773 αὑτὸν
2956 1718 3018 1775 ἐκ
3070 1726 3171 1788 τῆς
3225 1724 3393 1793 νήσου
3451 1722 3786 1802 ἀναγόμενον

364 1811 811 1888 προτρεπόμενος
865 1811 956 1866 καὶ
1007 1809 1453 1879 συνεπιτίθεσθαι,
1506 1808 1598 1864 καὶ
1653 1806 2070 1884 συνεργάζεσθαι
2152 1804 2301 1877 αὐτῷ
2383 1805 2485 1873 τήν
2567 1808 2666 1861 τοῦ
2724 1807 2980 1864 Ἰωάννου
3035 1814 3144 1865 τῶν
3197 1810 3538 1887 ἀνακτορίων
3591 1813 3783 1879 καθαί-

366 1920 534 1975 ρεσιν·

437 2024 489 2076 2.
525 2025 600 2075 At
630 2021 973 2092 imperator,
1007 2019 1316 2074 intellecto
1348 2016 1648 2091 ejusmodi
1674 2022 2011 2082 motu,con-

2201 2012 2294 2086 β’.
2326 2011 2387 2068 Ὁ
2439 2008 2496 2066 δὲ
2531 2010 2811 2085 βασιλεὺς,
2862 2014 2955 2070 τὸν
3011 2020 3261 2073 τοιοῦτον
3310 2020 3474 2095 γνοὺς
3532 2042 3792 2096 νεωτερι-

367 2111 640 2166 turbatus
664 2115 731 2164 ut
754 2126 859 2181 par
889 2114 1037 2173 erat,
1070 2108 1410 2164 incredibili
1437 2108 1743 2163 celeritate
1775 2106 2022 2177 Stepha-

368 2217 513 2255 num
541 2200 911 2271 episcopum,
944 2198 1148 2268 Abydo
1191 2210 1451 2269 raptum,
1477 2197 1724 2268 judiciis
1757 2195 2020 2250 tradidit.

368 2291 637 2359 Eumque
671 2287 923 2342 crimine
947 2285 1377 2355 convictum,in
1407 2285 1601 2340 lucem
1633 2284 1887 2356 prolatis
1918 2283 2021 2337 do-

371 2377 561 2440 lis,ad
592 2376 886 2448 synodum
911 2375 1326 2446 episc0porum
1346 2373 1696 2438 transmisit,
1730 2378 1791 2426 ut
1824 2372 1906 2427 ibi
1932 2388 2024 2427 sa-

372 2466 636 2522 cerdotio
668 2470 1023 2519 moveretur.
1051 2465 1306 2518 Leonem
1354 2462 1769 2534 Curopalatem
1800 2468 2022 2527 autem,

374 2554 892 2626 Nicephorumque
924 2553 1105 2625 hujus
1135 2553 1348 2621 filium,
1400 2552 1609 2623 capitis
1639 2568 1672 2606 a
1721 2551 2027 2623 judicibus

375 2643 828 2710 condemnatos,
885 2643 1229 2712 imperator,
1262 2641 1337 2696 ad
1393 2641 1702 2696 lenitatem
1755 2646 2030 2696 revocata

377 2739 600 2796 mente,
633 2749 754 2787 non
776 2730 1094 2800 interfecit,
1119 2730 1567 2801 luminibusque
1592 2730 1880 2785 duntaxat
1908 2746 2029 2784 am-

376 2822 502 2891 bos,
522 2822 749 2877 Lesbon
781 2821 1102 2893 ablegatos,
1137 2820 1382 2875 orbavit.
1419 2819 1770 2891 Hujusmodi
1802 2820 2026 2874 exitum

376 2914 587 2970 habuit
622 2913 992 2985 CurOpalalaa
1051 2918 1191 2967 tunc
1249 2912 1569 2967 meditatus
1628 2912 1689 2966 in
1730 2913 2026 2983 Europam

376 3007 680 3077 trajectus,
704 3010 773 3058 ut
800 3020 937 3059 cum
987 3002 1101 3074 ipsi
1164 3002 1342 3058 talem
1402 3020 1637 3075 poenam
1691 3003 2024 3071 induceret,

378 3100 502 3150 tum
532 3095 711 3150 etiam
744 3095 967 3150 amicos
998 3093 1539 3165 illius,complures
1572 3111 1736 3162 sane,
1768 3094 2025 3149 fortunis

377 3183 775 3254 domibusque
806 3183 1166 3250 exturbaret,
1199 3182 1248 3236 si
1279 3183 1626 3253 quiconsilii
1650 3184 1781 3255 ejus
1809 3183 1880 3237 de
1914 3182 2029 3237 im-

378 3279 649 3345 peratore
722 3272 987 3327 tollendo
1061 3272 1316 3327 fuissent
1380 3272 1719 3344 participes.
1793 3273 2027 3328 Atenim

2133 2102 2296 2176 σμὸν,
2329 2099 2661 2178 διεταράχθη
2700 2104 2820 2176 μὲν,
2852 2105 2926 2168 ὡς
2957 2107 3020 2161 τὸ
3068 2107 3240 2179 εἰκὸς,
3270 2112 3489 2189 ἂπτέρῳ
3521 2111 3580 2169 δὲ
3625 2116 3787 2190 τάχει

2130 2193 2222 2246 τὸν
2257 2191 2550 2281 ἐπίσκοπον
2596 2193 2867 2267 Στέφανον
2921 2194 2982 2251 ἐκ
3027 2205 3128 2268 τῆς
3186 2197 3420 2257 ’Λϐύδου
3482 2204 3788 2281 ἀναγαγὼν,

2130 2286 2248 2343 τοῖς
2281 2278 2658 2355 δικαστηρίοις
2682 2280 2959 2339 ἐκδίδωσι·
2993 2291 3103 2342 τῶν
3173 2287 3230 2344 δὲ
3287 2278 3625 2367 πραγμάτων
3665 2278 3794 2364 Ὺέξε-

2134 2367 2476 2444 λεγχθέντων
2505 2370 2593 2425 καὶ
2625 2377 2964 2449 καταφανοῦς
2995 2378 3289 2450 γεγονότος
3335 2384 3433 2435 τοῦ
3488 2379 3791 2455 δράματος,

2132 2458 2225 2512 τὸν
2293 2459 2386 2532 μὲν
2446 2462 2517 2533 τῇ
2567 2457 2776 2534 συνόδῳ
2831 2466 2939 2517 τῶν
3011 2465 3323 2523 ἐπισκόπων
3408 2472 3788 2546 παρέπεμψεν,

2133 2546 2398 2604 ἔκπτωσιν
2427 2557 2529 2620 τῆς
2584 2552 2888 2627 ἱερωσύνης
2948 2556 3415 2633 ὑποστησάμενον.
3471 2561 3675 2618 Λέοντα
3731 2561 3793 2618 δὲ

2133 2638 2226 2691 τὸν
2260 2637 2720 2714 Κουροπαλάτην,
2751 2641 2841 2696 καὶ
2874 2646 3212 2724 Νικηφόρον,
3271 2649 3364 2705 τὸν
3390 2653 3589 2707 τούτου
3645 2652 3789 2725 υἱὸν,

2133 2732 2202 2803 τῇ
2232 2734 2329 2785 τοῦ
2386 2732 2614 2787 Θανάτου
2675 2734 3059 2810 ὑπαγαγόντων
3122 2742 3294 2813 ψήφῳ
3332 2745 3439 2796 τῶν
3497 2739 3790 2813 δικαστῶν,

2137 2819 2165 2872 ὁ
2219 2819 2500 2895 βασιλεὺς,
2567 2823 2704 2896 πρὸς
2752 2824 2817 2878 τὸ
2896 2823 3411 2906 φιλανθρωπότερον
3468 2831 3792 2902 ἀποκλίνας,

2136 2907 2236 2963 οὐκ
2290 2908 2510 2966 ἔκτεινε’
2567 2913 2663 2975 τάς
2723 2911 2781 2968 δὲ
2861 2909 3015 2989 ὅψεις
3091 2917 3438 2995 ἀμφοτέρων,
3499 2922 3633 2977 κατά
3686 2923 3790 2991 τὴν

2136 2995 2342 3055 Λέσϐον
2378 3003 2619 3071 στείλας,
2646 3002 2919 3079 ἐπήρωσε.
2957 3007 3059 3063 Καὶ
3118 3011 3153 3078 ἡ
3215 3010 3310 3082 μὲν
3364 3015 3444 3084 τῷ
3501 3018 3791 3086 Κουροπα-

2137 3087 2276 3164 λάτῃ
2309 3091 2446 3165 πρὸς
2477 3092 2580 3160 τήν
2637 3091 2909 3169 Εὐρώπην
2966 3095 3090 3152 τότε
3145 3095 3506 3171 μελετηθεῖσα
3546 3097 3794 3165 διάϐασις

2138 3177 2191 3241 ἐς
2219 3183 2382 3234 τοῦτο
2411 3181 2477 3235 τὸ
2506 3179 2665 3244 τέλος
2695 3184 2981 3256 κατέληξε,
3017 3188 3274 3258 τοιαύτην
3340 3190 3436 3262 μὶν
3496 3191 3644 3262 αὐτῷ
3689 3193 3792 3259 τήν

2136 3268 2332 3336 ποινὴν
2362 3269 2757 3342 προξενήσασα,
2790 3272 3024 3348 συχνοὺς
3059 3271 3116 3330 δὲ
3160 3281 3271 3332 τῶν
3326 3276 3501 3355 φίλων
3564 3278 3791 3354 χρημά-

381 3362 811 3428 Bardas,semel
849 3362 922 3418 ad
952 3362 1343 3418 rebellionem
1368 3362 2027 3434 prolapsus,fortissime

2143 3377 2250 3410 των
2280 3359 2366 3411 καὶ
2399 3356 2565 3413 οἷ’κων
2600 3363 2926 3435 στερήσασα,
2960 3361 3077 3419 ὅσοι
3129 3367 3230 3435 τὴν
3287 3366 3496 3423 ἐκείνου
3542 3363 3793 3442 συμϐου-

382 3453 445 3508 in
485 3469 554 3508 ea
579 3452 1036 3525 perseverabat;
1070 3452 1380 3523 elatusque
1413 3452 1795 3508 multitudine
1836 3453 2029 3508 homi-

385 3559 533 3597 num
565 3543 724 3598 circa
754 3559 815 3598 se
849 3547 1072 3606 coacta,
1134 3543 1396 3597 conﬁsus
1443 3543 1651 3614 copiis,
1707 3543 2035 3598 instantem

386 3632 830 3704 possessionem
875 3630 1111 3702 imperii
1141 3630 1497 3686 somniabat.
1528 3633 1615 3686 Ita
1670 3632 1868 3687 Asiam
1901 3648 2034 3703 per-

385 3720 947 3787 vadens,domicilia
975 3719 1287 3789 cujusque,
1321 3720 1422 3789 qui
1455 3720 1515 3773 in
1548 3720 1727 3775 ﬁdem
1759 3721 1888 3791 ejus
1914 3737 2037 3776 non

385 3813 650 3875 venerat,
682 3808 816 3880 igne
876 3807 1111 3862 subdito
1160 3807 1423 3879 praadam
1482 3809 1777 3879 Mysorum
1809 3808 2035 3863 habuit.

384 3901 535 3955 115
564 3898 813 3968 Scripsit
842 3903 1039 3952 autem
1071 3896 1145 3951 ad
1176 3913 1312 3951 eum
1336 3897 1661 3968 imperator
1713 3898 1829 3952 ita:
1868 3921 1888 3946 ι
1934 3903 2038 3952 Co-

383 3993 739 4061 gnoscentes
763 3987 834 4041 de
856 3994 1023 4041 motu
1044 4003 1151 4057 per
1170 3986 1467 4041 Orientem
1493 4003 1687 4059 nuper
1706 3986 1881 4050 facto.
1916 4005 2039 4043 non

384 4085 504 4134 tam
538 4078 620 4132 tui
654 4076 887 4132 consilii
917 4092 1041 4130 rem
1098 4075 1477 4145 arbitramur,
1526 4092 1705 4147 quam
1764 4080 2039 4135 amentiae

383 4166 797 4236 barbariaaque
852 4165 1151 4221 sociorum
1185 4170 1445 4232 tuorum,
1490 4165 1613 4236 qui,
1648 4167 1889 4238 penitus
1910 4168 2042 4224 dira

387 4255 712 4312 stoliditate
744 4254 923 4326 capti,
947 4254 1008 4308 in
1042 4258 1274 4308 tantum
1305 4252 1641 4325 periculum
1664 4254 1884 4310 inferre
1910 4273 2038 4312 sese

385 4361 507 4403 non
537 4344 958 4400 dubitaverunt
990 4361 1003 4398 :
1040 4343 1209 4415 quasi
1242 4359 1381 4398 vero
1425 4344 1719 4416 ignorent,
1762 4345 1881 4401 illis
1915 4347 2037 4418 qui,

385 4435 565 4491 rebus
597 4435 762 4490 novis
795 4434 1125 4503 studentes,
1160 4433 1222 4488 in
1256 4433 1416 4504 ipsos
1447 4435 1850 4489 Romanorum
1874 4437 2042 4507 prin-

387 4526 548 4598 cipes
578 4524 857 4580 infestam
887 4539 1133 4579 manum
1157 4523 1765 4589 sustulerint,nullam
1780 4525 2039 4597 relinqui

388 4614 790 4670 excusationis
820 4613 1331 4683 veniam,quando
1345 4614 1527 4668 armis
1560 4614 1693 4669 victi
1718 4614 2040 4686 traditique

385 4717 591 4775 pwnas
618 4701 890 4757 subeant.
934 4703 1070 4768 Nos,
1126 4703 1207 4755 mi
1267 4702 1475 4767 Barda,
1535 4702 1689 4757 civili
1749 4705 2038 4777 sanguine

2147 3442 2252 3516 λήν
2285 3446 2374 3501 ἐπὶ
2407 3450 2713 3525 καθαιρέσει
2761 3450 2859 3506 τοῦ
2929 3452 3200 3529 βασιλέως
3241 3460 3613 3530 προσήκαντο.
3647 3460 3708 3516 Ὁ
3740 3456 3803 3514 δὲ

2144 3533 2379 3611 Βάρδας,
2438 3538 2575 3610 ἅπαξ
2636 3537 2941 3603 ἀποκλίνας
3000 3542 3078 3597 εἷς
3133 3543 3451 3618 τυραννίδα,
3508 3546 3667 3622 ἀπρὶξ
3722 3544 3796 3600 εἷ’-

2143 3644 2275 3699 χετο
2304 3625 2528 3697 ταύτης,
2557 3630 2627 3701 τῇ
2657 3649 2716 3683 τε
2772 3630 2894 3704 περὶ
2954 3631 3113 3686 αὑτὸν
3172 3632 3509 3711 πολυχειρίᾳ
3559 3636 3796 3713 γαυρού-

2148 3735 2326 3788 μενος,
2384 3719 2473 3770 καί
2530 3722 2648 3779 ταῖς
2714 3717 2943 3795 φάλαγξι
3004 3723 3418 3797 βρενθυόμενος,
3493 3726 3582 3781 καὶ
3665 3726 3793 3781 ὅσον

2148 3800 2301 3891 οὔπω
2356 3806 2456 3874 τὴν
2507 3812 2607 3874 τῆς
2663 3806 2942 3881 βασιλείας
2993 3810 3319 3888 κατάσχεσιν
3397 3813 3800 3891 ὀνειροπολῶν.

2146 3892 2249 3946 Καὶ
2282 3889 2420 3961 δῆτα
2448 3893 2548 3961 τήν
2599 3894 2783 3949 Ἀσίαν
2834 3901 3211 3975 κατατρέχιυν,
3259 3907 3367 3957 τῶν
3429 3889 3524 3976 μὴν
3568 3902 3802 3960 σπενδο-

2149 3977 2324 4051 μένων
2356 3979 2504 4053 αὐτῷ
2533 3981 2833 4057 πυρπολῶν
2892 3987 2987 4049 τάς
3048 3987 3225 4052 οἰκίας
3279 3989 3429 4046 λείαν
3464 3992 3626 4057 ἐτίθει
3683 4000 3798 4049 Μυ-

2147 4072 2275 4126 σῶν.
2311 4068 2575 4132 Βασιλεὺς
2612 4068 2669 4126 δὲ
2725 4074 2863 4150 πρὸς
2913 4076 3072 4132 αὐτὸν
3131 4079 3330 4157 γράφει
3388 4086 3628 4138 mutu"
3686 4084 3795 4140 Τὸν

2146 4155 2374 4233 ἔναγχος
2403 4162 2770 4235 γεγενημένον
2802 4169 2938 4238 πρὸς
3005 4162 3080 4221 ἕω
3137 4155 3501 4245 νεωτερισμὸν
3561 4172 3802 4243 ἀκηκοό-

2145 4267 2256 4338 τες,
2290 4247 2352 4302 οὐ
2382 4255 2483 4318 τῆς
2510 4252 2640 4319 σῆς.
2668 4253 2900 4330 γνώμης
2959 4253 3119 4333 ἔργον
3175 4263 3434 4314 τοσοῦτον
3491 4262 3804 4338 ἡγούμεθα,

2148 4335 2274 4392 ὅσον
2306 4344 2405 4407 τῆς
2456 4342 2565 4393 τῶν
2622 4350 3005 4419 συναραμένων
3058 4367 3143 4402 σοι
3202 4348 3466 4412 ἀπονοίας
3526 4335 3804 4427 καὶήτρό-

2148 4448 2276 4497 που,
2339 4422 2695 4505 βαρϐαρικοῦ,
2754 4430 2813 4487 οἷ’
2862 4454 2923 4510 γε
2980 4434 3195 4499 πάντως
3280 4439 3381 4494 ὑπὸ
3440 4422 3801 4506 θεοϐλαϐείας

2146 4517 2676 4592 παρακροτούμενοι,
2708 4521 2761 4584 ἐς
2808 4529 3064 4580 τοσοῦτον
3123 4523 3368 4583 κίνδυνον
3421 4529 3644 4593 ἑαυτοὺς
3702 4530 3802 4604 ἐμ-

2146 4601 2335 4661 ϐαλεῖν
2370 4608 2470 4663 οὐκ
2509 4607 2832 4685 ἐνάρκησανο
2897 4614 2983 4668 καὶ
3038 4619 3206 4670 ταῦτα
3263 4615 3492 4691 εἰδότες,
3542 4619 3619 4683 ὡς
3682 4601 3805 4687 τοῖς

2146 4702 2445 4771 νεωτεριεῖν
2502 4698 2549 4735 ³⁷
2626 4700 2990 4775 ἀνῃρημένοις
3048 4706 3139 4759 καὶ
3223 4705 3520 4764 ἀντίπαλον
3600 4707 3650 4782 ἐξ
3709 4709 3803 4764 αὐ-

385 4797 606 4847 terram
638 4796 950 4845 cruentare
981 4805 1272 4845 veremur.
1294 4791 1447 4855 Quin
1472 4791 1838 4848 si'vellemus
1854 4794 2028 4849 armis

2148 4782 2363 4849 θαδείας
2389 4786 2561 4860 αἴρειν
2610 4794 2773 4863 χεῖρα
2830 4790 3120 4864 Ῥωμαίων
3178 4795 3365 4859 αὐτοῖς
3425 4798 3801 4875 αὐτοκράτορ-

385 4882 449 4937 in
481 4881 796 4936 seditiosos
826 4878 1315 4949 animadvertere,
1368 4880 1496 4937 sine
1526 4899 1694 4938 mora
1718 4884 1885 4955 (pace
1918 4886 2035 4939 Nu-

388 4970 569 5027 minis
601 4969 873 5040 dixerim)
901 4969 973 5024 ad
1003 4969 1281 5025 acerbum
1313 4987 1415 5024 eos
1463 4972 1772 5028 interitum
1804 4973 2038 5047 redige-

390 5077 558 5117 mus:
594 5059 827 5114 Etenim
860 5058 991 5130 quis
1010 5064 1101 5114 est
1130 5064 1249 5114 tam
1271 5059 1770 5130 pervicax,utvim
1793 5062 2040 5135 impres-

385 5151 572 5207 sionis
586 5155 804 5205 nostrae
818 5148 1340 5219 subtineat,neque
1351 5150 1551 5204 statim
1565 5151 1765 5206 animo
1780 5152 2039 5210 demisso

385 5233 584 5305 fugam
635 5228 898 5301 spectet!
945 5228 1201 5283 Proinde
1251 5230 1561 5284 hortamur
1608 5248 1726 5299 vos,
1761 5250 1795 5288 a
1838 5235 2041 5305 perni-

388 5322 565 5378 ciosis
598 5320 869 5376 consiliis
900 5319 986 5373 uti
1018 5319 1092 5374 ad
1128 5317 1414 5374 salutaria
1444 5336 1543 5375 vos
1563 5325 2039 5392 transleratis.et,

384 5411 526 5467 dum
552 5410 798 5465 relictus
828 5408 1166 5464 remissioni
1208 5407 1374 5463 locus
1397 5414 1507 5477 est,
1540 5410 1792 5483 abiectis
1834 5414 2039 5484 armis,

382 5498 665 5574 potentiae
724 5499 946 5556 cedatis
972 5499 1295 5572 Majestatis
1342 5504 1581 5567 nostrae,
1625 5502 2044 5573 impunitatem

2151 4895 2256 4946 σιν,
2290 4872 2522 4947 οὐδεμία
2559 4898 2642 4940 τις
2701 4879 2776 4941 είς
2835 4881 3157 4956 παραίτησιν
3218 4872 3613 4944 ὑπολέλειπται
3665 4872 3808 4965 πρό-

2151 4985 2332 5054 φασις,
2367 4966 2598 5036 ὁπηνίκα
2626 4972 2742 5030 τοῖς
2801 4969 3002 5036 ὅπλοις
3048 4978 3564 5052 καταγωνισθέντες,
3590 4981 3675 5051 [Ρ.
3709 4982 3804 5054 ’71]

2154 5050 2366 5109 ἔκδοτοι
2396 5061 2515 5118 ταῖς
2547 5056 2933 5128 ποινηλασίαις
2995 5050 3313 5141 ὑπάγονται.
3357 5071 3547 5140 Ἡμεῖς
3577 5050 3805 5146 τοιγαρ;

2155 5147 2247 5198 οὖν
2280 5143 2536 5222 ἐμφυλίῳ
2593 5146 2785 5223 αἳματι
2847 5156 3033 5222 μιᾶναι
3083 5155 3181 5222 τὴν
3237 5163 3340 5232 γῆν
3400 5143 3805 5231 εὐλαϐοὐμ-εΘ-α.

2154 5233 2221 5291 Εἰ
2242 5234 2341 5309 γὰρ
2377 5234 2742 5310 βουληθῶμεν
2775 5245 2891 5301 τοῖς
2922 5240 3120 5305 ὅπλοις
3151 5244 3277 5307 τοὺς
3306 5246 3612 5312 ἀποστάτας
3661 5250 3807 5322 ἀμύ-

2155 5335 2358 5393 νεσθαι,
2392 5324 2491 5379 οὐκ
2520 5322 2581 5379 ἅν
2615 5328 2911 5402 φθάνοιμεν
2948 5329 3065 5403 (σὺν
3116 5338 3233 5406 Θεῷ
3289 5333 3345 5389 δὲ
3403 5336 3684 5413 εἲρησθω),
3720 5338 3810 5394 οἶ-

2154 5418 2334 5487 κτρῶς
2363 5414 2558 5479 αὐτοὺς
2587 5416 3016 5483 κατακαίνοντες.
3052 5421 3146 5486 Τίς
3172 5424 3273 5499 γάρ
3304 5425 3606 5503 ἀτέραμνος
3662 5429 3809 5485 οὕτω

2155 5500 2506 5575 καθέστηκεν,
2540 5505 2614 5567 ὡς
2643 5505 2943 5577 ὑποστῆναι
2982 5511 3081 5580 τήν
3141 5512 3321 5586 ῥοπήν
3375 5500 3481 5572 τοῦθ
3533 5517 3812 5596 ἡμετέρου

1602 5627 1662 5681 C.
1699 5627 1759 5680 Β.
1813 5626 2001 5683 HASII
2031 5631 2592 5687 ANNOTATIONES.

456 5726 851 5819 37nvswtspte‘iv.
887 5724 1141 5781 Videtur
1170 5723 1231 5780 id
1271 5740 1403 5780 esse
1460 5723 1621 5797 apud
1674 5724 1931 5782 Leonem
1985 5727 2028 5782 i1

2143 5729 2319 5787 itivus
2372 5729 2688 5804 prmsentis
2750 5732 3065 5805 cujusdam
3121 5740 3421 5815 νεωτεριέω
3474 5746 3621 5819 (sic).
3675 5748 3810 5810 Vid.

383 5796 473 5853 87.
496 5798 559 5857 C.
