4118 6454
403 407 527 467 829

405 535 718 610 ταξιάρχων
802 534 892 589 καὶ

406 625 633 686 Τούτοις
689 622 1144 698 ἐγκελευσάμενος
1219 621 1518 694 δεξιοῦσθαι
1591 623 1719 684 τοὺς
1778 643 2063 699 γνωσιμα-

405 719 661 790 χοῦντας,
719 713 810 768 καὶ
862 713 1185 777 ἀθετοῦντας
1239 715 1340 783 την
1391 713 1488 767 τοῦ
1548 713 1812 786 τυράννου
1870 711 2066 775 αὐθεν-

400 804 545 872 τίαν,
585 803 677 858 καὶ
707 803 844 876 πρὸς
875 805 974 871 τὴν
1034 807 1132 858 τοῦ
1176 801 1449 878 βασιλέως
1504 800 1901 862 ἀποκλίνοντας
1936 799 2063 855 δού-

405 895 606 950 λωσιν.
641 894 701 950 Ὁ
761 891 818 947 δέ
876 891 1258 966 στρατηλάτης
1320 890 1597 967 Σκληρὸς,
1640 891 1732 945 τὸν
1784 890 2064 964 Βόσπορον

403 983 729 1058 περαιωθεὶς
785 981 875 1036 καὶ
935 980 1284 1058 κατειληφὼς
1341 981 1404 1036 τὸ
1462 979 1785 1054 Δορύλαιον,
1846 977 2068 1042 ἐνταῦθα

401 1072 495 1128 τὸν
552 1072 778 1146 στρατὸν
849 1070 1189 1140 ἀνεκαλεῖτο,
1243 1071 1333 1125 καὶ
1386 1069 1438 1132 ἐς
1501 1069 1749 1148 φάλαγγα
1815 1068 2065 1140 καθίστη,

403 1162 492 1217 καὶ
551 1166 669 1222 ταῖς
728 1161 849 1224 καθ’
905 1159 1114 1234 ἡμέραν
1182 1160 1434 1232 μελὲταις
1492 1159 1807 1234 ἐγύμναζεν·
1843 1156 1951 1229 ἤδη
2013 1156 2069 1213 δὲ

400 1251 490 1306 καὶ
544 1251 876 1326 ἀποχρῶσαν
938 1252 1082 1325 ὁρῶν
1139 1251 1238 1319 τήν
1289 1249 1740 1325 ἐπισυναχθεῐσαν
1788 1249 2065 1324 στρατιάν,

400 1342 476 1403 ὡς
529 1341 666 1396 εἶναι
724 1342 914 1410 ἱκανὴν
986 1341 1030 1378 ⁴¹
1090 1339 1140 1412 ἐξ
1201 1338 1501 1394 ἀντιπάλου
1580 1338 1895 1414 παρατυχὸν
1954 1343 2068 1400 τοῖς

399 1430 665 1490 ἐναντίοις
725 1428 1158 1502 συμπλέκεσθαι,
1206 1433 1286 1501 τῷ
1343 1431 1503 1484 Δουκὶ
1561 1426 1745 1503 Βάρδᾳ
1801 1428 1890 1483 καὶ
1939 1449 2067 1502 συγ-

1738 403 2135 466 ΗΙΒΤΟΒΙΛΕ
2177 403 2325 464 LIB.
2372 402 2507 464 VII.

981 539 1301 610 στρατηγῶν
1358 533 1448 589 καὶ
1527 534 1829 610 πατρικίων
1883 534 2039 606 τιμαί

2180 538 2362 602 verat,
2424 535 2548 606 qui,
2609 535 2958 606 poenitentia
3000 535 3182 601 ducti,
3245 539 3564 607 spretoque
3595 535 3836 605 tyranni

3715 403 3836 462 830

2175 622 2504 689 dominatu,
2539 624 2601 678 in
2635 625 3013 696 imperatoris
3046 626 3225 680 ﬁdem
3259 642 3321 680 se
3354 624 3716 679 conferrent.
3747 623 3834 677 Ita

2178 712 2414 767 Sclerus
2447 713 2739 784 Magister,
2771 731 2905 768 cum
2941 715 3288 769 transmisso
3351 715 3610 784 Bosporo
3656 713 3834 782 Dory-

2177 801 2354 856 lzeum
2376 803 2764 872 pervenisset,
2799 819 2866 858 eo
2899 805 3098 875 copias
3145 809 3366 869 evocat,
3400 803 3460 856 in
3520 817 3828 871 unumque

2178 895 2514 947 contractas
2571 893 2936 963 quotidianis
2995 892 3516 948 exercitationibus
3588 890 3827 962 subigit.

2178 982 2506 1050 Postremo,
2535 981 2636 1036 ubi
2669 981 2834 1047 vidit,
2880 982 3156 1037 idoneam
3214 983 3371 1037 circa
3401 997 3462 1036 se
3515 980 3824 1036 collectam

2177 1086 2444 1139 manum,
2480 1087 2610 1141 quas
2637 1071 2770 1142 jam
2801 1078 3020 1144 posset,
3050 1072 3360 1126 occasione
3393 1070 3615 1136 oblata,
3662 1069 3830 1142 signa

2179 1177 2312 1216 cum
2337 1161 2690 1217 adversariis
2716 1162 3010 1229 conferre,
3043 1165 3083 1216 1
3101 1165 3134 1217 Ι
3151 1162 3196 1217 8
3219 1161 3420 1216 Bardae
3452 1161 3610 1227 duci,
3661 1159 3828 1214 afﬁni

2179 1269 2285 1308 suo
2316 1253 2556 1324 (quippe
2589 1270 2854 1309 sororem
2914 1255 3123 1308 Pbocm
3181 1252 3604 1308 Constantinus
3635 1250 3829 1305 Patri-

2178 1341 2325 1406 cius,
2360 1341 2540 1396 Scleri
2573 1341 2774 1410 frater,
2806 1343 2868 1397 in
2901 1342 3350 1397 matrimonium
3383 1341 3672 1412 duxerat),
3697 1339 3826 1394 haec

2175 1431 2474 1501 signiﬁcat
2493 1449 2507 1486 :

398 1517 637 1594 κηδεστῇ
685 1517 951 1597 (ἀδελφὴν
1000 1519 1105 1596 γὰρ
1160 1523 1258 1574 τοῦ
1295 1524 1450 1574 Φυκᾶ
1508 1522 1912 1580 Κωνσταντῖνος
1968 1518 2277 1592 Πατρίκιος,
2338 1520 2365 1574 ὁ
2420 1524 2517 1575 τοῦ
2571 1521 2830 1596 Σκληροῦ
2882 1523 3166 1595 σύναιμος,
3215 1520 3443 1595 σύζυγον
3495 1521 3628 1594 εἶχε)
3657 1517 3827 1588 δηλοῖ

396 1614 586 1664 ταῦτα·

471 1723 532 1780 δ’.
585 1748 613 1776 ‹‹
672 1724 1026 1801 Ἐπισφαλῶς
1078 1719 1394 1779 ἐϐουλεύσω
1451 1723 1541 1778 καὶ
1603 1723 1728 1778 λίαν
1781 1721 2057 1778 ἐπικινδύο

399 1836 528 1883 νως,
567 1810 800 1883 ἀναίδην
858 1815 996 1868 κατὰ.
1047 1818 1154 1868 τῶν
1213 1813 1556 1888 κρατούντων
1620 1809 2060 1885 ἀπαυθαδισάμε-

395 1925 511 1973 νος,
571 1904 660 1959 καὶ
713 1905 813 1973 τὴν
893 1903 1146 1979 ὀλέθριον
1226 1902 1535 1975 μελετήσας
1592 1899 1906 1978 τυραννίδα,
1966 1903 2054 1957 καὶ

398 1993 545 2048 ὅπλα
599 1993 739 2048 κατά
797 1997 905 2048 τῶν
969 1990 1266 2069 ὁμοφύλων
1329 1992 1620 2067 ἀράμενος,
1651 1992 1742 2046 καὶ
1791 1989 2059 2059 καταμιά-

396 2104 488 2146 νας
543 2083 705 2155 ἱερῶν
767 2079 932 2136 οἷ’κων
990 2079 1086 2152 ἕδη
1151 2086 1270 2144 ταῖς
1327 2086 1435 2136 τῶν
1494 2079 1832 2136 ἀπαιδεύτων
1883 2102 2057 2135 συνω-

399 2176 580 2244 μοτῶν
639 2177 972 2247 προνομαῖς.
1032 2171 1131 2235 Εἷς
1183 2171 1333 2226 κενὸν
1403 2172 1715 2241 ἡπατήθης,
1777 2171 2054 2246 Πατρίκιε,

392 2263 589 2318 λέοντα
635 2263 843 2318 νύσσων
894 2265 1273 2337 κοιμώμενον,
1322 2263 1415 2317 τὸν
1466 2263 1738 2332 ἀήττητον
1791 2261 2055 2336 αὐτοκρά-

387 2373 544 2427 τορα.
600 2350 770 2415 Οἶδας
830 2352 956 2428 γάρ,
1017 2353 1090 2413 ὡς
1150 2351 1200 2406 ἐν
1256 2357 1374 2413 ταῖς
1423 2353 1626 2426 μάχαις
1659 2351 1936 2424 ἐπιφανεὶς
1963 2351 2056 2404 οὗ·

390 2462 507 2511 τος,
567 2441 977 2518 πολυάνθρωπα
1036 2440 1378 2514 στρατόπεδα
1433 2440 1492 2496 ἐκ
1553 2448 1655 2510 τῆς
1713 2443 1908 2513 φήμης
1964 2438 2053 2494 καὶ

398 2532 572 2605 μόνης
647 2531 929 2606 ἐτρέψατο.
995 2535 1119 2592 Πῶς
1181 2529 1297 2601 οὖν,
1377 2527 1787 2608 διεφθαρμένων
1840 2526 2050 2601 ἀνδρῶν

391 2616 754 2692 συμϐουλίαις
815 2620 1180 2689 ἀναπεισθείς,
1240 2619 1317 2683 είς
1377 2624 1626 2674 τοιοῦτον
1686 2616 1909 2681 ὄλισθον
1969 2616 2052 2670 ὲν·-

390 2708 632 2773 σέσεικας
662 2711 923 2778 σεαυτόν;
982 2707 1158 2775 ’Δλλ’,
1222 2708 1268 2763 εἰ
1327 2705 1499 2776 δοκεῖ,
1542 2706 1795 2777 πείσθητί
1828 2727 1946 2779 μοι,
1975 2705 2050 2768 ὡς

392 2799 763 2877 συγκηδεστῇ,
821 2800 910 2856 καὶ
971 2801 1244 2876 φιλούντι,
1303 2801 1390 2855 καὶ
1449 2801 1519 2855 τὰ
1579 2797 1764 2872 λῴονα
1807 2793 2049 2870 συμϐου-

392 2889 628 2946 λεύοντι·
689 2890 780 2945 καὶ
840 2891 1064 2945 ἀπώθου
1122 2891 1223 2958 τὴν
1279 2891 1541 2959 κακίστην
1601 2885 1911 2957 τυραννίδα,
1959 2885 2048 2941 καὶ

388 2986 488 3048 τῆς
519 2979 797 3055 σωτηρίας
852 2973 1167 3044 ἀντιλαϐοὖ,
1229 2977 1561 3052 συγγνώμην
1593 2981 1690 3031 τοῦ
1731 2975 2050 3052 σφάλματος

387 3071 756 3143 αἱτησάμενος
813 3068 940 3142 (ἐγὼ
1017 3065 1073 3122 δὲ
1160 3066 1320 3129 αὐτὸς
1380 3066 1690 3142 ἐγγυῶμαι,
1759 3063 1928 3138 μηδὲν
1991 3086 2049 3120 σε

385 3159 662 3222 πείσεσθαι
720 3162 828 3212 τῶν
886 3155 1094 3228 ἀηδῶν,
1152 3154 1276 3211 οὔτε
1355 3157 1491 3230 πρὸς
1539 3160 1637 3210 τοῦ
1692 3159 2045 3229 κρατοῦντος,

384 3248 507 3303 οὔτε
538 3249 675 3322 πρὸς
714 3246 890 3302 ἄλλου
921 3249 1093 3313 τινὸς,
1127 3245 1272 3300 ἂλλά
1322 3245 1412 3300 καὶ
1470 3249 1548 3316 τῷ
1580 3242 1929 3318 συνεπομένῳ
1962 3263 2046 3298 σοι

2241 1729 2292 1781 4.
2328 1749 2358 1777 ‹‹
2391 1728 2718 1782 Consilium
2746 1728 2935 1784 iniisti
2985 1729 3371 1783 temerarium
3405 1733 3464 1783 et
3512 1728 3827 1798 insigniter

2168 1816 2861 1888 periculosum,quando,
2886 1817 3265 1890 impudenter
3289 1818 3352 1872 in
3385 1818 3661 1872 dominos
3683 1835 3823 1873 con-

2169 1908 2392 1963 tumax.
2422 1903 2832 1960 calamitosam
2865 1905 3253 1959 rebellionem
3275 1903 3619 1968 meditatus,
3644 1904 3823 1958 motis

2167 1992 2478 2048 adversum
2511 1993 2665 2049 cives
2697 1995 2877 2049 armis
2938 2010 3241 2049 sacrarum
3297 1993 3515 2048 aedium
3573 1993 3822 2047 delubra

2166 2083 2520 2137 immanium
2569 2083 3014 2154 conjuratorum
3046 2082 3483 2154 direptionibus
3531 2082 3819 2137 contami-

2165 2172 2342 2227 nasti.
2392 2172 2562 2227 Falsa
2619 2189 2721 2244 spe
2779 2173 3082 2236 inductus,
3133 2170 3628 2239 Patrici,leonem
3683 2170 3817 2224 dor-

2167 2263 2474 2329 mientem,
2530 2263 2813 2319 invictum
2873 2264 3227 2335 principem,
3286 2261 3553 2320 irritasti.
3589 2264 3714 2316 Non
3755 2277 3817 2316 es

2165 2353 2424 2417 nescius,
2458 2351 2629 2407 illum
2661 2351 2722 2406 in
2754 2351 2977 2422 praaliis
3007 2358 3392 2422 apparentem
3415 2350 3817 2421 amplissimos

2166 2441 2460 2495 exercitus
2493 2440 2582 2496 vel
2613 2441 2738 2496 sola
2766 2440 2927 2496 fama
2956 2441 3018 2494 in
3047 2441 3247 2512 fugam
3294 2440 3673 2495 convertisse.
3707 2439 3817 2504 Qui

2163 2529 2345 2601 igitur
2377 2529 2462 2598 ﬁt,
2496 2534 2580 2597 ut,
2628 2529 2996 2600 perditorum
3052 2530 3362 2584 hominum
3413 2528 3681 2584 consiliis
3714 2527 3815 2582 ob-

2163 2624 2530 2689 temperans,
2560 2618 2622 2673 in
2653 2619 2946 2690 ejusmodi
2979 2619 3225 2690 laqueos
3257 2627 3311 2674 te
3343 2619 3469 2690 ipse
3499 2617 3766 2672 indueris
3788 2619 3816 2670 ?

2163 2707 2297 2777 Sed,
2332 2707 2379 2762 si
2411 2707 2663 2775 videtur,
2699 2708 2846 2763 mihi
2875 2707 3070 2775 crede,
3106 2715 3171 2763 ut
3200 2709 3388 2778 afﬁni,
3413 2715 3479 2762 ut
3507 2708 3720 2775 amico,
3753 2711 3819 2761 ut

2162 2813 2232 2852 ea
2261 2795 2557 2863 suadenti,
2592 2814 2723 2868 quae
2756 2797 2860 2852 tibi
2912 2798 3169 2853 maxime
3220 2797 3560 2854 conducant
3587 2814 3600 2850 :
3633 2797 3816 2868 rejice

2161 2901 2197 2939 a
2227 2889 2284 2938 te
2316 2885 2470 2940 hanc
2502 2885 2792 2941 nefariam
2824 2885 3236 2947 rebellionem.
3263 2902 3505 2957 capesse
3537 2885 3812 2951 salutem,

2161 2974 2364 3028 delicti
2394 2975 2567 3030 venia
2596 2976 2854 3047 expetita
2883 2978 3010 3048 (ego
3052 2977 3163 3031 hoc
3215 2976 3321 3030 tibi
3376 2975 3662 3046 spondeo,
3695 2991 3816 3029 non

2162 3063 2355 3118 solum
2396 3062 2548 3117 nihil
2580 3068 2635 3118 te
2693 3063 2806 3118 diri
2864 3080 3205 3134 passurum,
3262 3080 3456 3134 neque
3505 3080 3539 3118 a
3569 3062 3814 3117 domino

2160 3158 2390 3219 nostro,
2429 3168 2625 3222 neque
2657 3152 2728 3208 ab
2762 3152 2878 3208 alio
2908 3170 3229 3224 quoquam,
3263 3171 3464 3209 verum
3497 3153 3675 3207 etiam
3698 3168 3818 3207 ma-

2165 3243 2292 3308 nui,
2321 3260 2451 3313 quaa
2485 3249 2680 3299 tecum
2711 3244 2808 3310 sit,
2840 3245 3260 3314 impunitatem
3293 3243 3817 3300 inconsiderantiaa

389 3308 895 3415 ntgstldpvnnsta
943 3343 1045 3404 τῆς
1082 3308 1424 3408 ’προπετείας
1477 3308 1808 3406 δόθήσεταιίο
1964 3326 2053 3397 73]

2171 3332 2376 3387 datum
2407 3333 2502 3401 iri)
2529 3350 2541 3387 :
2573 3350 2771 3404 neque
2819 3334 2963 3388 velis
3003 3335 3064 3388 in
3097 3340 3152 3389 te
3184 3351 3415 3390 armare
3459 3333 3818 3405 indignatio-

395 3426 487 3482 καὶ
523 3428 600 3499 μή
637 3425 924 3501 βουληθῇς
983 3425 1074 3479 τὸν
1135 3425 1306 3496 θυμὸν
1361 3423 1640 3493 ἐξοπλίσαι
1671 3424 1808 3478 κατά
1840 3427 1936 3478 σοῦ
1963 3423 2059 3482 τὸν

400 3513 709 3590 βασιλικὸν,
769 3513 830 3574 ὅς
901 3511 1274 3588 ἀπαραίτητός
1345 3510 1457 3566 ἐστι
1515 3517 1630 3572 τοῖς
1693 3511 2055 3586 εὐγνωμονεῖν

391 3603 494 3658 οὐκ
551 3602 824 3668 ἐθέλουσι.
882 3607 999 3657 Τῶν
1046 3606 1273 3657 σεαυτοῦ
1331 3600 1528 3656 λοιπὸν
1559 3600 1854 3676 γενόμενος
1887 3600 2055 3675 λογι-

394 3699 546 3766 σμῶν
585 3695 663 3766 μὴ
725 3696 872 3767 προῇ
927 3693 975 3729 ⁴²
1032 3695 1130 3762 τήν
1191 3691 1430 3767 ἐσχάτην
1481 3689 1737 3767 ἄγκυραν,
1771 3690 1919 3762 ἀλλ’,
1950 3688 2056 3754 ἕως

390 3783 456 3836 τὸ
517 3782 902 3858 φιλάνθρωπον
990 3782 1298 3855 πρόκειται,
1384 3778 1620 3834 ἄσπασαι
1671 3783 1860 3847 τοῦτο,
1921 3778 2054 3854 ὅπερ

402 3871 637 3932 είσαῦθις
697 3869 972 3940 ἐπιζητῶν
1034 3869 1142 3945 οὐχ
1196 3869 1468 3944 εὑρήσεις,
1525 3868 1614 3922 καὶ
1669 3866 1855 3923 πολλά
1879 3889 2053 3923 κατα-

403 3962 712 4034 θρηνήσεις,
771 3961 964 4014 σαυτὸν
1018 3965 1118 4028 τῆς
1180 3955 1445 4021 ἀϐουλίας
1505 3957 1940 4037 μεμφόμενος.»
1991 3958 2053 4015 'O

397 4048 455 4103 δὲ
515 4054 714 4110 Φωκᾶς
777 4045 1007 4116 Βάρδας,
1063 4049 1163 4115 τήν
1221 4045 1450 4119 δύναμιν
1510 4047 1908 4119 ἀναλεξάμενος
1952 4053 2052 4116 τῆς

394 4146 630 4217 γραφῆς,
689 4131 974 4210 ἀμείϐεται
1027 4140 1215 4191 ταῦτα·
1283 4158 1305 4186 ι
1363 4135 1587 4210 Ἀγαθόν
1634 4157 1684 4189 τι
1737 4143 1933 4211 χρῆμα
1962 4135 2050 4190 καὶ

397 4233 540 4291 θεῖον
608 4227 745 4282 εἶναι
801 4227 900 4295 τήν
986 4221 1310 4297 συμϐουλὴν
1371 4224 1745 4298 ἐξεπίσταμαι,
1802 4223 2052 4280 παλαιῶν

398 4311 625 4391 βίϐλους
687 4315 1060 4391 παραναγνοὺς
1121 4315 1209 4370 καὶ
1267 4315 1450 4379 αὐτός’
1513 4314 1720 4389 ἰσχύειν
1755 4312 1813 4371 δὲ
1848 4315 2048 4386 ταύτην

387 4411 685 4476 τηνικαῦτα
766 4404 1082 4482 λογίζομαι,
1147 4403 1386 4474 ὁπηνίκα
1444 4404 1730 4480 θεραπείαν
1786 4405 1855 4460 τά
1911 4407 2049 4480 πρά-

391 4517 576 4568 γματα
607 4493 882 4572 δέχονται.
942 4496 1105 4552 *Οταν
1162 4492 1219 4549 δὲ
1275 4495 1399 4568 περὶ
1456 4494 1590 4549 αύτά
1625 4495 1693 4549 τά
1720 4496 1904 4569 καίρια
1932 4516 2049 4550 κιν-

386 4582 648 4640 δυνεύωσι
706 4585 797 4639 καὶ
850 4583 926 4646 εἷς
985 4583 1052 4638 τά
1108 4582 1334 4657 πύματα
1392 4580 1540 4638 δεινά
1598 4581 2048 4652 συνελεύνωνται,

2166 3439 2302 3477 nem
2322 3422 2789 3493 imperatoriam,
2821 3423 3251 3479 inexorabilem
3278 3441 3524 3495 prorsus
3546 3423 3686 3485 illis,
3715 3422 3817 3492 qui

2167 3529 2326 3567 sanae
2358 3513 2580 3568 mentis
2603 3531 2732 3570 esse
2763 3514 2996 3569 nolunt.
3031 3513 3176 3570 Redi
3196 3515 3376 3586 igitur
3405 3514 3477 3568 ad
3511 3513 3816 3584 ingenium

2165 3607 2356 3669 tuum,
2388 3602 2511 3657 noli
2545 3603 2845 3660 dimittere
2892 3605 3167 3659 ultimam
3225 3620 3527 3669 ancoram,
3561 3607 3635 3665 et,
3673 3601 3815 3656 dum

2163 3693 2224 3746 in
2261 3698 2539 3765 promptu
2597 3700 2656 3748 et
2712 3695 3142 3764 misericordia,
3201 3697 3564 3768 amplectere
3623 3694 3814 3760 illam,

2163 3798 2339 3852 quem
2371 3784 2616 3854 posthac
2673 3785 2988 3855 requirens
3035 3785 3193 3840 haud
3253 3785 3572 3854 obtinebis,
3638 3790 3814 3854 teque

2161 3869 2356 3940 ipsum
2381 3877 2540 3938 tunc,
2566 3871 2820 3926 multum
2844 3878 3226 3944 conquestus,
3263 3873 3613 3927 temeritatis
3644 3888 3818 3926 accu-

2162 3958 2342 4014 sabis.
2379 3982 2406 4009 »
2457 3960 2627 4032 cujus
2664 3961 2811 4016 H9
2864 3961 3130 4033 epistolas
3187 3962 3684 4034 signiﬁcationem
3716 3959 3816 4015 ubi

2161 4048 2386 4103 Phocas
2418 4049 2637 4104 Bardas
2669 4051 2987 4122 perspexit,
3032 4051 3342 4122 respondit
3377 4052 3451 4108 ad
3487 4053 3645 4107 hunc
3686 4066 3818 4104 mo-

2160 4135 2302 4190 dum
2329 4154 2342 4190 :
2382 4162 2401 4185 ι
2433 4138 2764 4194 Consilium
2796 4156 2923 4194 rem
2955 4155 3085 4194 esse
3140 4140 3428 4211 optimam
3457 4146 3636 4210 atque
3667 4138 3816 4192 divi-

2160 4242 2300 4280 nam
2331 4227 2515 4298 probe
2539 4228 2694 4291 novi,
2720 4245 2862 4283 nam
2892 4228 3199 4283 volumina
3219 4229 3290 4284 ab
3322 4230 3587 4300 antiquis
3619 4228 3817 4282 homi-

2158 4316 2335 4371 nibus
2383 4319 2720 4389 conscripta
2767 4318 2895 4390 ipse
2925 4336 3161 4390 quoque
3192 4319 3304 4392 legi
3335 4336 3346 4372 :
3377 4319 3611 4374 tametsi
3663 4317 3814 4374 illud

2159 4406 2401 4477 quidem
2433 4414 2574 4463 tunc
2603 4408 2778 4463 modo
2803 4409 2998 4464 valere
3029 4409 3303 4475 arbitror,
3338 4409 3577 4479 quando
3612 4409 3816 4465 mede-

2158 4495 2275 4551 lam
2325 4515 2421 4553 res
2479 4498 2843 4554 admittunt.
2908 4501 3146 4563 Verum,
3205 4499 3439 4570 quoties
3491 4503 3814 4554 extremum

2156 4588 2491 4658 periculum
2525 4587 2818 4655 imminet,
2851 4594 3060 4659 estque
3081 4587 3300 4659 aliquis
3319 4587 3392 4643 ad
3415 4589 3574 4643 mala
3603 4589 3817 4645 ultima

386 4670 480 4730 ἴσα
508 4675 598 4731 καὶ
622 4679 705 4747 τῷ
739 4672 910 4745 μηδὲν
946 4672 1156 4748 ἰσχύειν
1191 4673 1350 4746 οἶμαι
1392 4676 1491 4744 τήν
1525 4669 1872 4746 συμϐουλήν.
1908 4676 2047 4751 Ἐγὼ

2167 4677 2498 4749 :ompulsus
2557 4685 2786 4732 tantum
2830 4678 3061 4748 pondus
3115 4678 3334 4732 habere
3384 4678 3641 4734 arbitror
3671 4697 3816 4735 con-

389 4764 493 4838 γὰρ
525 4763 1019 4837 ἀναλογιζόμενος,
1081 4762 1157 4826 εἷς
1219 4765 1338 4824 οἳας
1393 4762 1566 4840 τύχας
1625 4765 1653 4819 ὁ
1711 4766 1927 4828 ἂνόσιος
1961 4767 2048 4820 καὶ

387 4853 737 4926 παλαμναῖος
784 4853 1038 4924 Ἰωάννης
1095 4853 1159 4908 τὸ
1215 4852 1347 4926 ἐμὸν
1405 4853 1713 4908 συνέκλεισε
1743 4855 1922 4928 γένος,
1955 4857 2047 4910 τὸν

393 4942 490 5016 μὲν
549 4941 923 5018 αὐτοκράτορα
975 4942 1065 4996 καὶ
1122 4948 1265 5006 θεῖον
1327 4943 1506 5015 ἐμὸν,
1547 4943 1830 5020 εὐεργέτην
1867 4941 1922 4998 δὲ
1954 4943 2046 4998 αύ-

384 5037 505 5104 τοῦ,
563 5033 912 5105 κοιμώμενον
975 5031 1170 5087 λέοντα
1225 5031 1435 5092 κτείνας
1493 5031 1767 5104 ἀνηλεῶς,
1835 5032 1933 5107 ἐμὲ
1992 5031 2050 5089 δὶ

387 5121 563 5198 μάτην
594 5122 934 5199 περιορίσας,
967 5122 1061 5177 τόν
1092 5143 1151 5177 τε
1180 5122 1351 5202 φύντα
1380 5121 1470 5177 καὶ
1499 5123 1592 5178 τὸν
1627 5123 1908 5197 ὁμαίμονα
1937 5117 2048 5198 (55)

455 5278 500 5314 ⁴¹
536 5278 612 5340 ὡς
644 5276 694 5347 ἐξ
729 5277 918 5346 ἱκανὴν
952 5277 1002 5347 ἐξ
1034 5277 1163 5334 cod.
1199 5278 1355 5334 Fort.
1390 5277 1577 5352 πρόες.

2163 4767 2383 4832 silium,
2411 4785 2587 4838 quam
2613 4785 2744 4838 qua:
2770 4768 3106 4825 minimum.
3136 4770 3250 4840 Ego
3277 4784 3508 4823 mecum
3533 4775 3817 4840 reputans

2159 4857 2234 4911 ad
2265 4873 2411 4928 quas
2434 4857 2952 4929 fortunasimpius
3001 4865 3179 4929 atque
3229 4858 3518 4913 scelestus
3561 4860 3817 4915 Joannes

2161 4965 2356 5003 meam
2388 4948 2679 5004 familiam
2734 4948 3049 5021 redegerit,
3094 4965 3233 5003 eum
3283 4955 3340 5003 et
3369 4947 3817 5020 imperatorem,

2159 5043 2438 5110 patruum
2473 5054 2697 5102 meum,
2729 5038 3170 5094 benefactorem
3193 5055 3389 5105 suum,
3423 5045 3488 5093 ut
3516 5039 3816 5094 dormien-

2163 5133 2281 5184 tem
2308 5128 2546 5183 leonem
2586 5127 2910 5184 crudeliter
2939 5128 3352 5195 obtruncasse,
3384 5134 3443 5182 et
3471 5143 3565 5182 me
3592 5133 3813 5182 temere

1603 5431 1664 5487 C.
1708 5430 1769 5487 Β.
1816 5431 2002 5488 HASII
2039 5433 2601 5490 ANNOTATIONES.

448 5583 562 5654 (55)
597 5579 906 5654 Manifesta
941 5595 1142 5637 errore
1201 5581 1313 5654 Leo
1366 5584 1492 5635 tum
1550 5580 1644 5636 hic
1699 5586 1824 5637 tum
1854 5586 1943 5646 99,
1978 5585 2040 5638 Β.

374 5651 696 5734 cpnfundit
752 5653 990 5734 φύσαντα
1045 5651 1360 5734 ἐμφύντα,
1414 5669 1668 5734 quorum
1726 5654 1838 5734 hoc
1866 5655 2045 5734 ﬁlium

373 5724 918 5800 signiﬁcare,'non
972 5724 1210 5797 patrem,
1273 5724 1365 5780 vel
1423 5725 1623 5796 pueris
1682 5733 1891 5783 notum
1931 5732 2040 5783 est.

2157 5584 2472 5657 Euripides
2507 5583 2837 5657 Heraclidis
2868 5587 2970 5657 326
3006 5602 3020 5641 :

2731 5655 2782 5727 ἐξ
2814 5655 3022 5720 ἐσθλῶν
3045 5651 3112 5730 Δδὲ
3141 5651 3244 5730 φὺς

2443 5725 2614 5785 Ούδὶν
2645 5722 2850 5783 κακίων
2879 5722 3170 5801 τυγχάνεις
3199 5725 3371 5801 γεγὼς
3403 5722 3630 5797 πατρός.
