4118 6450
340 409 455 469 831

1749 409 2028 471 LEONIS
2073 413 2397 478 DIACONI

3643 425 3761 484 832

344 539 406 594 in
440 541 715 595 exsilium
748 540 934 612 egisse
967 545 1195 611 patrem
1229 546 1426 596 autem
1452 540 1816 611 fratremque
1847 559 1996 596 smve

2120 543 2282 616 ὠμῶς
2334 548 2424 601 καὶ
2484 548 2924 626 ἀφιλανθρώπως
2981 549 3380 628 ἀποτυφλώσας
3431 550 3519 606 ἐπί
3550 553 3766 631 προφά-

346 636 526 701 atque
557 631 898 684 immaniter
910 630 1038 685 sine
1053 648 1230 686 causa
1253 632 1789 691 excaecasseyitam
1805 648 1999 687 meam

348 721 596 774 minime
618 719 853 774 vitalem
905 721 1200 775 existimo.
1238 722 1365 776 Noli
1394 722 1575 794 igitur
1604 723 1665 775 in
1714 738 1808 776 me
1856 721 1999 776 hor-

351 811 530 864 tando
561 810 890 879 defatigari.
920 818 982 866 ut
1027 812 1302 868 manibus
1336 813 1627 868 scelerati"
1656 813 1884 868 inimici
1915 813 2002 866 vi-

347 904 466 953 tam
499 907 863 955 committam
900 917 1114 956 meam.
1150 905 1467 972 Nunquam
1503 909 1563 957 tu
1619 902 1766 956 mihi
1817 902 1998 957 facies

347 987 548 1043 fldem.
584 989 735 1053 Quin
770 991 968 1060 potius
998 991 1085 1044 vir
1115 1007 1214 1046 ero
1248 992 1374 1062 ipse
1425 1008 1683 1062 quoque,
1718 997 1776 1045 et
1802 991 1998 1046 accin-

347 1083 476 1132 ctus
503 1078 698 1149 gladio
753 1080 1030 1135 manibus
1060 1081 1298 1152 generis
1329 1081 1445 1135 mei
1479 1079 1827 1151 parentabo.
1861 1081 2001 1135 Om-

349 1169 492 1223 nino
520 1170 800 1240 denique,
827 1172 1064 1241 quando
1087 1171 1246 1226 inter
1274 1171 1390 1226 duo
1424 1177 1687 1226 extrema
1708 1171 2002 1226 ﬂuctuant

347 1259 607 1321 fortuna,
639 1259 894 1315 alterum
928 1277 1133 1316 eorum
1167 1261 1432 1316 eveniet:
1466 1266 1569 1316 aut
1606 1261 1998 1332 imperatoria;

349 1347 655 1421 dignitatis
686 1350 1066 1420 splendorem
1117 1351 1416 1417 obtinebo,
1477 1357 1654 1420 atque
1707 1350 2000 1405 ultionem

349 1440 582 1512 integra
612 1441 841 1513 exigam
884 1458 918 1496 a
948 1441 1300 1512 parricidis:
1359 1445 1463 1496 aut
1523 1440 1756 1495 fortiter
1811 1439 2000 1494 fatum

345 1529 556 1594 feram,
585 1530 657 1584 ab
690 1531 925 1601 impuro
943 1538 1120 1601 atque
1143 1531 1326 1602 impio
1350 1537 1602 1602 tyranno
1635 1530 1940 1584 liberatus.
1971 1549 1992 1580 ι

422 1624 474 1674 5.
509 1622 670 1675 Hanc
702 1621 1013 1692 epistolam
1046 1621 1146 1676 ubi
1200 1621 1416 1677 Bardas
1463 1623 1700 1678 Sclerus
1749 1621 1998 1692 accepit,

349 1707 583 1778 abjecta
611 1725 736 1779 spe,
771 1710 1038 1764 consiliis
1077 1711 1338 1766 revocari
1391 1727 1562 1782 posse
1596 1710 1898 1764 hominem
1931 1726 2001 1763 ex

348 1801 557 1855 temeri
569 1806 683 1856 tate
706 1803 765 1854 in
789 1801 1083 1856 insaniam
1098 1801 1464 1872 prolapsum,
1481 1801 1744 1856 exercitu
1767 1801 1829 1855 in
1850 1803 1886 1854 1
1901 1799 2001 1855 20

2110 654 2186 687 σει
2226 634 2491 708 μηδεμιᾷ,
2550 640 2640 694 τὸν
2705 639 2822 714 βίον
2883 635 3117 696 ἀϐίωτον
3175 640 3415 713 τίθεμαι.
3471 643 3570 697 Διά
3598 648 3767 700 ταῦτα

2113 725 2187 793 μή
2249 726 2422 796 κάμνε
2476 727 2880 804 προτρέπων,ές
2936 734 3127 804 χεῖρας
3203 727 3508 806 ἀλάστορος
3564 731 3766 808 ἐχθροῦ

2106 813 2204 880 τὴν
2266 813 2502 886 ἐμαυτοῦ
2561 819 2821 888 προέσθαι
2905 821 3073 889 ζωήν.
3163 817 3306 877 Ούδὶ
3375 821 3477 894 γὰρ
3538 824 3762 887 πείσεις.

2107 901 2267 958 Ἀλλ’
2299 905 2436 976 ἀνὴρ
2471 904 2543 960 ὢν
2575 908 2664 962 καὶ
2720 908 2883 969 αὐτὸς
2940 910 3006 979 ⁴⁸,
3061 910 3148 963 καὶ
3208 909 3468 981 ἀκινάκην
3519 917 3762 987 παρεζωο

2109 990 2326 1062 σμένος,
2389 995 2726 1069 ἀγωνίσομαι
2781 1003 2898 1059 τοῖς
2953 997 3228 1069 κειμένοις
3290 1001 3400 1072 (56)
3459 999 3770 1075 τοῦγένους

2111 1101 2237 1152 μου.
2297 1082 2518 1146 Πάντως
2580 1083 2637 1140 δὲ
2695 1084 2813 1140 δυσὶ
2875 1088 3157 1161 πράγμασι
3214 1094 3314 1156 τῆς
3368 1087 3545 1163 τύχης
3571 1087 3765 1164 ᾐωρη-

2113 1171 2299 1240 μένης,
2353 1174 2572 1248 θάτερον
2629 1173 2840 1230 τούτων
2895 1171 3204 1246 ἐκϐήσεταιο
3261 1175 3294 1246 ἢ
3353 1179 3454 1253 γὰρ
3513 1177 3764 1241 εὐκλείας

2112 1260 2405 1333 βασιλικῆς
2433 1263 2802 1336 έπιτεύξομαι,
2852 1267 2942 1320 καὶ
2991 1271 3108 1328 τοῖς
3150 1265 3520 1338 παλαμναίοις
3553 1267 3765 1330 ἐντελὲς

2107 1351 2322 1422 παρέξω
2380 1353 2441 1406 τὸ
2495 1352 2867 1426 ἀνταπόδομα·
2927 1354 2962 1424 ἢ
3021 1355 3282 1429 γενναίως
3314 1357 3375 1410 τὸ
3411 1359 3759 1432 μεμορμένον

2107 1437 2432 1514 ἀποίσομαι,
2495 1449 2693 1520 μιαροῦ
2749 1443 3015 1519 τυράννου
3071 1445 3162 1500 καὶ
3233 1445 3448 1500 ἀνοσίου
3505 1444 3765 1502 ἀπαλλα-

2105 1527 2236 1603 γείς,
2268 1553 2296 1582 ››

2182 1619 2236 1672 ε’.
2274 1619 2493 1690 Ταύτην
2529 1621 2556 1676 ὁ
2594 1621 2845 1696 Σκληρὸς
2899 1621 3109 1696 Βάρδας
3138 1622 3465 1699 ἀπειληφὼς
3496 1627 3596 1694 τὴν
3625 1645 3763 1700 γρα-

2108 1707 2238 1784 φήν,
2298 1708 2387 1763 καὶ
2441 1709 2710 1786 ἀπογνοὺς
2767 1711 2842 1773 ὡς
2901 1713 3085 1767 οὐκέτι
3161 1709 3530 1786 συμϐουλίαις
3587 1716 3763 1770 πείσει

2107 1796 2197 1849 τὸν
2234 1796 2310 1858 εἷς
2340 1798 2595 1854 ἀπόνοιαν
2641 1798 2699 1854 ἐκ
2754 1800 3084 1874 προπετείας
3141 1801 3635 1872 κατολισθήσαντα,
3667 1804 3766 1871 τὴν

353 1889 479 1945 alas
503 1896 561 1944 et
588 1907 871 1945 numeros
903 1890 1218 1962 descripto,
1238 1907 1441 1945 versus
1464 1890 1844 1961 Dipotamum
1873 1905 1998 1942 mo-

2120 1888 2362 1961 στρατιάν
2418 1889 2554 1943 κατά
2614 1887 2737 1952 ἴλας
2791 1889 2880 1944 καὶ
2941 1891 3163 1966 σπείρας
3217 1889 3486 1962 διατάξας,
3545 1894 3644 1961 τήν
3679 1891 3770 1947 ἐπὶ

348 1985 462 2034 vet.
491 1981 614 2044 Quo
634 1996 766 2034 cum
805 1981 1187 2050 pervenisset,
1215 1981 1276 2034 in
1321 1981 1530 2035 Phocus
1571 1985 1764 2034 castra
1790 1996 1861 2033 ex
1891 1978 2001 2032 im-

349 2069 583 2138 proviso
617 2069 1020 2140 exploratores
1052 2069 1256 2134 mittit,
1308 2067 1722 2123 mendicorum
1773 2067 2001 2133 habitu,

349 2159 450 2228 qui
505 2158 884 2229 imperatoris
944 2158 1406 2229 pollicitationes
1463 2157 2004 2228 impunitatemque

349 2245 700 2302 delictorum
721 2248 1017 2318 praefectis
1039 2248 1343 2319 copiarum
1361 2247 2003 2311 declarent,nuntient-

351 2353 466 2406 que
490 2337 921 2407 praatereamisi
946 2337 1242 2408 extemplo
1261 2337 1604 2392 adefectore
1619 2336 2008 2398 recedant,at-

349 2445 464 2497 que
498 2444 633 2482 cum
666 2428 1018 2499 imperatore
1065 2429 1465 2500 paciscantur,
1516 2427 1864 2498 magistrum
1915 2426 2003 2479 in-

347 2518 568 2572 festum
594 2518 721 2588 jam
755 2534 887 2572 cum
921 2517 1106 2588 ipsius
1166 2533 1345 2571 manu
1405 2533 1506 2571 eos
1565 2531 2003 2588 aggressurum,

347 2607 728 2677 hostiumque
760 2625 1011 2662 numero
1053 2607 1416 2662 habiturum.
1451 2607 1588 2671 Quae
1621 2622 1755 2660 cum
1805 2603 2006 2660 audis-

353 2702 506 2761 sent,
531 2703 895 2767 reputantes,
947 2714 1016 2751 ex
1083 2714 1146 2751 re
1205 2713 1312 2752 sua
1371 2713 1522 2761 esse,
1582 2695 1900 2766 dignitates
1932 2693 2004 2748 ab

354 2789 616 2858 Augusto
648 2787 877 2842 oblatas
909 2787 1071 2842 inani
1118 2786 1305 2840 labori
1355 2784 1716 2855 incertisque
1747 2783 2005 2838 fortunis

353 2875 671 2942 anteferre,
687 2875 786 2930 ubi
809 2892 923 2930 nox
949 2875 1310 2946 supervenit,
1336 2874 1543 2929 relicto
1562 2876 1770 2928 Phocea
1793 2872 2008 2928 sodali-

263 2955 266 2958 ’
358 2967 439 3021 tio
472 2967 546 3022 ad
578 2967 928 3036 magistrum
974 2965 1395 3037 transfugiunt.
1430 2966 1511 3018 Ex
1560 2964 1653 3018 his
1704 2963 2006 3035 principes

349 3055 595 3110 fuerunt
620 3055 1005 3109 Andralestus
1024 3055 1331 3126 patricius,
1355 3052 1750 3108 consobrinus
1772 3052 2004 3121 Phocea,

352 3151 412 3200 et
440 3145 678 3198 Simeon
709 3144 1004 3214 Ampelas.
1039 3143 1284 3214 Cognita
1328 3143 1541 3197 horum
1573 3141 1711 3213 fuga
1763 3140 2003 3206 Bardas,

352 3249 652 3304 quamque
697 3232 889 3287 subito
923 3249 956 3288 a
982 3249 1043 3287 se
1087 3231 1465 3297 defecissent,
1499 3230 1773 3302 graviter,
1803 3234 1871 3283 ut
1899 3243 2008 3300 par

2116 1978 2174 2029 τὸ
2206 1977 2517 2044 Διπόταμον
2564 1973 2671 2051 ᾔει.
2731 1980 2938 2034 Ἐκεῖσε
2997 1977 3054 2034 δὲ
3111 1981 3468 2056 ἀφικόμενος,
3502 1981 3554 2043 ἐς
3583 1982 3647 2037 τὸ
3677 1979 3776 2036 τοῖ’)

2113 2070 2309 2127 Φωκᾶς
2348 2064 2522 2141 Βάρδα
2567 2063 2945 2130 κατασκόπους
2996 2069 3320 2140 ἐξαπιναίως
3353 2071 3568 2127 στέλλει
3602 2091 3768 2145 στρα-

2111 2151 2362 2227 τόπεδον,
2425 2155 2501 2216 εἷς
2557 2155 2923 2212 ἐπαιτούντων
2989 2165 3183 2233 σχῆμα
3245 2161 3644 2234 μετασκευάσας
3671 2159 3771 2214 αὖ-

2111 2241 2261 2313 τοὺς,
2296 2241 2654 2314 δηλώσοντας
2705 2247 2752 2280 ⁴⁴
2808 2248 2904 2308 τάς
2953 2246 3244 2321 βασιλικὰς
3306 2250 3630 2323 ὑποσχέσεις
3682 2248 3774 2303 καὶ

2112 2331 2416 2404 ἀμνηστίαν
2493 2339 2601 2388 τῶν
2659 2332 3050 2407 τολμηθέντων
3126 2343 3246 2399 τοῖς
3324 2339 3776 2411 προηγουμένοις

2113 2429 2213 2490 τῆς
2247 2429 2524 2496 στρατιᾶς,
2573 2424 2662 2478 καὶ
2714 2421 2938 2499 προσέτι
2986 2426 3451 2501 ἀπαγγελοῦντας,
3485 2426 3579 2494 ὥς,
3613 2427 3658 2482 εἰ
3695 2429 3770 2500 μή

2115 2516 2207 2566 τοῦ
2238 2512 2543 2568 ἀποστάτου
2603 2519 2794 2577 θᾶττον
2850 2513 3233 2589 ἀπορῥαγεῖεν,
3289 2516 3379 2570 καὶ
3437 2537 3576 2592 προς
3619 2517 3778 2592 βασι-

2116 2599 2214 2655 λέα
2273 2601 2602 2672 σπείσοιντο,
2663 2604 2752 2657 τὸν
2814 2603 3194 2677 στρατηλάτην
3259 2607 3393 2678 μετά
3449 2613 3551 2674 τῆς
3608 2607 3771 2678 ὁμαι-

2114 2691 2290 2764 ⁸χμίιις
2347 2690 2694 2762 έπιΟησεσθαι
2770 2692 3341 2772 καιροφυλακήσαντα,
3403 2695 3492 2749 καὶ
3551 2694 3625 2756 ὡς
3682 2695 3777 2749 ἀν-

2113 2776 2370 2840 τιπάλοις
2421 2781 2731 2854 χρησασθαι
2763 2783 2827 2837 ⁴⁸.
2889 2781 2957 2836 Οἱ
3017 2777 3096 2846 δὲ,
3144 2783 3352 2836 τούτων
3403 2780 3774 2844 ινωτισθέντις

2113 2873 2221 2922 τῶν
2284 2867 2491 2942 λόγων,
2551 2870 2638 2923 καὶ
2701 2874 2798 2924 τοῦ
2855 2869 2934 2923 ἐπ’
2990 2867 3222 2940 ἀδήλσις
3281 2876 3608 2946 σκιαμαχεῖν
3652 2876 3773 2933 ταῖς

2114 2958 2311 3034 τύχαις
2339 2959 2436 3020 τᾶς
2494 2961 2639 3033 παρά
2693 2964 2790 3014 τοῦ
2847 2959 3246 3036 αὐτοκράτορος
3288 2959 3577 3035 διδομένας
3607 2962 3772 3034 τιμὰς

2118 3051 2201 3120 [Ρ.
2235 3050 2327 3121 74]
2369 3047 2582 3112 ἑλέσθαι
2645 3047 2858 3122 μᾶλλον
2919 3056 3166 3105 συνοῖσον
3225 3052 3362 3106 εἶναι
3422 3051 3773 3126 σκεψάμενοι,

2116 3140 2308 3200 νυκτὸς
2343 3136 2703 3210 ἐπελθούσης,
2752 3147 2852 3209 τῆς
2911 3145 3011 3194 τοῦ
3061 3146 3230 3196 Φωκᾶ
3287 3139 3591 3202 διαστάντες
3631 3143 3775 3196 ἑται-

2121 3229 2293 3304 ρείας,
2325 3227 2461 3302 πρὸς
2497 3228 2588 3283 τὸν
2639 3227 3018 3300 στρατηλάτην
3072 3229 3560 3303 ἀπηυτομὸλησαν.
3593 3236 3688 3285 Ὠν
3721 3231 3774 3284 οἱ

353 3291 497 3386 erat,
531 3291 657 3378 rem
685 3324 838 3392 tulit,
874 3332 1371 3392 remanentesque
1404 3291 1776 3392 supplicibus
1811 3319 2003 3374 verbis

2120 3291 2460 3392 προύχοντες
2493 3291 2888 3393 ’Δνδράλεστος
2943 3291 3010 3384 ἦν
3071 3319 3098 3371 ὁ
3160 3291 3450 3393 ῘΙατρίκιος
3482 3323 3618 3392 (57),
3648 3318 3775 3374 αὗτ-

353 3415 715 3486 imploravit,
749 3431 953 3479 orans,
1016 3431 1090 3469 ne
1124 3429 1255 3468 cum
1320 3427 1449 3467 sese
1481 3410 1824 3482 proderent,
1879 3414 2005 3463 tum

354 3507 561 3570 Deum,
595 3521 772 3577 quem
807 3511 1020 3560 testem
1067 3504 1585 3574 inspectoremque
1646 3499 2003 3555 sacramenti

350 3595 798 3651 adhibuissent:
834 3595 982 3666 quin
1012 3594 1423 3665 depugnarent
1470 3590 1669 3662 potius
1700 3607 1806 3661 pro
1860 3588 2002 3643 viri-

2115 3408 2330 3480 ανεψιὸς
2377 3410 2473 3461 τοῦ
2532 3413 2720 3473 Φωκᾶ,
2780 3408 2871 3462 καὶ
2922 3408 2951 3461 ὁ
3001 3407 3284 3481 Ἀμπελᾶς
3346 3409 3597 3480 Συμεών.
3634 3410 3775 3482 Βάρ-

2115 3494 2208 3558 δας
2269 3494 2348 3567 δὲ,
2405 3497 2497 3551 τὸν
2549 3496 2756 3551 τούτων
2818 3493 3059 3572 δρασμὸν
3135 3495 3408 3574 διαγνοὺς,
3469 3499 3559 3553 καὶ
3621 3497 3773 3560 ὅπως

2116 3585 2538 3661 ἀπροφασίστως
2594 3589 2704 3658 (58)
2765 3585 2934 3640 αὐτοῦ
3008 3585 3410 3664 ἀπερράγησαν,
3468 3585 3775 3662 ἤσχαλλεν,

1559 3759 1620 3813 C.
1664 3758 1727 3811 Β.
1770 3758 1960 3813 HASII
1999 3756 2561 3815 ANNOTATIONES.

427 3907 473 3943 ⁴³
504 3903 630 3960 ἀλλ’
663 3937 729 3948 -
757 3902 938 3964 αὐτός.
975 3904 1103 3961 Vid.
1137 3920 1317 3974 supra
1347 3906 1415 3958 A.
1447 3902 1553 3956 lin.
1591 3903 1676 3956 11.

365 4049 587 4104 Addam
621 4067 688 4104 ex
726 4047 1114 4119 scriptoribus
1142 4045 1444 4119 ριόεειίοὶεΔ
1462 4044 1875 4119 auctoritatem
1904 4047 2014 4119 He-

364 4122 601 4176 iliodori
639 4115 863 4192 Theag_
888 4123 1010 4182 177,
1046 4115 1313 4192 Βςπρᾷς
1362 4115 1492 4176 τοὺς
1525 4115 1746 4192 φύντας
1793 4124 1850 4192 et
1879 4118 2014 4172 Plu-

363 4193 550 4248 tarchi
607 4189 938 4263 Comparat.
992 4189 1214 4262 Agidis,
1249 4189 1471 4263 Cleom.
1525 4194 1584 4243 et
1615 4189 2015 4263 Gra_c_c_h._796,

361 4270 428 4320 Δ.
465 4267 544 4319 De
575 4260 855 4319 audiend.
891 4260 1066 4334 poetf
1084 4264 1171 4315 36.
1202 4261 1471 4334 E.(quod
1505 4266 1594 4334 est
1636 4260 1834 4334 nobile
1858 4260 2014 4334 frag,-

361 4343 631 4392 mentum
693 4332 1076 4406 Cresphontis
1138 4333 1440 4406 Euripidei
1495 4332 1609 4406 ed_.
1654 4333 1912 4406 iBarnes.
1948 4332 2016 4386 ΙΙ.

363 4350 631 4392 mentum
693 4350 1076 4406 urespnonus
1139 4350 1440 4458 nuripioel
1495 4350 1609 4386 ea.
1675 4350 1912 4387 names.
1948 4350 2016 4386 ιι.

363 4411 610 4472 436).Ι)θ
660 4408 958 4464 Consolat.
1011 4405 1083 4460 ad
1134 4404 1327 4475 Apol.
1375 4408 1494 4468 HI,
1558 4404 1614 4457 Β.
1653 4403 1789 4458 Ideo
1821 4410 2018 4459 autem

362 4481 549 4553 magis
580 4481 785 4545 miror,
815 4479 875 4533 in
900 4477 1207 4553 hocverbo
1238 4476 1768 4553 _erra_s_se_Le_onem,
1791 4475 1950 4553 quod
1967 4481 2025 4529 et

368 4545 494 4623 ipsé
526 4554 611 4606 69.
641 4569 689 4606 c.
724 4558 883 4606 recte
942 4549 1299 4623 adhibuerit,
1361 4545 1410 4614 ἐξ
1468 4547 1698 4623 ἀσήμων
1758 4545 1852 4618 μέν
1887 4545 2008 4622 φύς·

365 4617 423 4678 εἰ
451 4624 746 4693 Agathias,
781 4639 958 4692 quem
1003 4620 1222 4693 imitari
1263 4625 1531 4680 conatur,
1567 4617 1733 4692 φύντα
1762 4617 1870 4691 pro
1899 4617 2014 4674 ἠα-

366 4701 480 4748 tum
504 4689 751 4766 usurpet
781 4689 846 4746 65
880 4694 944 4747 D.
977 4689 1366 4766 ,φύσανταγρτο
1395 4689 1625 4759 parente
1658 4689 1871 4766 147,0.

435 4767 549 4836 (56)
582 4761 890 4822 Nimirum.
925 4761 1047 4818 vita
1074 4765 1299 4830 functis,
1332 4765 1447 4822 τοῖς
1487 4761 2013 4836 καιψιχομένοιςθχ

360 4835 568 4907 Agatia
581 4837 685 4907 A88)
721 4837 780 4907 Β.

434 4902 548 4977 (57)
579 4902 938 4978 Ἀδράλεστος
967 4904 1124 4976 apud
1151 4905 1459 4976 Scylitzam
1493 4922 1583 4959 ms
1648 4912 1706 4960 et
1761 4905 2010 4961 Cedren.

436 5051 548 5122 (58)
582 5050 738 5104 Verti
771 5049 985 5122 subito:
1026 5049 1360 5122 accuratius
1392 5047 1630 5122 fuisset.
1665 5049 1820 5122 nuila
1847 5063 2018 5122 causa

362 5119 683 5196 appa-rente.
739 5120 968 5196 Habent
1023 5120 1431 5196 ἀπροφάσιστος
1467 5127 1525 5174 et
1558 5119 1803 5196 adverb.
1844 5119 2015 5196 ἀπρο-

364 5191 633 5268 φασίστως
666 5193 886 5265 passim
919 5191 1110 5268 varias
1136 5191 1511 5263 maximeque
1540 5192 1801 5268 diversas
1835 5191 2014 5268 signi-

364 5263 710 5322 ficationes:
737 5282 868 5335 qua:
891 5281 1023 5318 cum
1049 5265 1138 5318 vix
1161 5281 1194 5319 a
1212 5280 1512 5334 quoquam
1545 5263 1736 5316 adhuc
1761 5263 2014 5334 (opinor)

362 5339 670 5409 explicata:
705 5339 844 5399 sint,
888 5336 1199 5409 disponam
1243 5335 1338 5409 hic
1369 5335 1603 5409 aliquot
1647 5335 2010 5403 singularem

364 5406 652 5481 exempla,
690 5407 1191 5481 quemadmodum
1220 5407 1397 5481 aliam
1429 5424 1500 5460 ex
1532 5406 1649 5481 alia
1690 5411 1890 5459 natam
1920 5422 2010 5459 ar-

361 5478 584 5537 bitror:
625 5486 643 5535 1
680 5478 1188 5550 )ΫἈπροφάσιστος.
1225 5479 1378 5550 quod,
1425 5482 1486 5545 ﬁt
1531 5479 1646 5531 sine
1685 5492 1870 5541 causa,
1905 5494 2007 5550 cu-_-

354 5556 457 5626 jus
486 5548 780 5627 πρόφασις,
816 5548 927 5627 hoc
957 5555 1048 5604 est
1077 5565 1260 5627 causa,
1295 5549 1383 5627 vel
1434 5565 1563 5627 non
1622 5548 2009 5627 apparet._\_'el

364 5620 539 5680 nulla
562 5620 653 5680 est
703 5625 758 5678 S.
813 5623 1261 5694 Gregor.r_Nyss.
1297 5620 1772 5694 AlnnEcclesiasL
1806 5621 1848 5675 Ι.
1882 5623 2008 5689 ⁴102,

362 5699 428 5751 Α.
453 5698 521 5769 ηὸ
552 5687 976 5769 ,ἀπροφά-σιστός
1022 5687 1220 5769 γέλως,
1290 5690 1317 5742 ὁ
1375 5687 1502 5769 ἄνευ
1524 5690 1730 5769 *αἰτίας
1760 5687 2007 5769 ,θρῆνοςέ

360 5761 713 5823 Heliodorus
733 5761 1046 5837 'Thcagen.
1068 5769 1127 5818 et
1159 5763 1328 5819 Char.
1365 5765 1486 5830 144,
1521 5764 1582 5820 Β.
1618 5761 1802 5838 βύθιόν
1824 5761 1884 5817 ’τι
1915 5763 2005 5818 καὶ

1755 3901 1802 3935 ⁴⁴
1829 3897 2189 3971 δηλώσαντασ
2218 3901 2347 3956 cod.
2423 3901 2468 3935 ⁴⁸
2497 3901 2653 3955 Fort.
2685 3901 3006 3974 χρήσεσθαι.

2125 4042 2526 4122 ἀπροφάσιστον
2556 4042 2871 4122 ὄπιστένων,
2902 4047 3018 4122 sine
3048 4045 3165 4122 ulla
3190 4062 3355 4122 causa
3403 4046 3778 4122 ingemiscens.

2131 4115 2250 4183 172,
2285 4115 2384 4170 Ἀ.
2455 4116 2865 4190 ἀπροφάσιστον
2922 4115 3240 4189 ἀγρυπνίαν,
3329 4119 3602 4190 insomnia
3624 4186 3635 4190 _
3665 4120 3783 4174 sine

2128 4204 2293 4261 causa
2325 4186 2644 4261 apparente.
2697 4193 2822 4261 Ipse
2857 4186 2978 4243 Leo
2998 4195 3202 4261 noster
3248 4191 3350 4261 76,
3386 4191 3444 4242 Β.
3481 4188 3580 4253 τὴν
3614 4186 3785 4250 ἀποο-

2128 4258 2382 4337 φάσιστον
2417 4259 2503 4312 καὶ
2536 4258 2839 4337 ἀλλόκοτον
2885 4259 3190 4337 Ῥωμαίων.
3219 4260 3785 4337 φυγὴνηίηεοίεηιετη

2129 4331 2180 4386 et
2210 4331 2328 4386 sine
2358 4347 2520 4386 causa
2548 4335 2755 4400 factam
2784 4336 3013 4401 fugam:
3051 4332 3194 4386 verti
3232 4331 3323 4385 ibi
3370 4331 3568 4386 minus
3608 4348 3782 4387 accu-

2130 4409 2274 4488 rate.
2332 4406 2480 4488 Item
2517 4404 2672 4475 apud
2723 4403 3022 4488 lleliodor.
3074 4407 3197 4466 269,
3252 4402 3778 4488 Βηιάπριοφάσιστοι

2131 4473 2296 4527 αἰτίαι
2349 4481 2489 4528 sunt
2518 4473 2889 4530 accusationes
2933 4476 3060 4530 sine
3092 4492 3291 4540 causa,
3325 4473 3385 4528 id
3417 4482 3506 4528 est
3535 4473 3778 4543 injustas,

2134 4551 2198 4622 ut
2226 4549 2351 4622 394,
2387 4548 2447 4600 C.
2497 4544 2898 4622 ἀπροφάσιστος
2952 4545 3218 4622 πόλεμος,
3276 4552 3335 4600 et
3362 4547 3546 4622 lapud
3583 4548 3640 4603 S.
3676 4549 3783 4602 Ba-

2125 4618 2216 4673 sil.
2253 4618 2435 4689 Epist.
2496 4615 2664 4674 LXXX;
2729 4619 2793 4673 ll.
2853 4622 2978 4684 900,
3039 4615 3109 4673 Β.
3162 4615 3562 4689 ἀπροφάσιστον
3601 4622 3778 4688 μῖσος,

2124 4690 2310 4744 odium
2342 4707 2461 4744 non
2497 4697 2614 4745 tam
2648 4691 3041 4759 inexcusabile,
3075 4690 3579 4761 quemadmodum
3613 4693 3772 4746 Mon-

2125 4762 2380 4842 tacutius
2407 4762 2830 4842 interpretatus
2852 4767 2959 4819 est.
2985 4778 3163 4842 quam
3189 4764 3456 4842 injustam
3481 4762 3599 4842 sive
3621 4762 3781 4842 nulla

2125 4833 2192 4887 de
2221 4849 2384 4887 causa
2412 4841 2740 4902 susceptum.
2775 4833 2866 4889 Sic
2920 4833 3079 4888 enim
3113 4835 3326 4888 melius
3360 4834 3602 4904 exponit
3633 4835 3779 4890 Leu-

2124 4905 2436 4960 venklaius
2466 4904 2652 4976 illaAS.
2680 4907 2857 4976 ,Greg.
2895 4907 3058 4976 Nyss.
3094 4905 3273 4976 Epist.
3307 4905 3381 4960 ad
3414 4905 3670 4960 Flavian.
3709 4907 3778 4961 ll.

2132 4977 2290 5040 1077,
2325 4976 2482 5049 Ακτὸ
2535 4971 2720 5049 ἀδικόν
2775 4971 2832 5029 τε
2889 4971 2978 5030 καὶ
3037 4971 3442 5049 ἀπροφάσιστον
3475 4978 3591 5038 καθ’
3619 4978 3781 5048 ἡμῶν

2132 5052 2310 5118 μῖσος,
2345 5042 2703 5102 Adverbium
2737 5049 2916 5103 simili
2950 5042 3127 5103 sensu
3179 5049 3530 5104 Heliodorus
3557 5042 3682 5115 316,
3715 5049 3779 5104 C.

2127 5118 2619 5197 decubicularia,
2653 5119 3092 5197 ἀπροφασίστως,
3125 5124 3242 5197 sine
3300 5137 3488 5197 causa.
3521 5121 3786 5176 introvo-

2129 5196 2278 5246 cata.
2315 5193 2389 5260 2.)
2441 5191 2897 5263 Ἂπροφάσιστος,
2933 5192 3090 5263 quod
3153 5193 3219 5246 fit
3272 5192 3390 5247 sine
3441 5197 3781 5257 causatione,

2129 5263 2379 5335 hocrest,
2415 5262 2541 5335 sine
2577 5262 3080 5335 tergiversatiOne,
3107 5271 3383 5335 prompte,
3418 5265 3696 5319 alacriter.
3725 5263 3782 5319 S.

2133 5334 2309 5410 Basil.
2348 5335 2426 5388 De
2458 5333 2744 5410 ξὶξὶιζὶιίδῐῇ.Δ
2782 5339 2823 5400 Ι,
2884 5338 3006 5410 646,
3069 5333 3133 5410 Ag
3169 5333 3579 5410 ἀᾲπρολφασίστῳ,
3608 5354 3784 5408 ταχυ-

2129 5405 2263 5478 τάτη
2296 5424 2354 5458 τε
2386 5406 2472 5458 καί
2511 5405 2860 5478 μετεωρίστῳ
2917 5405 3129 5477 ὑπακοῇ
3196 5405 3359 5462 Unde
3395 5405 3632 5462 Simeon
3665 5405 3783 5463 Me-

2130 5459 2465 5548 ιεριταειρε
2499 5459 2708 5552 eius:
2734 5459 3043 5552 ‘Crh'rysost.
3075 5459 3790 5552 337:3}:tegas—ags-

2129 5551 2504 5621 eaatnov,_et
2549 5550 2850 5606 Palladius
2914 5551 3040 5604 Vita
3097 5550 3365 5617 ejusdem
3398 5553 3486 5615 36,
3519 5557 3576 5606 C.
3612 5550 3788 5621 ἀπρο-

2123 5619 2378 5693 φάσιστυν
2413 5619 2604 5690 ἀκοήν,
2632 5629 2948 5692 promptam
3008 5621 3394 5676 auditionem:
3447 5640 3589 5685 non,
3622 5619 3784 5680 aures

2121 5695 2316 5765 omisso
2341 5696 2490 5765 omni
2511 5700 2792 5764 praetextu
2836 5694 3279 5765 accommodatae,
3311 5699 3377 5748 ut
3405 5695 3580 5750 vertit
3609 5697 3784 5765 Bigo-

2120 5765 2259 5821 tius.
2292 5763 2492 5821 Possis
2516 5763 2702 5821 etiam
2732 5764 2984 5836 (Opinor)
3014 5765 3130 5822 huc
3157 5763 3380 5822 referre
3411 5766 3610 5824 locum
3642 5763 3780 5824 Phi-
