  <div class='ocr_page' id='page_1' title='image "/cluster/home/n/w/nwhite01/storage/ocr_20150623/117/coo.31924054870211/428.png"; bbox 0 0 4118 6452; ppageno 0'>
   <div class='ocr_carea' id='block_1_1' title="bbox 376 419 497 481">
    <p class='ocr_par' dir='ltr' id='par_1_1' title="bbox 376 419 497 481">
     <span class='ocr_line' id='line_1_1' title="bbox 376 419 497 481; baseline 0 -1"><span class='ocrx_word' id='word_1_1' title='bbox 376 419 497 481; x_wconf 84' lang='grc'>833</span> 
     </span>
    </p>
   </div>
   <div class='ocr_carea' id='block_1_2' title="bbox 1695 406 2468 470">
    <p class='ocr_par' dir='ltr' id='par_1_2' title="bbox 1695 406 2468 470">
     <span class='ocr_line' id='line_1_2' title="bbox 1695 406 2468 470; baseline -0.003 0"><span class='ocrx_word' id='word_1_2' title='bbox 1695 407 2097 470; x_wconf 66' lang='grc' dir='ltr'>ΗΙΞΤΟΒΙΕ</span> <span class='ocrx_word' id='word_1_3' title='bbox 2137 406 2288 469; x_wconf 88' lang='lat' dir='ltr'>LIB.</span> <span class='ocrx_word' id='word_1_4' title='bbox 2336 407 2468 468; x_wconf 81' lang='lat' dir='ltr'>VII.</span> 
     </span>
    </p>
   </div>
   <div class='ocr_carea' id='block_1_3' title="bbox 3680 421 3800 482">
    <p class='ocr_par' dir='ltr' id='par_1_3' title="bbox 3680 421 3800 482">
     <span class='ocr_line' id='line_1_3' title="bbox 3680 421 3800 482; baseline 0.017 -2"><span class='ocrx_word' id='word_1_5' title='bbox 3680 421 3800 482; x_wconf 63' lang='lat'>83‘</span> 
     </span>
    </p>
   </div>
   <div class='ocr_carea' id='block_1_4' title="bbox 379 538 2077 622">
    <p class='ocr_par' dir='ltr' id='par_1_4' title="bbox 379 538 2077 620">
     <span class='ocr_line' id='line_1_4' title="bbox 379 538 2077 620; baseline -0.008 -13"><span class='ocrx_word' id='word_1_6' title='bbox 379 552 454 614; x_wconf 82' lang='grc' dir='ltr'>ὡς</span> <span class='ocrx_word' id='word_1_7' title='bbox 511 548 678 619; x_wconf 80' lang='grc' dir='ltr'>είκὸς,</span> <span class='ocrx_word' id='word_1_8' title='bbox 737 547 827 604; x_wconf 87' lang='lat' dir='ltr'>xui</span> <span class='ocrx_word' id='word_1_9' title='bbox 878 544 1006 608; x_wconf 80' lang='grc' dir='ltr'>τοὺς</span> <span class='ocrx_word' id='word_1_10' title='bbox 1067 541 1491 620; x_wconf 68' lang='grc' dir='ltr'>ὑπολειφθέντας</span> <span class='ocrx_word' id='word_1_11' title='bbox 1552 538 1804 603; x_wconf 81' lang='grc' dir='ltr'>ίκετείαις</span> <span class='ocrx_word' id='word_1_12' title='bbox 1857 539 2033 614; x_wconf 74' lang='grc' dir='ltr'>ἐξελι-</span> <span class='ocrx_word' id='word_1_13' title='bbox 2064 571 2077 610; x_wconf 57' lang='grc' dir='ltr'><em>λ</em></span> 
     </span>
    </p>
   </div>
   <div class='ocr_carea' id='block_1_5' title="bbox 2188 538 3811 622">
    <p class='ocr_par' dir='ltr' id='par_1_5' title="bbox 2189 540 3811 622">
     <span class='ocr_line' id='line_1_5' title="bbox 2189 540 3811 622; baseline 0.007 -26"><span class='ocrx_word' id='word_1_14' title='bbox 2189 556 2279 609; x_wconf 88' lang='lat' dir='ltr'>us,</span> <span class='ocrx_word' id='word_1_15' title='bbox 2313 541 2544 612; x_wconf 87' lang='lat' dir='ltr'>sibique</span> <span class='ocrx_word' id='word_1_16' title='bbox 2573 540 2820 614; x_wconf 88' lang='lat' dir='ltr'>indigna</span> <span class='ocrx_word' id='word_1_17' title='bbox 2865 559 3041 616; x_wconf 89' lang='lat' dir='ltr'>passo</span> <span class='ocrx_word' id='word_1_18' title='bbox 3101 561 3277 616; x_wconf 90' lang='lat' dir='ltr'>opem</span> <span class='ocrx_word' id='word_1_19' title='bbox 3309 545 3538 604; x_wconf 87' lang='lat' dir='ltr'>ferrent</span> <span class='ocrx_word' id='word_1_20' title='bbox 3570 565 3582 604; x_wconf 93' lang='lat'>:</span> <span class='ocrx_word' id='word_1_21' title='bbox 3608 566 3811 622; x_wconf 84' lang='lat' dir='ltr'>neque</span> 
     </span>
    </p>
   </div>
   <div class='ocr_carea' id='block_1_6' title="bbox 381 629 2046 714">
    <p class='ocr_par' dir='ltr' id='par_1_6' title="bbox 381 629 2046 714">
     <span class='ocr_line' id='line_1_6' title="bbox 381 629 2046 714; baseline -0.008 -18"><span class='ocrx_word' id='word_1_22' title='bbox 381 643 568 714; x_wconf 76' lang='grc' dir='ltr'>πάρει,</span> <span class='ocrx_word' id='word_1_23' title='bbox 605 641 682 712; x_wconf 80' lang='grc' dir='ltr'>μὴ</span> <span class='ocrx_word' id='word_1_24' title='bbox 717 633 1158 712; x_wconf 85' lang='grc' dir='ltr'>καταπροδοῦναι</span> <span class='ocrx_word' id='word_1_25' title='bbox 1207 633 1387 708; x_wconf 84' lang='grc' dir='ltr'>λέγων</span> <span class='ocrx_word' id='word_1_26' title='bbox 1417 633 1601 702; x_wconf 82' lang='grc' dir='ltr'>αὐτὸν,</span> <span class='ocrx_word' id='word_1_27' title='bbox 1658 631 1747 687; x_wconf 81' lang='grc' dir='ltr'>καὶ</span> <span class='ocrx_word' id='word_1_28' title='bbox 1804 629 1861 685; x_wconf 79' lang='grc' dir='ltr'>δν</span> <span class='ocrx_word' id='word_1_29' title='bbox 1920 651 2046 684; x_wconf 90' lang='grc' dir='ltr'>συν-</span> 
     </span>
    </p>
   </div>
   <div class='ocr_carea' id='block_1_7' title="bbox 390 719 2044 805">
    <p class='ocr_par' dir='ltr' id='par_1_7' title="bbox 390 719 2044 805">
     <span class='ocr_line' id='line_1_7' title="bbox 390 719 2044 805; baseline -0.007 -21"><span class='ocrx_word' id='word_1_30' title='bbox 390 729 580 805; x_wconf 87' lang='grc' dir='ltr'>ίστορα</span> <span class='ocrx_word' id='word_1_31' title='bbox 639 728 770 784; x_wconf 84' lang='grc' dir='ltr'>Θεὸν</span> <span class='ocrx_word' id='word_1_32' title='bbox 835 725 925 782; x_wconf 88' lang='grc' dir='ltr'>καὶ</span> <span class='ocrx_word' id='word_1_33' title='bbox 977 719 1170 801; x_wconf 78' lang='grc' dir='ltr'>ἔφορον</span> <span class='ocrx_word' id='word_1_34' title='bbox 1240 727 1348 777; x_wconf 91' lang='grc' dir='ltr'>τῶν</span> <span class='ocrx_word' id='word_1_35' title='bbox 1428 721 1604 796; x_wconf 78' lang='grc' dir='ltr'>ὅρκων</span> <span class='ocrx_word' id='word_1_36' title='bbox 1689 721 2044 789; x_wconf 73' lang='grc' dir='ltr'>πεποίηνται·</span> 
     </span>
    </p>
   </div>
   <div class='ocr_carea' id='block_1_8' title="bbox 391 807 2050 894">
    <p class='ocr_par' dir='ltr' id='par_1_8' title="bbox 391 807 2050 894">
     <span class='ocr_line' id='line_1_8' title="bbox 391 807 2050 894; baseline -0.007 -19"><span class='ocrx_word' id='word_1_37' title='bbox 391 815 763 894; x_wconf 81' lang='grc' dir='ltr'>ἀγωνίσασθαι</span> <span class='ocrx_word' id='word_1_38' title='bbox 824 813 881 869; x_wconf 70' lang='grc' dir='ltr'>δὲ</span> <span class='ocrx_word' id='word_1_39' title='bbox 936 813 1149 886; x_wconf 82' lang='grc' dir='ltr'>μᾶλλον</span> <span class='ocrx_word' id='word_1_40' title='bbox 1212 813 1288 877; x_wconf 85' lang='grc' dir='ltr'>εἷς</span> <span class='ocrx_word' id='word_1_41' title='bbox 1340 810 1592 884; x_wconf 85' lang='grc' dir='ltr'>δύναμιν,</span> <span class='ocrx_word' id='word_1_42' title='bbox 1648 811 1740 865; x_wconf 84' lang='grc' dir='ltr'>καὶ</span> <span class='ocrx_word' id='word_1_43' title='bbox 1799 811 1850 865; x_wconf 85' lang='lat' dir='ltr'>o&#39;t</span> <span class='ocrx_word' id='word_1_44' title='bbox 1903 807 2050 864; x_wconf 86' lang='grc' dir='ltr'>δεινά</span> 
     </span>
    </p>
   </div>
   <div class='ocr_carea' id='block_1_9' title="bbox 393 897 2050 980">
    <p class='ocr_par' dir='ltr' id='par_1_9' title="bbox 393 897 2050 980">
     <span class='ocr_line' id='line_1_9' title="bbox 393 897 2050 980; baseline -0.006 -17"><span class='ocrx_word' id='word_1_45' title='bbox 393 905 692 964; x_wconf 79' lang='grc' dir='ltr'>πεπονθότι</span> <span class='ocrx_word' id='word_1_46' title='bbox 728 905 1075 980; x_wconf 64' lang='grc' dir='ltr'>συνάρασθαν</span> <span class='ocrx_word' id='word_1_47' title='bbox 1111 898 1237 980; x_wconf 78' lang='grc' dir='ltr'>οὐδὲ</span> <span class='ocrx_word' id='word_1_48' title='bbox 1293 901 1397 976; x_wconf 80' lang='grc' dir='ltr'>γὰρ</span> <span class='ocrx_word' id='word_1_49' title='bbox 1449 901 1539 956; x_wconf 88' lang='grc' dir='ltr'>τὸν</span> <span class='ocrx_word' id='word_1_50' title='bbox 1600 899 1874 974; x_wconf 89' lang='grc' dir='ltr'>Σκληρὸν,</span> <span class='ocrx_word' id='word_1_51' title='bbox 1922 897 2050 975; x_wconf 73' lang='grc' dir='ltr'>ἔφη,</span> 
     </span>
    </p>
   </div>
   <div class='ocr_carea' id='block_1_10' title="bbox 387 976 2052 1070">
    <p class='ocr_par' dir='ltr' id='par_1_10' title="bbox 387 976 2052 1070">
     <span class='ocr_line' id='line_1_10' title="bbox 387 976 2052 1070; baseline -0.006 -17"><span class='ocrx_word' id='word_1_52' title='bbox 387 998 573 1058; x_wconf 73' lang='grc' dir='ltr'>αὐτοῖς</span> <span class='ocrx_word' id='word_1_53' title='bbox 649 995 918 1070; x_wconf 79' lang='grc' dir='ltr'>ἐξισχύειν</span> <span class='ocrx_word' id='word_1_54' title='bbox 1004 976 1238 1062; x_wconf 72' lang='grc' dir='ltr'>συστάδη</span> <span class='ocrx_word' id='word_1_55' title='bbox 1302 989 1794 1058; x_wconf 80' lang='grc' dir='ltr'>ἀντικαθίστασθαι,</span> <span class='ocrx_word' id='word_1_56' title='bbox 1855 987 1907 1044; x_wconf 76' lang='grc' dir='ltr'>εἷ’</span> <span class='ocrx_word' id='word_1_57' title='bbox 1987 1010 2052 1064; x_wconf 88' lang='grc' dir='ltr'>γε</span> 
     </span>
    </p>
   </div>
   <div class='ocr_carea' id='block_1_11' title="bbox 401 1079 2050 1162">
    <p class='ocr_par' dir='ltr' id='par_1_11' title="bbox 401 1079 2050 1162">
     <span class='ocr_line' id='line_1_11' title="bbox 401 1079 2050 1162; baseline -0.005 -20"><span class='ocrx_word' id='word_1_58' title='bbox 401 1090 482 1162; x_wconf 78' lang='grc' dir='ltr'>μή</span> <span class='ocrx_word' id='word_1_59' title='bbox 516 1090 743 1161; x_wconf 80' lang='grc' dir='ltr'>νωθρῶς</span> <span class='ocrx_word' id='word_1_60' title='bbox 775 1082 933 1139; x_wconf 78' lang='grc' dir='ltr'>αὐτοὶ</span> <span class='ocrx_word' id='word_1_61' title='bbox 987 1084 1076 1138; x_wconf 82' lang='grc' dir='ltr'>καὶ</span> <span class='ocrx_word' id='word_1_62' title='bbox 1108 1082 1406 1155; x_wconf 81' lang='grc' dir='ltr'>ἀνειμένως</span> <span class='ocrx_word' id='word_1_63' title='bbox 1437 1085 1674 1156; x_wconf 81' lang='grc' dir='ltr'>χωροῖεν</span> <span class='ocrx_word' id='word_1_64' title='bbox 1708 1079 1795 1134; x_wconf 77' lang='grc' dir='ltr'>ἐπὶ</span> <span class='ocrx_word' id='word_1_65' title='bbox 1833 1080 1894 1135; x_wconf 86' lang='grc' dir='ltr'>τὸ</span> <span class='ocrx_word' id='word_1_66' title='bbox 1948 1100 2050 1133; x_wconf 89' lang='grc' dir='ltr'>πο-</span> 
     </span>
    </p>
   </div>
   <div class='ocr_carea' id='block_1_12' title="bbox 397 1169 2050 1249">
    <p class='ocr_par' dir='ltr' id='par_1_12' title="bbox 397 1169 2050 1249">
     <span class='ocr_line' id='line_1_12' title="bbox 397 1169 2050 1249; baseline -0.006 -17"><span class='ocrx_word' id='word_1_67' title='bbox 397 1176 612 1249; x_wconf 85' lang='grc' dir='ltr'>λεμεῖν.</span> <span class='ocrx_word' id='word_1_68' title='bbox 675 1174 778 1230; x_wconf 83' lang='grc' dir='ltr'>Καὶ</span> <span class='ocrx_word' id='word_1_69' title='bbox 833 1174 860 1227; x_wconf 84' lang='grc' dir='ltr'>ὁ</span> <span class='ocrx_word' id='word_1_70' title='bbox 951 1171 1043 1246; x_wconf 81' lang='grc' dir='ltr'>μὶν</span> <span class='ocrx_word' id='word_1_71' title='bbox 1101 1169 1353 1244; x_wconf 80' lang='grc' dir='ltr'>ἐλιπάρει</span> <span class='ocrx_word' id='word_1_72' title='bbox 1435 1175 1604 1224; x_wconf 89' lang='grc' dir='ltr'>ταῦτα</span> <span class='ocrx_word' id='word_1_73' title='bbox 1659 1169 2050 1242; x_wconf 85' lang='grc' dir='ltr'>ποτνιώμενος’</span> 
     </span>
    </p>
   </div>
   <div class='ocr_carea' id='block_1_13' title="bbox 397 1255 2054 1336">
    <p class='ocr_par' dir='ltr' id='par_1_13' title="bbox 397 1255 2054 1336">
     <span class='ocr_line' id='line_1_13' title="bbox 397 1255 2054 1336; baseline -0.005 -15"><span class='ocrx_word' id='word_1_74' title='bbox 397 1267 451 1321; x_wconf 79' lang='lat' dir='ltr'>oi</span> <span class='ocrx_word' id='word_1_75' title='bbox 485 1263 564 1331; x_wconf 74' lang='grc' dir='ltr'>δὲ,</span> <span class='ocrx_word' id='word_1_76' title='bbox 613 1263 704 1318; x_wconf 81' lang='grc' dir='ltr'>καὶ</span> <span class='ocrx_word' id='word_1_77' title='bbox 763 1263 918 1324; x_wconf 84' lang='grc' dir='ltr'>αὗθις</span> <span class='ocrx_word' id='word_1_78' title='bbox 970 1264 1068 1316; x_wconf 91' lang='grc' dir='ltr'>τοῦ</span> <span class='ocrx_word' id='word_1_79' title='bbox 1121 1258 1488 1336; x_wconf 80' lang='grc' dir='ltr'>στρατοπέδου</span> <span class='ocrx_word' id='word_1_80' title='bbox 1547 1255 1917 1333; x_wconf 77' lang='grc' dir='ltr'>ὑπεκρέοντες,</span> <span class='ocrx_word' id='word_1_81' title='bbox 1975 1261 2054 1329; x_wconf 77' lang='grc' dir='ltr'>τῷ</span> 
     </span>
    </p>
   </div>
   <div class='ocr_carea' id='block_1_14' title="bbox 401 1349 2052 1428">
    <p class='ocr_par' dir='ltr' id='par_1_14' title="bbox 401 1349 2052 1428">
     <span class='ocr_line' id='line_1_14' title="bbox 401 1349 2052 1428; baseline -0.005 -17"><span class='ocrx_word' id='word_1_82' title='bbox 401 1353 754 1428; x_wconf 75' lang='grc' dir='ltr'>στρατηλατῃ</span> <span class='ocrx_word' id='word_1_83' title='bbox 787 1352 1026 1426; x_wconf 81' lang='grc' dir='ltr'>Σκληρῷ</span> <span class='ocrx_word' id='word_1_84' title='bbox 1083 1351 1486 1427; x_wconf 87' lang='grc' dir='ltr'>προσετίθεντο.</span> <span class='ocrx_word' id='word_1_85' title='bbox 1549 1351 1768 1424; x_wconf 83' lang='grc' dir='ltr'>Λέγεται</span> <span class='ocrx_word' id='word_1_86' title='bbox 1833 1349 2052 1424; x_wconf 78' lang='grc' dir='ltr'>βαθείας</span> 
     </span>
    </p>
   </div>
   <div class='ocr_carea' id='block_1_15' title="bbox 397 1438 2052 1521">
    <p class='ocr_par' dir='ltr' id='par_1_15' title="bbox 397 1438 2052 1521">
     <span class='ocr_line' id='line_1_15' title="bbox 397 1438 2052 1521; baseline -0.006 -20"><span class='ocrx_word' id='word_1_87' title='bbox 397 1445 519 1521; x_wconf 80' lang='grc' dir='ltr'>ἃρτι</span> <span class='ocrx_word' id='word_1_88' title='bbox 578 1443 772 1506; x_wconf 88' lang='grc' dir='ltr'>νυκτὸς</span> <span class='ocrx_word' id='word_1_89' title='bbox 833 1439 1231 1514; x_wconf 73' lang='grc' dir='ltr'>ἐνισταμένης,</span> <span class='ocrx_word' id='word_1_90' title='bbox 1285 1441 1556 1514; x_wconf 78' lang='grc' dir='ltr'>περιπαθῆ</span> <span class='ocrx_word' id='word_1_91' title='bbox 1618 1439 1910 1514; x_wconf 87' lang='grc' dir='ltr'>γενόμενον</span> <span class='ocrx_word' id='word_1_92' title='bbox 1961 1438 2052 1492; x_wconf 87' lang='grc' dir='ltr'>τὸν</span> 
     </span>
    </p>
   </div>
   <div class='ocr_carea' id='block_1_16' title="bbox 397 1527 2057 1605">
    <p class='ocr_par' dir='ltr' id='par_1_16' title="bbox 397 1527 2057 1605">
     <span class='ocr_line' id='line_1_16' title="bbox 397 1527 2057 1605; baseline -0.005 -16"><span class='ocrx_word' id='word_1_93' title='bbox 397 1537 599 1590; x_wconf 80' lang='grc' dir='ltr'>Φωκᾶν</span> <span class='ocrx_word' id='word_1_94' title='bbox 633 1536 714 1605; x_wconf 78' lang='grc' dir='ltr'>τῷ</span> <span class='ocrx_word' id='word_1_95' title='bbox 755 1529 983 1605; x_wconf 77' lang='grc' dir='ltr'>δρασμῷ</span> <span class='ocrx_word' id='word_1_96' title='bbox 1039 1534 1147 1584; x_wconf 84' lang='grc' dir='ltr'>τῶν</span> <span class='ocrx_word' id='word_1_97' title='bbox 1208 1532 1563 1602; x_wconf 78' lang='grc' dir='ltr'>συνωμοτῶν,</span> <span class='ocrx_word' id='word_1_98' title='bbox 1621 1529 1908 1604; x_wconf 81' lang='grc' dir='ltr'>ἀγρυπνεῖν</span> <span class='ocrx_word' id='word_1_99' title='bbox 1966 1527 2057 1582; x_wconf 82' lang='grc' dir='ltr'>καὶ</span> 
     </span>
    </p>
   </div>
   <div class='ocr_carea' id='block_1_17' title="bbox 401 1611 2056 1696">
    <p class='ocr_par' dir='ltr' id='par_1_17' title="bbox 401 1611 2056 1696">
     <span class='ocr_line' id='line_1_17' title="bbox 401 1611 2056 1696; baseline -0.005 -19"><span class='ocrx_word' id='word_1_100' title='bbox 401 1622 620 1692; x_wconf 88' lang='grc' dir='ltr'>ἀλύειν,</span> <span class='ocrx_word' id='word_1_101' title='bbox 651 1620 842 1696; x_wconf 79' lang='grc' dir='ltr'>εὐχαῖς</span> <span class='ocrx_word' id='word_1_102' title='bbox 870 1641 928 1674; x_wconf 89' lang='grc' dir='ltr'>τε</span> <span class='ocrx_word' id='word_1_103' title='bbox 957 1619 1019 1674; x_wconf 86' lang='grc' dir='ltr'>τὸ</span> <span class='ocrx_word' id='word_1_104' title='bbox 1070 1623 1212 1682; x_wconf 87' lang='grc' dir='ltr'>θεῖον</span> <span class='ocrx_word' id='word_1_105' title='bbox 1271 1617 1626 1691; x_wconf 79' lang='grc' dir='ltr'>ἐξιλεοῦσθαι,</span> <span class='ocrx_word' id='word_1_106' title='bbox 1675 1616 1738 1672; x_wconf 87' lang='grc' dir='ltr'>τὸ</span> <span class='ocrx_word' id='word_1_107' title='bbox 1770 1611 2056 1671; x_wconf 78' lang='grc' dir='ltr'>Δαϐιδικὸν</span> 
     </span>
    </p>
   </div>
   <div class='ocr_carea' id='block_1_18' title="bbox 401 1704 2058 1782">
    <p class='ocr_par' dir='ltr' id='par_1_18' title="bbox 401 1704 2058 1782">
     <span class='ocr_line' id='line_1_18' title="bbox 401 1704 2058 1782; baseline -0.004 -16"><span class='ocrx_word' id='word_1_108' title='bbox 401 1711 583 1766; x_wconf 82' lang='grc' dir='ltr'>ἐκεῖνο</span> <span class='ocrx_word' id='word_1_109' title='bbox 614 1707 986 1780; x_wconf 78' lang='grc' dir='ltr'>κατεπᾴδοντα</span> <span class='ocrx_word' id='word_1_110' title='bbox 1046 1708 1259 1782; x_wconf 85' lang='grc' dir='ltr'>Λὸγιον·</span> <span class='ocrx_word' id='word_1_111' title='bbox 1291 1729 1318 1759; x_wconf 74' lang='grc' dir='ltr'>ιι</span> <span class='ocrx_word' id='word_1_112' title='bbox 1379 1706 1626 1776; x_wconf 91' lang='grc' dir='ltr'>Δίκασον,</span> <span class='ocrx_word' id='word_1_113' title='bbox 1679 1705 1868 1778; x_wconf 87' lang='grc' dir='ltr'>Κύριε,</span> <span class='ocrx_word' id='word_1_114' title='bbox 1926 1704 2058 1767; x_wconf 78' lang='grc' dir='ltr'>τοὺς</span> 
     </span>
    </p>
   </div>
   <div class='ocr_carea' id='block_1_19' title="bbox 400 1793 2059 1874">
    <p class='ocr_par' dir='ltr' id='par_1_19' title="bbox 400 1793 2059 1874">
     <span class='ocr_line' id='line_1_19' title="bbox 400 1793 2059 1874; baseline -0.005 -19"><span class='ocrx_word' id='word_1_115' title='bbox 400 1799 725 1861; x_wconf 79' lang='grc' dir='ltr'>ἀδικοῦντάς</span> <span class='ocrx_word' id='word_1_116' title='bbox 761 1821 826 1872; x_wconf 86' lang='grc' dir='ltr'>με</span> <span class='ocrx_word' id='word_1_117' title='bbox 856 1800 920 1854; x_wconf 71' lang='grc'>⁸⁸.</span> <span class='ocrx_word' id='word_1_118' title='bbox 951 1822 979 1850; x_wconf 86' lang='grc'>››</span> <span class='ocrx_word' id='word_1_119' title='bbox 1007 1793 1286 1874; x_wconf 80' lang='grc' dir='ltr'>Αίφνίδιον</span> <span class='ocrx_word' id='word_1_120' title='bbox 1321 1795 1378 1850; x_wconf 76' lang='grc' dir='ltr'>δὲ</span> <span class='ocrx_word' id='word_1_121' title='bbox 1409 1797 1593 1872; x_wconf 71' lang='grc' dir='ltr'>φωνὴν</span> <span class='ocrx_word' id='word_1_122' title='bbox 1645 1793 1696 1866; x_wconf 81' lang='grc' dir='ltr'>ἐξ</span> <span class='ocrx_word' id='word_1_123' title='bbox 1752 1794 1906 1871; x_wconf 89' lang='grc' dir='ltr'>ἀέρος</span> <span class='ocrx_word' id='word_1_124' title='bbox 1937 1793 2059 1864; x_wconf 77' lang='grc' dir='ltr'>ἐνη-</span> 
     </span>
    </p>
   </div>
   <div class='ocr_carea' id='block_1_20' title="bbox 2158 630 3816 710">
    <p class='ocr_par' dir='ltr' id='par_1_20' title="bbox 2158 630 3816 710">
     <span class='ocr_line' id='line_1_20' title="bbox 2158 630 3816 710; baseline 0.008 -25"><span class='ocrx_word' id='word_1_125' title='bbox 2158 648 2290 687; x_wconf 91' lang='lat' dir='ltr'>vero</span> <span class='ocrx_word' id='word_1_126' title='bbox 2325 630 2592 686; x_wconf 90' lang='lat' dir='ltr'>Sclerum</span> <span class='ocrx_word' id='word_1_127' title='bbox 2623 631 2765 688; x_wconf 80' lang='lat' dir='ltr'>satis</span> <span class='ocrx_word' id='word_1_128' title='bbox 2825 634 3063 689; x_wconf 84' lang='lat' dir='ltr'>firmum</span> <span class='ocrx_word' id='word_1_129' title='bbox 3123 652 3251 692; x_wconf 90' lang='lat' dir='ltr'>esse</span> <span class='ocrx_word' id='word_1_130' title='bbox 3284 637 3356 691; x_wconf 88' lang='lat' dir='ltr'>ad</span> <span class='ocrx_word' id='word_1_131' title='bbox 3411 639 3581 710; x_wconf 88' lang='lat' dir='ltr'>signa</span> <span class='ocrx_word' id='word_1_132' title='bbox 3610 643 3816 698; x_wconf 88' lang='lat' dir='ltr'>confe-</span> 
     </span>
    </p>
   </div>
   <div class='ocr_carea' id='block_1_21' title="bbox 2157 721 3815 803">
    <p class='ocr_par' dir='ltr' id='par_1_21' title="bbox 2157 721 3815 803">
     <span class='ocr_line' id='line_1_21' title="bbox 2157 721 3815 803; baseline 0.008 -27"><span class='ocrx_word' id='word_1_133' title='bbox 2157 721 2363 788; x_wconf 89' lang='lat' dir='ltr'>renda,</span> <span class='ocrx_word' id='word_1_134' title='bbox 2401 722 2574 776; x_wconf 89' lang='lat' dir='ltr'>modo</span> <span class='ocrx_word' id='word_1_135' title='bbox 2607 722 2830 794; x_wconf 84' lang='lat' dir='ltr'>absque</span> <span class='ocrx_word' id='word_1_136' title='bbox 2855 724 3071 780; x_wconf 80' lang='lat' dir='ltr'>inertia</span> <span class='ocrx_word' id='word_1_137' title='bbox 3101 730 3282 796; x_wconf 91' lang='lat' dir='ltr'>atque</span> <span class='ocrx_word' id='word_1_138' title='bbox 3314 727 3546 785; x_wconf 88' lang='lat' dir='ltr'>desidia</span> <span class='ocrx_word' id='word_1_139' title='bbox 3575 732 3688 803; x_wconf 89' lang='lat' dir='ltr'>ipsi</span> <span class='ocrx_word' id='word_1_140' title='bbox 3752 735 3815 789; x_wconf 83' lang='lat' dir='ltr'>in</span> 
     </span>
    </p>
   </div>
   <div class='ocr_carea' id='block_1_22' title="bbox 2159 812 3816 890">
    <p class='ocr_par' dir='ltr' id='par_1_22' title="bbox 2159 812 3816 890">
     <span class='ocr_line' id='line_1_22' title="bbox 2159 812 3816 890; baseline 0.007 -23"><span class='ocrx_word' id='word_1_141' title='bbox 2159 812 2347 867; x_wconf 89' lang='lat' dir='ltr'>aciem</span> <span class='ocrx_word' id='word_1_142' title='bbox 2378 813 2665 867; x_wconf 84' lang='lat' dir='ltr'>venirent.</span> <span class='ocrx_word' id='word_1_143' title='bbox 2726 813 2857 868; x_wconf 66' lang='lat' dir='ltr'>Haec</span> <span class='ocrx_word' id='word_1_144' title='bbox 2893 814 2950 867; x_wconf 90' lang='lat' dir='ltr'>in</span> <span class='ocrx_word' id='word_1_145' title='bbox 3010 816 3288 886; x_wconf 81' lang='lat' dir='ltr'>precibus</span> <span class='ocrx_word' id='word_1_146' title='bbox 3341 824 3519 890; x_wconf 90' lang='lat' dir='ltr'>atque</span> <span class='ocrx_word' id='word_1_147' title='bbox 3574 822 3816 879; x_wconf 90' lang='lat' dir='ltr'>obsera-</span> 
     </span>
    </p>
   </div>
   <div class='ocr_carea' id='block_1_23' title="bbox 2160 901 3817 975">
    <p class='ocr_par' dir='ltr' id='par_1_23' title="bbox 2160 901 3817 975">
     <span class='ocr_line' id='line_1_23' title="bbox 2160 901 3817 975; baseline 0.007 -20"><span class='ocrx_word' id='word_1_148' title='bbox 2160 901 2324 956; x_wconf 87' lang='lat' dir='ltr'>tione</span> <span class='ocrx_word' id='word_1_149' title='bbox 2357 918 2498 956; x_wconf 80' lang='lat' dir='ltr'>usus</span> <span class='ocrx_word' id='word_1_150' title='bbox 2549 901 2636 955; x_wconf 89' lang='lat' dir='ltr'>illi</span> <span class='ocrx_word' id='word_1_151' title='bbox 2691 902 3086 959; x_wconf 86' lang='lat' dir='ltr'>nihilominus</span> <span class='ocrx_word' id='word_1_152' title='bbox 3146 922 3214 959; x_wconf 92' lang='lat' dir='ltr'>ex</span> <span class='ocrx_word' id='word_1_153' title='bbox 3263 908 3473 963; x_wconf 82' lang='lat' dir='ltr'>castris</span> <span class='ocrx_word' id='word_1_154' title='bbox 3532 910 3706 975; x_wconf 87' lang='lat' dir='ltr'>elabi,</span> <span class='ocrx_word' id='word_1_155' title='bbox 3742 911 3817 968; x_wconf 91' lang='lat' dir='ltr'>ad</span> 
     </span>
    </p>
   </div>
   <div class='ocr_carea' id='block_1_24' title="bbox 2161 991 3820 1062">
    <p class='ocr_par' dir='ltr' id='par_1_24' title="bbox 2161 991 3820 1062">
     <span class='ocr_line' id='line_1_24' title="bbox 2161 991 3820 1062; baseline 0.006 -16"><span class='ocrx_word' id='word_1_156' title='bbox 2161 991 2631 1062; x_wconf 81' lang='lat' dir='ltr'>magistrumque</span> <span class='ocrx_word' id='word_1_157' title='bbox 2647 1008 2707 1045; x_wconf 91' lang='lat' dir='ltr'>se</span> <span class='ocrx_word' id='word_1_158' title='bbox 2731 993 3000 1047; x_wconf 82' lang='lat' dir='ltr'>conferre</span> <span class='ocrx_word' id='word_1_159' title='bbox 3013 1010 3132 1049; x_wconf 91' lang='lat' dir='ltr'>non</span> <span class='ocrx_word' id='word_1_160' title='bbox 3160 995 3820 1057; x_wconf 80' lang='lat' dir='ltr'>intermiserunt.Multa</span> 
     </span>
    </p>
   </div>
   <div class='ocr_carea' id='block_1_25' title="bbox 2154 1080 3818 1154">
    <p class='ocr_par' dir='ltr' id='par_1_25' title="bbox 2154 1080 3818 1154">
     <span class='ocr_line' id='line_1_25' title="bbox 2154 1080 3818 1154; baseline 0.005 -19"><span class='ocrx_word' id='word_1_161' title='bbox 2154 1080 2282 1152; x_wconf 91' lang='lat' dir='ltr'>jam</span> <span class='ocrx_word' id='word_1_162' title='bbox 2325 1097 2440 1134; x_wconf 86' lang='lat' dir='ltr'>nox</span> <span class='ocrx_word' id='word_1_163' title='bbox 2492 1085 2638 1147; x_wconf 86' lang='lat' dir='ltr'>erat,</span> <span class='ocrx_word' id='word_1_164' title='bbox 2700 1098 2834 1135; x_wconf 92' lang='lat' dir='ltr'>cum</span> <span class='ocrx_word' id='word_1_165' title='bbox 2893 1081 3029 1154; x_wconf 86' lang='lat' dir='ltr'>fuga</span> <span class='ocrx_word' id='word_1_166' title='bbox 3080 1085 3376 1139; x_wconf 90' lang='lat' dir='ltr'>sociorum</span> <span class='ocrx_word' id='word_1_167' title='bbox 3436 1088 3818 1145; x_wconf 82' lang='lat' dir='ltr'>vehementer</span> 
     </span>
    </p>
   </div>
   <div class='ocr_carea' id='block_1_26' title="bbox 2163 1169 3816 1248">
    <p class='ocr_par' dir='ltr' id='par_1_26' title="bbox 2163 1169 3816 1248">
     <span class='ocr_line' id='line_1_26' title="bbox 2163 1169 3816 1248; baseline 0.007 -24"><span class='ocrx_word' id='word_1_168' title='bbox 2163 1169 2475 1242; x_wconf 90' lang='lat' dir='ltr'>perculsus</span> <span class='ocrx_word' id='word_1_169' title='bbox 2500 1171 2645 1225; x_wconf 75' lang='lat' dir='ltr'>I2!</span> <span class='ocrx_word' id='word_1_170' title='bbox 2703 1170 2951 1234; x_wconf 85' lang='lat' dir='ltr'>Phocas,</span> <span class='ocrx_word' id='word_1_171' title='bbox 3012 1173 3305 1229; x_wconf 90' lang='lat' dir='ltr'>insomnis</span> <span class='ocrx_word' id='word_1_172' title='bbox 3337 1181 3514 1248; x_wconf 90' lang='lat' dir='ltr'>atque</span> <span class='ocrx_word' id='word_1_173' title='bbox 3545 1186 3816 1247; x_wconf 64' lang='lat' dir='ltr'>maestus,</span> 
     </span>
    </p>
   </div>
   <div class='ocr_carea' id='block_1_27' title="bbox 2165 1259 3816 1337">
    <p class='ocr_par' dir='ltr' id='par_1_27' title="bbox 2165 1259 3816 1337">
     <span class='ocr_line' id='line_1_27' title="bbox 2165 1259 3816 1337; baseline 0.007 -24"><span class='ocrx_word' id='word_1_174' title='bbox 2165 1259 2463 1332; x_wconf 85' lang='lat' dir='ltr'>precibus,</span> <span class='ocrx_word' id='word_1_175' title='bbox 2497 1259 2558 1313; x_wconf 91' lang='lat' dir='ltr'>ni</span> <span class='ocrx_word' id='word_1_176' title='bbox 2592 1260 2959 1331; x_wconf 84' lang='lat' dir='ltr'>perhibetur,</span> <span class='ocrx_word' id='word_1_177' title='bbox 3000 1262 3236 1334; x_wconf 88' lang='lat' dir='ltr'>placare</span> <span class='ocrx_word' id='word_1_178' title='bbox 3292 1282 3514 1322; x_wconf 90' lang='lat' dir='ltr'>numen</span> <span class='ocrx_word' id='word_1_179' title='bbox 3547 1269 3816 1337; x_wconf 88' lang='lat' dir='ltr'>studens,</span> 
     </span>
    </p>
   </div>
   <div class='ocr_carea' id='block_1_28' title="bbox 2165 1348 3819 1424">
    <p class='ocr_par' dir='ltr' id='par_1_28' title="bbox 2165 1348 3819 1424">
     <span class='ocr_line' id='line_1_28' title="bbox 2165 1348 3819 1424; baseline 0.006 -20"><span class='ocrx_word' id='word_1_180' title='bbox 2165 1349 2508 1404; x_wconf 86' lang='lat' dir='ltr'>Davidicum</span> <span class='ocrx_word' id='word_1_181' title='bbox 2542 1348 2690 1404; x_wconf 87' lang='lat' dir='ltr'>illud</span> <span class='ocrx_word' id='word_1_182' title='bbox 2721 1349 3000 1406; x_wconf 88' lang='lat' dir='ltr'>funderet</span> <span class='ocrx_word' id='word_1_183' title='bbox 3025 1369 3267 1408; x_wconf 87' lang='lat' dir='ltr'>carmen</span> <span class='ocrx_word' id='word_1_184' title='bbox 3304 1371 3316 1408; x_wconf 93' lang='lat'>:</span> <span class='ocrx_word' id='word_1_185' title='bbox 3358 1377 3385 1404; x_wconf 87' lang='lat'><strong>«</strong></span> <span class='ocrx_word' id='word_1_186' title='bbox 3417 1357 3641 1424; x_wconf 86' lang='lat' dir='ltr'>Judica,</span> <span class='ocrx_word' id='word_1_187' title='bbox 3705 1361 3819 1413; x_wconf 92' lang='lat' dir='ltr'>Do-</span> 
     </span>
    </p>
   </div>
   <div class='ocr_carea' id='block_1_29' title="bbox 2166 1440 3821 1504">
    <p class='ocr_par' dir='ltr' id='par_1_29' title="bbox 2166 1440 3821 1504">
     <span class='ocr_line' id='line_1_29' title="bbox 2166 1440 3821 1504; baseline 0.004 -10"><span class='ocrx_word' id='word_1_188' title='bbox 2166 1440 2350 1504; x_wconf 90' lang='lat' dir='ltr'>mine,</span> <span class='ocrx_word' id='word_1_189' title='bbox 2377 1445 2662 1494; x_wconf 88' lang='lat' dir='ltr'>nocentes</span> <span class='ocrx_word' id='word_1_190' title='bbox 2686 1456 2800 1494; x_wconf 92' lang='lat' dir='ltr'>me.</span> <span class='ocrx_word' id='word_1_191' title='bbox 2827 1463 2853 1489; x_wconf 88' lang='grc'><strong>››</strong></span> <span class='ocrx_word' id='word_1_192' title='bbox 2891 1440 2970 1494; x_wconf 91' lang='lat' dir='ltr'>lbi</span> <span class='ocrx_word' id='word_1_193' title='bbox 3004 1441 3201 1498; x_wconf 91' lang='lat' dir='ltr'>subito</span> <span class='ocrx_word' id='word_1_194' title='bbox 3233 1461 3434 1500; x_wconf 89' lang='lat' dir='ltr'>vocem</span> <span class='ocrx_word' id='word_1_195' title='bbox 3457 1463 3527 1501; x_wconf 91' lang='lat' dir='ltr'>ex</span> <span class='ocrx_word' id='word_1_196' title='bbox 3559 1464 3692 1503; x_wconf 90' lang='lat' dir='ltr'>acre</span> <span class='ocrx_word' id='word_1_197' title='bbox 3716 1447 3821 1502; x_wconf 92' lang='lat' dir='ltr'>de-</span> 
     </span>
    </p>
   </div>
   <div class='ocr_carea' id='block_1_30' title="bbox 2167 1529 3818 1608">
    <p class='ocr_par' dir='ltr' id='par_1_30' title="bbox 2167 1529 3818 1608">
     <span class='ocr_line' id='line_1_30' title="bbox 2167 1529 3818 1608; baseline 0.004 -25"><span class='ocrx_word' id='word_1_198' title='bbox 2167 1529 2348 1584; x_wconf 88' lang='lat' dir='ltr'>latam</span> <span class='ocrx_word' id='word_1_199' title='bbox 2372 1545 2544 1584; x_wconf 88' lang='lat' dir='ltr'>aures</span> <span class='ocrx_word' id='word_1_200' title='bbox 2576 1529 3050 1586; x_wconf 89' lang='lat' dir='ltr'>circumsonasse</span> <span class='ocrx_word' id='word_1_201' title='bbox 3083 1533 3212 1604; x_wconf 89' lang='lat' dir='ltr'>ejus</span> <span class='ocrx_word' id='word_1_202' title='bbox 3242 1533 3460 1600; x_wconf 84' lang='lat' dir='ltr'>ferunt,</span> <span class='ocrx_word' id='word_1_203' title='bbox 3496 1553 3613 1608; x_wconf 87' lang='lat' dir='ltr'>qua</span> <span class='ocrx_word' id='word_1_204' title='bbox 3643 1555 3818 1608; x_wconf 90' lang='lat' dir='ltr'>porro</span> 
     </span>
    </p>
   </div>
   <div class='ocr_carea' id='block_1_31' title="bbox 2168 1618 3822 1690">
    <p class='ocr_par' dir='ltr' id='par_1_31' title="bbox 2168 1618 3822 1690">
     <span class='ocr_line' id='line_1_31' title="bbox 2168 1618 3822 1690; baseline 0.006 -19"><span class='ocrx_word' id='word_1_205' title='bbox 2168 1634 2411 1690; x_wconf 75' lang='lat' dir='ltr'>pergere</span> <span class='ocrx_word' id='word_1_206' title='bbox 2444 1618 2504 1672; x_wconf 89' lang='lat' dir='ltr'>in</span> <span class='ocrx_word' id='word_1_207' title='bbox 2538 1618 2768 1689; x_wconf 86' lang='lat' dir='ltr'>psalmo</span> <span class='ocrx_word' id='word_1_208' title='bbox 2802 1625 3133 1676; x_wconf 85' lang='lat' dir='ltr'>vetaretur:</span> <span class='ocrx_word' id='word_1_209' title='bbox 3168 1622 3449 1679; x_wconf 89' lang='lat' dir='ltr'>adversus</span> <span class='ocrx_word' id='word_1_210' title='bbox 3481 1642 3542 1680; x_wconf 92' lang='lat' dir='ltr'>se</span> <span class='ocrx_word' id='word_1_211' title='bbox 3576 1626 3822 1680; x_wconf 89' lang='lat' dir='ltr'>Bardam</span> 
     </span>
    </p>
   </div>
   <div class='ocr_carea' id='block_1_32' title="bbox 2172 1708 3822 1786">
    <p class='ocr_par' dir='ltr' id='par_1_32' title="bbox 2172 1708 3822 1786">
     <span class='ocr_line' id='line_1_32' title="bbox 2172 1708 3822 1786; baseline 0.005 -24"><span class='ocrx_word' id='word_1_212' title='bbox 2172 1708 2520 1780; x_wconf 86' lang='lat' dir='ltr'>magistrum</span> <span class='ocrx_word' id='word_1_213' title='bbox 2573 1723 2642 1762; x_wconf 87' lang='lat' dir='ltr'>ea</span> <span class='ocrx_word' id='word_1_214' title='bbox 2700 1708 2831 1778; x_wconf 90' lang='lat' dir='ltr'>ipsa</span> <span class='ocrx_word' id='word_1_215' title='bbox 2887 1709 3101 1778; x_wconf 89' lang='lat' dir='ltr'>psalmi</span> <span class='ocrx_word' id='word_1_216' title='bbox 3136 1711 3312 1767; x_wconf 87' lang='lat' dir='ltr'>verba</span> <span class='ocrx_word' id='word_1_217' title='bbox 3350 1731 3822 1786; x_wconf 62' lang='lat' dir='ltr'>praeoccupasse.</span> 
     </span>
    </p>
   </div>
   <div class='ocr_carea' id='block_1_33' title="bbox 2171 1799 3826 1875">
    <p class='ocr_par' dir='ltr' id='par_1_33' title="bbox 2171 1799 3826 1875">
     <span class='ocr_line' id='line_1_33' title="bbox 2171 1799 3826 1875; baseline 0.004 -24"><span class='ocrx_word' id='word_1_218' title='bbox 2171 1799 2310 1862; x_wconf 74' lang='lat' dir='ltr'>Quae</span> <span class='ocrx_word' id='word_1_219' title='bbox 2344 1814 2449 1850; x_wconf 87' lang='lat' dir='ltr'>vox</span> <span class='ocrx_word' id='word_1_220' title='bbox 2481 1801 2794 1867; x_wconf 88' lang='lat' dir='ltr'>postquam</span> <span class='ocrx_word' id='word_1_221' title='bbox 2831 1803 2989 1852; x_wconf 90' lang='lat' dir='ltr'>esset</span> <span class='ocrx_word' id='word_1_222' title='bbox 3021 1803 3110 1853; x_wconf 90' lang='lat' dir='ltr'>ter</span> <span class='ocrx_word' id='word_1_223' title='bbox 3134 1800 3206 1854; x_wconf 92' lang='lat' dir='ltr'>ab</span> <span class='ocrx_word' id='word_1_224' title='bbox 3241 1801 3342 1856; x_wconf 90' lang='lat' dir='ltr'>illo</span> <span class='ocrx_word' id='word_1_225' title='bbox 3375 1804 3826 1875; x_wconf 83' lang='lat' dir='ltr'>exaudita,pro-</span> 
     </span>
    </p>
   </div>
   <div class='ocr_carea' id='block_1_34' title="bbox 407 1879 2077 1972">
    <p class='ocr_par' dir='ltr' id='par_1_34' title="bbox 407 1879 2062 1964">
     <span class='ocr_line' id='line_1_34' title="bbox 407 1879 2062 1964; baseline -0.004 -20"><span class='ocrx_word' id='word_1_226' title='bbox 407 1890 676 1964; x_wconf 79' lang='grc' dir='ltr'>νεγμένην</span> <span class='ocrx_word' id='word_1_227' title='bbox 710 1888 874 1943; x_wconf 82' lang='grc' dir='ltr'>αὐτοῦ</span> <span class='ocrx_word' id='word_1_228' title='bbox 905 1887 972 1942; x_wconf 83' lang='grc' dir='ltr'>τὰ</span> <span class='ocrx_word' id='word_1_229' title='bbox 1030 1887 1144 1940; x_wconf 86' lang='grc' dir='ltr'>ὦτα</span> <span class='ocrx_word' id='word_1_230' title='bbox 1197 1879 1580 1960; x_wconf 77' lang='grc' dir='ltr'>περιϐομϐεῖν,</span> <span class='ocrx_word' id='word_1_231' title='bbox 1619 1885 1694 1959; x_wconf 80' lang='grc' dir='ltr'>μὴ</span> <span class='ocrx_word' id='word_1_232' title='bbox 1756 1885 2062 1959; x_wconf 70' lang='grc' dir='ltr'>περαιτέρω</span> 
     </span>
    </p>
   </div>
   <div class='ocr_carea' id='block_1_35' title="bbox 2188 1879 3823 1972">
    <p class='ocr_par' dir='ltr' id='par_1_35' title="bbox 2188 1885 3823 1963">
     <span class='ocr_line' id='line_1_35' title="bbox 2188 1885 3823 1963; baseline 0.005 -23"><span class='ocrx_word' id='word_1_233' title='bbox 2188 1885 2328 1959; x_wconf 81' lang='lat' dir='ltr'>ligio</span> <span class='ocrx_word' id='word_1_234' title='bbox 2353 1885 2612 1940; x_wconf 83' lang='lat' dir='ltr'>vaticinii</span> <span class='ocrx_word' id='word_1_235' title='bbox 2647 1887 3042 1957; x_wconf 80' lang='lat' dir='ltr'>stupefactum</span> <span class='ocrx_word' id='word_1_236' title='bbox 3076 1905 3212 1944; x_wconf 93' lang='lat' dir='ltr'>eum</span> <span class='ocrx_word' id='word_1_237' title='bbox 3252 1893 3760 1963; x_wconf 87' lang='lat' dir='ltr'>perterritumque</span> <span class='ocrx_word' id='word_1_238' title='bbox 3793 1903 3823 1946; x_wconf 88' lang='lat' dir='ltr'>e</span> 
     </span>
    </p>
   </div>
   <div class='ocr_carea' id='block_1_36' title="bbox 406 1972 2066 2052">
    <p class='ocr_par' dir='ltr' id='par_1_36' title="bbox 406 1972 2066 2052">
     <span class='ocr_line' id='line_1_36' title="bbox 406 1972 2066 2052; baseline -0.002 -20"><span class='ocrx_word' id='word_1_239' title='bbox 406 1984 507 2033; x_wconf 86' lang='grc' dir='ltr'>τοῦ</span> <span class='ocrx_word' id='word_1_240' title='bbox 592 1977 817 2052; x_wconf 83' lang='grc' dir='ltr'>ψαλμοῦ</span> <span class='ocrx_word' id='word_1_241' title='bbox 898 1976 1103 2052; x_wconf 74' lang='grc' dir='ltr'>χωρεῖν</span> <span class='ocrx_word' id='word_1_242' title='bbox 1167 1977 1278 2047; x_wconf 79' lang='grc'>(59)</span> <span class='ocrx_word' id='word_1_243' title='bbox 1337 1972 1776 2030; x_wconf 71' lang='grc' dir='ltr'>διακελεύουσαψ</span> <span class='ocrx_word' id='word_1_244' title='bbox 1837 1975 1912 2036; x_wconf 85' lang='grc' dir='ltr'>ὡς</span> <span class='ocrx_word' id='word_1_245' title='bbox 1969 1977 2066 2028; x_wconf 87' lang='grc' dir='ltr'>τοῦ</span> 
     </span>
    </p>
   </div>
   <div class='ocr_carea' id='block_1_37' title="bbox 2176 1975 3624 2050">
    <p class='ocr_par' dir='ltr' id='par_1_37' title="bbox 2176 1975 3624 2050">
     <span class='ocr_line' id='line_1_37' title="bbox 2176 1975 3624 2050; baseline 0.005 -22"><span class='ocrx_word' id='word_1_246' title='bbox 2176 1975 2329 2030; x_wconf 90' lang='lat' dir='ltr'>lecto</span> <span class='ocrx_word' id='word_1_247' title='bbox 2359 1975 2704 2037; x_wconf 85' lang='lat' dir='ltr'>surrexisse,</span> <span class='ocrx_word' id='word_1_248' title='bbox 2741 1990 2970 2029; x_wconf 67' lang='lat' dir='ltr'>aurorae</span> <span class='ocrx_word' id='word_1_249' title='bbox 3005 1976 3196 2031; x_wconf 89' lang='lat' dir='ltr'>lucem</span> <span class='ocrx_word' id='word_1_250' title='bbox 3231 1987 3624 2050; x_wconf 82' lang='lat' dir='ltr'>exspectasse.</span> 
     </span>
    </p>
   </div>
   <div class='ocr_carea' id='block_1_38' title="bbox 410 2061 3831 2144">
    <p class='ocr_par' dir='ltr' id='par_1_38' title="bbox 410 2061 3831 2144">
     <span class='ocr_line' id='line_1_38' title="bbox 410 2061 3831 2144; baseline -0.001 -20"><span class='ocrx_word' id='word_1_251' title='bbox 410 2067 792 2144; x_wconf 75' lang='grc' dir='ltr'>στρατηλάτου</span> <span class='ocrx_word' id='word_1_252' title='bbox 822 2062 1006 2141; x_wconf 85' lang='grc' dir='ltr'>Βάρδα</span> <span class='ocrx_word' id='word_1_253' title='bbox 1037 2065 1155 2120; x_wconf 84' lang='grc' dir='ltr'>κατ’</span> <span class='ocrx_word' id='word_1_254' title='bbox 1185 2063 1348 2119; x_wconf 70' lang='grc' dir='ltr'>αὐτοῦ</span> <span class='ocrx_word' id='word_1_255' title='bbox 1379 2063 1446 2118; x_wconf 74' lang='grc' dir='ltr'>τὰ</span> <span class='ocrx_word' id='word_1_256' title='bbox 1473 2067 1696 2118; x_wconf 90' lang='grc' dir='ltr'>τοιαῦτα</span> <span class='ocrx_word' id='word_1_257' title='bbox 1721 2067 1818 2117; x_wconf 86' lang='grc' dir='ltr'>τοῦ</span> <span class='ocrx_word' id='word_1_258' title='bbox 1849 2061 2074 2136; x_wconf 78' lang='grc' dir='ltr'>ψαλμοῦ</span> <span class='ocrx_word' id='word_1_259' title='bbox 2113 2062 2604 2136; x_wconf 67' lang='grc' dir='ltr'>προεξαιτήσαντος</span> <span class='ocrx_word' id='word_1_260' title='bbox 2643 2061 2824 2135; x_wconf 73' lang='grc' dir='ltr'>Λὸγια.</span> <span class='ocrx_word' id='word_1_261' title='bbox 2859 2061 3104 2137; x_wconf 83' lang='grc' dir='ltr'>Ἐπιτρὶς</span> <span class='ocrx_word' id='word_1_262' title='bbox 3137 2061 3194 2118; x_wconf 76' lang='grc' dir='ltr'>δὶ</span> <span class='ocrx_word' id='word_1_263' title='bbox 3218 2064 3360 2136; x_wconf 86' lang='grc' dir='ltr'>αύτῷ</span> <span class='ocrx_word' id='word_1_264' title='bbox 3415 2068 3513 2137; x_wconf 83' lang='grc' dir='ltr'>τῆς</span> <span class='ocrx_word' id='word_1_265' title='bbox 3565 2068 3831 2136; x_wconf 79' lang='grc' dir='ltr'>τοιαύτης</span> 
     </span>
    </p>
   </div>
   <div class='ocr_carea' id='block_1_39' title="bbox 409 2147 3832 2231">
    <p class='ocr_par' dir='ltr' id='par_1_39' title="bbox 409 2147 3832 2231">
     <span class='ocr_line' id='line_1_39' title="bbox 409 2147 3832 2231; baseline 0 -19"><span class='ocrx_word' id='word_1_266' title='bbox 409 2157 780 2227; x_wconf 75' lang='grc' dir='ltr'>ἐνηχηθείσης</span> <span class='ocrx_word' id='word_1_267' title='bbox 803 2160 1012 2231; x_wconf 72' lang='grc' dir='ltr'>φωνῆς,</span> <span class='ocrx_word' id='word_1_268' title='bbox 1045 2147 1396 2227; x_wconf 77' lang='grc' dir='ltr'>θαμϐηθῆναί</span> <span class='ocrx_word' id='word_1_269' title='bbox 1427 2173 1488 2208; x_wconf 89' lang='grc' dir='ltr'>τε</span> <span class='ocrx_word' id='word_1_270' title='bbox 1516 2157 1596 2225; x_wconf 78' lang='grc' dir='ltr'>τῷ</span> <span class='ocrx_word' id='word_1_271' title='bbox 1625 2156 1798 2226; x_wconf 80' lang='grc' dir='ltr'>καινῷ</span> <span class='ocrx_word' id='word_1_272' title='bbox 1829 2156 1927 2206; x_wconf 89' lang='grc' dir='ltr'>τοῦ</span> <span class='ocrx_word' id='word_1_273' title='bbox 1959 2155 2243 2227; x_wconf 83' lang='grc' dir='ltr'>χρησμοῦ,</span> <span class='ocrx_word' id='word_1_274' title='bbox 2277 2151 2366 2205; x_wconf 84' lang='grc' dir='ltr'>καὶ</span> <span class='ocrx_word' id='word_1_275' title='bbox 2397 2157 2497 2220; x_wconf 76' lang='grc' dir='ltr'>τῆς</span> <span class='ocrx_word' id='word_1_276' title='bbox 2525 2151 2682 2220; x_wconf 80' lang='grc' dir='ltr'>εύνῆς</span> <span class='ocrx_word' id='word_1_277' title='bbox 2717 2147 3064 2222; x_wconf 79' lang='grc' dir='ltr'>διαναστῆναι</span> <span class='ocrx_word' id='word_1_278' title='bbox 3095 2152 3386 2224; x_wconf 80' lang='grc' dir='ltr'>περιδεῶς,</span> <span class='ocrx_word' id='word_1_279' title='bbox 3446 2157 3534 2210; x_wconf 82' lang='grc' dir='ltr'>καὶ</span> <span class='ocrx_word' id='word_1_280' title='bbox 3596 2157 3697 2224; x_wconf 81' lang='grc' dir='ltr'>τήν</span> <span class='ocrx_word' id='word_1_281' title='bbox 3728 2162 3832 2225; x_wconf 79' lang='grc' dir='ltr'>τῆς</span> 
     </span>
    </p>
   </div>
   <div class='ocr_carea' id='block_1_40' title="bbox 405 2243 1079 2321">
    <p class='ocr_par' dir='ltr' id='par_1_40' title="bbox 405 2243 1079 2321">
     <span class='ocr_line' id='line_1_40' title="bbox 405 2243 1079 2321; baseline -0.001 -20"><span class='ocrx_word' id='word_1_282' title='bbox 405 2243 486 2301; x_wconf 75' lang='grc' dir='ltr'>ἓω</span> <span class='ocrx_word' id='word_1_283' title='bbox 516 2250 708 2321; x_wconf 73' lang='grc' dir='ltr'>φαῦσιν</span> <span class='ocrx_word' id='word_1_284' title='bbox 742 2243 1079 2320; x_wconf 80' lang='grc' dir='ltr'>ἐκδέχεσθαι.</span> 
     </span>
    </p>
   </div>
   <div class='ocr_carea' id='block_1_41' title="bbox 484 2356 2068 2434">
    <p class='ocr_par' dir='ltr' id='par_1_41' title="bbox 484 2356 2068 2434">
     <span class='ocr_line' id='line_1_41' title="bbox 484 2356 2068 2434; baseline -0.005 -17"><span class='ocrx_word' id='word_1_285' title='bbox 484 2362 545 2424; x_wconf 90' lang='grc' dir='ltr'>ς’.</span> <span class='ocrx_word' id='word_1_286' title='bbox 575 2357 718 2430; x_wconf 77' lang='grc' dir='ltr'>’Ἡδη</span> <span class='ocrx_word' id='word_1_287' title='bbox 782 2357 841 2415; x_wconf 71' lang='grc' dir='ltr'>δὲ</span> <span class='ocrx_word' id='word_1_288' title='bbox 897 2363 998 2425; x_wconf 82' lang='grc' dir='ltr'>τῆς</span> <span class='ocrx_word' id='word_1_289' title='bbox 1041 2357 1255 2434; x_wconf 76' lang='grc' dir='ltr'>ἡμέρας</span> <span class='ocrx_word' id='word_1_290' title='bbox 1313 2359 1584 2432; x_wconf 73' lang='grc' dir='ltr'>σταθερῶς</span> <span class='ocrx_word' id='word_1_291' title='bbox 1645 2356 2068 2434; x_wconf 85' lang='grc' dir='ltr'>διαυγαζούσης,</span> 
     </span>
    </p>
   </div>
   <div class='ocr_carea' id='block_1_42' title="bbox 405 2446 2072 2525">
    <p class='ocr_par' dir='ltr' id='par_1_42' title="bbox 405 2446 2072 2525">
     <span class='ocr_line' id='line_1_42' title="bbox 405 2446 2072 2525; baseline -0.004 -17"><span class='ocrx_word' id='word_1_292' title='bbox 405 2457 506 2509; x_wconf 87' lang='grc' dir='ltr'>τοῦ</span> <span class='ocrx_word' id='word_1_293' title='bbox 532 2450 709 2506; x_wconf 73' lang='grc' dir='ltr'>’ίππου</span> <span class='ocrx_word' id='word_1_294' title='bbox 746 2446 1003 2521; x_wconf 74' lang='grc' dir='ltr'>ἐπιϐῆναι</span> <span class='ocrx_word' id='word_1_295' title='bbox 1035 2450 1126 2505; x_wconf 84' lang='grc' dir='ltr'>καὶ</span> <span class='ocrx_word' id='word_1_296' title='bbox 1199 2447 1393 2504; x_wconf 84' lang='grc' dir='ltr'>διϊέναι</span> <span class='ocrx_word' id='word_1_297' title='bbox 1448 2449 1511 2504; x_wconf 83' lang='grc' dir='ltr'>τὸ</span> <span class='ocrx_word' id='word_1_298' title='bbox 1569 2451 1896 2525; x_wconf 85' lang='grc' dir='ltr'>στράτευμα,</span> <span class='ocrx_word' id='word_1_299' title='bbox 1931 2448 2072 2523; x_wconf 74' lang='grc' dir='ltr'>ἐρεῖ-</span> 
     </span>
    </p>
   </div>
   <div class='ocr_carea' id='block_1_43' title="bbox 409 2537 2073 2615">
    <p class='ocr_par' dir='ltr' id='par_1_43' title="bbox 409 2537 2073 2615">
     <span class='ocr_line' id='line_1_43' title="bbox 409 2537 2073 2615; baseline -0.003 -17"><span class='ocrx_word' id='word_1_300' title='bbox 409 2545 500 2599; x_wconf 89' lang='grc' dir='ltr'>σαί</span> <span class='ocrx_word' id='word_1_301' title='bbox 533 2563 590 2598; x_wconf 83' lang='grc' dir='ltr'>τε</span> <span class='ocrx_word' id='word_1_302' title='bbox 616 2548 734 2605; x_wconf 86' lang='grc' dir='ltr'>τοῖς</span> <span class='ocrx_word' id='word_1_303' title='bbox 793 2539 1044 2604; x_wconf 78' lang='grc' dir='ltr'>πεδίλοις</span> <span class='ocrx_word' id='word_1_304' title='bbox 1100 2542 1193 2596; x_wconf 88' lang='grc' dir='ltr'>τὸν</span> <span class='ocrx_word' id='word_1_305' title='bbox 1257 2539 1561 2613; x_wconf 62' lang='grc' dir='ltr'>ὀφθαλμόν</span> <span class='ocrx_word' id='word_1_306' title='bbox 1622 2541 1884 2615; x_wconf 76' lang='grc' dir='ltr'>ἐρείσαντι</span> <span class='ocrx_word' id='word_1_307' title='bbox 1943 2537 2000 2594; x_wconf 75' lang='grc' dir='ltr'>δὲ</span> <span class='ocrx_word' id='word_1_308' title='bbox 2031 2543 2073 2576; x_wconf 80' lang='grc'>⁴⁷</span> 
     </span>
    </p>
   </div>
   <div class='ocr_carea' id='block_1_44' title="bbox 414 2629 2079 2709">
    <p class='ocr_par' dir='ltr' id='par_1_44' title="bbox 414 2629 2079 2709">
     <span class='ocr_line' id='line_1_44' title="bbox 414 2629 2079 2709; baseline -0.003 -20"><span class='ocrx_word' id='word_1_309' title='bbox 414 2633 715 2709; x_wconf 76' lang='grc' dir='ltr'>φαντασίαν</span> <span class='ocrx_word' id='word_1_310' title='bbox 753 2633 1001 2706; x_wconf 80' lang='grc' dir='ltr'>γενέσθαι</span> <span class='ocrx_word' id='word_1_311' title='bbox 1034 2630 1363 2687; x_wconf 76' lang='grc' dir='ltr'>ἀλλόκοτον.</span> <span class='ocrx_word' id='word_1_312' title='bbox 1397 2631 1554 2700; x_wconf 79' lang='grc' dir='ltr'>Δόξαι</span> <span class='ocrx_word' id='word_1_313' title='bbox 1579 2631 1682 2704; x_wconf 81' lang='grc' dir='ltr'>γὰρ</span> <span class='ocrx_word' id='word_1_314' title='bbox 1728 2630 1828 2685; x_wconf 83' lang='grc' dir='ltr'>οὐκ</span> <span class='ocrx_word' id='word_1_315' title='bbox 1879 2629 2079 2703; x_wconf 82' lang='grc' dir='ltr'>ἐρυθρά</span> 
     </span>
    </p>
   </div>
   <div class='ocr_carea' id='block_1_45' title="bbox 415 2713 2080 2798">
    <p class='ocr_par' dir='ltr' id='par_1_45' title="bbox 415 2713 2080 2798">
     <span class='ocr_line' id='line_1_45' title="bbox 415 2713 2080 2798; baseline -0.004 -20"><span class='ocrx_word' id='word_1_316' title='bbox 415 2727 591 2778; x_wconf 85' lang='grc' dir='ltr'>ταῦτα</span> <span class='ocrx_word' id='word_1_317' title='bbox 637 2721 951 2798; x_wconf 70' lang='grc' dir='ltr'>τυγχάνειν,</span> <span class='ocrx_word' id='word_1_318' title='bbox 1018 2721 1328 2796; x_wconf 73' lang='grc' dir='ltr'>ἀκραιφνῶς</span> <span class='ocrx_word' id='word_1_319' title='bbox 1387 2717 1444 2774; x_wconf 74' lang='grc' dir='ltr'>δὲ</span> <span class='ocrx_word' id='word_1_320' title='bbox 1503 2713 1863 2795; x_wconf 76' lang='grc' dir='ltr'>μελαμϐαφῆ.</span> <span class='ocrx_word' id='word_1_321' title='bbox 1925 2714 2080 2791; x_wconf 67' lang='grc' dir='ltr'>Ἐρέ-</span> 
     </span>
    </p>
   </div>
   <div class='ocr_carea' id='block_1_46' title="bbox 422 2808 2076 2884">
    <p class='ocr_par' dir='ltr' id='par_1_46' title="bbox 422 2808 2076 2884">
     <span class='ocr_line' id='line_1_46' title="bbox 422 2808 2076 2884; baseline -0.004 -17"><span class='ocrx_word' id='word_1_322' title='bbox 422 2816 545 2868; x_wconf 83' lang='grc' dir='ltr'>σθαι</span> <span class='ocrx_word' id='word_1_323' title='bbox 597 2832 656 2867; x_wconf 88' lang='grc' dir='ltr'>τε</span> <span class='ocrx_word' id='word_1_324' title='bbox 703 2810 829 2872; x_wconf 79' lang='grc' dir='ltr'>τοὺς</span> <span class='ocrx_word' id='word_1_325' title='bbox 891 2809 1027 2884; x_wconf 80' lang='grc' dir='ltr'>ἀμφ’</span> <span class='ocrx_word' id='word_1_326' title='bbox 1087 2809 1270 2877; x_wconf 86' lang='grc' dir='ltr'>αὐτὸν,</span> <span class='ocrx_word' id='word_1_327' title='bbox 1331 2809 1445 2872; x_wconf 87' lang='grc' dir='ltr'>ἀνθ’</span> <span class='ocrx_word' id='word_1_328' title='bbox 1500 2809 1629 2863; x_wconf 79' lang='grc' dir='ltr'>ὅτου</span> <span class='ocrx_word' id='word_1_329' title='bbox 1669 2808 1759 2863; x_wconf 87' lang='grc' dir='ltr'>τὸν</span> <span class='ocrx_word' id='word_1_330' title='bbox 1817 2811 2076 2862; x_wconf 88' lang='grc' dir='ltr'>τοσοῦτον</span> 
     </span>
    </p>
   </div>
   <div class='ocr_carea' id='block_1_47' title="bbox 428 2895 2074 2972">
    <p class='ocr_par' dir='ltr' id='par_1_47' title="bbox 428 2895 2074 2972">
     <span class='ocr_line' id='line_1_47' title="bbox 428 2895 2074 2972; baseline -0.005 -15"><span class='ocrx_word' id='word_1_331' title='bbox 428 2900 638 2957; x_wconf 82' lang='grc' dir='ltr'>πλάνον</span> <span class='ocrx_word' id='word_1_332' title='bbox 697 2904 1112 2967; x_wconf 84' lang='grc' dir='ltr'>καθυποσταῖεν,</span> <span class='ocrx_word' id='word_1_333' title='bbox 1170 2897 1262 2953; x_wconf 82' lang='grc' dir='ltr'>καὶ</span> <span class='ocrx_word' id='word_1_334' title='bbox 1347 2899 1424 2970; x_wconf 76' lang='grc' dir='ltr'>μὴ</span> <span class='ocrx_word' id='word_1_335' title='bbox 1483 2897 1551 2952; x_wconf 85' lang='grc' dir='ltr'>τά</span> <span class='ocrx_word' id='word_1_336' title='bbox 1605 2903 1705 2966; x_wconf 86' lang='grc' dir='ltr'>τῆς</span> <span class='ocrx_word' id='word_1_337' title='bbox 1769 2895 2074 2972; x_wconf 83' lang='grc' dir='ltr'>βασιλείας,</span> 
     </span>
    </p>
   </div>
   <div class='ocr_carea' id='block_1_48' title="bbox 426 2982 2081 3062">
    <p class='ocr_par' dir='ltr' id='par_1_48' title="bbox 426 2982 2081 3062">
     <span class='ocr_line' id='line_1_48' title="bbox 426 2982 2081 3062; baseline -0.004 -16"><span class='ocrx_word' id='word_1_338' title='bbox 426 2990 556 3048; x_wconf 91' lang='grc' dir='ltr'>ἀλλ’</span> <span class='ocrx_word' id='word_1_339' title='bbox 620 2989 896 3057; x_wconf 77' lang='grc' dir='ltr'>ἰδιωτικὰ,</span> <span class='ocrx_word' id='word_1_340' title='bbox 950 2988 1098 3060; x_wconf 85' lang='grc' dir='ltr'>αὐτῷ</span> <span class='ocrx_word' id='word_1_341' title='bbox 1184 2986 1482 3062; x_wconf 79' lang='grc' dir='ltr'>ἐπορέξειεν</span> <span class='ocrx_word' id='word_1_342' title='bbox 1536 2983 1755 3042; x_wconf 84' lang='grc' dir='ltr'>πέδιλα.</span> <span class='ocrx_word' id='word_1_343' title='bbox 1817 2985 1962 3048; x_wconf 77' lang='grc' dir='ltr'>Τοὺς</span> <span class='ocrx_word' id='word_1_344' title='bbox 2021 2982 2081 3040; x_wconf 70' lang='grc' dir='ltr'>δὲ</span> 
     </span>
    </p>
   </div>
   <div class='ocr_carea' id='block_1_49' title="bbox 427 3073 2082 3154">
    <p class='ocr_par' dir='ltr' id='par_1_49' title="bbox 427 3073 2082 3154">
     <span class='ocr_line' id='line_1_49' title="bbox 427 3073 2082 3154; baseline -0.004 -17"><span class='ocrx_word' id='word_1_345' title='bbox 427 3081 848 3154; x_wconf 81' lang='grc' dir='ltr'>ἀποκρίνασθαι,</span> <span class='ocrx_word' id='word_1_346' title='bbox 882 3079 949 3133; x_wconf 80' lang='grc' dir='ltr'>τὰ</span> <span class='ocrx_word' id='word_1_347' title='bbox 976 3073 1298 3150; x_wconf 76' lang='grc' dir='ltr'>κοκκοϐαφή</span> <span class='ocrx_word' id='word_1_348' title='bbox 1342 3076 1551 3146; x_wconf 84' lang='grc' dir='ltr'>πέλειν,</span> <span class='ocrx_word' id='word_1_349' title='bbox 1609 3075 1753 3147; x_wconf 86' lang='grc' dir='ltr'>αὐτῷ</span> <span class='ocrx_word' id='word_1_350' title='bbox 1802 3073 1859 3130; x_wconf 71' lang='grc' dir='ltr'>δὲ</span> <span class='ocrx_word' id='word_1_351' title='bbox 1913 3079 2082 3130; x_wconf 88' lang='grc' dir='ltr'>ταῦτα</span> 
     </span>
    </p>
   </div>
   <div class='ocr_carea' id='block_1_50' title="bbox 423 3160 2076 3244">
    <p class='ocr_par' dir='ltr' id='par_1_50' title="bbox 423 3160 2076 3244">
     <span class='ocr_line' id='line_1_50' title="bbox 423 3160 2076 3244; baseline -0.005 -19"><span class='ocrx_word' id='word_1_352' title='bbox 423 3173 706 3226; x_wconf 80' lang='grc' dir='ltr'>κατανοεῖν</span> <span class='ocrx_word' id='word_1_353' title='bbox 742 3161 984 3244; x_wconf 74' lang='grc' dir='ltr'>ἀκριϐῶς</span> <span class='ocrx_word' id='word_1_354' title='bbox 1046 3160 1456 3220; x_wconf 76' lang='grc' dir='ltr'>συνεϐούλευον.</span> <span class='ocrx_word' id='word_1_355' title='bbox 1516 3163 1622 3220; x_wconf 84' lang='grc' dir='ltr'>Τὸν</span> <span class='ocrx_word' id='word_1_356' title='bbox 1682 3161 1740 3218; x_wconf 67' lang='grc' dir='ltr'>δὲ</span> <span class='ocrx_word' id='word_1_357' title='bbox 1797 3160 2076 3218; x_wconf 77' lang='grc' dir='ltr'>ἐπιϐαλεῖν</span> 
     </span>
    </p>
   </div>
   <div class='ocr_carea' id='block_1_51' title="bbox 420 3253 2080 3333">
    <p class='ocr_par' dir='ltr' id='par_1_51' title="bbox 420 3253 2080 3333">
     <span class='ocr_line' id='line_1_51' title="bbox 420 3253 2080 3333; baseline -0.005 -18"><span class='ocrx_word' id='word_1_358' title='bbox 420 3260 645 3320; x_wconf 86' lang='grc' dir='ltr'>τούτοις</span> <span class='ocrx_word' id='word_1_359' title='bbox 676 3258 766 3312; x_wconf 87' lang='grc' dir='ltr'>τὸν</span> <span class='ocrx_word' id='word_1_360' title='bbox 830 3255 1140 3333; x_wconf 78' lang='grc' dir='ltr'>ὀφθαλμὸν,</span> <span class='ocrx_word' id='word_1_361' title='bbox 1203 3253 1294 3310; x_wconf 83' lang='grc' dir='ltr'>καὶ</span> <span class='ocrx_word' id='word_1_362' title='bbox 1353 3253 1552 3328; x_wconf 86' lang='grc' dir='ltr'>ἐρυθρά</span> <span class='ocrx_word' id='word_1_363' title='bbox 1606 3257 1774 3308; x_wconf 88' lang='grc' dir='ltr'>ταῦτα</span> <span class='ocrx_word' id='word_1_364' title='bbox 1829 3273 2080 3324; x_wconf 87' lang='grc' dir='ltr'>καταμα-</span> 
     </span>
    </p>
   </div>
   <div class='ocr_carea' id='block_1_52' title="bbox 425 3340 2079 3422">
    <p class='ocr_par' dir='ltr' id='par_1_52' title="bbox 425 3340 2079 3422">
     <span class='ocr_line' id='line_1_52' title="bbox 425 3340 2079 3422; baseline -0.005 -17"><span class='ocrx_word' id='word_1_365' title='bbox 425 3352 560 3421; x_wconf 84' lang='grc' dir='ltr'>οεῖν,</span> <span class='ocrx_word' id='word_1_366' title='bbox 625 3347 864 3422; x_wconf 80' lang='grc' dir='ltr'>καθάπερ</span> <span class='ocrx_word' id='word_1_367' title='bbox 926 3345 1143 3401; x_wconf 78' lang='grc' dir='ltr'>ἐτέλουν</span> <span class='ocrx_word' id='word_1_368' title='bbox 1213 3343 1485 3407; x_wconf 86' lang='grc' dir='ltr'>ἀνέκαθεν.</span> <span class='ocrx_word' id='word_1_369' title='bbox 1574 3345 1750 3400; x_wconf 87' lang='grc' dir='ltr'>Τοῦτο</span> <span class='ocrx_word' id='word_1_370' title='bbox 1833 3340 2079 3414; x_wconf 86' lang='grc' dir='ltr'>δεύτερον</span> 
     </span>
    </p>
   </div>
   <div class='ocr_carea' id='block_1_53' title="bbox 2250 2357 3837 2432">
    <p class='ocr_par' dir='ltr' id='par_1_53' title="bbox 2250 2357 3837 2432">
     <span class='ocr_line' id='line_1_53' title="bbox 2250 2357 3837 2432; baseline 0.005 -20"><span class='ocrx_word' id='word_1_371' title='bbox 2250 2360 2302 2412; x_wconf 87' lang='lat'>6.</span> <span class='ocrx_word' id='word_1_372' title='bbox 2343 2358 2447 2412; x_wconf 86' lang='lat' dir='ltr'>Die</span> <span class='ocrx_word' id='word_1_373' title='bbox 2470 2358 2598 2428; x_wconf 87' lang='lat' dir='ltr'>jam</span> <span class='ocrx_word' id='word_1_374' title='bbox 2631 2357 2851 2413; x_wconf 89' lang='lat' dir='ltr'>illustri</span> <span class='ocrx_word' id='word_1_375' title='bbox 2884 2376 3020 2414; x_wconf 91' lang='lat' dir='ltr'>eum</span> <span class='ocrx_word' id='word_1_376' title='bbox 3065 2377 3394 2417; x_wconf 85' lang='lat' dir='ltr'>conscenso</span> <span class='ocrx_word' id='word_1_377' title='bbox 3453 2379 3606 2432; x_wconf 89' lang='lat' dir='ltr'>equo</span> <span class='ocrx_word' id='word_1_378' title='bbox 3639 2369 3837 2420; x_wconf 88' lang='lat' dir='ltr'>castra</span> 
     </span>
    </p>
   </div>
   <div class='ocr_carea' id='block_1_54' title="bbox 2181 2449 3838 2521">
    <p class='ocr_par' dir='ltr' id='par_1_54' title="bbox 2181 2449 3838 2521">
     <span class='ocr_line' id='line_1_54' title="bbox 2181 2449 3838 2521; baseline 0.005 -18"><span class='ocrx_word' id='word_1_379' title='bbox 2181 2449 2611 2520; x_wconf 86' lang='lat' dir='ltr'>perequitasse,</span> <span class='ocrx_word' id='word_1_380' title='bbox 2645 2449 3003 2521; x_wconf 88' lang='lat' dir='ltr'>oculumque</span> <span class='ocrx_word' id='word_1_381' title='bbox 3027 2451 3087 2505; x_wconf 92' lang='lat' dir='ltr'>in</span> <span class='ocrx_word' id='word_1_382' title='bbox 3110 2452 3516 2509; x_wconf 87' lang='lat' dir='ltr'>calceamenta</span> <span class='ocrx_word' id='word_1_383' title='bbox 3545 2455 3838 2512; x_wconf 72' lang='lat' dir='ltr'>ﬁxisseld</span> 
     </span>
    </p>
   </div>
   <div class='ocr_carea' id='block_1_55' title="bbox 2185 2537 3836 2611">
    <p class='ocr_par' dir='ltr' id='par_1_55' title="bbox 2185 2537 3836 2611">
     <span class='ocr_line' id='line_1_55' title="bbox 2185 2537 3836 2611; baseline 0.007 -19"><span class='ocrx_word' id='word_1_384' title='bbox 2185 2537 2326 2592; x_wconf 92' lang='lat' dir='ltr'>dum</span> <span class='ocrx_word' id='word_1_385' title='bbox 2358 2538 2901 2606; x_wconf 84' lang='lat' dir='ltr'>faceret,visionem</span> <span class='ocrx_word' id='word_1_386' title='bbox 2934 2541 3229 2611; x_wconf 88' lang='lat' dir='ltr'>objectam</span> <span class='ocrx_word' id='word_1_387' title='bbox 3252 2542 3304 2597; x_wconf 90' lang='lat' dir='ltr'>ei</span> <span class='ocrx_word' id='word_1_388' title='bbox 3325 2559 3453 2598; x_wconf 90' lang='lat' dir='ltr'>esse</span> <span class='ocrx_word' id='word_1_389' title='bbox 3476 2545 3836 2604; x_wconf 88' lang='lat' dir='ltr'>mirabilem.</span> 
     </span>
    </p>
   </div>
   <div class='ocr_carea' id='block_1_56' title="bbox 2185 2630 3840 2704">
    <p class='ocr_par' dir='ltr' id='par_1_56' title="bbox 2185 2630 3840 2704">
     <span class='ocr_line' id='line_1_56' title="bbox 2185 2630 3840 2704; baseline 0.007 -22"><span class='ocrx_word' id='word_1_390' title='bbox 2185 2630 2413 2700; x_wconf 88' lang='lat' dir='ltr'>Quippe</span> <span class='ocrx_word' id='word_1_391' title='bbox 2447 2646 2567 2683; x_wconf 89' lang='lat' dir='ltr'>non</span> <span class='ocrx_word' id='word_1_392' title='bbox 2600 2630 2781 2686; x_wconf 91' lang='lat' dir='ltr'>rubra</span> <span class='ocrx_word' id='word_1_393' title='bbox 2835 2631 2942 2686; x_wconf 89' lang='lat' dir='ltr'>illa</span> <span class='ocrx_word' id='word_1_394' title='bbox 2998 2633 3049 2687; x_wconf 92' lang='lat' dir='ltr'>ei</span> <span class='ocrx_word' id='word_1_395' title='bbox 3110 2634 3480 2704; x_wconf 85' lang='lat' dir='ltr'>apparuisse,</span> <span class='ocrx_word' id='word_1_396' title='bbox 3539 2653 3742 2692; x_wconf 90' lang='lat' dir='ltr'>verum</span> <span class='ocrx_word' id='word_1_397' title='bbox 3773 2645 3840 2695; x_wconf 93' lang='lat' dir='ltr'>ut</span> 
     </span>
    </p>
   </div>
   <div class='ocr_carea' id='block_1_57' title="bbox 2185 2717 3838 2797">
    <p class='ocr_par' dir='ltr' id='par_1_57' title="bbox 2185 2717 3838 2797">
     <span class='ocr_line' id='line_1_57' title="bbox 2185 2717 3838 2797; baseline 0.008 -27"><span class='ocrx_word' id='word_1_398' title='bbox 2185 2734 2428 2788; x_wconf 90' lang='lat' dir='ltr'>prorsus</span> <span class='ocrx_word' id='word_1_399' title='bbox 2450 2724 2597 2772; x_wconf 89' lang='lat' dir='ltr'>atra.</span> <span class='ocrx_word' id='word_1_400' title='bbox 2617 2717 2705 2773; x_wconf 87' lang='lat' dir='ltr'>Ita</span> <span class='ocrx_word' id='word_1_401' title='bbox 2729 2719 3128 2792; x_wconf 82' lang='lat' dir='ltr'>interrogasse</span> <span class='ocrx_word' id='word_1_402' title='bbox 3155 2738 3292 2776; x_wconf 88' lang='lat' dir='ltr'>suos</span> <span class='ocrx_word' id='word_1_403' title='bbox 3324 2723 3618 2789; x_wconf 90' lang='lat' dir='ltr'>homines,</span> <span class='ocrx_word' id='word_1_404' title='bbox 3653 2743 3838 2797; x_wconf 86' lang='lat' dir='ltr'>quare</span> 
     </span>
    </p>
   </div>
   <div class='ocr_carea' id='block_1_58' title="bbox 2187 2806 3838 2884">
    <p class='ocr_par' dir='ltr' id='par_1_58' title="bbox 2187 2806 3838 2884">
     <span class='ocr_line' id='line_1_58' title="bbox 2187 2806 3838 2884; baseline 0.007 -23"><span class='ocrx_word' id='word_1_405' title='bbox 2187 2806 2506 2861; x_wconf 89' lang='lat' dir='ltr'>commisso</span> <span class='ocrx_word' id='word_1_406' title='bbox 2541 2812 2703 2861; x_wconf 87' lang='lat' dir='ltr'>tanto</span> <span class='ocrx_word' id='word_1_407' title='bbox 2730 2823 2952 2873; x_wconf 90' lang='lat' dir='ltr'>errore,</span> <span class='ocrx_word' id='word_1_408' title='bbox 2985 2826 3108 2865; x_wconf 89' lang='lat' dir='ltr'>non</span> <span class='ocrx_word' id='word_1_409' title='bbox 3140 2810 3524 2881; x_wconf 89' lang='lat' dir='ltr'>imperatoria</span> <span class='ocrx_word' id='word_1_410' title='bbox 3573 2815 3708 2884; x_wconf 78' lang='lat' dir='ltr'>sibi,</span> <span class='ocrx_word' id='word_1_411' title='bbox 3735 2818 3838 2872; x_wconf 88' lang='lat' dir='ltr'>sed</span> 
     </span>
    </p>
   </div>
   <div class='ocr_carea' id='block_1_59' title="bbox 2187 2896 3838 2972">
    <p class='ocr_par' dir='ltr' id='par_1_59' title="bbox 2187 2896 3838 2972">
     <span class='ocr_line' id='line_1_59' title="bbox 2187 2896 3838 2972; baseline 0.008 -22"><span class='ocrx_word' id='word_1_412' title='bbox 2187 2897 2428 2968; x_wconf 61' lang='lat' dir='ltr'>privatae</span> <span class='ocrx_word' id='word_1_413' title='bbox 2453 2896 2729 2964; x_wconf 77' lang='lat' dir='ltr'>fortunae,</span> <span class='ocrx_word' id='word_1_414' title='bbox 2785 2899 3192 2956; x_wconf 87' lang='lat' dir='ltr'>calceamenta</span> <span class='ocrx_word' id='word_1_415' title='bbox 3249 2904 3672 2972; x_wconf 89' lang='lat' dir='ltr'>porrexissent.</span> <span class='ocrx_word' id='word_1_416' title='bbox 3697 2907 3838 2963; x_wconf 92' lang='lat' dir='ltr'>Illos</span> 
     </span>
    </p>
   </div>
   <div class='ocr_carea' id='block_1_60' title="bbox 2188 2985 3834 3066">
    <p class='ocr_par' dir='ltr' id='par_1_60' title="bbox 2188 2985 3834 3066">
     <span class='ocr_line' id='line_1_60' title="bbox 2188 2985 3834 3066; baseline 0.006 -26"><span class='ocrx_word' id='word_1_417' title='bbox 2188 2991 2415 3049; x_wconf 86' lang='lat' dir='ltr'>contra,</span> <span class='ocrx_word' id='word_1_418' title='bbox 2453 2985 2674 3040; x_wconf 89' lang='lat' dir='ltr'>blattea</span> <span class='ocrx_word' id='word_1_419' title='bbox 2704 3003 2834 3041; x_wconf 90' lang='lat' dir='ltr'>esse</span> <span class='ocrx_word' id='word_1_420' title='bbox 2861 3005 2872 3042; x_wconf 90' lang='lat'><strong>:</strong></span> <span class='ocrx_word' id='word_1_421' title='bbox 2905 2989 3082 3043; x_wconf 93' lang='lat' dir='ltr'>modo</span> <span class='ocrx_word' id='word_1_422' title='bbox 3108 2992 3441 3045; x_wconf 88' lang='lat' dir='ltr'>accuratius</span> <span class='ocrx_word' id='word_1_423' title='bbox 3473 3007 3542 3046; x_wconf 89' lang='lat' dir='ltr'>ea</span> <span class='ocrx_word' id='word_1_424' title='bbox 3576 2993 3834 3066; x_wconf 90' lang='lat' dir='ltr'>inspice-</span> 
     </span>
    </p>
   </div>
   <div class='ocr_carea' id='block_1_61' title="bbox 2188 3074 3832 3155">
    <p class='ocr_par' dir='ltr' id='par_1_61' title="bbox 2188 3074 3832 3155">
     <span class='ocr_line' id='line_1_61' title="bbox 2188 3074 3832 3155; baseline 0.007 -27"><span class='ocrx_word' id='word_1_425' title='bbox 2188 3079 2298 3128; x_wconf 90' lang='lat' dir='ltr'>ret.</span> <span class='ocrx_word' id='word_1_426' title='bbox 2323 3075 2468 3128; x_wconf 89' lang='lat' dir='ltr'>Tum</span> <span class='ocrx_word' id='word_1_427' title='bbox 2501 3074 2700 3145; x_wconf 89' lang='lat' dir='ltr'>ipsum</span> <span class='ocrx_word' id='word_1_428' title='bbox 2719 3077 3048 3148; x_wconf 80' lang='lat' dir='ltr'>conjecisse</span> <span class='ocrx_word' id='word_1_429' title='bbox 3071 3078 3133 3133; x_wconf 92' lang='lat' dir='ltr'>in</span> <span class='ocrx_word' id='word_1_430' title='bbox 3167 3095 3237 3133; x_wconf 91' lang='lat' dir='ltr'>ea</span> <span class='ocrx_word' id='word_1_431' title='bbox 3269 3079 3832 3155; x_wconf 88' lang='lat' dir='ltr'>oculum,rubraque</span> 
     </span>
    </p>
   </div>
   <div class='ocr_carea' id='block_1_62' title="bbox 2189 3164 3835 3243">
    <p class='ocr_par' dir='ltr' id='par_1_62' title="bbox 2189 3164 3835 3243">
     <span class='ocr_line' id='line_1_62' title="bbox 2189 3164 3835 3243; baseline 0.005 -24"><span class='ocrx_word' id='word_1_432' title='bbox 2189 3180 2320 3219; x_wconf 91' lang='lat' dir='ltr'>esse</span> <span class='ocrx_word' id='word_1_433' title='bbox 2352 3164 2740 3232; x_wconf 84' lang='lat' dir='ltr'>intellexisse,</span> <span class='ocrx_word' id='word_1_434' title='bbox 2773 3166 3278 3236; x_wconf 90' lang='lat' dir='ltr'>quemadmodum</span> <span class='ocrx_word' id='word_1_435' title='bbox 3309 3186 3342 3225; x_wconf 89' lang='lat' dir='ltr'>a</span> <span class='ocrx_word' id='word_1_436' title='bbox 3363 3171 3656 3243; x_wconf 88' lang='lat' dir='ltr'>principio</span> <span class='ocrx_word' id='word_1_437' title='bbox 3687 3173 3835 3228; x_wconf 85' lang='lat' dir='ltr'>fuis-</span> 
     </span>
    </p>
   </div>
   <div class='ocr_carea' id='block_1_63' title="bbox 2190 3251 3832 3324">
    <p class='ocr_par' dir='ltr' id='par_1_63' title="bbox 2190 3251 3832 3324">
     <span class='ocr_line' id='line_1_63' title="bbox 2190 3251 3832 3324; baseline 0.006 -18"><span class='ocrx_word' id='word_1_438' title='bbox 2190 3258 2342 3306; x_wconf 88' lang='lat' dir='ltr'>sent.</span> <span class='ocrx_word' id='word_1_439' title='bbox 2371 3251 2433 3307; x_wconf 89' lang='lat' dir='ltr'>ld</span> <span class='ocrx_word' id='word_1_440' title='bbox 2459 3258 2798 3323; x_wconf 88' lang='lat' dir='ltr'>portentum</span> <span class='ocrx_word' id='word_1_441' title='bbox 2823 3254 2950 3324; x_wconf 85' lang='lat' dir='ltr'>jam</span> <span class='ocrx_word' id='word_1_442' title='bbox 2981 3254 3235 3310; x_wconf 87' lang='lat' dir='ltr'>alterum</span> <span class='ocrx_word' id='word_1_443' title='bbox 3299 3257 3604 3314; x_wconf 85' lang='lat' dir='ltr'>funestum</span> <span class='ocrx_word' id='word_1_444' title='bbox 3655 3277 3832 3316; x_wconf 89' lang='lat' dir='ltr'>omen</span> 
     </span>
    </p>
   </div>
   <div class='ocr_carea' id='block_1_64' title="bbox 2191 3341 3841 3415">
    <p class='ocr_par' dir='ltr' id='par_1_64' title="bbox 2191 3341 3841 3415">
     <span class='ocr_line' id='line_1_64' title="bbox 2191 3341 3841 3415; baseline 0.006 -19"><span class='ocrx_word' id='word_1_445' title='bbox 2191 3341 2512 3396; x_wconf 83' lang='lat' dir='ltr'>arbitratus</span> <span class='ocrx_word' id='word_1_446' title='bbox 2544 3342 2793 3410; x_wconf 87' lang='lat' dir='ltr'>Phocas,</span> <span class='ocrx_word' id='word_1_447' title='bbox 2828 3343 3007 3397; x_wconf 90' lang='lat' dir='ltr'>simul</span> <span class='ocrx_word' id='word_1_448' title='bbox 3038 3345 3195 3415; x_wconf 90' lang='lat' dir='ltr'>quod</span> <span class='ocrx_word' id='word_1_449' title='bbox 3229 3345 3451 3402; x_wconf 88' lang='lat' dir='ltr'>videret</span> <span class='ocrx_word' id='word_1_450' title='bbox 3481 3347 3841 3406; x_wconf 87' lang='lat' dir='ltr'>dissidentes</span> 
     </span>
    </p>
   </div>
   <div class='ocr_carea' id='block_1_65' title="bbox 424 3431 2077 3514">
    <p class='ocr_par' dir='ltr' id='par_1_65' title="bbox 424 3431 2077 3507">
     <span class='ocr_line' id='line_1_65' title="bbox 424 3431 2077 3507; baseline -0.005 -13"><span class='ocrx_word' id='word_1_451' title='bbox 424 3439 676 3494; x_wconf 86' lang='grc' dir='ltr'>ἀπαίσιον</span> <span class='ocrx_word' id='word_1_452' title='bbox 738 3436 938 3490; x_wconf 80' lang='grc' dir='ltr'>οἰωνὸν</span> <span class='ocrx_word' id='word_1_453' title='bbox 994 3437 1022 3489; x_wconf 88' lang='grc' dir='ltr'>ὁ</span> <span class='ocrx_word' id='word_1_454' title='bbox 1072 3438 1271 3496; x_wconf 81' lang='grc' dir='ltr'>Φωκᾶς</span> <span class='ocrx_word' id='word_1_455' title='bbox 1353 3431 1719 3507; x_wconf 81' lang='grc' dir='ltr'>λογισάμενος</span> <span class='ocrx_word' id='word_1_456' title='bbox 1803 3432 1866 3486; x_wconf 89' lang='grc' dir='ltr'>τὸ</span> <span class='ocrx_word' id='word_1_457' title='bbox 1922 3433 2077 3506; x_wconf 88' lang='grc' dir='ltr'>τερά-</span> 
     </span>
    </p>
   </div>
   <div class='ocr_carea' id='block_1_66' title="bbox 2188 3431 3844 3514">
    <p class='ocr_par' dir='ltr' id='par_1_66' title="bbox 2193 3433 3844 3514">
     <span class='ocr_line' id='line_1_66' title="bbox 2193 3433 3844 3514; baseline 0.006 -26"><span class='ocrx_word' id='word_1_458' title='bbox 2193 3433 2640 3504; x_wconf 88' lang='lat' dir='ltr'>milites,neque</span> <span class='ocrx_word' id='word_1_459' title='bbox 2673 3433 2829 3489; x_wconf 87' lang='lat' dir='ltr'>dicto</span> <span class='ocrx_word' id='word_1_460' title='bbox 2861 3435 3191 3504; x_wconf 90' lang='lat' dir='ltr'>audientes,</span> <span class='ocrx_word' id='word_1_461' title='bbox 3209 3455 3332 3492; x_wconf 82' lang='lat' dir='ltr'>suae</span> <span class='ocrx_word' id='word_1_462' title='bbox 3365 3439 3575 3495; x_wconf 89' lang='lat' dir='ltr'>salutis</span> <span class='ocrx_word' id='word_1_463' title='bbox 3606 3459 3844 3514; x_wconf 87' lang='lat' dir='ltr'>quoque</span> 
     </span>
    </p>
   </div>
   <div class='ocr_carea' id='block_1_67' title="bbox 428 3518 2081 3602">
    <p class='ocr_par' dir='ltr' id='par_1_67' title="bbox 428 3518 2081 3602">
     <span class='ocr_line' id='line_1_67' title="bbox 428 3518 2081 3602; baseline -0.005 -18"><span class='ocrx_word' id='word_1_464' title='bbox 428 3550 601 3600; x_wconf 90' lang='grc' dir='ltr'>στιον,</span> <span class='ocrx_word' id='word_1_465' title='bbox 644 3528 786 3602; x_wconf 88' lang='grc' dir='ltr'>ὁρῶν</span> <span class='ocrx_word' id='word_1_466' title='bbox 831 3523 888 3580; x_wconf 75' lang='grc' dir='ltr'>δὲ</span> <span class='ocrx_word' id='word_1_467' title='bbox 917 3524 1006 3580; x_wconf 85' lang='grc' dir='ltr'>καὶ</span> <span class='ocrx_word' id='word_1_468' title='bbox 1072 3524 1171 3592; x_wconf 82' lang='grc' dir='ltr'>τήν</span> <span class='ocrx_word' id='word_1_469' title='bbox 1205 3522 1455 3599; x_wconf 81' lang='grc' dir='ltr'>στρατιὰν</span> <span class='ocrx_word' id='word_1_470' title='bbox 1513 3520 1677 3576; x_wconf 79' lang='grc' dir='ltr'>αὐτοῦ</span> <span class='ocrx_word' id='word_1_471' title='bbox 1735 3518 2081 3591; x_wconf 82' lang='grc' dir='ltr'>διισταμένην</span> 
     </span>
    </p>
   </div>
   <div class='ocr_carea' id='block_1_68' title="bbox 428 3609 2084 3694">
    <p class='ocr_par' dir='ltr' id='par_1_68' title="bbox 428 3609 2084 3694">
     <span class='ocr_line' id='line_1_68' title="bbox 428 3609 2084 3694; baseline -0.005 -22"><span class='ocrx_word' id='word_1_472' title='bbox 428 3618 522 3672; x_wconf 79' lang='grc' dir='ltr'>καὶ</span> <span class='ocrx_word' id='word_1_473' title='bbox 603 3617 1030 3694; x_wconf 68' lang='grc' dir='ltr'>ἀφηνιάζουσαν,</span> <span class='ocrx_word' id='word_1_474' title='bbox 1113 3611 1250 3688; x_wconf 81' lang='grc' dir='ltr'>ἔγνω</span> <span class='ocrx_word' id='word_1_475' title='bbox 1330 3612 1488 3666; x_wconf 89' lang='grc' dir='ltr'>παντὶ</span> <span class='ocrx_word' id='word_1_476' title='bbox 1545 3609 1737 3686; x_wconf 84' lang='grc' dir='ltr'>τρόπῳ</span> <span class='ocrx_word' id='word_1_477' title='bbox 1805 3610 2084 3679; x_wconf 85' lang='grc' dir='ltr'>διασώζειν</span> 
     </span>
    </p>
   </div>
   <div class='ocr_carea' id='block_1_69' title="bbox 436 3699 2086 3764">
    <p class='ocr_par' dir='ltr' id='par_1_69' title="bbox 436 3699 2086 3764">
     <span class='ocr_line' id='line_1_69' title="bbox 436 3699 2086 3764; baseline -0.006 0"><span class='ocrx_word' id='word_1_478' title='bbox 436 3706 646 3764; x_wconf 67' lang='grc' dir='ltr'>ἔαυτόν.</span> <span class='ocrx_word' id='word_1_479' title='bbox 709 3707 904 3762; x_wconf 79' lang='grc' dir='ltr'>Μὲσων</span> <span class='ocrx_word' id='word_1_480' title='bbox 966 3702 1058 3758; x_wconf 80' lang='grc' dir='ltr'>οὖν</span> <span class='ocrx_word' id='word_1_481' title='bbox 1114 3707 1224 3758; x_wconf 86' lang='grc' dir='ltr'>τῶν</span> <span class='ocrx_word' id='word_1_482' title='bbox 1282 3705 1492 3756; x_wconf 89' lang='grc' dir='ltr'>νυκτῶν</span> <span class='ocrx_word' id='word_1_483' title='bbox 1545 3705 1652 3755; x_wconf 88' lang='grc' dir='ltr'>τῶν</span> <span class='ocrx_word' id='word_1_484' title='bbox 1737 3699 2086 3755; x_wconf 82' lang='grc' dir='ltr'>οἰκειοτάτων</span> 
     </span>
    </p>
   </div>
   <div class='ocr_carea' id='block_1_70' title="bbox 431 3785 2091 3871">
    <p class='ocr_par' dir='ltr' id='par_1_70' title="bbox 431 3785 2091 3871">
     <span class='ocr_line' id='line_1_70' title="bbox 431 3785 2091 3871; baseline -0.004 -23"><span class='ocrx_word' id='word_1_485' title='bbox 431 3791 776 3871; x_wconf 79' lang='grc' dir='ltr'>τριακοσίους</span> <span class='ocrx_word' id='word_1_486' title='bbox 809 3793 860 3854; x_wconf 84' lang='grc' dir='ltr'>ἐς</span> <span class='ocrx_word' id='word_1_487' title='bbox 904 3792 966 3846; x_wconf 88' lang='grc' dir='ltr'>τὸ</span> <span class='ocrx_word' id='word_1_488' title='bbox 999 3787 1238 3869; x_wconf 74' lang='grc' dir='ltr'>ἀσφαλὲς</span> <span class='ocrx_word' id='word_1_489' title='bbox 1293 3785 1681 3862; x_wconf 84' lang='grc' dir='ltr'>ὡπΑισμένους</span> <span class='ocrx_word' id='word_1_490' title='bbox 1753 3787 2091 3864; x_wconf 85' lang='grc' dir='ltr'>ἀνειληφὼς,</span> 
     </span>
    </p>
   </div>
   <div class='ocr_carea' id='block_1_71' title="bbox 2195 3523 3843 3587">
    <p class='ocr_par' dir='ltr' id='par_1_71' title="bbox 2195 3523 3843 3587">
     <span class='ocr_line' id='line_1_71' title="bbox 2195 3523 3843 3587; baseline 0.007 -11"><span class='ocrx_word' id='word_1_491' title='bbox 2195 3523 2372 3576; x_wconf 86' lang='lat' dir='ltr'>modo</span> <span class='ocrx_word' id='word_1_492' title='bbox 2399 3523 2692 3577; x_wconf 87' lang='lat' dir='ltr'>rationem</span> <span class='ocrx_word' id='word_1_493' title='bbox 2723 3524 2943 3579; x_wconf 89' lang='lat' dir='ltr'>habere</span> <span class='ocrx_word' id='word_1_494' title='bbox 2975 3527 3199 3581; x_wconf 89' lang='lat' dir='ltr'>statuit.</span> <span class='ocrx_word' id='word_1_495' title='bbox 3232 3528 3486 3584; x_wconf 89' lang='lat' dir='ltr'>Proinde</span> <span class='ocrx_word' id='word_1_496' title='bbox 3515 3537 3688 3586; x_wconf 91' lang='lat' dir='ltr'>nocte</span> <span class='ocrx_word' id='word_1_497' title='bbox 3720 3549 3843 3587; x_wconf 87' lang='lat' dir='ltr'>me-</span> 
     </span>
    </p>
   </div>
   <div class='ocr_carea' id='block_1_72' title="bbox 2198 3611 3844 3690">
    <p class='ocr_par' dir='ltr' id='par_1_72' title="bbox 2198 3611 3844 3690">
     <span class='ocr_line' id='line_1_72' title="bbox 2198 3611 3844 3690; baseline 0.008 -25"><span class='ocrx_word' id='word_1_498' title='bbox 2198 3611 2295 3665; x_wconf 87' lang='lat' dir='ltr'>dia</span> <span class='ocrx_word' id='word_1_499' title='bbox 2327 3612 2637 3666; x_wconf 90' lang='lat' dir='ltr'>hominum</span> <span class='ocrx_word' id='word_1_500' title='bbox 2670 3613 2924 3668; x_wconf 87' lang='lat' dir='ltr'>maxime</span> <span class='ocrx_word' id='word_1_501' title='bbox 2947 3615 3059 3669; x_wconf 90' lang='lat' dir='ltr'>sibi</span> <span class='ocrx_word' id='word_1_502' title='bbox 3108 3617 3480 3673; x_wconf 89' lang='lat' dir='ltr'>addictorum</span> <span class='ocrx_word' id='word_1_503' title='bbox 3528 3625 3844 3690; x_wconf 87' lang='lat' dir='ltr'>trecentos,</span> 
     </span>
    </p>
   </div>
   <div class='ocr_carea' id='block_1_73' title="bbox 2201 3701 3850 3781">
    <p class='ocr_par' dir='ltr' id='par_1_73' title="bbox 2201 3701 3850 3781">
     <span class='ocr_line' id='line_1_73' title="bbox 2201 3701 3850 3781; baseline 0.007 -27"><span class='ocrx_word' id='word_1_504' title='bbox 2201 3701 2353 3756; x_wconf 72' lang='lat' dir='ltr'>I22</span> <span class='ocrx_word' id='word_1_505' title='bbox 2387 3701 2568 3772; x_wconf 89' lang='lat' dir='ltr'>probe</span> <span class='ocrx_word' id='word_1_506' title='bbox 2597 3709 2878 3770; x_wconf 88' lang='lat' dir='ltr'>armatos,</span> <span class='ocrx_word' id='word_1_507' title='bbox 2920 3706 3088 3776; x_wconf 90' lang='lat' dir='ltr'>sequi</span> <span class='ocrx_word' id='word_1_508' title='bbox 3148 3723 3277 3762; x_wconf 90' lang='lat' dir='ltr'>sese</span> <span class='ocrx_word' id='word_1_509' title='bbox 3331 3708 3535 3779; x_wconf 86' lang='lat' dir='ltr'>jussit,</span> <span class='ocrx_word' id='word_1_510' title='bbox 3575 3710 3850 3781; x_wconf 87' lang='lat' dir='ltr'>valloque</span> 
     </span>
    </p>
   </div>
   <div class='ocr_carea' id='block_1_74' title="bbox 2203 3789 3849 3871">
    <p class='ocr_par' dir='ltr' id='par_1_74' title="bbox 2203 3789 3849 3871">
     <span class='ocr_line' id='line_1_74' title="bbox 2203 3789 3849 3871; baseline 0.007 -27"><span class='ocrx_word' id='word_1_511' title='bbox 2203 3789 2357 3845; x_wconf 89' lang='lat' dir='ltr'>clam</span> <span class='ocrx_word' id='word_1_512' title='bbox 2388 3807 2660 3862; x_wconf 87' lang='lat' dir='ltr'>egressus</span> <span class='ocrx_word' id='word_1_513' title='bbox 2690 3795 3098 3864; x_wconf 81' lang='lat' dir='ltr'>Tyrannorum</span> <span class='ocrx_word' id='word_1_514' title='bbox 3146 3802 3406 3852; x_wconf 89' lang='lat' dir='ltr'>castrum</span> <span class='ocrx_word' id='word_1_515' title='bbox 3432 3815 3657 3868; x_wconf 90' lang='lat' dir='ltr'>versus,</span> <span class='ocrx_word' id='word_1_516' title='bbox 3692 3799 3849 3871; x_wconf 88' lang='lat' dir='ltr'>quod</span> 
     </span>
    </p>
   </div>
   <div class='ocr_carea' id='block_1_75' title="bbox 1656 3947 2634 4006">
    <p class='ocr_par' dir='ltr' id='par_1_75' title="bbox 1656 3947 2634 4006">
     <span class='ocr_line' id='line_1_75' title="bbox 1656 3947 2634 4006; baseline 0.001 -3"><span class='ocrx_word' id='word_1_517' title='bbox 1656 3949 1716 4003; x_wconf 91' lang='lat' dir='ltr'>C.</span> <span class='ocrx_word' id='word_1_518' title='bbox 1751 3949 1817 4006; x_wconf 91' lang='grc' dir='ltr'><strong>Β.</strong></span> <span class='ocrx_word' id='word_1_519' title='bbox 1859 3947 2044 4004; x_wconf 85' lang='lat' dir='ltr'><strong>HASlI</strong></span> <span class='ocrx_word' id='word_1_520' title='bbox 2073 3947 2634 4005; x_wconf 81' lang='lat' dir='ltr'>ANNOTATIONES.</span> 
     </span>
    </p>
   </div>
   <div class='ocr_carea' id='block_1_76' title="bbox 510 4095 2077 4179">
    <p class='ocr_par' dir='ltr' id='par_1_76' title="bbox 510 4097 2077 4179">
     <span class='ocr_line' id='line_1_76' title="bbox 510 4097 2077 4179; baseline -0.006 -17"><span class='ocrx_word' id='word_1_521' title='bbox 510 4110 554 4144; x_wconf 76' lang='grc'>⁸⁸</span> <span class='ocrx_word' id='word_1_522' title='bbox 588 4105 694 4163; x_wconf 88' lang='grc' dir='ltr'>δίκ,</span> <span class='ocrx_word' id='word_1_523' title='bbox 726 4139 807 4179; x_wconf 24' lang='grc' dir='ltr'>-Α</span> <span class='ocrx_word' id='word_1_524' title='bbox 831 4107 1108 4179; x_wconf 34' lang='grc' dir='ltr'>μεεΡεᾶί.</span> <span class='ocrx_word' id='word_1_525' title='bbox 1179 4121 1368 4179; x_wconf 78' lang='lat' dir='ltr'>xxxw,</span> <span class='ocrx_word' id='word_1_526' title='bbox 1408 4107 1456 4158; x_wconf 90' lang='grc'>1.</span> <span class='ocrx_word' id='word_1_527' title='bbox 1508 4100 1553 4137; x_wconf 78' lang='grc'>⁴’¹</span> <span class='ocrx_word' id='word_1_528' title='bbox 1605 4105 1723 4162; x_wconf 87' lang='grc' dir='ltr'>τοῖς</span> <span class='ocrx_word' id='word_1_529' title='bbox 1751 4131 1820 4142; x_wconf 89' lang='grc'><strong><em>-</em></strong></span> <span class='ocrx_word' id='word_1_530' title='bbox 1849 4097 2077 4172; x_wconf 73' lang='grc' dir='ltr'>ἐρείσανι</span> 
     </span>
    </p>
   </div>
   <div class='ocr_carea' id='block_1_77' title="bbox 2188 4095 3153 4179">
    <p class='ocr_par' dir='ltr' id='par_1_77' title="bbox 2188 4100 3153 4175">
     <span class='ocr_line' id='line_1_77' title="bbox 2188 4100 3153 4175; baseline 0.006 -21"><span class='ocrx_word' id='word_1_531' title='bbox 2188 4100 2226 4155; x_wconf 79' lang='grc' dir='ltr'>έ.</span> <span class='ocrx_word' id='word_1_532' title='bbox 2264 4102 2448 4157; x_wconf 89' lang='lat' dir='ltr'>Locus</span> <span class='ocrx_word' id='word_1_533' title='bbox 2482 4108 2796 4175; x_wconf 89' lang='lat' dir='ltr'>corruptus</span> <span class='ocrx_word' id='word_1_534' title='bbox 2827 4104 2887 4159; x_wconf 90' lang='lat' dir='ltr'>in</span> <span class='ocrx_word' id='word_1_535' title='bbox 2949 4105 3153 4160; x_wconf 91' lang='lat' dir='ltr'>codice</span> 
     </span>
    </p>
   </div>
   <div class='ocr_carea' id='block_1_78' title="bbox 440 4174 1450 4256">
    <p class='ocr_par' dir='ltr' id='par_1_78' title="bbox 440 4174 1450 4256">
     <span class='ocr_line' id='line_1_78' title="bbox 440 4174 1450 4256; baseline -0.005 -22"><span class='ocrx_word' id='word_1_536' title='bbox 440 4179 760 4256; x_wconf 73' lang='grc' dir='ltr'>ὀφθαΛμῶν,</span> <span class='ocrx_word' id='word_1_537' title='bbox 794 4174 882 4253; x_wconf 58' lang='lat' dir='ltr'>sps</span> <span class='ocrx_word' id='word_1_538' title='bbox 913 4177 1029 4233; x_wconf 75' lang='grc' dir='ltr'>ἴσαν</span> <span class='ocrx_word' id='word_1_539' title='bbox 1059 4174 1117 4231; x_wconf 74' lang='grc' dir='ltr'>δὲ</span> <span class='ocrx_word' id='word_1_540' title='bbox 1142 4175 1450 4252; x_wconf 77' lang='grc' dir='ltr'>φαντασίαν.</span> 
     </span>
    </p>
   </div>
   <div class='ocr_carea' id='block_1_79' title="bbox 439 4324 2088 4415">
    <p class='ocr_par' dir='ltr' id='par_1_79' title="bbox 439 4324 2088 4415">
     <span class='ocr_line' id='line_1_79' title="bbox 439 4324 2088 4415; baseline -0.007 -25"><span class='ocrx_word' id='word_1_541' title='bbox 439 4335 595 4415; x_wconf 78' lang='lat' dir='ltr'>Ionis</span> <span class='ocrx_word' id='word_1_542' title='bbox 626 4335 706 4415; x_wconf 46' lang='lat' dir='ltr'>Bne</span> <span class='ocrx_word' id='word_1_543' title='bbox 738 4335 912 4406; x_wconf 88' lang='lat' dir='ltr'>legat.</span> <span class='ocrx_word' id='word_1_544' title='bbox 936 4332 1012 4415; x_wconf 72' lang='lat' dir='ltr'>ad</span> <span class='ocrx_word' id='word_1_545' title='bbox 1042 4331 1246 4414; x_wconf 68' lang='lat' dir='ltr'>Gaium</span> <span class='ocrx_word' id='word_1_546' title='bbox 1276 4330 1413 4415; x_wconf 47' lang='lat'>&#39;796,</span> <span class='ocrx_word' id='word_1_547' title='bbox 1443 4329 1502 4382; x_wconf 91' lang='grc' dir='ltr'>Β.</span> <span class='ocrx_word' id='word_1_548' title='bbox 1533 4325 1635 4415; x_wconf 73' lang='lat' dir='ltr'>ubi</span> <span class='ocrx_word' id='word_1_549' title='bbox 1661 4324 1978 4415; x_wconf 69' lang='lat' dir='ltr'>Petronius</span> <span class='ocrx_word' id='word_1_550' title='bbox 2000 4324 2088 4412; x_wconf 73' lang='lat' dir='ltr'>di-</span> 
     </span>
    </p>
   </div>
   <div class='ocr_carea' id='block_1_80' title="bbox 441 4400 2090 4477">
    <p class='ocr_par' dir='ltr' id='par_1_80' title="bbox 441 4400 2090 4477">
     <span class='ocr_line' id='line_1_80' title="bbox 441 4400 2090 4477; baseline -0.009 -15"><span class='ocrx_word' id='word_1_551' title='bbox 441 4407 596 4463; x_wconf 76' lang='lat' dir='ltr'>citur</span> <span class='ocrx_word' id='word_1_552' title='bbox 651 4400 864 4477; x_wconf 65' lang='grc' dir='ltr'>ἅμητῦν</span> <span class='ocrx_word' id='word_1_553' title='bbox 922 4403 1013 4457; x_wconf 84' lang='grc' dir='ltr'>τὸν</span> <span class='ocrx_word' id='word_1_554' title='bbox 1073 4400 1479 4477; x_wconf 76' lang='grc' dir='ltr'>ἀπροφάσιστον</span> <span class='ocrx_word' id='word_1_555' title='bbox 1538 4400 1634 4477; x_wconf 68' lang='grc' dir='ltr'>οὐκ</span> <span class='ocrx_word' id='word_1_556' title='bbox 1720 4400 1796 4457; x_wconf 69' lang='grc' dir='ltr'>εἷς</span> <span class='ocrx_word' id='word_1_557' title='bbox 1885 4400 2090 4477; x_wconf 74' lang='grc' dir='ltr'>μακράν</span> 
     </span>
    </p>
   </div>
   <div class='ocr_carea' id='block_1_81' title="bbox 441 4472 2092 4551">
    <p class='ocr_par' dir='ltr' id='par_1_81' title="bbox 441 4472 2092 4551">
     <span class='ocr_line' id='line_1_81' title="bbox 441 4472 2092 4551; baseline -0.006 -20"><span class='ocrx_word' id='word_1_558' title='bbox 441 4472 784 4548; x_wconf 68' lang='grc' dir='ltr'>ἐνδεξάμενος</span> <span class='ocrx_word' id='word_1_559' title='bbox 816 4477 884 4539; x_wconf 78' lang='grc' dir='ltr'>τῆ</span> <span class='ocrx_word' id='word_1_560' title='bbox 933 4472 1171 4551; x_wconf 58' lang='grc' dir='ltr'>κενεαλῆ,</span> <span class='ocrx_word' id='word_1_561' title='bbox 1225 4472 1367 4551; x_wconf 73' lang='lat' dir='ltr'>fore,</span> <span class='ocrx_word' id='word_1_562' title='bbox 1426 4479 1509 4551; x_wconf 57' lang='lat' dir='ltr'>ut</span> <span class='ocrx_word' id='word_1_563' title='bbox 1567 4472 1706 4551; x_wconf 37' lang='lat' dir='ltr'>smel</span> <span class='ocrx_word' id='word_1_564' title='bbox 1738 4472 2092 4551; x_wconf 44' lang='lat' dir='ltr'>excusatione</span> 
     </span>
    </p>
   </div>
   <div class='ocr_carea' id='block_1_82' title="bbox 442 4540 2091 4621">
    <p class='ocr_par' dir='ltr' id='par_1_82' title="bbox 442 4540 2091 4621">
     <span class='ocr_line' id='line_1_82' title="bbox 442 4540 2091 4621; baseline -0.008 -15"><span class='ocrx_word' id='word_1_565' title='bbox 442 4540 729 4621; x_wconf 39' lang='lat' dir='ltr'>caput-illi</span> <span class='ocrx_word' id='word_1_566' title='bbox 757 4552 878 4618; x_wconf 83' lang='lat' dir='ltr'>fero</span> <span class='ocrx_word' id='word_1_567' title='bbox 908 4540 1234 4621; x_wconf 43' lang='lat' dir='ltr'>denietgturi</span> <span class='ocrx_word' id='word_1_568' title='bbox 1272 4547 1416 4621; x_wconf 68' lang='lat' dir='ltr'>item</span> <span class='ocrx_word' id='word_1_569' title='bbox 1451 4541 1806 4621; x_wconf 57' lang='lat' dir='ltr'>Plutarchus</span> <span class='ocrx_word' id='word_1_570' title='bbox 1827 4541 1906 4621; x_wconf 63' lang='lat' dir='ltr'>De</span> <span class='ocrx_word' id='word_1_571' title='bbox 1929 4540 2091 4621; x_wconf 80' lang='lat' dir='ltr'>adul.</span> 
     </span>
    </p>
   </div>
   <div class='ocr_carea' id='block_1_83' title="bbox 444 4610 2092 4690">
    <p class='ocr_par' dir='ltr' id='par_1_83' title="bbox 444 4610 2092 4690">
     <span class='ocr_line' id='line_1_83' title="bbox 444 4610 2092 4690; baseline -0.008 -13"><span class='ocrx_word' id='word_1_572' title='bbox 444 4610 708 4678; x_wconf 46' lang='lat' dir='ltr'>et‘amici</span> <span class='ocrx_word' id='word_1_573' title='bbox 739 4610 918 4675; x_wconf 84' lang='lat' dir='ltr'>discr.</span> <span class='ocrx_word' id='word_1_574' title='bbox 950 4622 1041 4684; x_wconf 83' lang='grc'>62,</span> <span class='ocrx_word' id='word_1_575' title='bbox 1075 4619 1136 4672; x_wconf 86' lang='lat' dir='ltr'>C.</span> <span class='ocrx_word' id='word_1_576' title='bbox 1189 4611 1475 4690; x_wconf 43' lang='lat'>«960930.;</span> <span class='ocrx_word' id='word_1_577' title='bbox 1517 4610 1567 4664; x_wconf 83' lang='grc' dir='ltr'>ἐν</span> <span class='ocrx_word' id='word_1_578' title='bbox 1629 4614 1760 4690; x_wconf 31' lang='grc' dir='ltr'>πᾶισι</span> <span class='ocrx_word' id='word_1_579' title='bbox 1788 4610 1876 4664; x_wconf 84' lang='grc' dir='ltr'>καὶ</span> <span class='ocrx_word' id='word_1_580' title='bbox 1923 4610 2092 4690; x_wconf 78' lang='grc' dir='ltr'>ἀπρο-</span> 
     </span>
    </p>
   </div>
   <div class='ocr_carea' id='block_1_84' title="bbox 486 4685 2094 4760">
    <p class='ocr_par' dir='ltr' id='par_1_84' title="bbox 486 4685 2094 4760">
     <span class='ocr_line' id='line_1_84' title="bbox 486 4685 2094 4760; baseline -0.006 -14"><span class='ocrx_word' id='word_1_581' title='bbox 486 4692 728 4757; x_wconf 79' lang='grc' dir='ltr'>άσιστος,</span> <span class='ocrx_word' id='word_1_582' title='bbox 760 4694 943 4748; x_wconf 81' lang='lat' dir='ltr'>alacer</span> <span class='ocrx_word' id='word_1_583' title='bbox 967 4722 1036 4760; x_wconf 68' lang='grc' dir='ltr'>-τ-</span> <span class='ocrx_word' id='word_1_584' title='bbox 1065 4685 1267 4760; x_wconf 79' lang='lat' dir='ltr'>absque</span> <span class='ocrx_word' id='word_1_585' title='bbox 1297 4687 1415 4742; x_wconf 82' lang='lat' dir='ltr'>ulla</span> <span class='ocrx_word' id='word_1_586' title='bbox 1440 4685 1853 4760; x_wconf 69' lang='lat' dir='ltr'>_recusatione:</span> <span class='ocrx_word' id='word_1_587' title='bbox 1915 4690 1973 4760; x_wconf 85' lang='lat' dir='ltr'>et</span> <span class='ocrx_word' id='word_1_588' title='bbox 2003 4685 2094 4760; x_wconf 52' lang='lat'>64,</span> 
     </span>
    </p>
   </div>
   <div class='ocr_carea' id='block_1_85' title="bbox 443 4715 2094 4834">
    <p class='ocr_par' dir='ltr' id='par_1_85' title="bbox 443 4715 2094 4834">
     <span class='ocr_line' id='line_1_85' title="bbox 486 4715 2094 4760; baseline -0.006 -14"><span class='ocrx_word' id='word_1_589' title='bbox 486 4715 728 4757; x_wconf 84' lang='grc' dir='ltr'>ασιστος,</span> <span class='ocrx_word' id='word_1_590' title='bbox 760 4715 943 4748; x_wconf 78' lang='lat' dir='ltr'>macer</span> <span class='ocrx_word' id='word_1_591' title='bbox 967 4722 1036 4730; x_wconf 86' lang='grc'>--</span> <span class='ocrx_word' id='word_1_592' title='bbox 1065 4715 1267 4760; x_wconf 69' lang='lat' dir='ltr'>uvaque</span> <span class='ocrx_word' id='word_1_593' title='bbox 1299 4715 1415 4742; x_wconf 78' lang='grc' dir='ltr'>αιιιι</span> <span class='ocrx_word' id='word_1_594' title='bbox 1471 4715 1813 4739; x_wconf 70' lang='grc' dir='ltr'>γσιιιιδιιιιυιισ</span> <span class='ocrx_word' id='word_1_595' title='bbox 1836 4725 1847 4737; x_wconf 89' lang='grc'><strong>.</strong></span> <span class='ocrx_word' id='word_1_596' title='bbox 1915 4715 1973 4738; x_wconf 71' lang='lat' dir='ltr'>CI.</span> <span class='ocrx_word' id='word_1_597' title='bbox 2003 4715 2094 4750; x_wconf 71' lang='grc' dir='ltr'>υτ,</span> 
     </span>
     <span class='ocr_line' id='line_1_86' title="bbox 443 4715 2094 4834; baseline -0.007 -14"><span class='ocrx_word' id='word_1_598' title='bbox 443 4715 505 4821; x_wconf 60' lang='grc' dir='ltr'>ἓ.</span> <span class='ocrx_word' id='word_1_599' title='bbox 541 4764 590 4818; x_wconf 82' lang='grc' dir='ltr'>ἐν</span> <span class='ocrx_word' id='word_1_600' title='bbox 623 4769 742 4826; x_wconf 87' lang='grc' dir='ltr'>ταῖς</span> <span class='ocrx_word' id='word_1_601' title='bbox 775 4763 876 4816; x_wconf 78' lang='grc' dir='ltr'>ὑπὸ</span> <span class='ocrx_word' id='word_1_602' title='bbox 911 4759 1096 4832; x_wconf 88' lang='grc' dir='ltr'>μάλης</span> <span class='ocrx_word' id='word_1_603' title='bbox 1126 4754 1855 4834; x_wconf 45' lang='grc' dir='ltr'>πράξεσιν--ἀπροῳςίτιστοῇ</span> <span class='ocrx_word' id='word_1_604' title='bbox 1919 4755 2094 4834; x_wconf 66' lang='grc' dir='ltr'>ἰητρε-</span> 
     </span>
    </p>
   </div>
   <div class='ocr_carea' id='block_1_86' title="bbox 445 4825 2096 4907">
    <p class='ocr_par' dir='ltr' id='par_1_86' title="bbox 445 4825 2096 4907">
     <span class='ocr_line' id='line_1_87' title="bbox 445 4825 2096 4907; baseline -0.008 -14"><span class='ocrx_word' id='word_1_605' title='bbox 445 4855 540 4907; x_wconf 85' lang='lat' dir='ltr'>ger</span> <span class='ocrx_word' id='word_1_606' title='bbox 566 4838 639 4892; x_wconf 90' lang='lat' dir='ltr'>ad</span> <span class='ocrx_word' id='word_1_607' title='bbox 666 4825 1011 4891; x_wconf 64' lang='lat' dir='ltr'>clandestina</span> <span class='ocrx_word' id='word_1_608' title='bbox 1037 4825 1091 4907; x_wconf 64' lang='lat' dir='ltr'>et</span> <span class='ocrx_word' id='word_1_609' title='bbox 1383 4825 1600 4907; x_wconf 61' lang='lat' dir='ltr'>Eadem</span> <span class='ocrx_word' id='word_1_610' title='bbox 1658 4825 2096 4907; x_wconf 59' lang='lat' dir='ltr'>significatione</span> 
     </span>
    </p>
   </div>
   <div class='ocr_carea' id='block_1_87' title="bbox 446 4897 2094 4965">
    <p class='ocr_par' dir='ltr' id='par_1_87' title="bbox 446 4897 2094 4965">
     <span class='ocr_line' id='line_1_88' title="bbox 446 4897 2094 4965; baseline -0.008 0"><span class='ocrx_word' id='word_1_611' title='bbox 446 4897 624 4965; x_wconf 75' lang='lat' dir='ltr'>habet</span> <span class='ocrx_word' id='word_1_612' title='bbox 651 4907 996 4962; x_wconf 88' lang='lat' dir='ltr'>adverbium</span> <span class='ocrx_word' id='word_1_613' title='bbox 1029 4905 1084 4960; x_wconf 92' lang='lat' dir='ltr'>S.</span> <span class='ocrx_word' id='word_1_614' title='bbox 1110 4897 1364 4959; x_wconf 79' lang='lat' dir='ltr'>Basilius</span> <span class='ocrx_word' id='word_1_615' title='bbox 1394 4902 1459 4955; x_wconf 90' lang='lat' dir='ltr'>In</span> <span class='ocrx_word' id='word_1_616' title='bbox 1519 4904 1694 4954; x_wconf 87' lang='lat' dir='ltr'>mart.</span> <span class='ocrx_word' id='word_1_617' title='bbox 1724 4897 1992 4953; x_wconf 74' lang='lat' dir='ltr'>Julittam</span> <span class='ocrx_word' id='word_1_618' title='bbox 2051 4898 2094 4951; x_wconf 90' lang='grc' dir='ltr'>Ι.</span> 
     </span>
    </p>
   </div>
   <div class='ocr_carea' id='block_1_88' title="bbox 445 4966 2096 5052">
    <p class='ocr_par' dir='ltr' id='par_1_88' title="bbox 445 4966 2096 5052">
     <span class='ocr_line' id='line_1_89' title="bbox 445 4966 2096 5052; baseline -0.01 -16"><span class='ocrx_word' id='word_1_619' title='bbox 445 4983 569 5042; x_wconf 80' lang='lat'>370,</span> <span class='ocrx_word' id='word_1_620' title='bbox 651 4981 707 5034; x_wconf 86' lang='grc' dir='ltr'>Β.</span> <span class='ocrx_word' id='word_1_621' title='bbox 759 4975 1178 5052; x_wconf 77' lang='grc' dir='ltr'>ἀπροφασίστως</span> <span class='ocrx_word' id='word_1_622' title='bbox 1238 4979 1337 5052; x_wconf 79' lang='grc' dir='ltr'>τῇς</span> <span class='ocrx_word' id='word_1_623' title='bbox 1397 4966 1677 5052; x_wconf 62' lang='grc' dir='ltr'>εύσεξείας</span> <span class='ocrx_word' id='word_1_624' title='bbox 1756 4967 2096 5052; x_wconf 52' lang='grc' dir='ltr'>ἀντέχεσθαι,</span> 
     </span>
    </p>
   </div>
   <div class='ocr_carea' id='block_1_89' title="bbox 446 5041 2098 5122">
    <p class='ocr_par' dir='ltr' id='par_1_89' title="bbox 446 5041 2098 5122">
     <span class='ocr_line' id='line_1_90' title="bbox 446 5041 2098 5122; baseline -0.008 -15"><span class='ocrx_word' id='word_1_625' title='bbox 446 5041 590 5108; x_wconf 77' lang='lat' dir='ltr'>citra</span> <span class='ocrx_word' id='word_1_626' title='bbox 613 5041 950 5122; x_wconf 63' lang='lat' dir='ltr'>praetextum</span> <span class='ocrx_word' id='word_1_627' title='bbox 977 5065 1210 5122; x_wconf 76' lang='lat' dir='ltr'>omnem,</span> <span class='ocrx_word' id='word_1_628' title='bbox 1242 5046 1302 5101; x_wconf 90' lang='lat' dir='ltr'>id</span> <span class='ocrx_word' id='word_1_629' title='bbox 1334 5051 1443 5109; x_wconf 86' lang='lat' dir='ltr'>est,</span> <span class='ocrx_word' id='word_1_630' title='bbox 1477 5043 1759 5122; x_wconf 54' lang='lat' dir='ltr'>alacriter.</span> <span class='ocrx_word' id='word_1_631' title='bbox 1789 5041 2098 5122; x_wconf 45' lang='lat' dir='ltr'>Et:_lsid_o-</span> 
     </span>
    </p>
   </div>
   <div class='ocr_carea' id='block_1_90' title="bbox 446 5112 2098 5191">
    <p class='ocr_par' dir='ltr' id='par_1_90' title="bbox 446 5112 2098 5191">
     <span class='ocr_line' id='line_1_91' title="bbox 446 5112 2098 5191; baseline -0.009 -11"><span class='ocrx_word' id='word_1_632' title='bbox 446 5140 547 5179; x_wconf 89' lang='lat' dir='ltr'>rus</span> <span class='ocrx_word' id='word_1_633' title='bbox 579 5112 880 5178; x_wconf 63' lang='lat' dir='ltr'>Pelusiota</span> <span class='ocrx_word' id='word_1_634' title='bbox 910 5123 970 5174; x_wconf 90' lang='lat' dir='ltr'>V.</span> <span class='ocrx_word' id='word_1_635' title='bbox 1006 5120 1171 5191; x_wconf 90' lang='lat' dir='ltr'>Epist</span> <span class='ocrx_word' id='word_1_636' title='bbox 1200 5135 1322 5191; x_wconf 50' lang='grc' dir='ltr'>οτι,</span> <span class='ocrx_word' id='word_1_637' title='bbox 1382 5134 1440 5191; x_wconf 88' lang='lat' dir='ltr'>p.</span> <span class='ocrx_word' id='word_1_638' title='bbox 1479 5117 1599 5191; x_wconf 52' lang='lat' dir='ltr'>iis],</span> <span class='ocrx_word' id='word_1_639' title='bbox 1789 5113 1958 5191; x_wconf 77' lang='lat' dir='ltr'>Phi1_o_</span> <span class='ocrx_word' id='word_1_640' title='bbox 1991 5114 2098 5191; x_wconf 86' lang='lat' dir='ltr'>__De</span> 
     </span>
    </p>
   </div>
   <div class='ocr_carea' id='block_1_91' title="bbox 445 5134 2095 5260">
    <p class='ocr_par' dir='ltr' id='par_1_91' title="bbox 445 5134 2095 5260">
     <span class='ocr_line' id='line_1_92' title="bbox 446 5134 2095 5241; baseline -0.008 -61"><span class='ocrx_word' id='word_1_641' title='bbox 446 5140 547 5179; x_wconf 88' lang='lat' dir='ltr'>rus</span> <span class='ocrx_word' id='word_1_642' title='bbox 579 5134 880 5178; x_wconf 78' lang='lat' dir='ltr'>Pelusmta</span> <span class='ocrx_word' id='word_1_643' title='bbox 916 5134 970 5174; x_wconf 90' lang='lat' dir='ltr'>V.</span> <span class='ocrx_word' id='word_1_644' title='bbox 1007 5134 1171 5191; x_wconf 65' lang='lat' dir='ltr'>[SplSL</span> <span class='ocrx_word' id='word_1_645' title='bbox 1200 5135 1322 5173; x_wconf 82' lang='lat' dir='ltr'>DLx.</span> <span class='ocrx_word' id='word_1_646' title='bbox 1479 5134 1599 5182; x_wconf 69' lang='lat' dir='ltr'>ut,</span> <span class='ocrx_word' id='word_1_647' title='bbox 1661 5134 1723 5170; x_wconf 65' lang='grc' dir='ltr'>υ.</span> <span class='ocrx_word' id='word_1_648' title='bbox 1789 5134 1957 5194; x_wconf 75' lang='lat' dir='ltr'>rnuo</span> <span class='ocrx_word' id='word_1_649' title='bbox 1991 5134 2095 5194; x_wconf 79' lang='lat' dir='ltr'>_ue</span> 
     </span>
     <span class='ocr_line' id='line_1_93' title="bbox 445 5184 2095 5260; baseline -0.008 -9"><span class='ocrx_word' id='word_1_650' title='bbox 445 5195 666 5252; x_wconf 83' lang='lat' dir='ltr'>Abrah.</span> <span class='ocrx_word' id='word_1_651' title='bbox 700 5196 825 5260; x_wconf 85' lang='lat'>298,</span> <span class='ocrx_word' id='word_1_652' title='bbox 860 5195 924 5248; x_wconf 88' lang='lat' dir='ltr'>D.</span> <span class='ocrx_word' id='word_1_653' title='bbox 960 5193 1038 5247; x_wconf 91' lang='lat' dir='ltr'>De</span> <span class='ocrx_word' id='word_1_654' title='bbox 1068 5189 1338 5246; x_wconf 87' lang='lat' dir='ltr'>fortitud.</span> <span class='ocrx_word' id='word_1_655' title='bbox 1407 5187 1582 5260; x_wconf 72' lang='lat' dir='ltr'>7l,F.</span> <span class='ocrx_word' id='word_1_656' title='bbox 1636 5189 1700 5260; x_wconf 73' lang='lat' dir='ltr'>et</span> <span class='ocrx_word' id='word_1_657' title='bbox 1740 5184 1864 5260; x_wconf 67' lang='lat' dir='ltr'>(qui</span> <span class='ocrx_word' id='word_1_658' title='bbox 1898 5184 2095 5239; x_wconf 77' lang='lat' dir='ltr'>Philo-</span> 
     </span>
    </p>
   </div>
   <div class='ocr_carea' id='block_1_92' title="bbox 445 5256 2095 5333">
    <p class='ocr_par' dir='ltr' id='par_1_92' title="bbox 445 5256 2095 5333">
     <span class='ocr_line' id='line_1_94' title="bbox 445 5256 2095 5333; baseline -0.008 -10"><span class='ocrx_word' id='word_1_659' title='bbox 445 5268 538 5323; x_wconf 85' lang='lat' dir='ltr'>nis</span> <span class='ocrx_word' id='word_1_660' title='bbox 571 5266 747 5322; x_wconf 87' lang='lat' dir='ltr'>verba</span> <span class='ocrx_word' id='word_1_661' title='bbox 775 5256 970 5333; x_wconf 81' lang='lat' dir='ltr'>iterat)</span> <span class='ocrx_word' id='word_1_662' title='bbox 1003 5263 1059 5318; x_wconf 90' lang='lat' dir='ltr'>S.</span> <span class='ocrx_word' id='word_1_663' title='bbox 1109 5262 1384 5317; x_wconf 87' lang='lat' dir='ltr'>Clemens</span> <span class='ocrx_word' id='word_1_664' title='bbox 1440 5256 1756 5313; x_wconf 87' lang='lat' dir='ltr'>Alexandr.</span> <span class='ocrx_word' id='word_1_665' title='bbox 1818 5256 2095 5333; x_wconf 82' lang='lat' dir='ltr'>Stromat.</span> 
     </span>
    </p>
   </div>
   <div class='ocr_carea' id='block_1_93' title="bbox 446 5328 2098 5409">
    <p class='ocr_par' dir='ltr' id='par_1_93' title="bbox 446 5328 2098 5409">
     <span class='ocr_line' id='line_1_95' title="bbox 446 5328 2098 5409; baseline -0.008 -14"><span class='ocrx_word' id='word_1_666' title='bbox 446 5341 570 5404; x_wconf 87' lang='lat'>396,</span> <span class='ocrx_word' id='word_1_667' title='bbox 603 5340 672 5393; x_wconf 81' lang='grc' dir='ltr'>Α.</span> <span class='ocrx_word' id='word_1_668' title='bbox 705 5339 738 5392; x_wconf 89' lang='grc'><strong>3</strong></span> <span class='ocrx_word' id='word_1_669' title='bbox 767 5337 784 5409; x_wconf 92' lang='grc'>)</span> <span class='ocrx_word' id='word_1_670' title='bbox 840 5328 1282 5409; x_wconf 76' lang='lat' dir='ltr'>Signiﬁcatione</span> <span class='ocrx_word' id='word_1_671' title='bbox 1331 5335 1582 5409; x_wconf 74' lang='lat' dir='ltr'>cognata</span> <span class='ocrx_word' id='word_1_672' title='bbox 1635 5343 1776 5409; x_wconf 75' lang='lat' dir='ltr'>cuin</span> <span class='ocrx_word' id='word_1_673' title='bbox 1803 5328 2098 5409; x_wconf 40' lang='lat' dir='ltr'>.prox-ime</span> 
     </span>
    </p>
   </div>
   <div class='ocr_carea' id='block_1_94' title="bbox 447 5399 2095 5492">
    <p class='ocr_par' dir='ltr' id='par_1_94' title="bbox 447 5399 2095 5492">
     <span class='ocr_line' id='line_1_96' title="bbox 447 5399 2095 5492; baseline -0.007 -26"><span class='ocrx_word' id='word_1_674' title='bbox 447 5399 755 5492; x_wconf 83' lang='lat' dir='ltr'>superiore</span> <span class='ocrx_word' id='word_1_675' title='bbox 768 5399 1085 5492; x_wconf 55' lang='lat' dir='ltr'>interdum</span> <span class='ocrx_word' id='word_1_676' title='bbox 1094 5406 1252 5492; x_wconf 75' lang='lat' dir='ltr'>_verti</span> <span class='ocrx_word' id='word_1_677' title='bbox 1284 5399 1677 5492; x_wconf 47' lang='lat' dir='ltr'>potas‘tfelerl,‘</span> <span class='ocrx_word' id='word_1_678' title='bbox 1691 5399 1950 5492; x_wconf 30' lang='lat' dir='ltr'>subitus;</span> <span class='ocrx_word' id='word_1_679' title='bbox 1951 5401 2095 5484; x_wconf 85' lang='lat' dir='ltr'>Huc,</span> 
     </span>
    </p>
   </div>
   <div class='ocr_carea' id='block_1_95' title="bbox 446 5470 2095 5553">
    <p class='ocr_par' dir='ltr' id='par_1_95' title="bbox 446 5470 2095 5553">
     <span class='ocr_line' id='line_1_97' title="bbox 446 5470 2095 5553; baseline -0.01 -15"><span class='ocrx_word' id='word_1_680' title='bbox 446 5470 680 5553; x_wconf 82' lang='lat' dir='ltr'>Opinor,</span> <span class='ocrx_word' id='word_1_681' title='bbox 712 5480 1016 5553; x_wconf 78' lang='lat' dir='ltr'>pertinent</span> <span class='ocrx_word' id='word_1_682' title='bbox 1045 5470 1401 5553; x_wconf 82' lang='lat' dir='ltr'>Plutarchus</span> <span class='ocrx_word' id='word_1_683' title='bbox 1435 5470 1719 5553; x_wconf 31' lang='lat' dir='ltr'>AMarcello</span> <span class='ocrx_word' id='word_1_684' title='bbox 1753 5471 1981 5553; x_wconf 33' lang='lat'>1.364,}:</span> <span class='ocrx_word' id='word_1_685' title='bbox 1997 5478 2095 5548; x_wconf 69' lang='grc' dir='ltr'>φο)-</span> 
     </span>
    </p>
   </div>
   <div class='ocr_carea' id='block_1_96' title="bbox 442 5500 2094 5680">
    <p class='ocr_par' dir='ltr' id='par_1_96' title="bbox 442 5500 2094 5680">
     <span class='ocr_line' id='line_1_98' title="bbox 446 5500 2094 5553; baseline -0.01 -15"><span class='ocrx_word' id='word_1_686' title='bbox 446 5500 478 5538; x_wconf 92' lang='lat'>0</span> <span class='ocrx_word' id='word_1_687' title='bbox 527 5500 680 5547; x_wconf 78' lang='grc' dir='ltr'>ΙΠΟΓ,</span> <span class='ocrx_word' id='word_1_688' title='bbox 712 5500 1016 5553; x_wconf 71' lang='lat' dir='ltr'>pertinent.</span> <span class='ocrx_word' id='word_1_689' title='bbox 1047 5500 1401 5533; x_wconf 71' lang='lat' dir='ltr'>rtutal‘cuus</span> <span class='ocrx_word' id='word_1_690' title='bbox 1444 5500 1719 5529; x_wconf 72' lang='lat' dir='ltr'>ludl&#39;ucuu</span> <span class='ocrx_word' id='word_1_691' title='bbox 1753 5500 1876 5552; x_wconf 60' lang='lat'>0.!1‘1’,</span> <span class='ocrx_word' id='word_1_692' title='bbox 1912 5500 1971 5525; x_wconf 74' lang='grc' dir='ltr'>υ.</span> <span class='ocrx_word' id='word_1_693' title='bbox 1997 5500 2094 5548; x_wconf 64' lang='grc' dir='ltr'>φ’)-</span> 
     </span>
     <span class='ocr_line' id='line_1_99' title="bbox 442 5500 2094 5680; baseline -0.007 -74"><span class='ocrx_word' id='word_1_694' title='bbox 442 5500 545 5680; x_wconf 43' lang='grc' dir='ltr'>ἐν</span> <span class='ocrx_word' id='word_1_695' title='bbox 571 5550 978 5626; x_wconf 79' lang='grc' dir='ltr'>ἀπροφάσιστον</span> <span class='ocrx_word' id='word_1_696' title='bbox 1013 5553 1216 5625; x_wconf 78' lang='grc' dir='ltr'>φυγεῖν·</span> <span class='ocrx_word' id='word_1_697' title='bbox 1248 5547 1390 5618; x_wconf 73' lang='lat' dir='ltr'>foede</span> <span class='ocrx_word' id='word_1_698' title='bbox 1419 5549 1629 5626; x_wconf 67' lang='lat' dir='ltr'>fugere,</span> <span class='ocrx_word' id='word_1_699' title='bbox 1655 5546 1828 5596; x_wconf 81' lang='lat' dir='ltr'>vertit</span> <span class='ocrx_word' id='word_1_700' title='bbox 1876 5541 2094 5624; x_wconf 74' lang='lat' dir='ltr'>Xylan-</span> 
     </span>
     <span class='ocr_line' id='line_1_100' title="bbox 489 5613 2094 5680; baseline -0.007 0"><span class='ocrx_word' id='word_1_701' title='bbox 489 5642 590 5680; x_wconf 88' lang='lat' dir='ltr'>er:</span> <span class='ocrx_word' id='word_1_702' title='bbox 624 5625 830 5680; x_wconf 88' lang='lat' dir='ltr'>malim</span> <span class='ocrx_word' id='word_1_703' title='bbox 861 5624 1065 5680; x_wconf 77' lang='lat' dir='ltr'>subito.</span> <span class='ocrx_word' id='word_1_704' title='bbox 1094 5621 1184 5676; x_wconf 90' lang='lat' dir='ltr'>vel</span> <span class='ocrx_word' id='word_1_705' title='bbox 1223 5621 1411 5680; x_wconf 78' lang='lat' dir='ltr'>effuse.</span> <span class='ocrx_word' id='word_1_706' title='bbox 1465 5613 1740 5672; x_wconf 79' lang='lat' dir='ltr'>Nicolaus</span> <span class='ocrx_word' id='word_1_707' title='bbox 1792 5613 2094 5669; x_wconf 80' lang='lat' dir='ltr'>Cabasilas</span> 
     </span>
    </p>
   </div>
   <div class='ocr_carea' id='block_1_97' title="bbox 489 5613 2096 5691">
    <p class='ocr_par' dir='ltr' id='par_1_97' title="bbox 489 5613 2096 5691">
     <span class='ocr_line' id='line_1_101' title="bbox 489 5613 2096 5691; baseline -0.008 -10"><span class='ocrx_word' id='word_1_708' title='bbox 489 5613 590 5681; x_wconf 74' lang='lat' dir='ltr'>er:</span> <span class='ocrx_word' id='word_1_709' title='bbox 624 5613 830 5680; x_wconf 76' lang='lat' dir='ltr'>malim</span> <span class='ocrx_word' id='word_1_710' title='bbox 861 5613 1065 5685; x_wconf 76' lang='lat' dir='ltr'>subito,</span> <span class='ocrx_word' id='word_1_711' title='bbox 1094 5613 1184 5676; x_wconf 76' lang='lat' dir='ltr'>vel</span> <span class='ocrx_word' id='word_1_712' title='bbox 1223 5613 1426 5691; x_wconf 63' lang='lat' dir='ltr'>effuse.</span> <span class='ocrx_word' id='word_1_713' title='bbox 1465 5613 1740 5691; x_wconf 74' lang='lat' dir='ltr'>Nicolaus</span> <span class='ocrx_word' id='word_1_714' title='bbox 1792 5613 2096 5691; x_wconf 68' lang='lat' dir='ltr'>Qabasilas</span> 
     </span>
    </p>
   </div>
   <div class='ocr_carea' id='block_1_98' title="bbox 445 5681 2094 5770">
    <p class='ocr_par' dir='ltr' id='par_1_98' title="bbox 445 5681 2094 5770">
     <span class='ocr_line' id='line_1_102' title="bbox 445 5681 2094 5770; baseline -0.009 -18"><span class='ocrx_word' id='word_1_715' title='bbox 445 5697 721 5770; x_wconf 67' lang='lat' dir='ltr'>Liturgiza</span> <span class='ocrx_word' id='word_1_716' title='bbox 752 5695 1003 5768; x_wconf 87' lang='lat' dir='ltr'>exposit.</span> <span class='ocrx_word' id='word_1_717' title='bbox 1390 5689 1553 5770; x_wconf 68' lang='grc' dir='ltr'>ἀρτος</span> <span class='ocrx_word' id='word_1_718' title='bbox 1605 5685 1763 5770; x_wconf 43' lang='lat' dir='ltr'>pinge</span> <span class='ocrx_word' id='word_1_719' title='bbox 1808 5681 2094 5770; x_wconf 48' lang='grc' dir='ltr'>ἐπείγεται</span> 
     </span>
    </p>
   </div>
   <div class='ocr_carea' id='block_1_99' title="bbox 443 5753 2095 5846">
    <p class='ocr_par' dir='ltr' id='par_1_99' title="bbox 443 5753 2095 5846">
     <span class='ocr_line' id='line_1_103' title="bbox 443 5753 2095 5846; baseline -0.006 -24"><span class='ocrx_word' id='word_1_720' title='bbox 443 5753 864 5846; x_wconf 56' lang='grc' dir='ltr'>ἀπροξασίστοῖς</span> <span class='ocrx_word' id='word_1_721' title='bbox 901 5753 1312 5841; x_wconf 73' lang='grc' dir='ltr'>μεταϐληθῆναι</span> <span class='ocrx_word' id='word_1_722' title='bbox 1365 5753 1442 5824; x_wconf 71' lang='grc' dir='ltr'>εἰς</span> <span class='ocrx_word' id='word_1_723' title='bbox 1473 5759 1566 5816; x_wconf 86' lang='grc' dir='ltr'>τὸν</span> <span class='ocrx_word' id='word_1_724' title='bbox 1595 5753 1861 5828; x_wconf 83' lang='grc' dir='ltr'>ἀληθινὸν</span> <span class='ocrx_word' id='word_1_725' title='bbox 1909 5753 2095 5831; x_wconf 73' lang='grc' dir='ltr'>ἄρτον,</span> 
     </span>
    </p>
   </div>
   <div class='ocr_carea' id='block_1_100' title="bbox 2120 4442 2166 4507">
    <p class='ocr_par' dir='ltr' id='par_1_100' title="bbox 2120 4442 2166 4507">
     <span class='ocr_line' id='line_1_104' title="bbox 2120 4442 2166 4507; baseline 0 0"><span class='ocrx_word' id='word_1_726' title='bbox 2120 4442 2166 4507; x_wconf 88' lang='grc' dir='ltr'>Ι)</span> 
     </span>
    </p>
   </div>
   <div class='ocr_carea' id='block_1_101' title="bbox 3199 4103 3854 4169">
    <p class='ocr_par' dir='ltr' id='par_1_101' title="bbox 3199 4103 3854 4169">
     <span class='ocr_line' id='line_1_105' title="bbox 3199 4103 3854 4169; baseline 0.003 -10"><span class='ocrx_word' id='word_1_727' title='bbox 3199 4121 3212 4159; x_wconf 87' lang='lat'><strong>:</strong></span> <span class='ocrx_word' id='word_1_728' title='bbox 3271 4109 3390 4167; x_wconf 88' lang='grc' dir='ltr'>τοῖς</span> <span class='ocrx_word' id='word_1_729' title='bbox 3438 4103 3688 4169; x_wconf 88' lang='grc' dir='ltr'>πεδίλοις</span> <span class='ocrx_word' id='word_1_730' title='bbox 3747 4110 3854 4161; x_wconf 89' lang='grc' dir='ltr'>τῶν</span> 
     </span>
    </p>
   </div>
   <div class='ocr_carea' id='block_1_102' title="bbox 2197 4321 3854 4396">
    <p class='ocr_par' dir='ltr' id='par_1_102' title="bbox 2197 4321 3854 4396">
     <span class='ocr_line' id='line_1_106' title="bbox 2197 4321 3854 4396; baseline 0.004 -18"><span class='ocrx_word' id='word_1_731' title='bbox 2197 4323 2287 4378; x_wconf 86' lang='grc' dir='ltr'>τὸν</span> <span class='ocrx_word' id='word_1_732' title='bbox 2322 4321 2753 4396; x_wconf 80' lang='grc' dir='ltr'>ἐσταυρωμένον,</span> <span class='ocrx_word' id='word_1_733' title='bbox 2810 4327 2987 4381; x_wconf 75' lang='lat' dir='ltr'>subito</span> <span class='ocrx_word' id='word_1_734' title='bbox 3039 4330 3245 4382; x_wconf 82' lang='lat' dir='ltr'>mutari</span> <span class='ocrx_word' id='word_1_735' title='bbox 3271 4328 3525 4396; x_wconf 79' lang='lat' dir='ltr'>festinat.</span> <span class='ocrx_word' id='word_1_736' title='bbox 3559 4331 3705 4384; x_wconf 91' lang='lat' dir='ltr'>Item</span> <span class='ocrx_word' id='word_1_737' title='bbox 3740 4330 3854 4384; x_wconf 86' lang='lat' dir='ltr'>for-</span> 
     </span>
    </p>
   </div>
   <div class='ocr_carea' id='block_1_103' title="bbox 2203 4397 3855 4471">
    <p class='ocr_par' dir='ltr' id='par_1_103' title="bbox 2203 4397 3855 4471">
     <span class='ocr_line' id='line_1_107' title="bbox 2203 4397 3855 4471; baseline 0.002 -19"><span class='ocrx_word' id='word_1_738' title='bbox 2203 4403 2371 4471; x_wconf 80' lang='lat' dir='ltr'>tasse</span> <span class='ocrx_word' id='word_1_739' title='bbox 2391 4397 2740 4471; x_wconf 70' lang='lat' dir='ltr'>lleliodorus</span> <span class='ocrx_word' id='word_1_740' title='bbox 2771 4400 2859 4460; x_wconf 85' lang='lat'>96,</span> <span class='ocrx_word' id='word_1_741' title='bbox 2883 4399 2941 4471; x_wconf 60' lang='grc' dir='ltr'>Ο,</span> <span class='ocrx_word' id='word_1_742' title='bbox 2968 4398 3066 4452; x_wconf 92' lang='lat' dir='ltr'>ubi</span> <span class='ocrx_word' id='word_1_743' title='bbox 3091 4400 3354 4454; x_wconf 90' lang='lat' dir='ltr'>Cnemon</span> <span class='ocrx_word' id='word_1_744' title='bbox 3388 4400 3448 4454; x_wconf 92' lang='lat' dir='ltr'>in</span> <span class='ocrx_word' id='word_1_745' title='bbox 3479 4401 3739 4471; x_wconf 91' lang='lat' dir='ltr'>hospitia</span> <span class='ocrx_word' id='word_1_746' title='bbox 3756 4401 3855 4456; x_wconf 91' lang='lat' dir='ltr'>ad-</span> 
     </span>
    </p>
   </div>
   <div class='ocr_carea' id='block_1_104' title="bbox 2202 4469 3853 4543">
    <p class='ocr_par' dir='ltr' id='par_1_104' title="bbox 2202 4469 3853 4543">
     <span class='ocr_line' id='line_1_108' title="bbox 2202 4469 3853 4543; baseline 0.004 -22"><span class='ocrx_word' id='word_1_747' title='bbox 2202 4469 2559 4543; x_wconf 73' lang='lat' dir='ltr'>mirabiliter</span> <span class='ocrx_word' id='word_1_748' title='bbox 2590 4485 2658 4543; x_wconf 74' lang='lat' dir='ltr'>ex</span> <span class='ocrx_word' id='word_1_749' title='bbox 2690 4469 3008 4543; x_wconf 82' lang='lat' dir='ltr'>improviso</span> <span class='ocrx_word' id='word_1_750' title='bbox 3041 4478 3317 4543; x_wconf 86' lang='lat' dir='ltr'>acceptus</span> <span class='ocrx_word' id='word_1_751' title='bbox 3350 4469 3853 4543; x_wconf 65' lang='lat' dir='ltr'>interrogatmum</span> 
     </span>
    </p>
   </div>
   <div class='ocr_carea' id='block_1_105' title="bbox 2199 4540 3857 4615">
    <p class='ocr_par' dir='ltr' id='par_1_105' title="bbox 2199 4540 3857 4615">
     <span class='ocr_line' id='line_1_109' title="bbox 2199 4540 3857 4615; baseline 0.001 -21"><span class='ocrx_word' id='word_1_752' title='bbox 2199 4541 2268 4615; x_wconf 33' lang='lat' dir='ltr'>in.</span> <span class='ocrx_word' id='word_1_753' title='bbox 2293 4540 2595 4615; x_wconf 83' lang='lat' dir='ltr'>domicilio</span> <span class='ocrx_word' id='word_1_754' title='bbox 2618 4540 3412 4615; x_wconf 80' lang='lat' dir='ltr'>JovisHospitalisvenerit:</span> <span class='ocrx_word' id='word_1_755' title='bbox 3465 4540 3638 4603; x_wconf 74' lang='grc' dir='ltr'>οὕτως</span> <span class='ocrx_word' id='word_1_756' title='bbox 3680 4543 3857 4615; x_wconf 83' lang='grc' dir='ltr'>ἀπρο-</span> 
     </span>
    </p>
   </div>
   <div class='ocr_carea' id='block_1_106' title="bbox 2201 4608 3850 4688">
    <p class='ocr_par' dir='ltr' id='par_1_106' title="bbox 2201 4608 3850 4688">
     <span class='ocr_line' id='line_1_110' title="bbox 2201 4608 3850 4688; baseline 0.005 -25"><span class='ocrx_word' id='word_1_757' title='bbox 2201 4608 2455 4688; x_wconf 53' lang='grc' dir='ltr'>φάσιστος</span> <span class='ocrx_word' id='word_1_758' title='bbox 2485 4613 2520 4678; x_wconf 79' lang='grc' dir='ltr'>ἡ</span> <span class='ocrx_word' id='word_1_759' title='bbox 2569 4611 2849 4688; x_wconf 75' lang='grc' dir='ltr'>θεραπεία,</span> <span class='ocrx_word' id='word_1_760' title='bbox 2900 4608 3011 4668; x_wconf 69' lang='lat' dir='ltr'>tam</span> <span class='ocrx_word' id='word_1_761' title='bbox 3070 4614 3241 4668; x_wconf 76' lang='lat' dir='ltr'>celere</span> <span class='ocrx_word' id='word_1_762' title='bbox 3297 4630 3406 4669; x_wconf 86' lang='lat' dir='ltr'>esse</span> <span class='ocrx_word' id='word_1_763' title='bbox 3460 4608 3850 4673; x_wconf 63' lang='lat' dir='ltr'>ministerium.</span> 
     </span>
    </p>
   </div>
   <div class='ocr_carea' id='block_1_107' title="bbox 2200 4685 3853 4770">
    <p class='ocr_par' dir='ltr' id='par_1_107' title="bbox 2200 4685 3853 4770">
     <span class='ocr_line' id='line_1_111' title="bbox 2200 4685 3853 4770; baseline 0.002 -32"><span class='ocrx_word' id='word_1_764' title='bbox 2200 4685 2336 4770; x_wconf 41' lang='lat' dir='ltr'>iﬁisi-</span> <span class='ocrx_word' id='word_1_765' title='bbox 2355 4690 2554 4770; x_wconf 72' lang='lat' dir='ltr'>tamen</span> <span class='ocrx_word' id='word_1_766' title='bbox 2577 4685 2759 4739; x_wconf 85' lang='lat' dir='ltr'>mavis</span> <span class='ocrx_word' id='word_1_767' title='bbox 2790 4691 3366 4770; x_wconf 58' lang='lat' dir='ltr'>vertere_promptum,</span> <span class='ocrx_word' id='word_1_768' title='bbox 3389 4689 3853 4770; x_wconf 56' lang='lat' dir='ltr'>paratumApud</span> 
     </span>
    </p>
   </div>
   <div class='ocr_carea' id='block_1_108' title="bbox 2203 4756 3850 4829">
    <p class='ocr_par' dir='ltr' id='par_1_108' title="bbox 2203 4756 3850 4829">
     <span class='ocr_line' id='line_1_112' title="bbox 2203 4756 3850 4829; baseline 0.001 -20"><span class='ocrx_word' id='word_1_769' title='bbox 2203 4758 2272 4810; x_wconf 84' lang='grc' dir='ltr'>Μ.</span> <span class='ocrx_word' id='word_1_770' title='bbox 2310 4756 2590 4829; x_wconf 70' lang='lat' dir='ltr'>Antoniu.</span> <span class='ocrx_word' id='word_1_771' title='bbox 2619 4763 2817 4829; x_wconf 88' lang='lat' dir='ltr'>autem</span> <span class='ocrx_word' id='word_1_772' title='bbox 2847 4757 2923 4829; x_wconf 85' lang='lat' dir='ltr'>De</span> <span class='ocrx_word' id='word_1_773' title='bbox 2956 4757 3151 4828; x_wconf 89' lang='lat' dir='ltr'>seipso</span> <span class='ocrx_word' id='word_1_774' title='bbox 3191 4761 3272 4824; x_wconf 88' lang='grc'>11,</span> <span class='ocrx_word' id='word_1_775' title='bbox 3299 4765 3362 4812; x_wconf 80' lang='grc' dir='ltr'>Α.</span> <span class='ocrx_word' id='word_1_776' title='bbox 3391 4756 3690 4829; x_wconf 62' lang='grc' dir='ltr'>λρηστικὸν</span> <span class='ocrx_word' id='word_1_777' title='bbox 3721 4756 3850 4811; x_wconf 77' lang='grc' dir='ltr'>ἀτύ-</span> 
     </span>
    </p>
   </div>
   <div class='ocr_carea' id='block_1_109' title="bbox 2201 4827 3854 4902">
    <p class='ocr_par' dir='ltr' id='par_1_109' title="bbox 2201 4827 3854 4902">
     <span class='ocr_line' id='line_1_113' title="bbox 2201 4827 3854 4902; baseline 0.005 -23"><span class='ocrx_word' id='word_1_778' title='bbox 2201 4847 2316 4900; x_wconf 73' lang='grc' dir='ltr'>φως</span> <span class='ocrx_word' id='word_1_779' title='bbox 2349 4827 2463 4897; x_wconf 80' lang='grc' dir='ltr'>ἅμα</span> <span class='ocrx_word' id='word_1_780' title='bbox 2503 4827 2598 4902; x_wconf 14' lang='grc' dir='ltr'>καὶ,</span> <span class='ocrx_word' id='word_1_781' title='bbox 2643 4827 3081 4902; x_wconf 60' lang='grc' dir='ltr'>ἀπρορπισίστως,</span> <span class='ocrx_word' id='word_1_782' title='bbox 3139 4845 3348 4884; x_wconf 87' lang='lat' dir='ltr'>vereor</span> <span class='ocrx_word' id='word_1_783' title='bbox 3404 4827 3470 4885; x_wconf 70' lang='lat' dir='ltr'>ut</span> <span class='ocrx_word' id='word_1_784' title='bbox 3526 4831 3854 4887; x_wconf 86' lang='lat' dir='ltr'>Schultzius</span> 
     </span>
    </p>
   </div>
   <div class='ocr_carea' id='block_1_110' title="bbox 2199 4901 3854 4970">
    <p class='ocr_par' dir='ltr' id='par_1_110' title="bbox 2199 4901 3854 4970">
     <span class='ocr_line' id='line_1_114' title="bbox 2199 4901 3854 4970; baseline 0.002 -17"><span class='ocrx_word' id='word_1_785' title='bbox 2199 4905 2359 4954; x_wconf 89' lang='lat' dir='ltr'>recte</span> <span class='ocrx_word' id='word_1_786' title='bbox 2393 4901 2634 4954; x_wconf 89' lang='lat' dir='ltr'>verterit</span> <span class='ocrx_word' id='word_1_787' title='bbox 2677 4901 2809 4956; x_wconf 82' lang='lat' dir='ltr'>sine</span> <span class='ocrx_word' id='word_1_788' title='bbox 2846 4907 3176 4970; x_wconf 71' lang='lat' dir='ltr'>praetextu:</span> <span class='ocrx_word' id='word_1_789' title='bbox 3225 4918 3363 4956; x_wconf 90' lang='lat' dir='ltr'>nam</span> <span class='ocrx_word' id='word_1_790' title='bbox 3398 4908 3489 4958; x_wconf 93' lang='lat' dir='ltr'>est</span> <span class='ocrx_word' id='word_1_791' title='bbox 3535 4919 3605 4958; x_wconf 87' lang='lat' dir='ltr'>ex</span> <span class='ocrx_word' id='word_1_792' title='bbox 3655 4909 3854 4958; x_wconf 86' lang='lat' dir='ltr'>mente</span> 
     </span>
    </p>
   </div>
   <div class='ocr_carea' id='block_1_111' title="bbox 2204 4970 3855 5044">
    <p class='ocr_par' dir='ltr' id='par_1_111' title="bbox 2204 4970 3855 5044">
     <span class='ocr_line' id='line_1_115' title="bbox 2204 4970 3855 5044; baseline 0.002 -18"><span class='ocrx_word' id='word_1_793' title='bbox 2204 4970 2535 5044; x_wconf 88' lang='lat' dir='ltr'>Stoicorum</span> <span class='ocrx_word' id='word_1_794' title='bbox 2567 4971 3050 5044; x_wconf 84' lang='lat' dir='ltr'>intelligendum,</span> <span class='ocrx_word' id='word_1_795' title='bbox 3081 4973 3429 5043; x_wconf 79' lang='lat' dir='ltr'>simpliciter,</span> <span class='ocrx_word' id='word_1_796' title='bbox 3460 4977 3576 5030; x_wconf 80' lang='lat' dir='ltr'>sine</span> <span class='ocrx_word' id='word_1_797' title='bbox 3614 4991 3855 5030; x_wconf 71' lang='lat' dir='ltr'>exorna-</span> 
     </span>
    </p>
   </div>
   <div class='ocr_carea' id='block_1_112' title="bbox 2205 5043 3859 5117">
    <p class='ocr_par' dir='ltr' id='par_1_112' title="bbox 2205 5043 3859 5117">
     <span class='ocr_line' id='line_1_116' title="bbox 2205 5043 3859 5117; baseline 0.002 -21"><span class='ocrx_word' id='word_1_798' title='bbox 2205 5043 2528 5117; x_wconf 70' lang='lat' dir='ltr'>tione._Qua</span> <span class='ocrx_word' id='word_1_799' title='bbox 2558 5043 2629 5117; x_wconf 82' lang='lat' dir='ltr'>de</span> <span class='ocrx_word' id='word_1_800' title='bbox 2660 5059 2724 5098; x_wconf 89' lang='lat' dir='ltr'>re</span> <span class='ocrx_word' id='word_1_801' title='bbox 2759 5043 3028 5117; x_wconf 77' lang='lat' dir='ltr'>pluribus</span> <span class='ocrx_word' id='word_1_802' title='bbox 3059 5061 3229 5117; x_wconf 88' lang='lat' dir='ltr'>agam</span> <span class='ocrx_word' id='word_1_803' title='bbox 3261 5045 3323 5099; x_wconf 90' lang='lat' dir='ltr'>in</span> <span class='ocrx_word' id='word_1_804' title='bbox 3355 5045 3708 5101; x_wconf 91' lang='lat' dir='ltr'>dictionario</span> <span class='ocrx_word' id='word_1_805' title='bbox 3724 5046 3859 5117; x_wconf 91' lang='lat' dir='ltr'>phi-</span> 
     </span>
    </p>
   </div>
   <div class='ocr_carea' id='block_1_113' title="bbox 2203 5114 3860 5188">
    <p class='ocr_par' dir='ltr' id='par_1_113' title="bbox 2203 5114 3860 5188">
     <span class='ocr_line' id='line_1_117' title="bbox 2203 5114 3860 5188; baseline 0.002 -20"><span class='ocrx_word' id='word_1_806' title='bbox 2203 5114 2490 5188; x_wconf 75' lang='lat' dir='ltr'>losophiae</span> <span class='ocrx_word' id='word_1_807' title='bbox 2522 5114 2910 5188; x_wconf 61' lang='lat' dir='ltr'>Aristotelicas</span> <span class='ocrx_word' id='word_1_808' title='bbox 2930 5117 3063 5188; x_wconf 81' lang='lat' dir='ltr'>jam</span> <span class='ocrx_word' id='word_1_809' title='bbox 3094 5114 3450 5188; x_wconf 76' lang='lat' dir='ltr'>al&#39;l&#39;ecto,quo</span> <span class='ocrx_word' id='word_1_810' title='bbox 3465 5114 3752 5172; x_wconf 80' lang='lat' dir='ltr'>vocabula</span> <span class='ocrx_word' id='word_1_811' title='bbox 3767 5134 3860 5172; x_wconf 89' lang='lat' dir='ltr'>co-</span> 
     </span>
    </p>
   </div>
   <div class='ocr_carea' id='block_1_114' title="bbox 2205 5186 3855 5259">
    <p class='ocr_par' dir='ltr' id='par_1_114' title="bbox 2205 5186 3855 5259">
     <span class='ocr_line' id='line_1_118' title="bbox 2205 5186 3855 5259; baseline 0.001 -18"><span class='ocrx_word' id='word_1_812' title='bbox 2205 5186 2394 5241; x_wconf 90' lang='lat' dir='ltr'>nabor</span> <span class='ocrx_word' id='word_1_813' title='bbox 2446 5187 2761 5257; x_wconf 87' lang='lat' dir='ltr'>complecti</span> <span class='ocrx_word' id='word_1_814' title='bbox 2820 5186 3035 5257; x_wconf 88' lang='lat' dir='ltr'>quibus</span> <span class='ocrx_word' id='word_1_815' title='bbox 3093 5186 3469 5259; x_wconf 80' lang='lat' dir='ltr'>Peripatetici</span> <span class='ocrx_word' id='word_1_816' title='bbox 3529 5205 3855 5258; x_wconf 88' lang='lat' dir='ltr'>eorumque</span> 
     </span>
    </p>
   </div>
   <div class='ocr_carea' id='block_1_115' title="bbox 2205 5259 3852 5331">
    <p class='ocr_par' dir='ltr' id='par_1_115' title="bbox 2205 5259 3852 5331">
     <span class='ocr_line' id='line_1_119' title="bbox 2205 5259 3852 5331; baseline 0.001 -18"><span class='ocrx_word' id='word_1_817' title='bbox 2205 5259 2708 5331; x_wconf 83' lang='lat' dir='ltr'>successores,qui</span> <span class='ocrx_word' id='word_1_818' title='bbox 2743 5259 2983 5330; x_wconf 89' lang='lat' dir='ltr'>quidem</span> <span class='ocrx_word' id='word_1_819' title='bbox 3005 5260 3204 5314; x_wconf 65' lang='lat' dir='ltr'>Graece</span> <span class='ocrx_word' id='word_1_820' title='bbox 3227 5261 3852 5331; x_wconf 85' lang='lat' dir='ltr'>scripserunt,omnes,</span> 
     </span>
    </p>
   </div>
   <div class='ocr_carea' id='block_1_116' title="bbox 2205 5329 3854 5390">
    <p class='ocr_par' dir='ltr' id='par_1_116' title="bbox 2205 5329 3854 5390">
     <span class='ocr_line' id='line_1_120' title="bbox 2205 5329 3854 5390; baseline -0.001 -5"><span class='ocrx_word' id='word_1_821' title='bbox 2205 5347 2339 5385; x_wconf 88' lang='lat' dir='ltr'>cum</span> <span class='ocrx_word' id='word_1_822' title='bbox 2371 5329 2512 5383; x_wconf 89' lang='lat' dir='ltr'>editi</span> <span class='ocrx_word' id='word_1_823' title='bbox 2538 5335 2662 5384; x_wconf 90' lang='lat' dir='ltr'>tum</span> <span class='ocrx_word' id='word_1_824' title='bbox 2695 5329 2924 5390; x_wconf 81' lang='lat' dir='ltr'>inediti,</span> <span class='ocrx_word' id='word_1_825' title='bbox 2963 5347 3142 5386; x_wconf 89' lang='lat' dir='ltr'>sensu</span> <span class='ocrx_word' id='word_1_826' title='bbox 3173 5348 3207 5386; x_wconf 91' lang='lat' dir='ltr'>a</span> <span class='ocrx_word' id='word_1_827' title='bbox 3250 5329 3688 5390; x_wconf 68' lang='lat' dir='ltr'>significatione</span> <span class='ocrx_word' id='word_1_828' title='bbox 3720 5332 3854 5385; x_wconf 89' lang='lat' dir='ltr'>vul-</span> 
     </span>
    </p>
   </div>
   <div class='ocr_carea' id='block_1_117' title="bbox 2202 5401 3853 5474">
    <p class='ocr_par' dir='ltr' id='par_1_117' title="bbox 2202 5401 3853 5474">
     <span class='ocr_line' id='line_1_121' title="bbox 2202 5401 3853 5474; baseline 0 -17"><span class='ocrx_word' id='word_1_829' title='bbox 2202 5401 2614 5474; x_wconf 74' lang='lat' dir='ltr'>gariabeunte</span> <span class='ocrx_word' id='word_1_830' title='bbox 2649 5403 2738 5457; x_wconf 90' lang='lat' dir='ltr'>usi</span> <span class='ocrx_word' id='word_1_831' title='bbox 2771 5403 3261 5474; x_wconf 85' lang='lat' dir='ltr'>sint.Cujusmodi</span> <span class='ocrx_word' id='word_1_832' title='bbox 3286 5401 3659 5458; x_wconf 87' lang='lat' dir='ltr'>dictionario.</span> <span class='ocrx_word' id='word_1_833' title='bbox 3684 5421 3853 5473; x_wconf 65' lang='lat' dir='ltr'>reque</span> 
     </span>
    </p>
   </div>
   <div class='ocr_carea' id='block_1_118' title="bbox 2205 5472 3851 5544">
    <p class='ocr_par' dir='ltr' id='par_1_118' title="bbox 2205 5472 3851 5544">
     <span class='ocr_line' id='line_1_122' title="bbox 2205 5472 3851 5544; baseline -0.001 -16"><span class='ocrx_word' id='word_1_834' title='bbox 2205 5472 2270 5528; x_wconf 80' lang='lat' dir='ltr'>ac</span> <span class='ocrx_word' id='word_1_835' title='bbox 2303 5472 2589 5544; x_wconf 83' lang='lat' dir='ltr'>glossario</span> <span class='ocrx_word' id='word_1_836' title='bbox 2617 5491 2826 5529; x_wconf 91' lang='lat' dir='ltr'>vocum</span> <span class='ocrx_word' id='word_1_837' title='bbox 2867 5491 2901 5528; x_wconf 91' lang='lat' dir='ltr'>a</span> <span class='ocrx_word' id='word_1_838' title='bbox 2952 5472 3288 5529; x_wconf 85' lang='lat' dir='ltr'>scholiastis</span> <span class='ocrx_word' id='word_1_839' title='bbox 3320 5474 3536 5529; x_wconf 75' lang='lat' dir='ltr'>Graecis</span> <span class='ocrx_word' id='word_1_840' title='bbox 3567 5472 3851 5544; x_wconf 73' lang='lat' dir='ltr'>peculiaii</span> 
     </span>
    </p>
   </div>
   <div class='ocr_carea' id='block_1_119' title="bbox 2205 5545 3856 5616">
    <p class='ocr_par' dir='ltr' id='par_1_119' title="bbox 2205 5545 3856 5616">
     <span class='ocr_line' id='line_1_123' title="bbox 2205 5545 3856 5616; baseline 0.001 -18"><span class='ocrx_word' id='word_1_841' title='bbox 2205 5561 2382 5600; x_wconf 89' lang='lat' dir='ltr'>sensu</span> <span class='ocrx_word' id='word_1_842' title='bbox 2415 5551 2857 5616; x_wconf 89' lang='lat' dir='ltr'>usurpatarum,</span> <span class='ocrx_word' id='word_1_843' title='bbox 2894 5545 2964 5600; x_wconf 92' lang='lat' dir='ltr'>de</span> <span class='ocrx_word' id='word_1_844' title='bbox 2999 5561 3114 5614; x_wconf 91' lang='lat' dir='ltr'>quo</span> <span class='ocrx_word' id='word_1_845' title='bbox 3149 5561 3329 5616; x_wconf 89' lang='lat' dir='ltr'>supra</span> <span class='ocrx_word' id='word_1_846' title='bbox 3382 5546 3502 5599; x_wconf 90' lang='lat' dir='ltr'>dixi</span> <span class='ocrx_word' id='word_1_847' title='bbox 3533 5545 3653 5616; x_wconf 83' lang='grc'>187,</span> <span class='ocrx_word' id='word_1_848' title='bbox 3687 5546 3745 5600; x_wconf 87' lang='lat' dir='ltr'>C.</span> <span class='ocrx_word' id='word_1_849' title='bbox 3783 5546 3856 5600; x_wconf 78' lang='lat' dir='ltr'>ad</span> 
     </span>
    </p>
   </div>
   <div class='ocr_carea' id='block_1_120' title="bbox 2204 5615 3568 5689">
    <p class='ocr_par' dir='ltr' id='par_1_120' title="bbox 2204 5615 3568 5689">
     <span class='ocr_line' id='line_1_124' title="bbox 2204 5615 3568 5689; baseline 0 -18"><span class='ocrx_word' id='word_1_850' title='bbox 2204 5617 2358 5671; x_wconf 91' lang='lat' dir='ltr'>hanc</span> <span class='ocrx_word' id='word_1_851' title='bbox 2389 5616 2546 5689; x_wconf 89' lang='lat' dir='ltr'>diem</span> <span class='ocrx_word' id='word_1_852' title='bbox 2568 5615 2750 5689; x_wconf 77' lang='lat' dir='ltr'>egere</span> <span class='ocrx_word' id='word_1_853' title='bbox 2776 5616 3003 5671; x_wconf 86' lang='lat' dir='ltr'>litteras</span> <span class='ocrx_word' id='word_1_854' title='bbox 3023 5615 3260 5689; x_wconf 81' lang='lat' dir='ltr'>nostras</span> <span class='ocrx_word' id='word_1_855' title='bbox 3291 5615 3568 5689; x_wconf 85' lang='lat' dir='ltr'>arbitror.</span> 
     </span>
    </p>
   </div>
   <div class='ocr_carea' id='block_1_121' title="bbox 2203 5686 3856 5818">
    <p class='ocr_par' dir='ltr' id='par_1_121' title="bbox 2203 5686 3856 5818">
     <span class='ocr_line' id='line_1_125' title="bbox 2203 5686 3856 5818; baseline 0.002 -77"><span class='ocrx_word' id='word_1_856' title='bbox 2203 5688 2551 5818; x_wconf 48' lang='lat' dir='ltr'>67859élnde</span> <span class='ocrx_word' id='word_1_857' title='bbox 2609 5686 2938 5746; x_wconf 79' lang='lat' dir='ltr'>hauserunt</span> <span class='ocrx_word' id='word_1_858' title='bbox 2992 5686 3274 5757; x_wconf 87' lang='lat' dir='ltr'>Ccylitzes</span> <span class='ocrx_word' id='word_1_859' title='bbox 3333 5694 3391 5743; x_wconf 89' lang='lat' dir='ltr'>et</span> <span class='ocrx_word' id='word_1_860' title='bbox 3437 5687 3742 5744; x_wconf 86' lang='lat' dir='ltr'>Cedrenus</span> <span class='ocrx_word' id='word_1_861' title='bbox 3788 5687 3856 5744; x_wconf 87' lang='lat'>11.</span> 
     </span>
    </p>
   </div>
  </div>
