4118 6466
290 455 410 516 835

1661 441 1958 505 LEONIS
2003 439 2302 503 DlACUN
2307 441 2332 503 Ι

3589 449 3713 510 836

294 589 545 661 Antigus
570 591 826 649 vocatur,
850 583 1052 652 fugere
1091 579 1282 650 coepit.
1345 577 1409 633 Id
1441 577 1774 642 castellum,
1831 573 1923 629 for

2069 570 2244 647 λάθρα
2266 578 2365 629 τοῦ
2385 576 2628 650 χάρακος
2667 573 2849 647 ἔξεισι,
2901 576 2992 631 xui
3023 578 3125 646 τήν
3186 576 3272 632 ἐπὶ
3328 577 3391 632 τὸ
3449 581 3556 632 τῶν
3612 584 3714 634 Tu-

289 686 453 734 tunaa
504 673 965 731 inconstantiam
998 687 1230 734 verens,
1257 669 1381 739 jam
1429 667 1650 722 dudum
1685 682 1943 720 commu-

288 771 502 830 nierat,
538 761 926 835 comportatis
958 777 1026 814 eo
1058 759 1359 813 frumento
1384 764 1442 812 et
1471 758 1759 828 cujusque
1783 755 1943 810 modi

285 855 806 914 alimentis.Locus
837 855 1058 916 autem,
1093 849 1304 920 quoin
1340 848 1468 902 loco
1507 847 1706 901 Bardaa
1733 846 1942 900 Phocaa

288 946 580 1002 exercitus
636 941 903 1012 dilapsus
963 944 1070 1005 est,
1153 938 1465 993 Bardaetta
1523 935 1946 990 nominabatur

286 1034 817 1105 antiquitus.lnter
845 1031 972 1084 haec
988 1029 1205 1083 Bardas
1237 1028 1536 1099 magister,
1573 1027 1781 1080 Phocea
1808 1025 1944 1096 fuga

284 1125 538 1197 cognita,
571 1122 873 1194 profectus
905 1135 1043 1173 cum
1076 1117 1248 1172 lectis
1297 1116 1600 1187 equitibus
1627 1114 1942 1169 confestim

285 1221 372 1270 est
401 1211 1088 1278 insecutus.Quanquam
1115 1207 1272 1260 hunc
1305 1205 1545 1276 quidem
1579 1211 1788 1259 nactus
1820 1221 1940 1258 non

283 1310 390 1367 est,
416 1301 571 1374 quod
605 1302 666 1355 in
690 1298 1003 1354 castellum
1053 1300 1406 1367 pervenerat
1444 1294 1762 1350 incolumis
1798 1310 1810 1346 :
1873 1310 1940 1348 ex

278 1391 606 1464 conjuratis
639 1395 839 1446 autem
866 1391 1161 1459 quotquot
1193 1385 1453 1456 captivos
1477 1384 1638 1450 fecit,
1692 1383 1937 1437 lumini-

278 1485 388 1538 bus
417 1481 686 1553 privavit,
721 1479 874 1532 sicut
922 1481 1051 1531 erat
1089 1475 1174 1529 illi
1236 1474 1306 1529 ab
1361 1475 1718 1545 imperatore
1770 1489 1938 1527 man-

279 1574 504 1628 datum.
560 1573 864 1640 Locusque
921 1567 980 1621 in
1013 1584 1128 1637 quo
1161 1565 1399 1620 miseris
1431 1581 1543 1618 usu
1573 1564 1733 1618 venit
1780 1563 1939 1635 ejus-

275 1663 436 1719 modi
470 1661 806 1724 calamitas,
845 1657 984 1712 inde
1016 1657 1236 1712 dicitur
1264 1653 1713 1726 Typhlovivaria
1734 1653 1937 1725 appel-

273 1752 537 1817 lari.Qua
569 1751 629 1804 in
662 1766 724 1804 re
759 1747 965 1802 mirari
1000 1745 1178 1808 subit,
1207 1743 1734 1816 quemadmodum,
1768 1744 1937 1814 quasi

273 1841 532 1912 quodam
569 1839 857 1894 instinctu
910 1836 1076 1902 moti,
1115 1834 1330 1888 vetusti
1391 1833 1674 1888 mortales
1718 1838 1851 1904 apte
1881 1838 1936 1887 et

2052 663 2260 735 ράννων
2312 665 2359 700 ‘3
2417 668 2528 740 (60)
2583 667 2841 741 φρούριον
2932 665 3189 740 ἄγουσαν,
3239 666 3270 722 ὅ
3301 669 3578 738 Ἀντιγοῦς
3622 668 3716 724 κέ-

2050 750 2276 822 κληται,
2310 750 2419 828 ᾔει·
2459 759 2542 828 [Ρ.
2583 759 2672 828 75]
2727 756 2884 825 ὅπερ,
2941 757 3003 811 τὸ
3053 763 3154 825 τῆς
3209 757 3384 832 τύχης
3430 753 3711 830 παλίμϐο-

2052 840 2149 896 λον
2212 844 2587 921 ὑφορώμενος,
2643 845 2703 900 ἐκ
2751 845 2970 903 πολλοῦ
3029 846 3379 922 ἐκρατύνατο,
3442 855 3594 904 σῖτον
3655 849 3706 905 ἐν

2049 932 2312 1005 αὐτῷκαὶ
2359 935 2714 1006 παντοδαπὴν
2775 937 2942 1013 χιλὸν
3002 936 3589 1013 ἐπιδαψιλευσάμενος.
3649 942 3710 998 Ὀ

2050 1020 2106 1078 δὲ
2137 1029 2346 1099 χῶρος,
2374 1024 2467 1080 ’ίνα
2491 1031 2571 1099 τῷ
2631 1032 2800 1097 Φωκᾷ
2851 1025 3029 1102 Βάρδᾳ
3088 1029 3114 1082 ὁ
3156 1031 3526 1102 συνασπισμὸς
3588 1028 3708 1086 δια-

2051 1111 2275 1184 λέλυτο,
2306 1114 2628 1192 Βαρδάηττα
2660 1115 2911 1172 ἐκαλεῖτο
2944 1117 2990 1154 ‘9
3042 1119 3318 1182 ἀνέκαθεν.
3381 1117 3596 1194 Βάρδας
3655 1119 3712 1177 δὶ

2049 1205 2075 1257 6
2137 1203 2544 1278 στρατηλάτης,
2601 1206 2694 1261 τὸν
2758 1204 2999 1280 δρασμὸν
3057 1205 3313 1282 διαγνοὺς
3361 1212 3457 1262 τοῦ
3517 1216 3705 1280 Φωκᾶ,

2048 1294 2260 1366 σύναμα
2293 1292 2518 1371 λογάσιν
2564 1295 3020 1368 ἐξιππασάμενος,
3081 1293 3188 1352 ἔθει
3249 1295 3487 1356 διώκων,
3550 1299 3708 1356 Ἀλλ’

2046 1382 2214 1436 αὐτοῦ
2278 1384 2370 1455 μὲν
2428 1381 2748 1458 διήμαρτεν,
2800 1383 2910 1455 ἤδη
2968 1389 3048 1458 τῷ
3099 1389 3350 1464 φρουρίῳ
3407 1388 3706 1452 ἀνασωθέν-

2043 1491 2154 1532 τος·
2234 1476 2341 1527 τῶν
2458 1471 2515 1529 δὲ
2573 1473 2772 1528 τούτου
2833 1481 3160 1547 συνωμοτῶν
3247 1479 3410 1539 δσυῦς
3473 1478 3709 1554 ζωγρίας

2046 1559 2260 1637 εἷ’Ληφε,
2293 1567 2401 1617 τῶν
2464 1562 2769 1640 ὀφθαλμῶν
2824 1564 3180 1639 ἀπεστέρησε,
3237 1563 3706 1641 προστεταγμένον

2045 1650 2182 1723 πρὸς
2220 1650 2489 1724 βασιλέως
2546 1649 2690 1708 ἔχων
2750 1652 2901 1709 αὐτό.
2961 1653 3187 1730 Λέγεται
3239 1653 3294 1710 δὲ
3345 1657 3409 1710 τὸ
3470 1657 3706 1731 χωρίον⁹

2039 1735 2133 1793 ’ίνα
2161 1745 2277 1801 τοῖς
2309 1740 2524 1804 ἀθλίοις
2556 1742 2616 1796 τὸ
2638 1741 2888 1796 τοιοῦτον
2920 1738 3114 1812 συνέϐη
3166 1745 3450 1819 ἀτύχημα,
3484 1745 3706 1823 Τυφλο-

2046 1824 2270 1904 ϐιϐάρια
2301 1829 2684 1902 ὀνομάζεσθαι.
2731 1833 2965 1909 Ἔμοιγε
2996 1833 3085 1887 οὖν
3148 1831 3322 1887 ἔπεισι
3382 1835 3702 1907 θαυμάζειν,

2234 1476 2341 1527 τῶν

275 1931 704 1986 convenienter
737 1945 805 1983 ex
829 1944 1029 1981 rerum
1061 1931 1273 1980 eventu
1298 1923 1706 1978 nominalocis
1723 1940 1923 1994 posue-

2043 1918 2193 1979 ὅπως
2227 1921 2278 1990 ἐξ
2311 1920 2600 1982 ἐπιπνοίας
2631 1922 2782 1982 τινὸς
2807 1923 2863 1975 oi
2894 1920 2994 1975 πά)
3012 1943 3063 1976 αι
3122 1923 3438 1996 κινούμενοι
3489 1923 3706 1994 ἄνθρω-

272 2019 652 2091 rint.Quippe
686 2017 935 2072 etLeoni
969 2015 1425 2085 Phocse,patruo
1455 2029 1671 2085 magno
1705 2013 1930 2078 Bardaa,

272 2109 477 2164 oculos
506 2107 834 2163 crudeliter
849 2111 1049 2160 erutos
1082 2121 1211 2159 esse
1243 2101 1928 2174 perhibent,locumque,

272 2199 371 2254 ubi
405 2214 641 2270 poenam
675 2197 838 2251 illam
874 2194 1139 2249 subierit.
1180 2192 1469 2248 Oeleonta
1499 2197 1931 2261 nuncupatum,

276 2288 565 2343 Goleonta
598 2286 815 2360 agresti
845 2283 1277 2339 consuetudine
1307 2281 1523 2335 vocari.
1556 2282 1644 2335 Ita
1665 2280 1793 2334 loca
1822 2296 1931 2350 pu-

270 2380 575 2433 nitionum
609 2376 943 2447 antiquitus
976 2373 1119 2428 talia
1151 2371 1395 2426 nomina
1421 2370 1795 2424 invenerunt.
1823 2371 1932 2424 Ne-

269 2485 384 2539 que
417 2468 524 2522 abs
555 2484 618 2521 re
643 2467 897 2520 fortasse
921 2462 1235 2528 videbitur,
1273 2461 1319 2515 si
1353 2477 1470 2530 quo
1530 2465 1700 2531 pacto
1753 2476 1935 2514 excas—

269 2564 435 2613 catus
465 2556 647 2611 fuerit
677 2556 812 2623 Leo,
845 2554 906 2607 in
931 2553 1186 2607 transitu
1216 2549 1722 2604 demonstravero.

2042 2029 2135 2062 ποι
2185 2008 2292 2063 ἀπὸ
2345 2013 2444 2077 τῆς
2491 2015 2598 2064 τῶν
2651 2011 2992 2087 πραγμάτων
3065 2007 3335 2074 ἐκϐάσεως
3389 2009 3705 2087 προσηκὸν-

2038 2120 2146 2161 τως
2201 2099 2290 2154 καὶ
2339 2099 2713 2178 καταλλήλως
2771 2103 2866 2162 τὰς
2914 2102 3290 2178 προσηγορίας
3338 2109 3458 2166 τοῖς
3511 2103 3703 2167 τόποις

2046 2187 2313 2252 ἐτίθεσαν.
2351 2190 2502 2246 Ἐπεὶ
2529 2188 2746 2267 λέγεται
2780 2192 2868 2246 καὶ
2925 2190 3134 2246 Λέοντα
3188 2194 3279 2247 τὸν
3341 2197 3562 2262 Φωκᾶν,
3612 2196 3705 2249 τὸν

2044 2278 2182 2356 πρὸς
2213 2279 2438 2335 πάππου
2470 2282 2520 2317 ⁵ο
2568 2284 2711 2336 θεῖον
2773 2285 2869 2336 τοῦ
2933 2280 3129 2356 Βάρδα,
3187 2285 3316 2345 τοὺς
3379 2283 3705 2361 ὀφθαλμοὺς

2045 2368 2343 2439 ἐκκοπῆναι
2375 2369 2646 2440 ἀνηλεῶς,
2677 2371 3040 2443 ὀνομάζεσθαι
3099 2370 3157 2426 δὲ
3206 2374 3297 2427 τὸν
3333 2378 3538 2448 χῶρον,
3586 2374 3704 2429 καθ’

2043 2459 2100 2513 ὅν
2132 2460 2233 2527 τήν
2264 2459 2523 2529 τοιαύτην
2559 2461 2758 2530 ὑπέστη
2793 2462 3010 2529 ποινὴν,
3056 2460 3382 2534 Ὠηλέοντα,
3439 2464 3577 2538 πρὸς
3635 2461 3694 2519 δὲ

2040 2554 2139 2617 τῆς
2171 2548 2502 2624 ἀγροικικῆς
2536 2547 2808 2609 ἰδιωτείας
2837 2549 3139 2618 κεκλῆσθαι
3185 2550 3490 2607 Γωλέοντα.
3527 2551 3705 2609 Ἀλλᾶ

274 2647 343 2700 τά
377 2645 468 2718 μὲν
501 2649 609 2699 τῶν
642 2643 836 2698 τίσεων
864 2640 1045 2715 χωρία
1074 2638 1330 2698 τοιαύτας
1357 2635 1602 2700 ἀνέκαθεν
1627 2638 1723 2698 τὰς
1755 2635 2068 2709 ἐπωνυμίας
2093 2636 2404 2708 εἲλήφεσαν.
2429 2637 2508 2695 Οὐ
2537 2638 2810 2712 παρέλκον
2867 2637 2924 2693 δὲ
2978 2637 3113 2703 ἴσως
3170 2637 3310 2711 δόξει
3366 2643 3430 2696 τὸ
3469 2641 3559 2697 καὶ
3589 2643 3681 2697 τὸν

272 2735 475 2808 τρόπον
504 2739 604 2802 τῆς
635 2735 733 2786 τοῦ
765 2731 999 2790 Λέοντος
1031 2727 1427 2804 ἐκτυφλώσεως
1456 2727 1592 2781 κατά
1622 2723 1983 2800 παραδρομὴν
2017 2725 2261 2796 ἐξειπεῖν.

346 2839 394 2889 ’7.
432 2836 544 2889 Leo
577 2834 901 2902 imperator
954 2845 1087 2885 cum
1136 2828 1269 2883 tabe
1317 2832 1706 2898 consumptus
1765 2826 1923 2882 diem

274 2942 449 2980 suum
473 2923 742 2989 obiisset,
796 2919 1150 2983 Alexander,
1184 2918 1338 2973 I23
1369 2916 1550 2972 frater
1608 2917 1756 2988 ejus,
1791 2920 1928 2988 post

270 3030 406 3068 eum
438 3014 579 3067 item
607 3028 677 3066 ex
709 3011 818 3065 hac
841 3009 957 3063 vita
987 3007 1317 3079 migrasset,
1357 3005 1677 3077 imperium
1726 3011 1924 3060 autem

268 3105 600 3158 Romanum
633 3099 741 3156 sub
779 3099 908 3169 ejus
937 3097 1060 3152 filio
1092 3095 1501 3158 Constantino,
1549 3094 1706 3148 inter
1736 3094 1924 3148 nutri-

268 3209 365 3247 ces
389 3192 702 3246 etiamtum
733 3192 1026 3253 versante,
1060 3187 1292 3256 Zoeque
1315 3186 1596 3253 Augusta,
1630 3199 1750 3237 non
1799 3183 1928 3237 sine

2108 2827 2165 2894 ζ’.
2201 2826 2356 2899 Ἀρτι
2412 2829 2510 2881 τοῦ
2567 2826 2964 2903 αὐτοκράτορος
3028 2831 3256 2890 Λέοντος
3310 2831 3421 2904 (61)
3479 2827 3695 2907 φθινάδι

2034 2915 2179 2987 νόσῳ
2235 2919 2343 2970 τῶν
2421 2910 2566 2970 ἔνθεν
2636 2918 3092 2989 μεταναστάντος,
3153 2916 3244 2971 xui
3309 2916 3692 2992 Ἀλεξάνδρου,

2035 3008 2132 3058 τοῦ
2158 3005 2325 3059 αὑτοῦ
2357 3005 2644 3078 συναίμου,
2706 3005 2936 3060 κατόπιν
2993 3007 3183 3078 ἐκείνῳ
3243 3005 3696 3078 συναπελθόντος,

2035 3101 2138 3164 τῆς
2224 3092 2282 3148 δὲ
2339 3095 2656 3167 Ῥωμαϊκῆς
2717 3097 2898 3171 ἀρχῆς
2955 3092 3096 3170 πρὸς
3149 3117 3206 3151 τε
3263 3097 3694 3167 Κωνσταντίνου,

2037 3187 2141 3237 τοῦ
2161 3184 2566 3256 τίθηνουμένου
2598 3182 2793 3248 παιδὸς
2823 3185 3010 3254 αὐτοῦ,
3067 3186 3158 3240 xui
3213 3193 3316 3254 τῆς
3373 3186 3695 3264 Αὖγούστης

266 3281 620 3336 difficultate
685 3277 1225 3343 administraretur,
1305 3273 1542 3327 Simeon
1614 3273 1923 3327 Maasorum

2042 3279 2216 3341 Ζωῆς,
2251 3271 2568 3348 ἐπισφαλῶς
2626 3274 2952 3350 φερομένης,
3015 3274 3265 3350 Συμεὼν,
3336 3277 3364 3330 6
3415 3259 3526 3331 τῶν
3576 3279 3698 3334 Μυ-

265 3372 566 3444 princeps,
598 3370 773 3424 homo
809 3367 1000 3422 audax
1033 3365 1310 3435 belloque
1341 3362 1620 3426 fervidus,
1649 3362 1774 3433 jam
1803 3362 1924 3433 pri-

263 3462 399 3517 dem
413 3463 502 3516 ira
521 3459 801 3515 incitatus
818 3456 1378 3529 expeditionemque
1399 3458 1608 3507 contra
1626 3455 1924 3507 Romanos

261 3552 538 3615 moliens,
572 3554 713 3604 tunc
747 3546 1254 3619 opportunitatem
1280 3549 1492 3598 nactus
1515 3542 1919 3598 Macedoniam

260 3641 687 3709 Thraciamque
717 3636 988 3709 populari
1022 3651 1143 3688 non
1175 3633 1534 3688 intermisit:
1557 3631 1917 3703 quinetiam,

259 3731 531 3801 Scythica
589 3735 648 3782 et
705 3731 991 3781 consueta
1043 3722 1308 3778 amentia
1365 3721 1578 3784 elatus,
1624 3723 1921 3776 Romanos

259 3820 683 3890 imperatorem
716 3831 846 3870 sese
875 3813 1222 3868 renuntiare
1247 3811 1448 3881 jussit,
1500 3810 1591 3870 Hi,
1653 3815 1919 3880 apertam

257 3906 645 3962 insolentiam
694 3904 922 3975 Scythas
983 3906 1160 3971 atque
1218 3899 1618 3971 arrogantiam
1671 3897 1918 3953 minime

255 3997 717 4061 ferentes,arma
744 4006 979 4046 sumere
1000 3989 1280 4044 adversus
1303 4004 1436 4042 eum
1454 3989 1914 4042 constituerunt.

249 4090 460 4157 Itaque
513 4085 771 4138 Leonem
822 4082 1103 4142 Phocam,
1146 4078 1362 4132 virtute
1421 4082 1599 4147 atque
1656 4077 1916 4133 victoriis

252 4181 472 4249 praeter
493 4180 740 4229 caeteros
773 4178 894 4226 tum
919 4171 1100 4224 duces
1123 4167 1533 4232 excellentem,
1556 4167 1741 4237 copiis
1762 4184 1916 4237 pra;-

250 4268 472 4322 fectum
492 4262 895 4319 Domesticum
947 4259 1286 4316 scholarum
1329 4257 1909 4312 declarant:Boma~

252 4373 396 4412 num
431 4354 700 4429 igniferis
725 4351 1067 4406 triremibus
1089 4365 1345 4420 praeesse
1368 4346 1589 4419 jubent
1617 4346 1910 4419 (Drunga-

251 4448 408 4502 rium
433 4445 517 4500 rei
544 4442 770 4499 navalis
794 4447 1060 4495 evectum
1093 4438 1167 4493 ad
1195 4437 1254 4492 id
1293 4436 1611 4510 imperium
1628 4436 1859 4503 vocant)
1891 4452 1907 4494 :

250 4537 504 4593 alterum
523 4539 588 4588 ut
609 4538 787 4600 terra,
821 4530 1076 4586 alterum
1125 4531 1191 4582 ut
1229 4527 1378 4582 mari
1429 4527 1637 4582 Mmsos
1668 4525 1910 4580 invade-

2034 3366 2142 3416 σῶν
2176 3362 2450 3437 ἀρχηγὸς,
2505 3362 2644 3438 ἀνὴρ
2700 3362 3008 3436 τολμητίας
3055 3364 3146 3419 καὶ
3219 3365 3563 3442 θερμουργὸς
3619 3367 3687 3421 τὰ

2032 3449 2333 3524 πολεμικά,
2367 3451 2539 3507 πάλαι
2568 3450 2880 3530 σφαδάζων,
2911 3455 2999 3508 καὶ
3059 3455 3158 3523 τὴν
3214 3455 3352 3509 κατὰ
3395 3454 3684 3529 Ῥωμαίων

2037 3541 2226 3620 μάχην
2258 3539 2493 3610 ὠδίνων,
2529 3542 2803 3615 εὐκαιρίας
2843 3541 3196 3617 δραξάμενος,
3260 3543 3546 3614 λεηλατῶν
3591 3545 3697 3601 οὐκ

2035 3632 2160 3702 ἀνίη
2195 3631 2539 3691 Μακεδονίαν
2580 3635 2670 3690 καὶ
2729 3635 2966 3710 Θράκην·
3021 3635 3098 3698 εἷς
3156 3635 3413 3690 ἀπόνοιάν
3475 3657 3534 3691 τε
3590 3638 3689 3705 τὴν

2035 3725 2308 3792 Σκυθικὴν
2334 3725 2425 3778 καὶ
2487 3727 2689 3795 συνήθη
2739 3724 3012 3799 ἐπαρθεὶς,
3075 3725 3446 3799 αὐτοκράτορα
3505 3726 3692 3782 ἑαυτὸν

2029 3811 2418 3884 ἀνακηρύττειν
2451 3813 2750 3886 Ῥωμαίοις
2799 3813 3062 3870 ἐκέλευεν.
3122 3815 3189 3872 Oi
3239 3813 3316 3886 δὲ,
3375 3815 3474 3883 τήν
3535 3815 3692 3870 ’ὑπαι-

2029 3913 2156 3974 θρον
2191 3901 2510 3972 ἀλαζονείαν
2542 3906 2630 3957 xui
2683 3899 2839 3978 ὓϐριν
2871 3909 2969 3959 τοῦ
3003 3905 3212 3968 Σκύθου
3277 3905 3351 3976 μὴ
3409 3905 3683 3982 φέροντες,

2022 3991 2089 4044 τὰ
2118 3989 2264 4046 ’ὀπλα
2294 3998 2460 4045 κινεῖν
2490 3994 2606 4046 κατ’
2638 3993 2802 4047 αὐτοῦ
2854 3990 3112 4068 ἔγνωσαν.
3188 3993 3289 4049 Καὶ
3350 3990 3416 4061 δὴ
3479 3992 3684 4049 Λέοντα

2022 4081 2114 4134 τὸν
2166 4085 2388 4150 Φωκᾶν,
2447 4080 2663 4153 ἀνδρείᾳ
2720 4082 2811 4136 xui
2875 4082 3164 4156 τροπαίοις
3217 4083 3516 4152 τηνικαῦτα
3574 4086 3681 4136 τῶν

2025 4173 2235 4223 λοιπῶν
2265 4175 2584 4247 στρατηγῶν
2623 4168 3015 4250 ὑπερφέροντα,
3046 4173 3297 4248 ἀρχηγὸν
3358 4173 3457 4240 τῆς
3518 4191 3681 4246 στρα-

2021 4263 2142 4320 τιᾶς
2202 4261 2646 4334 προστησάμενοι
2702 4261 2791 4315 xui
2853 4260 3184 4332 Δομέστικον
3269 4264 3379 4314 τῶν
3454 4263 3678 4334 σχολῶν

2020 4347 2646 4421 ἀνειπόντεςορωμανὸν
2709 4346 2786 4418 δὲ,
2845 4355 2954 4404 τῶν
3011 4349 3270 4424 ἐμπύρων
3347 4352 3483 4404 νεῶν
3539 4368 3679 4424 προ-

2022 4438 2401 4512 χειρισάμενοι
2442 4438 2718 4514 ναύαρχον
2782 4436 3174 4516 (δρουγγάριον
3233 4443 3342 4493 τῶν
3398 4438 3676 4509 πλωῒμων

2016 4527 2110 4582 τὸν
2140 4526 2217 4590 εἷς
2244 4528 2344 4596 τὴν
2393 4528 2652 4598 τοιαύτην
2713 4527 3014 4607 ἀφιγμένον
3067 4529 3247 4603 ἀρχὴν
3298 4528 3678 4602 ὀνομάζουσι)·

246 4630 357 4692 ret,
392 4624 656 4678 mittunt.
695 4621 780 4675 lbi
814 4621 1092 4684 Leonem,
1125 4622 1441 4688 postquam
1475 4615 1804 4687 transjectu
1829 4615 1910 4671 fa-

2037 4617 2109 4670 :6v
2144 4617 2241 4688 μὲν
2274 4615 2333 4671 ἐκ
2362 4624 2491 4694 γῆς,
2523 4619 2615 4673 τὸν
2674 4615 2732 4672 δε
2772 4617 2832 4672 ἐκ
2888 4617 3190 4687 θαλάσσης,
3253 4621 3461 4680 Μυσοῖς
3511 4616 3683 4672 ἐπιτί-

247 4719 340 4768 cto
373 4713 634 4767 Moesiam
666 4710 970 4780 ingressus
999 4711 1176 4773 esset,
1210 4705 1426 4760 acriter
1445 4704 1644 4759 ferunt
1667 4705 1902 4776 praalia-

246 4808 397 4868 tum,
423 4805 601 4870 atque
631 4795 1134 4852 innumerabilem
1159 4793 1605 4849 multitudinem
1637 4793 1902 4849 hostium

245 4891 603 4956 concidisse,
640 4888 785 4943 adeo
808 4892 877 4942 ut
905 4887 1163 4950 Simeon,
1199 4901 1413 4958 magna
1444 4885 1677 4940 consilii
1702 4885 1905 4955 inopia

246 4984 517 5039 affectus.
543 4995 652 5036 nec
694 4977 837 5050 quid
869 4977 1109 5040 faceret,
1133 4976 1400 5044 haberet,
1435 4992 1544 5030 nec
1578 4991 1692 5046 quo
1728 4974 1904 5030 modo

248 5073 535 5145 effugeret
557 5087 586 5124 e
618 5067 896 5124 manibus
954 5066 1122 5122 ducis
1172 5066 1345 5121 fortis
1402 5064 1550 5120 adeo
1585 5069 1644 5119 et
1679 5065 1904 5119 invicti.

243 5165 370 5219 Jam
394 5179 527 5218 cum
561 5159 759 5216 caeteri
792 5174 1030 5231 quoque
1055 5156 1213 5212 Moesi
1241 5157 1439 5211 animo
1463 5154 1694 5226 abjecto
1708 5152 1906 5226 fugam

2017 4707 2199 4760 θεσθαι
2233 4707 2619 4781 προῦπεμψαν.
2672 4708 3048 4783 Περαιωθέντα
3107 4704 3165 4761 δὲ
3202 4706 3292 4760 τὸν
3331 4706 3535 4762 Λέοντα
3584 4706 3678 4761 καὶ

2013 4796 2113 4864 τὴν
2164 4796 2368 4851 Μυσίαν
2435 4796 2810 4876 κατειληφότα
2865 4797 2991 4874 φασὶ
3044 4794 3289 4856 ἐκτόπως
3345 4792 3678 4872 διαγωνίσα-

2015 4886 2156 4952 σθαι,
2192 4887 2278 4955 [Ρ.
2314 4889 2403 4957 76]
2435 4886 2524 4942 καὶ
2585 4886 2932 4960 ἀναρίθμητα
2988 4885 3179 4954 πλήθη
3235 4885 3540 4957 κατακόψαι
3563 4889 3672 4939 τῶν

2017 4970 2317 5046 δυσμενῶν,
2353 4975 2425 5035 ὡς
2462 4974 2552 5028 τὸν
2613 4974 2840 5047 Συμεὼν
2895 4973 2972 5036 εἷς
3033 4974 3260 5048 ἀπορίαν
3319 4975 3672 5038 συνελαθῆναι

2019 5060 2222 5134 δεινὴν,
2263 5064 2350 5118 καὶ
2414 5063 2725 5142 ἀμηχανεῖν
2781 5065 2810 5117 6'
2867 5084 2920 5118 τι
2969 5063 3059 5119 καὶ
3120 5061 3316 5139 δράσῃ,
3374 5063 3466 5117 καὶ
3522 5063 3674 5122 ὅπως

2019 5152 2229 5230 ἐκφύγῃ
2263 5151 2408 5209 οὕτω
2437 5153 2636 5230 Θρασὺν
2667 5152 2829 5230 ἄνδρα
2879 5156 2969 5209 καὶ
3002 5155 3461 5231 ἆκαταγώνιστον.
3524 5151 3671 5224 ’Ἠδη

1449 5305 1512 5360 C.
1555 5305 1617 5360 Β.
1663 5304 1851 5362 HASII
1888 5307 2449 5365 ANNOTATIONES.

309 5444 353 5478 ⁸⁸
426 5445 537 5498 τῶν
590 5438 892 5512 Τυράννων.
953 5433 1257 5492 Cedrenus
1314 5434 1385 5501 II,

242 5516 350 5572 cod

312 5633 422 5702 (60)
470 5633 822 5710 Tyroptnum
864 5629 1106 5710 vocatur
1153 5639 1188 5678 a
1218 5621 1534 5710 ‘gedrena,
1583 5625 1712 5676 tum
1770 5621 1900 5679 loco

245 5693 422 5774 quem
455 5693 639 5774 attuli
659 5700 719 5754 in
740 5698 1034 5774 margine,
1060 5701 1185 5750 tum
1218 5694 1286 5749 ΙΙ.
1325 5696 1446 5748 699.
1482 5693 1544 5746 Β.

313 5774 431 5844 (61)
461 5773 545 5829 De
564 5772 675 5828 hac
704 5764 906 5828 clade'
929 5771 1359 5833 Romanorum,
1417 5780 1549 5842 qua:
1598 5764 1816 5823 accidit
1841 5781 1896 5824 α.

1467 5434 1591 5501 6‘70,
1655 5435 1694 5485 ο
1772 5431 1833 5484 τὸ
1907 5433 1923 5488 '.

2037 5431 2236 5488 αποιόν.
2299 5435 2344 5469 ⁵³
2424 5431 2696 5490 ἐκαλεῖτο.
2770 5435 2930 5490 Fort.
2996 5429 3267 5488 καλεῖται.
3327 5433 3375 5468 δθ
3449 5432 3673 5486 πάππον

2083 5626 2208 5683 917,
2247 5624 2577 5696 Leonisque
2603 5623 2816 5696 Pbogcm
2846 5593 3199 5690 rebellione,
3232 5621 3363 5696 vide
3395 5621 3564 5677 Cedr.
3599 5621 3669 5675 ll.

2083 5697 2209 5749 613.
2247 5696 2306 5749 Β.
2343 5701 2401 5750 et
2441 5693 2576 5767 Pagi
2610 5693 2682 5749 ad
2713 5694 2928 5749 Baron.
2965 5696 3217 5750 111.811.
3249 5695 3309 5749 C.
