  <div class='ocr_page' id='page_1' title='image "/cluster/home/n/w/nwhite01/storage/ocr_20150623/117/coo.31924054870211/430.png"; bbox 0 0 4118 6428; ppageno 0'>
   <div class='ocr_carea' id='block_1_1' title="bbox 292 441 412 501">
    <p class='ocr_par' dir='ltr' id='par_1_1' title="bbox 292 441 412 501">
     <span class='ocr_line' id='line_1_1' title="bbox 292 441 412 501; baseline -0.008 0"><span class='ocrx_word' id='word_1_1' title='bbox 292 441 412 501; x_wconf 80' lang='lat'>837</span> 
     </span>
    </p>
   </div>
   <div class='ocr_carea' id='block_1_2' title="bbox 1581 428 2348 496">
    <p class='ocr_par' dir='ltr' id='par_1_2' title="bbox 1581 428 2348 496">
     <span class='ocr_line' id='line_1_2' title="bbox 1581 428 2348 496; baseline -0.013 1"><span class='ocrx_word' id='word_1_2' title='bbox 1581 432 1980 496; x_wconf 73' lang='lat' dir='ltr'>HISTORLE</span> <span class='ocrx_word' id='word_1_3' title='bbox 2021 431 2171 492; x_wconf 89' lang='lat' dir='ltr'>LIB.</span> <span class='ocrx_word' id='word_1_4' title='bbox 2214 428 2348 490; x_wconf 80' lang='lat' dir='ltr'>VII.</span> 
     </span>
    </p>
   </div>
   <div class='ocr_carea' id='block_1_3' title="bbox 3597 436 3717 496">
    <p class='ocr_par' dir='ltr' id='par_1_3' title="bbox 3597 436 3717 496">
     <span class='ocr_line' id='line_1_3' title="bbox 3597 436 3717 496; baseline 0 -1"><span class='ocrx_word' id='word_1_5' title='bbox 3597 436 3717 496; x_wconf 87' lang='lat'>838</span> 
     </span>
    </p>
   </div>
   <div class='ocr_carea' id='block_1_4' title="bbox 289 564 1951 646">
    <p class='ocr_par' dir='ltr' id='par_1_4' title="bbox 289 568 1947 646">
     <span class='ocr_line' id='line_1_4' title="bbox 289 568 1947 646; baseline -0.005 -18"><span class='ocrx_word' id='word_1_6' title='bbox 289 571 353 628; x_wconf 71' lang='grc' dir='ltr'><strong>δὲ</strong></span> <span class='ocrx_word' id='word_1_7' title='bbox 382 571 474 627; x_wconf 82' lang='grc' dir='ltr'>καὶ</span> <span class='ocrx_word' id='word_1_8' title='bbox 504 576 612 626; x_wconf 79' lang='grc' dir='ltr'>τῶν</span> <span class='ocrx_word' id='word_1_9' title='bbox 645 570 830 628; x_wconf 79' lang='grc' dir='ltr'>ἄλλων</span> <span class='ocrx_word' id='word_1_10' title='bbox 863 569 1239 646; x_wconf 74' lang='grc' dir='ltr'>ἀπειρηκότων</span> <span class='ocrx_word' id='word_1_11' title='bbox 1269 573 1468 625; x_wconf 80' lang='grc' dir='ltr'>Μυσῶν</span> <span class='ocrx_word' id='word_1_12' title='bbox 1500 568 1591 624; x_wconf 85' lang='grc' dir='ltr'>καὶ</span> <span class='ocrx_word' id='word_1_13' title='bbox 1647 569 1785 642; x_wconf 86' lang='grc' dir='ltr'>πρὸς</span> <span class='ocrx_word' id='word_1_14' title='bbox 1845 588 1947 643; x_wconf 80' lang='grc' dir='ltr'>φυ-</span> 
     </span>
    </p>
   </div>
   <div class='ocr_carea' id='block_1_5' title="bbox 2063 564 3720 646">
    <p class='ocr_par' dir='ltr' id='par_1_5' title="bbox 2063 564 3720 640">
     <span class='ocr_line' id='line_1_5' title="bbox 2063 564 3720 640; baseline 0.002 -18"><span class='ocrx_word' id='word_1_15' title='bbox 2063 564 2656 630; x_wconf 84' lang='lat' dir='ltr'>meditarentur,ecce</span> <span class='ocrx_word' id='word_1_16' title='bbox 2689 580 2723 619; x_wconf 88' lang='lat' dir='ltr'>a</span> <span class='ocrx_word' id='word_1_17' title='bbox 2753 564 3010 636; x_wconf 89' lang='lat' dir='ltr'>quodam</span> <span class='ocrx_word' id='word_1_18' title='bbox 3035 581 3065 620; x_wconf 92' lang='lat' dir='ltr'>e</span> <span class='ocrx_word' id='word_1_19' title='bbox 3089 566 3293 622; x_wconf 86' lang='lat' dir='ltr'>schola</span> <span class='ocrx_word' id='word_1_20' title='bbox 3314 572 3720 640; x_wconf 79' lang='lat' dir='ltr'>protectorum</span> 
     </span>
    </p>
   </div>
   <div class='ocr_carea' id='block_1_6' title="bbox 292 656 1955 738">
    <p class='ocr_par' dir='ltr' id='par_1_6' title="bbox 292 656 1955 738">
     <span class='ocr_line' id='line_1_6' title="bbox 292 656 1955 738; baseline -0.005 -20"><span class='ocrx_word' id='word_1_21' title='bbox 292 660 517 738; x_wconf 83' lang='grc' dir='ltr'>γαδείαν</span> <span class='ocrx_word' id='word_1_22' title='bbox 570 663 944 735; x_wconf 73' lang='grc' dir='ltr'>τρεπομένων,</span> <span class='ocrx_word' id='word_1_23' title='bbox 1005 659 1258 735; x_wconf 80' lang='grc' dir='ltr'>ἀγγελίαν</span> <span class='ocrx_word' id='word_1_24' title='bbox 1320 659 1457 732; x_wconf 84' lang='grc' dir='ltr'>πρός</span> <span class='ocrx_word' id='word_1_25' title='bbox 1510 679 1658 722; x_wconf 87' lang='grc' dir='ltr'>τινος</span> <span class='ocrx_word' id='word_1_26' title='bbox 1741 656 1955 730; x_wconf 84' lang='grc' dir='ltr'>λέγεται</span> 
     </span>
    </p>
   </div>
   <div class='ocr_carea' id='block_1_7' title="bbox 296 743 1954 825">
    <p class='ocr_par' dir='ltr' id='par_1_7' title="bbox 296 743 1954 825">
     <span class='ocr_line' id='line_1_7' title="bbox 296 743 1954 825; baseline -0.005 -18"><span class='ocrx_word' id='word_1_27' title='bbox 296 756 408 807; x_wconf 82' lang='grc' dir='ltr'>τῶν</span> <span class='ocrx_word' id='word_1_28' title='bbox 440 752 788 806; x_wconf 76' lang='grc' dir='ltr'>ὑπασπιστῶν</span> <span class='ocrx_word' id='word_1_29' title='bbox 823 751 1176 825; x_wconf 78' lang='grc' dir='ltr'>ἀνενεχθῆναι</span> <span class='ocrx_word' id='word_1_30' title='bbox 1209 753 1286 820; x_wconf 80' lang='grc' dir='ltr'>τῷ</span> <span class='ocrx_word' id='word_1_31' title='bbox 1339 748 1555 815; x_wconf 83' lang='grc' dir='ltr'>Λέοντι,</span> <span class='ocrx_word' id='word_1_32' title='bbox 1593 747 1666 808; x_wconf 86' lang='grc' dir='ltr'>ὡς</span> <span class='ocrx_word' id='word_1_33' title='bbox 1698 748 1725 801; x_wconf 85' lang='grc' dir='ltr'><strong>ὁ</strong></span> <span class='ocrx_word' id='word_1_34' title='bbox 1758 743 1954 821; x_wconf 85' lang='grc' dir='ltr'>ὃρουγ-</span> 
     </span>
    </p>
   </div>
   <div class='ocr_carea' id='block_1_8' title="bbox 298 831 1960 915">
    <p class='ocr_par' dir='ltr' id='par_1_8' title="bbox 298 831 1960 915">
     <span class='ocr_line' id='line_1_8' title="bbox 298 831 1960 915; baseline -0.005 -21"><span class='ocrx_word' id='word_1_35' title='bbox 298 841 795 915; x_wconf 74' lang='grc' dir='ltr'>γάριοςῬωμανὸς</span> <span class='ocrx_word' id='word_1_36' title='bbox 848 843 1034 901; x_wconf 75' lang='grc' dir='ltr'>αὐτοῖς</span> <span class='ocrx_word' id='word_1_37' title='bbox 1090 837 1283 898; x_wconf 73' lang='grc' dir='ltr'>ἱστίοις</span> <span class='ocrx_word' id='word_1_38' title='bbox 1341 837 1570 912; x_wconf 81' lang='grc' dir='ltr'>ἀπάρας,</span> <span class='ocrx_word' id='word_1_39' title='bbox 1628 834 1764 889; x_wconf 83' lang='grc' dir='ltr'>κατὰ</span> <span class='ocrx_word' id='word_1_40' title='bbox 1820 831 1960 906; x_wconf 87' lang='grc' dir='ltr'>πρύ-</span> 
     </span>
    </p>
   </div>
   <div class='ocr_carea' id='block_1_9' title="bbox 303 921 1954 1002">
    <p class='ocr_par' dir='ltr' id='par_1_9' title="bbox 303 921 1954 1002">
     <span class='ocr_line' id='line_1_9' title="bbox 303 921 1954 1002; baseline -0.004 -19"><span class='ocrx_word' id='word_1_41' title='bbox 303 952 437 1002; x_wconf 86' lang='grc' dir='ltr'>μναν</span> <span class='ocrx_word' id='word_1_42' title='bbox 497 930 794 1002; x_wconf 79' lang='grc' dir='ltr'>ἱσταμένου</span> <span class='ocrx_word' id='word_1_43' title='bbox 869 933 967 982; x_wconf 83' lang='grc' dir='ltr'>τοὺ</span> <span class='ocrx_word' id='word_1_44' title='bbox 1023 927 1351 996; x_wconf 85' lang='grc' dir='ltr'>πνεύματος,</span> <span class='ocrx_word' id='word_1_45' title='bbox 1408 924 1571 1000; x_wconf 83' lang='grc' dir='ltr'>ἔρωτι</span> <span class='ocrx_word' id='word_1_46' title='bbox 1637 921 1954 998; x_wconf 75' lang='grc' dir='ltr'>τυραννίδος</span> 
     </span>
    </p>
   </div>
   <div class='ocr_carea' id='block_1_10' title="bbox 294 1014 1953 1088">
    <p class='ocr_par' dir='ltr' id='par_1_10' title="bbox 294 1014 1953 1088">
     <span class='ocr_line' id='line_1_10' title="bbox 294 1014 1953 1088; baseline -0.004 -15"><span class='ocrx_word' id='word_1_47' title='bbox 294 1017 562 1073; x_wconf 85' lang='grc' dir='ltr'>ἁποπλέει</span> <span class='ocrx_word' id='word_1_48' title='bbox 595 1018 672 1079; x_wconf 82' lang='grc' dir='ltr'>εἰς</span> <span class='ocrx_word' id='word_1_49' title='bbox 699 1019 762 1072; x_wconf 87' lang='grc' dir='ltr'>τὸ</span> <span class='ocrx_word' id='word_1_50' title='bbox 795 1020 1114 1087; x_wconf 83' lang='grc' dir='ltr'>Βυζάντιον.</span> <span class='ocrx_word' id='word_1_51' title='bbox 1155 1019 1258 1072; x_wconf 79' lang='grc' dir='ltr'>Τὸν</span> <span class='ocrx_word' id='word_1_52' title='bbox 1320 1014 1396 1086; x_wconf 69' lang='grc' dir='ltr'>δὲ,</span> <span class='ocrx_word' id='word_1_53' title='bbox 1452 1021 1533 1088; x_wconf 82' lang='grc' dir='ltr'>τῷ</span> <span class='ocrx_word' id='word_1_54' title='bbox 1586 1015 1825 1086; x_wconf 80' lang='grc' dir='ltr'>ἀπαισίῳ</span> <span class='ocrx_word' id='word_1_55' title='bbox 1855 1017 1953 1082; x_wconf 73' lang='grc' dir='ltr'>τῆς</span> 
     </span>
    </p>
   </div>
   <div class='ocr_carea' id='block_1_11' title="bbox 296 1103 1958 1185">
    <p class='ocr_par' dir='ltr' id='par_1_11' title="bbox 296 1103 1958 1185">
     <span class='ocr_line' id='line_1_11' title="bbox 296 1103 1958 1185; baseline -0.004 -23"><span class='ocrx_word' id='word_1_56' title='bbox 296 1107 559 1185; x_wconf 79' lang='grc' dir='ltr'>ἀγγελίας</span> <span class='ocrx_word' id='word_1_57' title='bbox 593 1107 1061 1182; x_wconf 75' lang='grc' dir='ltr'>περιαλγήσαντα,</span> <span class='ocrx_word' id='word_1_58' title='bbox 1122 1103 1375 1161; x_wconf 78' lang='grc' dir='ltr'>διαλῦσαί</span> <span class='ocrx_word' id='word_1_59' title='bbox 1431 1126 1490 1160; x_wconf 89' lang='grc' dir='ltr'>τε</span> <span class='ocrx_word' id='word_1_60' title='bbox 1545 1107 1636 1160; x_wconf 89' lang='grc' dir='ltr'>τὸν</span> <span class='ocrx_word' id='word_1_61' title='bbox 1707 1124 1958 1158; x_wconf 87' lang='grc' dir='ltr'>συνασπι-</span> 
     </span>
    </p>
   </div>
   <div class='ocr_carea' id='block_1_12' title="bbox 294 1191 1955 1270">
    <p class='ocr_par' dir='ltr' id='par_1_12' title="bbox 294 1191 1955 1270">
     <span class='ocr_line' id='line_1_12' title="bbox 294 1191 1955 1270; baseline -0.003 -19"><span class='ocrx_word' id='word_1_62' title='bbox 294 1199 459 1270; x_wconf 83' lang='grc' dir='ltr'>σμὸν,</span> <span class='ocrx_word' id='word_1_63' title='bbox 539 1197 652 1264; x_wconf 84' lang='grc' dir='ltr'>καὶ,</span> <span class='ocrx_word' id='word_1_64' title='bbox 713 1201 859 1250; x_wconf 86' lang='grc' dir='ltr'>νῶτα</span> <span class='ocrx_word' id='word_1_65' title='bbox 918 1201 1034 1258; x_wconf 86' lang='grc' dir='ltr'>τοῖς</span> <span class='ocrx_word' id='word_1_66' title='bbox 1124 1197 1338 1257; x_wconf 85' lang='grc' dir='ltr'>Μυσοῖς</span> <span class='ocrx_word' id='word_1_67' title='bbox 1415 1193 1594 1264; x_wconf 81' lang='grc' dir='ltr'>δόντα,</span> <span class='ocrx_word' id='word_1_68' title='bbox 1652 1191 1955 1266; x_wconf 80' lang='grc' dir='ltr'>ἐπείγεσθαι</span> 
     </span>
    </p>
   </div>
   <div class='ocr_carea' id='block_1_13' title="bbox 299 1284 1956 1362">
    <p class='ocr_par' dir='ltr' id='par_1_13' title="bbox 299 1284 1956 1362">
     <span class='ocr_line' id='line_1_13' title="bbox 299 1284 1956 1362; baseline -0.004 -21"><span class='ocrx_word' id='word_1_69' title='bbox 299 1287 440 1360; x_wconf 75' lang='grc' dir='ltr'>πρὸς</span> <span class='ocrx_word' id='word_1_70' title='bbox 465 1287 564 1354; x_wconf 74' lang='grc' dir='ltr'><strong>τήν</strong></span> <span class='ocrx_word' id='word_1_71' title='bbox 621 1284 1035 1362; x_wconf 75' lang='grc' dir='ltr'>βασιλεύουσαν,</span> <span class='ocrx_word' id='word_1_72' title='bbox 1098 1284 1148 1339; x_wconf 82' lang='grc' dir='ltr'>εἷ’</span> <span class='ocrx_word' id='word_1_73' title='bbox 1201 1305 1318 1347; x_wconf 90' lang='grc' dir='ltr'>πως</span> <span class='ocrx_word' id='word_1_74' title='bbox 1375 1285 1466 1338; x_wconf 87' lang='grc' dir='ltr'>τὸν</span> <span class='ocrx_word' id='word_1_75' title='bbox 1516 1287 1613 1338; x_wconf 80' lang='grc' dir='ltr'>τοῦ</span> <span class='ocrx_word' id='word_1_76' title='bbox 1669 1284 1956 1354; x_wconf 81' lang='grc' dir='ltr'>Ῥωμανοῦ</span> 
     </span>
    </p>
   </div>
   <div class='ocr_carea' id='block_1_14' title="bbox 297 1372 1954 1450">
    <p class='ocr_par' dir='ltr' id='par_1_14' title="bbox 297 1372 1954 1450">
     <span class='ocr_line' id='line_1_14' title="bbox 297 1372 1954 1450; baseline -0.003 -20"><span class='ocrx_word' id='word_1_77' title='bbox 297 1377 630 1450; x_wconf 77' lang='grc' dir='ltr'>προτερήσοι</span> <span class='ocrx_word' id='word_1_78' title='bbox 665 1372 953 1442; x_wconf 82' lang='grc' dir='ltr'>ἐπίπλουν,</span> <span class='ocrx_word' id='word_1_79' title='bbox 983 1375 1070 1428; x_wconf 86' lang='grc' dir='ltr'>καὶ</span> <span class='ocrx_word' id='word_1_80' title='bbox 1131 1377 1230 1440; x_wconf 78' lang='grc' dir='ltr'>τῆς</span> <span class='ocrx_word' id='word_1_81' title='bbox 1285 1374 1599 1446; x_wconf 77' lang='grc' dir='ltr'>Ῥωμαϊκῆς</span> <span class='ocrx_word' id='word_1_82' title='bbox 1658 1372 1954 1446; x_wconf 78' lang='grc' dir='ltr'>ἡγεμονίας</span> 
     </span>
    </p>
   </div>
   <div class='ocr_carea' id='block_1_15' title="bbox 297 1461 1953 1540">
    <p class='ocr_par' dir='ltr' id='par_1_15' title="bbox 297 1461 1953 1540">
     <span class='ocr_line' id='line_1_15' title="bbox 297 1461 1953 1540; baseline -0.004 -20"><span class='ocrx_word' id='word_1_83' title='bbox 297 1464 568 1540; x_wconf 76' lang='grc' dir='ltr'>ἐγκρατής</span> <span class='ocrx_word' id='word_1_84' title='bbox 621 1463 855 1539; x_wconf 84' lang='grc' dir='ltr'>γένοιτο.</span> <span class='ocrx_word' id='word_1_85' title='bbox 917 1464 1021 1520; x_wconf 88' lang='grc' dir='ltr'>Τὸν</span> <span class='ocrx_word' id='word_1_86' title='bbox 1080 1461 1137 1518; x_wconf 68' lang='grc' dir='ltr'>δὲ</span> <span class='ocrx_word' id='word_1_87' title='bbox 1223 1463 1472 1536; x_wconf 83' lang='grc' dir='ltr'>Συμεὼν,</span> <span class='ocrx_word' id='word_1_88' title='bbox 1545 1462 1646 1530; x_wconf 83' lang='grc' dir='ltr'>τὴν</span> <span class='ocrx_word' id='word_1_89' title='bbox 1711 1461 1953 1538; x_wconf 65' lang='grc' dir='ltr'>ἀπροφά-</span> 
     </span>
    </p>
   </div>
   <div class='ocr_carea' id='block_1_16' title="bbox 293 1549 1952 1630">
    <p class='ocr_par' dir='ltr' id='par_1_16' title="bbox 293 1549 1952 1630">
     <span class='ocr_line' id='line_1_16' title="bbox 293 1549 1952 1630; baseline -0.007 -21"><span class='ocrx_word' id='word_1_90' title='bbox 293 1576 478 1610; x_wconf 89' lang='grc' dir='ltr'>σιστον</span> <span class='ocrx_word' id='word_1_91' title='bbox 510 1553 600 1610; x_wconf 88' lang='grc' dir='ltr'>καὶ</span> <span class='ocrx_word' id='word_1_92' title='bbox 650 1553 958 1609; x_wconf 83' lang='grc' dir='ltr'>ἀλλόκοτον</span> <span class='ocrx_word' id='word_1_93' title='bbox 1021 1551 1204 1608; x_wconf 71' lang='grc' dir='ltr'>ἰδόντα</span> <span class='ocrx_word' id='word_1_94' title='bbox 1261 1551 1550 1624; x_wconf 76' lang='grc' dir='ltr'>Ῥωμαίων</span> <span class='ocrx_word' id='word_1_95' title='bbox 1609 1551 1806 1630; x_wconf 69' lang='grc' dir='ltr'>φυγήν,</span> <span class='ocrx_word' id='word_1_96' title='bbox 1867 1549 1952 1604; x_wconf 75' lang='grc' dir='ltr'>ἐν.</span> 
     </span>
    </p>
   </div>
   <div class='ocr_carea' id='block_1_17' title="bbox 290 1639 1951 1718">
    <p class='ocr_par' dir='ltr' id='par_1_17' title="bbox 290 1639 1951 1718">
     <span class='ocr_line' id='line_1_17' title="bbox 290 1639 1951 1718; baseline -0.005 -18"><span class='ocrx_word' id='word_1_97' title='bbox 290 1644 507 1700; x_wconf 84' lang='grc' dir='ltr'>δοιάσαι</span> <span class='ocrx_word' id='word_1_98' title='bbox 543 1645 638 1717; x_wconf 73' lang='grc' dir='ltr'>μὲν</span> <span class='ocrx_word' id='word_1_99' title='bbox 701 1642 754 1706; x_wconf 84' lang='grc' dir='ltr'>ἐς</span> <span class='ocrx_word' id='word_1_100' title='bbox 821 1644 884 1698; x_wconf 83' lang='grc' dir='ltr'>τὸ</span> <span class='ocrx_word' id='word_1_101' title='bbox 942 1642 1264 1718; x_wconf 79' lang='grc' dir='ltr'>παραυτίκα,</span> <span class='ocrx_word' id='word_1_102' title='bbox 1304 1644 1378 1715; x_wconf 78' lang='grc' dir='ltr'>μή</span> <span class='ocrx_word' id='word_1_103' title='bbox 1411 1663 1463 1697; x_wconf 89' lang='grc' dir='ltr'>τι</span> <span class='ocrx_word' id='word_1_104' title='bbox 1510 1639 1951 1714; x_wconf 82' lang='grc' dir='ltr'>σκαιωρούμενον</span> 
     </span>
    </p>
   </div>
   <div class='ocr_carea' id='block_1_18' title="bbox 295 1727 1951 1808">
    <p class='ocr_par' dir='ltr' id='par_1_18' title="bbox 295 1727 1951 1808">
     <span class='ocr_line' id='line_1_18' title="bbox 295 1727 1951 1808; baseline -0.004 -19"><span class='ocrx_word' id='word_1_105' title='bbox 295 1732 409 1804; x_wconf 76' lang='grc' dir='ltr'>εἴη,</span> <span class='ocrx_word' id='word_1_106' title='bbox 467 1733 555 1787; x_wconf 79' lang='grc' dir='ltr'>καὶ</span> <span class='ocrx_word' id='word_1_107' title='bbox 615 1727 846 1808; x_wconf 73' lang='grc' dir='ltr'>ὄλεθρος</span> <span class='ocrx_word' id='word_1_108' title='bbox 896 1734 1105 1794; x_wconf 86' lang='grc' dir='ltr'>Μυσοῖς</span> <span class='ocrx_word' id='word_1_109' title='bbox 1169 1731 1555 1804; x_wconf 71' lang='grc' dir='ltr'>ἐπισπομένοις</span> <span class='ocrx_word' id='word_1_110' title='bbox 1642 1729 1951 1806; x_wconf 79' lang='grc' dir='ltr'>ἐγγένηται⁹</span> 
     </span>
    </p>
   </div>
   <div class='ocr_carea' id='block_1_19' title="bbox 299 1820 1953 1903">
    <p class='ocr_par' dir='ltr' id='par_1_19' title="bbox 299 1820 1953 1903">
     <span class='ocr_line' id='line_1_19' title="bbox 299 1820 1953 1903; baseline -0.004 -21"><span class='ocrx_word' id='word_1_111' title='bbox 299 1828 541 1901; x_wconf 78' lang='grc' dir='ltr'>μαθόντα</span> <span class='ocrx_word' id='word_1_112' title='bbox 573 1824 630 1881; x_wconf 72' lang='grc' dir='ltr'>δέ</span> <span class='ocrx_word' id='word_1_113' title='bbox 662 1826 761 1881; x_wconf 79' lang='grc' dir='ltr'>ἀνά</span> <span class='ocrx_word' id='word_1_114' title='bbox 810 1827 1007 1901; x_wconf 84' lang='grc' dir='ltr'>κράτος</span> <span class='ocrx_word' id='word_1_115' title='bbox 1064 1823 1279 1903; x_wconf 71' lang='grc' dir='ltr'>φεύγειν</span> <span class='ocrx_word' id='word_1_116' title='bbox 1337 1823 1556 1895; x_wconf 78' lang='grc' dir='ltr'>αὐτοὺς,</span> <span class='ocrx_word' id='word_1_117' title='bbox 1614 1820 1835 1887; x_wconf 67' lang='grc' dir='ltr'>ἕπεσθαί</span> <span class='ocrx_word' id='word_1_118' title='bbox 1894 1842 1953 1876; x_wconf 88' lang='grc' dir='ltr'>τε</span> 
     </span>
    </p>
   </div>
   <div class='ocr_carea' id='block_1_20' title="bbox 286 1911 1948 1993">
    <p class='ocr_par' dir='ltr' id='par_1_20' title="bbox 286 1911 1948 1993">
     <span class='ocr_line' id='line_1_20' title="bbox 286 1911 1948 1993; baseline -0.004 -21"><span class='ocrx_word' id='word_1_119' title='bbox 286 1919 378 1972; x_wconf 74' lang='grc' dir='ltr'>καὶ</span> <span class='ocrx_word' id='word_1_120' title='bbox 416 1919 609 1990; x_wconf 69' lang='grc' dir='ltr'>ἄπειρα</span> <span class='ocrx_word' id='word_1_121' title='bbox 639 1915 830 1987; x_wconf 72' lang='grc' dir='ltr'>πλήθη</span> <span class='ocrx_word' id='word_1_122' title='bbox 865 1915 1132 1993; x_wconf 78' lang='grc' dir='ltr'>συγκόψαι</span> <span class='ocrx_word' id='word_1_123' title='bbox 1174 1913 1446 1986; x_wconf 82' lang='grc' dir='ltr'>ἀνηλεῶς.</span> <span class='ocrx_word' id='word_1_124' title='bbox 1513 1913 1617 1970; x_wconf 83' lang='grc' dir='ltr'>Καὶ</span> <span class='ocrx_word' id='word_1_125' title='bbox 1681 1918 1771 1967; x_wconf 81' lang='grc' dir='ltr'>νῦν</span> <span class='ocrx_word' id='word_1_126' title='bbox 1807 1911 1948 1968; x_wconf 82' lang='grc' dir='ltr'>ἔστιν</span> 
     </span>
    </p>
   </div>
   <div class='ocr_carea' id='block_1_21' title="bbox 287 2001 1949 2080">
    <p class='ocr_par' dir='ltr' id='par_1_21' title="bbox 287 2001 1949 2080">
     <span class='ocr_line' id='line_1_21' title="bbox 287 2001 1949 2080; baseline -0.005 -18"><span class='ocrx_word' id='word_1_127' title='bbox 287 2010 425 2080; x_wconf 81' lang='grc' dir='ltr'>ὁρᾷν</span> <span class='ocrx_word' id='word_1_128' title='bbox 455 2005 616 2061; x_wconf 83' lang='grc' dir='ltr'>είσέτι</span> <span class='ocrx_word' id='word_1_129' title='bbox 648 2006 880 2078; x_wconf 84' lang='grc' dir='ltr'>σωρείας</span> <span class='ocrx_word' id='word_1_130' title='bbox 916 2005 1088 2059; x_wconf 80' lang='grc' dir='ltr'>ὀστῶν</span> <span class='ocrx_word' id='word_1_131' title='bbox 1133 2005 1176 2041; x_wconf 72' lang='grc'>⁸⁸</span> <span class='ocrx_word' id='word_1_132' title='bbox 1227 2005 1372 2079; x_wconf 84' lang='grc' dir='ltr'>παρά</span> <span class='ocrx_word' id='word_1_133' title='bbox 1418 2004 1518 2072; x_wconf 77' lang='grc' dir='ltr'>τὴν</span> <span class='ocrx_word' id='word_1_134' title='bbox 1550 2001 1850 2078; x_wconf 84' lang='grc' dir='ltr'>Ἀγχίαλον</span> <span class='ocrx_word' id='word_1_135' title='bbox 1883 2003 1949 2074; x_wconf 78' lang='grc'>⁵²,</span> 
     </span>
    </p>
   </div>
   <div class='ocr_carea' id='block_1_22' title="bbox 290 2091 1948 2168">
    <p class='ocr_par' dir='ltr' id='par_1_22' title="bbox 290 2091 1948 2168">
     <span class='ocr_line' id='line_1_22' title="bbox 290 2091 1948 2168; baseline -0.005 -16"><span class='ocrx_word' id='word_1_136' title='bbox 290 2097 416 2152; x_wconf 85' lang='grc' dir='ltr'>καθ’</span> <span class='ocrx_word' id='word_1_137' title='bbox 447 2095 511 2165; x_wconf 75' lang='grc' dir='ltr'>ἢν</span> <span class='ocrx_word' id='word_1_138' title='bbox 545 2094 757 2158; x_wconf 79' lang='grc' dir='ltr'>ἀκλεῶς</span> <span class='ocrx_word' id='word_1_139' title='bbox 788 2095 1056 2164; x_wconf 85' lang='grc' dir='ltr'>συνεκὸπη</span> <span class='ocrx_word' id='word_1_140' title='bbox 1089 2094 1210 2147; x_wconf 88' lang='grc' dir='ltr'>τότε</span> <span class='ocrx_word' id='word_1_141' title='bbox 1264 2097 1461 2168; x_wconf 78' lang='grc' dir='ltr'>φεῦγον</span> <span class='ocrx_word' id='word_1_142' title='bbox 1522 2097 1628 2147; x_wconf 82' lang='grc' dir='ltr'>τῶν</span> <span class='ocrx_word' id='word_1_143' title='bbox 1659 2091 1948 2164; x_wconf 83' lang='grc' dir='ltr'>Ῥωμαίων</span> 
     </span>
    </p>
   </div>
   <div class='ocr_carea' id='block_1_23' title="bbox 282 2180 1949 2258">
    <p class='ocr_par' dir='ltr' id='par_1_23' title="bbox 282 2180 1949 2258">
     <span class='ocr_line' id='line_1_23' title="bbox 282 2180 1949 2258; baseline -0.003 -18"><span class='ocrx_word' id='word_1_144' title='bbox 282 2187 351 2240; x_wconf 85' lang='grc' dir='ltr'>τὸ</span> <span class='ocrx_word' id='word_1_145' title='bbox 397 2185 722 2258; x_wconf 87' lang='grc' dir='ltr'>στράτευμα.</span> <span class='ocrx_word' id='word_1_146' title='bbox 774 2185 838 2239; x_wconf 86' lang='grc' dir='ltr'>Ὁ</span> <span class='ocrx_word' id='word_1_147' title='bbox 897 2181 954 2238; x_wconf 77' lang='grc' dir='ltr'>δὲ</span> <span class='ocrx_word' id='word_1_148' title='bbox 1011 2187 1184 2251; x_wconf 75' lang='grc' dir='ltr'>Λέων,</span> <span class='ocrx_word' id='word_1_149' title='bbox 1254 2181 1474 2250; x_wconf 81' lang='grc' dir='ltr'>ἐπείπερ</span> <span class='ocrx_word' id='word_1_150' title='bbox 1535 2180 1796 2256; x_wconf 76' lang='grc' dir='ltr'>ὑστέρησε</span> <span class='ocrx_word' id='word_1_151' title='bbox 1848 2183 1949 2249; x_wconf 72' lang='grc' dir='ltr'>τῆς</span> 
     </span>
    </p>
   </div>
   <div class='ocr_carea' id='block_1_24' title="bbox 285 2269 1948 2349">
    <p class='ocr_par' dir='ltr' id='par_1_24' title="bbox 285 2269 1948 2349">
     <span class='ocr_line' id='line_1_24' title="bbox 285 2269 1948 2349; baseline -0.004 -19"><span class='ocrx_word' id='word_1_152' title='bbox 285 2274 368 2338; x_wconf 75' lang='grc' dir='ltr'>εἷς</span> <span class='ocrx_word' id='word_1_153' title='bbox 418 2275 481 2329; x_wconf 86' lang='grc' dir='ltr'>τὸ</span> <span class='ocrx_word' id='word_1_154' title='bbox 515 2275 807 2342; x_wconf 84' lang='grc' dir='ltr'>Βυζάντιον</span> <span class='ocrx_word' id='word_1_155' title='bbox 871 2273 1123 2349; x_wconf 77' lang='grc' dir='ltr'>ἀφίξεως,</span> <span class='ocrx_word' id='word_1_156' title='bbox 1183 2271 1276 2326; x_wconf 81' lang='grc' dir='ltr'>καὶ</span> <span class='ocrx_word' id='word_1_157' title='bbox 1333 2279 1432 2341; x_wconf 83' lang='grc' dir='ltr'>τῆς</span> <span class='ocrx_word' id='word_1_158' title='bbox 1489 2269 1712 2334; x_wconf 82' lang='grc' dir='ltr'>ἐλπίδος</span> <span class='ocrx_word' id='word_1_159' title='bbox 1767 2273 1948 2345; x_wconf 78' lang='grc' dir='ltr'>ἡμάρ-</span> 
     </span>
    </p>
   </div>
   <div class='ocr_carea' id='block_1_25' title="bbox 280 2358 1949 2439">
    <p class='ocr_par' dir='ltr' id='par_1_25' title="bbox 280 2358 1949 2439">
     <span class='ocr_line' id='line_1_25' title="bbox 280 2358 1949 2439; baseline -0.004 -20"><span class='ocrx_word' id='word_1_160' title='bbox 280 2359 626 2439; x_wconf 63' lang='grc' dir='ltr'>τανεν(ἔφθη</span> <span class='ocrx_word' id='word_1_161' title='bbox 689 2366 793 2436; x_wconf 80' lang='grc' dir='ltr'>γάρ</span> <span class='ocrx_word' id='word_1_162' title='bbox 854 2363 881 2416; x_wconf 86' lang='grc' dir='ltr'>ὁ</span> <span class='ocrx_word' id='word_1_163' title='bbox 939 2361 1223 2434; x_wconf 85' lang='grc' dir='ltr'>Ῥωμανὸς</span> <span class='ocrx_word' id='word_1_164' title='bbox 1276 2361 1374 2429; x_wconf 82' lang='grc' dir='ltr'>τὴν</span> <span class='ocrx_word' id='word_1_165' title='bbox 1436 2360 1713 2435; x_wconf 84' lang='grc' dir='ltr'>βασίλειον</span> <span class='ocrx_word' id='word_1_166' title='bbox 1770 2358 1949 2414; x_wconf 88' lang='grc' dir='ltr'>έστίαν</span> 
     </span>
    </p>
   </div>
   <div class='ocr_carea' id='block_1_26' title="bbox 291 2446 1951 2526">
    <p class='ocr_par' dir='ltr' id='par_1_26' title="bbox 291 2446 1951 2526">
     <span class='ocr_line' id='line_1_26' title="bbox 291 2446 1951 2526; baseline -0.004 -19"><span class='ocrx_word' id='word_1_167' title='bbox 291 2451 646 2526; x_wconf 83' lang='grc' dir='ltr'>κατειληφὼς</span> <span class='ocrx_word' id='word_1_168' title='bbox 708 2451 798 2506; x_wconf 83' lang='grc' dir='ltr'>καὶ</span> <span class='ocrx_word' id='word_1_169' title='bbox 859 2452 1046 2526; x_wconf 74' lang='grc' dir='ltr'>Πατὴρ</span> <span class='ocrx_word' id='word_1_170' title='bbox 1108 2449 1388 2512; x_wconf 72' lang='grc' dir='ltr'>Βασιλέως</span> <span class='ocrx_word' id='word_1_171' title='bbox 1464 2449 1837 2523; x_wconf 76' lang='grc' dir='ltr'>ἀναρρηθεὶς),</span> <span class='ocrx_word' id='word_1_172' title='bbox 1899 2446 1951 2509; x_wconf 82' lang='grc' dir='ltr'>ἐς</span> 
     </span>
    </p>
   </div>
   <div class='ocr_carea' id='block_1_27' title="bbox 283 2535 1949 2615">
    <p class='ocr_par' dir='ltr' id='par_1_27' title="bbox 283 2535 1949 2615">
     <span class='ocr_line' id='line_1_27' title="bbox 283 2535 1949 2615; baseline -0.002 -19"><span class='ocrx_word' id='word_1_173' title='bbox 283 2544 389 2610; x_wconf 78' lang='grc' dir='ltr'>τήν</span> <span class='ocrx_word' id='word_1_174' title='bbox 423 2540 607 2597; x_wconf 86' lang='grc' dir='ltr'>Ἀσίαν</span> <span class='ocrx_word' id='word_1_175' title='bbox 640 2538 848 2609; x_wconf 70' lang='grc' dir='ltr'>διᾶτῆς</span> <span class='ocrx_word' id='word_1_176' title='bbox 905 2535 1141 2597; x_wconf 77' lang='grc' dir='ltr'>Ἀϐύδου</span> <span class='ocrx_word' id='word_1_177' title='bbox 1201 2539 1552 2615; x_wconf 79' lang='grc' dir='ltr'>περαιωθεὶς,</span> <span class='ocrx_word' id='word_1_178' title='bbox 1613 2538 1750 2613; x_wconf 83' lang='grc' dir='ltr'>πρὸς</span> <span class='ocrx_word' id='word_1_179' title='bbox 1807 2539 1949 2592; x_wconf 84' lang='grc' dir='ltr'>ἀπο·</span> 
     </span>
    </p>
   </div>
   <div class='ocr_carea' id='block_1_28' title="bbox 285 2626 1950 2700">
    <p class='ocr_par' dir='ltr' id='par_1_28' title="bbox 285 2626 1950 2700">
     <span class='ocr_line' id='line_1_28' title="bbox 285 2626 1950 2700; baseline -0.003 -16"><span class='ocrx_word' id='word_1_180' title='bbox 285 2630 512 2686; x_wconf 84' lang='grc' dir='ltr'>στασίαν</span> <span class='ocrx_word' id='word_1_181' title='bbox 555 2629 836 2696; x_wconf 81' lang='grc' dir='ltr'>ἀπέκλινε,</span> <span class='ocrx_word' id='word_1_182' title='bbox 887 2629 975 2684; x_wconf 80' lang='grc' dir='ltr'>καὶ</span> <span class='ocrx_word' id='word_1_183' title='bbox 1031 2626 1224 2683; x_wconf 84' lang='grc' dir='ltr'>πολλά</span> <span class='ocrx_word' id='word_1_184' title='bbox 1279 2632 1358 2699; x_wconf 79' lang='grc' dir='ltr'>τῷ</span> <span class='ocrx_word' id='word_1_185' title='bbox 1413 2629 1686 2700; x_wconf 82' lang='grc' dir='ltr'>Ῥωμανῷ</span> <span class='ocrx_word' id='word_1_186' title='bbox 1724 2626 1814 2681; x_wconf 77' lang='grc' dir='ltr'>καὶ</span> <span class='ocrx_word' id='word_1_187' title='bbox 1881 2629 1950 2700; x_wconf 78' lang='grc' dir='ltr'>τῇ</span> 
     </span>
    </p>
   </div>
   <div class='ocr_carea' id='block_1_29' title="bbox 283 2715 1952 2796">
    <p class='ocr_par' dir='ltr' id='par_1_29' title="bbox 283 2715 1952 2796">
     <span class='ocr_line' id='line_1_29' title="bbox 283 2715 1952 2796; baseline -0.001 -24"><span class='ocrx_word' id='word_1_188' title='bbox 283 2717 542 2790; x_wconf 81' lang='grc' dir='ltr'>πολιτείᾳ</span> <span class='ocrx_word' id='word_1_189' title='bbox 572 2721 814 2794; x_wconf 85' lang='grc' dir='ltr'>παρέσχε</span> <span class='ocrx_word' id='word_1_190' title='bbox 843 2717 1162 2796; x_wconf 82' lang='grc' dir='ltr'>πράγματα,</span> <span class='ocrx_word' id='word_1_191' title='bbox 1219 2717 1601 2791; x_wconf 84' lang='grc' dir='ltr'>κατατρέχων,</span> <span class='ocrx_word' id='word_1_192' title='bbox 1669 2716 1760 2770; x_wconf 86' lang='grc' dir='ltr'>καὶ</span> <span class='ocrx_word' id='word_1_193' title='bbox 1819 2715 1952 2777; x_wconf 79' lang='grc' dir='ltr'>τοὺς</span> 
     </span>
    </p>
   </div>
   <div class='ocr_carea' id='block_1_30' title="bbox 289 2805 1954 2885">
    <p class='ocr_par' dir='ltr' id='par_1_30' title="bbox 289 2805 1954 2885">
     <span class='ocr_line' id='line_1_30' title="bbox 289 2805 1954 2885; baseline -0.002 -21"><span class='ocrx_word' id='word_1_194' title='bbox 289 2808 544 2879; x_wconf 74' lang='grc' dir='ltr'>ἐτησίους</span> <span class='ocrx_word' id='word_1_195' title='bbox 601 2810 804 2885; x_wconf 77' lang='grc' dir='ltr'>φόρους</span> <span class='ocrx_word' id='word_1_196' title='bbox 862 2807 1289 2885; x_wconf 79' lang='grc' dir='ltr'>ἀφαιρούμενος,</span> <span class='ocrx_word' id='word_1_197' title='bbox 1347 2808 1434 2862; x_wconf 85' lang='grc' dir='ltr'>καὶ</span> <span class='ocrx_word' id='word_1_198' title='bbox 1513 2805 1640 2869; x_wconf 77' lang='grc' dir='ltr'>τοὺς</span> <span class='ocrx_word' id='word_1_199' title='bbox 1703 2806 1954 2869; x_wconf 84' lang='grc' dir='ltr'>ἀντικαθ-</span> 
     </span>
    </p>
   </div>
   <div class='ocr_carea' id='block_1_31' title="bbox 290 2893 1953 2973">
    <p class='ocr_par' dir='ltr' id='par_1_31' title="bbox 290 2893 1953 2973">
     <span class='ocr_line' id='line_1_31' title="bbox 290 2893 1953 2973; baseline -0.002 -22"><span class='ocrx_word' id='word_1_200' title='bbox 290 2899 616 2970; x_wconf 86' lang='grc' dir='ltr'>ισταμένους</span> <span class='ocrx_word' id='word_1_201' title='bbox 675 2897 1052 2973; x_wconf 81' lang='grc' dir='ltr'>χειρούμενος.</span> <span class='ocrx_word' id='word_1_202' title='bbox 1133 2894 1277 2966; x_wconf 81' lang='grc' dir='ltr'>Ἤδη</span> <span class='ocrx_word' id='word_1_203' title='bbox 1366 2893 1424 2950; x_wconf 73' lang='grc' dir='ltr'>δὲ</span> <span class='ocrx_word' id='word_1_204' title='bbox 1479 2900 1556 2967; x_wconf 80' lang='grc' dir='ltr'>τῷ</span> <span class='ocrx_word' id='word_1_205' title='bbox 1613 2896 1801 2970; x_wconf 79' lang='grc' dir='ltr'>χρόνῳ</span> <span class='ocrx_word' id='word_1_206' title='bbox 1855 2898 1953 2949; x_wconf 81' lang='grc' dir='ltr'>τοῦ</span> 
     </span>
    </p>
   </div>
   <div class='ocr_carea' id='block_1_32' title="bbox 285 2984 1953 3062">
    <p class='ocr_par' dir='ltr' id='par_1_32' title="bbox 285 2984 1953 3062">
     <span class='ocr_line' id='line_1_32' title="bbox 285 2984 1953 3062; baseline -0.002 -20"><span class='ocrx_word' id='word_1_207' title='bbox 285 2987 584 3062; x_wconf 72' lang='grc' dir='ltr'>λῃστρικοῦ</span> <span class='ocrx_word' id='word_1_208' title='bbox 613 2984 1112 3056; x_wconf 68' lang='grc' dir='ltr'>διασκεδασθέντος,</span> <span class='ocrx_word' id='word_1_209' title='bbox 1171 2986 1259 3040; x_wconf 84' lang='grc' dir='ltr'>καὶ</span> <span class='ocrx_word' id='word_1_210' title='bbox 1322 2985 1400 3047; x_wconf 65' lang='grc' dir='ltr'>εἷς</span> <span class='ocrx_word' id='word_1_211' title='bbox 1455 2984 1772 3057; x_wconf 66' lang='grc' dir='ltr'>τοῦμπαλιν</span> <span class='ocrx_word' id='word_1_212' title='bbox 1804 2984 1953 3055; x_wconf 84' lang='grc' dir='ltr'>αὑτῷ</span> 
     </span>
    </p>
   </div>
   <div class='ocr_carea' id='block_1_33' title="bbox 289 3071 1751 3151">
    <p class='ocr_par' dir='ltr' id='par_1_33' title="bbox 289 3071 1751 3151">
     <span class='ocr_line' id='line_1_33' title="bbox 289 3071 1751 3151; baseline -0.003 -19"><span class='ocrx_word' id='word_1_213' title='bbox 289 3078 766 3149; x_wconf 82' lang='grc' dir='ltr'>ὑπονοστήσαντος</span> <span class='ocrx_word' id='word_1_214' title='bbox 829 3080 927 3131; x_wconf 78' lang='grc' dir='ltr'>τοῦ</span> <span class='ocrx_word' id='word_1_215' title='bbox 1007 3073 1406 3151; x_wconf 82' lang='grc' dir='ltr'>βουλεύματος,</span> <span class='ocrx_word' id='word_1_216' title='bbox 1483 3071 1751 3151; x_wconf 74' lang='grc' dir='ltr'>φυγαδείᾳ</span> 
     </span>
    </p>
   </div>
   <div class='ocr_carea' id='block_1_34' title="bbox 282 3165 793 3244">
    <p class='ocr_par' dir='ltr' id='par_1_34' title="bbox 282 3165 793 3244">
     <span class='ocr_line' id='line_1_34' title="bbox 282 3165 793 3244; baseline 0 -22"><span class='ocrx_word' id='word_1_217' title='bbox 282 3166 416 3228; x_wconf 67' lang='grc' dir='ltr'>τοὺς</span> <span class='ocrx_word' id='word_1_218' title='bbox 447 3165 793 3244; x_wconf 75' lang='grc' dir='ltr'>ὀιρθαλμούς.</span> 
     </span>
    </p>
   </div>
   <div class='ocr_carea' id='block_1_35' title="bbox 1854 3074 2189 3150">
    <p class='ocr_par' dir='ltr' id='par_1_35' title="bbox 1854 3074 2189 3150">
     <span class='ocr_line' id='line_1_35' title="bbox 1854 3074 2189 3150; baseline -0.006 -24"><span class='ocrx_word' id='word_1_219' title='bbox 1854 3074 2189 3150; x_wconf 75' lang='grc' dir='ltr'>χρήσασθαι,</span> 
     </span>
    </p>
   </div>
   <div class='ocr_carea' id='block_1_36' title="bbox 2067 653 3712 733">
    <p class='ocr_par' dir='ltr' id='par_1_36' title="bbox 2067 653 3712 733">
     <span class='ocr_line' id='line_1_36' title="bbox 2067 653 3712 733; baseline 0.004 -24"><span class='ocrx_word' id='word_1_220' title='bbox 2067 655 2243 710; x_wconf 86' lang='lat' dir='ltr'>Leoni</span> <span class='ocrx_word' id='word_1_221' title='bbox 2276 654 2523 708; x_wconf 90' lang='lat' dir='ltr'>nuntius</span> <span class='ocrx_word' id='word_1_222' title='bbox 2567 653 2782 709; x_wconf 89' lang='lat' dir='ltr'>allatus</span> <span class='ocrx_word' id='word_1_223' title='bbox 2828 655 3065 722; x_wconf 90' lang='lat' dir='ltr'>dicitur,</span> <span class='ocrx_word' id='word_1_224' title='bbox 3098 659 3432 713; x_wconf 84' lang='lat' dir='ltr'>Romanum</span> <span class='ocrx_word' id='word_1_225' title='bbox 3493 662 3712 733; x_wconf 84' lang='lat' dir='ltr'>Drungi</span> 
     </span>
    </p>
   </div>
   <div class='ocr_carea' id='block_1_37' title="bbox 2064 743 3718 821">
    <p class='ocr_par' dir='ltr' id='par_1_37' title="bbox 2064 743 3718 821">
     <span class='ocr_line' id='line_1_37' title="bbox 2064 743 3718 821; baseline 0.004 -21"><span class='ocrx_word' id='word_1_226' title='bbox 2064 745 2408 818; x_wconf 73' lang='lat' dir='ltr'>praefectum</span> <span class='ocrx_word' id='word_1_227' title='bbox 2445 743 2691 798; x_wconf 81' lang='lat' dir='ltr'>solvisse</span> <span class='ocrx_word' id='word_1_228' title='bbox 2718 760 2988 813; x_wconf 80' lang='lat' dir='ltr'>ancoras,</span> <span class='ocrx_word' id='word_1_229' title='bbox 3025 753 3259 802; x_wconf 88' lang='lat' dir='ltr'>ventum</span> <span class='ocrx_word' id='word_1_230' title='bbox 3287 748 3345 802; x_wconf 90' lang='lat' dir='ltr'>in</span> <span class='ocrx_word' id='word_1_231' title='bbox 3399 751 3578 821; x_wconf 88' lang='lat' dir='ltr'>puppi</span> <span class='ocrx_word' id='word_1_232' title='bbox 3614 752 3718 807; x_wconf 86' lang='lat' dir='ltr'>ha-</span> 
     </span>
    </p>
   </div>
   <div class='ocr_carea' id='block_1_38' title="bbox 2065 833 3714 910">
    <p class='ocr_par' dir='ltr' id='par_1_38' title="bbox 2065 833 3714 910">
     <span class='ocr_line' id='line_1_38' title="bbox 2065 833 3714 910; baseline 0.004 -21"><span class='ocrx_word' id='word_1_233' title='bbox 2065 835 2224 896; x_wconf 81' lang='lat' dir='ltr'>bere.</span> <span class='ocrx_word' id='word_1_234' title='bbox 2241 837 2278 888; x_wconf 86' lang='grc'>1</span> <span class='ocrx_word' id='word_1_235' title='bbox 2295 835 2393 890; x_wconf 74' lang='lat'>24</span> <span class='ocrx_word' id='word_1_236' title='bbox 2409 833 2597 906; x_wconf 89' lang='lat' dir='ltr'>passis</span> <span class='ocrx_word' id='word_1_237' title='bbox 2611 834 2758 889; x_wconf 84' lang='lat' dir='ltr'>velis</span> <span class='ocrx_word' id='word_1_238' title='bbox 2775 836 3354 908; x_wconf 83' lang='lat' dir='ltr'>Constantinopolim</span> <span class='ocrx_word' id='word_1_239' title='bbox 3370 856 3714 910; x_wconf 87' lang='lat' dir='ltr'>properare,</span> 
     </span>
    </p>
   </div>
   <div class='ocr_carea' id='block_1_39' title="bbox 2065 924 3714 996">
    <p class='ocr_par' dir='ltr' id='par_1_39' title="bbox 2065 924 3714 996">
     <span class='ocr_line' id='line_1_39' title="bbox 2065 924 3714 996; baseline 0.004 -18"><span class='ocrx_word' id='word_1_240' title='bbox 2065 941 2134 979; x_wconf 91' lang='lat' dir='ltr'>eo</span> <span class='ocrx_word' id='word_1_241' title='bbox 2159 924 2432 984; x_wconf 80' lang='lat' dir='ltr'>consilio.</span> <span class='ocrx_word' id='word_1_242' title='bbox 2457 924 2860 994; x_wconf 74' lang='lat' dir='ltr'>utimperium</span> <span class='ocrx_word' id='word_1_243' title='bbox 2911 932 3234 996; x_wconf 89' lang='lat' dir='ltr'>appeteret.</span> <span class='ocrx_word' id='word_1_244' title='bbox 3274 928 3374 983; x_wconf 86' lang='lat' dir='ltr'>Hic</span> <span class='ocrx_word' id='word_1_245' title='bbox 3405 945 3540 983; x_wconf 89' lang='lat' dir='ltr'>vero</span> <span class='ocrx_word' id='word_1_246' title='bbox 3571 931 3714 984; x_wconf 86' lang='lat' dir='ltr'>Leo-</span> 
     </span>
    </p>
   </div>
   <div class='ocr_carea' id='block_1_40' title="bbox 2064 1014 3718 1087">
    <p class='ocr_par' dir='ltr' id='par_1_40' title="bbox 2064 1014 3718 1087">
     <span class='ocr_line' id='line_1_40' title="bbox 2064 1014 3718 1087; baseline 0.004 -19"><span class='ocrx_word' id='word_1_247' title='bbox 2064 1015 2446 1080; x_wconf 88' lang='lat' dir='ltr'>nem,acerbo</span> <span class='ocrx_word' id='word_1_248' title='bbox 2477 1014 2686 1068; x_wconf 86' lang='lat' dir='ltr'>nuntio</span> <span class='ocrx_word' id='word_1_249' title='bbox 2713 1015 2969 1087; x_wconf 78' lang='lat' dir='ltr'>graviter</span> <span class='ocrx_word' id='word_1_250' title='bbox 2997 1017 3295 1081; x_wconf 83' lang='lat' dir='ltr'>affectum,</span> <span class='ocrx_word' id='word_1_251' title='bbox 3329 1019 3570 1074; x_wconf 81' lang='lat' dir='ltr'>ordines</span> <span class='ocrx_word' id='word_1_252' title='bbox 3593 1021 3718 1074; x_wconf 91' lang='lat' dir='ltr'>sol-</span> 
     </span>
    </p>
   </div>
   <div class='ocr_carea' id='block_1_41' title="bbox 2063 1105 3714 1181">
    <p class='ocr_par' dir='ltr' id='par_1_41' title="bbox 2063 1105 3714 1181">
     <span class='ocr_line' id='line_1_41' title="bbox 2063 1105 3714 1181; baseline 0.004 -24"><span class='ocrx_word' id='word_1_253' title='bbox 2063 1105 2240 1170; x_wconf 84' lang='lat' dir='ltr'>visse,</span> <span class='ocrx_word' id='word_1_254' title='bbox 2273 1111 2348 1168; x_wconf 88' lang='lat' dir='ltr'>et,</span> <span class='ocrx_word' id='word_1_255' title='bbox 2385 1111 2546 1176; x_wconf 84' lang='lat' dir='ltr'>terga</span> <span class='ocrx_word' id='word_1_256' title='bbox 2597 1105 2785 1159; x_wconf 74' lang='lat' dir='ltr'>Mcesis</span> <span class='ocrx_word' id='word_1_257' title='bbox 2819 1105 3084 1172; x_wconf 86' lang='lat' dir='ltr'>dantem,</span> <span class='ocrx_word' id='word_1_258' title='bbox 3147 1107 3259 1161; x_wconf 85' lang='lat' dir='ltr'>iter</span> <span class='ocrx_word' id='word_1_259' title='bbox 3315 1109 3388 1162; x_wconf 93' lang='lat' dir='ltr'>ad</span> <span class='ocrx_word' id='word_1_260' title='bbox 3448 1109 3714 1181; x_wconf 80' lang='lat' dir='ltr'>reginam</span> 
     </span>
    </p>
   </div>
   <div class='ocr_carea' id='block_1_42' title="bbox 2063 1194 3711 1270">
    <p class='ocr_par' dir='ltr' id='par_1_42' title="bbox 2063 1194 3711 1270">
     <span class='ocr_line' id='line_1_42' title="bbox 2063 1194 3711 1270; baseline 0.004 -22"><span class='ocrx_word' id='word_1_261' title='bbox 2063 1194 2301 1248; x_wconf 86' lang='lat' dir='ltr'>urbium</span> <span class='ocrx_word' id='word_1_262' title='bbox 2333 1194 2641 1256; x_wconf 86' lang='lat' dir='ltr'>direxisse,</span> <span class='ocrx_word' id='word_1_263' title='bbox 2676 1195 2723 1248; x_wconf 88' lang='lat' dir='ltr'>si</span> <span class='ocrx_word' id='word_1_264' title='bbox 2756 1195 2928 1257; x_wconf 86' lang='lat' dir='ltr'>forte,</span> <span class='ocrx_word' id='word_1_265' title='bbox 2964 1197 3212 1251; x_wconf 79' lang='lat' dir='ltr'>Romani</span> <span class='ocrx_word' id='word_1_266' title='bbox 3272 1199 3711 1270; x_wconf 82' lang='lat' dir='ltr'>navigationem</span> 
     </span>
    </p>
   </div>
   <div class='ocr_carea' id='block_1_43' title="bbox 2062 1283 3715 1356">
    <p class='ocr_par' dir='ltr' id='par_1_43' title="bbox 2062 1283 3715 1356">
     <span class='ocr_line' id='line_1_43' title="bbox 2062 1283 3715 1356; baseline 0.004 -18"><span class='ocrx_word' id='word_1_267' title='bbox 2062 1285 2452 1356; x_wconf 63' lang='lat' dir='ltr'>praeveniens,</span> <span class='ocrx_word' id='word_1_268' title='bbox 2487 1283 2612 1354; x_wconf 91' lang='lat' dir='ltr'>ipse</span> <span class='ocrx_word' id='word_1_269' title='bbox 2645 1284 3054 1340; x_wconf 86' lang='lat' dir='ltr'>moderamina</span> <span class='ocrx_word' id='word_1_270' title='bbox 3108 1286 3410 1342; x_wconf 82' lang='lat' dir='ltr'>invaderet</span> <span class='ocrx_word' id='word_1_271' title='bbox 3458 1289 3543 1342; x_wconf 89' lang='lat' dir='ltr'>rei</span> <span class='ocrx_word' id='word_1_272' title='bbox 3602 1292 3715 1344; x_wconf 67' lang='lat' dir='ltr'>lio-</span> 
     </span>
    </p>
   </div>
   <div class='ocr_carea' id='block_1_44' title="bbox 2060 1373 3713 1445">
    <p class='ocr_par' dir='ltr' id='par_1_44' title="bbox 2060 1373 3713 1445">
     <span class='ocr_line' id='line_1_44' title="bbox 2060 1373 3713 1445; baseline 0.003 -17"><span class='ocrx_word' id='word_1_273' title='bbox 2060 1373 2641 1439; x_wconf 72' lang='lat' dir='ltr'>manaa.Simeonem,</span> <span class='ocrx_word' id='word_1_274' title='bbox 2677 1390 2833 1436; x_wconf 85' lang='lat' dir='ltr'>cum,</span> <span class='ocrx_word' id='word_1_275' title='bbox 2859 1374 3099 1445; x_wconf 84' lang='lat' dir='ltr'>ignarus</span> <span class='ocrx_word' id='word_1_276' title='bbox 3130 1377 3713 1442; x_wconf 74' lang='lat' dir='ltr'>causaa,insolentem</span> 
     </span>
    </p>
   </div>
   <div class='ocr_carea' id='block_1_45' title="bbox 2062 1465 3712 1539">
    <p class='ocr_par' dir='ltr' id='par_1_45' title="bbox 2062 1465 3712 1539">
     <span class='ocr_line' id='line_1_45' title="bbox 2062 1465 3712 1539; baseline 0.003 -21"><span class='ocrx_word' id='word_1_277' title='bbox 2062 1466 2465 1518; x_wconf 80' lang='lat' dir='ltr'>Romanorum</span> <span class='ocrx_word' id='word_1_278' title='bbox 2493 1479 2828 1534; x_wconf 78' lang='lat' dir='ltr'>regressum</span> <span class='ocrx_word' id='word_1_279' title='bbox 2860 1465 3252 1536; x_wconf 90' lang='lat' dir='ltr'>conspiceret,</span> <span class='ocrx_word' id='word_1_280' title='bbox 3285 1469 3475 1537; x_wconf 89' lang='lat' dir='ltr'>primo</span> <span class='ocrx_word' id='word_1_281' title='bbox 3517 1469 3712 1539; x_wconf 88' lang='lat' dir='ltr'>suspi-</span> 
     </span>
    </p>
   </div>
   <div class='ocr_carea' id='block_1_46' title="bbox 2060 1552 3713 1623">
    <p class='ocr_par' dir='ltr' id='par_1_46' title="bbox 2060 1552 3713 1623">
     <span class='ocr_line' id='line_1_46' title="bbox 2060 1552 3713 1623; baseline 0.002 -16"><span class='ocrx_word' id='word_1_282' title='bbox 2060 1553 2292 1608; x_wconf 90' lang='lat' dir='ltr'>cionem</span> <span class='ocrx_word' id='word_1_283' title='bbox 2328 1552 2707 1620; x_wconf 87' lang='lat' dir='ltr'>habuisse,ne</span> <span class='ocrx_word' id='word_1_284' title='bbox 2734 1553 2876 1622; x_wconf 92' lang='lat' dir='ltr'>quid</span> <span class='ocrx_word' id='word_1_285' title='bbox 2908 1553 3027 1608; x_wconf 91' lang='lat' dir='ltr'>doli</span> <span class='ocrx_word' id='word_1_286' title='bbox 3062 1554 3355 1623; x_wconf 88' lang='lat' dir='ltr'>subesset,</span> <span class='ocrx_word' id='word_1_287' title='bbox 3381 1562 3438 1610; x_wconf 89' lang='lat' dir='ltr'>et</span> <span class='ocrx_word' id='word_1_288' title='bbox 3468 1557 3713 1612; x_wconf 84' lang='lat' dir='ltr'>exitium</span> 
     </span>
    </p>
   </div>
   <div class='ocr_carea' id='block_1_47' title="bbox 2061 1641 3715 1712">
    <p class='ocr_par' dir='ltr' id='par_1_47' title="bbox 2061 1641 3715 1712">
     <span class='ocr_line' id='line_1_47' title="bbox 2061 1641 3715 1712; baseline 0.002 -16"><span class='ocrx_word' id='word_1_289' title='bbox 2061 1642 2253 1697; x_wconf 71' lang='lat' dir='ltr'>Mmsis</span> <span class='ocrx_word' id='word_1_290' title='bbox 2305 1641 2763 1712; x_wconf 83' lang='lat' dir='ltr'>insequentibus</span> <span class='ocrx_word' id='word_1_291' title='bbox 2818 1649 3130 1712; x_wconf 87' lang='lat' dir='ltr'>pararetur</span> <span class='ocrx_word' id='word_1_292' title='bbox 3165 1660 3176 1696; x_wconf 93' lang='lat'>:</span> <span class='ocrx_word' id='word_1_293' title='bbox 3210 1661 3367 1712; x_wconf 86' lang='lat' dir='ltr'>mox,</span> <span class='ocrx_word' id='word_1_294' title='bbox 3399 1644 3501 1700; x_wconf 92' lang='lat' dir='ltr'>ubi</span> <span class='ocrx_word' id='word_1_295' title='bbox 3527 1647 3715 1700; x_wconf 83' lang='lat' dir='ltr'>effusa</span> 
     </span>
    </p>
   </div>
   <div class='ocr_carea' id='block_1_48' title="bbox 2059 1719 3718 1805">
    <p class='ocr_par' dir='ltr' id='par_1_48' title="bbox 2059 1719 3718 1805">
     <span class='ocr_line' id='line_1_48' title="bbox 2059 1719 3718 1805; baseline 0.002 -19"><span class='ocrx_word' id='word_1_296' title='bbox 2059 1731 2194 1805; x_wconf 85' lang='lat' dir='ltr'>fuga</span> <span class='ocrx_word' id='word_1_297' title='bbox 2216 1747 2388 1786; x_wconf 90' lang='lat' dir='ltr'>ruere</span> <span class='ocrx_word' id='word_1_298' title='bbox 2419 1719 3500 1801; x_wconf 78' lang='lat' dir='ltr'>comperisset,insecutum,inﬁnitam</span> <span class='ocrx_word' id='word_1_299' title='bbox 3518 1735 3718 1790; x_wconf 85' lang='lat' dir='ltr'>multi-</span> 
     </span>
    </p>
   </div>
   <div class='ocr_carea' id='block_1_49' title="bbox 2063 1820 3717 1894">
    <p class='ocr_par' dir='ltr' id='par_1_49' title="bbox 2063 1820 3717 1894">
     <span class='ocr_line' id='line_1_49' title="bbox 2063 1820 3717 1894; baseline 0.002 -18"><span class='ocrx_word' id='word_1_300' title='bbox 2063 1821 2328 1876; x_wconf 86' lang='lat' dir='ltr'>tudinem</span> <span class='ocrx_word' id='word_1_301' title='bbox 2363 1820 2686 1875; x_wconf 87' lang='lat' dir='ltr'>crudeliter</span> <span class='ocrx_word' id='word_1_302' title='bbox 2715 1820 3024 1875; x_wconf 91' lang='lat' dir='ltr'>occidisse.</span> <span class='ocrx_word' id='word_1_303' title='bbox 3060 1823 3130 1876; x_wconf 90' lang='lat' dir='ltr'>Et</span> <span class='ocrx_word' id='word_1_304' title='bbox 3161 1824 3614 1894; x_wconf 90' lang='lat' dir='ltr'>conspiciuntur</span> <span class='ocrx_word' id='word_1_305' title='bbox 3643 1824 3717 1880; x_wconf 87' lang='lat' dir='ltr'>ad</span> 
     </span>
    </p>
   </div>
   <div class='ocr_carea' id='block_1_50' title="bbox 2061 1910 3714 1980">
    <p class='ocr_par' dir='ltr' id='par_1_50' title="bbox 2061 1910 3714 1980">
     <span class='ocr_line' id='line_1_50' title="bbox 2061 1910 3714 1980; baseline 0.003 -15"><span class='ocrx_word' id='word_1_306' title='bbox 2061 1910 2419 1965; x_wconf 89' lang='lat' dir='ltr'>hodiernum</span> <span class='ocrx_word' id='word_1_307' title='bbox 2444 1910 2602 1964; x_wconf 92' lang='lat' dir='ltr'>diem</span> <span class='ocrx_word' id='word_1_308' title='bbox 2634 1911 2823 1964; x_wconf 87' lang='lat' dir='ltr'>acervi</span> <span class='ocrx_word' id='word_1_309' title='bbox 2847 1911 3072 1965; x_wconf 86' lang='lat' dir='ltr'>ossium</span> <span class='ocrx_word' id='word_1_310' title='bbox 3097 1912 3169 1966; x_wconf 89' lang='lat' dir='ltr'>ad</span> <span class='ocrx_word' id='word_1_311' title='bbox 3203 1913 3580 1980; x_wconf 87' lang='lat' dir='ltr'>Anchialum,</span> <span class='ocrx_word' id='word_1_312' title='bbox 3612 1915 3714 1970; x_wconf 89' lang='lat' dir='ltr'>ubi</span> 
     </span>
    </p>
   </div>
   <div class='ocr_carea' id='block_1_51' title="bbox 2067 2001 3719 2073">
    <p class='ocr_par' dir='ltr' id='par_1_51' title="bbox 2067 2001 3719 2073">
     <span class='ocr_line' id='line_1_51' title="bbox 2067 2001 3719 2073; baseline 0.002 -18"><span class='ocrx_word' id='word_1_313' title='bbox 2067 2005 2209 2055; x_wconf 88' lang='lat' dir='ltr'>tunc</span> <span class='ocrx_word' id='word_1_314' title='bbox 2229 2001 2461 2073; x_wconf 83' lang='lat' dir='ltr'>fugiens</span> <span class='ocrx_word' id='word_1_315' title='bbox 2487 2017 2674 2054; x_wconf 70' lang='lat' dir='ltr'>cassus</span> <span class='ocrx_word' id='word_1_316' title='bbox 2706 2002 2958 2072; x_wconf 89' lang='lat' dir='ltr'>turpiter</span> <span class='ocrx_word' id='word_1_317' title='bbox 2989 2003 3392 2056; x_wconf 79' lang='lat' dir='ltr'>Romanorum</span> <span class='ocrx_word' id='word_1_318' title='bbox 3425 2004 3719 2058; x_wconf 89' lang='lat' dir='ltr'>exercitus</span> 
     </span>
    </p>
   </div>
   <div class='ocr_carea' id='block_1_52' title="bbox 2067 2089 3715 2162">
    <p class='ocr_par' dir='ltr' id='par_1_52' title="bbox 2067 2089 3715 2162">
     <span class='ocr_line' id='line_1_52' title="bbox 2067 2089 3715 2162; baseline 0.002 -18"><span class='ocrx_word' id='word_1_319' title='bbox 2067 2096 2156 2145; x_wconf 91' lang='lat' dir='ltr'>est</span> <span class='ocrx_word' id='word_1_320' title='bbox 2187 2090 2494 2161; x_wconf 88' lang='lat' dir='ltr'>Leo.quod</span> <span class='ocrx_word' id='word_1_321' title='bbox 2526 2090 2716 2144; x_wconf 92' lang='lat' dir='ltr'>serius</span> <span class='ocrx_word' id='word_1_322' title='bbox 2747 2089 3330 2162; x_wconf 85' lang='lat' dir='ltr'>Constantinopolim</span> <span class='ocrx_word' id='word_1_323' title='bbox 3377 2092 3715 2160; x_wconf 88' lang='lat' dir='ltr'>advenerat,</span> 
     </span>
    </p>
   </div>
   <div class='ocr_carea' id='block_1_53' title="bbox 2065 2179 3715 2252">
    <p class='ocr_par' dir='ltr' id='par_1_53' title="bbox 2065 2179 3715 2252">
     <span class='ocr_line' id='line_1_53' title="bbox 2065 2179 3715 2252; baseline 0.002 -19"><span class='ocrx_word' id='word_1_324' title='bbox 2065 2195 2167 2250; x_wconf 90' lang='lat' dir='ltr'>spe</span> <span class='ocrx_word' id='word_1_325' title='bbox 2198 2179 2466 2251; x_wconf 87' lang='lat' dir='ltr'>dejectus</span> <span class='ocrx_word' id='word_1_326' title='bbox 2485 2179 2631 2250; x_wconf 81' lang='lat' dir='ltr'>(jam</span> <span class='ocrx_word' id='word_1_327' title='bbox 2663 2180 2822 2233; x_wconf 90' lang='lat' dir='ltr'>enim</span> <span class='ocrx_word' id='word_1_328' title='bbox 2849 2180 3146 2234; x_wconf 77' lang='lat' dir='ltr'>Romanus</span> <span class='ocrx_word' id='word_1_329' title='bbox 3179 2181 3398 2252; x_wconf 88' lang='lat' dir='ltr'>palatio</span> <span class='ocrx_word' id='word_1_330' title='bbox 3430 2187 3715 2252; x_wconf 88' lang='lat' dir='ltr'>occupato</span> 
     </span>
    </p>
   </div>
   <div class='ocr_carea' id='block_1_54' title="bbox 2061 2269 3721 2342">
    <p class='ocr_par' dir='ltr' id='par_1_54' title="bbox 2061 2269 3721 2342">
     <span class='ocr_line' id='line_1_54' title="bbox 2061 2269 3721 2342; baseline 0.001 -19"><span class='ocrx_word' id='word_1_331' title='bbox 2061 2271 2236 2323; x_wconf 89' lang='lat' dir='ltr'>Pater</span> <span class='ocrx_word' id='word_1_332' title='bbox 2284 2269 2529 2340; x_wconf 84' lang='lat' dir='ltr'>Augusti</span> <span class='ocrx_word' id='word_1_333' title='bbox 2567 2269 2968 2339; x_wconf 89' lang='lat' dir='ltr'>proclamatus</span> <span class='ocrx_word' id='word_1_334' title='bbox 3018 2271 3189 2340; x_wconf 90' lang='lat' dir='ltr'>erat),</span> <span class='ocrx_word' id='word_1_335' title='bbox 3242 2271 3302 2324; x_wconf 89' lang='lat' dir='ltr'>in</span> <span class='ocrx_word' id='word_1_336' title='bbox 3364 2271 3565 2326; x_wconf 85' lang='lat' dir='ltr'>Asiam</span> <span class='ocrx_word' id='word_1_337' title='bbox 3613 2287 3721 2342; x_wconf 91' lang='lat' dir='ltr'>per</span> 
     </span>
    </p>
   </div>
   <div class='ocr_carea' id='block_1_55' title="bbox 2062 2358 3721 2432">
    <p class='ocr_par' dir='ltr' id='par_1_55' title="bbox 2062 2358 3721 2432">
     <span class='ocr_line' id='line_1_55' title="bbox 2062 2358 3721 2432; baseline 0.001 -19"><span class='ocrx_word' id='word_1_338' title='bbox 2062 2358 2332 2430; x_wconf 85' lang='lat' dir='ltr'>Abydum</span> <span class='ocrx_word' id='word_1_339' title='bbox 2367 2362 2736 2412; x_wconf 89' lang='lat' dir='ltr'>transvectus</span> <span class='ocrx_word' id='word_1_340' title='bbox 2770 2358 3166 2414; x_wconf 87' lang='lat' dir='ltr'>defectionem</span> <span class='ocrx_word' id='word_1_341' title='bbox 3221 2359 3380 2420; x_wconf 75' lang='lat' dir='ltr'>fecit.</span> <span class='ocrx_word' id='word_1_342' title='bbox 3415 2361 3721 2432; x_wconf 87' lang='lat' dir='ltr'>multaque</span> 
     </span>
    </p>
   </div>
   <div class='ocr_carea' id='block_1_56' title="bbox 2061 2448 3720 2521">
    <p class='ocr_par' dir='ltr' id='par_1_56' title="bbox 2061 2448 3720 2521">
     <span class='ocr_line' id='line_1_56' title="bbox 2061 2448 3720 2521; baseline 0.001 -18"><span class='ocrx_word' id='word_1_343' title='bbox 2061 2449 2324 2521; x_wconf 69' lang='lat' dir='ltr'>posthaac</span> <span class='ocrx_word' id='word_1_344' title='bbox 2349 2453 2407 2502; x_wconf 91' lang='lat' dir='ltr'>et</span> <span class='ocrx_word' id='word_1_345' title='bbox 2426 2450 2690 2503; x_wconf 78' lang='lat' dir='ltr'>Romano</span> <span class='ocrx_word' id='word_1_346' title='bbox 2707 2452 2765 2503; x_wconf 92' lang='lat' dir='ltr'>et</span> <span class='ocrx_word' id='word_1_347' title='bbox 2785 2448 3131 2519; x_wconf 63' lang='lat' dir='ltr'>reipublicae</span> <span class='ocrx_word' id='word_1_348' title='bbox 3145 2450 3383 2521; x_wconf 86' lang='lat' dir='ltr'>negotia</span> <span class='ocrx_word' id='word_1_349' title='bbox 3402 2449 3720 2517; x_wconf 84' lang='lat' dir='ltr'>facessivit,</span> 
     </span>
    </p>
   </div>
   <div class='ocr_carea' id='block_1_57' title="bbox 2062 2538 3718 2611">
    <p class='ocr_par' dir='ltr' id='par_1_57' title="bbox 2062 2538 3718 2611">
     <span class='ocr_line' id='line_1_57' title="bbox 2062 2538 3718 2611; baseline 0.002 -18"><span class='ocrx_word' id='word_1_350' title='bbox 2062 2545 2187 2594; x_wconf 87' lang='lat' dir='ltr'>tum</span> <span class='ocrx_word' id='word_1_351' title='bbox 2203 2538 2799 2604; x_wconf 89' lang='lat' dir='ltr'>incursionibus,tum</span> <span class='ocrx_word' id='word_1_352' title='bbox 2819 2538 3037 2594; x_wconf 88' lang='lat' dir='ltr'>tributa</span> <span class='ocrx_word' id='word_1_353' title='bbox 3050 2541 3718 2611; x_wconf 82' lang='lat' dir='ltr'>annuaintercipiendo,</span> 
     </span>
    </p>
   </div>
   <div class='ocr_carea' id='block_1_58' title="bbox 2061 2627 3724 2702">
    <p class='ocr_par' dir='ltr' id='par_1_58' title="bbox 2061 2627 3724 2702">
     <span class='ocr_line' id='line_1_58' title="bbox 2061 2627 3724 2702; baseline 0.004 -22"><span class='ocrx_word' id='word_1_354' title='bbox 2061 2627 2210 2682; x_wconf 87' lang='lat' dir='ltr'>fusis</span> <span class='ocrx_word' id='word_1_355' title='bbox 2259 2627 2358 2698; x_wconf 80' lang='lat' dir='ltr'>qui</span> <span class='ocrx_word' id='word_1_356' title='bbox 2392 2633 2600 2682; x_wconf 89' lang='lat' dir='ltr'>contra</span> <span class='ocrx_word' id='word_1_357' title='bbox 2630 2628 2994 2683; x_wconf 87' lang='lat' dir='ltr'>nitebantur.</span> <span class='ocrx_word' id='word_1_358' title='bbox 3027 2630 3152 2684; x_wconf 86' lang='lat' dir='ltr'>Jam</span> <span class='ocrx_word' id='word_1_359' title='bbox 3178 2646 3334 2696; x_wconf 90' lang='lat' dir='ltr'>vero,</span> <span class='ocrx_word' id='word_1_360' title='bbox 3367 2629 3724 2702; x_wconf 66' lang='lat' dir='ltr'>praedatoria</span> 
     </span>
    </p>
   </div>
   <div class='ocr_carea' id='block_1_59' title="bbox 2064 2716 3719 2790">
    <p class='ocr_par' dir='ltr' id='par_1_59' title="bbox 2064 2716 3719 2790">
     <span class='ocr_line' id='line_1_59' title="bbox 2064 2716 3719 2790; baseline 0.002 -20"><span class='ocrx_word' id='word_1_361' title='bbox 2064 2717 2192 2788; x_wconf 88' lang='lat' dir='ltr'>ejus</span> <span class='ocrx_word' id='word_1_362' title='bbox 2221 2733 2401 2771; x_wconf 88' lang='lat' dir='ltr'>manu</span> <span class='ocrx_word' id='word_1_363' title='bbox 2415 2716 2670 2772; x_wconf 90' lang='lat' dir='ltr'>decursu</span> <span class='ocrx_word' id='word_1_364' title='bbox 2694 2719 2978 2790; x_wconf 89' lang='lat' dir='ltr'>temporis</span> <span class='ocrx_word' id='word_1_365' title='bbox 2990 2718 3382 2790; x_wconf 87' lang='lat' dir='ltr'>dilapsa,cum</span> <span class='ocrx_word' id='word_1_366' title='bbox 3403 2719 3719 2775; x_wconf 89' lang='lat' dir='ltr'>consilium</span> 
     </span>
    </p>
   </div>
   <div class='ocr_carea' id='block_1_60' title="bbox 2064 2806 3715 2876">
    <p class='ocr_par' dir='ltr' id='par_1_60' title="bbox 2064 2806 3715 2876">
     <span class='ocr_line' id='line_1_60' title="bbox 2064 2806 3715 2876; baseline 0.001 -16"><span class='ocrx_word' id='word_1_367' title='bbox 2064 2812 2272 2860; x_wconf 91' lang='lat' dir='ltr'>contra</span> <span class='ocrx_word' id='word_1_368' title='bbox 2324 2806 2510 2876; x_wconf 89' lang='lat' dir='ltr'>ipsius</span> <span class='ocrx_word' id='word_1_369' title='bbox 2543 2806 2904 2862; x_wconf 90' lang='lat' dir='ltr'>sententiam</span> <span class='ocrx_word' id='word_1_370' title='bbox 2944 2808 3167 2862; x_wconf 84' lang='lat' dir='ltr'>exitum</span> <span class='ocrx_word' id='word_1_371' title='bbox 3219 2807 3545 2876; x_wconf 86' lang='lat' dir='ltr'>habuisset,</span> <span class='ocrx_word' id='word_1_372' title='bbox 3580 2825 3715 2863; x_wconf 91' lang='lat' dir='ltr'>eum</span> 
     </span>
    </p>
   </div>
   <div class='ocr_carea' id='block_1_61' title="bbox 2063 2895 3716 2968">
    <p class='ocr_par' dir='ltr' id='par_1_61' title="bbox 2063 2895 3716 2968">
     <span class='ocr_line' id='line_1_61' title="bbox 2063 2895 3716 2968; baseline 0.002 -21"><span class='ocrx_word' id='word_1_373' title='bbox 2063 2895 2214 2966; x_wconf 58' lang='lat' dir='ltr'>fugas</span> <span class='ocrx_word' id='word_1_374' title='bbox 2237 2911 2299 2948; x_wconf 91' lang='lat' dir='ltr'>se</span> <span class='ocrx_word' id='word_1_375' title='bbox 2331 2895 2806 2962; x_wconf 89' lang='lat' dir='ltr'>commendasse,</span> <span class='ocrx_word' id='word_1_376' title='bbox 2834 2898 3455 2968; x_wconf 87' lang='lat' dir='ltr'>comprehensumque</span> <span class='ocrx_word' id='word_1_377' title='bbox 3485 2897 3716 2952; x_wconf 73' lang='lat' dir='ltr'>eﬂ‘ossis</span> 
     </span>
    </p>
   </div>
   <div class='ocr_carea' id='block_1_62' title="bbox 2065 2983 2999 3040">
    <p class='ocr_par' dir='ltr' id='par_1_62' title="bbox 2065 2983 2999 3040">
     <span class='ocr_line' id='line_1_62' title="bbox 2065 2983 2999 3040; baseline 0.002 -2"><span class='ocrx_word' id='word_1_378' title='bbox 2065 2984 2254 3038; x_wconf 90' lang='lat' dir='ltr'>oculis</span> <span class='ocrx_word' id='word_1_379' title='bbox 2276 2983 2600 3039; x_wconf 83' lang='lat' dir='ltr'>crudeliter</span> <span class='ocrx_word' id='word_1_380' title='bbox 2619 2992 2999 3040; x_wconf 68' lang='lat' dir='ltr'>excaecatum.</span> 
     </span>
    </p>
   </div>
   <div class='ocr_carea' id='block_1_63' title="bbox 2268 3070 3714 3147">
    <p class='ocr_par' dir='ltr' id='par_1_63' title="bbox 2268 3070 3714 3147">
     <span class='ocr_line' id='line_1_63' title="bbox 2268 3070 3714 3147; baseline 0.003 -23"><span class='ocrx_word' id='word_1_381' title='bbox 2268 3070 2652 3147; x_wconf 73' lang='grc' dir='ltr'>συλληφθῆναί</span> <span class='ocrx_word' id='word_1_382' title='bbox 2752 3093 2810 3125; x_wconf 90' lang='grc' dir='ltr'>τε</span> <span class='ocrx_word' id='word_1_383' title='bbox 2905 3074 2994 3126; x_wconf 84' lang='grc' dir='ltr'>καὶ</span> <span class='ocrx_word' id='word_1_384' title='bbox 3072 3073 3239 3146; x_wconf 78' lang='grc' dir='ltr'>ὠμῶς</span> <span class='ocrx_word' id='word_1_385' title='bbox 3330 3073 3714 3145; x_wconf 72' lang='grc' dir='ltr'>ἐκκεντηθῆναι</span> 
     </span>
    </p>
   </div>
   <div class='ocr_carea' id='block_1_64' title="bbox 361 3261 1951 3339">
    <p class='ocr_par' dir='ltr' id='par_1_64' title="bbox 361 3261 1951 3339">
     <span class='ocr_line' id='line_1_64' title="bbox 361 3261 1951 3339; baseline -0.003 -19"><span class='ocrx_word' id='word_1_386' title='bbox 361 3267 432 3336; x_wconf 82' lang='grc' dir='ltr'>η’.</span> <span class='ocrx_word' id='word_1_387' title='bbox 463 3264 641 3320; x_wconf 85' lang='grc' dir='ltr'>Ἀλλά</span> <span class='ocrx_word' id='word_1_388' title='bbox 670 3269 839 3320; x_wconf 81' lang='grc' dir='ltr'>ταῦτα</span> <span class='ocrx_word' id='word_1_389' title='bbox 873 3265 967 3337; x_wconf 71' lang='grc' dir='ltr'>μὶν</span> <span class='ocrx_word' id='word_1_390' title='bbox 997 3262 1190 3326; x_wconf 73' lang='grc' dir='ltr'>οὕτως.</span> <span class='ocrx_word' id='word_1_391' title='bbox 1255 3268 1426 3334; x_wconf 78' lang='grc' dir='ltr'>Φωκᾷ</span> <span class='ocrx_word' id='word_1_392' title='bbox 1479 3261 1534 3318; x_wconf 74' lang='grc' dir='ltr'>δέ</span> <span class='ocrx_word' id='word_1_393' title='bbox 1562 3265 1610 3300; x_wconf 82' lang='grc'><strong>⁵³</strong></span> <span class='ocrx_word' id='word_1_394' title='bbox 1663 3265 1772 3339; x_wconf 84' lang='grc'>(62)</span> <span class='ocrx_word' id='word_1_395' title='bbox 1805 3263 1951 3318; x_wconf 81' lang='grc' dir='ltr'>ἒπει-</span> 
     </span>
    </p>
   </div>
   <div class='ocr_carea' id='block_1_65' title="bbox 2063 3261 3716 3339">
    <p class='ocr_par' dir='ltr' id='par_1_65' title="bbox 2135 3262 3716 3337">
     <span class='ocr_line' id='line_1_65' title="bbox 2135 3262 3716 3337; baseline 0.001 -19"><span class='ocrx_word' id='word_1_396' title='bbox 2135 3265 2186 3318; x_wconf 87' lang='grc'>8.</span> <span class='ocrx_word' id='word_1_397' title='bbox 2214 3262 2427 3318; x_wconf 90' lang='lat' dir='ltr'>Leonis</span> <span class='ocrx_word' id='word_1_398' title='bbox 2453 3262 2702 3318; x_wconf 92' lang='lat' dir='ltr'>rebellio</span> <span class='ocrx_word' id='word_1_399' title='bbox 2752 3264 2910 3319; x_wconf 91' lang='lat' dir='ltr'>hunc</span> <span class='ocrx_word' id='word_1_400' title='bbox 2961 3264 3022 3318; x_wconf 90' lang='lat' dir='ltr'>in</span> <span class='ocrx_word' id='word_1_401' title='bbox 3082 3264 3325 3320; x_wconf 91' lang='lat' dir='ltr'>modum</span> <span class='ocrx_word' id='word_1_402' title='bbox 3359 3265 3716 3337; x_wconf 80' lang='lat' dir='ltr'>conquievit.</span> 
     </span>
    </p>
   </div>
   <div class='ocr_carea' id='block_1_66' title="bbox 283 3353 1952 3431">
    <p class='ocr_par' dir='ltr' id='par_1_66' title="bbox 283 3353 1952 3431">
     <span class='ocr_line' id='line_1_66' title="bbox 283 3353 1952 3431; baseline -0.002 -21"><span class='ocrx_word' id='word_1_403' title='bbox 283 3355 505 3431; x_wconf 85' lang='grc' dir='ltr'>γομένῳ</span> <span class='ocrx_word' id='word_1_404' title='bbox 533 3359 835 3424; x_wconf 77' lang='grc' dir='ltr'>τηνικαῦτα</span> <span class='ocrx_word' id='word_1_405' title='bbox 892 3353 981 3409; x_wconf 84' lang='grc' dir='ltr'>ἐπὶ</span> <span class='ocrx_word' id='word_1_406' title='bbox 1031 3355 1094 3408; x_wconf 88' lang='grc' dir='ltr'>τὸ</span> <span class='ocrx_word' id='word_1_407' title='bbox 1153 3353 1437 3429; x_wconf 75' lang='grc' dir='ltr'>φρούριον,</span> <span class='ocrx_word' id='word_1_408' title='bbox 1493 3354 1583 3408; x_wconf 83' lang='grc' dir='ltr'>καὶ</span> <span class='ocrx_word' id='word_1_409' title='bbox 1629 3353 1952 3429; x_wconf 79' lang='grc' dir='ltr'>οὑραγοῦντι</span> 
     </span>
    </p>
   </div>
   <div class='ocr_carea' id='block_1_67' title="bbox 283 3439 1954 3522">
    <p class='ocr_par' dir='ltr' id='par_1_67' title="bbox 283 3439 1954 3522">
     <span class='ocr_line' id='line_1_67' title="bbox 283 3439 1954 3522; baseline -0.003 -23"><span class='ocrx_word' id='word_1_410' title='bbox 283 3449 397 3499; x_wconf 81' lang='grc' dir='ltr'>τῶν</span> <span class='ocrx_word' id='word_1_411' title='bbox 431 3442 784 3522; x_wconf 74' lang='grc' dir='ltr'>ἀμφάύτὸν,</span> <span class='ocrx_word' id='word_1_412' title='bbox 842 3447 947 3496; x_wconf 80' lang='grc' dir='ltr'>τῶν</span> <span class='ocrx_word' id='word_1_413' title='bbox 1011 3441 1400 3514; x_wconf 77' lang='grc' dir='ltr'>ἐπιτιθεμένων</span> <span class='ocrx_word' id='word_1_414' title='bbox 1463 3441 1610 3512; x_wconf 85' lang='grc' dir='ltr'>αὑτῷ</span> <span class='ocrx_word' id='word_1_415' title='bbox 1667 3462 1748 3502; x_wconf 91' lang='grc' dir='ltr'>τις</span> <span class='ocrx_word' id='word_1_416' title='bbox 1807 3439 1954 3513; x_wconf 77' lang='grc' dir='ltr'>ἐξιπ-</span> 
     </span>
    </p>
   </div>
   <div class='ocr_carea' id='block_1_68' title="bbox 289 3530 1953 3611">
    <p class='ocr_par' dir='ltr' id='par_1_68' title="bbox 289 3530 1953 3611">
     <span class='ocr_line' id='line_1_68' title="bbox 289 3530 1953 3611; baseline -0.004 -20"><span class='ocrx_word' id='word_1_417' title='bbox 289 3534 631 3607; x_wconf 83' lang='grc' dir='ltr'>πασάμενος,</span> <span class='ocrx_word' id='word_1_418' title='bbox 668 3533 864 3608; x_wconf 81' lang='grc' dir='ltr'>θρασὺς</span> <span class='ocrx_word' id='word_1_419' title='bbox 918 3533 1007 3587; x_wconf 81' lang='grc' dir='ltr'>καὶ</span> <span class='ocrx_word' id='word_1_420' title='bbox 1067 3532 1380 3611; x_wconf 85' lang='grc' dir='ltr'>άγέρωχος,</span> <span class='ocrx_word' id='word_1_421' title='bbox 1438 3531 1615 3606; x_wconf 77' lang='grc' dir='ltr'>έπῂει,</span> <span class='ocrx_word' id='word_1_422' title='bbox 1678 3530 1953 3586; x_wconf 82' lang='grc' dir='ltr'>ἐπανατεί-</span> 
     </span>
    </p>
   </div>
   <div class='ocr_carea' id='block_1_69' title="bbox 287 3621 1951 3701">
    <p class='ocr_par' dir='ltr' id='par_1_69' title="bbox 287 3621 1951 3701">
     <span class='ocr_line' id='line_1_69' title="bbox 287 3621 1951 3701; baseline -0.001 -23"><span class='ocrx_word' id='word_1_423' title='bbox 287 3647 400 3678; x_wconf 89' lang='grc' dir='ltr'>νων</span> <span class='ocrx_word' id='word_1_424' title='bbox 433 3626 496 3678; x_wconf 87' lang='grc' dir='ltr'>τὸ</span> <span class='ocrx_word' id='word_1_425' title='bbox 526 3624 680 3701; x_wconf 81' lang='grc' dir='ltr'>ξίφος</span> <span class='ocrx_word' id='word_1_426' title='bbox 717 3625 831 3696; x_wconf 88' lang='grc' dir='ltr'>μετ’</span> <span class='ocrx_word' id='word_1_427' title='bbox 864 3621 1124 3690; x_wconf 83' lang='grc' dir='ltr'>ἀπειλῶν,</span> <span class='ocrx_word' id='word_1_428' title='bbox 1165 3623 1254 3678; x_wconf 79' lang='grc' dir='ltr'>καὶ</span> <span class='ocrx_word' id='word_1_429' title='bbox 1315 3624 1581 3693; x_wconf 73' lang='grc' dir='ltr'>πλήττειν</span> <span class='ocrx_word' id='word_1_430' title='bbox 1637 3621 1951 3697; x_wconf 77' lang='grc' dir='ltr'>ἐπιχειρῶν.</span> 
     </span>
    </p>
   </div>
   <div class='ocr_carea' id='block_1_70' title="bbox 301 3709 1954 3788">
    <p class='ocr_par' dir='ltr' id='par_1_70' title="bbox 301 3709 1954 3788">
     <span class='ocr_line' id='line_1_70' title="bbox 301 3709 1954 3788; baseline -0.001 -21"><span class='ocrx_word' id='word_1_431' title='bbox 301 3719 344 3767; x_wconf 91' lang='lat'>0</span> <span class='ocrx_word' id='word_1_432' title='bbox 378 3711 436 3768; x_wconf 76' lang='grc' dir='ltr'>δὲ</span> <span class='ocrx_word' id='word_1_433' title='bbox 458 3713 902 3776; x_wconf 70' lang='grc' dir='ltr'>ἀπαλλάττεσθαι</span> <span class='ocrx_word' id='word_1_434' title='bbox 929 3714 1030 3782; x_wconf 83' lang='grc' dir='ltr'>τὴν</span> <span class='ocrx_word' id='word_1_435' title='bbox 1066 3711 1332 3787; x_wconf 84' lang='grc' dir='ltr'>ταχίστην</span> <span class='ocrx_word' id='word_1_436' title='bbox 1385 3709 1643 3788; x_wconf 73' lang='grc' dir='ltr'>παρῄνει,</span> <span class='ocrx_word' id='word_1_437' title='bbox 1702 3711 1796 3772; x_wconf 82' lang='grc' dir='ltr'>τάς</span> <span class='ocrx_word' id='word_1_438' title='bbox 1854 3732 1954 3766; x_wconf 87' lang='grc' dir='ltr'>κα-</span> 
     </span>
    </p>
   </div>
   <div class='ocr_carea' id='block_1_71' title="bbox 282 3796 1958 3878">
    <p class='ocr_par' dir='ltr' id='par_1_71' title="bbox 282 3796 1958 3878">
     <span class='ocr_line' id='line_1_71' title="bbox 282 3796 1958 3878; baseline -0.001 -22"><span class='ocrx_word' id='word_1_439' title='bbox 282 3802 616 3878; x_wconf 84' lang='grc' dir='ltr'>⁶τασχούσας</span> <span class='ocrx_word' id='word_1_440' title='bbox 644 3801 804 3856; x_wconf 83' lang='grc' dir='ltr'>αὑτὸν</span> <span class='ocrx_word' id='word_1_441' title='bbox 830 3801 1004 3877; x_wconf 91' lang='grc' dir='ltr'>τύχας</span> <span class='ocrx_word' id='word_1_442' title='bbox 1037 3796 1422 3871; x_wconf 73' lang='grc' dir='ltr'>εὐλαϐηθέντα·</span> <span class='ocrx_word' id='word_1_443' title='bbox 1456 3797 1564 3854; x_wconf 82' lang='grc' dir='ltr'>δεῖν</span> <span class='ocrx_word' id='word_1_444' title='bbox 1610 3801 1658 3835; x_wconf 80' lang='grc'>⁵⁴</span> <span class='ocrx_word' id='word_1_445' title='bbox 1717 3797 1793 3871; x_wconf 75' lang='grc' dir='ltr'>δὲ,</span> <span class='ocrx_word' id='word_1_446' title='bbox 1825 3801 1958 3870; x_wconf 87' lang='grc' dir='ltr'>θνη-</span> 
     </span>
    </p>
   </div>
   <div class='ocr_carea' id='block_1_72' title="bbox 287 3888 1953 3968">
    <p class='ocr_par' dir='ltr' id='par_1_72' title="bbox 287 3888 1953 3968">
     <span class='ocr_line' id='line_1_72' title="bbox 287 3888 1953 3968; baseline -0.001 -22"><span class='ocrx_word' id='word_1_447' title='bbox 287 3892 384 3946; x_wconf 88' lang='grc' dir='ltr'>τὸν</span> <span class='ocrx_word' id='word_1_448' title='bbox 417 3888 561 3959; x_wconf 77' lang='grc' dir='ltr'>ὄντα,</span> <span class='ocrx_word' id='word_1_449' title='bbox 594 3893 657 3947; x_wconf 88' lang='grc' dir='ltr'>τὸ</span> <span class='ocrx_word' id='word_1_450' title='bbox 728 3891 954 3946; x_wconf 82' lang='grc' dir='ltr'>ἄστατον</span> <span class='ocrx_word' id='word_1_451' title='bbox 1017 3892 1226 3952; x_wconf 83' lang='grc' dir='ltr'>πάντως</span> <span class='ocrx_word' id='word_1_452' title='bbox 1283 3891 1581 3968; x_wconf 75' lang='grc' dir='ltr'>ὑφορᾶσθαι</span> <span class='ocrx_word' id='word_1_453' title='bbox 1637 3893 1745 3944; x_wconf 80' lang='grc' dir='ltr'>τῶν</span> <span class='ocrx_word' id='word_1_454' title='bbox 1776 3909 1953 3966; x_wconf 85' lang='grc' dir='ltr'>πραγ-</span> 
     </span>
    </p>
   </div>
   <div class='ocr_carea' id='block_1_73' title="bbox 289 3977 1954 4054">
    <p class='ocr_par' dir='ltr' id='par_1_73' title="bbox 289 3977 1954 4054">
     <span class='ocr_line' id='line_1_73' title="bbox 289 3977 1954 4054; baseline -0.002 -18"><span class='ocrx_word' id='word_1_455' title='bbox 289 3979 478 4054; x_wconf 67' lang='grc' dir='ltr'>μάτων</span> <span class='ocrx_word' id='word_1_456' title='bbox 509 3982 596 4036; x_wconf 80' lang='grc' dir='ltr'>καὶ</span> <span class='ocrx_word' id='word_1_457' title='bbox 631 3981 878 4050; x_wconf 81' lang='grc' dir='ltr'>ἄπιστον,</span> <span class='ocrx_word' id='word_1_458' title='bbox 929 3983 1018 4036; x_wconf 79' lang='grc' dir='ltr'>καὶ</span> <span class='ocrx_word' id='word_1_459' title='bbox 1077 3981 1153 4053; x_wconf 81' lang='grc' dir='ltr'>μή</span> <span class='ocrx_word' id='word_1_460' title='bbox 1213 3981 1638 4054; x_wconf 80' lang='grc' dir='ltr'>προστιθέναι⁵⁵</span> <span class='ocrx_word' id='word_1_461' title='bbox 1692 3977 1954 4034; x_wconf 73' lang='grc' dir='ltr'>κακοδαιο</span> 
     </span>
    </p>
   </div>
   <div class='ocr_carea' id='block_1_74' title="bbox 289 4068 1952 4147">
    <p class='ocr_par' dir='ltr' id='par_1_74' title="bbox 289 4068 1952 4147">
     <span class='ocr_line' id='line_1_74' title="bbox 289 4068 1952 4147; baseline -0.002 -21"><span class='ocrx_word' id='word_1_462' title='bbox 289 4077 586 4144; x_wconf 80' lang='grc' dir='ltr'>μονοῦντος</span> <span class='ocrx_word' id='word_1_463' title='bbox 646 4070 844 4147; x_wconf 64' lang='grc' dir='ltr'>ἀνδρὸς</span> <span class='ocrx_word' id='word_1_464' title='bbox 901 4077 1019 4133; x_wconf 87' lang='grc' dir='ltr'>τοῖς</span> <span class='ocrx_word' id='word_1_465' title='bbox 1077 4068 1390 4145; x_wconf 33' lang='grc' dir='ltr'>ἀλγήμασιν</span> <span class='ocrx_word' id='word_1_466' title='bbox 1447 4068 1694 4146; x_wconf 80' lang='grc' dir='ltr'>ἄλγημα.</span> <span class='ocrx_word' id='word_1_467' title='bbox 1746 4071 1952 4145; x_wconf 85' lang='grc' dir='ltr'>Ἀρκεῖν</span> 
     </span>
    </p>
   </div>
   <div class='ocr_carea' id='block_1_75' title="bbox 286 4157 1954 4238">
    <p class='ocr_par' dir='ltr' id='par_1_75' title="bbox 286 4157 1954 4238">
     <span class='ocr_line' id='line_1_75' title="bbox 286 4157 1954 4238; baseline -0.002 -22"><span class='ocrx_word' id='word_1_468' title='bbox 286 4161 400 4238; x_wconf 75' lang='grc' dir='ltr'>γάρ</span> <span class='ocrx_word' id='word_1_469' title='bbox 434 4162 500 4216; x_wconf 82' lang='grc' dir='ltr'>τά</span> <span class='ocrx_word' id='word_1_470' title='bbox 531 4163 1034 4237; x_wconf 71' lang='grc' dir='ltr'>περιστοιχήσαντα</span> <span class='ocrx_word' id='word_1_471' title='bbox 1081 4163 1271 4215; x_wconf 76' lang='grc' dir='ltr'>τοῦτον</span> <span class='ocrx_word' id='word_1_472' title='bbox 1333 4157 1478 4213; x_wconf 85' lang='grc' dir='ltr'>δεινά</span> <span class='ocrx_word' id='word_1_473' title='bbox 1528 4161 1664 4234; x_wconf 84' lang='grc'>(63),</span> <span class='ocrx_word' id='word_1_474' title='bbox 1696 4161 1847 4214; x_wconf 74' lang='grc' dir='ltr'>ἅτινα</span> <span class='ocrx_word' id='word_1_475' title='bbox 1877 4159 1954 4221; x_wconf 78' lang='grc' dir='ltr'>εἰς</span> 
     </span>
    </p>
   </div>
   <div class='ocr_carea' id='block_1_76' title="bbox 281 4246 1954 4326">
    <p class='ocr_par' dir='ltr' id='par_1_76' title="bbox 281 4246 1954 4326">
     <span class='ocr_line' id='line_1_76' title="bbox 281 4246 1954 4326; baseline -0.002 -21"><span class='ocrx_word' id='word_1_476' title='bbox 281 4254 459 4305; x_wconf 77' lang='grc' dir='ltr'>τοῦτο</span> <span class='ocrx_word' id='word_1_477' title='bbox 520 4253 606 4324; x_wconf 85' lang='grc' dir='ltr'>[Ρ.</span> <span class='ocrx_word' id='word_1_478' title='bbox 667 4253 758 4325; x_wconf 81' lang='lat'>77]</span> <span class='ocrx_word' id='word_1_479' title='bbox 813 4247 1151 4326; x_wconf 81' lang='grc' dir='ltr'>δυσπραγίας</span> <span class='ocrx_word' id='word_1_480' title='bbox 1201 4248 1359 4303; x_wconf 82' lang='grc' dir='ltr'>αὑτὸν</span> <span class='ocrx_word' id='word_1_481' title='bbox 1430 4246 1794 4323; x_wconf 74' lang='grc' dir='ltr'>περιήλασαν,</span> <span class='ocrx_word' id='word_1_482' title='bbox 1880 4249 1954 4310; x_wconf 87' lang='grc' dir='ltr'>ὡς</span> 
     </span>
    </p>
   </div>
   <div class='ocr_carea' id='block_1_77' title="bbox 290 4335 1954 4416">
    <p class='ocr_par' dir='ltr' id='par_1_77' title="bbox 290 4335 1954 4416">
     <span class='ocr_line' id='line_1_77' title="bbox 290 4335 1954 4416; baseline -0.001 -25"><span class='ocrx_word' id='word_1_483' title='bbox 290 4335 512 4416; x_wconf 72' lang='grc' dir='ltr'>φυγάδα</span> <span class='ocrx_word' id='word_1_484' title='bbox 540 4341 629 4392; x_wconf 78' lang='grc' dir='ltr'><strong>νῦν</strong></span> <span class='ocrx_word' id='word_1_485' title='bbox 685 4339 1016 4413; x_wconf 82' lang='grc' dir='ltr'>καθορᾶσθαι</span> <span class='ocrx_word' id='word_1_486' title='bbox 1076 4336 1166 4391; x_wconf 82' lang='grc' dir='ltr'>τὸν</span> <span class='ocrx_word' id='word_1_487' title='bbox 1223 4342 1324 4404; x_wconf 79' lang='grc' dir='ltr'>τῆς</span> <span class='ocrx_word' id='word_1_488' title='bbox 1378 4336 1698 4408; x_wconf 83' lang='grc' dir='ltr'>Ῥωμαϊκῆς</span> <span class='ocrx_word' id='word_1_489' title='bbox 1751 4355 1954 4411; x_wconf 84' lang='grc' dir='ltr'>καταρ-</span> 
     </span>
    </p>
   </div>
   <div class='ocr_carea' id='block_1_78' title="bbox 2067 3353 3718 3426">
    <p class='ocr_par' dir='ltr' id='par_1_78' title="bbox 2067 3353 3718 3426">
     <span class='ocr_line' id='line_1_78' title="bbox 2067 3353 3718 3426; baseline 0.003 -20"><span class='ocrx_word' id='word_1_490' title='bbox 2067 3353 2324 3407; x_wconf 89' lang='lat' dir='ltr'>Phocam</span> <span class='ocrx_word' id='word_1_491' title='bbox 2343 3358 2542 3407; x_wconf 90' lang='lat' dir='ltr'>autem</span> <span class='ocrx_word' id='word_1_492' title='bbox 2590 3359 2730 3407; x_wconf 86' lang='lat' dir='ltr'>tunc</span> <span class='ocrx_word' id='word_1_493' title='bbox 2752 3353 2825 3408; x_wconf 90' lang='lat' dir='ltr'>ad</span> <span class='ocrx_word' id='word_1_494' title='bbox 2851 3355 2887 3407; x_wconf 89' lang='grc' dir='ltr'><strong>Ι</strong></span> <span class='ocrx_word' id='word_1_495' title='bbox 2903 3354 2998 3410; x_wconf 72' lang='lat'>25</span> <span class='ocrx_word' id='word_1_496' title='bbox 3049 3354 3360 3410; x_wconf 90' lang='lat' dir='ltr'>castellum</span> <span class='ocrx_word' id='word_1_497' title='bbox 3391 3372 3718 3426; x_wconf 89' lang='lat' dir='ltr'>properan-</span> 
     </span>
    </p>
   </div>
   <div class='ocr_carea' id='block_1_79' title="bbox 2067 3442 3718 3515">
    <p class='ocr_par' dir='ltr' id='par_1_79' title="bbox 2067 3442 3718 3515">
     <span class='ocr_line' id='line_1_79' title="bbox 2067 3442 3718 3515; baseline 0.002 -19"><span class='ocrx_word' id='word_1_498' title='bbox 2067 3447 2206 3510; x_wconf 89' lang='lat' dir='ltr'>tem,</span> <span class='ocrx_word' id='word_1_499' title='bbox 2231 3459 2364 3496; x_wconf 89' lang='lat' dir='ltr'>cum</span> <span class='ocrx_word' id='word_1_500' title='bbox 2397 3458 2608 3514; x_wconf 89' lang='lat' dir='ltr'>agmen</span> <span class='ocrx_word' id='word_1_501' title='bbox 2639 3459 2879 3497; x_wconf 90' lang='lat' dir='ltr'>suorum</span> <span class='ocrx_word' id='word_1_502' title='bbox 2904 3442 3227 3511; x_wconf 88' lang='lat' dir='ltr'>clauderet,</span> <span class='ocrx_word' id='word_1_503' title='bbox 3262 3461 3331 3499; x_wconf 88' lang='lat' dir='ltr'>ex</span> <span class='ocrx_word' id='word_1_504' title='bbox 3354 3445 3718 3515; x_wconf 86' lang='lat' dir='ltr'>insequenti-</span> 
     </span>
    </p>
   </div>
   <div class='ocr_carea' id='block_1_80' title="bbox 2065 3531 3716 3604">
    <p class='ocr_par' dir='ltr' id='par_1_80' title="bbox 2065 3531 3716 3604">
     <span class='ocr_line' id='line_1_80' title="bbox 2065 3531 3716 3604; baseline 0.002 -18"><span class='ocrx_word' id='word_1_505' title='bbox 2065 3531 2176 3586; x_wconf 91' lang='lat' dir='ltr'>bus</span> <span class='ocrx_word' id='word_1_506' title='bbox 2207 3531 2446 3602; x_wconf 90' lang='lat' dir='ltr'>aliquis,</span> <span class='ocrx_word' id='word_1_507' title='bbox 2479 3532 2668 3586; x_wconf 83' lang='lat' dir='ltr'>audax</span> <span class='ocrx_word' id='word_1_508' title='bbox 2717 3538 2775 3586; x_wconf 90' lang='lat' dir='ltr'>et</span> <span class='ocrx_word' id='word_1_509' title='bbox 2829 3539 3156 3603; x_wconf 90' lang='lat' dir='ltr'>protervus,</span> <span class='ocrx_word' id='word_1_510' title='bbox 3211 3539 3520 3604; x_wconf 90' lang='lat' dir='ltr'>provectus</span> <span class='ocrx_word' id='word_1_511' title='bbox 3577 3540 3716 3590; x_wconf 88' lang='lat' dir='ltr'>ante</span> 
     </span>
    </p>
   </div>
   <div class='ocr_carea' id='block_1_81' title="bbox 2068 3620 3714 3692">
    <p class='ocr_par' dir='ltr' id='par_1_81' title="bbox 2068 3620 3714 3692">
     <span class='ocr_line' id='line_1_81' title="bbox 2068 3620 3714 3692; baseline 0.001 -16"><span class='ocrx_word' id='word_1_512' title='bbox 2068 3627 2314 3676; x_wconf 65' lang='lat' dir='ltr'>caeteros</span> <span class='ocrx_word' id='word_1_513' title='bbox 2345 3621 2580 3687; x_wconf 90' lang='lat' dir='ltr'>invasit,</span> <span class='ocrx_word' id='word_1_514' title='bbox 2621 3620 3004 3692; x_wconf 88' lang='lat' dir='ltr'>gladiumque</span> <span class='ocrx_word' id='word_1_515' title='bbox 3061 3638 3194 3677; x_wconf 91' lang='lat' dir='ltr'>cum</span> <span class='ocrx_word' id='word_1_516' title='bbox 3255 3622 3433 3677; x_wconf 88' lang='lat' dir='ltr'>minis</span> <span class='ocrx_word' id='word_1_517' title='bbox 3492 3623 3714 3678; x_wconf 90' lang='lat' dir='ltr'>elatum</span> 
     </span>
    </p>
   </div>
   <div class='ocr_carea' id='block_1_82' title="bbox 2067 3711 3719 3784">
    <p class='ocr_par' dir='ltr' id='par_1_82' title="bbox 2067 3711 3719 3784">
     <span class='ocr_line' id='line_1_82' title="bbox 2067 3711 3719 3784; baseline 0.002 -20"><span class='ocrx_word' id='word_1_518' title='bbox 2067 3711 2338 3783; x_wconf 81' lang='lat' dir='ltr'>infligere</span> <span class='ocrx_word' id='word_1_519' title='bbox 2362 3716 2612 3766; x_wconf 88' lang='lat' dir='ltr'>conatus</span> <span class='ocrx_word' id='word_1_520' title='bbox 2633 3712 2802 3766; x_wconf 78' lang='lat' dir='ltr'>esth</span> <span class='ocrx_word' id='word_1_521' title='bbox 2837 3727 2973 3766; x_wconf 91' lang='lat' dir='ltr'>eum</span> <span class='ocrx_word' id='word_1_522' title='bbox 3013 3717 3230 3778; x_wconf 90' lang='lat' dir='ltr'>monet,</span> <span class='ocrx_word' id='word_1_523' title='bbox 3266 3713 3538 3784; x_wconf 88' lang='lat' dir='ltr'>protinus</span> <span class='ocrx_word' id='word_1_524' title='bbox 3561 3720 3719 3768; x_wconf 89' lang='lat' dir='ltr'>retro</span> 
     </span>
    </p>
   </div>
   <div class='ocr_carea' id='block_1_83' title="bbox 2065 3799 3720 3873">
    <p class='ocr_par' dir='ltr' id='par_1_83' title="bbox 2065 3799 3720 3873">
     <span class='ocr_line' id='line_1_83' title="bbox 2065 3799 3720 3873; baseline 0.002 -19"><span class='ocrx_word' id='word_1_525' title='bbox 2065 3799 2454 3873; x_wconf 84' lang='lat' dir='ltr'>regrediatur.</span> <span class='ocrx_word' id='word_1_526' title='bbox 2489 3806 2845 3871; x_wconf 68' lang='lat' dir='ltr'>praesentem</span> <span class='ocrx_word' id='word_1_527' title='bbox 2901 3818 3069 3856; x_wconf 89' lang='lat' dir='ltr'>suam</span> <span class='ocrx_word' id='word_1_528' title='bbox 3120 3801 3421 3856; x_wconf 89' lang='lat' dir='ltr'>fortunam</span> <span class='ocrx_word' id='word_1_529' title='bbox 3452 3803 3671 3857; x_wconf 90' lang='lat' dir='ltr'>veritus</span> <span class='ocrx_word' id='word_1_530' title='bbox 3706 3819 3720 3858; x_wconf 90' lang='lat'><strong>:</strong></span> 
     </span>
    </p>
   </div>
   <div class='ocr_carea' id='block_1_84' title="bbox 2069 3890 3722 3957">
    <p class='ocr_par' dir='ltr' id='par_1_84' title="bbox 2069 3890 3722 3957">
     <span class='ocr_line' id='line_1_84' title="bbox 2069 3890 3722 3957; baseline 0.002 -13"><span class='ocrx_word' id='word_1_531' title='bbox 2069 3890 2286 3945; x_wconf 88' lang='lat' dir='ltr'>debere</span> <span class='ocrx_word' id='word_1_532' title='bbox 2318 3907 2474 3957; x_wconf 90' lang='lat' dir='ltr'>eum,</span> <span class='ocrx_word' id='word_1_533' title='bbox 2507 3895 2574 3944; x_wconf 90' lang='lat' dir='ltr'>ut</span> <span class='ocrx_word' id='word_1_534' title='bbox 2628 3891 2963 3956; x_wconf 89' lang='lat' dir='ltr'>mortalem,</span> <span class='ocrx_word' id='word_1_535' title='bbox 2999 3893 3334 3947; x_wconf 89' lang='lat' dir='ltr'>necessario</span> <span class='ocrx_word' id='word_1_536' title='bbox 3376 3893 3722 3948; x_wconf 88' lang='lat' dir='ltr'>inconstan-</span> 
     </span>
    </p>
   </div>
   <div class='ocr_carea' id='block_1_85' title="bbox 2067 3979 3720 4054">
    <p class='ocr_par' dir='ltr' id='par_1_85' title="bbox 2067 3979 3720 4054">
     <span class='ocr_line' id='line_1_85' title="bbox 2067 3979 3720 4054; baseline 0.004 -21"><span class='ocrx_word' id='word_1_537' title='bbox 2067 3981 2212 4035; x_wconf 89' lang='lat' dir='ltr'>tiam</span> <span class='ocrx_word' id='word_1_538' title='bbox 2237 3979 2774 4050; x_wconf 84' lang='lat' dir='ltr'>infidelitatemque</span> <span class='ocrx_word' id='word_1_539' title='bbox 2806 3981 3058 4036; x_wconf 68' lang='lat' dir='ltr'>fortunae</span> <span class='ocrx_word' id='word_1_540' title='bbox 3081 3982 3492 4051; x_wconf 82' lang='lat' dir='ltr'>extimescere,</span> <span class='ocrx_word' id='word_1_541' title='bbox 3525 4000 3720 4054; x_wconf 87' lang='lat' dir='ltr'>neque</span> 
     </span>
    </p>
   </div>
   <div class='ocr_carea' id='block_1_86' title="bbox 2067 4069 3720 4142">
    <p class='ocr_par' dir='ltr' id='par_1_86' title="bbox 2067 4069 3720 4142">
     <span class='ocr_line' id='line_1_86' title="bbox 2067 4069 3720 4142; baseline 0.001 -16"><span class='ocrx_word' id='word_1_542' title='bbox 2067 4070 2141 4126; x_wconf 87' lang='lat' dir='ltr'>ad</span> <span class='ocrx_word' id='word_1_543' title='bbox 2165 4069 2547 4142; x_wconf 69' lang='lat' dir='ltr'>aegritudines</span> <span class='ocrx_word' id='word_1_544' title='bbox 2580 4069 2687 4124; x_wconf 91' lang='lat' dir='ltr'>viri</span> <span class='ocrx_word' id='word_1_545' title='bbox 2719 4071 3049 4126; x_wconf 90' lang='lat' dir='ltr'>calamitosi</span> <span class='ocrx_word' id='word_1_546' title='bbox 3075 4088 3285 4126; x_wconf 90' lang='lat' dir='ltr'>novam</span> <span class='ocrx_word' id='word_1_547' title='bbox 3300 4072 3539 4127; x_wconf 87' lang='lat' dir='ltr'>addere.</span> <span class='ocrx_word' id='word_1_548' title='bbox 3567 4073 3720 4128; x_wconf 88' lang='lat' dir='ltr'>Satis</span> 
     </span>
    </p>
   </div>
   <div class='ocr_carea' id='block_1_87' title="bbox 2067 4159 3718 4230">
    <p class='ocr_par' dir='ltr' id='par_1_87' title="bbox 2067 4159 3718 4230">
     <span class='ocr_line' id='line_1_87' title="bbox 2067 4159 3718 4230; baseline 0.001 -16"><span class='ocrx_word' id='word_1_549' title='bbox 2067 4159 2360 4214; x_wconf 91' lang='lat' dir='ltr'>malorum</span> <span class='ocrx_word' id='word_1_550' title='bbox 2393 4176 2455 4214; x_wconf 91' lang='lat' dir='ltr'>se</span> <span class='ocrx_word' id='word_1_551' title='bbox 2488 4161 2896 4226; x_wconf 88' lang='lat' dir='ltr'>circumstare,</span> <span class='ocrx_word' id='word_1_552' title='bbox 2958 4177 3088 4230; x_wconf 64' lang='lat' dir='ltr'>quas</span> <span class='ocrx_word' id='word_1_553' title='bbox 3109 4161 3169 4215; x_wconf 91' lang='lat' dir='ltr'>in</span> <span class='ocrx_word' id='word_1_554' title='bbox 3218 4178 3318 4216; x_wconf 87' lang='lat' dir='ltr'>eas</span> <span class='ocrx_word' id='word_1_555' title='bbox 3341 4178 3403 4215; x_wconf 90' lang='lat' dir='ltr'>se</span> <span class='ocrx_word' id='word_1_556' title='bbox 3433 4161 3718 4217; x_wconf 88' lang='lat' dir='ltr'>adduxis-</span> 
     </span>
    </p>
   </div>
   <div class='ocr_carea' id='block_1_88' title="bbox 2068 4250 3719 4322">
    <p class='ocr_par' dir='ltr' id='par_1_88' title="bbox 2068 4250 3719 4322">
     <span class='ocr_line' id='line_1_88' title="bbox 2068 4250 3719 4322; baseline 0.001 -19"><span class='ocrx_word' id='word_1_557' title='bbox 2068 4254 2202 4303; x_wconf 92' lang='lat' dir='ltr'>sent</span> <span class='ocrx_word' id='word_1_558' title='bbox 2231 4250 2628 4319; x_wconf 74' lang='lat' dir='ltr'>angustias,ut</span> <span class='ocrx_word' id='word_1_559' title='bbox 2657 4250 2758 4320; x_wconf 91' lang='lat' dir='ltr'>qui</span> <span class='ocrx_word' id='word_1_560' title='bbox 2791 4251 3073 4304; x_wconf 65' lang='lat' dir='ltr'>Romanae</span> <span class='ocrx_word' id='word_1_561' title='bbox 3105 4256 3422 4304; x_wconf 74' lang='lat' dir='ltr'>armaturae</span> <span class='ocrx_word' id='word_1_562' title='bbox 3444 4250 3719 4322; x_wconf 74' lang='lat' dir='ltr'>praafuis-</span> 
     </span>
    </p>
   </div>
   <div class='ocr_carea' id='block_1_89' title="bbox 2069 4337 3716 4411">
    <p class='ocr_par' dir='ltr' id='par_1_89' title="bbox 2069 4337 3716 4411">
     <span class='ocr_line' id='line_1_89' title="bbox 2069 4337 3716 4411; baseline -0.001 -18"><span class='ocrx_word' id='word_1_563' title='bbox 2069 4343 2179 4406; x_wconf 89' lang='lat' dir='ltr'>set,</span> <span class='ocrx_word' id='word_1_564' title='bbox 2225 4339 2275 4392; x_wconf 89' lang='lat' dir='ltr'>is</span> <span class='ocrx_word' id='word_1_565' title='bbox 2323 4337 2600 4411; x_wconf 87' lang='lat' dir='ltr'>fugitivus</span> <span class='ocrx_word' id='word_1_566' title='bbox 2658 4354 2818 4393; x_wconf 90' lang='lat' dir='ltr'>nunc</span> <span class='ocrx_word' id='word_1_567' title='bbox 2860 4339 3329 4410; x_wconf 88' lang='lat' dir='ltr'>conspiceretur.</span> <span class='ocrx_word' id='word_1_568' title='bbox 3375 4339 3501 4407; x_wconf 84' lang='lat' dir='ltr'>Hic,</span> <span class='ocrx_word' id='word_1_569' title='bbox 3556 4339 3716 4411; x_wconf 87' lang='lat' dir='ltr'>ejus-</span> 
     </span>
    </p>
   </div>
   <div class='ocr_carea' id='block_1_90' title="bbox 1512 4497 2511 4557">
    <p class='ocr_par' dir='ltr' id='par_1_90' title="bbox 1512 4497 2511 4557">
     <span class='ocr_line' id='line_1_90' title="bbox 1512 4497 2511 4557; baseline 0.005 -5"><span class='ocrx_word' id='word_1_570' title='bbox 1512 4497 1574 4552; x_wconf 86' lang='lat' dir='ltr'>C.</span> <span class='ocrx_word' id='word_1_571' title='bbox 1618 4499 1679 4553; x_wconf 90' lang='grc' dir='ltr'>Β.</span> <span class='ocrx_word' id='word_1_572' title='bbox 1723 4499 1911 4554; x_wconf 75' lang='lat' dir='ltr'>HASII</span> <span class='ocrx_word' id='word_1_573' title='bbox 1950 4500 2511 4557; x_wconf 82' lang='lat' dir='ltr'>ANNOTATIONES.</span> 
     </span>
    </p>
   </div>
   <div class='ocr_carea' id='block_1_91' title="bbox 365 4637 1951 4716">
    <p class='ocr_par' dir='ltr' id='par_1_91' title="bbox 365 4637 1951 4716">
     <span class='ocr_line' id='line_1_91' title="bbox 365 4637 1951 4716; baseline 0 -20"><span class='ocrx_word' id='word_1_574' title='bbox 365 4644 408 4677; x_wconf 80' lang='grc'>⁸¹</span> <span class='ocrx_word' id='word_1_575' title='bbox 439 4641 633 4716; x_wconf 38' lang='grc' dir='ltr'>ὀπῷ-ν.</span> <span class='ocrx_word' id='word_1_576' title='bbox 672 4643 798 4698; x_wconf 86' lang='lat' dir='ltr'>Vid.</span> <span class='ocrx_word' id='word_1_577' title='bbox 833 4658 1015 4716; x_wconf 87' lang='lat' dir='ltr'>supra</span> <span class='ocrx_word' id='word_1_578' title='bbox 1046 4641 1234 4716; x_wconf 15' lang='lat' dir='ltr'>i3.»D.</span> <span class='ocrx_word' id='word_1_579' title='bbox 1266 4640 1316 4675; x_wconf 62' lang='lat'>5’</span> <span class='ocrx_word' id='word_1_580' title='bbox 1336 4637 1672 4716; x_wconf 62' lang='grc' dir='ltr'>Ἀγχίαλον.</span> <span class='ocrx_word' id='word_1_581' title='bbox 1709 4641 1951 4716; x_wconf 69' lang='lat' dir='ltr'>Cedreni</span> 
     </span>
    </p>
   </div>
   <div class='ocr_carea' id='block_1_92' title="bbox 2063 4637 3722 4716">
    <p class='ocr_par' dir='ltr' id='par_1_92' title="bbox 2067 4640 3722 4716">
     <span class='ocr_line' id='line_1_92' title="bbox 2067 4640 3722 4716; baseline 0.003 -19"><span class='ocrx_word' id='word_1_582' title='bbox 2067 4644 2108 4700; x_wconf 91' lang='grc' dir='ltr'>Ι.</span> <span class='ocrx_word' id='word_1_583' title='bbox 2133 4642 2182 4677; x_wconf 74' lang='grc'>⁵³</span> <span class='ocrx_word' id='word_1_584' title='bbox 2211 4640 2392 4696; x_wconf 81' lang='grc' dir='ltr'>Ἀλλᾶ</span> <span class='ocrx_word' id='word_1_585' title='bbox 2424 4675 2488 4685; x_wconf 83' lang='lat'>~—</span> <span class='ocrx_word' id='word_1_586' title='bbox 2521 4647 2691 4714; x_wconf 83' lang='grc' dir='ltr'>Φωκᾷ</span> <span class='ocrx_word' id='word_1_587' title='bbox 2721 4640 2798 4700; x_wconf 76' lang='grc' dir='ltr'>δέ.</span> <span class='ocrx_word' id='word_1_588' title='bbox 2865 4645 2958 4700; x_wconf 90' lang='lat' dir='ltr'>Sic</span> <span class='ocrx_word' id='word_1_589' title='bbox 3007 4644 3348 4716; x_wconf 43' lang='lat' dir='ltr'>emendavi,</span> <span class='ocrx_word' id='word_1_590' title='bbox 3404 4645 3467 4700; x_wconf 89' lang='lat' dir='ltr'>In</span> <span class='ocrx_word' id='word_1_591' title='bbox 3508 4645 3722 4716; x_wconf 78' lang='lat' dir='ltr'>Codice</span> 
     </span>
    </p>
   </div>
   <div class='ocr_carea' id='block_1_93' title="bbox 288 4711 1951 4786">
    <p class='ocr_par' dir='ltr' id='par_1_93' title="bbox 288 4711 1951 4786">
     <span class='ocr_line' id='line_1_93' title="bbox 288 4711 1951 4786; baseline -0.001 -17"><span class='ocrx_word' id='word_1_592' title='bbox 288 4721 388 4769; x_wconf 85' lang='lat' dir='ltr'>est</span> <span class='ocrx_word' id='word_1_593' title='bbox 422 4731 434 4768; x_wconf 91' lang='lat'>:</span> <span class='ocrx_word' id='word_1_594' title='bbox 465 4711 651 4786; x_wconf 77' lang='grc' dir='ltr'>’ᾼλλά</span> <span class='ocrx_word' id='word_1_595' title='bbox 679 4718 847 4768; x_wconf 79' lang='grc' dir='ltr'>ταῦτα</span> <span class='ocrx_word' id='word_1_596' title='bbox 883 4711 1002 4786; x_wconf 69' lang='grc' dir='ltr'>μέν.</span> <span class='ocrx_word' id='word_1_597' title='bbox 1034 4714 1163 4782; x_wconf 87' lang='lat' dir='ltr'>(sic)</span> <span class='ocrx_word' id='word_1_598' title='bbox 1191 4715 1360 4786; x_wconf 76' lang='grc' dir='ltr'>Φωκᾷ</span> <span class='ocrx_word' id='word_1_599' title='bbox 1387 4711 1707 4786; x_wconf 60' lang='grc' dir='ltr'>τηνικαὺτα,</span> <span class='ocrx_word' id='word_1_600' title='bbox 1735 4732 1787 4766; x_wconf 90' lang='grc' dir='ltr'>κ.</span> <span class='ocrx_word' id='word_1_601' title='bbox 1813 4733 1862 4766; x_wconf 91' lang='grc' dir='ltr'>τ.</span> <span class='ocrx_word' id='word_1_602' title='bbox 1926 4711 1951 4767; x_wconf 84' lang='grc' dir='ltr'>λ</span> 
     </span>
    </p>
   </div>
   <div class='ocr_carea' id='block_1_94' title="bbox 2063 4711 2500 4786">
    <p class='ocr_par' dir='ltr' id='par_1_94' title="bbox 2063 4717 2500 4772">
     <span class='ocr_line' id='line_1_94' title="bbox 2063 4717 2500 4772; baseline 0.002 -2"><span class='ocrx_word' id='word_1_603' title='bbox 2063 4717 2240 4771; x_wconf 72' lang='grc' dir='ltr'>³οεείε</span> <span class='ocrx_word' id='word_1_604' title='bbox 2300 4722 2500 4772; x_wconf 89' lang='lat' dir='ltr'>tamen</span> 
     </span>
    </p>
   </div>
   <div class='ocr_carea' id='block_1_95' title="bbox 2559 4713 3724 4790">
    <p class='ocr_par' dir='ltr' id='par_1_95' title="bbox 2559 4713 3724 4790">
     <span class='ocr_line' id='line_1_95' title="bbox 2559 4713 3724 4790; baseline 0.001 -19"><span class='ocrx_word' id='word_1_605' title='bbox 2559 4734 2796 4790; x_wconf 88' lang='lat' dir='ltr'>quoque</span> <span class='ocrx_word' id='word_1_606' title='bbox 2883 4718 3168 4785; x_wconf 87' lang='lat' dir='ltr'>scribere,</span> <span class='ocrx_word' id='word_1_607' title='bbox 3229 4713 3409 4770; x_wconf 79' lang='grc' dir='ltr'>Ἀλλὰ</span> <span class='ocrx_word' id='word_1_608' title='bbox 3463 4713 3588 4772; x_wconf 87' lang='grc' dir='ltr'>τότε</span> <span class='ocrx_word' id='word_1_609' title='bbox 3622 4717 3724 4790; x_wconf 75' lang='grc' dir='ltr'>μὲν</span> 
     </span>
    </p>
   </div>
   <div class='ocr_carea' id='block_1_96' title="bbox 292 4779 1951 4859">
    <p class='ocr_par' dir='ltr' id='par_1_96' title="bbox 292 4779 1945 4859">
     <span class='ocr_line' id='line_1_96' title="bbox 292 4779 1945 4859; baseline -0.001 -20"><span class='ocrx_word' id='word_1_610' title='bbox 292 4789 471 4845; x_wconf 83' lang='grc' dir='ltr'>Φωκᾶ</span> <span class='ocrx_word' id='word_1_611' title='bbox 499 4784 585 4841; x_wconf 61' lang='lat' dir='ltr'>in.</span> <span class='ocrx_word' id='word_1_612' title='bbox 625 4787 750 4842; x_wconf 88' lang='lat' dir='ltr'>Vid.</span> <span class='ocrx_word' id='word_1_613' title='bbox 785 4779 942 4842; x_wconf 71' lang='lat' dir='ltr'>infra</span> <span class='ocrx_word' id='word_1_614' title='bbox 963 4779 1068 4840; x_wconf 81' lang='lat'>320</span> <span class='ocrx_word' id='word_1_615' title='bbox 1099 4779 1281 4840; x_wconf 79' lang='lat' dir='ltr'>recto.</span> <span class='ocrx_word' id='word_1_616' title='bbox 1309 4779 1358 4818; x_wconf 61' lang='grc'>⁵⁸</span> <span class='ocrx_word' id='word_1_617' title='bbox 1389 4779 1472 4837; x_wconf 73' lang='grc' dir='ltr'>δεῖ</span> <span class='ocrx_word' id='word_1_618' title='bbox 1501 4785 1632 4840; x_wconf 86' lang='lat' dir='ltr'>cod.</span> <span class='ocrx_word' id='word_1_619' title='bbox 1666 4783 1945 4859; x_wconf 80' lang='grc' dir='ltr'>⁵⁵προστιθ</span> 
     </span>
    </p>
   </div>
   <div class='ocr_carea' id='block_1_97' title="bbox 2063 4779 2692 4859">
    <p class='ocr_par' dir='ltr' id='par_1_97' title="bbox 2073 4779 2692 4859">
     <span class='ocr_line' id='line_1_97' title="bbox 2073 4779 2692 4859; baseline 0.003 -18"><span class='ocrx_word' id='word_1_620' title='bbox 2073 4829 2085 4842; x_wconf 94' lang='grc'>.</span> <span class='ocrx_word' id='word_1_621' title='bbox 2120 4787 2258 4859; x_wconf 76' lang='grc' dir='ltr'>πρὸς</span> <span class='ocrx_word' id='word_1_622' title='bbox 2289 4788 2350 4841; x_wconf 84' lang='grc' dir='ltr'>τὸ</span> <span class='ocrx_word' id='word_1_623' title='bbox 2381 4789 2528 4842; x_wconf 82' lang='grc' dir='ltr'>θέναι</span> <span class='ocrx_word' id='word_1_624' title='bbox 2562 4779 2692 4844; x_wconf 69' lang='grc' dir='ltr'>ἀθά.</span> 
     </span>
    </p>
   </div>
   <div class='ocr_carea' id='block_1_98' title="bbox 364 4918 1951 4996">
    <p class='ocr_par' dir='ltr' id='par_1_98' title="bbox 364 4918 1949 4996">
     <span class='ocr_line' id='line_1_98' title="bbox 364 4918 1949 4996; baseline -0.001 -20"><span class='ocrx_word' id='word_1_625' title='bbox 364 4923 624 4996; x_wconf 74' lang='lat' dir='ltr'>(62)_Jam</span> <span class='ocrx_word' id='word_1_626' title='bbox 657 4923 718 4977; x_wconf 91' lang='lat' dir='ltr'>in</span> <span class='ocrx_word' id='word_1_627' title='bbox 740 4939 844 4976; x_wconf 89' lang='lat' dir='ltr'>ora</span> <span class='ocrx_word' id='word_1_628' title='bbox 871 4921 1206 4996; x_wconf 81' lang='lat' dir='ltr'>suspicatus</span> <span class='ocrx_word' id='word_1_629' title='bbox 1220 4937 1352 4996; x_wconf 78' lang='lat' dir='ltr'>sum</span> <span class='ocrx_word' id='word_1_630' title='bbox 1371 4919 1760 4996; x_wconf 81' lang='lat' dir='ltr'>scribendum</span> <span class='ocrx_word' id='word_1_631' title='bbox 1770 4918 1949 4977; x_wconf 76' lang='grc' dir='ltr'>Ἀλλὰ</span> 
     </span>
    </p>
   </div>
   <div class='ocr_carea' id='block_1_99' title="bbox 2063 4918 3716 4996">
    <p class='ocr_par' dir='ltr' id='par_1_99' title="bbox 2063 4923 3716 4996">
     <span class='ocr_line' id='line_1_99' title="bbox 2063 4923 3716 4996; baseline -0.001 -19"><span class='ocrx_word' id='word_1_632' title='bbox 2063 4923 2283 4994; x_wconf 81' lang='lat' dir='ltr'>phrast.</span> <span class='ocrx_word' id='word_1_633' title='bbox 2323 4925 2450 4980; x_wconf 88' lang='lat' dir='ltr'>Vita</span> <span class='ocrx_word' id='word_1_634' title='bbox 2480 4925 2532 4979; x_wconf 90' lang='lat' dir='ltr'>S.</span> <span class='ocrx_word' id='word_1_635' title='bbox 2577 4926 2822 4980; x_wconf 79' lang='lat' dir='ltr'>Joannis</span> <span class='ocrx_word' id='word_1_636' title='bbox 2879 4927 2968 4979; x_wconf 76' lang='grc'>4-2.</span> <span class='ocrx_word' id='word_1_637' title='bbox 3031 4926 3092 4978; x_wconf 90' lang='grc' dir='ltr'>Β.</span> <span class='ocrx_word' id='word_1_638' title='bbox 3153 4923 3356 4994; x_wconf 75' lang='grc' dir='ltr'>πλήθει</span> <span class='ocrx_word' id='word_1_639' title='bbox 3405 4943 3716 4996; x_wconf 84' lang='grc' dir='ltr'>περιεστοι-</span> 
     </span>
    </p>
   </div>
   <div class='ocr_carea' id='block_1_100' title="bbox 281 4990 1946 5064">
    <p class='ocr_par' dir='ltr' id='par_1_100' title="bbox 281 4990 1946 5064">
     <span class='ocr_line' id='line_1_100' title="bbox 281 4990 1946 5064; baseline 0.002 -18"><span class='ocrx_word' id='word_1_640' title='bbox 281 4992 416 5046; x_wconf 81' lang='grc' dir='ltr'>τότε</span> <span class='ocrx_word' id='word_1_641' title='bbox 449 4993 542 5064; x_wconf 79' lang='grc' dir='ltr'>μὲν</span> <span class='ocrx_word' id='word_1_642' title='bbox 575 4997 763 5063; x_wconf 82' lang='grc' dir='ltr'>Φωκᾷ·</span> <span class='ocrx_word' id='word_1_643' title='bbox 798 5001 888 5049; x_wconf 88' lang='lat' dir='ltr'>est</span> <span class='ocrx_word' id='word_1_644' title='bbox 918 4990 1074 5047; x_wconf 77' lang='lat' dir='ltr'>enim</span> <span class='ocrx_word' id='word_1_645' title='bbox 1125 4993 1183 5048; x_wconf 89' lang='lat' dir='ltr'>id</span> <span class='ocrx_word' id='word_1_646' title='bbox 1229 4990 1351 5064; x_wconf 72' lang='grc' dir='ltr'>τότε</span> <span class='ocrx_word' id='word_1_647' title='bbox 1402 4993 1644 5049; x_wconf 89' lang='lat' dir='ltr'>verbum</span> <span class='ocrx_word' id='word_1_648' title='bbox 1679 4994 1946 5050; x_wconf 89' lang='lat' dir='ltr'>solemne</span> 
     </span>
    </p>
   </div>
   <div class='ocr_carea' id='block_1_101' title="bbox 289 5063 1944 5135">
    <p class='ocr_par' dir='ltr' id='par_1_101' title="bbox 289 5063 1944 5135">
     <span class='ocr_line' id='line_1_101' title="bbox 289 5063 1944 5135; baseline 0 -14"><span class='ocrx_word' id='word_1_649' title='bbox 289 5067 497 5130; x_wconf 86' lang='lat' dir='ltr'>Leoni,</span> <span class='ocrx_word' id='word_1_650' title='bbox 530 5083 564 5122; x_wconf 92' lang='lat' dir='ltr'>a</span> <span class='ocrx_word' id='word_1_651' title='bbox 595 5066 962 5135; x_wconf 85' lang='lat' dir='ltr'>digressione</span> <span class='ocrx_word' id='word_1_652' title='bbox 995 5064 1069 5120; x_wconf 91' lang='lat' dir='ltr'>ad</span> <span class='ocrx_word' id='word_1_653' title='bbox 1093 5081 1218 5120; x_wconf 90' lang='lat' dir='ltr'>rem</span> <span class='ocrx_word' id='word_1_654' title='bbox 1238 5063 1944 5135; x_wconf 25' lang='lat' dir='ltr'>redeunti.Quem,usum,</span> 
     </span>
    </p>
   </div>
   <div class='ocr_carea' id='block_1_102' title="bbox 287 5132 1948 5210">
    <p class='ocr_par' dir='ltr' id='par_1_102' title="bbox 287 5132 1948 5210">
     <span class='ocr_line' id='line_1_102' title="bbox 287 5132 1948 5210; baseline -0.002 -18"><span class='ocrx_word' id='word_1_655' title='bbox 287 5145 360 5192; x_wconf 88' lang='lat' dir='ltr'>ut</span> <span class='ocrx_word' id='word_1_656' title='bbox 387 5137 595 5210; x_wconf 87' lang='lat' dir='ltr'>multa,</span> <span class='ocrx_word' id='word_1_657' title='bbox 627 5132 700 5210; x_wconf 76' lang='lat' dir='ltr'>ab</span> <span class='ocrx_word' id='word_1_658' title='bbox 727 5138 975 5210; x_wconf 78' lang='lat' dir='ltr'>Agathia</span> <span class='ocrx_word' id='word_1_659' title='bbox 1004 5143 1307 5210; x_wconf 78' lang='lat' dir='ltr'>mutuatus</span> <span class='ocrx_word' id='word_1_660' title='bbox 1340 5138 1641 5210; x_wconf 25' lang='lat' dir='ltr'>est__52.AA‘.</span> <span class='ocrx_word' id='word_1_661' title='bbox 1663 5132 1818 5210; x_wconf 71' lang='grc' dir='ltr'>Ἀλλ’</span> <span class='ocrx_word' id='word_1_662' title='bbox 1851 5132 1948 5210; x_wconf 63' lang='grc' dir='ltr'>οὗὶ</span> 
     </span>
    </p>
   </div>
   <div class='ocr_carea' id='block_1_103' title="bbox 285 5205 1945 5282">
    <p class='ocr_par' dir='ltr' id='par_1_103' title="bbox 285 5205 1945 5282">
     <span class='ocr_line' id='line_1_103' title="bbox 285 5205 1945 5282; baseline 0 -20"><span class='ocrx_word' id='word_1_663' title='bbox 285 5229 387 5269; x_wconf 85' lang='grc' dir='ltr'>τος</span> <span class='ocrx_word' id='word_1_664' title='bbox 415 5209 510 5281; x_wconf 78' lang='grc' dir='ltr'>μέν</span> <span class='ocrx_word' id='word_1_665' title='bbox 548 5205 609 5251; x_wconf 54' lang='grc'>-4</span> <span class='ocrx_word' id='word_1_666' title='bbox 641 5205 878 5262; x_wconf 49' lang='grc' dir='ltr'>τότε-δὲ</span> <span class='ocrx_word' id='word_1_667' title='bbox 933 5207 1022 5261; x_wconf 78' lang='grc' dir='ltr'>καὶ</span> <span class='ocrx_word' id='word_1_668' title='bbox 1075 5205 1126 5260; x_wconf 78' lang='grc' dir='ltr'>ἐν</span> <span class='ocrx_word' id='word_1_669' title='bbox 1155 5209 1222 5279; x_wconf 78' lang='grc' dir='ltr'>τῇ</span> <span class='ocrx_word' id='word_1_670' title='bbox 1268 5205 1945 5282; x_wconf 19' lang='grc' dir='ltr'>,μεγάλῃςΑλεξανδριίφ</span> 
     </span>
    </p>
   </div>
   <div class='ocr_carea' id='block_1_104' title="bbox 289 5280 1590 5337">
    <p class='ocr_par' dir='ltr' id='par_1_104' title="bbox 289 5280 1590 5337">
     <span class='ocr_line' id='line_1_104' title="bbox 289 5280 1590 5337; baseline -0.003 -1"><span class='ocrx_word' id='word_1_671' title='bbox 289 5280 441 5336; x_wconf 83' lang='lat' dir='ltr'>item</span> <span class='ocrx_word' id='word_1_672' title='bbox 472 5283 559 5336; x_wconf 83' lang='lat'>56.</span> <span class='ocrx_word' id='word_1_673' title='bbox 593 5283 652 5337; x_wconf 90' lang='grc' dir='ltr'>Β.</span> <span class='ocrx_word' id='word_1_674' title='bbox 688 5284 773 5335; x_wconf 79' lang='lat'>73.</span> <span class='ocrx_word' id='word_1_675' title='bbox 811 5283 870 5337; x_wconf 90' lang='grc' dir='ltr'>Β.</span> <span class='ocrx_word' id='word_1_676' title='bbox 906 5282 994 5336; x_wconf 91' lang='grc'>80.</span> <span class='ocrx_word' id='word_1_677' title='bbox 1034 5283 1092 5333; x_wconf 74' lang='grc' dir='ltr'>Η.</span> <span class='ocrx_word' id='word_1_678' title='bbox 1129 5283 1217 5334; x_wconf 83' lang='grc'>97.</span> <span class='ocrx_word' id='word_1_679' title='bbox 1265 5281 1328 5334; x_wconf 91' lang='lat' dir='ltr'>D.</span> <span class='ocrx_word' id='word_1_680' title='bbox 1366 5280 1466 5333; x_wconf 79' lang='grc'>145</span> <span class='ocrx_word' id='word_1_681' title='bbox 1525 5280 1590 5333; x_wconf 93' lang='lat' dir='ltr'>D.</span> 
     </span>
    </p>
   </div>
   <div class='ocr_carea' id='block_1_105' title="bbox 360 5350 1946 5424">
    <p class='ocr_par' dir='ltr' id='par_1_105' title="bbox 360 5350 1946 5424">
     <span class='ocr_line' id='line_1_105' title="bbox 360 5350 1946 5424; baseline 0 -17"><span class='ocrx_word' id='word_1_682' title='bbox 360 5355 470 5423; x_wconf 81' lang='lat'>(63)</span> <span class='ocrx_word' id='word_1_683' title='bbox 506 5354 598 5409; x_wconf 90' lang='lat' dir='ltr'>Sic</span> <span class='ocrx_word' id='word_1_684' title='bbox 630 5352 844 5415; x_wconf 83' lang='lat' dir='ltr'>Codex.</span> <span class='ocrx_word' id='word_1_685' title='bbox 877 5355 1049 5424; x_wconf 82' lang='lat' dir='ltr'>cujus</span> <span class='ocrx_word' id='word_1_686' title='bbox 1081 5351 1439 5424; x_wconf 81' lang='lat' dir='ltr'>scripturam</span> <span class='ocrx_word' id='word_1_687' title='bbox 1495 5350 1737 5405; x_wconf 85' lang='lat' dir='ltr'>servavi.</span> <span class='ocrx_word' id='word_1_688' title='bbox 1807 5352 1946 5424; x_wconf 86' lang='lat' dir='ltr'>Pro-</span> 
     </span>
    </p>
   </div>
   <div class='ocr_carea' id='block_1_106' title="bbox 289 5421 1947 5500">
    <p class='ocr_par' dir='ltr' id='par_1_106' title="bbox 289 5421 1947 5500">
     <span class='ocr_line' id='line_1_106' title="bbox 289 5421 1947 5500; baseline -0.001 -20"><span class='ocrx_word' id='word_1_689' title='bbox 289 5421 442 5480; x_wconf 80' lang='lat' dir='ltr'>clive</span> <span class='ocrx_word' id='word_1_690' title='bbox 462 5421 686 5500; x_wconf 85' lang='lat' dir='ltr'>fuisset</span> <span class='ocrx_word' id='word_1_691' title='bbox 734 5421 994 5500; x_wconf 65' lang='lat' dir='ltr'>scribere</span> <span class='ocrx_word' id='word_1_692' title='bbox 1034 5421 1536 5500; x_wconf 60' lang='grc' dir='ltr'>περιστοιχίτξαντω</span> <span class='ocrx_word' id='word_1_693' title='bbox 1576 5439 1715 5500; x_wconf 87' lang='lat' dir='ltr'>_quo</span> <span class='ocrx_word' id='word_1_694' title='bbox 1771 5423 1947 5500; x_wconf 78' lang='lat' dir='ltr'>verbo</span> 
     </span>
    </p>
   </div>
   <div class='ocr_carea' id='block_1_107' title="bbox 279 5493 1946 5575">
    <p class='ocr_par' dir='ltr' id='par_1_107' title="bbox 279 5493 1946 5575">
     <span class='ocr_line' id='line_1_107' title="bbox 279 5493 1946 5575; baseline 0.001 -27"><span class='ocrx_word' id='word_1_695' title='bbox 279 5497 689 5575; x_wconf 70' lang='grc' dir='ltr'>περιττοιχίζιυ</span> <span class='ocrx_word' id='word_1_696' title='bbox 723 5497 873 5575; x_wconf 75' lang='lat' dir='ltr'>nihil</span> <span class='ocrx_word' id='word_1_697' title='bbox 922 5493 1330 5575; x_wconf 67' lang='lat' dir='ltr'>frequentius&#39;</span> <span class='ocrx_word' id='word_1_698' title='bbox 1356 5493 1428 5548; x_wconf 89' lang='lat' dir='ltr'>de</span> <span class='ocrx_word' id='word_1_699' title='bbox 1457 5493 1946 5575; x_wconf 44' lang='grc' dir='ltr'>-ωξιὶξιιῐιᾴἰῳιθ</span> 
     </span>
    </p>
   </div>
   <div class='ocr_carea' id='block_1_108' title="bbox 277 5566 1944 5640">
    <p class='ocr_par' dir='ltr' id='par_1_108' title="bbox 277 5566 1944 5640">
     <span class='ocr_line' id='line_1_108' title="bbox 277 5566 1944 5640; baseline -0.002 -16"><span class='ocrx_word' id='word_1_700' title='bbox 277 5566 983 5640; x_wconf 74' lang='lat' dir='ltr'>aliquem&#39;cingentibus.</span> <span class='ocrx_word' id='word_1_701' title='bbox 1012 5567 1161 5640; x_wconf 87' lang='lat' dir='ltr'>_Vide</span> <span class='ocrx_word' id='word_1_702' title='bbox 1197 5583 1435 5640; x_wconf 79' lang='lat' dir='ltr'>quoque</span> <span class='ocrx_word' id='word_1_703' title='bbox 1456 5569 1508 5640; x_wconf 61' lang='lat'>:1.</span> <span class='ocrx_word' id='word_1_704' title='bbox 1537 5566 1600 5619; x_wconf 92' lang='lat' dir='ltr'><strong>D.</strong></span> <span class='ocrx_word' id='word_1_705' title='bbox 1633 5566 1944 5622; x_wconf 86' lang='lat' dir='ltr'>Nihilomi-</span> 
     </span>
    </p>
   </div>
   <div class='ocr_carea' id='block_1_109' title="bbox 277 5637 1946 5713">
    <p class='ocr_par' dir='ltr' id='par_1_109' title="bbox 277 5637 1946 5713">
     <span class='ocr_line' id='line_1_109' title="bbox 277 5637 1946 5713; baseline -0.004 -17"><span class='ocrx_word' id='word_1_706' title='bbox 277 5637 410 5696; x_wconf 51' lang='lat' dir='ltr'>nus&#39;</span> <span class='ocrx_word' id='word_1_707' title='bbox 432 5641 673 5713; x_wconf 85' lang='lat' dir='ltr'>verbum</span> <span class='ocrx_word' id='word_1_708' title='bbox 708 5637 1098 5713; x_wconf 63' lang='grc' dir='ltr'>περιποιχὲω,</span> <span class='ocrx_word' id='word_1_709' title='bbox 1132 5637 1291 5713; x_wconf 83' lang='lat' dir='ltr'>quod</span> <span class='ocrx_word' id='word_1_710' title='bbox 1325 5638 1420 5692; x_wconf 90' lang='lat' dir='ltr'>hic</span> <span class='ocrx_word' id='word_1_711' title='bbox 1455 5637 1567 5713; x_wconf 65' lang='lat' dir='ltr'>Leo</span> <span class='ocrx_word' id='word_1_712' title='bbox 1621 5640 1946 5713; x_wconf 84' lang='lat' dir='ltr'>usurpavit,</span> 
     </span>
    </p>
   </div>
   <div class='ocr_carea' id='block_1_110' title="bbox 270 5708 1944 5784">
    <p class='ocr_par' dir='ltr' id='par_1_110' title="bbox 270 5708 1944 5784">
     <span class='ocr_line' id='line_1_110' title="bbox 270 5708 1944 5784; baseline -0.002 -16"><span class='ocrx_word' id='word_1_713' title='bbox 270 5713 561 5768; x_wconf 81' lang='lat' dir='ltr'>exsulans</span> <span class='ocrx_word' id='word_1_714' title='bbox 590 5708 1001 5784; x_wconf 78' lang='lat' dir='ltr'>illudquidem</span> <span class='ocrx_word' id='word_1_715' title='bbox 1032 5708 1304 5784; x_wconf 77' lang='lat' dir='ltr'>eLexicis</span> <span class='ocrx_word' id='word_1_716' title='bbox 1325 5708 1944 5784; x_wconf 70' lang='lat' dir='ltr'>omninoquerarissi-</span> 
     </span>
    </p>
   </div>
   <div class='ocr_carea' id='block_1_111' title="bbox 270 5780 1947 5856">
    <p class='ocr_par' dir='ltr' id='par_1_111' title="bbox 270 5780 1947 5856">
     <span class='ocr_line' id='line_1_111' title="bbox 270 5780 1947 5856; baseline -0.002 -13"><span class='ocrx_word' id='word_1_717' title='bbox 270 5800 471 5856; x_wconf 86' lang='lat' dir='ltr'>mum,</span> <span class='ocrx_word' id='word_1_718' title='bbox 499 5782 720 5843; x_wconf 77' lang='lat' dir='ltr'>offendi</span> <span class='ocrx_word' id='word_1_719' title='bbox 751 5780 882 5841; x_wconf 78' lang='lat' dir='ltr'>bis:</span> <span class='ocrx_word' id='word_1_720' title='bbox 926 5781 1188 5856; x_wconf 82' lang='lat' dir='ltr'>perfecto</span> <span class='ocrx_word' id='word_1_721' title='bbox 1252 5780 1408 5853; x_wconf 82' lang='lat' dir='ltr'>apud</span> <span class='ocrx_word' id='word_1_722' title='bbox 1465 5780 1727 5839; x_wconf 89' lang='lat' dir='ltr'>Simeon.</span> <span class='ocrx_word' id='word_1_723' title='bbox 1764 5783 1947 5840; x_wconf 79' lang='lat' dir='ltr'>Meta-</span> 
     </span>
    </p>
   </div>
   <div class='ocr_carea' id='block_1_112' title="bbox 2059 4997 3716 5069">
    <p class='ocr_par' dir='ltr' id='par_1_112' title="bbox 2059 4997 3716 5069">
     <span class='ocr_line' id='line_1_112' title="bbox 2059 4997 3716 5069; baseline 0.003 -24"><span class='ocrx_word' id='word_1_724' title='bbox 2059 4999 2501 5069; x_wconf 33' lang='lat' dir='ltr'>XﬁGQItXPEajV“</span> <span class='ocrx_word' id='word_1_725' title='bbox 2538 4998 2758 5052; x_wconf 91' lang='lat' dir='ltr'>aoristo</span> <span class='ocrx_word' id='word_1_726' title='bbox 2791 4997 2852 5051; x_wconf 90' lang='lat' dir='ltr'>in</span> <span class='ocrx_word' id='word_1_727' title='bbox 2893 4997 2947 5050; x_wconf 92' lang='lat' dir='ltr'>S.</span> <span class='ocrx_word' id='word_1_728' title='bbox 3006 4998 3224 5052; x_wconf 82' lang='lat' dir='ltr'>Joann.</span> <span class='ocrx_word' id='word_1_729' title='bbox 3283 4998 3716 5069; x_wconf 9' lang='lat' dir='ltr'>Chrysost.7Ex-</span> 
     </span>
    </p>
   </div>
   <div class='ocr_carea' id='block_1_113' title="bbox 2062 5067 3718 5158">
    <p class='ocr_par' dir='ltr' id='par_1_113' title="bbox 2062 5067 3718 5158">
     <span class='ocr_line' id='line_1_113' title="bbox 2062 5067 3718 5158; baseline -0.002 -36"><span class='ocrx_word' id='word_1_730' title='bbox 2062 5067 2580 5158; x_wconf 22' lang='lat' dir='ltr'>posituinysalm.</span> <span class='ocrx_word' id='word_1_731' title='bbox 2611 5085 2882 5158; x_wconf 47' lang='lat' dir='ltr'>cxxxvm.‘</span> <span class='ocrx_word' id='word_1_732' title='bbox 2902 5070 2941 5124; x_wconf 91' lang='lat' dir='ltr'>l.</span> <span class='ocrx_word' id='word_1_733' title='bbox 2969 5071 3092 5150; x_wconf 56' lang='lat'>844:</span> <span class='ocrx_word' id='word_1_734' title='bbox 3131 5072 3216 5158; x_wconf 60' lang='lat' dir='ltr'>l2.</span> <span class='ocrx_word' id='word_1_735' title='bbox 3251 5067 3718 5158; x_wconf 56' lang='grc' dir='ltr'>περιεσξοιχήθην</span> 
     </span>
    </p>
   </div>
   <div class='ocr_carea' id='block_1_114' title="bbox 2065 5135 3718 5212">
    <p class='ocr_par' dir='ltr' id='par_1_114' title="bbox 2065 5135 3718 5212">
     <span class='ocr_line' id='line_1_114' title="bbox 2065 5135 3718 5212; baseline 0.001 -21"><span class='ocrx_word' id='word_1_736' title='bbox 2065 5135 2170 5191; x_wconf 78' lang='grc' dir='ltr'>ὑπὸ</span> <span class='ocrx_word' id='word_1_737' title='bbox 2200 5141 2309 5191; x_wconf 82' lang='grc' dir='ltr'>τῶν</span> <span class='ocrx_word' id='word_1_738' title='bbox 2343 5135 2554 5192; x_wconf 81' lang='grc' dir='ltr'>δεινῶν·</span> <span class='ocrx_word' id='word_1_739' title='bbox 2593 5145 2958 5212; x_wconf 90' lang='lat' dir='ltr'>quapropter</span> <span class='ocrx_word' id='word_1_740' title='bbox 2979 5135 3334 5212; x_wconf 86' lang='lat' dir='ltr'>scripturam</span> <span class='ocrx_word' id='word_1_741' title='bbox 3354 5135 3584 5212; x_wconf 70' lang='lat' dir='ltr'>Codicis</span> <span class='ocrx_word' id='word_1_742' title='bbox 3604 5139 3718 5192; x_wconf 87' lang='lat' dir='ltr'>im-</span> 
     </span>
    </p>
   </div>
   <div class='ocr_carea' id='block_1_115' title="bbox 2061 5207 3720 5292">
    <p class='ocr_par' dir='ltr' id='par_1_115' title="bbox 2061 5207 3720 5292">
     <span class='ocr_line' id='line_1_115' title="bbox 2061 5207 3720 5292; baseline -0.002 -27"><span class='ocrx_word' id='word_1_743' title='bbox 2061 5215 2291 5266; x_wconf 89' lang='lat' dir='ltr'>mutare</span> <span class='ocrx_word' id='word_1_744' title='bbox 2321 5228 2442 5266; x_wconf 93' lang='lat' dir='ltr'>non</span> <span class='ocrx_word' id='word_1_745' title='bbox 2469 5207 3209 5292; x_wconf 39' lang='lat' dir='ltr'>summususzliafor&#39;ma</span> <span class='ocrx_word' id='word_1_746' title='bbox 3238 5207 3720 5292; x_wconf 55' lang='grc' dir='ltr'>περιστοέχείομαι</span> 
     </span>
    </p>
   </div>
   <div class='ocr_carea' id='block_1_116' title="bbox 2059 5283 3718 5355">
    <p class='ocr_par' dir='ltr' id='par_1_116' title="bbox 2059 5283 3718 5355">
     <span class='ocr_line' id='line_1_116' title="bbox 2059 5283 3718 5355; baseline -0.001 -18"><span class='ocrx_word' id='word_1_747' title='bbox 2059 5289 2340 5354; x_wconf 86' lang='lat' dir='ltr'>corrupta</span> <span class='ocrx_word' id='word_1_748' title='bbox 2365 5283 2523 5354; x_wconf 90' lang='lat' dir='ltr'>apud</span> <span class='ocrx_word' id='word_1_749' title='bbox 2559 5285 2936 5355; x_wconf 88' lang='lat' dir='ltr'>Timotheum</span> <span class='ocrx_word' id='word_1_750' title='bbox 2992 5284 3073 5355; x_wconf 85' lang='lat' dir='ltr'>De</span> <span class='ocrx_word' id='word_1_751' title='bbox 3123 5284 3395 5355; x_wconf 88' lang='lat' dir='ltr'>prophet.</span> <span class='ocrx_word' id='word_1_752' title='bbox 3455 5283 3718 5355; x_wconf 81' lang='lat' dir='ltr'>Simeon.</span> 
     </span>
    </p>
   </div>
   <div class='ocr_carea' id='block_1_117' title="bbox 2059 5353 3718 5427">
    <p class='ocr_par' dir='ltr' id='par_1_117' title="bbox 2059 5353 3718 5427">
     <span class='ocr_line' id='line_1_117' title="bbox 2059 5353 3718 5427; baseline -0.003 -19"><span class='ocrx_word' id='word_1_753' title='bbox 2059 5353 2686 5426; x_wconf 25' lang='grc' dir='ltr'>845.Ε.τὴνίπαρθένον</span> <span class='ocrx_word' id='word_1_754' title='bbox 2721 5355 2931 5427; x_wconf 83' lang='grc' dir='ltr'>ἀπείρῳ</span> <span class='ocrx_word' id='word_1_755' title='bbox 2987 5353 3077 5408; x_wconf 90' lang='grc' dir='ltr'>καὶ</span> <span class='ocrx_word' id='word_1_756' title='bbox 3126 5353 3300 5422; x_wconf 67' lang='grc' dir='ltr'>θεῖ’κῷ</span> <span class='ocrx_word' id='word_1_757' title='bbox 3356 5353 3494 5427; x_wconf 80' lang='grc' dir='ltr'>φωτί</span> <span class='ocrx_word' id='word_1_758' title='bbox 3560 5371 3718 5427; x_wconf 40' lang='grc' dir='ltr'>περί-</span> 
     </span>
    </p>
   </div>
   <div class='ocr_carea' id='block_1_118' title="bbox 2059 5425 3712 5554">
    <p class='ocr_par' dir='ltr' id='par_1_118' title="bbox 2059 5425 3712 5554">
     <span class='ocr_line' id='line_1_118' title="bbox 2059 5425 3712 5501; baseline 0 -24"><span class='ocrx_word' id='word_1_759' title='bbox 2059 5425 2524 5498; x_wconf 78' lang='grc' dir='ltr'>στοιχειωθεῖσαν.</span> <span class='ocrx_word' id='word_1_760' title='bbox 2563 5425 3012 5501; x_wconf 81' lang='grc' dir='ltr'>Περιστιχίζομαι</span> <span class='ocrx_word' id='word_1_761' title='bbox 3049 5427 3353 5500; x_wconf 82' lang='lat' dir='ltr'>legebatur</span> <span class='ocrx_word' id='word_1_762' title='bbox 3384 5425 3525 5479; x_wconf 85' lang='lat' dir='ltr'>olim</span> <span class='ocrx_word' id='word_1_763' title='bbox 3551 5425 3712 5478; x_wconf 74' lang='lat' dir='ltr'>Aris-</span> 
     </span>
     <span class='ocr_line' id='line_1_119' title="bbox 2061 5492 3712 5554; baseline 0 -4"><span class='ocrx_word' id='word_1_764' title='bbox 2061 5503 2199 5552; x_wconf 73' lang='lat' dir='ltr'>taen.</span> <span class='ocrx_word' id='word_1_765' title='bbox 2249 5499 2430 5554; x_wconf 78' lang='lat' dir='ltr'>Epist.</span> <span class='ocrx_word' id='word_1_766' title='bbox 2494 5517 2565 5554; x_wconf 97' lang='grc' dir='ltr'>ιι.</span> <span class='ocrx_word' id='word_1_767' title='bbox 2630 5501 2697 5554; x_wconf 89' lang='grc'>58</span> <span class='ocrx_word' id='word_1_768' title='bbox 2759 5501 2815 5554; x_wconf 89' lang='grc' dir='ltr'>Β.</span> <span class='ocrx_word' id='word_1_769' title='bbox 2876 5497 3310 5554; x_wconf 78' lang='grc' dir='ltr'>περιεστιγίζετο</span> <span class='ocrx_word' id='word_1_770' title='bbox 3366 5492 3575 5554; x_wconf 81' lang='grc' dir='ltr'>κύκλω-</span> <span class='ocrx_word' id='word_1_771' title='bbox 3614 5496 3712 5550; x_wconf 89' lang='lat' dir='ltr'>ubi</span> 
     </span>
    </p>
   </div>
   <div class='ocr_carea' id='block_1_119' title="bbox 2088 5512 3713 5554">
    <p class='ocr_par' dir='ltr' id='par_1_119' title="bbox 2088 5512 3713 5554">
     <span class='ocr_line' id='line_1_120' title="bbox 2088 5512 3713 5554; baseline 0 -4"><span class='ocrx_word' id='word_1_772' title='bbox 2088 5514 2199 5552; x_wconf 73' lang='lat' dir='ltr'>aen.</span> <span class='ocrx_word' id='word_1_773' title='bbox 2249 5512 2430 5554; x_wconf 67' lang='lat' dir='ltr'>Emst.</span> <span class='ocrx_word' id='word_1_774' title='bbox 2494 5517 2565 5554; x_wconf 97' lang='grc' dir='ltr'>ιι.</span> <span class='ocrx_word' id='word_1_775' title='bbox 2630 5512 2697 5554; x_wconf 73' lang='grc'>58</span> <span class='ocrx_word' id='word_1_776' title='bbox 2759 5512 2815 5554; x_wconf 74' lang='grc' dir='ltr'>Β.</span> <span class='ocrx_word' id='word_1_777' title='bbox 2876 5512 3310 5554; x_wconf 69' lang='grc' dir='ltr'>περιεστιγιςετο</span> <span class='ocrx_word' id='word_1_778' title='bbox 3366 5512 3575 5554; x_wconf 69' lang='grc' dir='ltr'>κυκλω-</span> <span class='ocrx_word' id='word_1_779' title='bbox 3614 5512 3713 5550; x_wconf 80' lang='lat' dir='ltr'>um</span> 
     </span>
    </p>
   </div>
   <div class='ocr_carea' id='block_1_120' title="bbox 2062 5501 3716 5650">
    <p class='ocr_par' dir='ltr' id='par_1_120' title="bbox 2062 5501 3716 5650">
     <span class='ocr_line' id='line_1_121' title="bbox 2062 5501 3713 5581; baseline 0 -31"><span class='ocrx_word' id='word_1_780' title='bbox 2062 5503 2199 5552; x_wconf 74' lang='lat' dir='ltr'>tam.</span> <span class='ocrx_word' id='word_1_781' title='bbox 2222 5501 2430 5581; x_wconf 43' lang='lat' dir='ltr'>.Epist.</span> <span class='ocrx_word' id='word_1_782' title='bbox 2494 5517 2565 5554; x_wconf 97' lang='grc' dir='ltr'>ιι.</span> <span class='ocrx_word' id='word_1_783' title='bbox 2630 5501 2697 5554; x_wconf 89' lang='grc'>58</span> <span class='ocrx_word' id='word_1_784' title='bbox 2759 5501 2815 5554; x_wconf 88' lang='grc' dir='ltr'>Β.</span> <span class='ocrx_word' id='word_1_785' title='bbox 2876 5501 3310 5572; x_wconf 82' lang='grc' dir='ltr'>περιεστιχίζετο</span> <span class='ocrx_word' id='word_1_786' title='bbox 3366 5501 3575 5580; x_wconf 72' lang='grc' dir='ltr'>κύκλῳ·</span> <span class='ocrx_word' id='word_1_787' title='bbox 3614 5501 3713 5550; x_wconf 85' lang='lat' dir='ltr'>ubi</span> 
     </span>
     <span class='ocr_line' id='line_1_122' title="bbox 2062 5568 3716 5650; baseline -0.001 -28"><span class='ocrx_word' id='word_1_788' title='bbox 2062 5568 2384 5650; x_wconf 61' lang='lat' dir='ltr'>Dorvnllius</span> <span class='ocrx_word' id='word_1_789' title='bbox 2416 5575 2473 5624; x_wconf 90' lang='lat' dir='ltr'>et</span> <span class='ocrx_word' id='word_1_790' title='bbox 2507 5571 2789 5650; x_wconf 84' lang='lat' dir='ltr'>Abresch.</span> <span class='ocrx_word' id='word_1_791' title='bbox 2824 5575 2912 5625; x_wconf 81' lang='grc'>21.</span> <span class='ocrx_word' id='word_1_792' title='bbox 2948 5573 3014 5626; x_wconf 88' lang='grc' dir='ltr'>Α.</span> <span class='ocrx_word' id='word_1_793' title='bbox 3047 5574 3539 5650; x_wconf 62' lang='lat' dir='ltr'>rectecorngpnt</span> <span class='ocrx_word' id='word_1_794' title='bbox 3560 5585 3716 5650; x_wconf 84' lang='grc' dir='ltr'>περι-</span> 
     </span>
    </p>
   </div>
   <div class='ocr_carea' id='block_1_121' title="bbox 2059 5639 3716 5723">
    <p class='ocr_par' dir='ltr' id='par_1_121' title="bbox 2059 5639 3716 5723">
     <span class='ocr_line' id='line_1_123' title="bbox 2059 5639 3716 5723; baseline 0 0"><span class='ocrx_word' id='word_1_795' title='bbox 2059 5639 2423 5723; x_wconf 50' lang='lat' dir='ltr'>amemus;</span> <span class='ocrx_word' id='word_1_796' title='bbox 2465 5643 2756 5723; x_wconf 49' lang='lat' dir='ltr'>Probae“!</span> <span class='ocrx_word' id='word_1_797' title='bbox 2779 5658 3046 5723; x_wconf 63' lang='grc' dir='ltr'>ειυραῑιθ.</span> <span class='ocrx_word' id='word_1_798' title='bbox 3077 5639 3716 5723; x_wconf 51' lang='grc' dir='ltr'>ννγιιθιιὲυεξδιλέίιλίιῖρ</span> 
     </span>
    </p>
   </div>
   <div class='ocr_carea' id='block_1_122' title="bbox 2060 5661 3717 5787">
    <p class='ocr_par' dir='ltr' id='par_1_122' title="bbox 2060 5661 3717 5787">
     <span class='ocr_line' id='line_1_124' title="bbox 2060 5661 3716 5770; baseline 0.001 -79"><span class='ocrx_word' id='word_1_799' title='bbox 2060 5661 2423 5714; x_wconf 65' lang='grc' dir='ltr'>εστοιχιςετο.</span> <span class='ocrx_word' id='word_1_800' title='bbox 2465 5661 2756 5723; x_wconf 75' lang='grc' dir='ltr'>ΡΓΟΟᾶΠῐΘ</span> <span class='ocrx_word' id='word_1_801' title='bbox 2779 5661 3017 5770; x_wconf 49' lang='lat' dir='ltr'>(alioque</span> <span class='ocrx_word' id='word_1_802' title='bbox 3086 5661 3530 5721; x_wconf 54' lang='grc' dir='ltr'>γνγτιθηυειοωο</span> <span class='ocrx_word' id='word_1_803' title='bbox 3592 5661 3716 5694; x_wconf 75' lang='lat' dir='ltr'>VlI&#39;O</span> 
     </span>
     <span class='ocr_line' id='line_1_125' title="bbox 2060 5710 3717 5787; baseline 0.001 -20"><span class='ocrx_word' id='word_1_804' title='bbox 2060 5712 2348 5770; x_wconf 86' lang='lat' dir='ltr'>celeberr.</span> <span class='ocrx_word' id='word_1_805' title='bbox 2382 5716 2565 5787; x_wconf 77' lang='lat' dir='ltr'>Epist.</span> <span class='ocrx_word' id='word_1_806' title='bbox 2594 5719 2722 5772; x_wconf 86' lang='lat' dir='ltr'>crit.</span> <span class='ocrx_word' id='word_1_807' title='bbox 2750 5732 2782 5770; x_wconf 88' lang='lat' dir='ltr'>a</span> <span class='ocrx_word' id='word_1_808' title='bbox 2855 5713 3093 5772; x_wconf 78' lang='lat' dir='ltr'>Ruhnk.</span> <span class='ocrx_word' id='word_1_809' title='bbox 3121 5712 3262 5769; x_wconf 79' lang='lat' dir='ltr'>edit.</span> <span class='ocrx_word' id='word_1_810' title='bbox 3295 5710 3717 5769; x_wconf 68' lang='lat' dir='ltr'>Schaef.260.C.</span> 
     </span>
    </p>
   </div>
  </div>
