4118 6426
384 419 505 481 839

1766 409 2047 470 LEONIS
2091 411 2406 474 DIACONI

3682 419 3802 480 840

387 553 550 611 modi
581 566 752 604 voces
781 546 950 602 ﬂocci
1001 562 1122 600 non
1180 545 1428 604 faciens.
1471 541 1715 614 propius
1762 541 2033 608 accessit,

2151 539 2310 610 ξαντα
2341 549 2613 618 στρατιᾶς.
2649 545 2710 602 Ὀ
2740 542 2816 614 δὲ,
2870 543 3033 600 ὕθλον
3088 544 3386 615 τηνάλλως
3437 546 3565 610 τοὺς
3623 551 3801 604 τοιού.

385 645 563 699 ferire
596 655 840 696 conans.
874 639 1019 690 Tum
1064 635 1304 702 Bardas,
1336 639 1574 704 arrepta
1604 632 1832 688 casside
1857 648 2038 702 quam

390 746 738 803 suspensam
771 725 1033 800 gerebat,
1060 724 1254 779 subito
1286 740 1606 779 conversus
1637 723 1942 776 hominem
1977 720 2038 774 in

387 823 614 894 galeam
677 816 1007 889 percussit;
1041 815 1112 881 is,
1174 813 1471 885 perfracta
1529 811 1708 866 simul
1758 816 1816 865 et
1870 809 2039 882 galea

390 919 448 967 et
472 909 748 976 calvaria,
775 923 914 962 voce
945 905 1114 960 nulla
1145 905 1346 964 missa,
1378 904 1440 957 in
1481 909 1700 956 terram
1731 900 2034 955 defertur:

385 1003 610 1058 Phocas
641 1000 800 1053 hunc
832 997 893 1050 in
952 994 1193 1049 modum
1243 994 1304 1048 in
1343 991 1656 1048 castellum
1716 988 2036 1044 incolumis

383 1090 671 1164 pervenit.
742 1085 906 1152 Quod
980 1100 1114 1138 cum
1173 1081 1411 1147 Bardas,
1463 1081 1580 1136 dux
1628 1085 1686 1134 et
1736 1078 2034 1150 magister,

385 1180 649 1236 exercitu
698 1173 1211 1239 circumdedisset,
1242 1171 1430 1226 suasit
1459 1171 1688 1237 Phocea,
1721 1175 1787 1224 ut
1817 1168 1890 1224 ad
1921 1167 2035 1222 cle-

382 1271 671 1325 mentiam
705 1265 993 1337 principis
1037 1262 1401 1334 confugeret,
1453 1260 1646 1330 deque
1702 1258 2034 1312 munitione

383 1357 824 1430 quamprimum
847 1354 1054 1408 exiret.
1088 1353 1164 1415 Is,
1197 1349 1297 1404 ubi
1330 1355 1457 1404 erat
1501 1349 1574 1404 ad
1633 1363 1896 1403 summas
1927 1363 2034 1401 an-

384 1449 608 1521 gustias
681 1457 1075 1515 magnamque
1132 1455 1330 1494 rerum
1388 1439 1650 1510 inopiam
1735 1436 2033 1504 redactus,

385 1538 590 1594 multis
621 1534 857 1606 agitatis
915 1529 1345 1602 perpensisque
1395 1527 1729 1595 sententiis,
1782 1525 2034 1580 fortunae

383 1629 594 1684 cedere
627 1618 1424 1688 statuit,dominantibusque
1438 1617 1730 1688 subjicere
1750 1631 2037 1682 sese,mo-

385 1719 458 1774 do
484 1715 1066 1787 impunitatem,cum
1087 1725 1277 1774 suam,
1302 1713 1427 1762 tum
1450 1707 1767 1761 charorum
1793 1720 2035 1759 suorum

385 1808 753 1878 impetraret.
787 1803 873 1855 Ita
891 1799 1167 1871 evestigio
1192 1798 1308 1852 fide
1328 1796 1648 1868 postulata,
1685 1811 1759 1850 ne
1777 1794 1921 1865 quid
1943 1795 2037 1848 in-

389 1893 684 1953 commodi
707 1889 1242 1962 caperet,ubihanc
1264 1903 1298 1942 a
1327 1887 1527 1941 Sclero
1559 1889 1888 1955 acceperat,
1918 1899 2037 1938 una

390 2003 524 2043 cum
556 1997 739 2038 uxore
771 1997 838 2035 ac
867 1979 1073 2034 liberis
1105 1977 1177 2031 de
1227 1975 1472 2032 castello
1503 1974 1828 2030 descendit.
1861 1974 1916 2027 Is
1939 1988 2038 2026 eos

390 2080 662 2146 receptos
693 2070 847 2126 1‘26
905 2067 1238 2123 incolumes
1289 2071 1588 2120 asservat:
1624 2064 1696 2118 de
1730 2062 1916 2134 pactis
1964 2061 2040 2116 ad

389 2164 724 2238 principem
754 2159 969 2214 refert:
995 2156 1139 2228 quid
1179 2171 1328 2226 opus
1384 2154 1462 2208 sit
1506 2153 1660 2208 facto
1693 2153 2037 2223 interrogat.

388 2251 716 2322 Rescripsit
769 2249 1024 2302 Joannes
1081 2246 1426 2316 imperator,
1477 2241 1725 2298 Bardam
1758 2242 2037 2309 Phocam,

386 2343 671 2398 clericum
701 2337 926 2392 factum
957 2335 1571 2401 circumtonsumque,
1607 2346 1742 2385 cum
1787 2331 2038 2400 conjuge

385 2440 562 2503 atque
595 2427 802 2484 liberis
833 2427 895 2480 in
926 2424 1135 2478 Chium
1176 2421 1437 2476 insulam
1469 2420 1856 2476 amendaret:
1889 2419 2036 2490 ipse,

386 2518 658 2577 abductis
699 2514 908 2585 copiis,
954 2513 1014 2566 in
1073 2513 1364 2582 Europam
1423 2526 1529 2581 per
1588 2509 2038 2579 Hellespontum

390 2608 787 2679 transjiceret,
846 2603 906 2657 in
963 2601 1369 2670 hibernisque,
1429 2617 1558 2669 quas
1615 2615 1722 2670 per
1751 2598 1882 2652 loca
1937 2598 2040 2652 illa

391 2699 529 2761 sint,
565 2695 909 2749 hibernaret
943 2707 955 2743 :
991 2707 1128 2744 nam
1169 2689 1358 2758 primo
1391 2705 1524 2742 vere
1558 2688 1753 2759 ipsum
1780 2688 2040 2757 impera-

390 2793 579 2841 torem
614 2799 747 2838 cum
808 2778 1028 2835 scholis
1061 2778 1120 2832 in
1153 2777 1398 2848 Scythas
1455 2783 1795 2831 moturum:
1832 2792 2039 2830 eorum

387 2875 735 2929 eﬂ‘renatam
762 2867 1146 2924 insolentiam
1193 2865 1446 2921 tolerare
1478 2865 1702 2920 diutius
1759 2882 1820 2920 se
1853 2864 2035 2920 nolle.

457 3154 510 3205 9.
544 3148 778 3203 Etenim
812 3145 1061 3217 Scythae,
1125 3143 1196 3199 de
1229 3142 1433 3198 Bardaa
1479 3141 1648 3197 ducis
1707 3158 1777 3196 ex
1805 3143 2040 3213 Europa

392 3240 659 3295 discessu
681 3236 964 3290 certiores
994 3234 1156 3298 facti,
1189 3233 1289 3302 qui
1323 3231 1397 3286 ob
1450 3232 1766 3286 excitatam
1799 3231 1973 3286 modo
2005 3249 2040 3286 a

2148 652 2278 692 τους
2340 633 2542 710 λόγους
2592 634 2897 709 τιθέμενος,
2957 635 3352 711 πλησιέστερον
3395 632 3507 710 ᾔει,
3540 639 3798 708 πλήττειν

2149 723 2515 793 πειρώμενος.
2549 725 2610 779 Ὁ
2643 722 2698 779 δὲ
2753 724 2989 800 Βάρδας,
3040 728 3140 794 τὴν
3203 728 3652 802 παρῃωρημένην
3713 750 3802 783 κο-

2151 809 2317 882 ρύνην
2397 814 2940 888 μεταχειρισάμενος,
3003 815 3275 893 αἴφνίδιὸν
3334 837 3392 871 τε
3461 819 3800 897 συπραφεῖς,

2147 897 2282 951 κατά
2311 905 2411 967 τῆς
2443 900 2672 974 κόρυθος
2716 903 2860 956 παίει
2920 905 3011 958 τὸν
3074 902 3383 978 ἅνθρωπονθ
3446 906 3473 959 ὁ
3533 902 3610 977 δὲ,
3666 907 3797 980 αὐτῇ

2149 993 2284 1064 κυνῇ
2334 993 2615 1067 κατεαγεὶς
2662 993 2725 1047 τὸ
2779 994 3019 1067 κρανίον,
3077 993 3306 1056 ἄναυδος
3363 999 3430 1068 τῇ
3488 1000 3558 1071 γῇ
3622 1018 3796 1071 προσ-

2146 1083 2454 1154 αράσσεται·
2489 1082 2578 1136 καὶ
2613 1081 2787 1144 οὕτως
2822 1082 2874 1144 ἐς
2904 1083 2966 1137 τὸ
2998 1082 3261 1160 φρούριον
3294 1085 3322 1137 6
3365 1089 3562 1146 Φωκᾶς
3610 1082 3798 1138 διασώ-

2150 1177 2313 1239 ζεται.
2377 1169 2582 1246 Βάρδας
2643 1170 2721 1241 δὲ,
2785 1174 2811 1226 ὁ
2878 1172 3258 1246 στρατηλάτης
3315 1173 3402 1228 καὶ
3463 1181 3797 1248 Μάγιστρος,

2143 1271 2206 1316 το
2239 1261 2498 1337 φρούριον
2525 1261 2969 1336 κυκλωσάμενος,
3002 1263 3234 1339 παρῄνει
3264 1268 3344 1336 τῷ
3396 1269 3566 1336 Φωκᾷ
3601 1261 3797 1339 Βάρδᾳ,

2143 1353 2243 1421 τὴν
2286 1351 2564 1424 εύμένειαν
2621 1357 2718 1408 τοῦ
2771 1357 3100 1427 κρατοῦντος
3157 1354 3502 1424 αἰτήσασθαι,
3557 1354 3647 1408 καὶ
3704 1358 3798 1408 τοῦ

2145 1441 2356 1516 τειχίου
2386 1443 2627 1496 κατιέναι
2659 1443 2734 1506 ὡς
2761 1444 3014 1517 τάχιστα.
3051 1444 3111 1498 Ὁ
3153 1441 3228 1512 δὲ,
3290 1443 3405 1498 ἐπεὶ
3459 1441 3514 1506 ἒς
3572 1443 3797 1518 ἀμηχα-

2145 1528 2260 1582 νίαν
2292 1527 2529 1602 ἐσχάτην
2561 1530 2647 1584 καὶ
2684 1527 2865 1598 δεινὴν
2919 1530 3147 1605 ἀπορίαν
3209 1531 3564 1602 συνείληπτο,
3615 1531 3800 1587 πολλά

2144 1619 2528 1692 γνωματεύσας
2588 1619 2675 1673 καὶ
2747 1618 3135 1693 λογισάμενος,
3233 1617 3373 1695 ἔγνω
3431 1618 3675 1676 ἐνδοῦναι
3731 1625 3797 1695 τῇ

2144 1707 2314 1782 τύχῃ,
2347 1707 2436 1761 καὶ
2477 1708 2612 1778 εἶξαι
2671 1713 2786 1769 τοῖς
2838 1713 3153 1782 κρατοῦσιν,
3215 1709 3262 1762 εἴ
3319 1709 3580 1772 ἀπάθειαν
3636 1710 3798 1764 αὐτοῦ

2143 1817 2202 1850 τε
2227 1795 2453 1851 καὶτῶν
2484 1796 2762 1873 φιλτάτων
2825 1799 2936 1871 (64)
2989 1795 3249 1870 λήψοιτο.
3313 1798 3624 1872 Παραυτίκα
3707 1799 3796 1852 οὗν

2069 1927 2114 1991 Β
2147 1886 2352 1946 πίστεις
2385 1886 2828 1958 ἐξαιτησάμενος,
2861 1886 2934 1948 (τις
2967 1883 3120 1942 οὐδέν
3178 1909 3229 1942 τι
3286 1893 3395 1942 τῶν
3455 1885 3632 1954 ἀηδῶν
3682 1889 3802 1942 πεί-

2423 1976 2437 1991 .
2546 1975 2558 1991 ι
2777 1977 2790 1991 .
2931 1981 2955 1990 -
2996 1983 3030 1991 .-
3075 1975 3093 1991 ς
3225 1982 3248 1991 -
3322 1977 3364 1991 η
3476 1978 3489 1991 .
3645 1977 3655 1991 .

2147 1996 2316 2044 σεται,
2347 1976 2438 2029 καὶ
2466 1975 2660 2037 ταύτας
2694 1977 2830 2049 πρὸς
2862 1981 2960 2030 τοῦ
2994 1975 3252 2051 Σκληροῦ
3293 1977 3563 2055 εἰληφὼς,
3593 1977 3797 2033 κάτεισι

2147 2069 2243 2118 τοῦ
2275 2063 2541 2139 φρουρίου
2584 2064 2677 2118 σὺν
2703 2065 2916 2139 γυναικὶ
2949 2065 3037 2118 καὶ
3067 2065 3296 2129 τέκνοις.
3357 2067 3418 2120 ’0
3473 2065 3531 2120 δὲ
3576 2066 3800 2130 τούτους

2150 2151 2439 2226 δεξάμενος
2498 2153 2724 2215 ἀλύπως
2783 2153 3058 2230 ἐφρούρει,
3121 2152 3368 2228 ἀναφέρει
3456 2156 3520 2210 τὰ
3577 2158 3621 2193 ⁸⁸
3678 2159 3799 2229 ξυν-

2149 2238 2383 2316 αχθέντα
2428 2243 2563 2316 πρὸς
2628 2243 2874 2317 βασιλέα,
2934 2242 3188 2317 ἐρόμενος
3253 2245 3298 2280 ⁵⁷
3353 2244 3381 2298 ὅ
3462 2266 3516 2300 τι
3572 2243 3654 2299 δεῖ
3708 2244 3798 2298 καὶ

2147 2337 2341 2386 ποιεῖν.
2375 2333 2436 2388 Ὀ
2469 2329 2526 2386 δὲ
2557 2331 2908 2406 αὐτοκράτωρ
2955 2331 3212 2402 Ἰωάννης
3266 2332 3488 2403 ἐδηλου,
3548 2336 3636 2389 τὸν
3699 2335 3792 2407 μὲν

2146 2425 2248 2475 τοῦ
2280 2426 2448 2474 Φωκᾶ
2505 2418 2732 2495 Βάρδαν,
2784 2421 3050 2495 κληρικὸν
3109 2423 3468 2498 ἀποκαρέντα,
3541 2425 3652 2496 ἅμα
3703 2445 3797 2478 συ-

2151 2513 2294 2584 ζύγῳ
2323 2510 2411 2564 καὶ
2444 2512 2660 2571 τέκνοις
2693 2509 2742 2563 ἐν
2773 2514 2842 2583 τῇ
2874 2513 3024 2583 νήσῳ
3079 2511 3194 2582 Χίῳ
3243 2513 3570 2587 περιορίσαι’
3632 2514 3794 2568 αὐτὸν

2149 2597 2206 2653 δὲ
2258 2601 2325 2654 τὰ
2419 2596 2442 2616 ’⁵
2534 2598 2542 2612 '
2739 2601 2751 2619 ’
2845 2597 2875 2653 λ
2965 2599 2992 2654 ό
3151 2600 3164 2620 ’
3297 2602 3310 2620 ‘
3450 2603 3461 2621 ’
3531 2603 3542 2624 '
3718 2599 3740 2620 "
3777 2603 3791 2621 ‘

2213 2642 2229 2668 ,
2332 2621 2354 2659 ς
2415 2615 2670 2671 ουναμεις
2728 2621 2837 2654 ανει
2882 2621 2959 2676 ηερ
2996 2621 3083 2670 τα,
3148 2621 3200 2662 ες
3251 2623 3350 2669 την
3397 2605 3665 2676 Ευρωπην
3713 2621 3802 2657 οια

2146 2693 2243 2742 τοῦ
2288 2685 2705 2756 Ἑλλησπόντου
2765 2686 3047 2761 διαπερᾷν,
3107 2691 3494 2764 χειμεριοῦντα
3549 2693 3682 2766 πρὸν
3736 2692 3803 2746 τά

2149 2784 2321 2832 εκεῖσε
2345 2775 2635 2852 χειμάδια·
2697 2776 2794 2846 ὣς,
2855 2781 2990 2852 ἦρος
3039 2779 3192 2841 εὐθὺς
3248 2779 3656 2854 ἐπιγινομένου,
3713 2784 3803 2837 καὶ

2149 2867 2309 2922 αὐτὸν
2374 2865 2606 2924 Βασιλέα
2669 2869 2803 2939 μετὰ
2858 2873 2968 2922 τῶν
3031 2868 3379 2924 ὑπασπιστῶν
3419 2869 3803 2943 ἐκστρατεύσας

2148 2955 2283 3011 κατά
2317 2960 2563 3020 Σκυθῶν·
2598 2954 2740 3028 μηδὲ
2769 2958 2870 3030 γὰρ
2901 2958 3005 3025 τὴν
3057 2958 3263 3012 τούτων
3323 2959 3614 3016 ἀκάθεκτον
3647 2957 3800 3034 ὕϐριν

2146 3052 2476 3120 καρτερῆσαι
2511 3045 2728 3103 λοιπόν.

2221 3136 2284 3190 θ’.
2320 3135 2485 3191 Οὗτοι
2515 3135 2639 3210 γὰρ,
2669 3135 2768 3202 τήν
2801 3134 2908 3189 ἀπὸ
2963 3142 3062 3204 τῆς
3126 3138 3397 3212 Εὐρώπης
3455 3142 3552 3193 τοῦ
3609 3159 3802 3214 στρατ-

2152 3223 2360 3294 ηλάτου
2421 3223 2603 3300 Βάρδα
2649 3222 2956 3298 διαγνόντες
3013 3227 3264 3300 ἄπαρσιν,
3321 3228 3374 3290 ἐς
3431 3231 3531 3299 τὴν
3619 3231 3800 3286 Ἀσίαν

390 3327 578 3383 Barda
607 3326 803 3380 Phoca
824 3297 1178 3379 seditionem
1207 3297 1275 3376 in
1303 3321 1500 3376 Asiam
1554 3321 1626 3376 ab
1677 3320 2037 3392 imperatore

2151 3315 2296 3390 παρά
2332 3315 2604 3389 βασιλέως
2647 3311 2937 3377 σταλέντος
2999 3313 3086 3370 διὰ
3140 3320 3232 3371 τὸν
3279 3315 3519 3394 ἔναγχος
3579 3319 3800 3396 ἀναρῥι-

391 3423 519 3474 erat
540 3417 778 3483 missus,
815 3415 1018 3486 utjam
1041 3413 1266 3468 dictum
1299 3417 1388 3467 est
1443 3428 1477 3467 a
1531 3428 1646 3477 me,
1708 3411 2037 3483 plurimum

391 3513 690 3566 Romanos
737 3506 1050 3572 vexabant,
1107 3503 1670 3574 incursionibusque
1719 3503 2040 3575 derepente

387 3599 560 3655 factis
591 3597 859 3670 improbe
909 3594 1272 3666 diripiebant
1310 3593 1739 3664 vastabantque
1773 3592 2037 3648 Macedo-

389 3690 586 3744 niam:
623 3685 781 3757 quod
820 3687 1077 3740 Joannes
1109 3683 1399 3753 Magister,
1462 3687 1854 3751 cognomento
1885 3683 2039 3736 Cur-

389 3794 551 3840 cuas,
584 3776 678 3830 cui
711 3774 1019 3845 copiarum
1050 3772 1111 3826 in
1139 3772 1260 3826 illis
1286 3771 1557 3843 partibus
1575 3771 1895 3827 commissa
1916 3775 2044 3826 erat

390 3881 552 3924 cura.
587 3861 830 3917 desidiae
855 3866 1030 3931 atque
1090 3859 1496 3931 potationibus
1554 3865 1769 3930 praeter
1797 3858 2042 3914 modum

393 3953 652 4018 deditus,
684 3950 958 4022 imperite
991 3956 1167 4020 atque
1201 3948 1612 4020 imprudenter
1641 3967 1735 4003 res
1785 3949 2042 4004 admini-

392 4043 648 4109 strabat;
673 4059 742 4098 ex
775 4058 889 4112 quo
923 4039 997 4095 ad
1029 4039 1429 4111 arrogantiam
1471 4039 1870 4112 fiduciamque
1903 4043 2044 4097 Rus-

389 4150 591 4190 sorum
632 4149 693 4188 se
725 4137 1038 4186 erexerant
1075 4130 1280 4186 animi.
1306 4131 1569 4194 Quorum
1601 4130 1917 4201 superbam
1950 4131 2043 4186 in-

388 4223 703 4280 solentiam
722 4227 781 4276 et
799 4221 1148 4276 manifestas
1164 4219 1558 4275 contumelias
1573 4236 1705 4274 cum
1729 4237 1848 4274 non
1861 4220 2045 4275 ferret

389 4315 734 4386 imperator,
777 4311 943 4366 omni
989 4311 1037 4364 vi
1064 4309 1358 4382 repellere
1386 4315 1444 4364 et
1472 4309 1731 4381 dejicere
1759 4325 2043 4381 propera—

386 4403 718 4474 bat,prmlio
739 4401 973 4457 collatis
999 4401 1182 4474 signis
1203 4400 1380 4455 facto.
1416 4399 1670 4454 Proinde
1689 4400 2042 4472 etigniteras

388 4493 659 4548 triremes
677 4491 913 4546 onerari
926 4492 948 4561 j
962 4492 1198 4548 ussit.et
1211 4489 1572 4560 comportari
1588 4488 2042 4560 Adrianopolim

386 4581 790 4638 fromentariis
813 4582 852 4634 I
869 4581 962 4636 27
991 4579 1239 4635 navibus
1269 4584 1667 4633 commeatum
1691 4576 2040 4648 plurimum,

2147 3403 2402 3467 πισθέντα
2445 3405 2579 3477 πρὸς
2636 3401 2734 3458 τοῦ
2793 3409 2961 3458 Φωκᾶ
3016 3403 3195 3480 Βάρδα
3251 3409 3640 3482 νεωτερισμὸν,
3703 3430 3802 3464 κα-

2150 3493 2317 3568 θάπερ
2407 3513 2499 3565 μοι
2559 3489 2667 3562 ἢδη
2728 3491 2955 3568 ἐρρήθη,
3042 3496 3109 3549 τὰ
3195 3499 3424 3571 μέγιστα
3488 3499 3805 3570 Ῥωμαίους

2149 3581 2410 3648 ἐσίνοντο,
2441 3579 2747 3658 αἴφνιδίους
2779 3581 3118 3654 ἐπεξελάσεις
3150 3585 3500 3658 ποιούμενοι,
3554 3603 3643 3642 και
3701 3591 3803 3658 τὴν

2146 3676 2254 3726 τῶν
2312 3669 2638 3728 Μακεδόνων
2702 3671 3027 3745 ληϊζόμενοι
3086 3675 3173 3728 καὶ
3235 3671 3491 3749 δῃοῦντες
3543 3675 3804 3753 ἀφειδῶς·

2147 3766 2243 3816 τοῦ
2271 3762 2370 3828 τὴν
2400 3759 2714 3815 ἐπιστασίαν
2776 3768 2875 3831 τῆς
2937 3761 3162 3818 ἐνταῦθα
3218 3770 3468 3838 στρατιᾶς
3525 3766 3809 3844 ἐγχειρισ-

2151 3849 2334 3914 θέντος
2367 3851 2623 3906 Ἰωάννου
2654 3852 2995 3926 Μαγίστρου,
3031 3853 3077 3924 ᾧ
3135 3855 3448 3921 Κουρκούας
3493 3854 3810 3930 ἐπώνυμον,

2149 3937 2200 4001 ἐς
2235 3939 2520 4014 ῥᾳστώνην
2551 3937 2640 3993 καὶ
2672 3938 2898 4009 πότους,
2945 3941 3092 4015 παρά
3145 3943 3206 3996 τὸ
3263 3943 3431 4013 εἰκὸς,
3472 3944 3816 4001 ἀποκλίναν-

2146 4049 2241 4090 τος
2273 4031 2409 4102 (65),
2444 4028 2682 4102 ἀπείρως
2711 4049 2769 4082 τε
2817 4029 2907 4083 καὶ
2967 4030 3191 4104 ἀμαθῶς
3245 4033 3626 4107 κεχρημένους
3682 4041 3813 4101 τοῖς

2150 4120 2459 4198 πράγμασν
2494 4124 2573 4192 τῷ
2624 4140 2711 4174 τοι
2741 4120 2830 4174 καὶ
2889 4119 2942 4183 ἐς
2999 4122 3286 4187 αὐθάδειαν
3335 4126 3422 4180 καὶ
3485 4127 3680 4202 θράσος
3739 4129 3812 4185 τὰ

2148 4212 2388 4266 Ῥωσικά
2419 4209 2633 4284 ἐπήρθη
2670 4212 3009 4287 φρονήματα.
3063 4214 3174 4280 Τὴν
3240 4215 3550 4290 ὑπὲραυχον
3602 4239 3810 4296 τοιγα-

2151 4303 2278 4370 ροῦν
2311 4296 2634 4366 ἀλαζονείαν
2669 4298 2869 4368 αὐτῶν,
2910 4301 3000 4354 καὶ
3051 4301 3142 4356 τὸν
3207 4303 3455 4378 ἀντικρὺς
3511 4317 3814 4379 προπηλα-

2147 4388 2350 4460 κισμὸν
2386 4389 2462 4460 μὴ
2499 4385 2699 4462 στέγων
2734 4389 2761 4442 6
2799 4388 3077 4464 βασιλεὺς,
3112 4393 3269 4446 παντὶ
3333 4395 3501 4449 σθένει
3547 4396 3812 4451 κολούειν

2151 4479 2243 4536 καὶ
2301 4484 2577 4549 κατασπᾷν
2658 4479 2918 4552 ἠπείγετο
2999 4480 3058 4534 ἐκ
3116 4487 3212 4537 τοῦ
3269 4483 3536 4556 συστάδην
3589 4488 3817 4552 τούτοις

2155 4571 2584 4644 συμπλέκεσθαι.
2615 4573 2886 4636 Ἐντεῦθεν
2927 4573 3017 4626 καὶ
3075 4577 3170 4636 τάς
3225 4575 3506 4652 ἐμπύρους
3563 4583 3819 4655 τριήρεις

2640 4659 2658 4692 ι

389 4671 652 4740 itemque
680 4669 964 4740 pabulum
989 4668 1302 4739 jumentis,
1329 4673 1387 4722 et
1415 4683 1718 4722 armorum
1751 4672 2039 4738 quantum

2151 4660 2459 4736 ἒρματίζειν
2493 4659 2840 4735 προσέταττε,
2877 4661 2966 4716 καὶ
3003 4665 3082 4736 [Ρ.
3142 4667 3231 4738 ’78]
3276 4666 3428 4721 σίτου
3486 4667 3698 4737 πλῆθος
3763 4670 3824 4734 ἐς

390 4765 480 4814 sat
507 4776 633 4813 esse
649 4758 1041 4823 militibus,ne
1064 4758 1205 4829 quid
1221 4775 1426 4814 earum
1446 4773 1646 4814 rerum
1660 4757 2044 4812 dimicationis

393 4855 662 4919 tempore
711 4848 994 4903 Romanis
1049 4847 1301 4903 deesset.
1361 4849 1494 4903 Haec
1543 4849 1681 4903 dum
1733 4854 2042 4920 parantur,

391 4937 758 4995 Theodoram
794 4979 807 5006 ,
878 4936 1248 4994 Constantini
1317 4938 1809 5011 Porphyrogeniti
1897 4939 2042 5010 imp.

2152 4751 2251 4818 τὴν
2286 4753 2382 4804 τοῦ
2441 4746 2727 4822 Ἀδριανοῦ
2782 4750 2947 4805 πόλιν
2998 4748 3088 4805 διὰ
3137 4758 3243 4806 τῶν
3296 4761 3537 4829 σιτηγῶν
3597 4756 3822 4814 πλοίων

2155 4839 2422 4913 κομίζειν,
2454 4839 2541 4892 καὶ
2607 4841 2965 4914 χορτάσματα
2994 4845 3101 4895 τῶν
3163 4843 3471 4918 ὑποζυγίων
3517 4847 3606 4901 καὶ
3673 4845 3820 4902 ἀποσο

2154 4933 2377 5005 χρῶντα
2407 4925 2551 4982 ὅπλα
2579 4935 2646 4998 τῆ
2681 4933 2921 5000 στοατιᾷ,
2956 4930 3031 4992 ὡς
3096 4933 3171 5004 μή
3230 4953 3379 4997 τινος
3433 4935 3642 4990 τούτων
3674 4939 3825 4993 κατὰ

1602 5062 1662 5118 C.
1705 5065 1766 5118 Β.
1810 5065 2000 5119 HASII
2036 5061 2592 5121 ANNOTATIONES.

464 5191 509 5227 ⁵⁸
537 5193 693 5247 Fort.
729 5189 977 5266 ἀναφέρει
1009 5208 1085 5242 τε.
1118 5189 1164 5226 ⁵⁷
1194 5188 1484 5264 αἲρόμενος
1513 5190 1644 5244 cod.

461 5309 576 5383 (βάν)
599 5307 678 5364 Τὰ
709 5305 941 5383 φίλτατα
964 5312 1113 5383 sunt
1142 5307 1334 5383 liberi,
1358 5314 1422 5361 ut
1456 5308 1518 5383 in
1551 5311 1691 5383 nota
1722 5307 2042 5383 locutione,

396 5375 824 5454 qusdewﬂﬁepi
898 5377 1209 5451 φιλτάτοις,
1269 5379 1630 5454 Wernsdorf.
1689 5375 2042 5454 adﬂimer.

396 5454 520 5507 874.
551 5456 606 5506 C.
647 5451 780 5506 Vid.‘
812 5467 1048 5523 quoque
1080 5468 1258 5524 supra
1283 5453 1335 5506 8.
1387 5452 1449 5506 Ο.
1512 5453 1657 5524 Item
1694 5451 2046 5524 valckenar.

395 5525 467 5578 ad
505 5524 791 5578 Phaeniss.
823 5526 941 5578 193.
981 5526 1101 5578 162.
1131 5523 1188 5578 et
1218 5524 1409 5577 virum
1470 5524 1531 5577 in
1582 5523 1797 5577 litteris
1831 5523 2048 5578 Graecis

397 5596 728 5668 principem
752 5598 993 5668 August.
1029 5596 1241 5650 Boackh
1279 5597 1343 5648 In
1376 5595 1522 5668 Plat.
1559 5595 1958 5668 Minoeml23.
1985 5597 2046 5651 Β.

394 5666 959 5739 Reddidi.charorum
971 5683 1389 5734 suorum,exem
1399 5667 1494 5739 plo
1512 5667 1795 5723 Lactantii
1822 5667 1900 5739 De
1915 5683 2049 5722 vero

398 5735 561 5792 cultu
587 5739 879 5808 540.23,“:
908 5739 1102 5797 charos
1138 5755 1261 5798 suos
1289 5735 1762 5813 Deo—relinquere.
1783 5738 1901 5798 Alii
1929 5755 2052 5795 ver-

2157 5309 2356 5362 terunt
2389 5303 2717 5360 charissima
2742 5309 3000 5376 pignora,
3024 5312 3090 5362 ut
3121 5309 3298 5366 Henr.
3335 5311 3603 5369 Valesius
3621 5315 3694 5370 ad
3712 5320 3802 5371 Eu

2162 5376 2463 5454 san-Hist.
2499 5377 2817 5454 Eccl.g355_.
2878 5379 2940 5433 D.
3003 5379 3350 5454 Vulcanius,
3412 5400 3533 5454 qua:
3576 5387 3838 5444 habebat

2159 5451 2507 5503 charissima.
2541 5449 2614 5503 ad
2647 5449 2855 5516 Agath.
2893 5453 3012 5506 137.
3044 5454 3103 5505 Α.
3143 5453 3362 5508 Eodem
3395 5449 3575 5512 sensu
3635 5455 3700 5510 τὰ
3730 5479 3834 5512 τι-

2165 5520 2410 5615 μὲιὲταρα
2441 5520 2672 5575 videtur
2690 5520 2804 5575 dici
2831 5524 2982 5593 apud
3016 5524 3386 5594 Byzantinos.
3419 5527 3725 5586 Cedrenus
3746 5533 3834 5589 II.

2161 5596 2653 5794 :8?§53:hgathias
2690 5665 2770 5718 19.
2803 5664 2861 5719 C.
2897 5665 3112 5721 Confer
3144 5675 3432 5738 prmterea
3482 5671 3740 5730 Leonem
3767 5677 3844 5734 4.
