4118 6428
367 455 485 516 847

1807 428 2091 493 LEONIS
2136 426 2466 489 DIACONI

3671 421 3792 485 848

363 591 719 657 niantesque
747 583 883 637 illos
895 579 1224 638 adorimur.
1239 592 1343 647 spe
1366 573 1550 628 ducor
1567 572 1732 642 (pace
1751 564 2019 622 numinis

2134 554 2582 657 παροδειὶσωμεν,
2643 558 2750 633 πρὸ
2809 562 2910 612 τοῦ
2967 555 3356 632 Ταυροσκύθας
3390 553 3666 621 αἰσθέσθαι
3695 558 3797 627 τὴν

365 654 657 740 (Ιίχεισίω),
681 673 874 746 primo
900 672 1127 741 impetu
1159 666 1251 721 vel
1274 661 1702 719 Prmsthlabam
1733 654 2020 727 oppidum

364 769 677 822 Moesorum
710 761 953 834 regiam,
980 756 1169 813 teneri
1229 770 1402 827 posse
1429 769 1442 806 :
1502 749 1662 806 unde
1694 747 1851 802 ultra
1880 760 2019 815 pro-

363 855 551 930 gressi
580 853 881 909 vesaniam
912 847 1220 906 Russicam
1251 843 1424 900 facile
1465 838 1948 909 comprimemus.
1988 852 2015 881 »

365 944 552 1017 λωμεν
580 943 648 1013 ⁶⁴,
680 942 840 1012 οἶμαι
871 942 888 1011 (

2129 649 2291 721 ἡμῶν
2353 642 2570 725 ἔφοδον,
2620 648 2710 702 καὶ
2772 647 2848 710 εἰς
2888 647 3064 716 ἀλκὴν
3126 647 3262 702 κατὰ
3319 646 3415 710 τὰς
3478 644 3794 722 δυσχωρίας

2131 739 2393 813 ὁρμῆσαι.
2427 737 2493 795 Εἰ
2540 737 2641 813 γάρ
2700 739 3120 812 προτερήσομεν
3147 738 3248 804 τήν
3307 740 3418 790 τῶν
3474 735 3794 813 ἐπισφαλῶν

2130 826 2353 902 χωρίων
2409 822 2679 895 διάϐασιν,
2726 826 2817 881 καὶ
2879 824 3255 900 ἀπροσδόκητι
3307 825 3526 886 τούτοις
3558 820 3798 900 προσϐά·

871 935 985 1005 (σὺν
1016 938 1134 1005 Θεῷ
1162 930 1218 987 δὲ
1266 930 1547 1005 εἰρήσθω),
1581 928 1669 996 [Ρ.
1718 924 1809 995 81]
1844 912 2095 974 αὐτοϐοεὶ
2125 917 2212 970 καὶ
2245 917 2346 984 τήν
2369 914 2533 971 πόλιν
2568 910 2950 991 Πραισθλάϐαν
2984 915 3250 990 αἱρήσειν,
3345 915 3554 977 Μυσοῖς
3589 912 3700 968 ἐστι
3727 913 3797 968 τά

369 1032 638 1109 βασίλεια·
673 1029 914 1085 κάκεῖθεν
948 1023 1290 1099 ὁρμώμενοι,
1324 1019 1492 1095 ῥᾷστα
1519 1017 1620 1085 τήν
1648 1010 1914 1077 Ῥωσιγήν
1947 1005 2206 1060 ἀπόνοιαν
2235 1004 2734 1081 καταγωνισὸμεθα.
2777 1029 2805 1055 ››

434 1153 487 1205 3.
521 1150 657 1204 Haec
685 1146 1011 1216 imperator
1031 1155 1166 1195 cum
1201 1137 1445 1200 diceret,
1469 1129 1769 1204 magistris
1789 1124 2020 1181 militite

366 1238 743 1307 tribunisque
772 1214 1034 1288 militum
1051 1227 1239 1284 oratio
1261 1226 1390 1297 ejus
1411 1217 1843 1291 intempestivae
1867 1214 2021 1269 ﬁdu-

368 1331 473 1385 cia;
494 1326 878 1395 audaciaeque
916 1322 1095 1393 plena
1134 1317 1257 1372 visa
1306 1319 1413 1378 est,
1448 1318 1672 1367 temere
1704 1308 1766 1362 in
1795 1306 2019 1360 factum

367 1418 616 1473 demens
647 1410 1037 1483 erumpentis,
1071 1406 1230 1479 quod
1260 1401 1673 1475 imprudenter
1726 1399 2023 1451 Romanas

368 1509 572 1579 copias
601 1506 866 1561 saltuoso
900 1500 1206 1569 arduoque
1236 1495 1450 1550 itinere
1482 1495 1788 1546 externam
1811 1484 1871 1538 in
1905 1488 2020 1537 ter-

372 1613 502 1652 ram
534 1594 843 1651 traducere
875 1588 1177 1645 suaderet.
1245 1586 1456 1649 Quare,
1490 1595 1624 1634 cum
1668 1570 2022 1644 aliquandiu

371 1686 819 1752 conticuissent,
852 1682 1182 1735 instaurata
1214 1687 1488 1730 sermone
1520 1670 1846 1739 imperator
1874 1662 2024 1717 indi-

368 1792 579 1849 gnans,
613 1796 640 1823 ‹‹
674 1772 740 1826 ln
801 1767 1234 1829 dimicationes,
1276 1786 1295 1812 ι
1346 1759 1562 1830 inquit,
1608 1778 1636 1805 (ι
1670 1755 1752 1809 ita
1798 1750 2019 1819 venire,

367 1842 435 1920 ut
463 1864 663 1920 minus
682 1858 910 1931 judicio
942 1871 1120 1928 quam
1151 1855 1377 1924 impetu
1404 1855 1464 1905 et
1483 1845 1817 1903 temeritate
1842 1842 2023 1896 duca—

363 1971 451 2019 re,
484 1953 545 2007 id
574 1957 797 2023 quanta
823 1946 1088 2020 pericula
1118 1944 1329 1999 afferre
1381 1938 1570 1995 soleat
1600 1948 1899 2006 quamque
1932 1930 2019 1983 in-

368 2041 666 2098 sanabiles
696 2039 922 2111 plagas,
957 2034 1258 2108 cognitum
1291 2036 1350 2085 et
1396 2029 1523 2099 ipse
1582 2024 1795 2088 habeo,
1822 2038 1853 2075 e
1880 2036 2022 2092 pue-

366 2132 506 2186 ritia
536 2130 596 2184 in
628 2127 852 2201 praaliis
914 2129 1201 2189 versatus,
1262 2119 1613 2191 palmasque
1668 2128 1791 2167 non
1850 2124 2021 2175 unas,

371 2219 531 2292 quod
561 2218 714 2274 scire
743 2233 844 2271 vos
888 2214 1164 2277 arbitror,
1199 2215 1258 2264 et
1311 2205 1587 2262 victorias
1646 2204 2021 2257 consecutus.

371 2290 486 2364 Sed
516 2306 753 2379 quando
783 2306 1045 2370 fortuna,
1078 2302 1143 2356 in
1183 2298 1337 2354 132
1396 2291 1697 2349 novacula;
1729 2290 1855 2344 acie
1882 2303 2025 2341 con-

374 2398 600 2465 stituta,
650 2395 725 2452 ad
756 2392 1069 2450 arbitrium
1119 2404 1293 2462 agere
1341 2400 1463 2441 non
1511 2380 1824 2454 permittit,
1882 2381 2025 2431 tunc

371 2464 654 2544 audacter
682 2489 918 2555 arrepta
938 2481 1044 2536 illa
1070 2494 1199 2534 rem
1229 2475 1352 2550 geri
1393 2477 1688 2544 oportere,
1722 2466 1784 2521 id
1805 2482 1879 2521 ne
1910 2464 2024 2536 ipsi

371 2579 636 2650 quidem,
653 2577 885 2648 opinor,
911 2570 1225 2645 negabitis,
1246 2566 1348 2639 qui
1364 2578 1643 2636 magnam
1655 2558 1932 2632 peritiam
1955 2572 2026 2611 ex

368 2649 599 2724 incerto
639 2664 1006 2736 ancipitique
1063 2658 1362 2715 bellorum
1422 2656 1635 2709 eventu
1679 2649 2022 2722 collegistis.

368 2760 579 2823 Quare,
607 2755 653 2811 si
678 2753 822 2826 quid
855 2750 1002 2808 mihi
1031 2747 1274 2805 creditis
1297 2745 1547 2800 meliora
1568 2740 1860 2805 suadenti,
1882 2739 2024 2793 dum

370 2847 599 2917 Scythas
647 2843 891 2899 desidiae
923 2856 985 2896 se
1016 2840 1181 2902 dant,
1213 2834 1472 2891 necdum
1504 2833 1576 2887 de
1607 2831 1861 2888 adventu
1918 2843 2026 2883 no-

372 2941 494 2991 stro
526 2938 874 3008 cognorunt,
920 2930 1226 3001 rapiamus
1275 2923 1673 2988 occasionem,
1707 2926 1766 2975 et
1810 2917 2026 2973 transi-

373 3033 501 3082 tum
530 3025 793 3082 faucium
822 3020 1069 3077 victoria
1112 3021 1528 3087 consequetur.
1562 3015 1728 3079 Nam,
1764 3009 1812 3065 si
1837 3005 2023 3063 intel-

371 3115 631 3172 lexerint
653 3131 762 3170 nos
786 3110 1189 3167 transmittere
1210 3105 1381 3175 velle,
1415 3117 1712 3175 superque
1738 3096 2027 3171 angustiis

375 3204 591 3260 infesta
616 3204 743 3258 acie
764 3199 1161 3265 constiterint,
1193 3211 1400 3251 vereor
1432 3198 1498 3248 ut
1528 3190 1751 3245 exitum
1797 3185 2026 3259 optabi-

375 3296 496 3352 lem
526 3312 621 3350 res
650 3293 885 3358 habeat,
918 3306 1064 3346 neve
1094 3252 1160 3342 in
1191 3284 1516 3341 discrimen
1549 3280 1745 3351 potius
1767 3252 2025 3331 difﬁcul-
2062 3252 2105 3319 (ἶ

374 3393 677 3458 tatemque
705 3398 1002 3440 summam
1059 3377 1407 3434 adducatur.
1470 3369 1727 3426 Proinde
1758 3367 1932 3423 facile
1960 3370 2029 3421 ut

372 3478 588 3534 fortem
620 3476 888 3532 animum
918 3468 1211 3534 habeatis,
1243 3466 1707 3535 reputantesque
1733 3461 2030 3514 Romanos

372 3585 475 3624 vos
505 3583 657 3634 esse,
693 3564 794 3636 qui
826 3557 1196 3618 adversarios
1228 3570 1439 3610 omnes
1471 3550 1616 3606 olim
1641 3548 1824 3605 armis
1856 3548 2032 3603 sube-

372 3658 587 3730 gerint,
638 3654 756 3710 cito
813 3647 1159 3722 sequimini,
1218 3645 1495 3698 virtutem
1553 3644 1807 3695 vestram
1856 3637 2032 3693 faclis

375 3747 770 3803 declarantes.
807 3764 834 3790 ››

449 3937 503 3988 4.
536 3932 655 3988 Ilac
684 3929 887 3985 habita
915 3925 1203 3990 oratione,
1255 3920 1472 3994 insigni
1502 3922 1807 3975 armatura
1838 3914 2034 3970 muni-

382 4030 496 4093 tus,
528 4023 878 4090 insessaque
901 4031 1188 4090 generoso
1219 4017 1396 4082 atque
1418 4009 1539 4065 acri
1563 4023 1736 4079 equo,
1764 4006 2031 4061 lanceam

376 4117 745 4188 praelongam
779 4109 1027 4164 humero
1056 4120 1288 4178 gerens,
1323 4101 1428 4156 vim
1460 4116 1521 4155 se
1555 4097 1735 4167 dedit,
1761 4112 2029 4169 praeeun-

379 4209 499 4260 tem
530 4194 1348 4264 habensimmortalium.quo
1370 4194 1599 4257 vocant,
1626 4186 1857 4260 egregie
1883 4185 2031 4240 lori-

378 4301 571 4351 catam
594 4293 901 4348 cohortem
928 4306 940 4342 :
965 4302 1119 4359 pone
1133 4283 1537 4356 sequebantur
1565 4277 2030 4348 legionariorum

375 4384 840 4441 fortissimorum
872 4376 1064 4433 millia
1089 4374 1353 4446 quinque
1384 4377 1443 4427 et
1476 4371 1706 4434 decem,
1761 4366 2032 4437 equitum

377 4475 663 4531 tredecim
704 4470 916 4525 millia.
960 4467 1244 4537 Reliquus
1275 4463 1571 4519 exercitus
1602 4476 1737 4516 cum
1769 4456 2028 4537 impedi:

374 4565 595 4621 mentis
627 4569 687 4618 et
714 4558 1047 4625 calonibus,
1108 4532 1413 4626 helepoles
1458 4557 1516 4607 et
1546 4552 1836 4623 cujusque
1867 4532 2029 4603 modi

2203 1126 2266 1194 γ’.
2302 1118 2480 1175 Ἀλλά
2509 1124 2677 1175 ταῦτα
2738 1120 2831 1192 μὲν
2893 1121 3037 1174 εἶπεν
3069 1119 3097 1174 ὁ
3133 1118 3409 1195 βασιλεὺς,
3470 1124 3591 1181 τοῖς
3651 1117 3707 1174 δέ
3734 1141 3796 1195 γε

2132 1214 2462 1284 στρατηγοῖς
2517 1210 2608 1264 xui
2665 1209 2986 1284 ταξιάρχοις
3040 1206 3264 1284 ἄκαιρος
3319 1205 3492 1263 ἐδόκει
3550 1211 3706 1265 ταυτὶ
3732 1210 3800 1264 τὰ

2134 1297 2363 1372 ῥηθέντα
2413 1298 2635 1371 τόλμα,
2694 1299 2785 1352 xui
2837 1296 3133 1368 τηνάλλως
3192 1299 3392 1371 θράσος
3448 1298 3503 1362 ἐς
3534 1297 3793 1354 ἀπόνοιαν

2132 1386 2395 1442 ἐκπίπτον
2452 1387 2768 1462 ἀλόγιστον,
2828 1386 3240 1462 ἀπερισκέπτως
3319 1388 3418 1455 τὴν
3476 1388 3795 1459 Ῥωμαϊκήν

2132 1474 2360 1549 δύναμιν
2397 1474 2485 1531 διά
2515 1473 2905 1553 σηραγγώδους
2934 1477 3023 1531 xui
3056 1474 3425 1550 κρημνώδους
3460 1474 3589 1531 ὀδοῦ
3618 1471 3795 1532 διαϐι-

2132 1561 2310 1635 ϐάζειν
2346 1565 2434 1620 ἐπὶ
2464 1572 2565 1635 τῆς
2602 1562 2927 1629 ἀλλοδαπῆς
2982 1566 3425 1641 προτρεπόμενοι.
3461 1567 3576 1644 Ἐφ’
3606 1567 3795 1622 ἰκακὸν

2131 1654 2221 1709 οὖν
2255 1656 2461 1730 χρόνον
2495 1655 2829 1710 σιωπώντων
2891 1656 3094 1725 αὑτῶν,
3153 1650 3442 1710 ἀναλαϐὼν
3505 1660 3659 1720 αὖθις
3703 1655 3795 1711 καὶ

2132 1743 2423 1816 ἀνοιδήσας
2484 1744 2511 1799 ὁ
2570 1745 2926 1819 αὐτοκράτωρ
2983 1743 3170 1822 φησιν’
3235 1748 3413 1802 «‘01::
3467 1745 3562 1818 μὲν
3622 1746 3794 1817 τὸμή

2132 1831 2549 1908 λελογισμένως
2599 1834 2746 1906 παρὰ
2792 1832 2923 1896 τοὺς
2970 1831 3252 1906 πολέμους
3277 1834 3324 1871 ⁸⁸
3384 1839 3608 1909 χωρεῖν,
3668 1834 3800 1889 ἀλλ’

2133 1921 2384 1984 αὐθαδως
2434 1923 2522 1977 xui
2572 1925 2835 1997 θρασέως,
2891 1920 3137 1977 κίνδυνον
3198 1921 3384 1978 εἷ’ωθεν
3420 1924 3493 1985 ὡς
3552 1923 3800 1997 μάλιστα

2129 2012 2408 2086 προξενεῖν
2439 2011 2529 2066 xui
2588 2011 2950 2085 πανολεθρίαν
3006 2013 3325 2082 ἀνήκεστον,
3380 2010 3673 2085 ἐπίσταμαι
3704 2012 3797 2067 καὶ

2130 2101 2314 2170 αὐτὸς,
2349 2100 2408 2156 ἐκ
2463 2100 2719 2173 νεότητος
2777 2106 2897 2163 ταῖς
2960 2100 3163 2177 μάχαις
3197 2102 3554 2180 ἀναστραφεὶς
3585 2102 3635 2137 δδ
3658 2105 3790 2176 (76),

2129 2202 2219 2255 xui
2275 2198 2466 2255 πολλὰ
2521 2200 2774 2274 τρόπαια,
2835 2200 3015 2264 καθὼς
3051 2199 3185 2270 ἴστε,
3234 2202 3325 2256 xui
3381 2201 3533 2265 νίκας
3587 2200 3793 2273 ἀναδη-

2132 2290 2542 2361 σάμενος.“Ὀτι
2590 2286 2667 2357 δὲ,
2727 2289 2779 2344 ἐν
2841 2290 3223 2365 οἴςὸκαιρὸς,
3283 2290 3358 2355 ὡς
3416 2290 3506 2346 ἐπὶ
3563 2292 3798 2364 ξυροῦ⁶⁷

2133 2378 2316 2451 ἀκμῆς
2376 2378 2619 2448 ἑστηκὼς
2664 2422 2677 2448 ,
2743 2379 2818 2450 μὴ
2875 2377 3014 2433 κατὰ
3068 2380 3297 2454 γνώμην
3378 2382 3614 2454 χρῆσθαι
3672 2387 3797 2443 τοῖς

2131 2468 2415 2543 πράγμασι
2450 2464 2667 2537 δίδωσι,
2710 2464 2794 2521 δεῖ
2849 2487 2956 2522 που
3020 2472 3214 2523 τοῦτον
3274 2469 3662 2545 προαρπάζειν,
3702 2470 3795 2525 xui

2129 2557 2197 2610 τὰ
2245 2555 2419 2611 οἰκεῖα
2471 2556 2528 2611 εὗ
2586 2555 2848 2626 τίθεσθαι,
2917 2558 3275 2627 συνθησεσοαὶ
3340 2578 3439 2632 μοι
3498 2556 3645 2614 δοκῶ
3702 2560 3795 2614 καὶ

2130 2645 2373 2715 αὐτοὺς,
2434 2646 2719 2721 ἐμπειρίαν
2787 2643 3011 2716 πολλὴν
3095 2645 3527 2720 ἀναλεξαμὲνοος
3583 2648 3644 2705 ἐκ
3691 2656 3798 2719 τῆς

2132 2734 2574 2807 ἆλλεπαΑλήλου
2624 2736 2715 2791 καὶ
2749 2735 3126 2810 ἑτεροκλινοῦς
3157 2742 3267 2792 τῶν
3297 2737 3563 2811 πολέμων
3598 2738 3798 2816 ῥοπῆς,

2134 2824 2204 2882 Ei
2249 2847 2301 2880 τι
2364 2825 2457 2879 οὗν
2520 2847 2612 2899 μοι
2671 2826 2920 2890 πείθεσθε
2974 2826 3044 2881 τὰ
3096 2824 3280 2900 λῴονα
3341 2823 3800 2903 συμϐουλεύοντί,

2130 2910 2241 2976 ἕως
2269 2915 2320 2968 οἱ
2356 2912 2557 2969 Σκύθαι
2599 2915 2735 2990 πρὸς
2792 2913 3075 2990 ῥᾳστώνην
3131 2915 3568 2988 ἀναπεπτώκασι,
3626 2921 3801 2992 μήπω

2132 3006 2233 3074 τήν
2262 3008 2424 3078 ἡμῶν
2483 3004 2801 3077 αἰσθόμενοι
2860 3003 3037 3076 ἄφιξιν
3098 3007 3429 3082 ἁρπάσωμεν
3458 3009 3548 3064 τὸν
3582 3009 3798 3084 καιρὸν,

2131 3094 2220 3147 καὶ
2255 3096 2289 3163 ἡ
2322 3094 2440 3160 νίκη
2469 3098 2538 3167 τῇ
2572 3088 2814 3149 διαϐάσει
2846 3101 2946 3165 τῆς
3006 3094 3332 3172 κλεισοῦρας
3390 3096 3694 3173 συνέψεται.
3731 3099 3796 3157 Ei

2131 3184 2234 3259 γὰρ
2292 3179 2702 3255 διαϐησείοντας
2763 3186 2910 3257 ἡμᾶς
2958 3184 3251 3255 αἶ’σθοιντο,
3312 3188 3401 3243 καὶ
3462 3188 3537 3252 εἰς
3565 3190 3797 3246 ἀντίπα-

2135 3271 2235 3328 λον
2276 3272 2363 3328 ἐπὶ
2415 3277 2526 3328 τῶν
2582 3279 2872 3329 στενωπῶν
2932 3274 3303 3346 ἀντιτάξοιντο
3359 3276 3634 3355 φάλαγγα,
3693 3280 3798 3336 οὐκ

2136 3361 2213 3424 εἷς
2273 3360 2441 3418 καλὸν
2500 3364 2635 3435 ἡμῖν
2693 3362 3006 3434 τελευτήσει
3064 3364 3131 3419 τά
3187 3368 3509 3441 πράγματα,
3564 3365 3692 3424 ἀλλ’
3744 3367 3800 3431 ἐς

2135 3452 2367 3529 ἀπορίαν
2420 3452 2510 3507 καὶ
2568 3451 2884 3527 ἀμηχανίαν
2947 3450 3147 3525 δεινήν.
3214 3454 3653 3531 Ἐπιῤῥώσαντες
3700 3459 3795 3513 οὗν

2132 3544 2260 3606 τοὺς
2346 3540 2551 3616 θυμοὺς
2591 3586 2604 3611 ,
2690 3542 2779 3597 xui
2862 3541 3261 3619 λογισάμενοι,
3365 3543 3449 3601 ὅτι
3534 3548 3801 3621 Ῥωμαῖοί

2133 3632 2252 3689 ἐστε
2302 3636 2413 3707 (77)
2471 3633 2522 3687 οἱ
2578 3632 2640 3687 τὸ
2697 3630 2943 3703 ἀντίξουν
2998 3631 3136 3687 ἅπαν
3188 3634 3250 3688 τὸ
3316 3634 3549 3711 πρόσθεν
3599 3635 3802 3700 ὅπλοις

2133 3723 2677 3799 καταστρεφόμενοι,
2730 3718 2919 3777 ἕπεσθε
2974 3723 3074 3791 τὴν
3129 3723 3427 3799 ταχίστην,
3485 3727 3586 3796 τήν
3647 3732 3799 3801 σφῶν

2134 3813 2327 3888 ἀρετὴν
2362 3810 2450 3866 ἐπὶ
2481 3814 2588 3865 τῶν
2622 3807 2792 3885 ἔργων
2828 3808 3284 3886 ἐπιδεικνύμενοι.
3321 3836 3349 3864 ››

2206 3907 2269 3965 δ’.
2330 3911 2514 3966 Ταῦτα
2573 3907 2767 3978 εἰπὼν,
2823 3908 2914 3962 καὶ
2977 3908 3269 3984 ἀριπρεπεῖ
3327 3911 3631 3986 παντευχίᾳ
3661 3924 3800 3977 καθ-

2134 4001 2439 4068 οπΑισθεὶς,
2471 3998 2753 4078 ἐφ”ἱππου
2779 4020 2839 4054 τε
2878 3999 3084 4074 γαύρου
3135 4001 3221 4055 καὶ
3286 3996 3522 4076 σοϐαροῦ
3580 3999 3800 4075 ἐπιϐάς,

2129 4093 2221 4148 καὶ
2284 4088 2413 4166 δόρυ
2482 4088 2904 4163 ἐπωμισάμενος
2969 4092 3234 4162 μήκιστον
3271 4134 3285 4160 ,
3348 4092 3634 4168 ἁπήρχετο
3691 4096 3797 4163 τῆς

2133 4179 2285 4253 ὁδοῦ,
2317 4178 2802 4253 προπορευομὲνην
2845 4180 2952 4253 (78)
2984 4174 3130 4254 ἔχων
3181 4179 3281 4248 τήν
3337 4184 3446 4235 τῶν
3474 4179 3796 4256 λεγομὲνων

2134 4276 2441 4340 ’Δθανάτων
2531 4271 2787 4349 φάλαγγα
2821 4317 2835 4343 ,
2919 4274 3399 4349 τεθωρακισμὲνην
3484 4274 3741 4339 ἐπιεικῶς
3778 4297 3793 4310 ·

2132 4370 2349 4419 εῖποντο
2380 4361 2437 4417 δὲ
2473 4361 2620 4433 αὐτῷ
2653 4359 2878 4417 ὁπλῖται
2914 4363 3008 4434 μὲν
3058 4366 3165 4417 τῶν
3217 4361 3619 4436 ἀλκιμωτάτων
3654 4366 3797 4439 πρὸς

2131 4458 2249 4515 τοῖς
2301 4451 2518 4527 μυρίοις
2573 4450 3041 4527 πεντακισχίλιοι,
3101 4451 3291 4514 ἱππεῖς
3349 4449 3408 4507 δὲ
3465 4453 3654 4527 μύριοι
3702 4454 3804 4509 καὶ

2132 4539 2419 4618 τρισχίλοι
2450 4542 2583 4613 (79).
2644 4540 2722 4596 Τὸ
2754 4536 2811 4595 δὲ
2843 4539 3042 4596 λοιπὸν
3094 4542 3484 4615 στρατιωτικὸν
3536 4544 3673 4615 μετᾶ
3701 4548 3805 4598 τοῦ

376 4654 687 4711 machinas
716 4651 958 4720 vehens,
989 4646 1152 4701 lento
1185 4658 1393 4716 gressu
1430 4647 1589 4697 retro
1643 4638 2024 4710 sequebatur,

2134 4615 2360 4703 θητικοῦ
2391 4632 2522 4703 (80),
2554 4628 2716 4705 φέρον
2763 4628 2860 4692 τὰς
2920 4628 3209 4694 ἑλεπόλεις
3234 4632 3325 4685 xui
3379 4631 3475 4695 τὰς
3529 4630 3805 4688 παντοδα-

1531 4802 1536 4806 .
1577 4758 1638 4813 C.
1681 4758 1744 4813 Β.
1795 4754 1985 4810 HASII
2023 4748 2591 4808 ANNOTATIONES.

442 4910 491 4947 ⁸⁸
517 4902 943 4987 προσϐάλωμεν.
977 4908 1125 4961 Nota
1152 4904 1249 4960 hic
1274 4903 1562 4960 aoristum
1593 4899 1892 4973 subjunct.
1925 4914 2024 4970 pro

2134 4900 2279 4950 turo.
2355 4891 2401 4928 “
2422 4892 2578 4947 Fort.
2623 4887 2956 4963 πολεμίους.
3032 4893 3077 4929 ⁸⁸
3104 4890 3483 4975 ἀναστραφεῖς.
3518 4895 3611 4953 Sic
3657 4896 3796 4953 cod.

370 5003 529 5059 Fort.
559 4996 901 5075 ἀνατραφεὶς,
935 4994 1285 5051 innutritus.
1361 4990 1408 5028 ⁸⁷
1434 4992 1614 5067 ξυροῖς
1645 4989 1776 5045 cod.

367 5142 752 5221 γραμματικὸν
785 5139 1202 5221 ἐνσκευάσασθαι
1243 5137 1312 5221 τά
1356 5132 1545 5221 πολλὰ
1577 5132 1651 5201 (si
1699 5130 1876 5214 modo
1917 5130 2016 5221 lo-

369 5202 598 5274 cus'e'st
627 5216 853 5287 sanus),
884 5208 1461 5287 jamanimadvertit
1499 5221 1768 5261 summus
1799 5204 1886 5258 vir
1915 5202 2025 5258 Co-

367 5290 535 5346 ratiis
558 5289 632 5345 ad
664 5281 823 5343 Vitas
854 5281 1125 5358 parallel.
1158 5281 1410 5358 lll._158.

368 5432 397 5487 ἲ
440 5364 556 5487 (726;
578 5345 913 5487 léegenduin
945 5353 1230 5428 proposui
1263 5352 1324 5407 in
1355 5367 1459 5406 ora
1501 5345 1844 5423 ἀνατραφείς·
1880 5363 2020 5402 con-

396 5451 461 5489 er
636 5474 647 5488 .

768 5498 835 5570 δή
884 5494 1153 5569 Ῥωμαῖοί
1201 5514 1262 5569 γε
1309 5488 1462 5554 ὄντες
1506 5491 1831 5564 scripserat
1872 5492 2020 5563 Aga-

442 5592 531 5631 ias
640 5618 651 5629 .
738 5618 751 5631 .

798 5640 1120 5717 usque_ad
1179 5639 1268 5694 vb.
1330 5634 1589 5690 ὗπονοιαν
1649 5634 2023 5691 Conbeﬁsius

368 5713 543 5789 vertit
571 5735 666 5789 ap.
684 5717 834 5789 Pag.
868 5713 965 5789 1)].
993 5713 1094 5789 ἓξ.

440 5787 552 5857 (70)
581 5776 829 5844 (Ῐοάινθίί.
882 5784 952 5840 II.
985 5784 1109 5838 672.
1142 5784 1190 5838 Α
1221 5778 1406 5844 ἱππεῖς
1466 5776 1522 5836 δὲ
1588 5776 1666 5842 εἷς
1717 5795 2024 5853 τετραιοχι-

2128 5122 2523 5208 itiopclneque
2555 5124 2618 5180 in
2650 5125 2763 5207 hoc
2794 5125 3036 5197 quidem
3066 5127 3305 5208 variant_
3323 5127 3593 5186 Codices.
3625 5128 3791 5185 Com-

2128 5197 2323 5283 befi'sii
2355 5213 2534 5268 prava
2560 5197 2752 5282 versio
2806 5215 3018 5283 vocum
3076 5200 3542 5283 praecedentium
3569 5218 3583 5256 :
3616 5202 3803 5257 decem

2129 5270 2311 5355 millia
2352 5285 2528 5355 supra
2578 5272 2906 5355 quingentos
2962 5273 3053 5355 in"
3084 5272 3412 5355 Sch‘loezeri
3489 5275 3805 5329 Nestorem

2130 5341 2418 5414 Russische_
2438 5341 2706 5414 Annalen"
2744 5344 2800 5396 in
2829 5342 2982 5414 threr
3012 5342 3444 5414 Grundsprache
3470 5346 3536 5401 V.
3575 5347 3697 5399 155.
3736 5344 3800 5398 Β.

2132 5430 2194 5470 se
2229 5412 2567 5494 transfudit2
2607 5413 2725 5494 ubi.
2763 5418 2886 5494 tota
2913 5413 3154 5494 .Leonuis
3210 5412 3282 5471 de
3321 5415 3498 5494 bello
3549 5415 3803 5494 Russico

2130 5485 2393 5560 narratio
2427 5500 2499 5560 ex
2528 5484 2777 5560 Criticis_
2792 5484 2926 5555 Pagi
2958 5502 3015 5555 p.
3053 5489 3174 5560 ίξῌ.
3211 5518 3279 5528 —-
3311 5492 3453 5560 177.
3484 5487 3800 5560 repetitur.

2131 5557 2302 5685 itppud
2335 5555 2583 5611 Cedren.
2634 5557 2813 5627 paulo
2872 5562 3027 5626 post,
3088 5556 3157 5614 ll.
3209 5561 3315 5614 672
3343 5560 3403 5614 Β.
3440 5555 3647 5615 lim—4.
3682 5556 3809 5612 ἐνέ-

2172 5648 2287 5685 αοε.
2312 5627 2334 5682 l
2364 5620 2608 5680 ἐνέϐαλε.

2172 5645 2287 5690 uos.
2312 5645 2334 5682 ι
2364 5645 2608 5680 ενεοαΛε.

2203 5700 2314 5776 (80)
2348 5700 2472 5755 Vox
2502 5697 2723 5769 θητικὸν
2756 5715 2827 5755 ex
2858 5701 3109 5773 Agathia
3140 5703 3263 5758 130.
3299 5704 3365 5760 Ι).
