4118 6422
328 400 452 459 849

332 534 443 596 τὰς
499 531 779 609 μηχανὰς.

333 620 592 699 προέδρῳ
621 622 912 695 Βασιλείῳ,
945 623 991 694 ᾧ
1011 623 1110 691 τὴν
1140 620 1350 677 τούτων
1384 623 1413 677 ὁ
1446 617 1701 697 βασιλεὺς
1740 617 2001 693 ἐπέτρεψε

332 714 611 789 πρόνοιαν.
646 712 798 768 Ἐπεὶ
838 708 895 767 δὲ
939 711 1067 774 τοὺς
1124 709 1441 790 ἐπισφαλεῖς
1500 708 1591 765 καὶ
1646 706 1995 784 κρημνώδεις

332 802 538 866 τόπους
594 798 823 856 διώδευε
878 803 992 875 (81)
1074 799 1223 878 παρά
1287 805 1461 855 πᾶσαν
1526 798 1784 854 ὑπόνοιαν
1816 797 1883 867 ⁸⁸,
1932 797 1995 852 τὸ

332 893 589 948 σύντονον
649 889 898 966 ἐπισχὼν
955 893 1056 955 τῆς
1113 891 1359 965 πορείας,
1419 888 1507 944 ἐπί
1567 908 1732 958 τινος,
1790 885 1994 963 ἐχυροῦ

329 979 589 1056 γηλόῳου
643 983 751 1053 (82)
837 978 896 1034 ἐκ
949 983 1047 1034 τοῦ
1134 981 1244 1052 [Ρ.
1280 980 1398 1051 82]
1477 976 1705 1049 θατέρου
1795 973 1995 1050 μέρους

331 1065 710 1146 παραρρέοντα
741 1069 790 1104 ⁸9
827 1063 1052 1143 ἔχοντος
1084 1068 1358 1139 ποταμὸν,
1423 1063 1629 1121 ὑδάτων
1689 1063 1991 1139 πληθώραν

332 1157 810 1235 ἐπαγγελλόμενον
840 1160 885 1194 το
919 1201 934 1227 ,
991 1159 1091 1227 τήν
1132 1177 1193 1212 τε
1242 1156 1410 1211 ἳππον
1468 1155 1560 1209 καὶ
1611 1155 1702 1209 τὸν
1762 1154 1990 1226 στρατὸν

329 1246 706 1304 διανὲπαυσεν.
738 1248 894 1323 Ἄρτι
945 1245 1001 1301 δὲ
1058 1248 1327 1319 σταθηρᾶς
1380 1246 1589 1320 ἡμέρας
1639 1242 1988 1317 ἀπαυγαζού-

326 1361 454 1410 σης,
516 1336 803 1402 διαναστάς
857 1336 947 1392 καὶ
1007 1337 1062 1399 ἐς
1124 1336 1338 1412 βαθείας
1396 1335 1684 1413 φάλαγγας
1737 1332 1986 1404 διατάξας

323 1430 390 1485 τὸ
423 1432 752 1506 στράτευμα,
781 1430 883 1497 τὴν
916 1427 1003 1483 ἐπὶ
1060 1423 1439 1503 [Ιραισθλάϐας
1494 1428 1601 1498 ῇει,
1661 1426 1861 1498 θαμινά
1888 1426 1985 1488 τὰς

320 1518 628 1594 σάλπιγγας
686 1520 750 1574 τὸ
804 1515 1054 1575 ἐνυάλιον
1142 1517 1602 1594 ἐγκελευσάμενος
1694 1515 1929 1590 ἐπηχεῖν
1969 1560 1984 1586 ,

324 1607 620 1678 ἀλαλάζειν
647 1628 706 1664 τε
734 1608 802 1664 τὰ
828 1604 1112 1682 κύμϐαλα,
1144 1605 1235 1662 καὶ
1262 1607 1331 1661 τά
1357 1605 1611 1679 τύμπανα
1632 1609 1888 1679 παταγεῖν
1914 1607 1982 1661 τί.

318 1700 601 1756 Ἐντεῦθεν
652 1698 756 1773 βοή
813 1719 897 1760 τις
948 1695 1185 1772 ἅῤῥητος
1246 1693 1544 1765 ἀνεδίδοτο,
1606 1694 1984 1770 συνεπηχούν-

318 1808 429 1843 των
485 1794 603 1849 τοῖς
657 1788 965 1861 τυμπάνοις
1046 1790 1154 1841 τῶν
1214 1785 1386 1843 ἐκεῖσε
1461 1784 1630 1861 όρέων
1676 1787 1831 1858 (83),
1889 1783 1981 1838 καὶ

313 1876 786 1933 άντικτυπούντῶν
821 1875 929 1931 τῶν
959 1875 1172 1948 ὅπλων,
1228 1875 1319 1930 καὶ
1375 1878 1483 1930 τῶν
1522 1875 1707 1929 ἳππων
1768 1893 1971 1949 χρεμε-
2007 1907 2051 1972 Β

306 1968 596 2038 τιζὸντων,
653 1971 763 2037 τῷν
821 1987 878 2022 τε
924 1964 1134 2041 ἀνδρῶν
1198 1963 1474 2035 ἀλλήλοις
1535 1958 1855 2019 ἐκϐοώντων
1883 1960 1971 2017 καὶ

312 2061 450 2135 πρὸς
531 2061 632 2129 τήν
725 2058 913 2133 μάχην
1000 2053 1469 2132 ἐπιρῥωννύντων,
1543 2055 1619 2117 ὡς
1674 2055 1738 2110 τὸ
1806 2052 1971 2116 εἰκός.

317 2149 702 2223 Ταυροσκύθας
751 2145 830 2219 δὲ,
887 2149 985 2217 τήν
1034 2150 1130 2202 τοῦ
1190 2142 1557 2217 στρατοπέδου
1619 2146 1733 2217 μετ’
1792 2142 1977 2215 ἐμπει-

314 2238 437 2315 ρίας
473 2238 548 2301 ὡς
586 2237 782 2302 αὐτοὺς
838 2238 1174 2312 ἀθρήσαντας
1196 2236 1243 2271 7’
1300 2233 1634 2306 ἐπεξελασιν,
1685 2234 1975 2307 ἀμηχανία

310 2327 405 2384 καὶ
433 2325 552 2390 δέος
611 2324 757 2403 ᾔρει,
812 2332 894 2400 τῷ
918 2323 1323 2402 ἀπροσδοκήτῳ
1378 2322 1823 2399 καταπλαγέντας
1874 2326 1973 2378 τοῦ

308 2416 651 2494 πράγματος·
688 2416 865 2475 una
892 2418 981 2471 καὶ
1023 2413 1097 2478 ὥς
1146 2412 1358 2489 σπουδῇ
1383 2415 1453 2470 τά
1498 2413 1645 2469 ὅπλα
1696 2411 1969 2486 ἁρπάσαν-

303 2529 395 2569 τες
429 2551 443 2575 ,
503 2507 592 2562 καὶ
650 2505 779 2569 τοὺς
839 2504 1064 2581 θυρεοὺς
1130 2503 1541 2578 ἐπωμισάμενοι
1610 2501 1856 2578 (ἐρυμνοὶ
1912 2499 1969 2556 δὲ

309 2598 465 2652 οὗτοι
503 2641 517 2668 ,
573 2598 661 2652 καὶ
717 2596 769 2658 ἐς
824 2596 886 2650 τὸ
944 2595 1183 2673 ἀσφαλὲς
1239 2591 1505 2668 ποδήρεις
1564 2593 1968 2667 ἐξειργασμένοι

303 2686 680 2759 πεποίηνται),
741 2685 795 2748 ἐς
854 2686 1114 2760 καρτερὸν
1174 2683 1649 2745 ἀντικαταστάντες
1708 2703 1966 2737 συνασπι-

303 2777 444 2850 σμὸν
475 2776 543 2846 ⁷³,
602 2776 691 2831 ἐπὶ
741 2777 805 2831 τὸ
867 2776 973 2849 πρὸ
1028 2778 1127 2829 τοῦ
1184 2772 1372 2837 ἄστεος
1426 2770 1741 2842 ἱππήλατον
1782 2768 1963 2826 πεδίον

294 2864 597 2938 Ῥωμαίοις
627 2863 984 2938 ἀντεπῄεσαν,
1024 2860 1181 2932 δίκην
1215 2861 1423 2937 θηρίων
1458 2859 1835 2936 βρυχώμενοι,
1872 2858 1961 2914 καὶ

299 2955 496 3024 καινὴν
528 2954 617 3009 καὶ
649 2951 955 3010 ἀλλόκοτον
1013 2954 1331 3027 προϊέμενοι
1392 2951 1636 3028 ὠρυγτςν.
1695 2949 1962 3023 Ῥωμαῖοι

295 3041 378 3114 δὲ,
432 3038 810 3116 συμϐαλόντες
868 3041 1074 3111 αὖτοές,
1130 3040 1456 3117 ἐρῥωμένως
1512 3040 1811 3114 ἐμάχοντο,
1870 3038 1959 3093 καὶ

293 3134 418 3203 ἄξια
446 3131 712 3206 πολέμων
744 3128 877 3209 ἔργα
919 3132 1257 3207 εἰργάζοντο,
1288 3137 1389 3200 τῆς
1421 3130 1609 3205 μάχης
1660 3126 1961 3189 ἷσοπαλοῦς

297 3223 645 3300 ἀμφοτέροις
676 3222 1067 3298 γεγενημένης.
1119 3221 1381 3278 Ἐνταῦθα
1435 3224 1553 3281 τοῖς
1613 3218 1899 3280 ἀθανάτοις
1930 3217 1959 3272 ὁ

302 3311 561 3388 βασιλεὺς
589 3312 726 3367 κατά
762 3312 825 3366 τὸ
856 3310 1134 3383 εὐώνυμον
1169 3314 1278 3366 τῶν
1333 3311 1557 3364 Σκυθῶν
1607 3307 1767 3381 κέρας
1826 3308 1959 3381 μετά

298 3402 484 3476 ῥύμης
528 3396 840 3457 εἰσϐάλλειν
900 3398 1266 3476 ἐγκελεῦεται.
1325 3399 1394 3457 ()l
1450 3396 1527 3462 δέ,
1586 3392 1959 3473 προϐαλόντες

295 3490 426 3554 τοὺς
461 3491 710 3559 ἄκοντας,
752 3490 839 3545 καὶ
903 3487 1153 3564 σφοδρῶς
1210 3494 1327 3551 τοῖς
1383 3487 1569 3563 μῦωψι
1599 3486 1725 3549 τοὺς
1753 3487 1960 3547 ’ἱππους

284 3580 682 3654 κεντρίσαντες,
744 3577 880 3634 κατά
927 3579 1135 3634 τούτων
1196 3577 1459 3647 ἤλαυνον.
1496 3576 1695 3631 Σκύθαι
1757 3569 1960 3645 δέ,ἅτε

1696 396 2093 459 HISTORIA!
2135 398 2283 460 LIB.
2316 401 2479 463 VIII.

871 528 1046 605 βάδην
1123 530 1400 603 ἐξόπισθεν
1487 531 1695 598 εἷπετο,
1751 527 1865 604 ἅμα
1920 534 1969 585 τί

2108 550 2246 590 cum
2277 536 2494 593 Basilio
2526 537 2801 610 praeside,
2836 540 2929 595 cui
2962 540 3287 613 imperator
3315 542 3532 598 horum
3561 560 3767 601 curam

3647 408 3768 470 850

2110 626 2515 693 commiserat,
2563 628 2664 697 lta,
2715 629 2815 684 ubi
2868 636 3085 702 praeter
3112 632 3383 687 omnium
3415 632 3766 703 opinionem

2107 715 2445 784 periculosa
2498 723 2557 773 et
2611 724 2913 790 praerupta
2967 720 3099 776 loca
3146 721 3517 787 transiverat,
3551 722 3765 785 itinere

2106 804 2324 875 raptim
2356 806 2510 863 188
2543 807 2811 863 confecto
2833 807 3135 876 substitit;
3168 811 3349 881 inque
3373 810 3525 867 colle
3548 818 3764 868 natura

2104 896 2360 965 munito,
2394 898 2496 970 qui
2521 898 2595 955 ab
2627 905 2883 972 utroque
2929 901 3116 956 latere
3164 901 3423 958 habebat
3455 905 3761 974 praeterla-

2103 982 2323 1039 bensco
2337 986 2616 1058 piamque
2646 1004 2938 1059 aquarum
2969 989 3242 1061 praebens
3274 989 3759 1063 ﬂumen,equita-

2102 1077 2228 1127 tum
2263 1078 2321 1128 et
2349 1074 2571 1131 milites
2620 1075 2693 1132 ab
2745 1076 2959 1132 itinere
3006 1077 3233 1133 refecit.
3285 1080 3526 1134 Postero
3556 1081 3651 1137 die
3684 1082 3757 1137 de

2099 1163 2291 1218 multa
2320 1164 2452 1220 luce
2484 1171 2681 1222 movet
2707 1172 2924 1233 castra,
2956 1173 3033 1237 et,
3064 1168 3322 1223 exercitu
3350 1169 3411 1223 in
3433 1172 3759 1241 profundas

2098 1254 2423 1329 phalanges
2445 1257 2756 1328 disposito,
2782 1259 3209 1314 Prmsthlabam
3238 1262 3757 1318 contendit.Lituis

2096 1343 2447 1415 frequenter
2493 1346 2810 1403 classicum
2864 1349 3124 1415 concini,
3182 1349 3455 1420 cymbala
3503 1353 3756 1423 percuti,

2097 1439 2381 1506 tympana
2410 1435 2636 1507 pulsari
2684 1437 2960 1509 imperat.
2996 1439 3140 1493 Tum
3189 1438 3479 1495 ineffabili
3510 1442 3752 1497 fremitu

2095 1529 2309 1579 cuncta
2364 1530 2663 1580 retonant.
2727 1526 3199 1583 Admurmurant
3254 1530 3555 1601 tympanis
3603 1530 3753 1603 juga

2094 1612 2376 1685 regionis,
2408 1620 2773 1687 concrepant
2795 1632 2984 1681 arma,
3016 1617 3305 1673 hinniunt
3331 1619 3489 1690 equi,
3523 1620 3757 1675 concla-

2093 1708 2259 1759 mant
2290 1703 2533 1769 milites,
2561 1721 2744 1776 seque
2770 1706 2846 1761 ad
2867 1706 3142 1778 praalium
3175 1706 3248 1762 de
3280 1724 3447 1764 more
3477 1709 3754 1766 incitant.

2090 1793 2543 1864 Tauroscythas,
2579 1795 2905 1850 exercitum
2936 1812 3073 1851 cum
3104 1812 3216 1850 usu
3249 1796 3493 1852 militari
3524 1798 3753 1854 adven-

2091 1884 2317 1936 tantem
2377 1881 2752 1953 conspicatos
2800 1900 2936 1939 cum
2994 1900 3091 1939 res
3143 1891 3361 1956 praeter
3403 1886 3751 1957 opinionem

2088 1970 2423 2037 accidisset,
2449 1970 2742 2027 dubitatio
2774 1973 3072 2045 timorque
3105 1973 3507 2030 tenuit.Arma
3535 1975 3753 2030 nihilo-

2083 2059 2286 2114 minus
2336 2059 2613 2116 celeriter
2666 2067 2973 2133 ceperunt,
3035 2062 3339 2133 scutisque
3369 2064 3431 2117 in
3459 2064 3743 2119 humeros

2085 2146 2335 2202 sublatis
2364 2149 2457 2220 (ea
2485 2154 2682 2203 autem
2702 2155 2760 2204 et
2790 2150 3073 2220 perfirma
3097 2155 3346 2220 sunt,et,
3376 2168 3493 2223 quo
3523 2151 3744 2207 melius

2085 2242 2303 2308 tegant,
2333 2238 2409 2292 ad
2438 2237 2621 2309 pedes
2652 2239 2996 2309 pertinent),
3030 2238 3299 2295 conferta
3327 2241 3453 2295 acie
3483 2240 3547 2295 in
3579 2242 3743 2311 equi-

2082 2326 2247 2381 tabili
2297 2333 2434 2382 ante
2478 2327 2764 2399 oppidum
2821 2328 3071 2399 planitie
3101 2330 3385 2385 Romanis
3416 2329 3649 2385 obviam
3679 2347 3744 2386 se

2083 2416 2449 2487 obtulerunt,
2525 2417 2865 2473 belluarum
2931 2419 3051 2474 ritu
3116 2420 3439 2492 rugientes,
3510 2420 3743 2476 sublato

2081 2505 2306 2561 absono
2335 2512 2618 2578 vastoque
2646 2507 2903 2564 ululatu.
2927 2508 3140 2563 Praalio
3162 2510 3483 2565 commisso
3511 2511 3746 2566 fortiter

2082 2600 2352 2667 pugnant
2371 2596 2582 2663 nostri,
2602 2596 2871 2652 facinora
2891 2596 3108 2652 bellica
3127 2598 3428 2654 mirabilia
3448 2598 3739 2655 efficiunt.

2078 2685 2224 2738 Cum
2268 2684 2492 2739 diutius
2543 2686 2671 2756 pari
2722 2688 2901 2741 Marte
2953 2686 3357 2757 dimicaretur,
3415 2688 3742 2760 imperator

2074 2774 2451 2830 Immortales
2473 2775 2781 2832 sinistrum
2805 2775 3157 2847 Scytharum
3179 2793 3366 2832 cornu
3388 2794 3569 2833 cursu
3590 2778 3740 2834 inci-

2078 2867 2198 2917 tato
2221 2863 2442 2918 adoriri
2457 2863 2944 2935 jubet.Hi,equos
2965 2864 3297 2920 calcaribus
3319 2865 3737 2936 incendentes,

2075 2951 2303 3008 lanceis
2324 2951 2558 3008 infestis
2581 2953 2739 3009 I84
2762 2953 2826 3008 in
2847 2953 3049 3009 hostes
3081 2971 3143 3010 se
3173 2955 3547 3025 permittunt.
3580 2956 3739 3021 Quo-

2073 3059 2209 3098 rum
2241 3041 2520 3113 cuspides
2551 3058 2689 3098 cum
2741 3043 2992 3114 Scythas,
3044 3048 3111 3097 ut
3152 3043 3405 3115 pedites,
3438 3044 3735 3101 sustinere

2071 3148 2192 3186 non
2224 3135 2508 3202 possent:
2541 3146 2738 3203 neque
2759 3130 2919 3187 enim
2942 3131 3255 3203 przeliandi
3288 3148 3360 3188 ex
3390 3133 3560 3205 equis
3590 3151 3735 3189 con-

2073 3220 2452 3277 suetudinem
2502 3220 2745 3290 habent,
2797 3237 2992 3292 neque
3042 3238 3113 3277 ea
3150 3221 3212 3276 in
3245 3238 3308 3277 re
3340 3228 3732 3282 exercentur:

2068 3311 2221 3384 fuga:
2254 3328 2316 3366 se
2348 3311 2658 3379 mandant,
2692 3312 2876 3382 inque
2905 3312 3106 3383 oppidi
3140 3313 3359 3368 mmnia
3389 3329 3452 3367 se
3483 3315 3731 3370 conclu-

2069 3400 2251 3456 dunt:
2284 3416 2434 3471 quos
2492 3400 2747 3456 insecuti
2806 3401 3059 3456 Romani
3108 3401 3279 3456 nulla
3315 3402 3734 3459 misericordia

2069 3490 2479 3545 conciderunt.
2542 3490 2676 3544 Haec
2736 3490 3133 3561 impressione
3200 3491 3546 3547 interfectos
3599 3509 3730 3549 esse

2072 3578 2239 3634 aiunt
2270 3578 2514 3649 Scythas
2546 3578 2733 3634 octies
2765 3579 2931 3635 mille
2953 3580 3332 3652 quingentos.

290 3668 604 3745 πεζέταιροι
664 3668 1126 3744 χρηματίζοντες·
1188 3664 1315 3722 οὐδὲ
1372 3667 1473 3742 γάρ
1531 3666 1622 3741 ἀφ’
1679 3663 1869 3720 ἵππων
1953 3664 2253 3739 εἰθισμένον
2335 3664 2476 3720 ἐστὶν
2547 3664 2733 3727 αὐτοῖς
2819 3665 3195 3742 ἀγωνίζεσθαι,
3259 3666 3344 3721 ὅτι
3401 3665 3542 3740 μηδέ
3594 3668 3734 3744 πρὸς

288 3762 454 3814 τοῦτο
511 3757 903 3833 γυμνάζονται·
956 3756 1069 3836 οὐχ
1127 3756 1432 3830 ὑπήνεγκαν
1487 3754 1582 3810 τὸν
1637 3758 1746 3809 τῶν
1823 3754 2116 3827 Ῥωμαίων
2198 3752 2552 3829 δορατισμὸν,

292 3848 389 3903 τὸν
446 3851 542 3902 τοῦ
603 3844 789 3907 ἄστεος
844 3840 1147 3921 περίϐολον
1208 3843 1600 3900 συνεκλείοντο·
1665 3841 1756 3905 οὕς
1814 3841 2173 3917 ἐπισπόμενοι
2231 3846 2501 3917 Ῥωμαῖοι
2554 3842 2805 3915 ἀνηλεῶς
2862 3839 3115 3901 ἔκτεινον.

2640 3753 2767 3811 ἀλλ’
2841 3753 3180 3817 ἐκκλίναντες
3239 3755 3317 3818 εἷς
3376 3759 3573 3835 φυγὴν,
3632 3755 3721 3812 ἐπὶ

3202 3846 3342 3900 Φασὶ
3420 3846 3523 3922 γὰρ
3581 3867 3687 3922 παρ
3699 3846 3732 3901 ἀ

289 3958 496 4009 ταυτην
526 3938 626 4005 τήν
659 3932 977 4012 προσϐολήν
1014 3934 1147 3990 ὀκτα
1174 3934 1488 4010 κισχιλίους
1521 3934 1655 4009 πρὸς
1690 3933 1807 3996 τοὶς
1837 3935 2219 3997 πεντακοσίοις
2253 3935 2600 4010 ἀναιρεθῆναι
2635 3939 2881 3998 Σκυθῶν.

363 4040 421 4098 ε’.
452 4039 519 4095 Οἱ
552 4036 610 4094 δῖε
648 4035 1115 4115 περιλειφθέντες,
1162 4036 1276 4092 ἐπεὶ
1330 4036 1468 4106 πρὸς
1513 4036 1578 4092 τὸ
1635 4036 1766 4092 ἄστυ
1828 4056 1955 4091 συν-

290 4127 690 4199 εκλείσθησαν,
749 4126 808 4182 ἐκ
861 4128 970 4182 τῶν
1029 4125 1304 4197 ἐπάλξεων
1357 4124 1560 4181 ἄνωθεν
1626 4125 1952 4202 ἐρρωμένως

292 4213 746 4293 ἠκροϐολίζοντο·
807 4219 1121 4287 Τηνικαῦτα
1141 4214 1355 4291 λέγεται
1381 4214 1472 4270 καὶ
1500 4216 1592 4270 τὸν
1654 4214 1951 4291 Πατρίκιον

2137 4040 2190 4091 5.
2223 4037 2332 4103 Qui
2356 4038 2794 4109 superfuerant,
2818 4038 2858 4092 ii
2888 4037 2948 4093 in
2976 4037 3263 4110 oppidum
3289 4039 3506 4094 inclusi
3539 4056 3570 4095 e
3601 4057 3727 4095 mu-

2066 4128 2148 4183 ris
2188 4127 2382 4200 deque
2438 4128 2568 4184 loco
2629 4128 2933 4199 superiore
2988 4129 3122 4184 telis
3179 4130 3466 4202 conjectis
3496 4128 3731 4187 fortiter

2065 4216 2449 4273 resistebant.
2483 4217 2703 4273 Eodem
2737 4222 3004 4289 tempore
3034 4217 3381 4289 Calocyrem
3410 4218 3732 4276 Patricium

1504 4371 1566 4423 C.
1610 4368 1672 4424 Β.
1716 4368 1904 4422 HASII
1944 4366 2503 4423 ANNOTATIONES.

367 4540 415 4576 ⁸⁸
441 4538 718 4627 ὑπόνοιαν.
752 4542 1100 4627 Nota‘voce-s
1141 4537 1406 4627 ξπρόνοιαγ
1435 4546 1507 4627 'et
1554 4536 1812 4627 ὑπόνοιαν
1845 4539 1969 4627 mi}:

2084 4541 2278 4626 Lcinas,
2324 4539 2869 4627 ob‘negligentiam
2910 4540 3011 4627 :el
3067 4540 3332 4627 ipopiam
3393 4540 3723 4627 scriptoris.

296 4611 345 4689 ".9
373 4610 775 4689 παραῤῥέοντφς
805 4612 935 4669 οοά·
1036 4612 1083 4647 τ’
1138 4608 1813 4689 ἒτέαγγελλάμὲνος.-οοά-

298 4685 572 4742 ﬁrmatur
597 4685 946 4757 conjectura
976 4699 1111 4739 mea
1141 4700 1322 4756 supra
1350 4686 1440 4738 66.
1478 4687 1540 4739 Ο.

1917 4609 1966 4645 ’⁷1
1991 4616 2269 4684 παταγεῖν.
2334 4611 2461 4668 Vid.
2522 4609 2703 4683 Slup'ra
2758 4615 2846 4667 22-
2910 4614 2970 4668 Β·

1617 4681 1666 4717 ⁷³
1695 4683 2051 4756 συνασπισμῷ
2090 4681 2222 4739 cod.

3071 4613 3116 4647 ⁷³
3169 4613 3306 4688 ἀθρή
3316 4631 3527 4675 σαντας.
3582 4613 3727 4669 Inde

372 4885 484 4955 (8t)
519 4883 793 4967 Imitatur
818 4883 927 4967 beo
950 4883 1216 4967 totohhoc
1237 4882 1430 4965 capite
1463 4880 1724 4967 Agathiaa
1753 4896 1965 4964 narra:-

2084 4899 2167 4967 τας
2227 4880 2315 4967 καὶ
2374 4879 2466 4934 τὸν
2526 4880 2827 4967 ἒρῃμικόν.
2856 4880 2972 4967 βίον
3026 4879 3460 4967 ἀσπαζομένους,
3519 4883 3588 4967 ἐν.
3610 4890 3730 4948 τοῖς

301 4952 524 5012 tionem
559 4957 680 5010 124.
723 4956 784 5010 C.
819 4956 883 5010 D.
936 4954 1009 5009 de
1068 4952 1353 5009 Romanis
1409 4952 1673 5008 montem
1731 4952 1960 5026 regioni

302 5027 772 5082 Misimianorum
802 5026 1102 5099 objectum
1136 5026 1376 5081 nemine
1429 5025 1756 5080 obsistente
1789 5025 1958 5097 supe-

298 5100 589 5155 rentibus.

370 5174 480 5239 (82)
507 5169 904 5237 Credendum,
938 5169 1279 5224 Tzimiscem
1331 5168 1722 5239 Andrinopoli
1760 5167 1953 5239 profe-

296 5249 455 5297 ctum
478 5259 582 5314 per
603 5243 870 5297 Haemum
894 5242 953 5314 in
970 5241 1184 5312 Panysi
1207 5240 1537 5314 convallem
1561 5256 1622 5293 se
1644 5239 1958 5314 demisisse

298 5314 397 5368 ubi
430 5311 558 5369 erat
586 5314 794 5369 civitas
826 5311 1288 5383 Probati,’cujus
1316 5313 1597 5383 frequens
1628 5312 1853 5365 mentio
1894 5311 1957 5366 in

300 5386 426 5441 Vita
460 5403 568 5441 ms.
606 5386 861 5457 (Opinor)
919 5384 973 5438 S.
1018 5384 1300 5445 Evaresti.
1360 5384 1518 5439 circa
1550 5400 1607 5438 a.
1661 5385 1785 5457 844.
1820 5398 1954 5438 cum

292 5457 503 5530 legatis
527 5454 848 5512 Theodori!)
876 5462 1146 5530 Augustae
1169 5472 1270 5530 eas
1293 5457 1451 5530 ipsas
1475 5461 1674 5530 partes
1696 5454 1954 5530 lustran-

293 5526 387 5584 tis'.
422 5530 499 5583 De
531 5545 648 5599 quo
680 5532 837 5585 inter
865 5526 984 5599 alia
1026 5528 1153 5583 haec
1210 5527 1272 5582 in
1329 5526 1487 5599 Cod.
1526 5528 1662 5599 Reg.
1713 5543 1827 5599 sese
1858 5526 1953 5599 X_:

295 5600 390 5653 Καὶ
420 5599 494 5660 ὡς
526 5594 743 5671 πρόςντι
792 5596 1088 5671 πολίχνιον
1124 5597 1412 5671 Δεὶρακιξιὸν
1468 5594 1758 5671 Προϐάτου
1791 5594 1955 5671 λεγό-

294 5691 454 5743 μενον
484 5666 849 5749 παρεγένοντο
879 5666 1010 5731 τοῧς
1065 5666 1276 5749 πὸνιέυςΔ
1319 5666 1789 5749 διαναπαύΔσοντες,
1822 5666 1955 5749 πίον-

291 5736 509 5807 δάνεταί
538 5736 688 5809 τινάς
743 5745 773 5799 ὁ
829 5742 1134 5818 Εὐάρεστος
1181 5738 1379 5816 ἄνδρας
1430 5736 1689 5809 εὐλαϐείᾳ
1746 5736 1951 5809 συζῶν-

2072 4950 2455 5037 πλησιάζουεξις
2519 4950 3073 5037 χῄροιςσ-ὑπάρχειν
3174 4950 3255 5009 ἐν’
3310 4950 3466 5037 τόπιέι
3547 4953 3734 5037 Δλεγοε-

2070 5022 2218 5099 μένω
2253 5022 2712 5099 Σχοπέλῳῗριιιθ
2743 5025 2877 5080 ideo
2907 5022 3006 5081 hic
3035 5043 3213 5097 pono,
3245 5029 3404 5099 quod
3434 5022 3507 5085 Le
3539 5022 3727 5094 Quien

2068 5098 2295 5172 Orient.
2339 5098 2554 5172 Christ.
2592 5100 2629 5152 Ι.
2665 5099 2822 5172 118ἓὶ.
2880 5099 2939 5172 l3.
2975 5104 3218 5172 praeter
3248 5117 3428 5156 unam
3462 5100 3727 5172 episcopi

2070 5168 2570 5241 subscriptionem
2604 5169 2835 5241 nullam
2885 5168 3064 5241 hujus
3113 5171 3366 5227 civitatis
3412 5168 3725 5227 occurrere

2071 5240 2437 5297 mentionem
2467 5246 2655 5312 putat.
2690 5240 2770 5296 De
2819 5240 3063 5313 Scopelo
3098 5242 3255 5297 idem
3286 5241 3430 5298 ibid.
3466 5244 3621 5296 1185.
3658 5244 3722 5298 D.

2140 5314 2251 5384 (83)
2289 5314 2460 5385 Velut
2503 5313 2707 5385 Turcis
2758 5313 3164 5369 Cantacuzeno
3196 5314 3340 5385 imp.
3373 5314 3726 5368 auxilianti-

2066 5383 2423 5456 bus,'apud
2463 5384 2792 5456 Nicaaphor.
2846 5385 3083 5456 Gregor.
3146 5383 3355 5439 Histor.
3395 5386 3468 5456 ll.
3503 5386 3606 5438 457
3656 5389 3724 5442 Α.

2066 5455 2218 5529 Ἐπεὶ
2252 5452 2309 5509 δὲ
2339 5454 2429 5529 καὶ
2488 5452 2783 5529 το“ίς’-τιῖ›νΔ
2828 5452 3152 5529 σαλπίγγῳν
3208 5474 3267 5507 τε
3317 5455 3407 5529 καὶ
3433 5458 3556 5529 λιτῶν
3585 5473 3725 5527 τυμ-

2065 5526 2249 5600 πάνων
2283 5525 2503 5600 κρότοις
2537 5523 2949 5600 συνανεκίρνατο
2978 5520 3063 5579 καῖ
3101 5526 3134 5593 ἡ
3165 5520 3617 5600 τοῖς-βαρϐάροις
3651 5520 3721 5570 -ζ-

2063 5595 2625 5673 ἠλικιῶτίςκλαγγή,
2654 5619 2719 5673 x.
2753 5595 2802 5655 τζ
2855 5595 2910 5652 λ.
2965 5598 3265 5668 Expressit
3297 5595 3405 5651 [Leo
3439 5596 3535 5652 hic
3565 5615 3716 5670 quo-

2063 5688 2178 5743 que
2209 5672 2519 5744 Agathiam
2552 5675 2672 5727 102.
2703 5672 2765 5726 Β.
