4118 6432
343 426 461 487 855

1791 418 2078 487 LEONIS
2131 417 2445 481 DIAGONI

3651 417 3775 482 856

345 556 741 628 direptionem
772 554 1060 610 conversi.
1120 555 1263 611 Inde
1315 555 1540 628 regiam
1589 558 1996 627 oppugnatum

2118 555 2289 623 μενεῖς
2319 550 2750 624 ἀποκτείνοντες,
2808 550 2874 606 τά
2933 550 2990 608 δὲ
3047 552 3312 627 χρήματα
3347 548 3772 626 διαρπάζοντες.

347 650 385 700 1
402 648 496 700 37
523 650 955 715 venerunt,quo
980 649 1107 699 erat
1135 645 1321 715 copias
1346 643 1605 698 Russicm
1628 642 2005 713 compulsum

343 735 545 790 robur.
578 734 704 799 Qui,
739 734 900 788 intus
930 734 1149 789 acriter
1201 750 1263 789 se
1315 732 1726 799 defendentes,
1762 747 1865 785 eos
1902 727 2005 801 qui

339 840 447 895 per
464 823 763 894 portulam
779 838 840 878 se
853 821 1739 890 immittebant,obtruncabant,
1756 818 2007 875 milites-

342 929 457 984 que
490 913 574 967 sic
604 912 677 967 ad
709 919 950 968 centum
986 914 1443 986 quinquaginta,
1472 912 1656 967 fortes
1687 911 1864 981 viros,
1901 927 2009 981 op-

340 995 843 1075 presserunt.Qua
862 1019 926 1058 re
948 1003 1541 1075 cognitajmperator
1566 1017 1721 1072 equo
1744 999 2007 1055 admisso

340 1108 681 1158 accurrens,
706 1092 948 1147 cohorte
971 1092 1251 1164 prmtoria
1282 1091 1443 1147 omni
1466 1091 1518 1144 vi
1541 1091 1604 1144 in
1637 1091 1870 1145 hostem
1894 1088 2006 1142 niti

331 1183 525 1254 jnssa,
546 1181 649 1237 ubi
675 1198 795 1236 non
828 1182 1084 1236 multum
1108 1182 1315 1252 proﬁci
1338 1198 1512 1253 posse
1535 1179 1832 1234 intellexit
1850 1180 2005 1250 (pro-

342 1277 547 1343 pterea
576 1271 737 1343 quod
761 1288 881 1326 non
914 1273 1087 1343 pauci
1126 1277 1377 1344 angusta
1406 1271 1644 1343 portula
1674 1267 2004 1324 intromissi

343 1376 495 1431 aque
525 1361 943 1432 Tauroscythis
1003 1361 1229 1432 excepti
1287 1376 1463 1431 parvo
1521 1358 1761 1430 negotio
1791 1356 2004 1428 gladiis

342 1448 596 1504 confecti
621 1448 1443 1519 interibant),inconsiderato
1468 1451 1870 1503 Romanorum
1894 1446 2004 1500 im-

342 1544 483 1610 petu
515 1555 810 1610 represso,
831 1539 1029 1610 ignem
1053 1538 1317 1608 undique
1342 1553 1446 1608 per
1475 1535 1921 1608 propugnacula
1944 1535 2006 1589 in

341 1627 567 1699 regiam
600 1627 838 1681 immitti
866 1627 1069 1698 jussit.
1087 1628 1295 1699 Magna
1324 1626 1567 1681 ﬂamma
1597 1625 1915 1691 emicante,
1949 1629 2007 1678 et

345 1716 516 1771 obvia
547 1733 799 1787 quasque
848 1717 1124 1771 celeriter
1167 1720 1579 1782 consumente,
1627 1715 1797 1769 Russi
1831 1714 2005 1768 tectis

346 1806 566 1878 egressi
600 1806 733 1877 plus
759 1823 834 1860 vn
860 1823 917 1860 Μ.
938 1822 1213 1872 numero,
1237 1805 1299 1858 in
1320 1804 1570 1876 locoque
1596 1804 1819 1875 patenti
1851 1803 2004 1858 aulaa

2114 641 2426 710 Τηνικαῦτα
2454 643 2540 696 καὶ
2575 645 2643 715 τῇ
2689 641 2954 716 βασιλείῳ
3011 642 3154 716 αὐλῇ
3209 635 3616 715 προσέϐαλλον,
3650 638 3702 694 ἐν
3733 638 3771 715 ᾖ

2114 731 2513 799 τῆςῬωσικῆς
2555 730 2804 800 πληθύος
2865 730 3113 802 συνώσθη
3176 732 3239 786 τὸ
3300 733 3575 805 μάχιμον.
3607 728 3771 785 Ἀλλ’

2114 818 2378 882 εὐσθενῶς
2429 815 2581 875 ἔνδον
2645 820 3127 883 ἀντικαταστάντες
3187 821 3238 874 οἱ
3300 820 3499 874 Σκύθαι
3541 820 3773 881 τούτους

2113 906 2370 984 ἆνῄρουν,
2430 906 2519 964 διὰ
2568 916 2666 980 τῆς
2741 907 2972 971 πυλίδος
3029 908 3499 979 ἐξολισθαίνοντας
3556 910 3624 976 ⁸ο,
3682 908 3774 963 καὶ

2119 999 2286 1073 μέχρι
2345 1003 2451 1052 τῶν
2498 999 2684 1053 ἑκατὸν
2735 998 2826 1053 καὶ
2884 1000 3221 1069 πεντήκοντα
3299 996 3497 1071 ἄνδρας
3555 996 3773 1052 ἀνεῖλον

2112 1085 2388 1148 νεα-ιικούς
2422 1090 2552 1160 (90).
2585 1089 2647 1145 Ὀ
2688 1084 2746 1142 δὲ
2799 1087 3057 1162 βασιλεὺς
3085 1090 3150 1143 τὸ
3180 1092 3430 1142 τοιοῦτον
3459 1086 3776 1159 σύμπτωμα

2110 1175 2298 1251 γνοὺς,
2359 1178 2549 1231 θᾶττον
2610 1176 3044 1250 ἐξιππασάμενος
3098 1179 3172 1243 ⁸⁸,
3212 1177 3374 1231 παντὶ
3424 1179 3595 1240 σθένει
3638 1177 3777 1250 πρὸς

2112 1266 2209 1333 τήν
2248 1264 2434 1341 μάχην
2471 1272 2676 1341 χωρεῖν
2726 1273 2843 1328 τοῖς
2903 1265 3193 1339 ἑπομένοις
3227 1265 3623 1339 προύτρέπετο’
3658 1263 3777 1320 ἐπεὶ

2114 1352 2172 1408 δὲ
2203 1355 2304 1409 οὐκ
2355 1355 2473 1429 εἶχέ
2531 1376 2581 1409 τι
2639 1361 2882 1431 γενναῖον
2936 1354 3176 1409 άνύττειν
3213 1354 3327 1427 (διὰ
3356 1357 3460 1430 γὰρ
3489 1363 3589 1424 τῆς
3626 1356 3774 1409 ἐστε-

2110 1443 2363 1515 νωμένης
2421 1443 2651 1508 πυλίδος
2703 1444 2832 1506 τοὺς
2891 1443 3157 1508 εἶ’σιόντας
3194 1444 3573 1517 Ταυροσκύθαι
3609 1441 3774 1519 δεχό-

2117 1556 2266 1607 μενοι
2328 1535 2563 1597 εὐπετῶς
2627 1536 3071 1609 κατειργάζοντο,
3139 1534 3432 1598 πλείστους
3490 1556 3771 1590 κατασπα-

2112 1622 2395 1697 θίζοντες),
2427 1626 2526 1693 τήν
2593 1626 2689 1697 μὲν
2747 1625 2937 1699 πρόσω
2992 1630 3103 1680 τῶν
3159 1626 3450 1698 Ῥωμαίων
3483 1624 3777 1701 ἀλόγιστον

2114 1714 2295 1786 ὁρμὴν
2353 1714 2689 1789 ἀνεχαίτισε,
2748 1717 2855 1791 πῦρ
2911 1711 2969 1768 δὲ
3024 1717 3093 1785 τῇ
3153 1711 3301 1787 αὐλῇ
3351 1715 3657 1789 ἑκασταχοῦ
3689 1711 3782 1768 διὰ

2111 1807 2218 1857 τῶν
2250 1800 2565 1877 περιϐόλων
2621 1798 2815 1858 ἐνιέναι
2863 1804 3178 1877 προσέταξε.
3238 1807 3350 1872 Τῆς
3402 1801 3461 1858 δὲ
3504 1809 3776 1877 πυρκαϊᾶς

345 1895 683 1967 constipati,
730 1895 1145 1950 defensionem
1191 1893 1498 1966 parabant.
1547 1894 1648 1947 His
1677 1895 2008 1964 Imperator

2118 1889 2352 1970 σφοδρᾶς
2421 1891 2918 1968 ἀναῤῥιπισθείσης,
2994 1891 3086 1945 καὶ
3158 1891 3522 1968 ἐκτεφρούσης
3582 1894 3776 1946 θᾶττον

345 1983 596 2040 Bardam
630 1985 897 2039 Sclerum
921 1984 1263 2056 Magistrum
1296 2000 1430 2037 cum
1462 1983 1702 2037 cohorte
1734 1981 2011 2053 expedita

345 2074 602 2146 objecit:
638 2089 834 2144 neque
866 2090 1001 2127 vero
1059 2072 1317 2136 Sclerus,
1375 2078 1693 2142 postquam
1736 2071 1873 2125 illos
1901 2086 2008 2124 suo

342 2162 809 2217 fortissimorum
866 2162 1125 2217 militum
1198 2159 1431 2233 agmine
1489 2160 2008 2231 circumsepserat.

341 2252 481 2305 huic
510 2251 597 2305 rei
623 2250 832 2306 defuit.
866 2252 955 2305 Ita
982 2250 1190 2322 praelio
1222 2250 1543 2304 commisso
1574 2249 1811 2303 tametsi
1834 2247 2007 2302 Russi

339 2340 557 2395 acriter
585 2339 1058 2403 resistebant,ita
1088 2346 1153 2393 ut
1184 2354 1391 2393 eorum
1421 2354 1597 2392 nemo
1632 2344 1860 2409 tergum
1889 2353 2009 2390 ver-

336 2434 511 2494 teret,
545 2435 745 2483 tamen
777 2427 1027 2482 Romani
1059 2428 1273 2482 virtute
1308 2432 1366 2481 et
1411 2427 1834 2481 exercitatione
1863 2425 2007 2480 belli

341 2517 684 2588 superiores
714 2517 853 2571 facti
877 2532 1085 2570 omnes
1116 2516 1513 2570 conﬁxerunt.
1548 2515 1769 2569 Eodem
1801 2515 2007 2586 prmlio

344 2608 504 2662 Moesi
533 2607 921 2679 quamplures
947 2607 1312 2675 ceciderunt,
1347 2607 1448 2675 qui
1484 2607 1755 2661 hostibus
1785 2606 2009 2661 auxilio

343 2702 600 2767 fuerant,
638 2700 926 2755 Romanis
960 2699 1198 2766 infensi,
1235 2699 1395 2769 quod
1426 2698 1713 2754 adventus
1745 2698 2009 2752 hostium

342 2790 496 2847 188
551 2790 626 2845 ad
686 2806 749 2843 se
806 2805 988 2844 causa
1019 2789 1409 2854 exstitissent,
1464 2787 1830 2859 Sphencelus
1871 2804 2007 2841 cum

343 2879 570 2951 paucis,
626 2877 700 2933 ad
761 2876 1345 2948 Sphendosthlabum
1393 2875 1548 2930 clam
1577 2876 1836 2947 elapsus,
1869 2875 2007 2944 fuga

346 2969 457 3025 sibi
490 2969 723 3040 peperit
750 2967 1003 3023 salutem
1031 2983 1043 3021 :
1080 2983 1214 3021 eum
1254 2966 1551 3038 posterius
1591 2967 1838 3037 periisse
1871 2982 2008 3021 mox

346 3057 874 3113 demonstrabitur.
898 3058 964 3111 In
988 3057 1146 3110 hunc
1170 3056 1410 3111 modum
1434 3054 2006 3123 Praesthlaba,biduo

346 3152 699 3219 expugnata,
733 3147 795 3199 in
826 3150 1183 3216 potestatem
1215 3147 1616 3200 Romanorum
1648 3144 1825 3198 venit.

2115 1983 2183 2035 τὰ
2242 1980 2596 2054 ὑποκείμενα,
2654 1986 2761 2035 τῶν
2823 1980 3008 2054 δόμων
3072 1981 3448 2050 ὑπεξελθόντες
3503 1982 3555 2035 οἱ
3612 1982 3778 2047 Ῥῶς,

2123 2071 2254 2144 ὑπὲρ
2309 2070 2437 2132 τοὺς
2489 2069 2940 2145 ἑπτακισχιλίους
2997 2072 3383 2146 τυγχάνοντες,
3440 2067 3494 2133 ἔς
3544 2069 3775 2125 153216

2118 2161 2381 2234 ὕπαιθρον
2455 2167 2555 2229 τῆς
2633 2159 2859 2222 αὐλαίας
2941 2162 3401 2233 συσπειραθέντες,
3477 2161 3779 2232 ἀμύνεσθαι

2115 2255 2232 2311 τοῖς
2286 2248 2499 2303 ἐπιοῦσι
2556 2255 2666 2319 (91)
2725 2251 3212 2323 παρεσκευάζοντο.
3268 2249 3496 2312 Τούτοις
3540 2252 3568 2305 ὁ
3622 2251 3777 2325 βασι-

2118 2337 2243 2398 λεὺς
2276 2334 2484 2413 Βάρδαν
2518 2336 2828 2413 Μάγιστρον
2884 2339 2984 2406 τήν
3042 2338 3297 2413 Σκληρὸν
3355 2339 3488 2412 μετὰ
3529 2342 3782 2394 νεανικοῦ

2118 2429 2494 2503 συντάγματος
2551 2428 2848 2498 ἀντέταξενο
2909 2430 3002 2491 οὕς
3052 2431 3483 2503 κυκλωσάμενος
3534 2434 3603 2503 τῇ
3653 2451 3783 2483 συν-

2118 2518 2358 2591 επομένῃ
2389 2515 2632 2593 φάλαγγι
2662 2523 2770 2573 τῶν
2821 2517 3225 2591 ἀλκιμωτάτων
3276 2517 3486 2592 ἀνδρῶν
3520 2520 3547 2573 ὁ
3580 2516 3780 2588 Σκλη-

2120 2608 2234 2684 ρὸς,
2283 2604 2442 2683 ἔργου
2504 2606 2688 2682 εἴχετο
2741 2613 2877 2678 (92).
2939 2609 3045 2664 Καὶ
3101 2615 3204 2678 τῆς
3263 2607 3595 2681 συμπλοκῆς
3622 2629 3783 2684 γενο-

2122 2695 2288 2767 μένης
2316 2702 2593 2771 καρτερῶς
2641 2698 2693 2751 οἱ
2737 2698 2875 2758 Ῥῶς
2919 2695 3277 2772 διεμάχοντο,
3313 2698 3389 2770 μὴ
3423 2696 3603 2760 δόντες
3632 2702 3782 2753 νῶτα

2115 2790 2234 2846 τοῖς
2260 2785 2482 2862 ἐχθροῖς
2513 2787 2783 2859 Ῥωμαῖοι
2828 2784 2887 2840 δὲ
2940 2790 3008 2859 τῇ
3071 2792 3218 2863 σφῶν
3250 2786 3415 2860 ἀρετῇ
3446 2787 3535 2841 καὶ
3565 2791 3634 2861 τῇ
3665 2792 3776 2842 τῶν

2116 2874 2378 2948 πολέμων
2441 2874 2600 2949 πείρᾳ
2678 2875 3069 2946 κατηκόντισαν
3156 2877 3418 2946 ἅπαντας,
3502 2877 3774 2933 πλείστων

2116 2964 2320 3018 ’ὀτικαὶ
2379 2966 2582 3021 Μυσῶν
2638 2967 2775 3019 κατᾶ
2824 2964 3025 3035 ταύτην
3081 2965 3355 3019 πεσόντων
3415 2967 3517 3035 τὴν
3561 2967 3774 3041 μάχην·

2118 3054 2233 3127 οἳγε
2260 3056 2641 3125 συνεπήμυνον
2705 3053 2961 3117 Σκύθαις.
3022 3054 3326 3126 Ῥωμαίοις
3381 3052 3776 3128 δυσμεναίνον-

2112 3163 2220 3210 τες,
2254 3142 2328 3204 ὡς
2360 3144 2636 3218 γεγονόσιν
2692 3142 2888 3204 αἰτίοις
2943 3150 3045 3212 τῆς
3106 3144 3181 3205 ὡς
3238 3142 3435 3206 αὐτοὺς
3478 3146 3775 3219 γεγενημέ-

344 3257 445 3303 νης
476 3235 704 3310 ἀφίξεως
737 3235 818 3307 [Ρ.
855 3235 944 3305 85]
976 3236 1084 3287 τῶν
1121 3234 1366 3288 Σκυθῶν.
1423 3232 1732 3310 Σφέγκελος
1788 3228 1847 3285 δὲ
1902 3231 2049 3305 παρᾶ
2101 3233 2192 3286 τὸν
2254 3227 2709 3310 Σφενδοσθλάὸον
2743 3232 2948 3307 ᾤχετο,
2993 3236 3139 3309 φυγῇ
3176 3234 3291 3305 μετ’
3324 3233 3533 3309 ὀλίγων
3565 3232 3774 3307 κλέψας

341 3325 443 3393 τήν
479 3325 772 3395 σωτηρίαν·
806 3319 961 3384 αὖθις
991 3318 1048 3375 δὲ
1079 3321 1338 3394 ἀνῃρέθη,
1395 3318 1541 3395 ὥσγε
1604 3341 1698 3392 μοι
1756 3317 1865 3391 ἤδη
1929 3319 2226 3394 εἷ’ρήσεται.
2285 3319 2447 3375 Ἀλλ’
2501 3320 2646 3374 οὕτω
2701 3321 2798 3393 μὲν
2828 3323 2862 3390 ἡ
2899 3316 3271 3396 Πραισθλάϐα,
3309 3321 3359 3375 ἐν
3396 3319 3548 3376 δυσὶν
3580 3320 3774 3392 ἡλίοις

342 3412 569 3482 ἁλοῦσα,
604 3411 707 3466 ὑπὸ
737 3409 1034 3484 Ῥωμαίοις
1069 3409 1303 3485 ἐγένετο.

413 3523 466 3575 8.
496 3521 753 3575 Joannes
783 3520 1107 3591 imperator
1151 3518 1438 3574 exercitui
1468 3517 1905 3585 honestatibus,
1936 3523 2004 3573 ut
2042 3521 2084 3587 C

343 3627 451 3683 par
481 3615 626 3680 erat,
650 3616 857 3665 ornato
884 3608 1155 3680 requiem
1181 3608 1363 3673 dedit,
1388 3607 1771 3679 divinamque
1803 3609 2008 3663 Serva-

342 3700 490 3754 toris
518 3699 1019 3754 resurrectionem
1048 3714 1116 3752 eo
1138 3699 1199 3751 in
1223 3697 1350 3752 loco
1374 3696 1712 3752 celebravit.
1738 3695 1881 3753 Inde
1904 3713 2007 3752 ex-

347 3786 581 3858 Scythis
600 3788 789 3857 captis
804 3786 1069 3841 delectos
1085 3784 1315 3855 aliquot
1331 3784 1405 3839 ad
1418 3784 2006 3855 Sphendosthlabum

348 3874 642 3944 misit,qui
665 3872 868 3945 oppidi
891 3873 1390 3946 expugnationem
1422 3888 1785 3943 suorumque
1807 3872 2009 3927 interi-

348 3970 478 4018 tum
507 3964 876 4029 nuntiarent,
910 3961 1319 4032 dicerentque,
1352 3960 1482 4015 sine
1533 3977 1703 4016 mora
1753 3961 2004 4016 duarum

348 4068 575 4119 rerum,
608 4058 741 4107 utra
771 4052 824 4107 ei
854 4051 1039 4123 magis
1070 4050 1232 4106 cordi
1258 4056 1433 4117 esset,
1450 4066 1580 4105 eam
1604 4050 1883 4123 eligeret:
1909 4056 2011 4106 aut

349 4143 532 4198 armis
562 4141 793 4214 positis,
828 4140 1150 4197 victoribus
1208 4140 1661 4211 obsequeretur,
1705 4141 2008 4212 petitaque

346 4232 699 4305 arrogantiae
731 4231 901 4286 venia
932 4230 1246 4286 confestim
1273 4230 1470 4285 Moesia
1501 4229 1851 4296 decederet;
1885 4235 2007 4298 aut,

347 4323 409 4378 id
436 4324 482 4377 si
512 4321 722 4391 nollet,
741 4338 923 4393 seque
951 4321 1024 4375 ad
1047 4320 1435 4376 domesticam
1463 4320 1853 4392 pervicaciam
1874 4336 2011 4375 con-

346 4416 621 4480 verteret,
645 4416 711 4466 ut
735 4410 899 4466 omni
931 4410 983 4463 vi
1014 4409 1086 4465 ab
1120 4409 1576 4465 adventantibus
1608 4411 2009 4465 Romanorum

346 4501 536 4572 copiis
563 4516 625 4555 se
649 4506 934 4556 tueretur.
970 4500 1070 4555 His
1119 4499 1194 4555 ad
1240 4498 1827 4571 Sphendosthlabum
1857 4499 2011 4554 datis

2185 3518 2255 3587 η’.
2315 3518 2579 3587 Ἰωάννης
2639 3513 2697 3570 δὲ
2746 3518 2774 3571 ὁ
2828 3515 3203 3592 αὐτοκράτωρ,
3252 3517 3351 3585 τήν
3397 3518 3668 3593 στρατιάν,
3702 3518 3779 3579 ὡς

2115 3611 2176 3660 τὸ
2242 3606 2409 3675 εἰκὸς,
2495 3604 3067 3685 φιλοφρονησάμενος,
3146 3602 3452 3678 διανέπαυε,
3511 3606 3601 3661 καὶ
3673 3608 3777 3676 τὴν

2113 3696 2256 3751 θείαν
2289 3695 2573 3752 ἀνάστασιν
2630 3701 2729 3751 τοῦ
2788 3703 3047 3771 Σωτῆρος
3102 3701 3206 3768 (93)
3263 3696 3451 3761 αὐτόθι
3485 3698 3776 3772 ἑώρταζεν.

2115 3787 2220 3842 Ἐκ
2272 3807 2331 3840 τε
2386 3791 2495 3840 τῶν
2558 3784 2924 3860 δορυαλώτων
2983 3788 3379 3853 Ταυροσκυθῶν
3430 3807 3582 3848 τινας
3633 3786 3777 3841 ἀπο-

2114 3873 2296 3949 κρίνας
2357 3874 2432 3935 ὡς
2486 3873 2579 3928 τὸν
2660 3867 3110 3952 Σφενδοσθλάϐον
3173 3872 3459 3945 ἐξέπεμπε,
3515 3875 3617 3942 τήν
3674 3881 3780 3944 τῆς

2116 3958 2335 4022 πόλεως
2393 3959 2599 4016 ἅλωσιν
2660 3961 3099 4036 ἀπαγγελοῦντας
3156 3960 3301 4033 αὐτῷ
3361 3961 3450 4017 καὶ
3506 3963 3605 4030 τήν
3664 3968 3773 4017 τῶν

2118 4051 2347 4125 ἑταίρων
2380 4049 2672 4126 ἀναίρεσιν,
2717 4051 2934 4126 φράζειν
2985 4071 3064 4121 τε,
3125 4051 3199 4122 μὴ
3270 4048 3613 4122 διαμέλλειν,
3648 4051 3778 4108 ἀλλ’

2119 4141 2387 4216 αἱρεῖσθαι
2443 4142 2541 4210 τὴν
2601 4141 2871 4216 ταχίστην
2932 4136 3081 4194 δυοῖν
3142 4141 3386 4213 θάτερον·
3429 4144 3464 4211 ἦ
3506 4141 3574 4196 τὰ
3631 4141 3780 4197 ὅπλα

2118 4230 2437 4284 καταθέσθαι
2494 4229 2584 4283 καὶ
2645 4234 2760 4291 τοῖς
2817 4229 3090 4305 κρείττοσι
3145 4235 3490 4305 πειθαρχεῖν,
3540 4232 3631 4285 καὶ
3663 4235 3777 4286 τῶν

2116 4316 2549 4391 τετολμημένων
2601 4318 2934 4394 συγγνώμην
2984 4317 3177 4385 αἰτεῖν,
3227 4318 3590 4398 ἀφιστάμενον
3626 4320 3782 4390 ἐξαυ-

2116 4414 2220 4477 τῆς
2250 4409 2442 4483 χώρας
2486 4414 2586 4478 τῆς
2638 4412 2744 4462 τῶν
2803 4412 3023 4463 Μυσῶν
3074 4409 3136 4477 ἢ,
3185 4412 3351 4463 τοῦτο
3388 4410 3463 4478 μή
3501 4409 3778 4485 βουλομέ-

2119 4516 2214 4550 νου
2268 4496 2338 4569 ⁸³,
2396 4494 2525 4551 ἀλλ’
2584 4494 2658 4558 εἷς
2693 4496 2792 4564 τὴν
2856 4495 3152 4573 σύντροφον
3204 4494 3487 4551 αὐθάδειαν
3541 4498 3780 4553 ἀποκλί-

1545 4677 1609 4733 G.
1652 4679 1713 4733 Β.
1757 4676 1947 4733 HASII
1990 4676 2555 4732 ANNOTATIONES.

421 4846 468 4881 ³ο
497 4840 987 4916 ἐξολισθαίνοντας.
1040 4845 1167 4899 Sive
1219 4811 1650 4915 EthaOoBvraq.
1698 4845 1838 4900 Cod.
1886 4845 2010 4899 hab<

2118 4842 2547 4916 Egoltceot'wmc,
2597 4848 2664 4916 ut
2703 4844 2776 4898 ab
2826 4841 3076 4913 ἐξολίζω.
3130 4845 3318 4916 Supra
3346 4847 3434 4901 28.
3480 4849 3539 4903 Β.
3577 4846 3773 4902 ὑπολι-

352 4909 700 4991 σθήσας..30.
732 4917 792 4972 C.
828 4909 1268 4991 :5_1to)u001§asv.sv.
1337 4919 1381 4952 δί
1414 4915 1836 4989 ἐξιππισάμενος
1867 4916 1996 4971 cod.

2118 4917 2124 4948 ³
2150 4909 2208 4976 ἒς
2238 4934 2316 4971 τε.
2348 4909 2496 4968 ἔσται
2528 4914 2655 4970 cod.
2706 4917 2787 4971 Ib.
2838 4909 3306 4991 συσπειραθέντων
3338 4919 3467 4974 cod.
3547 4922 3594 4956 ⁸³
3623 4921 3769 4976 Male

355 4982 731 5063 βουλομένους
763 4987 891 5042 cod.

421 5159 549 5231 (90),
571 5154 827 5231 Νεανικὸς
881 5155 1065 5231 apud_
1088 5156 1343 5231 Leonem
1402 5162 1492 5231 est
1518 5159 1702 5225 fortis,
1733 5164 2007 5231 strenuus,
2042 5168 2087 5231 Ι)

351 5227 584 5295 αειὲν,⁷7,
620 5229 680 5284 Β.
714 5228 774 5284 C.
810 5231 895 5281 10.
928 5231 987 5283 C.
1034 5227 1098 5283 D.
1148 5233 1229 5282 l2.
1284 5230 1345 5283 Β.
1390 5230 1477 5282 23.
1512 5233 1568 5281 U.
1605 5231 1693 5282 51.
1728 5230 1787 5283 C.
1820 5230 1907 5282 52.
1946 5230 2007 5283 Β.

351 5303 439 5355 54.
466 5303 530 5354 Α.
557 5303 643 5352 71.
673 5302 734 5355 D.
758 5301 845 5353 84.
873 5300 937 5353 D.
964 5301 1053 5354 89.
1074 5303 1131 5351 C.
1157 5299 1279 5371 [ubi
1305 5301 1471 5363 verti,
1491 5300 2008 5371 audaciajuveniti]

351 5373 511 5426 92.3.
571 5372 663 5425 Sic
723 5370 1036 5441 Nicephor.
1098 5369 1306 5424 Tactic.
1348 5373 1465 5424 161.
1516 5371 1577 5425 Β.
1637 5369 1729 5422 σὺν
1781 5369 2011 5442 ἱππασίᾲ

352 5443 595 5513 νεανικῇ,
630 5444 786 5513 equis
815 5445 1019 5513 acriter
1047 5442 1252 5496 citatis.
1297 5442 1487 5506 Quare
1520 5442 1785 5513 phrasim
1818 5447 1902 5496 67.
1941 5448 2006 5499 A.

353 5511 578 5566 ἔπιπτον
641 5511 692 5564 οἱ
748 5512 1146 5586 νεανικώτεροι.
1208 5513 1484 5586 Scylitzes
1521 5511 1901 5586 iCedI‘enusq.
1937 5517 2006 5571 ll.

355 5587 479 5639 668.
516 5592 554 5638 A
593 5584 843 5658 mutuati
879 5589 1315 5658 expresserunt,
1345 5583 1631 5637 πίπτουσιν
1668 5585 1720 5637 οἱ
1754 5583 2006 5658 ἀλκιμώ-

353 5675 524 5726 τεροι.
585 5653 837 5728 Νεανικὸν
880 5653 968 5728 31ζ
1020 5657 1086 5728 A.
1135 5660 1225 5709 est
1260 5659 1484 5723 fortiter
1541 5675 1585 5711 s.
1639 5653 2010 5728 animose'fa-

357 5730 503 5779 ctum
530 5731 595 5780 ut
620 5726 796 5797 apud.
828 5726 996 5781 Cedr.
1035 5727 1101 5780 ll.
1134 5728 1256 5779 64⁸7.
1291 5728 1348 5781 Β.

2122 5157 2307 5283 4⁵9(913)
2340 5157 2620 5229 Agathias
2649 5159 2737 5211 20.
2770 5160 2837 5212 A.
2870 5154 3165 5229 ἀμύνεσθαι
3197 5156 3263 5224 ἢν
3312 5178 3397 5219 τις
3429 5157 3595 5214 ἐπίοι·
3632 5163 3776 5218 item

2194 5301 2301 5370 (92)
2334 5301 2613 5372 Agathias
2644 5303 2732 5354 45.
2768 5300 2829 5354 C.

2188 5368 2302 5441 (‘93)
2336 5368 2474 5427 ln‘de
2507 5371 2943 5441 emendandus,
2977 5368 3208 5441 opinor,
3244 5372 3409 5429 Cedr.
3450 5374 3520 5429 ll.
3556 5378 3678 5431 674.
3715 5379 3774 5432 Β.

2114 5438 2213 5509 τήν
2270 5448 2370 5509 τῆς
2430 5442 2582 5516 ἁγίας
2630 5438 3285 5517 ,Ἀναστασίαςπελέσαςγ
3322 5445 3538 5517 ἑορτήν.
3584 5449 3770 5506 Codd,

2118 5531 2354 5588 quoque
2380 5513 2513 5588 cum
2532 5516 2717 5588 ipsius
2734 5513 2987 5588 _Cedreni
3012 5518 3135 5568 tum
3160 5513 3413 5588 Scylitza:
3435 5517 3659 5573 habent
3676 5527 3777 5588 τῆς

2117 5585 2207 5659 ἀγ.
2243 5585 2599 5646 ἀναστάσεως.
2650 5586 2786 5640 Vide
2832 5590 3031 5639 tamen
3081 5585 3345 5643 anno'tat.
3380 5588 3666 5661 Xylandri
3697 5585 3774 5647 ad

2118 5658 2178 5713 h.
2208 5656 2248 5713 l.
2284 5660 2371 5712 26.
2408 5662 2473 5713 A.
2508 5665 2567 5713 et
2596 5663 2768 5712 notas
2798 5662 3017 5727 poster.
3053 5658 3221 5712 Goari
3258 5662 3345 5714 54.
3379 5661 3441 5713 Β.

2165 5699 2178 5713 .
2208 5675 2248 5713 ι.
2284 5675 2371 5712 ΖΟ.
2408 5675 2473 5713 Λ.
2508 5675 2567 5713 οι
2596 5675 2768 5712 n0tas
2798 5675 3017 5714 DOSEBI‘.
3053 5675 3221 5712 hoan
3258 5675 3345 5714 54.
3381 5675 3441 5713 ὕ.
