4118 6464
413 442 529 518 861

1842 436 2237 513 HlS‘l‘ORLE
2279 447 2431 511 LIB.
2478 449 2638 512 VIII.

3719 460 3839 519 862

413 581 584 662 ἂρδην
626 582 885 657 ἐμέλισαν
945 580 1203 646 ἅπαντας.
1254 587 1413 659 ’Ἄρτι
1467 582 1525 639 δὲ
1564 588 1670 640 τῶν
1731 581 2058 657 στράτευμά

2188 584 2321 635 sent
2351 581 2665 646 exercitus,
2722 572 3135 653 Tauroscythae
3193 601 3415 639 cuneos
3461 601 3601 640 suos
3657 585 3845 642 hastis

406 696 517 731 των
550 673 602 736 ἐς
631 675 722 728 τὸν
756 674 863 749 πρὸ
892 670 989 728 τοῖ’)
1040 672 1384 748 Δορυστόλου
1431 678 1617 750 χῶρον
1678 670 2072 740 συνελθόντων,

414 765 563 820 ὅκαὶ
596 765 860 841 Δρίστραν
906 764 953 799 ⁸⁷
1009 764 1328 836 κικλήσκειν
1389 764 1645 820 εἰώθεσαν
1863 768 2073 837 Ταυρο-

414 854 602 909 σκύθαι
641 856 735 928 μὲν
764 851 956 930 ἔγχεσι
983 854 1073 909 καὶ
1105 856 1324 930 θυρεοῖς
1351 855 1446 918 τὰς
1505 852 1789 934 φάλαγγας
1845 850 2072 908 πυκνώ-

417 965 628 1011 σαντες,
659 944 748 1000 καὶ
783 946 902 999 οἷον
948 944 1353 1020 πυργώσαιιτες,
1409 943 1543 1007 τοὺς
1592 941 1874 1018 δυσμενεῖς
1926 938 2073 1013 παρὰ

415 1035 482 1092 τὸ
514 1033 847 1110 μεταίχμιον
874 1029 1091 1107 ἔμενον.
1148 1034 1460 1109 Ῥωμαίους
1512 1030 1571 1090 δὲ
1617 1033 1757 1089 κατά
1817 1033 2068 1106 μέτωπον

415 1123 688 1195 ἀντιτάξας
732 1125 760 1180 ὁ
821 1123 1097 1201 βασιλεὺς,
1155 1124 1245 1179 καὶ
1328 1124 1463 1186 τοὺς
1549 1120 1920 1194 πανσιδήρους
1976 1119 2073 1173 ἰπ-

410 1215 581 1274 πὸτας
639 1215 779 1270 κατὰ
835 1215 1057 1289 θάτερον
1114 1215 1279 1288 κέρας
1360 1214 1874 1286 παραστησάμενος,
1943 1210 2073 1271 τούς

2186 671 2492 742 sentisque
2524 672 2784 743 rigentes
2818 673 3354 746 condensatosque,
3380 675 3526 730 adeo
3556 682 3621 730 ut
3643 693 3842 732 muro-

2181 778 2317 816 rum
2354 763 2611 832 speciem
2645 761 2952 818 haberent.
2988 764 3049 817 in
3082 765 3268 818 aciem
3302 765 3601 835 explicant
3654 783 3840 839 Oppe-

2181 849 2418 904 riuntur
2450 850 2669 905 hostes.
2704 853 3003 907 Romanos
3025 870 3096 908 ex
3125 853 3368 909 adverso
3401 854 3483 909 ita
3546 855 3841 928 disposuit

2182 940 2527 1012 imperator,
2544 946 2609 994 ut
2631 941 2862 1011 equites
2884 943 3294 1013 cataphractos
3312 943 3371 997 in
3387 949 3638 1015 utroque
3653 962 3837 1001 cornu

2181 1029 2507 1086 collocaret
2542 1048 2554 1097 ;
2592 1031 2951 1101 sagittarios,
2983 1032 3336 1100 funditores,
3371 1034 3497 1089 sine
3530 1036 3837 1091 intermis-

2183 1121 2350 1176 sione
2380 1119 2499 1175 tela
2529 1121 2830 1192 conjicere
2852 1122 3077 1192 jussos,
3112 1139 3145 1177 a
3176 1128 3335 1195 tergo
3366 1123 3705 1195 subjiceret.
3740 1126 3836 1180 His

2180 1210 2264 1264 ita
2293 1210 2656 1277 constitutis,
2693 1210 2861 1282 signa
2890 1211 3097 1265 inferri
3130 1212 3404 1284 imperat.

405 1323 464 1358 τε
520 1304 744 1375 τοξότας
801 1304 891 1359 καὶ
945 1302 1311 1383 σφενδονήτας
1370 1303 1648 1376 ἐξόπισθε)
1708 1300 2023 1374 ἐπιστήσας,
2080 1295 2171 1353 καὶ
2230 1298 2433 1370 θαμινά
2496 1296 2719 1372 βάλλειν
2781 1296 3254 1374 ἐγκελευσάμενος,
3314 1298 3479 1376 ἐπῆγε
3541 1302 3641 1369 τήν
3728 1304 3834 1380 φά-

410 1392 609 1451 λαγγα.

479 1415 483 1447 :
556 1415 609 1451 α.

479 1415 518 1546 ἔ
516 1415 553 1547 .Y
564 1493 686 1549 Τῶν
721 1489 779 1547 δὲ
841 1490 1220 1568 στρατοπέδων
1256 1493 1332 1557 εἷς
1363 1501 1555 1570 χεῖρας
1604 1491 1883 1564 ἀλλήλοις
1932 1508 2061 1544 συν·

410 1581 783 1656 αραχθὲντων,
843 1582 933 1637 καὶ
993 1580 1232 1657 σφοδρᾶς
1285 1586 1383 1646 τῆς
1477 1586 1662 1660 μάχης
1717 1578 2064 1657 καταρῥαγείο

409 1691 529 1740 σης,
564 1668 858 1742 ἷσοπαλής,
891 1673 1037 1746 παρὰ
1090 1672 1186 1736 τὰς
1242 1674 1461 1747 πρώτας
1510 1668 1827 1747 προσϐολὰς
1857 1671 1885 1725 ὁ
1918 1670 2062 1744 ἀγὼν

2250 1490 2335 1544 10.
2360 1487 2666 1542 Exercitus
2688 1504 2823 1544 cum
2845 1505 3093 1545 manum
3126 1490 3391 1561 undique
3425 1496 3830 1559 consererent,

2176 1576 2496 1632 commisso
2514 1578 2804 1633 acerrime
2823 1579 3028 1650 praelio
3047 1595 3081 1634 a
3100 1580 3292 1650 primo
3318 1597 3638 1652 congressu
3661 1598 3831 1653 aequo

2176 1667 2357 1720 Marte
2381 1666 2481 1721 diu
2514 1665 2861 1723 dimicatum
2912 1674 3020 1723 est.
3058 1670 3227 1724 Russi
3259 1670 3442 1736 enim,
3491 1671 3746 1742 graviter
3778 1676 3833 1725 et

402 1759 538 1821 τέως
597 1758 649 1814 ἐν
706 1759 1039 1837 ἀμφοτέροις
1098 1759 1327 1837 ἐγίνετο.
1383 1763 1517 1824 Ῥῶς
1574 1762 1667 1836 μὲν
1722 1760 1822 1836 γάρ
1883 1756 2057 1814 δεινόν

2177 1755 2388 1810 acerbe
2419 1755 2696 1824 ferentes,
2729 1758 2777 1812 si
2810 1757 3071 1826 laudem,
3091 1775 3207 1828 qua
3239 1759 3395 1830 apud
3426 1765 3632 1831 gentes
3657 1760 3836 1815 ﬁniti-

402 1869 507 1903 που
537 1848 627 1904 καὶ
661 1850 918 1925 σχέτλιον
946 1849 1245 1925 τιθέμενοι,
1280 1852 1323 1907 εἷ
1359 1849 1512 1925 δόξαν
1545 1850 1692 1926 παρά
1720 1854 1828 1904 τῶν
1888 1869 2061 1924 προσ-

405 1937 569 1993 οίκων
603 1937 768 1994 ἐθνῶν
802 1936 1042 2016 ἔχοντες,
1089 1939 1142 1995 ἐν
1192 1946 1310 2003 ταῖς
1374 1943 1580 2016 μάχαις
1627 1939 1708 1995 ἀεὶ
1752 1942 1859 1993 τῶν
1918 1937 2065 1992 ἀντι-

404 2026 597 2083 πάλων
639 2031 881 2105 κρατεῖν,
941 2034 1029 2084 νῦν
1093 2030 1196 2085 ὑπὸ
1252 2029 1541 2103 Ῥωμαίων
1588 2029 1836 2104 αἰσχρῶς
1891 2027 2062 2096 ἡττηδ

405 2119 582 2182 θέντες
637 2117 840 2189 ταύτης
918 2114 1216 2189 ἐκπέσοιεν,
1301 2116 1556 2194 ἐκθύμως
1641 2114 2060 2192 διηγωνίζοντο.

401 2206 698 2280 Ῥωμαίοις
737 2205 795 2263 δὲ
853 2206 1026 2273 αῗδώς
1080 2230 1162 2271 τις
1221 2207 1391 2283 εῗσῄει
1449 2207 1539 2263 καὶ
1595 2206 1832 2281 νὲμεσις,
1896 2205 1947 2261 εἷ’
1998 2204 2062 2283 ςτό

404 2295 648 2368 ἀντίξουν
677 2295 816 2353 ἅπαν
850 2297 1049 2361 ὅπλοις
1096 2297 1188 2353 καὶ
1238 2302 1304 2373 τῇ
1358 2301 1508 2372 σφῶν
1560 2298 1723 2371 ἀρετῇ
1768 2315 2062 2369 καταστρε-

408 2386 661 2465 φόμενοι,
684 2390 776 2441 νῦν
808 2386 1122 2457 ἀπέλθοιεν,
1155 2389 1303 2464 παρᾶ
1353 2389 1804 2467 πεζοελαχοῦντος
1855 2383 2061 2452 ἔθνους,

410 2476 735 2546 ἱππάζεσθαι
801 2474 1065 2552 μηόόλως
1123 2474 1354 2544 εἰδότος,
1412 2478 1927 2551 καταγωνισθέντες,
1985 2472 2062 2537 ὣς

404 2587 545 2627 τινες
571 2559 746 2641 ἔργων
802 2565 989 2643 μάχης
1042 2568 1356 2636 ἀνάσκητοι,
1409 2566 1497 2621 καὶ
1553 2570 1816 2621 τοσοῦτον
1876 2564 2061 2626 αὐτοῖς

404 2654 456 2710 ἐν
491 2655 681 2732 ἀκαρεῖ
708 2653 870 2718 κλέος
926 2655 1238 2732 οἷ’χήσεται.
1299 2656 1409 2718 Τὰς
1466 2654 1720 2717 τοιαύτας
1779 2651 1844 2724 δή
1907 2652 2063 2726 δόξας

403 2747 530 2819 παρ’
562 2746 778 2808 ἑαυτοῖς
811 2745 1135 2820 ἐντρὲφοντα
1194 2744 1261 2800 τὰ
1311 2743 1689 2821 στρατεύματα
1745 2742 2064 2821 θαρραλέως

405 2831 821 2911 διηγωνίζοντο·
867 2835 957 2890 καὶ
1001 2835 1140 2896 Ῥὦς
1186 2830 1280 2907 μὲν
1329 2838 1397 2909 τῇ
1447 2834 1733 2910 συντρόφῳ
1791 2829 2061 2907 θηριωόίᾳ

404 2923 498 2977 καὶ
565 2927 644 2995 τῷ
702 2927 861 2997 θυμῷ
930 2922 1422 2998 στρατηγούμενοι,
1484 2922 1617 2996 μετὰ
1687 2921 1867 2997 ῥύμης
1925 2920 2062 2976 κατᾶ

402 3011 696 3085 Ῥωμαίων
730 3010 1040 3090 ἐφήλλοντο
1073 3013 1159 3086 [Ρ.
1203 3015 1316 3085 87],
1369 3013 1485 3068 οἷον
1543 3011 1926 3077 ἐνθουσιῶντες
1970 3010 2060 3066 καὶ

413 3103 789 3177 βρυχώμενοιο
820 3102 1087 3175 Ῥωμαῖοι
1121 3098 1179 3157 δὲ
1229 3102 1346 3176 μετ’
1394 3100 1680 3179 ἐμπειρίας
1732 3100 1824 3158 καὶ
1872 3121 2057 3177 τεχνι-
2100 3135 2144 3202 C

407 3197 509 3260 κῆς
540 3190 851 3265 ἐπιστήμης
882 3191 1070 3254 αὐτοῖς
1118 3191 1467 3266 ἀντεπῄεσαν.
1529 3192 1626 3247 Καὶ
1681 3192 1875 3268 συχνοὶ
1933 3190 2059 3268 παρ’

408 3279 728 3359 ἀμφοτέρων
762 3279 987 3337 ἔπιπτον
1014 3274 1129 3337 ’τῶν
1189 3287 1394 3356 μερῶν,
1443 3280 1533 3337 καὶ
1587 3282 1757 3360 μέχρι
1807 3282 1901 3355 μὲν
1951 3279 2059 3337 δεί-

409 3366 515 3440 λης
575 3367 797 3445 βαθείας
855 3370 1269 3448 ἆμφιτάλαντος
1301 3373 1335 3440 ἡ
1364 3370 1488 3441 νίκη
1536 3366 1735 3441 ἐδόκει,
1783 3368 1917 3445 τῇδε
1962 3371 2057 3425 κά-

407 3463 553 3513 κεῖσε
583 3460 1028 3538 μεταφερομένης
1054 3467 1155 3530 τῆς
1190 3459 1400 3536 μάχης.
1461 3456 1602 3531 Ἤδη
1662 3457 1719 3514 δὲ
1765 3458 1863 3515 τοῧ
1913 3479 2060 3538 φωσ-

410 3549 585 3626 φόρου
644 3547 1086 3626 καταφερομένου
1142 3550 1279 3624 πρὸς
1339 3546 1572 3622 δυσμὰς,
1644 3549 1744 3617 τήν
1798 3545 1969 3602 ’ίππον
2033 3548 2061 3602 ὁ

412 3634 666 3713 βασιλεὺς
725 3639 823 3694 ἀνά
881 3641 1079 3713 κρᾶτος
1142 3640 1329 3702 αὐτοῖς
1413 3638 1724 3715 ἐπιρράξας,
1778 3634 2059 3711 ἐμϐοήσας

404 3749 485 3796 τε,
515 3726 827 3802 Ῥωμαίους
861 3720 1017 3792 ὄντας
1065 3727 1152 3784 ἐπὶ
1210 3734 1317 3784 τῶν
1364 3726 1538 3804 ἔργων
1585 3729 1685 3798 τὴν
1736 3732 1882 3802 σφῶν
1934 3727 2061 3803 ἀρε-

404 3819 504 3887 τὴν
534 3815 952 3888 ἐπιδείκνυσθαι,
979 3823 1087 3874 τῶν
1144 3817 1353 3894 ἀνδρῶν
1416 3817 1691 3896 ἐπέρρωσε
1736 3818 1802 3873 τά
1852 3819 2060 3897 φρονή-

413 3928 575 3982 ματα,
609 3903 935 3985 Ἐπὲϐρνσαν
965 3910 1065 3983 γὰρ
1098 3904 1312 3982 ἐκτὸπῳ
1359 3914 1520 3985 φορᾷ,
1569 3908 1659 3964 καὶ
1711 3908 1763 3963 οἱ
1821 3907 2062 3983 σαλπιγ-

403 3998 525 4054 κταῖ
572 3996 636 4054 τό
692 3998 938 4056 ἐνυάλιον
999 3997 1375 4071 ἐπηλάλαξαν,
1430 3999 1521 4054 καὶ
1584 4000 1687 4076 βοή
1748 4020 1832 4061 τις
1893 3998 2061 4074 ἀθρόα

403 4089 553 4165 παρὰ
579 4086 870 4164 Ῥωμαίων
916 4086 1086 4165 ἤρθη.
1146 4089 1348 4154 Σκύθαι
1395 4085 1472 4163 δὲ,
1530 4091 1632 4160 τὴν
1690 4088 1898 4144 τούτων
1958 4089 2061 4144 οὐκ

399 4176 709 4255 ἐνεγκόντες
755 4178 957 4255 ῥοπὴν,
1017 4177 1071 4244 ἐς
1129 4181 1306 4257 φυγὴν
1367 4172 1586 4234 ἔκλιναν
1655 4180 1745 4235 καὶ
1804 4178 1941 4256 πρὸς
1996 4179 2058 4235 τὸ

394 4274 585 4346 τεῖχος
646 4270 1022 4341 συνώσθησαν,
1080 4268 1329 4332 πολλοὺς
1385 4273 1493 4324 τῶν
1576 4268 1847 4349 σφετέρων
1909 4269 2059 4346 παρᾶ

394 4359 597 4430 ταύτην
652 4353 1020 4421 ἀποϐαλόντες
1078 4359 1176 4428 τήν
1241 4360 1453 4438 μάχην.
1533 4357 1798 4432 Ῥωμαῖοι
1860 4355 1937 4428 δὲ,
1989 4359 2057 4413 τά

396 4446 635 4504 ἐπινίκια
664 4449 1078 4517 παιωνίσαντες,
1112 4447 1164 4503 ἐν
1199 4447 1499 4528 εὐφημίαις
1532 4448 1687 4528 εἶχον
1743 4448 1834 4504 τὸν
1888 4449 2057 4505 αύτο-

2176 1862 2303 1901 mas
2331 1845 2697 1914 ﬂoruissent,
2731 1853 3045 1918 reportatae
3078 1864 3316 1919 semper
3364 1849 3426 1903 in
3476 1850 3698 1921 praaliis
3746 1851 3833 1904 vi-

2174 1933 2396 2003 ctoriae,
2428 1948 2587 1990 nunc
2619 1936 2873 2008 turpiter
2896 1953 2930 1991 a
2961 1937 3241 1992 Romanis
3299 1938 3414 1991 fusi
3464 1939 3828 2008 amitterent,

2176 2041 2390 2097 magna
2420 2026 2802 2081 contentione
2832 2042 2958 2081 rem
2988 2026 3292 2099 gerebant.
3316 2026 3597 2081 Romanis
3624 2034 3832 2083 contra

2176 2114 2931 2187 turpitudinisinvidiseque
2947 2116 3305 2171 verecundia
3329 2116 3587 2183 subibat,
3622 2117 3692 2185 si,
3726 2117 3831 2173 ad-

2173 2203 2450 2259 versariis
2481 2204 2761 2260 omnibus
2814 2204 2996 2260 armis
3056 2211 3114 2259 et
3159 2206 3374 2260 virtute
3427 2205 3712 2271 subactis,
3769 2207 3831 2262 in

2173 2294 2495 2365 prmsentia
2524 2311 2558 2349 ει
2588 2301 2761 2367 gente
2792 2294 3094 2366 peditibus
3125 2295 3456 2367 praeliante,
3521 2292 3829 2367 equitandi

2173 2388 2372 2438 autem
2402 2398 2577 2439 usum
2610 2385 2853 2440 omnino
2910 2385 3147 2440 nullum
3203 2384 3485 2449 habente,
3544 2391 3828 2456 tanquam

2174 2475 2406 2547 aliquot
2429 2472 2586 2531 bello
2619 2477 2993 2532 inexercitati
3026 2475 3308 2531 tirunculi
3345 2476 3480 2531 victi
3512 2478 3659 2532 141
3699 2478 3830 2533 abi-

2172 2569 2326 2626 rent,
2361 2568 2649 2637 tantaque
2676 2566 2785 2635 sibi
2810 2566 2997 2639 gloria
3014 2572 3233 2638 puncto
3259 2567 3544 2639 temporis
3578 2568 3831 2639 eripere-

2174 2659 2289 2709 tur.
2323 2653 2631 2726 Ejusmodi
2660 2656 2925 2711 rationes
2956 2657 3154 2711 animo
3194 2655 3484 2728 agitantes
3534 2658 3829 2712 exercitus

2175 2759 2410 2798 summa
2440 2744 2491 2798 vi
2523 2742 2965 2817 confligebant:
2999 2745 3081 2799 ita
3112 2751 3405 2812 tamen,ut
3431 2746 3623 2812 Russi,
3651 2746 3825 2799 innu-

2174 2831 2313 2886 trita
2342 2830 2578 2887 feritate
2604 2840 2782 2903 atque
2814 2833 3125 2889 iracundia
3153 2831 3336 2897 ducti,
3354 2836 3576 2888 temere
3600 2832 3825 2889 Roma-

2172 2938 2282 2977 nos
2313 2922 2636 2991 assilirent,
2669 2923 3066 2978 fanaticorum
3097 2922 3212 2977 ritu
3244 2924 3584 2994 rugientes;
3637 2924 3824 2978 nostri

2172 3015 2292 3071 illis
2318 3032 2430 3070 usu
2464 3031 2531 3068 ac
2564 3012 2813 3067 scientia
2844 3012 2988 3067 artis
3046 3006 3323 3066 militaris
3369 3011 3599 3067 obviam
3649 3012 3827 3068 irent.

2173 3106 2456 3162 Plurimis
2489 3120 2558 3159 ex
2587 3107 2837 3174 utraque
2871 3100 3036 3173 parte
3069 3102 3299 3170 occisis,
3352 3118 3487 3156 cum
3533 3118 3723 3173 usque
3756 3101 3831 3157 ad

2177 3196 2428 3252 multam
2457 3209 2763 3265 vesperam
2794 3192 3039 3246 victoria
3097 3192 3326 3246 incerta
3384 3192 3703 3260 videretur,
3764 3209 3832 3247 ac

2177 3283 2354 3341 modo
2387 3284 2447 3338 hi
2477 3281 2651 3338 modo
2680 3276 2766 3336 illi
2794 3279 3293 3353 propellerentur,
3326 3294 3570 3353 vespero
3594 3282 3723 3353 jam
3757 3280 3831 3335 ad

2177 3392 2456 3433 occasum
2478 3379 2775 3446 vergente,
2822 3372 3146 3443 imperator
3194 3372 3525 3442 equitatum
3584 3373 3645 3427 in
3693 3372 3830 3427 illos

2176 3482 2391 3539 magna
2411 3465 2463 3519 vi
2486 3461 3059 3532 immisit;simulque
3079 3460 3439 3523 cohortatus,
3455 3467 3521 3516 ut
3542 3466 3828 3532 tanquam

2178 3556 2427 3613 Romani
2458 3553 2839 3609 vernaculam
2889 3550 3164 3605 virtutem
3219 3549 3391 3605 factis
3434 3547 3829 3621 declararent,

2176 3647 2411 3702 animos
2434 3644 2691 3700 militum
2709 3640 3687 3697 confirmavitJncubueruntenim
3718 3642 3827 3696 im-

2179 3740 2322 3807 petu
2344 3731 2935 3806 singulari,tibicines
2950 3730 3232 3786 bellicum
3250 3731 3831 3794 concinunt,clamor

2174 3825 2438 3896 undique
2461 3840 2495 3879 a
2515 3824 2799 3880 Romanis
2822 3820 3071 3876 tollitur.
3087 3823 3348 3886 Quorum
3374 3820 3831 3892 impressionem

2174 3932 2308 3971 cum
2334 3915 2562 3985 Scythae
2588 3912 2883 3968 sustinere
2910 3927 3030 3966 non
3053 3911 3477 3984 possent,fug2e
3502 3928 3564 3966 se
3592 3912 3835 3966 commi-

2176 4010 2384 4060 serunt
2412 4005 2594 4075 inque
2625 4016 2828 4057 muros
2887 4006 3026 4057 sunt
3075 4001 3391 4073 compulsi,
3440 3998 3644 4055 multis
3692 4018 3828 4056 suo-

2171 4111 2306 4150 rum
2338 4095 2399 4149 in
2431 4095 2542 4149 hac
2597 4108 2797 4165 pugna
2843 4090 3104 4147 amissis.
3164 4091 3437 4161 Romani,
3498 4089 3830 4146 victoriales

2175 4191 2388 4243 cantus
2416 4182 2758 4251 fundentes,
2788 4185 3209 4255 imperatorem
3232 4181 3510 4237 laudibus
3527 4182 3827 4238 ferebant:

2174 4274 2301 4347 ipse
2334 4291 2432 4330 eos
2463 4270 2799 4329 ofﬁciorum
2832 4278 2957 4326 tum
3003 4270 3422 4326 distributione
3481 4269 3827 4342 epularum-

2170 4381 2285 4435 que
2316 4362 2857 4419 communicatione
2908 4361 3328 4427 remuneravit,
3386 4360 3826 4431 alacrioresque

2169 4454 2244 4510 ad
2272 4453 2480 4526 praelia
2508 4452 2788 4507 reddidit.

393 4557 652 4614 κρατορα’
689 4539 717 4594 ὁ
750 4536 806 4593 δὲ
846 4536 1171 4611 ἀξιωμάτων
1230 4538 1354 4593 τότε
1414 4534 1704 4609 διανομαῖς
1759 4532 1847 4593 καὶ
1912 4535 2216 4612 δεξιώσεσιν
2276 4541 2562 4595 ἑστιάσεων
2624 4544 2697 4614 (2)
2754 4536 3170 4616 ἐφιλοφρονεῖτο
3227 4536 3478 4607 τούτους,
3536 4539 3626 4592 καὶ
3687 4558 3828 4615 προ-

398 4627 733 4704 θυμοτέρους
765 4626 854 4683 ἐπὶ
884 4629 980 4691 τὰς
1016 4628 1199 4704 μάχας
1230 4627 1534 4704 εἰργάζετο.

1613 4758 1675 4812 C.
1700 4756 1762 4810 Β.
1797 4755 1987 4813 HASII
2008 4750 2568 4813 ANNOTATIONES.

468 4862 515 4899 ⁸⁷
546 4867 824 4939 Δρῆστραν
860 4863 990 4937 (sic)
1021 4864 1152 4921 cod.

395 4988 722 5062 reddenda,
756 5007 943 5061 eoque,
978 5006 1137 5061 quem
1165 4984 1551 5060 spathisterem
1578 4995 1797 5055 vocant,
1831 4989 2052 5057 glandis
2083 4997 2127 5062 Ι)
2161 5006 2328 5045 verso
2360 4988 2576 5062 mendo
2608 4987 2791 5062 vertit
2810 4988 2897 5062 3t.
2933 4988 2996 5042 D.
3022 4994 3180 5062 _ut_eo
3210 4990 3387 5059 magis
3428 4990 3685 5061 glandem
3712 4992 3820 5046 ali-

392 5061 693 5144 cuticulam
724 5063 1065 5144 attrahentes
1084 5079 1115 5144 .'_
1138 5062 1264 5144 se'd.
1316 5079 1420 5132 per
1452 5062 1845 5144 .spathistgrem
1887 5078 2047 5144 quem

390 5141 753 5193 vocant.mem
763 5135 983 5188 brorum
1005 5133 1300 5188 cuticulam
1322 5133 1666 5189 resolventes.
1690 5134 1791 5188 Est
1807 5133 1968 5188 enim
1995 5134 2047 5188 is

392 5205 695 5261 secundus
713 5205 924 5260 modus
943 5206 1206 5277 tegendas
1220 5204 1531 5277 glandis,si
1547 5205 1708 5261 nuda
1721 5210 1810 5260 est
1824 5206 2046 5261 relatus

390 5294 424 5350 a
453 5277 618 5350 Pauli.
652 5279 841 5350 Egin.
874 5294 1000 5348 cap.
1036 5295 1154 5332 xm.
1179 5277 1279 5331 fol.
1308 5278 1393 5330 89.
1423 5277 2045 5350 recto:cutema_glan-

387 5349 480 5404 dis
511 5349 709 5403 radice
728 5347 1139 5419 instrumento
1166 5347 1581 5419 separandam,
1606 5348 1821 5403 deinde
1846 5347 2041 5402 detra-

390 5421 656 5476 bendum
672 5428 850 5491 atque
865 5417 1654 5492 delgandamessedinteolo
1679 5420 2044 5475 intercutem

388 5498 448 5547 et
485 5492 676 5548 colem
736 5491 1108 5562 interpoSito.
1165 5492 1421 5547 Tametsi
1478 5491 1580 5546 fol.
1642 5492 1731 5546 89.
1786 5506 1942 5546 verso
1972 5494 2040 5547 A.

388 5581 631 5635 cperam
672 5580 802 5619 eam
836 5580 968 5618 raro
1018 5563 1334 5618 usuvenire
1376 5562 1479 5631 ait,
1527 5562 1897 5635 quod‘cutis
1938 5579 2039 5635 pe-

390 5629 563 5691 nuria
597 5637 655 5706 in
686 5635 955 5706 partibus
986 5634 1261 5706 illlsrnon
1291 5629 1512 5706 afferat
1545 5629 1822 5706 -τοσαύτην
1876 5629 2043 5705 ἀπρε-

388 5727 568 5775 πειαν,
602 5702 913 5778 ὡς’ταύτης
946 5704 1312 5778 panem»:
1339 5705 1440 5773 τὴν
1493 5702 1582 5759 διὰ
1631 5710 1732 5772 τῆς
1783 5702 2043 5778 χειρουρ-

392 5778 522 5854 χίας
555 5772 789 5852 ἔρεῖσθαι
827 5772 1083 5851 βάλανον.
1124 5772 1228 5832 Ubi
1259 5772 1606 5833 Guintel‘ius
1638 5793 1759 5832 non
1777 5772 2043 5833 animad-

2159 5078 2327 5132 quam
2349 5079 2419 5117 ea:
2448 5059 2738 5132 chirurgia
2758 5060 2990 5129 deligas.
3017 5060 3129 5115 Sed
3146 5063 3392 5117 omnino
3416 5059 3818 5127 scribendum,

2157 5131 2424 5206 αἱρεῖσθαι
2461 5131 2713 5205 βάσανον,
2747 5133 2894 5201 quod
2936 5148 3048 5186 non
3094 5132 3181 5206 ita
3227 5136 3476 5188 decorem
3526 5137 3700 5197 vitiet,
3754 5142 3817 5189 ut

2159 5204 2325 5275 hujus
2347 5204 2652 5273 chirurgim
2682 5205 2988 5275 cruciatum
3019 5204 3201 5260 subire
3222 5208 3346 5275 quis
3374 5205 3508 5259 velit
3532 5221 3545 5264 :
3570 5211 3636 5259 ut
3658 5213 3817 5261 recte

2156 5274 2301 5333 vidit
2326 5278 2567 5332 Cornar.
2605 5274 2949 5330 Diolabellis
2980 5276 3069 5331 57.
3102 5278 3171 5331 A.

2228 5351 2299 5419 (1)
2354 5348 2568 5407 Codex.
2628 5352 2708 5420 ut_
2754 5347 2944 5420 notavi
3007 5348 3067 5402 in
3122 5363 3245 5404 ora.
3304 5347 3613 5420 Δρσῆστραν
3654 5347 3813 5420 Δ(δίο).

2155 5416 2401 5476 Cedren.
2439 5420 2580 5474 edit.
2615 5416 2848 5489 Δρίστρα
2882 5419 2950 5474 Il.
2984 5420 3106 5472 6735.
3144 5420 3202 5472 Β.
3238 5420 3283 5472 Β
3338 5416 3529 5474 Codd.
3554 5417 3724 5489 Cedr.
3760 5426 3818 5473 et

2155 5492 2288 5564 Scyl
2319 5538 2332 5553 .
2368 5510 2518 5563 quos
2544 5487 2788 5564 quidem
2820 5489 2958 5564 vidi,
2994 5490 3165 5564 satis
3195 5496 3563 5564 constanter
3596 5487 3812 5564 Δρίστα,

2154 5558 2464 5636 absque—9,
2494 5558 3025 5636 qu_emradmodum_
3054 5558 3191 5636 God.
3246 5561 3459 5636 Leonis
3507 5562 3597 5636 _83._
3631 5558 3696 5617 Α.
3730 5562 3810 5616 De

2152 5630 2559 5705 Dristra'vide
2591 5630 2899 5689 Schlmzer.
2957 5631 3031 5687 ad
3090 5634 3299 5699 Nestor,
3358 5632 3643 5705 Bussische
3703 5636 3812 5687 An-

2150 5703 2335 5762 nalen.
2370 5712 2481 5761 etc.
2516 5709 2583 5761 V.
2622 5708 2745 5760 131.
2787 5709 2845 5759 C.

2223 5779 2303 5849 (2)
2337 5780 2518 5847 Verti,
2552 5778 2843 5848 epularum
2874 5776 3405 5830 communicatione:
3461 5773 3565 5829 sed
3598 5781 3813 5830 notan-
