4118 6436
353 413 472 473 865

1777 406 2174 470 HISTORIA
2213 407 2368 469 LIB.
2421 406 2530 469 IX.

3670 417 3787 476 886

347 546 458 599 τῶν
486 539 762 620 έφιππίων
795 540 841 578 θλ
899 535 1218 608 ἐπιϐαίνειν,
1249 539 1342 595 καὶ
1390 543 1507 601 τοῖς
1538 537 1836 612 πολεμίοις
1867 538 2002 594 ἀντ-

2142 556 2261 596 :um
2300 555 2377 595 ne
2399 553 2602 611 regere
2633 540 2880 612 quidem
2932 541 3187 598 habenis
3237 558 3421 614 equos
3478 545 3725 616 scirent,
3757 564 3793 602 a

354 632 734 708 αγωνίζεσθαι.
825 630 1095 702 Ῥωμαῖοι
1176 625 1256 696 δὲ,
1339 624 1552 703 σπουδῇ
1631 632 1753 690 τοῖς
1809 626 2010 689 ὅπλοις

354 719 688 799 φραξάμενοι
718 716 810 773 καὶ
838 722 948 773 τῶν
978 716 1162 773 ἳππων
1222 712 1526 783 ἐπιϐάντες,
1585 716 1714 778 τούς
1769 737 1828 771 τε
1883 737 2012 770 κον-

2122 630 2344 685 nostris
2366 629 2584 685 conﬁxi
2634 634 2797 703 terga
2853 636 3177 700 verterunt,
3238 632 3515 705 intraque
3583 652 3789 692 muros

2126 723 2266 773 sunt
2295 717 2588 773 conclusi.

354 810 485 874 τοὺς
513 805 867 883 ἀνειληφότες
900 807 1215 881 (ἐπιμήκεις
1244 804 1304 861 δὲ
1331 806 1561 869 τούτους
1591 806 1739 879 παρὰ
1765 807 1862 867 τὰς
1921 804 2107 878 μάχας
2162 805 2684 882 μεταχειρίζονται),
2748 809 2834 880 [Ρ.
2891 811 2982 881 89]
3050 808 3185 881 μετὰ
3242 808 3425 883 ῥύμης
3483 811 3573 866 καὶ
3607 812 3791 887 βιαίου

359 901 611 973 ὠθισμοῦ
640 896 825 960 αὐτοῖς
856 896 1268 956 ἐπελαύνουσιν,
1327 898 1390 952 Οἱ
1448 893 1527 965 δὲ,
1592 893 1736 969 μηδὲ
1791 901 1910 957 τοῖς
1957 894 2183 971 ῥυτῆρσι
2264 894 2390 957 τοὺς
2419 894 2623 959 ἳππους
2678 895 3080 973 χαλιναγωγεῖν
3115 897 3495 972 ἐπιστάμενοι,
3517 902 3653 975 πρὸς
3680 905 3789 956 τῶν

362 986 650 1061 Ῥωμαίων
674 987 1219 1059 κατακοντιζόμενοι,
1246 990 1390 1041 νῶτα
1422 982 1606 1047 δόντες
1638 984 1718 1048 εἷς
1741 984 1806 1040 τὸ
1833 989 2029 1063 τεῖχος
2058 982 2472 1041 κατεκλείοντο.

438 1088 505 1163 β’.
538 1088 849 1157 Τηνικαῦτα
875 1083 942 1156 δὴ
975 1086 1068 1140 καὶ
1124 1087 1179 1140 αἱ
1232 1090 1339 1140 τῶν
1398 1084 1691 1159 Ῥωμαίων
1746 1084 2019 1162 πυρφόροι

2201 1088 2358 1141 144
2378 1089 2432 1140 2.
2467 1087 2688 1142 Eodem
2723 1093 2991 1159 tempore
3041 1088 3311 1144 triremes
3370 1090 3636 1163 igniferae
3670 1093 3788 1157 Bo-

360 1176 608 1251 τριήρεις
668 1175 803 1249 μετᾶ
884 1178 992 1229 τῶν
1075 1178 1316 1250 σιτηγῶν
1394 1174 1716 1249 πορθμείων
1779 1170 1870 1227 δια
1924 1176 2021 1226 τοῦ

2142 1191 2446 1230 manorum
2476 1191 2612 1231 cum
2645 1177 2898 1232 navibus
2918 1177 3326 1233 frumentariis
3369 1164 3614 1235 adverso
3638 1181 3789 1236 Istro

359 1265 577 1340 Ἴστρου
626 1262 899 1341 ἐφάνησαν
980 1261 1374 1318 ἀναπλέουσαι·
1458 1260 1520 1325 ἅς
1577 1263 1850 1335 Ῥωμαῖοι
1924 1260 2018 1332 μὶν

361 1350 569 1416 ἰδόντες
622 1352 865 1430 ἀρρήτου
921 1359 1214 1429 χαρμονῆς
1271 1350 1724 1423 ὑπεπλήσθησαν,
1810 1350 2021 1413 Σκύθας

359 1441 420 1498 δὲ
445 1440 566 1506 δέος
596 1440 746 1518 ᾔρει,
783 1444 846 1498 τὸ
875 1440 1269 1519 έπιρερόμενον
1303 1441 1490 1504 αὐτοῖς
1540 1441 1703 1516 ὑγρὸν
1756 1442 1862 1513 πῦρ
1924 1434 2021 1494 δε-

366 1529 572 1594 διότας.
606 1531 963 1603 Ἦκηκόεισαν
1023 1534 1126 1609 γάρ
1184 1531 1320 1607 πρὸς
1372 1535 1482 1586 τῶν
1539 1529 1867 1605 γεραιτέρων
1926 1531 2024 1583 τοῦ

363 1626 515 1697 σφῶν
550 1618 759 1691 ἔθνους,
791 1621 865 1683 ὡς
896 1622 987 1677 τὸν
1044 1619 1413 1697 μυριόστολον
1471 1619 1697 1694 στρατὸν
1756 1618 2024 1693 Ἴγγορος,

2131 1264 2553 1337 adnavigantes
2584 1266 3134 1337 conspiciebantur:
3157 1284 3304 1338 quas
3322 1269 3509 1323 nostri
3525 1269 3791 1326 videntes

2131 1352 2472 1409 incredibili
2507 1359 2646 1409 sunt
2693 1354 2904 1411 laatitia
2935 1356 3153 1425 affecti,
3186 1373 3297 1412 nec
3328 1357 3529 1414 minus
3563 1359 3793 1432 Scytha:

2132 1442 2484 1514 perturbati,
2551 1443 2711 1515 quod
2764 1445 3110 1517 impositum
3188 1445 3437 1502 navibus
3488 1447 3798 1503 madidum

2132 1530 2332 1603 ignem
2379 1532 2717 1589 verebatur.
2779 1533 3107 1590 Audierant
3161 1535 3324 1591 enim
3374 1552 3409 1591 a
3468 1536 3796 1607 majoribus

2135 1625 2279 1676 natu
2336 1623 2553 1695 gentis.
2614 1623 3123 1694 quemadmodum
3172 1627 3495 1681 maximam
3540 1626 3793 1681 classem

361 1714 461 1767 τοῦ
544 1710 637 1765 τὸν
732 1705 1181 1789 Σφενδοσθλάϐον
1238 1709 1511 1777 τεκόντος,
1592 1709 1862 1781 Ῥωμαῖοι
1945 1710 2026 1778 τῷ

2142 1711 2386 1783 [ngoris,
2438 1712 2623 1782 patris
2681 1712 3206 1784 Sphendosthlabi,
3284 1715 3534 1770 Romani
3593 1715 3799 1770 eodem

365 1798 604 1873 τοιούτῳ
630 1797 861 1874 Μηδικῷ
908 1799 1040 1875 πυρὶ
1088 1798 1225 1854 κατᾶ
1278 1799 1369 1854 τὸν
1428 1795 1683 1869 Εὔξεινον
1731 1790 2022 1872 ἐξετέφρω-

340 1911 492 1951 λσαν.
562 1891 834 1954 Ἐντεῦθεν
921 1886 1138 1963 σπουδῇ
1194 1890 1262 1944 τά
1346 1889 1549 1944 ἑαυτῶν
1627 1885 2024 1962 συναγαγόντες

372 1979 567 2036 ἀκάτια
598 1982 698 2055 (6),
728 1979 835 2056 πρὸ
865 1983 963 2035 τοῦ
1020 1974 1324 2054 περιϐόλου
1380 1982 1476 2033 τοῦ
1524 1978 1714 2032 ἄστεπι
1746 1976 2026 2043 εἳλκυσαν,

367 2070 460 2125 ἳνα
484 2069 865 2146 παραρρέωνὸ
920 2071 1131 2145 Ἴστρος
1188 2068 1251 2124 τὸ
1310 2069 1532 2144 θάτερον
1589 2072 1689 2122 τοῦ
1746 2064 2024 2141 Δορυστό-

375 2157 479 2216 λου
539 2157 855 2235 περικλύζει
905 2155 1165 2234 πλευρόν.
1226 2160 1410 2216 Ταῦτα
1469 2158 1525 2212 αἱ
1577 2155 1850 2233 πυρφόροι
1906 2154 2030 2224 νῆες

367 2246 635 2304 κυκλόθεν
671 2247 1000 2324 ἐφρούρουν,
1034 2247 1109 2310 ὡς
1143 2248 1219 2321 μὴ
1252 2245 1338 2318 εἴη
1397 2246 1634 2311 Σκύθαις
1680 2243 1820 2311 ἐνὸν,
1850 2244 2029 2299 αὐτῶν

372 2333 785 2409 έπιϐεϐηκόσιν,
835 2335 925 2392 ἐπὶ
982 2338 1083 2407 τήν
1146 2340 1294 2414 σφῶν
1346 2334 1708 2405 ἀνασώζεσθαι
1764 2340 1891 2411 γῆν.
1951 2336 2027 2407 Τῇ

372 2425 434 2483 δὲ
468 2426 722 2503 ὑστεραίᾳ
756 2429 805 2465 ⁸³
831 2426 1233 2503 Ταυροσκύθαι,
1287 2427 1385 2482 τοῦ
1445 2424 1631 2487 ἂστεος
1685 2421 2028 2495 ὑπεκδύντες,

369 2517 513 2572 κατὰ
539 2517 603 2572 τὸ
658 2514 843 2572 πεδίον
904 2516 1179 2587 ἐτάξαντο,
1236 2516 1562 2586 ποδηνεκεῖς
1609 2513 1833 2587 θυρεοὺς
1889 2534 2028 2589 προ-

368 2600 707 2679 ϐαλλόμενοι
765 2605 857 2661 καὶ
908 2606 1159 2682 θώρακας
1214 2600 1612 2667 ἁλυσιδωτούς.
1642 2605 1912 2676 Ῥωμαῖοι
1972 2599 2030 2657 δὲ

368 2694 459 2751 καὶ
516 2694 672 2751 αὐτοὶ
728 2699 827 2751 τοῦ
884 2696 1129 2771 χάρακος
1187 2692 1483 2769 ὑπεξῄεσαν
1537 2692 1592 2756 ἐς
1660 2694 1724 2748 τὸ
1807 2686 2026 2766 ἄκριϐὲς

364 2783 847 2861 τεθωρακισμένοι·
881 2787 969 2841 καὶ
1013 2791 1294 2862 καρτερῶς
1352 2781 1520 2859 ἄμφω
1576 2783 1645 2838 τὰ
1703 2782 1842 2858 μέρη
1904 2778 2028 2852 διη-

369 2876 694 2952 γωνίζοντο,
751 2874 843 2930 καὶ
903 2872 1202 2953 ἀμφίδοξος
1255 2876 1290 2940 ἡ
1348 2872 1475 2945 νίκη
1536 2867 1736 2941 ἐδόκει,
1823 2869 2029 2928 ἄλλοτε

373 2965 601 3041 θατέρου
670 2965 870 3038 μέρους
926 2963 1221 3027 ὠθοῦντος.
1273 2962 1425 3021 Ἐπεὶ
1484 2960 1543 3018 δέ
1594 2983 1679 3025 τις
1736 2960 2026 3034 Ῥωμαίων

368 3060 471 3124 τῆς
502 3053 785 3130 φάλαγγος
844 3052 1175 3130 ἀπορῥαγείς
1227 3053 1318 3108 τὸν
1381 3052 1516 3126 μετὰ
1574 3045 2023 3130 Σφενδοσθλάϐον

367 3144 557 3217 τρίτον
641 3142 790 3218 παρὰ
845 3142 1254 3218 Ταυροσκύθαις
1311 3142 1631 3217 τιμώμενον
1692 3139 2023 3219 Σφέγκελον,

370 3231 625 3305 ἐκθύμως
673 3231 800 3288 τότε
858 3229 1344 3309 διαγωνιζόμενον,
1396 3230 1801 3302 κατηκόντισεν,
1861 3226 2028 3303 ἄνδρα

369 3319 686 3399 γιγαντώδη
718 3321 809 3378 καὶ
846 3322 1111 3378 νεανικόν
1164 3321 1253 3377 ἐπὶ
1308 3325 1391 3394 τῷ
1440 3321 1638 3377 τούτου
1669 3321 1924 3394 πτώματι
1979 3320 2028 3356 9³

370 3408 824 3487 διαταραχθέντες
852 3410 1226 3488 Ταυροσκύθαι
1262 3408 1437 3488 βάδην
1495 3414 1594 3466 τοῦ
1651 3406 1847 3465 πεδίου
1891 3410 2027 3464 ύπε-

369 3500 597 3557 νόστουν
636 3501 732 3557 καὶ
762 3503 898 3578 πρὸς
928 3502 993 3557 τὸ
1049 3502 1183 3556 ἄστυ
1232 3500 1553 3576 ἠπείγοντο.
1596 3502 1911 3569 Τηνικαῦτα
1939 3499 2027 3553 καὶ

369 3589 676 3666 Θεόδωρος,
705 3592 733 3646 ὁ
764 3593 866 3661 τὴν
898 3592 1317 3667 κατεπωνυμίαν
1352 3590 1641 3662 Λαλάκων,
1703 3590 1839 3664 ἀνὴρ
1896 3586 2034 3644 κατά

369 3699 430 3735 τε
460 3679 635 3749 ἀλκὴν
666 3682 755 3737 καὶ
790 3684 1046 3755 σώματος
1076 3682 1274 3757 ῥώμην
1332 3678 1666 3752 δυσάντητος
1719 3679 1810 3735 καὶ
1867 3679 2031 3735 ἀκατ-

366 3767 696 3847 αγώνιστος,
728 3769 1024 3834 πλείστους
1077 3775 1187 3826 τῶν
1249 3768 1530 3844 δυσμενῶν
1590 3766 1790 3846 σιδηρᾷ
1825 3767 2031 3843 κορύνῃ

366 3856 696 3919 ἀπέκτεινεν.
758 3859 931 3936 Ἰσχύι
988 3860 1091 3937 γάρ
1151 3861 1341 3935 χειρὸς
1432 3859 1633 3930 ταύτην
1692 3859 2035 3937 καταφέρων,

369 3949 511 4025 αὐτῇ
543 3954 680 4024 κυνῇ
716 3951 766 3987 ⁹⁴
819 3951 914 4006 καὶ
970 3936 1071 4020 τὴν
1125 3952 1296 4025 ταύτῃ
1346 3936 1854 4026 περιστελλομένην
1915 3971 2037 4005 συν-

375 4036 605 4095 έθλαττι
631 4040 681 4076 9⁵
703 4040 973 4118 κεφαλήν.
1008 4040 1169 4097 Ἀλλ’
1198 4039 1343 4096 οὕτω
1378 4041 1475 4113 μὲν
1525 4038 1651 4096 τότε
1686 4038 1913 4108 Σκύθαι,
1970 4038 2038 4094 τὰ

375 4130 526 4183 νῶτα
555 4125 759 4199 δόντες,
793 4126 883 4185 διὰ
908 4134 1007 4186 τοῦ
1038 4127 1225 4193 ἄστεος
1283 4130 1675 4199 ὑπενόστησαν.
1730 4128 2038 4201 Ῥωμαίους

370 4212 436 4271 δε
467 4238 495 4271 o
550 4218 829 4293 βασιλευς,
878 4220 941 4275 τὸ
994 4217 1360 4291 ἀνακλητικὸν
1410 4217 1638 4274 παυλεῖν
1693 4216 2037 4294 ἐγκελεύσας,

2134 1800 2357 1856 Medico
2384 1801 2519 1873 igne
2548 1802 2613 1855 in
2643 1806 2829 1857 Ponto
2878 1801 3369 1858 combussissent.
3402 1805 3491 1859 Ita
3520 1803 3796 1859 celeriter

2136 1885 2490 1945 lenunculos
2523 1907 2662 1946 suos
2693 1896 3030 1947 contractos
3061 1896 3199 1947 ante
3223 1908 3425 1946 muros
3447 1891 3797 1964 oppidisub-

2132 1978 2451 2047 duxerunt,
2500 1996 2619 2051 qua
2664 1980 3081 2051 praeterfluens
3137 1982 3288 2036 Ister
3339 1980 3596 2036 alterum
3638 1981 3796 2037 latus

2138 2068 2431 2140 Dorystoli
2447 2068 2638 2123 alluit.
2669 2068 2923 2125 Eosdem
2955 2068 3224 2142 igniferaa
3245 2074 3469 2124 nostrae
3485 2085 3663 2125 naves
3681 2069 3802 2126 cir-

2137 2157 2436 2213 cumcirca
2451 2157 2862 2228 observabant,
2898 2174 2972 2213 ne
3006 2158 3239 2231 Scythis
3259 2157 3510 2214 facultas
3532 2159 3796 2228 daretur,

2138 2247 2484 2303 conscensis
2508 2247 2835 2319 scaphis,in
2858 2263 3027 2303 suam
3047 2264 3109 2303 se
3126 2247 3430 2321 regionem
3444 2247 3794 2321 recipiendi.

2137 2337 2378 2393 Postero
2411 2337 2509 2392 die
2537 2337 3053 2409 Tauroscythaa,ex
3072 2337 3291 2409 oppido
3323 2338 3570 2410 egressi,
3603 2338 3793 2393 aciem

2137 2428 2197 2483 in
2227 2428 2478 2501 planitie
2509 2429 2946 2498 instruxerunt,
2989 2429 3173 2485 scutis
3233 2429 3307 2484 ad
3366 2428 3548 2501 pedes
3604 2445 3797 2500 usque

2138 2518 2581 2590 pertinentibus
2613 2524 2671 2574 et
2692 2518 2895 2574 loricis
2917 2518 3176 2574 hamatis
3208 2518 3373 2575 tecti.
3406 2519 3554 2574 Item
3586 2520 3803 2574 Roma-

2138 2607 2200 2661 ni
2231 2607 2445 2662 castris
2486 2606 2787 2679 progressi
2837 2612 2978 2662 sunt
3006 2606 3158 2662 bene
3188 2606 3422 2662 loricati
3447 2623 3460 2661 :
3494 2611 3554 2662 et
3582 2607 3800 2662 acriter

2137 2697 2439 2768 utrimque
2474 2702 2800 2769 pugnatum
2831 2701 2941 2765 est,
2994 2696 3223 2752 incerta
3282 2696 3546 2765 victoria,
3608 2697 3796 2752 altero

2137 2786 2393 2842 alterum
2432 2786 2943 2858 propellente.Ubi
2974 2802 3108 2841 vero
3141 2788 3543 2842 Romanorum
3576 2786 3794 2857 aliquis

2138 2892 2210 2930 ex
2236 2874 2531 2947 phalange
2563 2891 2922 2947 procurrens
2980 2875 3396 2947 Sphencelum,
3454 2876 3556 2947 qui
3617 2876 3792 2931 tertio

2138 2970 2274 3038 post
2312 2964 2894 3036 Sphendosthlabum
2925 2965 3056 3020 loco
3088 2981 3122 3019 a
3152 2965 3572 3037 Tauroscythis
3602 2966 3796 3023 hono-

2135 3053 2400 3123 rabatur,
2425 3053 2693 3110 animose
2721 3059 2861 3110 tunc
2888 3053 3263 3125 praeliantem
3295 3054 3559 3126 conﬁxit,
3601 3056 3791 3111 virum

2135 3147 2299 3200 vasto
2328 3160 2575 3216 corpore
2601 3148 2660 3199 et
2683 3143 2936 3199 audacia
2957 3142 3211 3215 juvenili
3239 3159 3252 3197 :
3287 3142 3467 3215 hujus
3490 3160 3632 3200 casu
3657 3162 3794 3218 per-

2140 3234 2358 3290 turbati
2411 3235 2828 3307 Tauroscythaa
2887 3250 2918 3288 e
2975 3234 3226 3307 planitie
3284 3233 3500 3306 pedem
3546 3235 3801 3304 referre,

2137 3324 2321 3395 inque
2351 3323 2637 3396 oppidum
2658 3340 2721 3379 se
2752 3323 3018 3395 recipere
3049 3324 3609 3396 cmperuntEodem
3641 3343 3805 3397 praar

2136 3413 2218 3468 lio
2239 3412 2584 3468 Theodorus
2615 3416 3008 3486 cognomento
3043 3412 3274 3480 Lalaco,
3298 3414 3481 3469 homo
3507 3414 3584 3469 ob
3620 3415 3811 3470 robur

2139 3502 2593 3575 corporis,quod
2626 3518 2928 3559 summum
2961 3502 3173 3558 eratin
3203 3502 3329 3573 illo,
3350 3503 3710 3560 metuendus
3745 3509 3810 3559 et

2141 3593 2292 3648 145
2328 3591 3041 3664 inexpugnabilis,hostes
3061 3607 3312 3648 numero
3331 3591 3623 3663 plurimos
3642 3592 3808 3649 clava

2141 3680 2337 3737 ferrea
2361 3681 2664 3737 interfecit
2688 3702 2702 3748 ;
2728 3698 2907 3754 quam
2933 3697 3116 3737 manu
3140 3687 3259 3737 tam
3282 3680 3499 3737 valenti
3523 3682 3805 3739 demitte-

2143 3770 2602 3838 bat,utsimulet
2625 3771 2856 3844 galeam
2888 3775 2947 3826 et
2977 3775 3155 3842 caput
3183 3770 3289 3827 illa
3310 3776 3529 3828 tectum
3543 3772 3807 3829 confrin-

2145 3862 2402 3933 geret.ln
2433 3860 2592 3916 hunc
2622 3860 2868 3917 modum
2892 3860 3143 3933 Scythae,
3174 3859 3314 3934 fuga
3342 3860 3519 3930 facta,
3543 3863 3606 3918 in
3628 3863 3810 3936 oppi-

2147 3950 2290 4006 dum
2338 3956 2731 4007 reverterunt.
2788 3953 3088 4007 Romanos
3146 3950 3496 4023 imperator,
3541 3957 3818 4025 receptui

2149 4040 2282 4096 cani
2320 4040 2565 4111 jubens,
2600 4040 2662 4096 in
2712 4045 2906 4097 castra
2961 4040 3292 4097 revocavit:
3348 4040 3450 4096 ubi
3506 4040 3681 4097 donis
3713 4058 3817 4098 eos

2151 4130 2549 4202 conviviisque
2581 4129 2829 4202 accepit,
2847 4128 3203 4200 animosque
3239 4128 3313 4184 ad
3336 4134 3578 4187 strenue
3596 4131 3815 4188 ineun-

2150 4219 2287 4275 dam
2317 4236 2577 4292 pugnam
2598 4220 2858 4291 majores
2888 4217 3049 4274 fecit.

378 4305 725 4366 συνεκαλεῖτο
748 4308 838 4365 ἐπὶ
863 4310 956 4365 τὸν
986 4308 1225 4387 χάρακα,
1258 4307 1352 4372 οὕς
1377 4305 1577 4386 δώροις
1602 4308 1696 4364 καὶ
1725 4308 2060 4383 προπόσεσιν
2089 4304 2400 4381 ἐθεράπευε,
2431 4310 2888 4381 προθυμοποιῶν,
2919 4303 3230 4379 ῥωμαλέως
3260 4302 3350 4361 ἐπὶ
3373 4305 3503 4369 τοὺς
3525 4307 3810 4383 πολέμους

368 4415 412 4473 χ
427 4403 612 4474 ωρεῖν.

444 4497 510 4572 γ’.
544 4498 633 4556 Ἐν
664 4498 846 4572 τούτῳ
879 4496 937 4553 δὲ
965 4501 1075 4554 τῶν
1116 4496 1457 4574 πραγμάτων
1516 4496 1888 4573 ᾐωρημένων,
1939 4495 2027 4551 καὶ

2212 4499 2266 4553 3.
2299 4497 2557 4553 Eatenus
2588 4495 2770 4552 dubio
2803 4511 3001 4552 rerum
3035 4495 3219 4563 exitu,
3279 4495 3572 4568 ﬂagrante
3623 4496 3806 4554 etiam

365 4595 467 4659 τῆς
500 4589 692 4663 μάχης
745 4586 824 4644 ἔτι
885 4585 1293 4659 συνεστηκυίας,
1363 4587 1513 4641 Λέων
1577 4586 2035 4662 Κουροπαλάτης,

367 4680 397 4736 ὁ
447 4682 547 4735 τοῦ
599 4677 1004 4756 αὐτοκράτορος
1061 4678 1388 4757 Νικηφόρου
1444 4675 1726 4751 ὁμαίμων,
1779 4674 1876 4731 ἐπὶ
1932 4676 2034 4745 τὴν

367 4770 506 4826 κατᾶ
539 4764 741 4826 Λέσϐον
774 4772 857 4842 [Ρ.
913 4770 1005 4843 90]
1068 4769 1372 4842 Μήθυμναν
1430 4770 1506 4842 (7)
1555 4765 1671 4841 ἃμα
1728 4764 2036 4844 Νικηφόρῳ

2146 4586 2328 4653 bello,
2416 4587 2529 4643 Leo
2584 4586 2989 4659 Curopalates,
3049 4586 3363 4659 Nicephori
3427 4587 3813 4660 imperatoris

2144 4677 2349 4745 frater,
2379 4694 2559 4749 quem
2590 4677 2945 4750 Methymna
3002 4676 3066 4732 in
3097 4675 3281 4733 Lesbo
3312 4676 3514 4733 insula
3543 4695 3820 4735 asserva~

2146 4772 2275 4823 tum
2305 4784 2435 4823 esse
2468 4783 2650 4840 supra
2707 4767 3137 4836 demonstravi,
3169 4767 3521 4825 custodibus
3558 4769 3820 4843 pecunia

1620 4919 1683 4974 Ο.
1726 4920 1787 4976 Β.
1830 4917 2020 4975 HASII
2071 4917 2639 4974 ANNOTATIONES.

449 5089 498 5171 οξ
528 5086 753 5171 ύστερὲᾳ
777 5091 910 5149 cod.
943 5090 991 5129 ’3
1020 5088 1138 5147 ἐπεὶ
1173 5090 1237 5146 τὸ
1265 5088 1464 5147 τούτου
1493 5092 1755 5166 πτώματι
1785 5093 1919 5150 cod.
1951 5092 1999 5129 ⁹⁴

2142 5094 2191 5167 ᾗ]
2218 5095 2380 5167 κοινῇ
2409 5093 2540 5151 cod.
2573 5092 2620 5130 9⁸
2646 5092 2992 5155 συνέθλαττε.
3026 5097 3175 5171 Lege
3240 5104 3343 5155 aut
3394 5097 3653 5165 συνέθλα,
3710 5105 3814 5154 aut

374 5162 692 5228 συνέθλασε.

448 5324 648 5408 (6)“Ῑ)θ
680 5324 1372 5408 monogtylisRussuo‘ru'm
1415 5320 2033 5408 Constantnliorppy-

374 5394 513 5480 ro‘g,
534 5398 613 5480 D_e
644 5394 981 5480 administr.
1008 5397 1157 5480 imp.
1301 5395 1463 5480 BL—
1490 5394 1642 5480 61:1?
1695 5398 1756 5448 et
1778 5394 2034 5480 ΒΞ.ηάυῆ

375 5465 541 5524 εάᾞ.
575 5467 616 5522 ι.
650 5470 738 5523 36.
772 5470 832 5525 C.
870 5465 1139 5525 Maniﬁce
1184 5465 1548 5523 Claudianus
1579 5468 1645 5520 ln
1678 5481 1749 5521 ιν.
1805 5466 2036 5521 Consu-

373 5538 479 5596 lat.
512 5540 756 5596 Honorii
779 5558 829 5594 v.
869 5543 973 5597 623
999 5556 1129 5612 sqq.
1178 5555 1191 5593 :

450 5685 593 5742 Ausi
614 5686 929 5742 Danubium
960 5684 1244 5759 quondam
1273 5687 1503 5738 tranare
1532 5680 1864 5754 Gruthungi

450 5775 521 5830 In
550 5775 746 5835 lintres
771 5779 992 5849 fregere
1019 5790 1211 5833 nemus
1233 5788 1248 5831 :
1273 5777 1356 5830 ter
1381 5770 1535 5830 mille
1554 5771 1793 5829 ruebant

2222 5325 2323 5378 Per
2348 5323 2579 5393 ﬂuvium
2592 5322 2776 5392 plena
2806 5324 2993 5379 cuneis
3011 5324 3344 5379 immanibus
3372 5321 3523 5377 alni.

2222 5478 2457 5549 (‘7)Hmc
2512 5475 2601 5549 sic
2657 5475 2994 5532 redduntur
3050 5477 3113 5532 in
3171 5475 3444 5531 versione
3488 5474 3811 5549 Combeﬁs.

2151 5547 2309 5622 apud
2342 5551 2479 5621 Pag.
2511 5548 2604 5602 IV.
2657 5549 2747 5622 2_8.
2783 5550 2828 5603 D
2863 5564 2876 5603 :
2925 5551 3032 5603 Leo
3072 5548 3451 5622 icuropalata,
3514 5547 3813 5622 Nicepbori

2150 5616 2291 5692 ir'np.
2324 5616 2527 5689 frater,
2558 5619 2882 5692 Methymna
2913 5635 3034 5690 qua
3055 5616 3429 5692 Lesbi—insula
3459 5625 3537 5692 est
3566 5616 3585 5686 [
3618 5618 3657 5692 l.
3685 5619 3810 5692 Me-

2154 5689 2418 5765 thgmnz,
2451 5707 2574 5763 quae
2603 5691 2764 5765 Lesbi
2799 5689 3003 5765 insula
3034 5690 3163 5747 urbs
3194 5696 3293 5758 est]
3351 5719 3416 5731 —
3447 5689 3523 5745 ad
3552 5689 3809 5747 rebellio-

2153 5763 2280 5824 nem
2310 5764 2563 5822 animum
2580 5763 2854 5823 advertit.
