  <div class='ocr_page' id='page_1' title='image "/cluster/home/n/w/nwhite01/storage/ocr_20150623/117/coo.31924054870211/447.png"; bbox 0 0 4118 6430; ppageno 0'>
   <div class='ocr_carea' id='block_1_1' title="bbox 346 381 461 444">
    <p class='ocr_par' dir='ltr' id='par_1_1' title="bbox 346 381 461 444">
     <span class='ocr_line' id='line_1_1' title="bbox 346 381 461 444; baseline -0.026 -1"><span class='ocrx_word' id='word_1_1' title='bbox 346 381 461 444; x_wconf 78' lang='grc' dir='ltr'>8Ἱ1</span> 
     </span>
    </p>
   </div>
   <div class='ocr_carea' id='block_1_2' title="bbox 1763 373 2410 438">
    <p class='ocr_par' dir='ltr' id='par_1_2' title="bbox 1763 373 2410 438">
     <span class='ocr_line' id='line_1_2' title="bbox 1763 373 2410 438; baseline -0.006 0"><span class='ocrx_word' id='word_1_2' title='bbox 1763 375 2043 438; x_wconf 85' lang='lat' dir='ltr'>LEONIS</span> <span class='ocrx_word' id='word_1_3' title='bbox 2086 373 2410 437; x_wconf 73' lang='lat' dir='ltr'>DIACONI</span> 
     </span>
    </p>
   </div>
   <div class='ocr_carea' id='block_1_3' title="bbox 3644 377 3764 437">
    <p class='ocr_par' dir='ltr' id='par_1_3' title="bbox 3644 377 3764 437">
     <span class='ocr_line' id='line_1_3' title="bbox 3644 377 3764 437; baseline -0.008 0"><span class='ocrx_word' id='word_1_4' title='bbox 3644 377 3764 437; x_wconf 78' lang='lat'>8&#39;12</span> 
     </span>
    </p>
   </div>
   <div class='ocr_carea' id='block_1_4' title="bbox 355 500 2001 586">
    <p class='ocr_par' dir='ltr' id='par_1_4' title="bbox 355 509 2001 586">
     <span class='ocr_line' id='line_1_4' title="bbox 355 509 2001 586; baseline -0.005 -16"><span class='ocrx_word' id='word_1_5' title='bbox 355 514 649 586; x_wconf 82' lang='lat' dir='ltr'>phalange</span> <span class='ocrx_word' id='word_1_6' title='bbox 678 512 833 567; x_wconf 81' lang='lat' dir='ltr'>facta</span> <span class='ocrx_word' id='word_1_7' title='bbox 860 509 1039 581; x_wconf 80' lang='lat' dir='ltr'>(redit</span> <span class='ocrx_word' id='word_1_8' title='bbox 1067 509 1228 565; x_wconf 89' lang='lat' dir='ltr'>enim</span> <span class='ocrx_word' id='word_1_9' title='bbox 1284 525 1376 577; x_wconf 91' lang='lat' dir='ltr'>eo,</span> <span class='ocrx_word' id='word_1_10' title='bbox 1435 510 1592 565; x_wconf 90' lang='lat' dir='ltr'>unde</span> <span class='ocrx_word' id='word_1_11' title='bbox 1636 525 1872 582; x_wconf 85' lang='lat' dir='ltr'>egressa</span> <span class='ocrx_word' id='word_1_12' title='bbox 1900 512 2001 575; x_wconf 75' lang='lat' dir='ltr'>est,</span> 
     </span>
    </p>
   </div>
   <div class='ocr_carea' id='block_1_5' title="bbox 2115 500 3768 586">
    <p class='ocr_par' dir='ltr' id='par_1_5' title="bbox 2123 500 3768 582">
     <span class='ocr_line' id='line_1_5' title="bbox 2123 500 3768 582; baseline -0.006 -21"><span class='ocrx_word' id='word_1_13' title='bbox 2123 506 2304 567; x_wconf 84' lang='grc' dir='ltr'>τέλος.</span> <span class='ocrx_word' id='word_1_14' title='bbox 2366 505 2435 562; x_wconf 77' lang='grc' dir='ltr'>Οἱ</span> <span class='ocrx_word' id='word_1_15' title='bbox 2493 500 2552 558; x_wconf 76' lang='grc' dir='ltr'>δὲ</span> <span class='ocrx_word' id='word_1_16' title='bbox 2607 505 2747 567; x_wconf 82' lang='grc' dir='ltr'>Ῥῶς</span> <span class='ocrx_word' id='word_1_17' title='bbox 2804 502 3214 566; x_wconf 84' lang='grc' dir='ltr'>συνασπίσαντες</span> <span class='ocrx_word' id='word_1_18' title='bbox 3255 502 3430 577; x_wconf 72' lang='grc' dir='ltr'>(αὖθις</span> <span class='ocrx_word' id='word_1_19' title='bbox 3459 507 3562 582; x_wconf 69' lang='grc' dir='ltr'>γὰρ</span> <span class='ocrx_word' id='word_1_20' title='bbox 3595 507 3622 560; x_wconf 81' lang='grc' dir='ltr'>ὁ</span> <span class='ocrx_word' id='word_1_21' title='bbox 3673 505 3768 562; x_wconf 85' lang='grc' dir='ltr'>λό-</span> 
     </span>
    </p>
   </div>
   <div class='ocr_carea' id='block_1_6' title="bbox 357 600 2011 674">
    <p class='ocr_par' dir='ltr' id='par_1_6' title="bbox 357 600 2011 674">
     <span class='ocr_line' id='line_1_6' title="bbox 357 600 2011 674; baseline -0.004 -16"><span class='ocrx_word' id='word_1_22' title='bbox 357 602 662 674; x_wconf 88' lang='lat' dir='ltr'>oratio),in</span> <span class='ocrx_word' id='word_1_23' title='bbox 688 616 963 671; x_wconf 86' lang='lat' dir='ltr'>campum</span> <span class='ocrx_word' id='word_1_24' title='bbox 983 603 1668 670; x_wconf 87' lang='lat' dir='ltr'>processerunt,summa</span> <span class='ocrx_word' id='word_1_25' title='bbox 1690 600 1744 652; x_wconf 98' lang='lat' dir='ltr'>vi</span> <span class='ocrx_word' id='word_1_26' title='bbox 1765 603 2011 653; x_wconf 89' lang='lat' dir='ltr'>conten-</span> 
     </span>
    </p>
   </div>
   <div class='ocr_carea' id='block_1_7' title="bbox 351 692 2008 758">
    <p class='ocr_par' dir='ltr' id='par_1_7' title="bbox 351 692 2008 758">
     <span class='ocr_line' id='line_1_7' title="bbox 351 692 2008 758; baseline -0.004 -12"><span class='ocrx_word' id='word_1_27' title='bbox 351 692 585 758; x_wconf 84' lang='lat' dir='ltr'>dentes,</span> <span class='ocrx_word' id='word_1_28' title='bbox 626 695 693 745; x_wconf 91' lang='lat' dir='ltr'>ut</span> <span class='ocrx_word' id='word_1_29' title='bbox 721 692 1122 744; x_wconf 82' lang='lat' dir='ltr'>Romanorum</span> <span class='ocrx_word' id='word_1_30' title='bbox 1182 693 1476 743; x_wconf 87' lang='lat' dir='ltr'>tormenta</span> <span class='ocrx_word' id='word_1_31' title='bbox 1532 692 2008 743; x_wconf 75' lang='lat' dir='ltr'>concremarent.</span> 
     </span>
    </p>
   </div>
   <div class='ocr_carea' id='block_1_8' title="bbox 353 775 2009 851">
    <p class='ocr_par' dir='ltr' id='par_1_8' title="bbox 353 775 2009 851">
     <span class='ocr_line' id='line_1_8' title="bbox 353 775 2009 851; baseline -0.003 -17"><span class='ocrx_word' id='word_1_32' title='bbox 353 782 523 851; x_wconf 68' lang='lat' dir='ltr'>Egre</span> <span class='ocrx_word' id='word_1_33' title='bbox 555 778 711 833; x_wconf 89' lang='lat' dir='ltr'>enim</span> <span class='ocrx_word' id='word_1_34' title='bbox 735 777 854 832; x_wconf 89' lang='lat' dir='ltr'>tela</span> <span class='ocrx_word' id='word_1_35' title='bbox 875 793 1009 832; x_wconf 91' lang='lat' dir='ltr'>cum</span> <span class='ocrx_word' id='word_1_36' title='bbox 1026 776 1281 831; x_wconf 81' lang='lat' dir='ltr'>stridore</span> <span class='ocrx_word' id='word_1_37' title='bbox 1296 775 1437 831; x_wconf 90' lang='lat' dir='ltr'>inde</span> <span class='ocrx_word' id='word_1_38' title='bbox 1452 777 1637 831; x_wconf 86' lang='lat' dir='ltr'>missa</span> <span class='ocrx_word' id='word_1_39' title='bbox 1649 775 2009 842; x_wconf 85' lang='lat' dir='ltr'>tolerabant,</span> 
     </span>
    </p>
   </div>
   <div class='ocr_carea' id='block_1_9' title="bbox 351 864 2009 940">
    <p class='ocr_par' dir='ltr' id='par_1_9' title="bbox 351 864 2009 940">
     <span class='ocr_line' id='line_1_9' title="bbox 351 864 2009 940; baseline -0.004 -17"><span class='ocrx_word' id='word_1_40' title='bbox 351 868 572 940; x_wconf 87' lang='lat' dir='ltr'>quibus</span> <span class='ocrx_word' id='word_1_41' title='bbox 603 867 869 937; x_wconf 84' lang='lat' dir='ltr'>quotidie</span> <span class='ocrx_word' id='word_1_42' title='bbox 901 867 1133 939; x_wconf 66' lang='lat' dir='ltr'>Scythas</span> <span class='ocrx_word' id='word_1_43' title='bbox 1159 865 1401 937; x_wconf 83' lang='lat' dir='ltr'>plurimi</span> <span class='ocrx_word' id='word_1_44' title='bbox 1431 864 2009 937; x_wconf 89' lang='lat' dir='ltr'>lapidibusictideji-</span> 
     </span>
    </p>
   </div>
   <div class='ocr_carea' id='block_1_10' title="bbox 352 955 2015 1028">
    <p class='ocr_par' dir='ltr' id='par_1_10' title="bbox 352 955 2015 1028">
     <span class='ocr_line' id='line_1_10' title="bbox 352 955 2015 1028; baseline -0.004 -15"><span class='ocrx_word' id='word_1_45' title='bbox 352 956 910 1028; x_wconf 85' lang='lat' dir='ltr'>ciebantur.Agebat</span> <span class='ocrx_word' id='word_1_46' title='bbox 939 960 1377 1010; x_wconf 80' lang='lat' dir='ltr'>tormentorum</span> <span class='ocrx_word' id='word_1_47' title='bbox 1407 955 2015 1010; x_wconf 85' lang='lat' dir='ltr'>custodiamJoannes</span> 
     </span>
    </p>
   </div>
   <div class='ocr_carea' id='block_1_11' title="bbox 352 1045 2014 1119">
    <p class='ocr_par' dir='ltr' id='par_1_11' title="bbox 352 1045 2014 1119">
     <span class='ocr_line' id='line_1_11' title="bbox 352 1045 2014 1119; baseline -0.003 -16"><span class='ocrx_word' id='word_1_48' title='bbox 352 1048 615 1103; x_wconf 90' lang='lat' dir='ltr'>Curcuas</span> <span class='ocrx_word' id='word_1_49' title='bbox 638 1046 922 1119; x_wconf 81' lang='lat' dir='ltr'>magister</span> <span class='ocrx_word' id='word_1_50' title='bbox 942 1045 1195 1113; x_wconf 69' lang='lat' dir='ltr'>militiae,</span> <span class='ocrx_word' id='word_1_51' title='bbox 1227 1061 1445 1117; x_wconf 82' lang='lat' dir='ltr'>genere</span> <span class='ocrx_word' id='word_1_52' title='bbox 1488 1062 1623 1099; x_wconf 90' lang='lat' dir='ltr'>cum</span> <span class='ocrx_word' id='word_1_53' title='bbox 1652 1046 2014 1115; x_wconf 86' lang='lat' dir='ltr'>lmperatore</span> 
     </span>
    </p>
   </div>
   <div class='ocr_carea' id='block_1_12' title="bbox 349 1134 2016 1207">
    <p class='ocr_par' dir='ltr' id='par_1_12' title="bbox 349 1134 2016 1207">
     <span class='ocr_line' id='line_1_12' title="bbox 349 1134 2016 1207; baseline -0.002 -16"><span class='ocrx_word' id='word_1_54' title='bbox 349 1137 729 1207; x_wconf 90' lang='lat' dir='ltr'>conjunctus.</span> <span class='ocrx_word' id='word_1_55' title='bbox 765 1138 819 1191; x_wconf 92' lang='lat' dir='ltr'>Is</span> <span class='ocrx_word' id='word_1_56' title='bbox 850 1134 951 1189; x_wconf 88' lang='lat' dir='ltr'>ubi</span> <span class='ocrx_word' id='word_1_57' title='bbox 1010 1135 1212 1190; x_wconf 90' lang='lat' dir='ltr'>hostes</span> <span class='ocrx_word' id='word_1_58' title='bbox 1261 1135 1544 1191; x_wconf 87' lang='lat' dir='ltr'>audacter</span> <span class='ocrx_word' id='word_1_59' title='bbox 1592 1139 2016 1205; x_wconf 85' lang='lat' dir='ltr'>procurrentes</span> 
     </span>
    </p>
   </div>
   <div class='ocr_carea' id='block_1_13' title="bbox 346 1223 2014 1295">
    <p class='ocr_par' dir='ltr' id='par_1_13' title="bbox 346 1223 2014 1295">
     <span class='ocr_line' id='line_1_13' title="bbox 346 1223 2014 1295; baseline -0.001 -16"><span class='ocrx_word' id='word_1_60' title='bbox 346 1225 516 1295; x_wconf 82' lang='lat' dir='ltr'>vidit,</span> <span class='ocrx_word' id='word_1_61' title='bbox 548 1224 668 1279; x_wconf 89' lang='lat' dir='ltr'>vini</span> <span class='ocrx_word' id='word_1_62' title='bbox 702 1224 1019 1295; x_wconf 86' lang='lat' dir='ltr'>somnique</span> <span class='ocrx_word' id='word_1_63' title='bbox 1047 1224 1262 1295; x_wconf 91' lang='lat' dir='ltr'>plenus</span> <span class='ocrx_word' id='word_1_64' title='bbox 1296 1224 1477 1295; x_wconf 91' lang='lat' dir='ltr'>(quod</span> <span class='ocrx_word' id='word_1_65' title='bbox 1508 1229 1645 1295; x_wconf 89' lang='lat' dir='ltr'>post</span> <span class='ocrx_word' id='word_1_66' title='bbox 1694 1223 2014 1295; x_wconf 86' lang='lat' dir='ltr'>prandium</span> 
     </span>
    </p>
   </div>
   <div class='ocr_carea' id='block_1_14' title="bbox 347 1312 2015 1386">
    <p class='ocr_par' dir='ltr' id='par_1_14' title="bbox 347 1312 2015 1386">
     <span class='ocr_line' id='line_1_14' title="bbox 347 1312 2015 1386; baseline -0.002 -17"><span class='ocrx_word' id='word_1_67' title='bbox 347 1331 444 1369; x_wconf 89' lang='lat' dir='ltr'>res</span> <span class='ocrx_word' id='word_1_68' title='bbox 484 1313 841 1386; x_wconf 81' lang='lat' dir='ltr'>gerebatur),</span> <span class='ocrx_word' id='word_1_69' title='bbox 878 1329 1029 1384; x_wconf 91' lang='lat' dir='ltr'>equo</span> <span class='ocrx_word' id='word_1_70' title='bbox 1053 1329 1401 1383; x_wconf 90' lang='lat' dir='ltr'>conscenso,</span> <span class='ocrx_word' id='word_1_71' title='bbox 1434 1329 1570 1367; x_wconf 92' lang='lat' dir='ltr'>cum</span> <span class='ocrx_word' id='word_1_72' title='bbox 1623 1312 2015 1382; x_wconf 87' lang='lat' dir='ltr'>sequentibus</span> 
     </span>
    </p>
   </div>
   <div class='ocr_carea' id='block_1_15' title="bbox 352 1401 2014 1473">
    <p class='ocr_par' dir='ltr' id='par_1_15' title="bbox 352 1401 2014 1473">
     <span class='ocr_line' id='line_1_15' title="bbox 352 1401 2014 1473; baseline -0.002 -15"><span class='ocrx_word' id='word_1_73' title='bbox 352 1403 598 1459; x_wconf 89' lang='lat' dir='ltr'>delectis</span> <span class='ocrx_word' id='word_1_74' title='bbox 630 1408 839 1458; x_wconf 88' lang='lat' dir='ltr'>contra</span> <span class='ocrx_word' id='word_1_75' title='bbox 867 1403 1047 1457; x_wconf 86' lang='lat' dir='ltr'>venit.</span> <span class='ocrx_word' id='word_1_76' title='bbox 1100 1404 1300 1473; x_wconf 90' lang='lat' dir='ltr'>Equus</span> <span class='ocrx_word' id='word_1_77' title='bbox 1348 1403 1411 1456; x_wconf 91' lang='lat' dir='ltr'>in</span> <span class='ocrx_word' id='word_1_78' title='bbox 1463 1401 1734 1457; x_wconf 88' lang='lat' dir='ltr'>scrobem</span> <span class='ocrx_word' id='word_1_79' title='bbox 1782 1401 2014 1456; x_wconf 88' lang='lat' dir='ltr'>delatus</span> 
     </span>
    </p>
   </div>
   <div class='ocr_carea' id='block_1_16' title="bbox 351 1492 2010 1564">
    <p class='ocr_par' dir='ltr' id='par_1_16' title="bbox 351 1492 2010 1564">
     <span class='ocr_line' id='line_1_16' title="bbox 351 1492 2010 1564; baseline -0.002 -17"><span class='ocrx_word' id='word_1_80' title='bbox 351 1493 528 1549; x_wconf 89' lang='lat' dir='ltr'>dorso</span> <span class='ocrx_word' id='word_1_81' title='bbox 552 1510 690 1549; x_wconf 90' lang='lat' dir='ltr'>eum</span> <span class='ocrx_word' id='word_1_82' title='bbox 725 1493 965 1548; x_wconf 83' lang='lat' dir='ltr'>excutit.</span> <span class='ocrx_word' id='word_1_83' title='bbox 981 1494 1126 1547; x_wconf 89' lang='lat' dir='ltr'>Tum</span> <span class='ocrx_word' id='word_1_84' title='bbox 1150 1493 1400 1564; x_wconf 70' lang='lat' dir='ltr'>Scythae,</span> <span class='ocrx_word' id='word_1_85' title='bbox 1432 1492 1728 1564; x_wconf 86' lang='lat' dir='ltr'>insignem</span> <span class='ocrx_word' id='word_1_86' title='bbox 1748 1496 2010 1547; x_wconf 88' lang='lat' dir='ltr'>armatu-</span> 
     </span>
    </p>
   </div>
   <div class='ocr_carea' id='block_1_17' title="bbox 352 1581 2015 1654">
    <p class='ocr_par' dir='ltr' id='par_1_17' title="bbox 352 1581 2015 1654">
     <span class='ocr_line' id='line_1_17' title="bbox 352 1581 2015 1654; baseline -0.001 -18"><span class='ocrx_word' id='word_1_87' title='bbox 352 1599 481 1637; x_wconf 89' lang='lat' dir='ltr'>ram</span> <span class='ocrx_word' id='word_1_88' title='bbox 515 1584 665 1653; x_wconf 86' lang='lat' dir='ltr'>ejus,</span> <span class='ocrx_word' id='word_1_89' title='bbox 696 1582 1093 1654; x_wconf 88' lang='lat' dir='ltr'>phalerasque</span> <span class='ocrx_word' id='word_1_90' title='bbox 1148 1582 1283 1652; x_wconf 90' lang='lat' dir='ltr'>equi</span> <span class='ocrx_word' id='word_1_91' title='bbox 1337 1598 1473 1637; x_wconf 86' lang='lat' dir='ltr'>cum</span> <span class='ocrx_word' id='word_1_92' title='bbox 1531 1581 1765 1651; x_wconf 89' lang='lat' dir='ltr'>reliquo</span> <span class='ocrx_word' id='word_1_93' title='bbox 1797 1585 2015 1635; x_wconf 88' lang='lat' dir='ltr'>ornatu</span> 
     </span>
    </p>
   </div>
   <div class='ocr_carea' id='block_1_18' title="bbox 352 1669 2015 1744">
    <p class='ocr_par' dir='ltr' id='par_1_18' title="bbox 352 1669 2015 1744">
     <span class='ocr_line' id='line_1_18' title="bbox 352 1669 2015 1744; baseline -0.002 -18"><span class='ocrx_word' id='word_1_94' title='bbox 352 1672 686 1727; x_wconf 85' lang='lat' dir='ltr'>elaboratas</span> <span class='ocrx_word' id='word_1_95' title='bbox 707 1672 1022 1744; x_wconf 82' lang='lat' dir='ltr'>magniﬁce</span> <span class='ocrx_word' id='word_1_96' title='bbox 1035 1672 1367 1743; x_wconf 81' lang='lat' dir='ltr'>conspicati</span> <span class='ocrx_word' id='word_1_97' title='bbox 1386 1674 1580 1741; x_wconf 88' lang='lat' dir='ltr'>(erant</span> <span class='ocrx_word' id='word_1_98' title='bbox 1610 1670 1771 1727; x_wconf 88' lang='lat' dir='ltr'>enim</span> <span class='ocrx_word' id='word_1_99' title='bbox 1787 1669 2015 1725; x_wconf 64' lang='lat' dir='ltr'>aﬂ‘atim</span> 
     </span>
    </p>
   </div>
   <div class='ocr_carea' id='block_1_19' title="bbox 348 1760 2015 1835">
    <p class='ocr_par' dir='ltr' id='par_1_19' title="bbox 348 1760 2015 1835">
     <span class='ocr_line' id='line_1_19' title="bbox 348 1760 2015 1835; baseline -0.001 -18"><span class='ocrx_word' id='word_1_100' title='bbox 348 1762 595 1819; x_wconf 89' lang='lat' dir='ltr'>inducta</span> <span class='ocrx_word' id='word_1_101' title='bbox 612 1764 801 1835; x_wconf 88' lang='lat' dir='ltr'>auro),</span> <span class='ocrx_word' id='word_1_102' title='bbox 833 1764 946 1819; x_wconf 89' lang='lat' dir='ltr'>rati</span> <span class='ocrx_word' id='word_1_103' title='bbox 966 1765 1390 1834; x_wconf 89' lang='lat' dir='ltr'>Imperatorem</span> <span class='ocrx_word' id='word_1_104' title='bbox 1417 1780 1567 1828; x_wconf 74' lang='lat' dir='ltr'>esse,</span> <span class='ocrx_word' id='word_1_105' title='bbox 1601 1778 1813 1817; x_wconf 89' lang='lat' dir='ltr'>omnes</span> <span class='ocrx_word' id='word_1_106' title='bbox 1835 1760 2015 1816; x_wconf 82' lang='lat' dir='ltr'>simul</span> 
     </span>
    </p>
   </div>
   <div class='ocr_carea' id='block_1_20' title="bbox 2116 588 3771 671">
    <p class='ocr_par' dir='ltr' id='par_1_20' title="bbox 2116 588 3771 671">
     <span class='ocr_line' id='line_1_20' title="bbox 2116 588 3771 671; baseline -0.001 -21"><span class='ocrx_word' id='word_1_107' title='bbox 2116 616 2234 669; x_wconf 81' lang='grc' dir='ltr'>γος,</span> <span class='ocrx_word' id='word_1_108' title='bbox 2270 594 2387 649; x_wconf 78' lang='grc' dir='ltr'>ὅθεν</span> <span class='ocrx_word' id='word_1_109' title='bbox 2422 588 2602 664; x_wconf 75' lang='grc' dir='ltr'>ἐξέϐη,</span> <span class='ocrx_word' id='word_1_110' title='bbox 2665 593 2978 666; x_wconf 79' lang='grc' dir='ltr'>ἐπάνεισιν),</span> <span class='ocrx_word' id='word_1_111' title='bbox 3035 593 3123 648; x_wconf 81' lang='grc' dir='ltr'>ἐπὶ</span> <span class='ocrx_word' id='word_1_112' title='bbox 3174 597 3237 648; x_wconf 82' lang='grc' dir='ltr'>τό</span> <span class='ocrx_word' id='word_1_113' title='bbox 3281 592 3468 649; x_wconf 81' lang='grc' dir='ltr'>πεδίον</span> <span class='ocrx_word' id='word_1_114' title='bbox 3528 595 3771 671; x_wconf 73' lang='grc' dir='ltr'>ἐξῂεσαν,</span> 
     </span>
    </p>
   </div>
   <div class='ocr_carea' id='block_1_21' title="bbox 2119 683 3774 761">
    <p class='ocr_par' dir='ltr' id='par_1_21' title="bbox 2119 683 3774 761">
     <span class='ocr_line' id='line_1_21' title="bbox 2119 683 3774 761; baseline 0.001 -22"><span class='ocrx_word' id='word_1_115' title='bbox 2119 686 2277 739; x_wconf 81' lang='grc' dir='ltr'>παντὶ</span> <span class='ocrx_word' id='word_1_116' title='bbox 2313 686 2480 749; x_wconf 83' lang='grc' dir='ltr'>σθένει</span> <span class='ocrx_word' id='word_1_117' title='bbox 2507 683 2864 757; x_wconf 77' lang='grc' dir='ltr'>πειρώμενοι,</span> <span class='ocrx_word' id='word_1_118' title='bbox 2918 683 3012 746; x_wconf 81' lang='grc' dir='ltr'>τὰς</span> <span class='ocrx_word' id='word_1_119' title='bbox 3066 688 3174 739; x_wconf 91' lang='grc' dir='ltr'>τῶν</span> <span class='ocrx_word' id='word_1_120' title='bbox 3216 685 3506 759; x_wconf 82' lang='grc' dir='ltr'>Ῥωμαίων</span> <span class='ocrx_word' id='word_1_121' title='bbox 3560 707 3774 761; x_wconf 81' lang='grc' dir='ltr'>πυρπο-</span> 
     </span>
    </p>
   </div>
   <div class='ocr_carea' id='block_1_22' title="bbox 2121 772 3773 850">
    <p class='ocr_par' dir='ltr' id='par_1_22' title="bbox 2121 772 3773 850">
     <span class='ocr_line' id='line_1_22' title="bbox 2121 772 3773 850; baseline 0.001 -22"><span class='ocrx_word' id='word_1_122' title='bbox 2121 772 2236 828; x_wconf 83' lang='grc' dir='ltr'>λεῖν</span> <span class='ocrx_word' id='word_1_123' title='bbox 2301 773 2577 847; x_wconf 83' lang='grc' dir='ltr'>μηχανάς.</span> <span class='ocrx_word' id='word_1_124' title='bbox 2633 773 2710 829; x_wconf 76' lang='grc' dir='ltr'>Οὐ</span> <span class='ocrx_word' id='word_1_125' title='bbox 2784 772 2886 848; x_wconf 80' lang='grc' dir='ltr'>γάρ</span> <span class='ocrx_word' id='word_1_126' title='bbox 2943 772 3039 836; x_wconf 81' lang='grc' dir='ltr'>τὰς</span> <span class='ocrx_word' id='word_1_127' title='bbox 3094 773 3301 828; x_wconf 89' lang='grc' dir='ltr'>τούτων</span> <span class='ocrx_word' id='word_1_128' title='bbox 3392 777 3527 848; x_wconf 84' lang='grc' dir='ltr'>μετὰ</span> <span class='ocrx_word' id='word_1_129' title='bbox 3586 776 3773 850; x_wconf 82' lang='grc' dir='ltr'>ῥοίζου</span> 
     </span>
    </p>
   </div>
   <div class='ocr_carea' id='block_1_23' title="bbox 2120 857 3773 940">
    <p class='ocr_par' dir='ltr' id='par_1_23' title="bbox 2120 857 3773 940">
     <span class='ocr_line' id='line_1_23' title="bbox 2120 857 3773 940; baseline 0.003 -25"><span class='ocrx_word' id='word_1_130' title='bbox 2120 857 2335 937; x_wconf 80' lang='grc' dir='ltr'>ἔστεγον</span> <span class='ocrx_word' id='word_1_131' title='bbox 2397 861 2819 935; x_wconf 76' lang='grc' dir='ltr'>ἐκπεμπομένοις</span> <span class='ocrx_word' id='word_1_132' title='bbox 2910 861 3103 936; x_wconf 79' lang='grc' dir='ltr'>βολὰς,</span> <span class='ocrx_word' id='word_1_133' title='bbox 3165 862 3439 919; x_wconf 83' lang='grc' dir='ltr'>πλείστων</span> <span class='ocrx_word' id='word_1_134' title='bbox 3501 865 3773 940; x_wconf 76' lang='grc' dir='ltr'>ὁσημέραι</span> 
     </span>
    </p>
   </div>
   <div class='ocr_carea' id='block_1_24' title="bbox 2123 948 3771 1028">
    <p class='ocr_par' dir='ltr' id='par_1_24' title="bbox 2123 948 3771 1028">
     <span class='ocr_line' id='line_1_24' title="bbox 2123 948 3771 1028; baseline 0.003 -23"><span class='ocrx_word' id='word_1_135' title='bbox 2123 951 2226 1005; x_wconf 82' lang='grc' dir='ltr'>ὑπὸ</span> <span class='ocrx_word' id='word_1_136' title='bbox 2284 955 2391 1005; x_wconf 86' lang='grc' dir='ltr'>τῶν</span> <span class='ocrx_word' id='word_1_137' title='bbox 2452 950 2754 1028; x_wconf 71' lang='grc' dir='ltr'>ἀφιεμένων</span> <span class='ocrx_word' id='word_1_138' title='bbox 2808 948 2976 1005; x_wconf 85' lang='grc' dir='ltr'>λίθων</span> <span class='ocrx_word' id='word_1_139' title='bbox 3034 951 3444 1027; x_wconf 71' lang='grc' dir='ltr'>ἀναιρουμένων</span> <span class='ocrx_word' id='word_1_140' title='bbox 3529 956 3771 1012; x_wconf 88' lang='grc' dir='ltr'>Σκυθῶν.</span> 
     </span>
    </p>
   </div>
   <div class='ocr_carea' id='block_1_25' title="bbox 2124 1038 3778 1118">
    <p class='ocr_par' dir='ltr' id='par_1_25' title="bbox 2124 1038 3778 1118">
     <span class='ocr_line' id='line_1_25' title="bbox 2124 1038 3778 1118; baseline -0.001 -20"><span class='ocrx_word' id='word_1_141' title='bbox 2124 1042 2381 1110; x_wconf 85' lang='grc' dir='ltr'>Ἰωάννης</span> <span class='ocrx_word' id='word_1_142' title='bbox 2419 1038 2477 1094; x_wconf 72' lang='grc' dir='ltr'>δέ</span> <span class='ocrx_word' id='word_1_143' title='bbox 2510 1041 2537 1095; x_wconf 89' lang='grc' dir='ltr'><strong>ὁ</strong></span> <span class='ocrx_word' id='word_1_144' title='bbox 2568 1040 2888 1112; x_wconf 78' lang='grc' dir='ltr'>Κουρκούας</span> <span class='ocrx_word' id='word_1_145' title='bbox 2919 1039 3010 1095; x_wconf 86' lang='grc' dir='ltr'>καὶ</span> <span class='ocrx_word' id='word_1_146' title='bbox 3063 1042 3404 1116; x_wconf 80' lang='grc' dir='ltr'>Μάγιστρος,</span> <span class='ocrx_word' id='word_1_147' title='bbox 3470 1042 3530 1097; x_wconf 80' lang='grc' dir='ltr'>ἐκ</span> <span class='ocrx_word' id='word_1_148' title='bbox 3585 1064 3778 1118; x_wconf 86' lang='grc' dir='ltr'>γενους</span> 
     </span>
    </p>
   </div>
   <div class='ocr_carea' id='block_1_26' title="bbox 2121 1127 3778 1207">
    <p class='ocr_par' dir='ltr' id='par_1_26' title="bbox 2121 1127 3778 1207">
     <span class='ocr_line' id='line_1_26' title="bbox 2121 1127 3778 1207; baseline 0.001 -21"><span class='ocrx_word' id='word_1_149' title='bbox 2121 1133 2422 1205; x_wconf 68' lang='grc' dir='ltr'>προσήκων</span> <span class='ocrx_word' id='word_1_150' title='bbox 2453 1135 2534 1203; x_wconf 80' lang='grc' dir='ltr'>τῷ</span> <span class='ocrx_word' id='word_1_151' title='bbox 2597 1127 2837 1204; x_wconf 83' lang='grc' dir='ltr'>βασιλεῖ,</span> <span class='ocrx_word' id='word_1_152' title='bbox 2892 1131 2992 1198; x_wconf 72' lang='grc' dir='ltr'>τὴν</span> <span class='ocrx_word' id='word_1_153' title='bbox 3051 1136 3158 1186; x_wconf 89' lang='grc' dir='ltr'>τῶν</span> <span class='ocrx_word' id='word_1_154' title='bbox 3217 1131 3484 1187; x_wconf 81' lang='grc' dir='ltr'>τοιούτων</span> <span class='ocrx_word' id='word_1_155' title='bbox 3519 1152 3778 1207; x_wconf 81' lang='grc' dir='ltr'>μηχανη-</span> 
     </span>
    </p>
   </div>
   <div class='ocr_carea' id='block_1_27' title="bbox 2126 1218 3777 1296">
    <p class='ocr_par' dir='ltr' id='par_1_27' title="bbox 2126 1218 3777 1296">
     <span class='ocr_line' id='line_1_27' title="bbox 2126 1218 3777 1296; baseline 0.001 -21"><span class='ocrx_word' id='word_1_156' title='bbox 2126 1221 2310 1295; x_wconf 80' lang='grc' dir='ltr'>μάτων</span> <span class='ocrx_word' id='word_1_157' title='bbox 2339 1220 2674 1292; x_wconf 82' lang='grc' dir='ltr'>ποιούμενος</span> <span class='ocrx_word' id='word_1_158' title='bbox 2704 1218 2977 1293; x_wconf 69' lang='grc' dir='ltr'>φυλακήν,</span> <span class='ocrx_word' id='word_1_159' title='bbox 3007 1220 3107 1287; x_wconf 67' lang='grc' dir='ltr'>τὴν</span> <span class='ocrx_word' id='word_1_160' title='bbox 3173 1222 3308 1293; x_wconf 76' lang='grc' dir='ltr'>μετὰ</span> <span class='ocrx_word' id='word_1_161' title='bbox 3336 1223 3567 1293; x_wconf 72' lang='grc' dir='ltr'>θράσους</span> <span class='ocrx_word' id='word_1_162' title='bbox 3597 1224 3777 1296; x_wconf 67' lang='grc' dir='ltr'>ὁρμὴν</span> 
     </span>
    </p>
   </div>
   <div class='ocr_carea' id='block_1_28' title="bbox 2119 1306 3775 1386">
    <p class='ocr_par' dir='ltr' id='par_1_28' title="bbox 2119 1306 3775 1386">
     <span class='ocr_line' id='line_1_28' title="bbox 2119 1306 3775 1386; baseline 0.001 -22"><span class='ocrx_word' id='word_1_163' title='bbox 2119 1316 2226 1365; x_wconf 82' lang='grc' dir='ltr'>τῶν</span> <span class='ocrx_word' id='word_1_164' title='bbox 2263 1309 2515 1364; x_wconf 75' lang='grc' dir='ltr'>ἐναντίων</span> <span class='ocrx_word' id='word_1_165' title='bbox 2550 1306 2706 1376; x_wconf 82' lang='grc' dir='ltr'>ἰδὼν,</span> <span class='ocrx_word' id='word_1_166' title='bbox 2738 1311 2828 1364; x_wconf 71' lang='grc' dir='ltr'>καὶ</span> <span class='ocrx_word' id='word_1_167' title='bbox 2888 1306 3076 1371; x_wconf 79' lang='grc' dir='ltr'>ἄλλως</span> <span class='ocrx_word' id='word_1_168' title='bbox 3110 1329 3242 1382; x_wconf 87' lang='grc' dir='ltr'>οινῳ</span> <span class='ocrx_word' id='word_1_169' title='bbox 3297 1306 3630 1386; x_wconf 77' lang='grc' dir='ltr'>καρηϐαρῶν</span> <span class='ocrx_word' id='word_1_170' title='bbox 3686 1311 3775 1368; x_wconf 84' lang='grc' dir='ltr'>καὶ</span> 
     </span>
    </p>
   </div>
   <div class='ocr_carea' id='block_1_29' title="bbox 2119 1396 3775 1473">
    <p class='ocr_par' dir='ltr' id='par_1_29' title="bbox 2119 1396 3775 1473">
     <span class='ocr_line' id='line_1_29' title="bbox 2119 1396 3775 1473; baseline 0.001 -20"><span class='ocrx_word' id='word_1_171' title='bbox 2119 1399 2423 1467; x_wconf 79' lang='grc' dir='ltr'>νευστάζων</span> <span class='ocrx_word' id='word_1_172' title='bbox 2483 1398 2623 1472; x_wconf 89' lang='grc' dir='ltr'>(μετ’</span> <span class='ocrx_word' id='word_1_173' title='bbox 2680 1396 2895 1473; x_wconf 79' lang='grc' dir='ltr'>ἄριστον</span> <span class='ocrx_word' id='word_1_174' title='bbox 2957 1399 3062 1473; x_wconf 76' lang='grc' dir='ltr'>γὰρ</span> <span class='ocrx_word' id='word_1_175' title='bbox 3119 1402 3231 1471; x_wconf 69' lang='grc' dir='ltr'>ἦν),</span> <span class='ocrx_word' id='word_1_176' title='bbox 3310 1399 3484 1454; x_wconf 84' lang='grc' dir='ltr'>ἳππου</span> <span class='ocrx_word' id='word_1_177' title='bbox 3563 1397 3775 1468; x_wconf 76' lang='grc' dir='ltr'>ἐπιϐὰς,</span> 
     </span>
    </p>
   </div>
   <div class='ocr_carea' id='block_1_30' title="bbox 2121 1487 3774 1564">
    <p class='ocr_par' dir='ltr' id='par_1_30' title="bbox 2121 1487 3774 1564">
     <span class='ocr_line' id='line_1_30' title="bbox 2121 1487 3774 1564; baseline 0.001 -20"><span class='ocrx_word' id='word_1_178' title='bbox 2121 1489 2213 1544; x_wconf 74' lang='grc' dir='ltr'>σὺν</span> <span class='ocrx_word' id='word_1_179' title='bbox 2259 1495 2376 1552; x_wconf 61' lang='grc' dir='ltr'>ταῖς</span> <span class='ocrx_word' id='word_1_180' title='bbox 2424 1487 2778 1564; x_wconf 80' lang='grc' dir='ltr'>ἐφεπομένοις</span> <span class='ocrx_word' id='word_1_181' title='bbox 2837 1488 3063 1564; x_wconf 71' lang='grc' dir='ltr'>λογάσιν</span> <span class='ocrx_word' id='word_1_182' title='bbox 3119 1487 3325 1556; x_wconf 68' lang='grc' dir='ltr'>ἤλαυνε</span> <span class='ocrx_word' id='word_1_183' title='bbox 3402 1491 3519 1544; x_wconf 88' lang='grc' dir='ltr'>κατ’</span> <span class='ocrx_word' id='word_1_184' title='bbox 3578 1489 3774 1547; x_wconf 83' lang='grc' dir='ltr'>αὐτῶν.</span> 
     </span>
    </p>
   </div>
   <div class='ocr_carea' id='block_1_31' title="bbox 2123 1574 3773 1654">
    <p class='ocr_par' dir='ltr' id='par_1_31' title="bbox 2123 1574 3773 1654">
     <span class='ocr_line' id='line_1_31' title="bbox 2123 1574 3773 1654; baseline 0.002 -21"><span class='ocrx_word' id='word_1_185' title='bbox 2123 1579 2318 1654; x_wconf 80' lang='grc' dir='ltr'>Βόθρῳ</span> <span class='ocrx_word' id='word_1_186' title='bbox 2346 1575 2404 1632; x_wconf 68' lang='grc' dir='ltr'>δὲ</span> <span class='ocrx_word' id='word_1_187' title='bbox 2434 1579 2462 1632; x_wconf 85' lang='grc' dir='ltr'><strong>ὁ</strong></span> <span class='ocrx_word' id='word_1_188' title='bbox 2488 1575 2662 1640; x_wconf 70' lang='grc' dir='ltr'>ἵππος</span> <span class='ocrx_word' id='word_1_189' title='bbox 2692 1577 3034 1650; x_wconf 78' lang='grc' dir='ltr'>κατενεχθεὶς</span> <span class='ocrx_word' id='word_1_190' title='bbox 3075 1574 3384 1633; x_wconf 79' lang='grc' dir='ltr'>ἀποϐάλλει</span> <span class='ocrx_word' id='word_1_191' title='bbox 3443 1584 3552 1635; x_wconf 86' lang='grc' dir='ltr'>τῶν</span> <span class='ocrx_word' id='word_1_192' title='bbox 3585 1581 3773 1636; x_wconf 85' lang='grc' dir='ltr'>νώτων</span> 
     </span>
    </p>
   </div>
   <div class='ocr_carea' id='block_1_32' title="bbox 2119 1664 3774 1743">
    <p class='ocr_par' dir='ltr' id='par_1_32' title="bbox 2119 1664 3774 1743">
     <span class='ocr_line' id='line_1_32' title="bbox 2119 1664 3774 1743; baseline 0.001 -20"><span class='ocrx_word' id='word_1_193' title='bbox 2119 1668 2211 1723; x_wconf 83' lang='grc' dir='ltr'>τὸν</span> <span class='ocrx_word' id='word_1_194' title='bbox 2249 1669 2582 1743; x_wconf 83' lang='grc' dir='ltr'>Μάγιστρον.</span> <span class='ocrx_word' id='word_1_195' title='bbox 2635 1667 2704 1725; x_wconf 78' lang='grc' dir='ltr'><strong>Οἱ</strong></span> <span class='ocrx_word' id='word_1_196' title='bbox 2763 1664 2820 1721; x_wconf 85' lang='grc' dir='ltr'>δε</span> <span class='ocrx_word' id='word_1_197' title='bbox 2874 1667 3101 1738; x_wconf 87' lang='grc' dir='ltr'>Σκύθαι,</span> <span class='ocrx_word' id='word_1_198' title='bbox 3159 1667 3434 1743; x_wconf 82' lang='grc' dir='ltr'>ἀριπρεπῆ</span> <span class='ocrx_word' id='word_1_199' title='bbox 3468 1667 3774 1725; x_wconf 77' lang='grc' dir='ltr'>πανοπλίαν</span> 
     </span>
    </p>
   </div>
   <div class='ocr_carea' id='block_1_33' title="bbox 2123 1754 3770 1834">
    <p class='ocr_par' dir='ltr' id='par_1_33' title="bbox 2123 1754 3770 1834">
     <span class='ocr_line' id='line_1_33' title="bbox 2123 1754 3770 1834; baseline 0 -21"><span class='ocrx_word' id='word_1_200' title='bbox 2123 1754 2353 1827; x_wconf 76' lang='grc' dir='ltr'>ἰδόντες,</span> <span class='ocrx_word' id='word_1_201' title='bbox 2381 1757 2473 1812; x_wconf 76' lang='grc' dir='ltr'>καὶ</span> <span class='ocrx_word' id='word_1_202' title='bbox 2506 1756 2723 1834; x_wconf 87' lang='grc' dir='ltr'>φάλαρα</span> <span class='ocrx_word' id='word_1_203' title='bbox 2747 1760 2844 1811; x_wconf 91' lang='grc' dir='ltr'>τοῦ</span> <span class='ocrx_word' id='word_1_204' title='bbox 2875 1756 3050 1811; x_wconf 85' lang='grc' dir='ltr'>ἳππου</span> <span class='ocrx_word' id='word_1_205' title='bbox 3081 1757 3171 1811; x_wconf 81' lang='grc' dir='ltr'>καὶ</span> <span class='ocrx_word' id='word_1_206' title='bbox 3227 1759 3328 1826; x_wconf 67' lang='grc' dir='ltr'>τὴν</span> <span class='ocrx_word' id='word_1_207' title='bbox 3360 1755 3541 1829; x_wconf 80' lang='grc' dir='ltr'>ἄλλην</span> <span class='ocrx_word' id='word_1_208' title='bbox 3577 1760 3770 1829; x_wconf 71' lang='grc' dir='ltr'>σκευήν</span> 
     </span>
    </p>
   </div>
   <div class='ocr_carea' id='block_1_34' title="bbox 347 1842 2001 1950">
    <p class='ocr_par' dir='ltr' id='par_1_34' title="bbox 347 1850 2001 1924">
     <span class='ocr_line' id='line_1_34' title="bbox 347 1850 2001 1924; baseline -0.002 -16"><span class='ocrx_word' id='word_1_209' title='bbox 347 1852 690 1908; x_wconf 87' lang='lat' dir='ltr'>circumfusi</span> <span class='ocrx_word' id='word_1_210' title='bbox 714 1869 833 1908; x_wconf 88' lang='lat' dir='ltr'>una</span> <span class='ocrx_word' id='word_1_211' title='bbox 853 1870 988 1908; x_wconf 91' lang='lat' dir='ltr'>cum</span> <span class='ocrx_word' id='word_1_212' title='bbox 1011 1853 1194 1907; x_wconf 88' lang='lat' dir='ltr'>armis</span> <span class='ocrx_word' id='word_1_213' title='bbox 1235 1869 1371 1907; x_wconf 90' lang='lat' dir='ltr'>eum</span> <span class='ocrx_word' id='word_1_214' title='bbox 1402 1852 1617 1924; x_wconf 84' lang='lat' dir='ltr'>gladiis</span> <span class='ocrx_word' id='word_1_215' title='bbox 1660 1850 2001 1906; x_wconf 89' lang='lat' dir='ltr'>securibus-</span> 
     </span>
    </p>
   </div>
   <div class='ocr_carea' id='block_1_35' title="bbox 2115 1842 3773 1950">
    <p class='ocr_par' dir='ltr' id='par_1_35' title="bbox 2119 1842 3773 1950">
     <span class='ocr_line' id='line_1_35' title="bbox 2119 1842 3773 1922; baseline 0.001 -22"><span class='ocrx_word' id='word_1_216' title='bbox 2119 1844 2505 1921; x_wconf 67' lang='grc' dir='ltr'>ἐξειργασμένα</span> <span class='ocrx_word' id='word_1_217' title='bbox 2571 1842 2844 1918; x_wconf 80' lang='grc' dir='ltr'>λαμπρῶς</span> <span class='ocrx_word' id='word_1_218' title='bbox 2902 1843 3227 1919; x_wconf 77' lang='grc' dir='ltr'>(ἐτύγχανον</span> <span class='ocrx_word' id='word_1_219' title='bbox 3295 1844 3399 1920; x_wconf 81' lang='grc' dir='ltr'>γὰρ</span> <span class='ocrx_word' id='word_1_220' title='bbox 3456 1848 3773 1922; x_wconf 73' lang='grc' dir='ltr'>κατακόρως</span> 
     </span>
     <span class='ocr_line' id='line_1_36' title="bbox 2128 1932 3677 1950; baseline 0 0"><span class='ocrx_word' id='word_1_221' title='bbox 2128 1936 2252 1950; x_wconf 61' lang='grc' dir='ltr'>η,</span> <span class='ocrx_word' id='word_1_222' title='bbox 2393 1938 2524 1950; x_wconf 93' lang='grc'>,.</span> <span class='ocrx_word' id='word_1_223' title='bbox 3026 1932 3109 1950; x_wconf 57' lang='grc' dir='ltr'>κη.</span> <span class='ocrx_word' id='word_1_224' title='bbox 3389 1937 3463 1950; x_wconf 80' lang='grc'>,.</span> <span class='ocrx_word' id='word_1_225' title='bbox 3570 1937 3677 1950; x_wconf 86' lang='lat'>._</span> 
     </span>
    </p>
   </div>
   <div class='ocr_carea' id='block_1_36' title="bbox 352 1941 2006 2012">
    <p class='ocr_par' dir='ltr' id='par_1_36' title="bbox 352 1941 2006 2012">
     <span class='ocr_line' id='line_1_37' title="bbox 352 1941 2006 2012; baseline -0.002 -16"><span class='ocrx_word' id='word_1_226' title='bbox 352 1959 467 2012; x_wconf 90' lang='lat' dir='ltr'>que</span> <span class='ocrx_word' id='word_1_227' title='bbox 497 1941 689 1997; x_wconf 87' lang='lat' dir='ltr'>ferum</span> <span class='ocrx_word' id='word_1_228' title='bbox 722 1942 784 1996; x_wconf 92' lang='lat' dir='ltr'>in</span> <span class='ocrx_word' id='word_1_229' title='bbox 832 1942 1074 1997; x_wconf 89' lang='lat' dir='ltr'>modum</span> <span class='ocrx_word' id='word_1_230' title='bbox 1105 1942 1468 1997; x_wconf 86' lang='lat' dir='ltr'>articulatim</span> <span class='ocrx_word' id='word_1_231' title='bbox 1500 1941 1794 2010; x_wconf 87' lang='lat' dir='ltr'>dividunt,</span> <span class='ocrx_word' id='word_1_232' title='bbox 1826 1946 2006 2012; x_wconf 89' lang='lat' dir='ltr'>caput</span> 
     </span>
    </p>
   </div>
   <div class='ocr_carea' id='block_1_37' title="bbox 351 2030 2002 2103">
    <p class='ocr_par' dir='ltr' id='par_1_37' title="bbox 351 2030 2002 2103">
     <span class='ocr_line' id='line_1_38' title="bbox 351 2030 2002 2103; baseline -0.001 -18"><span class='ocrx_word' id='word_1_233' title='bbox 351 2031 474 2103; x_wconf 92' lang='lat' dir='ltr'>pilo</span> <span class='ocrx_word' id='word_1_234' title='bbox 507 2032 690 2086; x_wconf 77' lang='lat' dir='ltr'>fixum</span> <span class='ocrx_word' id='word_1_235' title='bbox 722 2032 784 2086; x_wconf 93' lang='lat' dir='ltr'>in</span> <span class='ocrx_word' id='word_1_236' title='bbox 817 2032 1081 2087; x_wconf 89' lang='lat' dir='ltr'>turribus</span> <span class='ocrx_word' id='word_1_237' title='bbox 1120 2032 1516 2099; x_wconf 87' lang='lat' dir='ltr'>constituunt,</span> <span class='ocrx_word' id='word_1_238' title='bbox 1542 2033 1840 2086; x_wconf 86' lang='lat' dir='ltr'>Romanos</span> <span class='ocrx_word' id='word_1_239' title='bbox 1870 2030 2002 2084; x_wconf 88' lang='lat' dir='ltr'>irri-</span> 
     </span>
    </p>
   </div>
   <div class='ocr_carea' id='block_1_38' title="bbox 352 2118 2004 2192">
    <p class='ocr_par' dir='ltr' id='par_1_38' title="bbox 352 2118 2004 2192">
     <span class='ocr_line' id='line_1_39' title="bbox 352 2118 2004 2192; baseline -0.001 -18"><span class='ocrx_word' id='word_1_240' title='bbox 352 2119 757 2192; x_wconf 90' lang='lat' dir='ltr'>dentes,quod</span> <span class='ocrx_word' id='word_1_241' title='bbox 786 2137 991 2176; x_wconf 91' lang='lat' dir='ltr'>eorum</span> <span class='ocrx_word' id='word_1_242' title='bbox 1024 2122 1451 2192; x_wconf 88' lang='lat' dir='ltr'>Imperatorem</span> <span class='ocrx_word' id='word_1_243' title='bbox 1467 2120 1721 2174; x_wconf 69' lang='lat' dir='ltr'>victimae</span> <span class='ocrx_word' id='word_1_244' title='bbox 1753 2120 1871 2174; x_wconf 88' lang='lat' dir='ltr'>ritu</span> <span class='ocrx_word' id='word_1_245' title='bbox 1890 2118 2004 2174; x_wconf 92' lang='lat' dir='ltr'>ob-</span> 
     </span>
    </p>
   </div>
   <div class='ocr_carea' id='block_1_39' title="bbox 348 2208 2006 2282">
    <p class='ocr_par' dir='ltr' id='par_1_39' title="bbox 348 2208 2006 2282">
     <span class='ocr_line' id='line_1_40' title="bbox 348 2208 2006 2282; baseline 0 -19"><span class='ocrx_word' id='word_1_246' title='bbox 348 2211 873 2266; x_wconf 86' lang='lat' dir='ltr'>truncassent.Has</span> <span class='ocrx_word' id='word_1_247' title='bbox 893 2211 1154 2266; x_wconf 87' lang='lat' dir='ltr'>Joannes</span> <span class='ocrx_word' id='word_1_248' title='bbox 1183 2210 1459 2282; x_wconf 86' lang='lat' dir='ltr'>Magister</span> <span class='ocrx_word' id='word_1_249' title='bbox 1489 2225 1695 2281; x_wconf 75' lang='lat' dir='ltr'>pmnas</span> <span class='ocrx_word' id='word_1_250' title='bbox 1708 2208 2006 2264; x_wconf 89' lang='lat' dir='ltr'>scelerum</span> 
     </span>
    </p>
   </div>
   <div class='ocr_carea' id='block_1_40' title="bbox 348 2297 2007 2366">
    <p class='ocr_par' dir='ltr' id='par_1_40' title="bbox 348 2297 2007 2366">
     <span class='ocr_line' id='line_1_41' title="bbox 348 2297 2007 2366; baseline 0 -14"><span class='ocrx_word' id='word_1_251' title='bbox 348 2311 412 2365; x_wconf 75' lang='lat' dir='ltr'>in</span> <span class='ocrx_word' id='word_1_252' title='bbox 444 2298 601 2353; x_wconf 62' lang='lat' dir='ltr'>aedes</span> <span class='ocrx_word' id='word_1_253' title='bbox 635 2315 834 2354; x_wconf 90' lang='lat' dir='ltr'>sacras</span> <span class='ocrx_word' id='word_1_254' title='bbox 871 2299 1328 2354; x_wconf 90' lang='lat' dir='ltr'>commissorum</span> <span class='ocrx_word' id='word_1_255' title='bbox 1388 2297 1544 2366; x_wconf 88' lang='lat' dir='ltr'>tulit,</span> <span class='ocrx_word' id='word_1_256' title='bbox 1602 2302 1670 2352; x_wconf 91' lang='lat' dir='ltr'>ut</span> <span class='ocrx_word' id='word_1_257' title='bbox 1724 2315 1759 2353; x_wconf 88' lang='lat' dir='ltr'>a</span> <span class='ocrx_word' id='word_1_258' title='bbox 1806 2297 2007 2353; x_wconf 85' lang='lat' dir='ltr'>furore</span> 
     </span>
    </p>
   </div>
   <div class='ocr_carea' id='block_1_41' title="bbox 347 2386 2008 2460">
    <p class='ocr_par' dir='ltr' id='par_1_41' title="bbox 347 2386 2008 2460">
     <span class='ocr_line' id='line_1_42' title="bbox 347 2386 2008 2460; baseline 0 -19"><span class='ocrx_word' id='word_1_259' title='bbox 347 2386 738 2443; x_wconf 88' lang='lat' dir='ltr'>barbarorum</span> <span class='ocrx_word' id='word_1_260' title='bbox 762 2387 1464 2460; x_wconf 88' lang='lat' dir='ltr'>opprimeretur.Etenim</span> <span class='ocrx_word' id='word_1_261' title='bbox 1488 2386 1772 2443; x_wconf 88' lang='lat' dir='ltr'>ecclesias</span> <span class='ocrx_word' id='word_1_262' title='bbox 1790 2387 2008 2443; x_wconf 90' lang='lat' dir='ltr'>multas</span> 
     </span>
    </p>
   </div>
   <div class='ocr_carea' id='block_1_42' title="bbox 345 2477 2012 2546">
    <p class='ocr_par' dir='ltr' id='par_1_42' title="bbox 345 2477 2012 2546">
     <span class='ocr_line' id='line_1_43' title="bbox 345 2477 2012 2546; baseline -0.001 -16"><span class='ocrx_word' id='word_1_263' title='bbox 345 2483 410 2537; x_wconf 88' lang='lat' dir='ltr'>in</span> <span class='ocrx_word' id='word_1_264' title='bbox 442 2477 642 2532; x_wconf 63' lang='lat' dir='ltr'>Maesia</span> <span class='ocrx_word' id='word_1_265' title='bbox 669 2481 934 2532; x_wconf 83' lang='lat' dir='ltr'>vastasse</span> <span class='ocrx_word' id='word_1_266' title='bbox 992 2477 1230 2543; x_wconf 91' lang='lat' dir='ltr'>dicitur,</span> <span class='ocrx_word' id='word_1_267' title='bbox 1287 2492 1611 2546; x_wconf 88' lang='lat' dir='ltr'>earumque</span> <span class='ocrx_word' id='word_1_268' title='bbox 1670 2481 1894 2532; x_wconf 87' lang='lat' dir='ltr'>vestem</span> <span class='ocrx_word' id='word_1_269' title='bbox 1952 2480 2012 2531; x_wconf 90' lang='lat' dir='ltr'>et</span> 
     </span>
    </p>
   </div>
   <div class='ocr_carea' id='block_1_43' title="bbox 341 2564 2006 2638">
    <p class='ocr_par' dir='ltr' id='par_1_43' title="bbox 341 2564 2006 2638">
     <span class='ocr_line' id='line_1_44' title="bbox 341 2564 2006 2638; baseline 0.002 -18"><span class='ocrx_word' id='word_1_270' title='bbox 341 2583 481 2622; x_wconf 87' lang='lat' dir='ltr'>vasa</span> <span class='ocrx_word' id='word_1_271' title='bbox 503 2583 673 2623; x_wconf 90' lang='lat' dir='ltr'>sacra</span> <span class='ocrx_word' id='word_1_272' title='bbox 701 2567 765 2622; x_wconf 93' lang='lat' dir='ltr'>in</span> <span class='ocrx_word' id='word_1_273' title='bbox 818 2567 1109 2638; x_wconf 90' lang='lat' dir='ltr'>privatam</span> <span class='ocrx_word' id='word_1_274' title='bbox 1152 2564 1589 2638; x_wconf 89' lang='lat' dir='ltr'>supellectilem</span> <span class='ocrx_word' id='word_1_275' title='bbox 1621 2566 2006 2623; x_wconf 77' lang='lat' dir='ltr'>convertisse.</span> 
     </span>
    </p>
   </div>
   <div class='ocr_carea' id='block_1_44' title="bbox 342 2654 1529 2730">
    <p class='ocr_par' dir='ltr' id='par_1_44' title="bbox 342 2654 1529 2730">
     <span class='ocr_line' id='line_1_45' title="bbox 342 2654 1529 2730; baseline -0.002 -21"><span class='ocrx_word' id='word_1_276' title='bbox 342 2654 522 2716; x_wconf 80' lang='grc' dir='ltr'>θείους</span> <span class='ocrx_word' id='word_1_277' title='bbox 624 2657 1008 2730; x_wconf 79' lang='grc' dir='ltr'>πεπαρῳνήκει</span> <span class='ocrx_word' id='word_1_278' title='bbox 1068 2655 1292 2726; x_wconf 76' lang='grc' dir='ltr'>σηκοὺς,</span> <span class='ocrx_word' id='word_1_279' title='bbox 1353 2658 1529 2726; x_wconf 86' lang='grc' dir='ltr'>θυμοῦ</span> 
     </span>
    </p>
   </div>
   <div class='ocr_carea' id='block_1_45' title="bbox 1638 2649 2726 2730">
    <p class='ocr_par' dir='ltr' id='par_1_45' title="bbox 1638 2649 2726 2730">
     <span class='ocr_line' id='line_1_46' title="bbox 1638 2649 2726 2730; baseline 0 -21"><span class='ocrx_word' id='word_1_280' title='bbox 1638 2649 1978 2730; x_wconf 78' lang='grc' dir='ltr'>βαρϐαρικοῦ</span> <span class='ocrx_word' id='word_1_281' title='bbox 2037 2654 2272 2730; x_wconf 83' lang='grc' dir='ltr'>γεγονὼς</span> <span class='ocrx_word' id='word_1_282' title='bbox 2325 2650 2726 2727; x_wconf 89' lang='grc' dir='ltr'>παρανάλωμα.</span> 
     </span>
    </p>
   </div>
   <div class='ocr_carea' id='block_1_46' title="bbox 2117 1932 3767 2010">
    <p class='ocr_par' dir='ltr' id='par_1_46' title="bbox 2117 1932 3767 2010">
     <span class='ocr_line' id='line_1_47' title="bbox 2117 1932 3767 2010; baseline 0.001 -18"><span class='ocrx_word' id='word_1_283' title='bbox 2117 1936 2474 2009; x_wconf 81' lang='grc' dir='ltr'>άληλιμμένα</span> <span class='ocrx_word' id='word_1_284' title='bbox 2505 1938 2526 1971; x_wconf 81' lang='grc'><strong>⁵</strong></span> <span class='ocrx_word' id='word_1_285' title='bbox 2557 1940 2749 2010; x_wconf 82' lang='grc' dir='ltr'>χρυσῷ</span> <span class='ocrx_word' id='word_1_286' title='bbox 2779 1938 2894 2008; x_wconf 75' lang='grc'>(14)</span> <span class='ocrx_word' id='word_1_287' title='bbox 2922 1938 2961 2008; x_wconf 88' lang='grc'>),</span> <span class='ocrx_word' id='word_1_288' title='bbox 3022 1932 3269 2006; x_wconf 78' lang='grc' dir='ltr'>δόξαντες</span> <span class='ocrx_word' id='word_1_289' title='bbox 3342 1937 3504 1992; x_wconf 80' lang='grc' dir='ltr'>αὐτὸν</span> <span class='ocrx_word' id='word_1_290' title='bbox 3565 1937 3767 1993; x_wconf 85' lang='grc' dir='ltr'>ἐκεῖνον</span> 
     </span>
    </p>
   </div>
   <div class='ocr_carea' id='block_1_47' title="bbox 2118 2022 3766 2102">
    <p class='ocr_par' dir='ltr' id='par_1_47' title="bbox 2118 2022 3766 2102">
     <span class='ocr_line' id='line_1_48' title="bbox 2118 2022 3766 2102; baseline 0.002 -20"><span class='ocrx_word' id='word_1_291' title='bbox 2118 2028 2255 2082; x_wconf 76' lang='grc' dir='ltr'>εἶναι</span> <span class='ocrx_word' id='word_1_292' title='bbox 2282 2027 2373 2082; x_wconf 82' lang='grc' dir='ltr'>τὸν</span> <span class='ocrx_word' id='word_1_293' title='bbox 2407 2025 2799 2100; x_wconf 80' lang='grc' dir='ltr'>αὐτοκράτορα,</span> <span class='ocrx_word' id='word_1_294' title='bbox 2833 2025 3044 2100; x_wconf 82' lang='grc' dir='ltr'>ἁθρόως</span> <span class='ocrx_word' id='word_1_295' title='bbox 3078 2022 3507 2101; x_wconf 81' lang='grc' dir='ltr'>περιδραμόντες</span> <span class='ocrx_word' id='word_1_296' title='bbox 3556 2030 3641 2096; x_wconf 88' lang='grc' dir='ltr'>[Ρ.</span> <span class='ocrx_word' id='word_1_297' title='bbox 3675 2031 3766 2102; x_wconf 82' lang='grc'>92]</span> 
     </span>
    </p>
   </div>
   <div class='ocr_carea' id='block_1_48' title="bbox 2120 2113 3760 2189">
    <p class='ocr_par' dir='ltr' id='par_1_48' title="bbox 2120 2113 3760 2189">
     <span class='ocr_line' id='line_1_49' title="bbox 2120 2113 3760 2189; baseline 0.001 -19"><span class='ocrx_word' id='word_1_298' title='bbox 2120 2117 2305 2179; x_wconf 83' lang='grc' dir='ltr'>αὐτοῖς</span> <span class='ocrx_word' id='word_1_299' title='bbox 2333 2113 2529 2177; x_wconf 83' lang='grc' dir='ltr'>ὅπλοις</span> <span class='ocrx_word' id='word_1_300' title='bbox 2555 2119 2748 2169; x_wconf 87' lang='grc' dir='ltr'>τοῦτον</span> <span class='ocrx_word' id='word_1_301' title='bbox 2806 2120 2924 2176; x_wconf 85' lang='grc' dir='ltr'>τοῖς</span> <span class='ocrx_word' id='word_1_302' title='bbox 2984 2114 3156 2189; x_wconf 78' lang='grc' dir='ltr'>ξίφεσι</span> <span class='ocrx_word' id='word_1_303' title='bbox 3214 2116 3304 2170; x_wconf 79' lang='grc' dir='ltr'>καὶ</span> <span class='ocrx_word' id='word_1_304' title='bbox 3362 2115 3614 2172; x_wconf 74' lang='grc' dir='ltr'>πελέκεσι</span> <span class='ocrx_word' id='word_1_305' title='bbox 3664 2138 3760 2173; x_wconf 88' lang='grc' dir='ltr'>κα-</span> 
     </span>
    </p>
   </div>
   <div class='ocr_carea' id='block_1_49' title="bbox 2115 2200 3771 2283">
    <p class='ocr_par' dir='ltr' id='par_1_49' title="bbox 2115 2200 3771 2283">
     <span class='ocr_line' id='line_1_50' title="bbox 2115 2200 3771 2283; baseline 0.002 -25"><span class='ocrx_word' id='word_1_306' title='bbox 2115 2203 2406 2276; x_wconf 80' lang='grc' dir='ltr'>τεμέλισαν</span> <span class='ocrx_word' id='word_1_307' title='bbox 2450 2204 2698 2274; x_wconf 56' lang='grc' dir='ltr'>ἀπηνῶς</span> <span class='ocrx_word' id='word_1_308' title='bbox 2745 2200 2984 2278; x_wconf 78' lang='grc' dir='ltr'>δορατίῳ</span> <span class='ocrx_word' id='word_1_309' title='bbox 3040 2224 3099 2258; x_wconf 86' lang='grc' dir='ltr'>τε</span> <span class='ocrx_word' id='word_1_310' title='bbox 3149 2206 3250 2274; x_wconf 75' lang='grc' dir='ltr'>τήν</span> <span class='ocrx_word' id='word_1_311' title='bbox 3319 2203 3564 2283; x_wconf 72' lang='grc' dir='ltr'>κεφαλὴν</span> <span class='ocrx_word' id='word_1_312' title='bbox 3619 2227 3771 2283; x_wconf 89' lang='grc' dir='ltr'>περι-</span> 
     </span>
    </p>
   </div>
   <div class='ocr_carea' id='block_1_50' title="bbox 2118 2291 3768 2369">
    <p class='ocr_par' dir='ltr' id='par_1_50' title="bbox 2118 2291 3768 2369">
     <span class='ocr_line' id='line_1_51' title="bbox 2118 2291 3768 2369; baseline 0.001 -20"><span class='ocrx_word' id='word_1_313' title='bbox 2118 2293 2423 2367; x_wconf 86' lang='grc' dir='ltr'>πείραντες,</span> <span class='ocrx_word' id='word_1_314' title='bbox 2480 2291 2566 2348; x_wconf 78' lang='grc' dir='ltr'>ἐπὶ</span> <span class='ocrx_word' id='word_1_315' title='bbox 2627 2296 2736 2347; x_wconf 87' lang='grc' dir='ltr'>τῶν</span> <span class='ocrx_word' id='word_1_316' title='bbox 2805 2292 3024 2367; x_wconf 85' lang='grc' dir='ltr'>πύργων</span> <span class='ocrx_word' id='word_1_317' title='bbox 3077 2294 3405 2364; x_wconf 79' lang='grc' dir='ltr'>κατέπηξαν,</span> <span class='ocrx_word' id='word_1_318' title='bbox 3462 2295 3768 2369; x_wconf 80' lang='grc' dir='ltr'>Ῥωμαίους</span> 
     </span>
    </p>
   </div>
   <div class='ocr_carea' id='block_1_51' title="bbox 2116 2379 3773 2460">
    <p class='ocr_par' dir='ltr' id='par_1_51' title="bbox 2116 2379 3773 2460">
     <span class='ocr_line' id='line_1_52' title="bbox 2116 2379 3773 2460; baseline 0.003 -23"><span class='ocrx_word' id='word_1_319' title='bbox 2116 2382 2476 2452; x_wconf 82' lang='grc' dir='ltr'>τωθάζοντες,</span> <span class='ocrx_word' id='word_1_320' title='bbox 2509 2382 2584 2444; x_wconf 83' lang='grc' dir='ltr'>ὡς</span> <span class='ocrx_word' id='word_1_321' title='bbox 2615 2382 2706 2436; x_wconf 90' lang='grc' dir='ltr'>τὸν</span> <span class='ocrx_word' id='word_1_322' title='bbox 2738 2385 2887 2456; x_wconf 86' lang='grc' dir='ltr'>σφῶν</span> <span class='ocrx_word' id='word_1_323' title='bbox 2920 2379 3148 2457; x_wconf 68' lang='grc' dir='ltr'>βασιλέα</span> <span class='ocrx_word' id='word_1_324' title='bbox 3203 2379 3358 2453; x_wconf 83' lang='grc' dir='ltr'>δίκην</span> <span class='ocrx_word' id='word_1_325' title='bbox 3421 2387 3773 2460; x_wconf 76' lang='grc' dir='ltr'>βοσκήματος</span> 
     </span>
    </p>
   </div>
   <div class='ocr_carea' id='block_1_52' title="bbox 2117 2470 3773 2548">
    <p class='ocr_par' dir='ltr' id='par_1_52' title="bbox 2117 2470 3773 2548">
     <span class='ocr_line' id='line_1_53' title="bbox 2117 2470 3773 2548; baseline 0.002 -21"><span class='ocrx_word' id='word_1_326' title='bbox 2117 2473 2589 2548; x_wconf 75' lang='grc' dir='ltr'>κρεουργήσαντες</span> <span class='ocrx_word' id='word_1_327' title='bbox 2647 2473 2782 2544; x_wconf 81' lang='grc'>(15).</span> <span class='ocrx_word' id='word_1_328' title='bbox 2844 2470 3019 2528; x_wconf 84' lang='grc' dir='ltr'>Ἀλλᾶ</span> <span class='ocrx_word' id='word_1_329' title='bbox 3074 2476 3298 2527; x_wconf 90' lang='grc' dir='ltr'>τοιαῦτα</span> <span class='ocrx_word' id='word_1_330' title='bbox 3358 2473 3455 2544; x_wconf 80' lang='grc' dir='ltr'>μὶν</span> <span class='ocrx_word' id='word_1_331' title='bbox 3512 2475 3773 2547; x_wconf 80' lang='grc' dir='ltr'>Ἰωάννης</span> 
     </span>
    </p>
   </div>
   <div class='ocr_carea' id='block_1_53' title="bbox 2119 2560 3767 2640">
    <p class='ocr_par' dir='ltr' id='par_1_53' title="bbox 2119 2560 3767 2640">
     <span class='ocr_line' id='line_1_54' title="bbox 2119 2560 3767 2640; baseline 0.002 -23"><span class='ocrx_word' id='word_1_332' title='bbox 2119 2564 2147 2617; x_wconf 81' lang='grc' dir='ltr'>ὁ</span> <span class='ocrx_word' id='word_1_333' title='bbox 2181 2562 2497 2640; x_wconf 84' lang='grc' dir='ltr'>Μάγιστρυς</span> <span class='ocrx_word' id='word_1_334' title='bbox 2529 2560 2876 2640; x_wconf 78' lang='grc' dir='ltr'>ἀπηνέγκατο</span> <span class='ocrx_word' id='word_1_335' title='bbox 2924 2563 2991 2617; x_wconf 76' lang='grc' dir='ltr'>τὰ</span> <span class='ocrx_word' id='word_1_336' title='bbox 3048 2560 3325 2637; x_wconf 78' lang='grc' dir='ltr'>ἐπίχειρα,</span> <span class='ocrx_word' id='word_1_337' title='bbox 3383 2565 3457 2618; x_wconf 84' lang='grc' dir='ltr'>ὧν</span> <span class='ocrx_word' id='word_1_338' title='bbox 3517 2564 3593 2627; x_wconf 81' lang='grc' dir='ltr'>εἷς</span> <span class='ocrx_word' id='word_1_339' title='bbox 3639 2564 3767 2628; x_wconf 79' lang='grc' dir='ltr'>τοὺς</span> 
     </span>
    </p>
   </div>
   <div class='ocr_carea' id='block_1_54' title="bbox 2815 2650 3757 2729">
    <p class='ocr_par' dir='ltr' id='par_1_54' title="bbox 2815 2650 3757 2729">
     <span class='ocr_line' id='line_1_55' title="bbox 2815 2650 3757 2729; baseline 0.004 -23"><span class='ocrx_word' id='word_1_340' title='bbox 2815 2650 3047 2729; x_wconf 80' lang='grc' dir='ltr'>Λέγεται</span> <span class='ocrx_word' id='word_1_341' title='bbox 3150 2652 3254 2727; x_wconf 77' lang='grc' dir='ltr'>γὰρ</span> <span class='ocrx_word' id='word_1_342' title='bbox 3327 2653 3575 2717; x_wconf 79' lang='grc' dir='ltr'>πολλοὺς</span> <span class='ocrx_word' id='word_1_343' title='bbox 3648 2660 3757 2710; x_wconf 86' lang='grc' dir='ltr'>τῶν</span> 
     </span>
    </p>
   </div>
   <div class='ocr_carea' id='block_1_55' title="bbox 341 2739 3763 2823">
    <p class='ocr_par' dir='ltr' id='par_1_55' title="bbox 341 2739 3763 2823">
     <span class='ocr_line' id='line_1_56' title="bbox 341 2739 3763 2823; baseline 0.001 -24"><span class='ocrx_word' id='word_1_344' title='bbox 341 2744 480 2799; x_wconf 77' lang='grc' dir='ltr'>κατά</span> <span class='ocrx_word' id='word_1_345' title='bbox 533 2745 741 2802; x_wconf 84' lang='grc' dir='ltr'>Μυσίαν</span> <span class='ocrx_word' id='word_1_346' title='bbox 787 2742 1059 2819; x_wconf 81' lang='grc' dir='ltr'>κεραίσαι,</span> <span class='ocrx_word' id='word_1_347' title='bbox 1107 2744 1198 2799; x_wconf 86' lang='grc' dir='ltr'>καὶ</span> <span class='ocrx_word' id='word_1_348' title='bbox 1256 2745 1322 2798; x_wconf 80' lang='grc' dir='ltr'>τὰ</span> <span class='ocrx_word' id='word_1_349' title='bbox 1369 2743 1576 2798; x_wconf 86' lang='grc' dir='ltr'>τούτων</span> <span class='ocrx_word' id='word_1_350' title='bbox 1654 2742 1864 2799; x_wconf 83' lang='grc' dir='ltr'>ἔπιπλα</span> <span class='ocrx_word' id='word_1_351' title='bbox 1893 2744 1983 2799; x_wconf 84' lang='grc' dir='ltr'>καὶ</span> <span class='ocrx_word' id='word_1_352' title='bbox 2016 2743 2181 2813; x_wconf 86' lang='grc' dir='ltr'>σκεύη</span> <span class='ocrx_word' id='word_1_353' title='bbox 2237 2742 2305 2797; x_wconf 78' lang='grc' dir='ltr'>τὰ</span> <span class='ocrx_word' id='word_1_354' title='bbox 2364 2742 2483 2816; x_wconf 79' lang='grc' dir='ltr'>ἱερὰ</span> <span class='ocrx_word' id='word_1_355' title='bbox 2557 2741 2635 2805; x_wconf 79' lang='grc' dir='ltr'>εἷς</span> <span class='ocrx_word' id='word_1_356' title='bbox 2713 2739 2972 2823; x_wconf 76' lang='grc' dir='ltr'>ῒόιωτικὰ</span> <span class='ocrx_word' id='word_1_357' title='bbox 3049 2743 3440 2814; x_wconf 82' lang='grc' dir='ltr'>μετασκευάσαι</span> <span class='ocrx_word' id='word_1_358' title='bbox 3472 2744 3763 2820; x_wconf 84' lang='grc' dir='ltr'>κειμήλια.</span> 
     </span>
    </p>
   </div>
   <div class='ocr_carea' id='block_1_56' title="bbox 412 2862 2000 2937">
    <p class='ocr_par' dir='ltr' id='par_1_56' title="bbox 412 2862 2000 2937">
     <span class='ocr_line' id='line_1_57' title="bbox 412 2862 2000 2937; baseline 0.001 -20"><span class='ocrx_word' id='word_1_359' title='bbox 412 2865 463 2918; x_wconf 91' lang='grc'>6.</span> <span class='ocrx_word' id='word_1_360' title='bbox 498 2862 671 2918; x_wconf 84' lang='lat' dir='ltr'>Russi</span> <span class='ocrx_word' id='word_1_361' title='bbox 704 2863 1003 2935; x_wconf 88' lang='lat' dir='ltr'>ejusmodi</span> <span class='ocrx_word' id='word_1_362' title='bbox 1046 2863 1289 2918; x_wconf 88' lang='lat' dir='ltr'>victoria</span> <span class='ocrx_word' id='word_1_363' title='bbox 1338 2864 1497 2935; x_wconf 88' lang='lat' dir='ltr'>elati,</span> <span class='ocrx_word' id='word_1_364' title='bbox 1548 2864 1837 2937; x_wconf 91' lang='lat' dir='ltr'>postridie</span> <span class='ocrx_word' id='word_1_365' title='bbox 1870 2864 2000 2935; x_wconf 88' lang='lat' dir='ltr'>ejus</span> 
     </span>
    </p>
   </div>
   <div class='ocr_carea' id='block_1_57' title="bbox 340 2951 1999 3025">
    <p class='ocr_par' dir='ltr' id='par_1_57' title="bbox 340 2951 1999 3025">
     <span class='ocr_line' id='line_1_58' title="bbox 340 2951 1999 3025; baseline 0.001 -18"><span class='ocrx_word' id='word_1_366' title='bbox 340 2951 459 3007; x_wconf 91' lang='lat' dir='ltr'>diei</span> <span class='ocrx_word' id='word_1_367' title='bbox 480 2951 697 3024; x_wconf 91' lang='lat' dir='ltr'>oppido</span> <span class='ocrx_word' id='word_1_368' title='bbox 720 2951 1215 3025; x_wconf 83' lang='lat' dir='ltr'>egressi,adversa</span> <span class='ocrx_word' id='word_1_369' title='bbox 1235 2954 1359 3009; x_wconf 87' lang='lat' dir='ltr'>acie</span> <span class='ocrx_word' id='word_1_370' title='bbox 1382 2957 1808 3012; x_wconf 87' lang='lat' dir='ltr'>constiterunt:</span> <span class='ocrx_word' id='word_1_371' title='bbox 1826 2954 1999 3009; x_wconf 89' lang='lat' dir='ltr'>item-</span> 
     </span>
    </p>
   </div>
   <div class='ocr_carea' id='block_1_58' title="bbox 342 3042 1997 3115">
    <p class='ocr_par' dir='ltr' id='par_1_58' title="bbox 342 3042 1997 3115">
     <span class='ocr_line' id='line_1_59' title="bbox 342 3042 1997 3115; baseline 0.001 -19"><span class='ocrx_word' id='word_1_372' title='bbox 342 3058 460 3113; x_wconf 90' lang='lat' dir='ltr'>que</span> <span class='ocrx_word' id='word_1_373' title='bbox 494 3042 770 3109; x_wconf 81' lang='lat' dir='ltr'>Romani,</span> <span class='ocrx_word' id='word_1_374' title='bbox 799 3042 861 3097; x_wconf 90' lang='lat' dir='ltr'>in</span> <span class='ocrx_word' id='word_1_375' title='bbox 901 3042 1089 3098; x_wconf 91' lang='lat' dir='ltr'>altum</span> <span class='ocrx_word' id='word_1_376' title='bbox 1121 3059 1377 3099; x_wconf 89' lang='lat' dir='ltr'>cuneum</span> <span class='ocrx_word' id='word_1_377' title='bbox 1435 3045 1711 3115; x_wconf 88' lang='lat' dir='ltr'>conferti,</span> <span class='ocrx_word' id='word_1_378' title='bbox 1769 3044 1997 3099; x_wconf 89' lang='lat' dir='ltr'>obviam</span> 
     </span>
    </p>
   </div>
   <div class='ocr_carea' id='block_1_59' title="bbox 338 3133 2000 3208">
    <p class='ocr_par' dir='ltr' id='par_1_59' title="bbox 338 3133 2000 3208">
     <span class='ocr_line' id='line_1_60' title="bbox 338 3133 2000 3208; baseline 0.002 -21"><span class='ocrx_word' id='word_1_379' title='bbox 338 3133 496 3189; x_wconf 72' lang='lat'>140</span> <span class='ocrx_word' id='word_1_380' title='bbox 525 3133 878 3204; x_wconf 90' lang='lat' dir='ltr'>procedunt.</span> <span class='ocrx_word' id='word_1_381' title='bbox 920 3134 1061 3188; x_wconf 86' lang='lat' dir='ltr'>Erat</span> <span class='ocrx_word' id='word_1_382' title='bbox 1116 3135 1332 3204; x_wconf 88' lang='lat' dir='ltr'>Icmor,</span> <span class='ocrx_word' id='word_1_383' title='bbox 1373 3137 1474 3206; x_wconf 93' lang='lat' dir='ltr'>qui</span> <span class='ocrx_word' id='word_1_384' title='bbox 1534 3137 1644 3193; x_wconf 92' lang='lat' dir='ltr'>sub</span> <span class='ocrx_word' id='word_1_385' title='bbox 1690 3135 2000 3208; x_wconf 88' lang='lat' dir='ltr'>Sphcndo-</span> 
     </span>
    </p>
   </div>
   <div class='ocr_carea' id='block_1_60' title="bbox 341 3222 1996 3298">
    <p class='ocr_par' dir='ltr' id='par_1_60' title="bbox 341 3222 1996 3298">
     <span class='ocr_line' id='line_1_61' title="bbox 341 3222 1996 3298; baseline 0.002 -19"><span class='ocrx_word' id='word_1_386' title='bbox 341 3222 576 3279; x_wconf 88' lang='lat' dir='ltr'>sthlabo</span> <span class='ocrx_word' id='word_1_387' title='bbox 610 3223 935 3279; x_wconf 83' lang='lat' dir='ltr'>exercitum</span> <span class='ocrx_word' id='word_1_388' title='bbox 961 3224 1302 3295; x_wconf 87' lang='lat' dir='ltr'>Scythicum</span> <span class='ocrx_word' id='word_1_389' title='bbox 1358 3225 1631 3292; x_wconf 86' lang='lat' dir='ltr'>ducebat,</span> <span class='ocrx_word' id='word_1_390' title='bbox 1688 3226 1996 3298; x_wconf 81' lang='lat' dir='ltr'>proximus</span> 
     </span>
    </p>
   </div>
   <div class='ocr_carea' id='block_1_61' title="bbox 2186 2855 3766 2935">
    <p class='ocr_par' dir='ltr' id='par_1_61' title="bbox 2186 2855 3766 2935">
     <span class='ocr_line' id='line_1_62' title="bbox 2186 2855 3766 2935; baseline -0.003 -13"><span class='ocrx_word' id='word_1_391' title='bbox 2186 2860 2251 2923; x_wconf 86' lang='grc' dir='ltr'>ς’.</span> <span class='ocrx_word' id='word_1_392' title='bbox 2308 2859 2444 2922; x_wconf 88' lang='grc' dir='ltr'>Ῥῶς</span> <span class='ocrx_word' id='word_1_393' title='bbox 2502 2855 2560 2914; x_wconf 70' lang='grc' dir='ltr'>δὲ</span> <span class='ocrx_word' id='word_1_394' title='bbox 2615 2862 2684 2933; x_wconf 84' lang='grc' dir='ltr'>τῇ</span> <span class='ocrx_word' id='word_1_395' title='bbox 2733 2860 2961 2934; x_wconf 76' lang='grc' dir='ltr'>τοιαύτῃ</span> <span class='ocrx_word' id='word_1_396' title='bbox 3009 2857 3135 2934; x_wconf 77' lang='grc' dir='ltr'>νίκῃ</span> <span class='ocrx_word' id='word_1_397' title='bbox 3196 2861 3639 2935; x_wconf 86' lang='grc' dir='ltr'>κατεπαρθέντες,</span> <span class='ocrx_word' id='word_1_398' title='bbox 3712 2860 3766 2924; x_wconf 79' lang='grc' dir='ltr'>ἐς</span> 
     </span>
    </p>
   </div>
   <div class='ocr_carea' id='block_1_62' title="bbox 2108 2947 3769 3024">
    <p class='ocr_par' dir='ltr' id='par_1_62' title="bbox 2108 2947 3769 3024">
     <span class='ocr_line' id='line_1_63' title="bbox 2108 2947 3769 3024; baseline 0.001 -21"><span class='ocrx_word' id='word_1_399' title='bbox 2108 2949 2208 3018; x_wconf 76' lang='grc' dir='ltr'>τὴν</span> <span class='ocrx_word' id='word_1_400' title='bbox 2265 2949 2517 3004; x_wconf 77' lang='grc' dir='ltr'>ἐπιοῦσαν</span> <span class='ocrx_word' id='word_1_401' title='bbox 2576 2952 2675 3004; x_wconf 92' lang='grc' dir='ltr'>τοῦ</span> <span class='ocrx_word' id='word_1_402' title='bbox 2737 2947 2926 3011; x_wconf 76' lang='grc' dir='ltr'>ἄστεος</span> <span class='ocrx_word' id='word_1_403' title='bbox 2980 2947 3306 3021; x_wconf 76' lang='grc' dir='ltr'>ὕπεξιόντες,</span> <span class='ocrx_word' id='word_1_404' title='bbox 3352 2951 3499 3024; x_wconf 73' lang='grc' dir='ltr'>παρὰ</span> <span class='ocrx_word' id='word_1_405' title='bbox 3554 2950 3617 3005; x_wconf 88' lang='grc' dir='ltr'>τὸ</span> <span class='ocrx_word' id='word_1_406' title='bbox 3677 2969 3769 3022; x_wconf 87' lang='grc' dir='ltr'>με·</span> 
     </span>
    </p>
   </div>
   <div class='ocr_carea' id='block_1_63' title="bbox 2108 3032 3766 3114">
    <p class='ocr_par' dir='ltr' id='par_1_63' title="bbox 2108 3032 3766 3114">
     <span class='ocr_line' id='line_1_64' title="bbox 2108 3032 3766 3114; baseline 0.001 -22"><span class='ocrx_word' id='word_1_407' title='bbox 2108 3037 2373 3113; x_wconf 88' lang='grc' dir='ltr'>ταίχμιον</span> <span class='ocrx_word' id='word_1_408' title='bbox 2432 3036 2706 3107; x_wconf 75' lang='grc' dir='ltr'>ἐτάξαντο·</span> <span class='ocrx_word' id='word_1_409' title='bbox 2764 3042 3029 3110; x_wconf 79' lang='grc' dir='ltr'>Ῥωμαῖοι</span> <span class='ocrx_word' id='word_1_410' title='bbox 3074 3032 3131 3091; x_wconf 71' lang='grc' dir='ltr'>δὲ</span> <span class='ocrx_word' id='word_1_411' title='bbox 3160 3037 3251 3092; x_wconf 83' lang='grc' dir='ltr'>καὶ</span> <span class='ocrx_word' id='word_1_412' title='bbox 3309 3038 3489 3109; x_wconf 76' lang='grc' dir='ltr'>αὐτοὶ,</span> <span class='ocrx_word' id='word_1_413' title='bbox 3553 3039 3605 3101; x_wconf 80' lang='grc' dir='ltr'>ἐς</span> <span class='ocrx_word' id='word_1_414' title='bbox 3665 3040 3766 3114; x_wconf 91' lang='grc' dir='ltr'>βα-</span> 
     </span>
    </p>
   </div>
   <div class='ocr_carea' id='block_1_64' title="bbox 2109 3125 3759 3205">
    <p class='ocr_par' dir='ltr' id='par_1_64' title="bbox 2109 3125 3759 3205">
     <span class='ocr_line' id='line_1_65' title="bbox 2109 3125 3759 3205; baseline 0.002 -24"><span class='ocrx_word' id='word_1_415' title='bbox 2109 3128 2256 3181; x_wconf 82' lang='grc' dir='ltr'>θεῖαν</span> <span class='ocrx_word' id='word_1_416' title='bbox 2312 3126 2729 3190; x_wconf 81' lang='grc' dir='ltr'>συνασπίσαντες</span> <span class='ocrx_word' id='word_1_417' title='bbox 2785 3126 3066 3205; x_wconf 82' lang='grc' dir='ltr'>φάλαγγα,</span> <span class='ocrx_word' id='word_1_418' title='bbox 3113 3125 3330 3190; x_wconf 75' lang='grc' dir='ltr'>τούτοις</span> <span class='ocrx_word' id='word_1_419' title='bbox 3408 3127 3759 3205; x_wconf 65' lang='grc' dir='ltr'>ἀντεπῄεσαν.</span> 
     </span>
    </p>
   </div>
   <div class='ocr_carea' id='block_1_65' title="bbox 2110 3214 3760 3296">
    <p class='ocr_par' dir='ltr' id='par_1_65' title="bbox 2110 3214 3760 3296">
     <span class='ocr_line' id='line_1_66' title="bbox 2110 3214 3760 3296; baseline 0.001 -23"><span class='ocrx_word' id='word_1_420' title='bbox 2110 3218 2372 3281; x_wconf 83' lang='grc' dir='ltr'>Ἐνταῦθα</span> <span class='ocrx_word' id='word_1_421' title='bbox 2402 3217 2655 3293; x_wconf 85' lang='grc' dir='ltr'>Ἴκμορα,</span> <span class='ocrx_word' id='word_1_422' title='bbox 2716 3218 2806 3273; x_wconf 86' lang='grc' dir='ltr'>τὸν</span> <span class='ocrx_word' id='word_1_423' title='bbox 2870 3218 3005 3291; x_wconf 81' lang='grc' dir='ltr'>μετὰ</span> <span class='ocrx_word' id='word_1_424' title='bbox 3032 3218 3125 3273; x_wconf 89' lang='grc' dir='ltr'>τὸν</span> <span class='ocrx_word' id='word_1_425' title='bbox 3186 3214 3637 3296; x_wconf 80' lang='grc' dir='ltr'>Σφενδοσθλάϐον</span> <span class='ocrx_word' id='word_1_426' title='bbox 3696 3220 3760 3274; x_wconf 85' lang='grc' dir='ltr'>τὸ</span> 
     </span>
    </p>
   </div>
   <div class='ocr_carea' id='block_1_66' title="bbox 339 3293 2001 3388">
    <p class='ocr_par' dir='ltr' id='par_1_66' title="bbox 339 3312 1993 3388">
     <span class='ocr_line' id='line_1_67' title="bbox 339 3312 1993 3388; baseline 0.002 -21"><span class='ocrx_word' id='word_1_427' title='bbox 339 3316 476 3384; x_wconf 89' lang='lat' dir='ltr'>post</span> <span class='ocrx_word' id='word_1_428' title='bbox 505 3312 678 3368; x_wconf 92' lang='lat' dir='ltr'>illum</span> <span class='ocrx_word' id='word_1_429' title='bbox 710 3314 1188 3381; x_wconf 87' lang='lat' dir='ltr'>auctoritate,vir</span> <span class='ocrx_word' id='word_1_430' title='bbox 1212 3315 1459 3371; x_wconf 89' lang='lat' dir='ltr'>immani</span> <span class='ocrx_word' id='word_1_431' title='bbox 1492 3333 1740 3388; x_wconf 85' lang='lat' dir='ltr'>corpore</span> <span class='ocrx_word' id='word_1_432' title='bbox 1759 3321 1817 3371; x_wconf 89' lang='lat' dir='ltr'>et</span> <span class='ocrx_word' id='word_1_433' title='bbox 1834 3316 1993 3371; x_wconf 86' lang='lat' dir='ltr'>fero-</span> 
     </span>
    </p>
   </div>
   <div class='ocr_carea' id='block_1_67' title="bbox 2115 3293 3760 3388">
    <p class='ocr_par' dir='ltr' id='par_1_67' title="bbox 2115 3305 3760 3383">
     <span class='ocr_line' id='line_1_68' title="bbox 2115 3305 3760 3383; baseline 0.002 -24"><span class='ocrx_word' id='word_1_434' title='bbox 2115 3306 2375 3370; x_wconf 83' lang='grc' dir='ltr'>Σκυθικὸν</span> <span class='ocrx_word' id='word_1_435' title='bbox 2432 3305 2633 3383; x_wconf 78' lang='grc' dir='ltr'>ἄγοντα</span> <span class='ocrx_word' id='word_1_436' title='bbox 2716 3308 3022 3382; x_wconf 85' lang='grc' dir='ltr'>στράτευμα</span> <span class='ocrx_word' id='word_1_437' title='bbox 3084 3307 3175 3363; x_wconf 85' lang='grc' dir='ltr'>καὶ</span> <span class='ocrx_word' id='word_1_438' title='bbox 3233 3307 3551 3381; x_wconf 86' lang='grc' dir='ltr'>τιμώμενον</span> <span class='ocrx_word' id='word_1_439' title='bbox 3604 3308 3760 3372; x_wconf 73' lang='grc' dir='ltr'>εὐθὺς</span> 
     </span>
    </p>
   </div>
   <div class='ocr_carea' id='block_1_68' title="bbox 341 3402 1999 3477">
    <p class='ocr_par' dir='ltr' id='par_1_68' title="bbox 341 3402 1999 3477">
     <span class='ocr_line' id='line_1_69' title="bbox 341 3402 1999 3477; baseline 0.001 -20"><span class='ocrx_word' id='word_1_440' title='bbox 341 3402 434 3457; x_wconf 91' lang='lat' dir='ltr'>cia</span> <span class='ocrx_word' id='word_1_441' title='bbox 456 3402 903 3475; x_wconf 85' lang='lat' dir='ltr'>juvenili.Hunc</span> <span class='ocrx_word' id='word_1_442' title='bbox 924 3404 1182 3459; x_wconf 86' lang='lat' dir='ltr'>Anemas</span> <span class='ocrx_word' id='word_1_443' title='bbox 1214 3421 1285 3459; x_wconf 81' lang='lat' dir='ltr'>ex</span> <span class='ocrx_word' id='word_1_444' title='bbox 1314 3405 1750 3476; x_wconf 88' lang='lat' dir='ltr'>protectoribus</span> <span class='ocrx_word' id='word_1_445' title='bbox 1782 3404 1999 3477; x_wconf 88' lang='lat' dir='ltr'>palati-</span> 
     </span>
    </p>
   </div>
   <div class='ocr_carea' id='block_1_69' title="bbox 338 3491 1996 3567">
    <p class='ocr_par' dir='ltr' id='par_1_69' title="bbox 338 3491 1996 3567">
     <span class='ocr_line' id='line_1_70' title="bbox 338 3491 1996 3567; baseline 0.002 -22"><span class='ocrx_word' id='word_1_446' title='bbox 338 3491 455 3560; x_wconf 91' lang='lat' dir='ltr'>nis,</span> <span class='ocrx_word' id='word_1_447' title='bbox 487 3491 699 3547; x_wconf 88' lang='lat' dir='ltr'>Cretici</span> <span class='ocrx_word' id='word_1_448' title='bbox 732 3497 982 3563; x_wconf 74' lang='lat' dir='ltr'>satrapae</span> <span class='ocrx_word' id='word_1_449' title='bbox 1006 3492 1186 3560; x_wconf 87' lang='lat' dir='ltr'>ﬁlius,</span> <span class='ocrx_word' id='word_1_450' title='bbox 1222 3494 1600 3566; x_wconf 88' lang='lat' dir='ltr'>conspicatus</span> <span class='ocrx_word' id='word_1_451' title='bbox 1638 3512 1850 3567; x_wconf 88' lang='lat' dir='ltr'>magno</span> <span class='ocrx_word' id='word_1_452' title='bbox 1881 3494 1996 3549; x_wconf 90' lang='lat' dir='ltr'>im-</span> 
     </span>
    </p>
   </div>
   <div class='ocr_carea' id='block_1_70' title="bbox 335 3579 1997 3652">
    <p class='ocr_par' dir='ltr' id='par_1_70' title="bbox 335 3579 1997 3652">
     <span class='ocr_line' id='line_1_71' title="bbox 335 3579 1997 3652; baseline 0 -18"><span class='ocrx_word' id='word_1_453' title='bbox 335 3584 478 3651; x_wconf 92' lang='lat' dir='ltr'>petu</span> <span class='ocrx_word' id='word_1_454' title='bbox 510 3595 646 3634; x_wconf 91' lang='lat' dir='ltr'>cum</span> <span class='ocrx_word' id='word_1_455' title='bbox 678 3580 921 3636; x_wconf 89' lang='lat' dir='ltr'>cohorte</span> <span class='ocrx_word' id='word_1_456' title='bbox 946 3579 1451 3652; x_wconf 88' lang='lat' dir='ltr'>satellitum,quos</span> <span class='ocrx_word' id='word_1_457' title='bbox 1478 3582 1638 3637; x_wconf 90' lang='lat' dir='ltr'>circa</span> <span class='ocrx_word' id='word_1_458' title='bbox 1658 3598 1721 3637; x_wconf 90' lang='lat' dir='ltr'>se</span> <span class='ocrx_word' id='word_1_459' title='bbox 1740 3580 1997 3636; x_wconf 88' lang='lat' dir='ltr'>habebat</span> 
     </span>
    </p>
   </div>
   <div class='ocr_carea' id='block_1_71' title="bbox 336 3669 1994 3742">
    <p class='ocr_par' dir='ltr' id='par_1_71' title="bbox 336 3669 1994 3742">
     <span class='ocr_line' id='line_1_72' title="bbox 336 3669 1994 3742; baseline 0 -19"><span class='ocrx_word' id='word_1_460' title='bbox 336 3669 1201 3741; x_wconf 84' lang='lat' dir='ltr'>incurrere,Romanorumque</span> <span class='ocrx_word' id='word_1_461' title='bbox 1223 3671 1563 3742; x_wconf 91' lang='lat' dir='ltr'>complures</span> <span class='ocrx_word' id='word_1_462' title='bbox 1581 3670 1994 3738; x_wconf 89' lang='lat' dir='ltr'>occidere,vir-</span> 
     </span>
    </p>
   </div>
   <div class='ocr_carea' id='block_1_72' title="bbox 336 3757 1996 3830">
    <p class='ocr_par' dir='ltr' id='par_1_72' title="bbox 336 3757 1996 3830">
     <span class='ocr_line' id='line_1_73' title="bbox 336 3757 1996 3830; baseline 0 -17"><span class='ocrx_word' id='word_1_463' title='bbox 336 3762 463 3813; x_wconf 88' lang='lat' dir='ltr'>tute</span> <span class='ocrx_word' id='word_1_464' title='bbox 496 3757 680 3814; x_wconf 91' lang='lat' dir='ltr'>animi</span> <span class='ocrx_word' id='word_1_465' title='bbox 714 3758 1129 3830; x_wconf 83' lang='lat' dir='ltr'>elatus,gladio</span> <span class='ocrx_word' id='word_1_466' title='bbox 1161 3758 1233 3813; x_wconf 91' lang='lat' dir='ltr'>ab</span> <span class='ocrx_word' id='word_1_467' title='bbox 1263 3759 1449 3815; x_wconf 90' lang='lat' dir='ltr'>latere</span> <span class='ocrx_word' id='word_1_468' title='bbox 1468 3760 1692 3829; x_wconf 90' lang='lat' dir='ltr'>stricto,</span> <span class='ocrx_word' id='word_1_469' title='bbox 1718 3761 1832 3815; x_wconf 91' lang='lat' dir='ltr'>huc</span> <span class='ocrx_word' id='word_1_470' title='bbox 1853 3759 1996 3814; x_wconf 91' lang='lat' dir='ltr'>illuc</span> 
     </span>
    </p>
   </div>
   <div class='ocr_carea' id='block_1_73' title="bbox 342 3848 1999 3921">
    <p class='ocr_par' dir='ltr' id='par_1_73' title="bbox 342 3848 1999 3921">
     <span class='ocr_line' id='line_1_74' title="bbox 342 3848 1999 3921; baseline 0.001 -18"><span class='ocrx_word' id='word_1_471' title='bbox 342 3863 694 3904; x_wconf 90' lang='lat' dir='ltr'>conversum</span> <span class='ocrx_word' id='word_1_472' title='bbox 708 3848 1140 3919; x_wconf 88' lang='lat' dir='ltr'>incensumque</span> <span class='ocrx_word' id='word_1_473' title='bbox 1153 3848 1482 3905; x_wconf 89' lang='lat' dir='ltr'>calcaribus</span> <span class='ocrx_word' id='word_1_474' title='bbox 1495 3866 1717 3921; x_wconf 92' lang='lat' dir='ltr'>equum</span> <span class='ocrx_word' id='word_1_475' title='bbox 1739 3850 1802 3905; x_wconf 90' lang='lat' dir='ltr'>in</span> <span class='ocrx_word' id='word_1_476' title='bbox 1816 3853 1999 3906; x_wconf 87' lang='lat' dir='ltr'>lcmo-</span> 
     </span>
    </p>
   </div>
   <div class='ocr_carea' id='block_1_74' title="bbox 343 3935 1993 4011">
    <p class='ocr_par' dir='ltr' id='par_1_74' title="bbox 343 3935 1993 4011">
     <span class='ocr_line' id='line_1_75' title="bbox 343 3935 1993 4011; baseline 0.001 -19"><span class='ocrx_word' id='word_1_477' title='bbox 343 3953 473 3992; x_wconf 86' lang='lat' dir='ltr'>rem</span> <span class='ocrx_word' id='word_1_478' title='bbox 489 3935 741 3991; x_wconf 89' lang='lat' dir='ltr'>immisit</span> <span class='ocrx_word' id='word_1_479' title='bbox 767 3953 781 3991; x_wconf 90' lang='lat'>:</span> <span class='ocrx_word' id='word_1_480' title='bbox 806 3953 983 4008; x_wconf 88' lang='lat' dir='ltr'>quem</span> <span class='ocrx_word' id='word_1_481' title='bbox 996 3942 1207 3992; x_wconf 88' lang='lat' dir='ltr'>nactus</span> <span class='ocrx_word' id='word_1_482' title='bbox 1225 3938 1509 3993; x_wconf 88' lang='lat' dir='ltr'>cervicem</span> <span class='ocrx_word' id='word_1_483' title='bbox 1538 3938 1734 4011; x_wconf 88' lang='lat' dir='ltr'>gladio</span> <span class='ocrx_word' id='word_1_484' title='bbox 1749 3939 1993 4011; x_wconf 88' lang='lat' dir='ltr'>appetit:</span> 
     </span>
    </p>
   </div>
   <div class='ocr_carea' id='block_1_75' title="bbox 347 4027 1996 4097">
    <p class='ocr_par' dir='ltr' id='par_1_75' title="bbox 347 4027 1996 4097">
     <span class='ocr_line' id='line_1_76' title="bbox 347 4027 1996 4097; baseline 0.001 -15"><span class='ocrx_word' id='word_1_485' title='bbox 347 4027 577 4097; x_wconf 84' lang='lat' dir='ltr'>Scythae</span> <span class='ocrx_word' id='word_1_486' title='bbox 604 4030 783 4097; x_wconf 90' lang='lat' dir='ltr'>caput</span> <span class='ocrx_word' id='word_1_487' title='bbox 836 4042 973 4081; x_wconf 90' lang='lat' dir='ltr'>cum</span> <span class='ocrx_word' id='word_1_488' title='bbox 1030 4043 1216 4082; x_wconf 91' lang='lat' dir='ltr'>manu</span> <span class='ocrx_word' id='word_1_489' title='bbox 1275 4027 1484 4083; x_wconf 84' lang='lat' dir='ltr'>dextra</span> <span class='ocrx_word' id='word_1_490' title='bbox 1539 4027 1837 4084; x_wconf 89' lang='lat' dir='ltr'>abscisum</span> <span class='ocrx_word' id='word_1_491' title='bbox 1871 4028 1996 4084; x_wconf 93' lang='lat' dir='ltr'>solo</span> 
     </span>
    </p>
   </div>
   <div class='ocr_carea' id='block_1_76' title="bbox 340 4113 1998 4188">
    <p class='ocr_par' dir='ltr' id='par_1_76' title="bbox 340 4113 1998 4188">
     <span class='ocr_line' id='line_1_77' title="bbox 340 4113 1998 4188; baseline 0.002 -18"><span class='ocrx_word' id='word_1_492' title='bbox 340 4113 740 4170; x_wconf 85' lang='lat' dir='ltr'>afﬂixit.Duce</span> <span class='ocrx_word' id='word_1_493' title='bbox 772 4114 1022 4171; x_wconf 89' lang='lat' dir='ltr'>cadente</span> <span class='ocrx_word' id='word_1_494' title='bbox 1039 4114 1265 4171; x_wconf 89' lang='lat' dir='ltr'>clamor</span> <span class='ocrx_word' id='word_1_495' title='bbox 1278 4133 1312 4171; x_wconf 92' lang='lat' dir='ltr'>a</span> <span class='ocrx_word' id='word_1_496' title='bbox 1325 4116 1556 4188; x_wconf 87' lang='lat' dir='ltr'>Scythis</span> <span class='ocrx_word' id='word_1_497' title='bbox 1569 4116 1998 4173; x_wconf 88' lang='lat' dir='ltr'>lamentatione</span> 
     </span>
    </p>
   </div>
   <div class='ocr_carea' id='block_1_77' title="bbox 344 4203 1995 4279">
    <p class='ocr_par' dir='ltr' id='par_1_77' title="bbox 344 4203 1995 4279">
     <span class='ocr_line' id='line_1_78' title="bbox 344 4203 1995 4279; baseline 0.001 -20"><span class='ocrx_word' id='word_1_498' title='bbox 344 4203 671 4277; x_wconf 89' lang='lat' dir='ltr'>permistus</span> <span class='ocrx_word' id='word_1_499' title='bbox 702 4203 973 4259; x_wconf 89' lang='lat' dir='ltr'>tollitur:</span> <span class='ocrx_word' id='word_1_500' title='bbox 1004 4205 1073 4260; x_wconf 83' lang='lat' dir='ltr'>ﬁt</span> <span class='ocrx_word' id='word_1_501' title='bbox 1094 4204 1156 4259; x_wconf 92' lang='lat' dir='ltr'>in</span> <span class='ocrx_word' id='word_1_502' title='bbox 1188 4222 1288 4261; x_wconf 88' lang='lat' dir='ltr'>eos</span> <span class='ocrx_word' id='word_1_503' title='bbox 1320 4222 1354 4261; x_wconf 94' lang='lat' dir='ltr'>a</span> <span class='ocrx_word' id='word_1_504' title='bbox 1403 4206 1686 4262; x_wconf 83' lang='lat' dir='ltr'>Romanis</span> <span class='ocrx_word' id='word_1_505' title='bbox 1718 4207 1995 4279; x_wconf 89' lang='lat' dir='ltr'>impetus.</span> 
     </span>
    </p>
   </div>
   <div class='ocr_carea' id='block_1_78' title="bbox 342 4292 2000 4367">
    <p class='ocr_par' dir='ltr' id='par_1_78' title="bbox 342 4292 2000 4367">
     <span class='ocr_line' id='line_1_79' title="bbox 342 4292 2000 4367; baseline 0.002 -20"><span class='ocrx_word' id='word_1_506' title='bbox 342 4292 531 4357; x_wconf 89' lang='lat' dir='ltr'>Quem</span> <span class='ocrx_word' id='word_1_507' title='bbox 563 4292 653 4347; x_wconf 90' lang='lat' dir='ltr'>illi</span> <span class='ocrx_word' id='word_1_508' title='bbox 684 4308 807 4347; x_wconf 92' lang='lat' dir='ltr'>non</span> <span class='ocrx_word' id='word_1_509' title='bbox 854 4293 1309 4362; x_wconf 88' lang='lat' dir='ltr'>sustinuerunt;</span> <span class='ocrx_word' id='word_1_510' title='bbox 1362 4294 1488 4363; x_wconf 92' lang='lat' dir='ltr'>sed,</span> <span class='ocrx_word' id='word_1_511' title='bbox 1532 4296 1803 4367; x_wconf 66' lang='lat' dir='ltr'>praetoris</span> <span class='ocrx_word' id='word_1_512' title='bbox 1839 4296 2000 4352; x_wconf 63' lang='lat' dir='ltr'>caede</span> 
     </span>
    </p>
   </div>
   <div class='ocr_carea' id='block_1_79' title="bbox 333 4381 2001 4457">
    <p class='ocr_par' dir='ltr' id='par_1_79' title="bbox 333 4381 2001 4457">
     <span class='ocr_line' id='line_1_80' title="bbox 333 4381 2001 4457; baseline 0.003 -21"><span class='ocrx_word' id='word_1_513' title='bbox 333 4381 727 4438; x_wconf 89' lang='lat' dir='ltr'>vehementer</span> <span class='ocrx_word' id='word_1_514' title='bbox 756 4382 1253 4453; x_wconf 89' lang='lat' dir='ltr'>commoti,scutis</span> <span class='ocrx_word' id='word_1_515' title='bbox 1284 4389 1419 4456; x_wconf 91' lang='lat' dir='ltr'>post</span> <span class='ocrx_word' id='word_1_516' title='bbox 1448 4385 1731 4440; x_wconf 88' lang='lat' dir='ltr'>humeros</span> <span class='ocrx_word' id='word_1_517' title='bbox 1760 4385 2001 4457; x_wconf 86' lang='lat' dir='ltr'>rejectis</span> 
     </span>
    </p>
   </div>
   <div class='ocr_carea' id='block_1_80' title="bbox 336 4469 2002 4547">
    <p class='ocr_par' dir='ltr' id='par_1_80' title="bbox 336 4469 2002 4547">
     <span class='ocr_line' id='line_1_81' title="bbox 336 4469 2002 4547; baseline 0.004 -23"><span class='ocrx_word' id='word_1_518' title='bbox 336 4469 399 4524; x_wconf 91' lang='lat' dir='ltr'>in</span> <span class='ocrx_word' id='word_1_519' title='bbox 433 4470 721 4544; x_wconf 90' lang='lat' dir='ltr'>oppidum</span> <span class='ocrx_word' id='word_1_520' title='bbox 779 4473 1001 4528; x_wconf 89' lang='lat' dir='ltr'>reversi</span> <span class='ocrx_word' id='word_1_521' title='bbox 1068 4477 1227 4528; x_wconf 86' lang='lat' dir='ltr'>sunt.</span> <span class='ocrx_word' id='word_1_522' title='bbox 1262 4474 1513 4530; x_wconf 81' lang='lat' dir='ltr'>Romani</span> <span class='ocrx_word' id='word_1_523' title='bbox 1569 4491 1721 4546; x_wconf 89' lang='lat' dir='ltr'>quos</span> <span class='ocrx_word' id='word_1_524' title='bbox 1749 4480 2002 4547; x_wconf 86' lang='lat' dir='ltr'>possunt</span> 
     </span>
    </p>
   </div>
   <div class='ocr_carea' id='block_1_81' title="bbox 338 4561 1998 4636">
    <p class='ocr_par' dir='ltr' id='par_1_81' title="bbox 338 4561 1998 4636">
     <span class='ocr_line' id='line_1_82' title="bbox 338 4561 1998 4636; baseline 0.004 -22"><span class='ocrx_word' id='word_1_525' title='bbox 338 4566 763 4616; x_wconf 88' lang='lat' dir='ltr'>consectantur</span> <span class='ocrx_word' id='word_1_526' title='bbox 791 4568 969 4633; x_wconf 89' lang='lat' dir='ltr'>atque</span> <span class='ocrx_word' id='word_1_527' title='bbox 995 4561 1502 4635; x_wconf 65' lang='lat' dir='ltr'>occidunt.Ctepta</span> <span class='ocrx_word' id='word_1_528' title='bbox 1510 4563 1637 4636; x_wconf 89' lang='lat' dir='ltr'>jam</span> <span class='ocrx_word' id='word_1_529' title='bbox 1660 4569 1998 4632; x_wconf 89' lang='lat' dir='ltr'>nocte,cum</span> 
     </span>
    </p>
   </div>
   <div class='ocr_carea' id='block_1_82' title="bbox 2115 3392 3758 3475">
    <p class='ocr_par' dir='ltr' id='par_1_82' title="bbox 2115 3392 3758 3475">
     <span class='ocr_line' id='line_1_83' title="bbox 2115 3392 3758 3475; baseline 0.001 -23"><span class='ocrx_word' id='word_1_530' title='bbox 2115 3398 2231 3470; x_wconf 86' lang='grc' dir='ltr'>μετ’</span> <span class='ocrx_word' id='word_1_531' title='bbox 2264 3395 2491 3465; x_wconf 84' lang='grc' dir='ltr'>ἐκεῖνον,</span> <span class='ocrx_word' id='word_1_532' title='bbox 2525 3392 2691 3467; x_wconf 67' lang='grc' dir='ltr'>ἄνδρα</span> <span class='ocrx_word' id='word_1_533' title='bbox 2748 3394 3063 3475; x_wconf 83' lang='grc' dir='ltr'>γιγαντώδη</span> <span class='ocrx_word' id='word_1_534' title='bbox 3113 3398 3201 3453; x_wconf 82' lang='grc' dir='ltr'>καὶ</span> <span class='ocrx_word' id='word_1_535' title='bbox 3260 3398 3504 3454; x_wconf 83' lang='grc' dir='ltr'>νεανικὸν</span> <span class='ocrx_word' id='word_1_536' title='bbox 3536 3399 3579 3466; x_wconf 75' lang='grc'>⁸,</span> <span class='ocrx_word' id='word_1_537' title='bbox 3629 3397 3758 3454; x_wconf 82' lang='grc' dir='ltr'>ἰδὼν</span> 
     </span>
    </p>
   </div>
   <div class='ocr_carea' id='block_1_83' title="bbox 2105 3485 3760 3565">
    <p class='ocr_par' dir='ltr' id='par_1_83' title="bbox 2105 3485 3760 3565">
     <span class='ocr_line' id='line_1_84' title="bbox 2105 3485 3760 3565; baseline -0.001 -21"><span class='ocrx_word' id='word_1_538' title='bbox 2105 3487 2334 3559; x_wconf 80' lang='grc' dir='ltr'>Ἀνεμᾶς</span> <span class='ocrx_word' id='word_1_539' title='bbox 2358 3489 2378 3524; x_wconf 81' lang='grc'>⁷</span> <span class='ocrx_word' id='word_1_540' title='bbox 2409 3487 2437 3541; x_wconf 86' lang='grc' dir='ltr'>ὁ</span> <span class='ocrx_word' id='word_1_541' title='bbox 2467 3490 2575 3542; x_wconf 88' lang='grc' dir='ltr'>τῶν</span> <span class='ocrx_word' id='word_1_542' title='bbox 2610 3486 2911 3561; x_wconf 81' lang='grc' dir='ltr'>βασιλικῶν</span> <span class='ocrx_word' id='word_1_543' title='bbox 2972 3485 3461 3565; x_wconf 76' lang='grc' dir='ltr'>σωματοφυλάκων</span> <span class='ocrx_word' id='word_1_544' title='bbox 3512 3489 3608 3557; x_wconf 78' lang='grc' dir='ltr'>εἷς,</span> <span class='ocrx_word' id='word_1_545' title='bbox 3669 3489 3760 3542; x_wconf 80' lang='grc' dir='ltr'>καὶ</span> 
     </span>
    </p>
   </div>
   <div class='ocr_carea' id='block_1_84' title="bbox 2102 3576 3761 3653">
    <p class='ocr_par' dir='ltr' id='par_1_84' title="bbox 2102 3576 3761 3653">
     <span class='ocr_line' id='line_1_85' title="bbox 2102 3576 3761 3653; baseline 0 -20"><span class='ocrx_word' id='word_1_546' title='bbox 2102 3581 2200 3633; x_wconf 83' lang='grc' dir='ltr'>τοῦ</span> <span class='ocrx_word' id='word_1_547' title='bbox 2229 3581 2336 3632; x_wconf 89' lang='grc' dir='ltr'>τῶν</span> <span class='ocrx_word' id='word_1_548' title='bbox 2399 3579 2630 3653; x_wconf 80' lang='grc' dir='ltr'>Κρητῶν</span> <span class='ocrx_word' id='word_1_549' title='bbox 2693 3577 2809 3639; x_wconf 81' lang='grc' dir='ltr'>υἱὸς</span> <span class='ocrx_word' id='word_1_550' title='bbox 2868 3578 3123 3653; x_wconf 75' lang='grc' dir='ltr'>ἀρχηγοῦ</span> <span class='ocrx_word' id='word_1_551' title='bbox 3199 3580 3331 3652; x_wconf 80' lang='grc'>(16),</span> <span class='ocrx_word' id='word_1_552' title='bbox 3390 3576 3761 3643; x_wconf 79' lang='grc' dir='ltr'>ἐνθουσιωδῶς</span> 
     </span>
    </p>
   </div>
   <div class='ocr_carea' id='block_1_85' title="bbox 2104 3665 3756 3745">
    <p class='ocr_par' dir='ltr' id='par_1_85' title="bbox 2104 3665 3756 3745">
     <span class='ocr_line' id='line_1_86' title="bbox 2104 3665 3756 3745; baseline 0.001 -25"><span class='ocrx_word' id='word_1_553' title='bbox 2104 3665 2429 3743; x_wconf 80' lang='grc' dir='ltr'>έφορμῶντα</span> <span class='ocrx_word' id='word_1_554' title='bbox 2489 3666 2623 3739; x_wconf 84' lang='grc' dir='ltr'>μετᾶ</span> <span class='ocrx_word' id='word_1_555' title='bbox 2672 3673 2776 3736; x_wconf 80' lang='grc' dir='ltr'>τῆς</span> <span class='ocrx_word' id='word_1_556' title='bbox 2834 3671 2942 3721; x_wconf 88' lang='grc' dir='ltr'>τῶν</span> <span class='ocrx_word' id='word_1_557' title='bbox 3002 3665 3352 3744; x_wconf 83' lang='grc' dir='ltr'>ἐφεπομένων</span> <span class='ocrx_word' id='word_1_558' title='bbox 3427 3669 3756 3745; x_wconf 83' lang='grc' dir='ltr'>πεζεταίρων</span> 
     </span>
    </p>
   </div>
   <div class='ocr_carea' id='block_1_86' title="bbox 2105 3754 3754 3833">
    <p class='ocr_par' dir='ltr' id='par_1_86' title="bbox 2105 3754 3754 3833">
     <span class='ocr_line' id='line_1_87' title="bbox 2105 3754 3754 3833; baseline 0.002 -23"><span class='ocrx_word' id='word_1_559' title='bbox 2105 3754 2386 3833; x_wconf 84' lang='grc' dir='ltr'>φάλαγγος</span> <span class='ocrx_word' id='word_1_560' title='bbox 2443 3755 2531 3811; x_wconf 81' lang='grc' dir='ltr'>καὶ</span> <span class='ocrx_word' id='word_1_561' title='bbox 2588 3754 2882 3819; x_wconf 88' lang='grc' dir='ltr'>πλείστους</span> <span class='ocrx_word' id='word_1_562' title='bbox 2962 3757 3248 3831; x_wconf 81' lang='grc' dir='ltr'>Ῥωμαίων</span> <span class='ocrx_word' id='word_1_563' title='bbox 3307 3757 3754 3829; x_wconf 83' lang='grc' dir='ltr'>ἀποκτιννύοντα,</span> 
     </span>
    </p>
   </div>
   <div class='ocr_carea' id='block_1_87' title="bbox 2107 3844 3759 3924">
    <p class='ocr_par' dir='ltr' id='par_1_87' title="bbox 2107 3844 3759 3924">
     <span class='ocr_line' id='line_1_88' title="bbox 2107 3844 3759 3924; baseline 0.002 -25"><span class='ocrx_word' id='word_1_564' title='bbox 2107 3844 2250 3919; x_wconf 78' lang='grc' dir='ltr'>ἀλκῇ</span> <span class='ocrx_word' id='word_1_565' title='bbox 2281 3866 2339 3900; x_wconf 89' lang='grc' dir='ltr'>τε</span> <span class='ocrx_word' id='word_1_566' title='bbox 2383 3846 2593 3919; x_wconf 83' lang='grc' dir='ltr'>φύσεως</span> <span class='ocrx_word' id='word_1_567' title='bbox 2652 3845 2924 3920; x_wconf 77' lang='grc' dir='ltr'>ἐπαρθεὶς,</span> <span class='ocrx_word' id='word_1_568' title='bbox 2982 3844 3044 3901; x_wconf 82' lang='grc' dir='ltr'>τὸ</span> <span class='ocrx_word' id='word_1_569' title='bbox 3101 3846 3545 3923; x_wconf 78' lang='grc' dir='ltr'>παρῃωρημένον</span> <span class='ocrx_word' id='word_1_570' title='bbox 3602 3848 3759 3924; x_wconf 80' lang='grc' dir='ltr'>ξίφος</span> 
     </span>
    </p>
   </div>
   <div class='ocr_carea' id='block_1_88' title="bbox 2108 3932 3761 4013">
    <p class='ocr_par' dir='ltr' id='par_1_88' title="bbox 2108 3932 3761 4013">
     <span class='ocr_line' id='line_1_89' title="bbox 2108 3932 3761 4013; baseline 0.002 -25"><span class='ocrx_word' id='word_1_571' title='bbox 2108 3933 2363 4005; x_wconf 74' lang='grc' dir='ltr'>ἑλκύσας,</span> <span class='ocrx_word' id='word_1_572' title='bbox 2395 3934 2485 3989; x_wconf 77' lang='grc' dir='ltr'>καὶ</span> <span class='ocrx_word' id='word_1_573' title='bbox 2543 3936 2633 3991; x_wconf 85' lang='grc' dir='ltr'>τὸν</span> <span class='ocrx_word' id='word_1_574' title='bbox 2687 3935 2858 3990; x_wconf 78' lang='grc' dir='ltr'>ἳππον</span> <span class='ocrx_word' id='word_1_575' title='bbox 2908 3932 3041 4009; x_wconf 79' lang='grc' dir='ltr'>τῇδε</span> <span class='ocrx_word' id='word_1_576' title='bbox 3095 3935 3312 3992; x_wconf 83' lang='grc' dir='ltr'>κάκεῖσε</span> <span class='ocrx_word' id='word_1_577' title='bbox 3366 3934 3761 4013; x_wconf 79' lang='grc' dir='ltr'>παρεξελάσας,</span> 
     </span>
    </p>
   </div>
   <div class='ocr_carea' id='block_1_89' title="bbox 2106 4023 3760 4101">
    <p class='ocr_par' dir='ltr' id='par_1_89' title="bbox 2106 4023 3760 4101">
     <span class='ocr_line' id='line_1_90' title="bbox 2106 4023 3760 4101; baseline 0 -22"><span class='ocrx_word' id='word_1_578' title='bbox 2106 4029 2223 4087; x_wconf 83' lang='grc' dir='ltr'>τοῖς</span> <span class='ocrx_word' id='word_1_579' title='bbox 2261 4045 2320 4078; x_wconf 89' lang='grc' dir='ltr'>τε</span> <span class='ocrx_word' id='word_1_580' title='bbox 2355 4023 2539 4099; x_wconf 80' lang='grc' dir='ltr'>μύωψι</span> <span class='ocrx_word' id='word_1_581' title='bbox 2570 4026 2907 4093; x_wconf 85' lang='grc' dir='ltr'>καταικίσας,</span> <span class='ocrx_word' id='word_1_582' title='bbox 2967 4026 3105 4080; x_wconf 63' lang='grc' dir='ltr'>κατὰ</span> <span class='ocrx_word' id='word_1_583' title='bbox 3159 4030 3258 4081; x_wconf 84' lang='grc' dir='ltr'>τοῦ</span> <span class='ocrx_word' id='word_1_584' title='bbox 3305 4029 3565 4101; x_wconf 81' lang='grc' dir='ltr'>Ἵκμορος</span> <span class='ocrx_word' id='word_1_585' title='bbox 3595 4026 3760 4099; x_wconf 83' lang='grc' dir='ltr'>ἳεται,</span> 
     </span>
    </p>
   </div>
   <div class='ocr_carea' id='block_1_90' title="bbox 2107 4113 3757 4189">
    <p class='ocr_par' dir='ltr' id='par_1_90' title="bbox 2107 4113 3757 4189">
     <span class='ocr_line' id='line_1_91' title="bbox 2107 4113 3757 4189; baseline 0.001 -20"><span class='ocrx_word' id='word_1_586' title='bbox 2107 4114 2197 4169; x_wconf 82' lang='grc' dir='ltr'>καὶ</span> <span class='ocrx_word' id='word_1_587' title='bbox 2229 4118 2418 4168; x_wconf 81' lang='grc' dir='ltr'>τοῦτον</span> <span class='ocrx_word' id='word_1_588' title='bbox 2461 4114 2811 4189; x_wconf 78' lang='grc' dir='ltr'>κατειληφὼς</span> <span class='ocrx_word' id='word_1_589' title='bbox 2852 4113 3086 4185; x_wconf 71' lang='grc' dir='ltr'>πλήττει</span> <span class='ocrx_word' id='word_1_590' title='bbox 3142 4117 3280 4171; x_wconf 75' lang='grc' dir='ltr'>κατὰ</span> <span class='ocrx_word' id='word_1_591' title='bbox 3334 4120 3436 4171; x_wconf 88' lang='grc' dir='ltr'>τοῦ</span> <span class='ocrx_word' id='word_1_592' title='bbox 3487 4116 3757 4179; x_wconf 82' lang='grc' dir='ltr'>τένοντος·</span> 
     </span>
    </p>
   </div>
   <div class='ocr_carea' id='block_1_91' title="bbox 2108 4201 3765 4281">
    <p class='ocr_par' dir='ltr' id='par_1_91' title="bbox 2108 4201 3765 4281">
     <span class='ocr_line' id='line_1_92' title="bbox 2108 4201 3765 4281; baseline 0.002 -24"><span class='ocrx_word' id='word_1_593' title='bbox 2108 4206 2143 4274; x_wconf 81' lang='grc' dir='ltr'>ἡ</span> <span class='ocrx_word' id='word_1_594' title='bbox 2181 4201 2239 4259; x_wconf 72' lang='grc' dir='ltr'>δὲ</span> <span class='ocrx_word' id='word_1_595' title='bbox 2285 4207 2383 4258; x_wconf 87' lang='grc' dir='ltr'>τοῦ</span> <span class='ocrx_word' id='word_1_596' title='bbox 2414 4202 2627 4269; x_wconf 78' lang='grc' dir='ltr'>Σκύθου</span> <span class='ocrx_word' id='word_1_597' title='bbox 2684 4202 2895 4281; x_wconf 83' lang='grc' dir='ltr'>κεφαλή</span> <span class='ocrx_word' id='word_1_598' title='bbox 2954 4203 3048 4259; x_wconf 73' lang='grc' dir='ltr'>σὺν</span> <span class='ocrx_word' id='word_1_599' title='bbox 3106 4208 3173 4280; x_wconf 77' lang='grc' dir='ltr'>τῇ</span> <span class='ocrx_word' id='word_1_600' title='bbox 3234 4202 3381 4277; x_wconf 83' lang='grc' dir='ltr'>δεξιᾷ</span> <span class='ocrx_word' id='word_1_601' title='bbox 3437 4204 3765 4280; x_wconf 83' lang='grc' dir='ltr'>ἐκτμηθεῖσα</span> 
     </span>
    </p>
   </div>
   <div class='ocr_carea' id='block_1_92' title="bbox 2112 4291 3764 4373">
    <p class='ocr_par' dir='ltr' id='par_1_92' title="bbox 2112 4291 3764 4373">
     <span class='ocr_line' id='line_1_93' title="bbox 2112 4291 3764 4373; baseline 0.002 -25"><span class='ocrx_word' id='word_1_602' title='bbox 2112 4293 2262 4369; x_wconf 82' lang='grc' dir='ltr'>χειρὶ</span> <span class='ocrx_word' id='word_1_603' title='bbox 2292 4294 2430 4369; x_wconf 85' lang='grc' dir='ltr'>πρὸς</span> <span class='ocrx_word' id='word_1_604' title='bbox 2461 4291 2733 4373; x_wconf 72' lang='grc' dir='ltr'>τοῦδαφος</span> <span class='ocrx_word' id='word_1_605' title='bbox 2796 4294 3156 4370; x_wconf 85' lang='grc' dir='ltr'>ἀπηράττετο.</span> <span class='ocrx_word' id='word_1_606' title='bbox 3225 4298 3338 4353; x_wconf 87' lang='grc' dir='ltr'>Τοῦ</span> <span class='ocrx_word' id='word_1_607' title='bbox 3395 4292 3455 4350; x_wconf 69' lang='grc' dir='ltr'>δὲ</span> <span class='ocrx_word' id='word_1_608' title='bbox 3483 4295 3764 4364; x_wconf 86' lang='grc' dir='ltr'>πεσόντος,</span> 
     </span>
    </p>
   </div>
   <div class='ocr_carea' id='block_1_93' title="bbox 2111 4382 3761 4461">
    <p class='ocr_par' dir='ltr' id='par_1_93' title="bbox 2111 4382 3761 4461">
     <span class='ocr_line' id='line_1_94' title="bbox 2111 4382 3761 4461; baseline 0.001 -25"><span class='ocrx_word' id='word_1_609' title='bbox 2111 4384 2216 4457; x_wconf 78' lang='grc' dir='ltr'>βοή</span> <span class='ocrx_word' id='word_1_610' title='bbox 2249 4402 2335 4447; x_wconf 89' lang='grc' dir='ltr'>τις</span> <span class='ocrx_word' id='word_1_611' title='bbox 2362 4382 2511 4458; x_wconf 83' lang='grc' dir='ltr'>παρᾶ</span> <span class='ocrx_word' id='word_1_612' title='bbox 2538 4386 2647 4438; x_wconf 89' lang='grc' dir='ltr'>τῶν</span> <span class='ocrx_word' id='word_1_613' title='bbox 2685 4385 2908 4439; x_wconf 84' lang='grc' dir='ltr'>Σκυθῶν</span> <span class='ocrx_word' id='word_1_614' title='bbox 2931 4384 3158 4461; x_wconf 73' lang='grc' dir='ltr'>οἰμωγῇ</span> <span class='ocrx_word' id='word_1_615' title='bbox 3190 4383 3501 4459; x_wconf 86' lang='grc' dir='ltr'>σύμμικτος</span> <span class='ocrx_word' id='word_1_616' title='bbox 3528 4382 3761 4460; x_wconf 69' lang='grc' dir='ltr'>α’ίρεταυ</span> 
     </span>
    </p>
   </div>
   <div class='ocr_carea' id='block_1_94' title="bbox 2109 4469 3761 4551">
    <p class='ocr_par' dir='ltr' id='par_1_94' title="bbox 2109 4469 3761 4551">
     <span class='ocr_line' id='line_1_95' title="bbox 2109 4469 3761 4551; baseline 0 -22"><span class='ocrx_word' id='word_1_617' title='bbox 2109 4473 2383 4548; x_wconf 86' lang='grc' dir='ltr'>Ῥωμαῖοι</span> <span class='ocrx_word' id='word_1_618' title='bbox 2415 4469 2473 4528; x_wconf 75' lang='grc' dir='ltr'>δὲ</span> <span class='ocrx_word' id='word_1_619' title='bbox 2499 4473 2717 4535; x_wconf 86' lang='grc' dir='ltr'>τούτοις</span> <span class='ocrx_word' id='word_1_620' title='bbox 2757 4471 3083 4548; x_wconf 71' lang='grc' dir='ltr'>ἐπέδραμον.</span> <span class='ocrx_word' id='word_1_621' title='bbox 3146 4474 3218 4531; x_wconf 59' lang='lat'>0?</span> <span class='ocrx_word' id='word_1_622' title='bbox 3264 4471 3321 4529; x_wconf 75' lang='grc' dir='ltr'>δὶ</span> <span class='ocrx_word' id='word_1_623' title='bbox 3374 4473 3473 4529; x_wconf 77' lang='grc' dir='ltr'>οὐκ</span> <span class='ocrx_word' id='word_1_624' title='bbox 3528 4471 3761 4551; x_wconf 78' lang='grc' dir='ltr'>ἤνεγκαν</span> 
     </span>
    </p>
   </div>
   <div class='ocr_carea' id='block_1_95' title="bbox 2108 4560 3766 4643">
    <p class='ocr_par' dir='ltr' id='par_1_95' title="bbox 2108 4560 3766 4643">
     <span class='ocr_line' id='line_1_96' title="bbox 2108 4560 3766 4643; baseline 0.002 -27"><span class='ocrx_word' id='word_1_625' title='bbox 2108 4562 2208 4631; x_wconf 77' lang='grc' dir='ltr'>τήν</span> <span class='ocrx_word' id='word_1_626' title='bbox 2238 4566 2351 4617; x_wconf 91' lang='grc' dir='ltr'>τῶν</span> <span class='ocrx_word' id='word_1_627' title='bbox 2384 4560 2634 4617; x_wconf 81' lang='grc' dir='ltr'>ἐναντίων</span> <span class='ocrx_word' id='word_1_628' title='bbox 2669 4563 2868 4638; x_wconf 81' lang='grc' dir='ltr'>ῥοπὴν,</span> <span class='ocrx_word' id='word_1_629' title='bbox 2902 4562 3047 4619; x_wconf 80' lang='grc' dir='ltr'>ἀλλὰ</span> <span class='ocrx_word' id='word_1_630' title='bbox 3070 4567 3150 4637; x_wconf 83' lang='grc' dir='ltr'>τῷ</span> <span class='ocrx_word' id='word_1_631' title='bbox 3178 4569 3276 4619; x_wconf 90' lang='grc' dir='ltr'>τοῦ</span> <span class='ocrx_word' id='word_1_632' title='bbox 3334 4568 3481 4643; x_wconf 85' lang='grc' dir='ltr'>σφῶν</span> <span class='ocrx_word' id='word_1_633' title='bbox 3537 4584 3766 4640; x_wconf 83' lang='grc' dir='ltr'>στρατη-</span> 
     </span>
    </p>
   </div>
   <div class='ocr_carea' id='block_1_96' title="bbox 336 4638 2001 4731">
    <p class='ocr_par' dir='ltr' id='par_1_96' title="bbox 336 4647 1995 4728">
     <span class='ocr_line' id='line_1_97' title="bbox 336 4647 1995 4728; baseline 0.004 -26"><span class='ocrx_word' id='word_1_634' title='bbox 336 4647 488 4704; x_wconf 89' lang='lat' dir='ltr'>luna</span> <span class='ocrx_word' id='word_1_635' title='bbox 515 4649 692 4720; x_wconf 89' lang='lat' dir='ltr'>pleno</span> <span class='ocrx_word' id='word_1_636' title='bbox 743 4651 887 4707; x_wconf 89' lang='lat' dir='ltr'>orbe</span> <span class='ocrx_word' id='word_1_637' title='bbox 932 4651 1277 4719; x_wconf 89' lang='lat' dir='ltr'>colluceret,</span> <span class='ocrx_word' id='word_1_638' title='bbox 1330 4652 1393 4707; x_wconf 91' lang='lat' dir='ltr'>in</span> <span class='ocrx_word' id='word_1_639' title='bbox 1454 4670 1733 4726; x_wconf 88' lang='lat' dir='ltr'>campum</span> <span class='ocrx_word' id='word_1_640' title='bbox 1774 4653 1995 4728; x_wconf 87' lang='lat' dir='ltr'>egressi</span> 
     </span>
    </p>
   </div>
   <div class='ocr_carea' id='block_1_97' title="bbox 2115 4638 3764 4731">
    <p class='ocr_par' dir='ltr' id='par_1_97' title="bbox 2115 4638 3764 4731">
     <span class='ocr_line' id='line_1_98' title="bbox 2115 4638 3764 4731; baseline -0.001 -23"><span class='ocrx_word' id='word_1_641' title='bbox 2115 4656 2209 4731; x_wconf 81' lang='grc' dir='ltr'>γοῦ</span> <span class='ocrx_word' id='word_1_642' title='bbox 2239 4653 2395 4708; x_wconf 87' lang='grc' dir='ltr'>πάθει</span> <span class='ocrx_word' id='word_1_643' title='bbox 2436 4650 2683 4715; x_wconf 75' lang='grc' dir='ltr'>ἐκτόπως</span> <span class='ocrx_word' id='word_1_644' title='bbox 2738 4650 3232 4730; x_wconf 72' lang='grc' dir='ltr'>περιαλγήσαντες,</span> <span class='ocrx_word' id='word_1_645' title='bbox 3288 4653 3355 4709; x_wconf 83' lang='grc' dir='ltr'>τὰ</span> <span class='ocrx_word' id='word_1_646' title='bbox 3380 4638 3391 4643; x_wconf 37' lang='grc'>⁷</span> <span class='ocrx_word' id='word_1_647' title='bbox 3423 4651 3561 4724; x_wconf 86' lang='grc' dir='ltr'>σάκη</span> <span class='ocrx_word' id='word_1_648' title='bbox 3606 4638 3764 4708; x_wconf 82' lang='grc' dir='ltr'>κάτω</span> 
     </span>
    </p>
   </div>
   <div class='ocr_carea' id='block_1_98' title="bbox 1545 4813 2543 4890">
    <p class='ocr_par' dir='ltr' id='par_1_98' title="bbox 1545 4813 2543 4890">
     <span class='ocr_line' id='line_1_99' title="bbox 1545 4813 2543 4890; baseline 0.004 -4"><span class='ocrx_word' id='word_1_649' title='bbox 1545 4813 1608 4886; x_wconf 84' lang='lat' dir='ltr'>C.</span> <span class='ocrx_word' id='word_1_650' title='bbox 1654 4833 1713 4887; x_wconf 83' lang='grc' dir='ltr'>Β.</span> <span class='ocrx_word' id='word_1_651' title='bbox 1760 4832 1950 4888; x_wconf 86' lang='lat' dir='ltr'><strong>HASII</strong></span> <span class='ocrx_word' id='word_1_652' title='bbox 1986 4832 2543 4890; x_wconf 81' lang='lat' dir='ltr'>ANNOTATIONES.</span> 
     </span>
    </p>
   </div>
   <div class='ocr_carea' id='block_1_99' title="bbox 406 4993 2001 5077">
    <p class='ocr_par' dir='ltr' id='par_1_99' title="bbox 406 4993 2001 5076">
     <span class='ocr_line' id='line_1_100' title="bbox 406 4993 2001 5076; baseline 0.003 -23"><span class='ocrx_word' id='word_1_653' title='bbox 406 4998 428 5034; x_wconf 83' lang='grc'>⁸</span> <span class='ocrx_word' id='word_1_654' title='bbox 451 4993 815 5076; x_wconf 83' lang='grc' dir='ltr'>ἆληλεγμένα</span> <span class='ocrx_word' id='word_1_655' title='bbox 843 5000 973 5057; x_wconf 89' lang='lat' dir='ltr'>cod.</span> <span class='ocrx_word' id='word_1_656' title='bbox 1004 4999 1029 5035; x_wconf 83' lang='grc'>⁶</span> <span class='ocrx_word' id='word_1_657' title='bbox 1056 4999 1315 5059; x_wconf 87' lang='grc' dir='ltr'>νεανικόν.</span> <span class='ocrx_word' id='word_1_658' title='bbox 1350 5002 1458 5060; x_wconf 85' lang='lat' dir='ltr'>Vid</span> <span class='ocrx_word' id='word_1_659' title='bbox 1490 5020 1672 5075; x_wconf 86' lang='lat' dir='ltr'>supra</span> <span class='ocrx_word' id='word_1_660' title='bbox 1699 5005 1788 5071; x_wconf 85' lang='lat'>89,</span> <span class='ocrx_word' id='word_1_661' title='bbox 1823 5005 1882 5060; x_wconf 88' lang='lat' dir='ltr'>C.</span> <span class='ocrx_word' id='word_1_662' title='bbox 1914 5004 1938 5039; x_wconf 89' lang='grc'>⁷</span> <span class='ocrx_word' id='word_1_663' title='bbox 1967 5004 2001 5058; x_wconf 68' lang='grc' dir='ltr'>’λ</span> 
     </span>
    </p>
   </div>
   <div class='ocr_carea' id='block_1_100' title="bbox 2115 4993 3755 5077">
    <p class='ocr_par' dir='ltr' id='par_1_100' title="bbox 2115 5002 3755 5077">
     <span class='ocr_line' id='line_1_101' title="bbox 2115 5002 3755 5077; baseline 0.003 -21"><span class='ocrx_word' id='word_1_664' title='bbox 2115 5009 2230 5077; x_wconf 81' lang='grc' dir='ltr'>,μᾶς</span> <span class='ocrx_word' id='word_1_665' title='bbox 2255 5004 2412 5073; x_wconf 93' lang='lat' dir='ltr'>cod.,</span> <span class='ocrx_word' id='word_1_666' title='bbox 2446 5002 2551 5061; x_wconf 90' lang='lat' dir='ltr'>sed</span> <span class='ocrx_word' id='word_1_667' title='bbox 2580 5004 2885 5062; x_wconf 86' lang='lat' dir='ltr'>Cedrenus</span> <span class='ocrx_word' id='word_1_668' title='bbox 2918 5007 2986 5063; x_wconf 88' lang='lat' dir='ltr'>II.</span> <span class='ocrx_word' id='word_1_669' title='bbox 3019 5008 3143 5062; x_wconf 85' lang='lat'>678.</span> <span class='ocrx_word' id='word_1_670' title='bbox 3203 5007 3271 5064; x_wconf 92' lang='lat' dir='ltr'>D.</span> <span class='ocrx_word' id='word_1_671' title='bbox 3309 5011 3367 5064; x_wconf 90' lang='lat' dir='ltr'>et</span> <span class='ocrx_word' id='word_1_672' title='bbox 3397 5008 3540 5064; x_wconf 87' lang='lat' dir='ltr'>alibi</span> <span class='ocrx_word' id='word_1_673' title='bbox 3571 5010 3755 5062; x_wconf 89' lang='lat' dir='ltr'>recte-</span> 
     </span>
    </p>
   </div>
   <div class='ocr_carea' id='block_1_101' title="bbox 340 5089 521 5144">
    <p class='ocr_par' dir='ltr' id='par_1_101' title="bbox 340 5089 521 5144">
     <span class='ocr_line' id='line_1_102' title="bbox 340 5089 521 5144; baseline -0.006 -15"><span class='ocrx_word' id='word_1_674' title='bbox 340 5089 447 5144; x_wconf 90' lang='lat' dir='ltr'>per</span> <span class='ocrx_word' id='word_1_675' title='bbox 476 5091 521 5128; x_wconf 87' lang='grc' dir='ltr'>ε.</span> 
     </span>
    </p>
   </div>
   <div class='ocr_carea' id='block_1_102' title="bbox 409 5222 1996 5299">
    <p class='ocr_par' dir='ltr' id='par_1_102' title="bbox 409 5222 1996 5299">
     <span class='ocr_line' id='line_1_103' title="bbox 409 5222 1996 5299; baseline 0.004 -22"><span class='ocrx_word' id='word_1_676' title='bbox 409 5222 522 5291; x_wconf 80' lang='grc'>(14)</span> <span class='ocrx_word' id='word_1_677' title='bbox 552 5222 723 5280; x_wconf 88' lang='lat' dir='ltr'>Dicas</span> <span class='ocrx_word' id='word_1_678' title='bbox 746 5222 886 5299; x_wconf 83' lang='lat' dir='ltr'>inde</span> <span class='ocrx_word' id='word_1_679' title='bbox 918 5223 1275 5299; x_wconf 80' lang='lat' dir='ltr'>Cinnamum</span> <span class='ocrx_word' id='word_1_680' title='bbox 1299 5225 1359 5299; x_wconf 84' lang='lat' dir='ltr'>in</span> <span class='ocrx_word' id='word_1_681' title='bbox 1384 5224 1645 5282; x_wconf 86' lang='lat' dir='ltr'>Historia</span> <span class='ocrx_word' id='word_1_682' title='bbox 1672 5227 1996 5299; x_wconf 87' lang='lat' dir='ltr'>sumpsisse</span> 
     </span>
    </p>
   </div>
   <div class='ocr_carea' id='block_1_103' title="bbox 342 5293 1996 5373">
    <p class='ocr_par' dir='ltr' id='par_1_103' title="bbox 342 5293 1996 5373">
     <span class='ocr_line' id='line_1_104' title="bbox 342 5293 1996 5373; baseline 0.002 -24"><span class='ocrx_word' id='word_1_683' title='bbox 342 5293 415 5349; x_wconf 91' lang='lat' dir='ltr'>de</span> <span class='ocrx_word' id='word_1_684' title='bbox 446 5299 751 5373; x_wconf 73' lang='lat' dir='ltr'>armatura</span> <span class='ocrx_word' id='word_1_685' title='bbox 778 5297 1022 5373; x_wconf 55' lang='lat' dir='ltr'>{cannis</span> <span class='ocrx_word' id='word_1_686' title='bbox 1053 5297 1359 5373; x_wconf 71' lang='lat' dir='ltr'>Qommeni</span> <span class='ocrx_word' id='word_1_687' title='bbox 1392 5299 1479 5365; x_wconf 88' lang='lat'>63,</span> <span class='ocrx_word' id='word_1_688' title='bbox 1521 5300 1599 5365; x_wconf 68' lang='grc' dir='ltr'>ΔΑ.</span> <span class='ocrx_word' id='word_1_689' title='bbox 1653 5293 1844 5371; x_wconf 81' lang='grc' dir='ltr'>χρυσῶ</span> <span class='ocrx_word' id='word_1_690' title='bbox 1893 5298 1996 5373; x_wconf 79' lang='grc' dir='ltr'>γὰρ</span> 
     </span>
    </p>
   </div>
   <div class='ocr_carea' id='block_1_104' title="bbox 340 5363 1181 5439">
    <p class='ocr_par' dir='ltr' id='par_1_104' title="bbox 340 5363 1181 5439">
     <span class='ocr_line' id='line_1_105' title="bbox 340 5363 1181 5439; baseline 0.005 -21"><span class='ocrx_word' id='word_1_691' title='bbox 340 5363 663 5439; x_wconf 79' lang='grc' dir='ltr'>κατακόρως</span> <span class='ocrx_word' id='word_1_692' title='bbox 692 5363 977 5435; x_wconf 70' lang='grc' dir='ltr'>ἀλήλιπτο</span> <span class='ocrx_word' id='word_1_693' title='bbox 1018 5371 1181 5422; x_wconf 84' lang='grc' dir='ltr'>πᾶσα.</span> 
     </span>
    </p>
   </div>
   <div class='ocr_carea' id='block_1_105' title="bbox 413 5438 2001 5509">
    <p class='ocr_par' dir='ltr' id='par_1_105' title="bbox 413 5438 2001 5509">
     <span class='ocr_line' id='line_1_106' title="bbox 413 5438 2001 5509; baseline 0.005 -17"><span class='ocrx_word' id='word_1_694' title='bbox 413 5438 738 5506; x_wconf 78' lang='grc' dir='ltr'>(15)Οιιο(1</span> <span class='ocrx_word' id='word_1_695' title='bbox 800 5439 997 5509; x_wconf 91' lang='lat' dir='ltr'>ipsum</span> <span class='ocrx_word' id='word_1_696' title='bbox 1048 5439 1293 5494; x_wconf 86' lang='lat' dir='ltr'>verbum</span> <span class='ocrx_word' id='word_1_697' title='bbox 1348 5438 1486 5494; x_wconf 90' lang='lat' dir='ltr'>inde</span> <span class='ocrx_word' id='word_1_698' title='bbox 1546 5445 1852 5498; x_wconf 89' lang='lat' dir='ltr'>mutuatus</span> <span class='ocrx_word' id='word_1_699' title='bbox 1910 5451 2001 5500; x_wconf 87' lang='lat' dir='ltr'>est</span> 
     </span>
    </p>
   </div>
   <div class='ocr_carea' id='block_1_106' title="bbox 337 5508 1888 5580">
    <p class='ocr_par' dir='ltr' id='par_1_106' title="bbox 337 5508 1888 5580">
     <span class='ocr_line' id='line_1_107' title="bbox 337 5508 1888 5580; baseline 0.004 -16"><span class='ocrx_word' id='word_1_700' title='bbox 337 5508 645 5564; x_wconf 88' lang='lat' dir='ltr'>Cedrenus</span> <span class='ocrx_word' id='word_1_701' title='bbox 675 5510 736 5564; x_wconf 91' lang='lat' dir='ltr'>in</span> <span class='ocrx_word' id='word_1_702' title='bbox 769 5508 1113 5565; x_wconf 83' lang='lat' dir='ltr'>narratione</span> <span class='ocrx_word' id='word_1_703' title='bbox 1146 5509 1417 5580; x_wconf 88' lang='lat' dir='ltr'>ejusdem</span> <span class='ocrx_word' id='word_1_704' title='bbox 1450 5510 1535 5564; x_wconf 89' lang='lat' dir='ltr'>rei</span> <span class='ocrx_word' id='word_1_705' title='bbox 1566 5513 1632 5565; x_wconf 92' lang='grc' dir='ltr'>ΙΙ.</span> <span class='ocrx_word' id='word_1_706' title='bbox 1670 5515 1793 5569; x_wconf 79' lang='lat'>678.</span> <span class='ocrx_word' id='word_1_707' title='bbox 1828 5516 1888 5570; x_wconf 89' lang='lat' dir='ltr'>C.</span> 
     </span>
    </p>
   </div>
   <div class='ocr_carea' id='block_1_107' title="bbox 411 5581 1996 5656">
    <p class='ocr_par' dir='ltr' id='par_1_107' title="bbox 411 5581 1996 5656">
     <span class='ocr_line' id='line_1_108' title="bbox 411 5581 1996 5656; baseline 0.003 -21"><span class='ocrx_word' id='word_1_708' title='bbox 411 5583 521 5656; x_wconf 74' lang='lat' dir='ltr'>(l6)</span> <span class='ocrx_word' id='word_1_709' title='bbox 553 5581 696 5656; x_wconf 86' lang='lat' dir='ltr'>lnde</span> <span class='ocrx_word' id='word_1_710' title='bbox 722 5583 977 5656; x_wconf 78' lang='lat' dir='ltr'>emenda</span> <span class='ocrx_word' id='word_1_711' title='bbox 1028 5582 1384 5656; x_wconf 82' lang='lat' dir='ltr'>C_ed_ren._lI.</span> <span class='ocrx_word' id='word_1_712' title='bbox 1436 5584 1559 5636; x_wconf 83' lang='lat'>678.</span> <span class='ocrx_word' id='word_1_713' title='bbox 1611 5585 1678 5638; x_wconf 91' lang='lat' dir='ltr'>D.</span> <span class='ocrx_word' id='word_1_714' title='bbox 1740 5583 1996 5656; x_wconf 80' lang='grc' dir='ltr'>Ἀνεμᾶς,</span> 
     </span>
    </p>
   </div>
   <div class='ocr_carea' id='block_1_108' title="bbox 337 5649 1996 5730">
    <p class='ocr_par' dir='ltr' id='par_1_108' title="bbox 337 5649 1996 5730">
     <span class='ocr_line' id='line_1_109' title="bbox 337 5649 1996 5730; baseline 0.001 -28"><span class='ocrx_word' id='word_1_715' title='bbox 337 5649 375 5730; x_wconf 49' lang='grc' dir='ltr'>ὁ.</span> <span class='ocrx_word' id='word_1_716' title='bbox 398 5654 505 5730; x_wconf 73' lang='grc' dir='ltr'>τῶν</span> <span class='ocrx_word' id='word_1_717' title='bbox 539 5655 772 5730; x_wconf 77' lang='grc' dir='ltr'>Κρητῶν</span> <span class='ocrx_word' id='word_1_718' title='bbox 800 5655 896 5730; x_wconf 80' lang='grc' dir='ltr'>τοῦ</span> <span class='ocrx_word' id='word_1_719' title='bbox 941 5651 1227 5730; x_wconf 72' lang='grc' dir='ltr'>βασιλείου</span> <span class='ocrx_word' id='word_1_720' title='bbox 1257 5651 1375 5715; x_wconf 73' lang='grc' dir='ltr'>υἱὸς</span> <span class='ocrx_word' id='word_1_721' title='bbox 1423 5656 1730 5730; x_wconf 62' lang='grc' dir='ltr'>Κουρουπᾷι</span> <span class='ocrx_word' id='word_1_722' title='bbox 1778 5649 1996 5730; x_wconf 64' lang='grc' dir='ltr'>Χγίειηζ</span> 
     </span>
    </p>
   </div>
   <div class='ocr_carea' id='block_1_109' title="bbox 341 5721 1997 5804">
    <p class='ocr_par' dir='ltr' id='par_1_109' title="bbox 341 5721 1997 5804">
     <span class='ocr_line' id='line_1_110' title="bbox 341 5721 1997 5804; baseline 0.008 -29"><span class='ocrx_word' id='word_1_723' title='bbox 341 5721 448 5777; x_wconf 90' lang='lat' dir='ltr'>dro</span> <span class='ocrx_word' id='word_1_724' title='bbox 465 5723 528 5779; x_wconf 90' lang='lat' dir='ltr'>in</span> <span class='ocrx_word' id='word_1_725' title='bbox 539 5721 811 5782; x_wconf 78' lang='lat' dir='ltr'>versione</span> <span class='ocrx_word' id='word_1_726' title='bbox 843 5721 1121 5781; x_wconf 82' lang='lat' dir='ltr'>similiter</span> <span class='ocrx_word' id='word_1_727' title='bbox 1146 5724 1454 5797; x_wconf 83' lang='lat' dir='ltr'>lapso,nec</span> <span class='ocrx_word' id='word_1_728' title='bbox 1466 5721 1997 5804; x_wconf 63' lang='lat' dir='ltr'>animadvertente,</span> 
     </span>
    </p>
   </div>
   <div class='ocr_carea' id='block_1_110' title="bbox 2113 5225 3762 5303">
    <p class='ocr_par' dir='ltr' id='par_1_110' title="bbox 2113 5225 3762 5303">
     <span class='ocr_line' id='line_1_111' title="bbox 2113 5225 3762 5303; baseline 0.001 -21"><span class='ocrx_word' id='word_1_729' title='bbox 2113 5225 2815 5303; x_wconf 10' lang='lat' dir='ltr'>Basiléwciscribendum</span> <span class='ocrx_word' id='word_1_730' title='bbox 2875 5246 3026 5303; x_wconf 83' lang='lat' dir='ltr'>esse.</span> <span class='ocrx_word' id='word_1_731' title='bbox 3083 5230 3481 5303; x_wconf 86' lang='lat' dir='ltr'>Scylitzams.</span> <span class='ocrx_word' id='word_1_732' title='bbox 3544 5230 3629 5303; x_wconf 92' lang='lat' dir='ltr'>(in</span> <span class='ocrx_word' id='word_1_733' title='bbox 3687 5229 3762 5303; x_wconf 83' lang='lat' dir='ltr'>iis</span> 
     </span>
    </p>
   </div>
   <div class='ocr_carea' id='block_1_111' title="bbox 2109 5301 3763 5374">
    <p class='ocr_par' dir='ltr' id='par_1_111' title="bbox 2109 5301 3763 5374">
     <span class='ocr_line' id='line_1_112' title="bbox 2109 5301 3763 5374; baseline -0.001 -17"><span class='ocrx_word' id='word_1_734' title='bbox 2109 5301 2268 5357; x_wconf 77' lang='lat' dir='ltr'>Certe</span> <span class='ocrx_word' id='word_1_735' title='bbox 2298 5302 2477 5358; x_wconf 89' lang='lat' dir='ltr'>Codd.</span> <span class='ocrx_word' id='word_1_736' title='bbox 2505 5319 2655 5372; x_wconf 90' lang='lat' dir='ltr'>quos</span> <span class='ocrx_word' id='word_1_737' title='bbox 2686 5302 2919 5374; x_wconf 83' lang='lat' dir='ltr'>inspexi</span> <span class='ocrx_word' id='word_1_738' title='bbox 2940 5318 2966 5374; x_wconf 76' lang='lat'>_:</span> <span class='ocrx_word' id='word_1_739' title='bbox 2998 5317 3139 5356; x_wconf 82' lang='lat' dir='ltr'>nam</span> <span class='ocrx_word' id='word_1_740' title='bbox 3193 5302 3366 5374; x_wconf 87' lang='lat' dir='ltr'>Goari</span> <span class='ocrx_word' id='word_1_741' title='bbox 3399 5301 3763 5374; x_wconf 85' lang='lat' dir='ltr'>exemplaria</span> 
     </span>
    </p>
   </div>
   <div class='ocr_carea' id='block_1_112' title="bbox 2108 5372 3759 5446">
    <p class='ocr_par' dir='ltr' id='par_1_112' title="bbox 2108 5372 3759 5446">
     <span class='ocr_line' id='line_1_113' title="bbox 2108 5372 3759 5446; baseline 0 -18"><span class='ocrx_word' id='word_1_742' title='bbox 2108 5374 2384 5446; x_wconf 82' lang='lat' dir='ltr'>videntur</span> <span class='ocrx_word' id='word_1_743' title='bbox 2413 5373 2576 5429; x_wconf 90' lang='lat' dir='ltr'>aliud</span> <span class='ocrx_word' id='word_1_744' title='bbox 2610 5374 2753 5446; x_wconf 91' lang='lat' dir='ltr'>quid</span> <span class='ocrx_word' id='word_1_745' title='bbox 2774 5372 3075 5446; x_wconf 73' lang='lat' dir='ltr'>habuisse)</span> <span class='ocrx_word' id='word_1_746' title='bbox 3098 5374 3240 5446; x_wconf 82' lang='lat' dir='ltr'>item</span> <span class='ocrx_word' id='word_1_747' title='bbox 3267 5392 3279 5430; x_wconf 91' lang='lat'><strong>:</strong></span> <span class='ocrx_word' id='word_1_748' title='bbox 3313 5372 3589 5444; x_wconf 73' lang='grc' dir='ltr'>Ἀναιμᾶξ</span> <span class='ocrx_word' id='word_1_749' title='bbox 3610 5373 3759 5445; x_wconf 80' lang='lat' dir='ltr'>[sic],</span> 
     </span>
    </p>
   </div>
   <div class='ocr_carea' id='block_1_113' title="bbox 2108 5439 3764 5517">
    <p class='ocr_par' dir='ltr' id='par_1_113' title="bbox 2108 5439 3764 5517">
     <span class='ocr_line' id='line_1_114' title="bbox 2108 5439 3764 5517; baseline 0.001 -19"><span class='ocrx_word' id='word_1_750' title='bbox 2108 5444 2136 5498; x_wconf 86' lang='grc' dir='ltr'><strong>ὁ</strong></span> <span class='ocrx_word' id='word_1_751' title='bbox 2167 5448 2273 5499; x_wconf 89' lang='grc' dir='ltr'>τῶν</span> <span class='ocrx_word' id='word_1_752' title='bbox 2340 5448 2570 5515; x_wconf 86' lang='grc' dir='ltr'>Κρητῶν</span> <span class='ocrx_word' id='word_1_753' title='bbox 2612 5439 2708 5499; x_wconf 70' lang='grc' dir='ltr'>τοῦ</span> <span class='ocrx_word' id='word_1_754' title='bbox 2784 5439 3067 5517; x_wconf 69' lang='grc' dir='ltr'>βασιλέως</span> <span class='ocrx_word' id='word_1_755' title='bbox 3117 5444 3231 5505; x_wconf 76' lang='grc' dir='ltr'>υἱὸς</span> <span class='ocrx_word' id='word_1_756' title='bbox 3293 5439 3627 5517; x_wconf 56' lang='grc' dir='ltr'>Κουρουπᾶξ</span> <span class='ocrx_word' id='word_1_757' title='bbox 3670 5439 3764 5499; x_wconf 77' lang='lat' dir='ltr'>Sé-</span> 
     </span>
    </p>
   </div>
   <div class='ocr_carea' id='block_1_114' title="bbox 2109 5516 3764 5588">
    <p class='ocr_par' dir='ltr' id='par_1_114' title="bbox 2109 5516 3764 5588">
     <span class='ocr_line' id='line_1_115' title="bbox 2109 5516 3764 5588; baseline -0.002 -15"><span class='ocrx_word' id='word_1_758' title='bbox 2109 5518 2353 5588; x_wconf 89' lang='lat' dir='ltr'>quentia</span> <span class='ocrx_word' id='word_1_759' title='bbox 2383 5519 2455 5573; x_wconf 91' lang='lat' dir='ltr'>de</span> <span class='ocrx_word' id='word_1_760' title='bbox 2487 5516 2811 5573; x_wconf 87' lang='lat' dir='ltr'>certamine</span> <span class='ocrx_word' id='word_1_761' title='bbox 2845 5516 3129 5588; x_wconf 81' lang='lat' dir='ltr'>singulari</span> <span class='ocrx_word' id='word_1_762' title='bbox 3173 5517 3330 5572; x_wconf 86' lang='lat' dir='ltr'>inter</span> <span class='ocrx_word' id='word_1_763' title='bbox 3377 5522 3646 5573; x_wconf 86' lang='lat' dir='ltr'>Aneman</span> <span class='ocrx_word' id='word_1_764' title='bbox 3706 5521 3764 5570; x_wconf 87' lang='lat' dir='ltr'>et</span> 
     </span>
    </p>
   </div>
   <div class='ocr_carea' id='block_1_115' title="bbox 2106 5586 3765 5663">
    <p class='ocr_par' dir='ltr' id='par_1_115' title="bbox 2106 5586 3765 5663">
     <span class='ocr_line' id='line_1_116' title="bbox 2106 5586 3765 5663; baseline -0.001 -19"><span class='ocrx_word' id='word_1_765' title='bbox 2106 5586 2395 5663; x_wconf 61' lang='lat' dir='ltr'>leniorem</span> <span class='ocrx_word' id='word_1_766' title='bbox 2427 5606 2601 5663; x_wconf 61' lang='lat' dir='ltr'>paene</span> <span class='ocrx_word' id='word_1_767' title='bbox 2646 5588 2722 5663; x_wconf 76' lang='lat' dir='ltr'>ad</span> <span class='ocrx_word' id='word_1_768' title='bbox 2780 5586 3020 5663; x_wconf 71' lang='lat' dir='ltr'>verbum</span> <span class='ocrx_word' id='word_1_769' title='bbox 3082 5605 3152 5644; x_wconf 85' lang='lat' dir='ltr'>ex</span> <span class='ocrx_word' id='word_1_770' title='bbox 3198 5589 3389 5645; x_wconf 90' lang='lat' dir='ltr'>Leone</span> <span class='ocrx_word' id='word_1_771' title='bbox 3447 5588 3765 5661; x_wconf 85' lang='lat' dir='ltr'>exscripsit</span> 
     </span>
    </p>
   </div>
   <div class='ocr_carea' id='block_1_116' title="bbox 2106 5658 3147 5734">
    <p class='ocr_par' dir='ltr' id='par_1_116' title="bbox 2106 5658 3147 5734">
     <span class='ocr_line' id='line_1_117' title="bbox 2106 5658 3147 5734; baseline -0.004 -16"><span class='ocrx_word' id='word_1_772' title='bbox 2106 5661 2407 5734; x_wconf 84' lang='lat' dir='ltr'>Scylitzes,</span> <span class='ocrx_word' id='word_1_773' title='bbox 2428 5658 2513 5717; x_wconf 67' lang='lat' dir='ltr'>ex</span> <span class='ocrx_word' id='word_1_774' title='bbox 2543 5661 2791 5733; x_wconf 79' lang='lat' dir='ltr'>Scylitza</span> <span class='ocrx_word' id='word_1_775' title='bbox 2828 5658 3147 5717; x_wconf 81' lang='lat' dir='ltr'>Cedrenus.</span> 
     </span>
    </p>
   </div>
  </div>
