4118 6432
390 419 510 479 879

1768 407 2050 470 LEONIS
2093 404 2412 467 DIACONI

3699 399 3823 463 880

390 551 765 607 Theodorum
796 547 998 614 fuisse,
1034 563 1213 618 quem
1245 545 1306 599 in
1338 543 1562 616 prwliis
1584 543 1910 615 imperator
1932 540 2037 596 sibi

2162 536 2349 613 μάχην
2383 532 2699 610 ἒωρακέναι*
2753 533 2932 591 καίτοι
2993 534 3266 611 βασιλέως
3319 531 3479 588 αύτὸν
3534 531 3823 607 ἀναψηλα-

388 639 795 709 exercituique
828 637 1057 691 socium
1090 640 1147 690 et
1183 634 1521 706 adjutorem
1547 633 1870 705 deposcere
1895 631 2049 686 sole-

394 731 512 786 bat.
545 728 729 785 Aiunt
758 727 935 782 etiam
976 723 1306 781 illiusmodi
1355 722 1585 794 aliquid
1637 721 1927 777 accidisse
1976 720 2051 775 ad

388 833 728 890 vesperam,
752 815 945 888 pridie
963 830 1143 886 quam
1160 829 1360 886 pugna
1380 811 1872 868 committeretur.
1898 811 2050 865 Con-

389 907 783 979 stantinopoli
809 906 968 978 virgo
1000 903 1233 959 numini
1267 902 1463 958 dicata
1493 903 1554 956 in
1577 917 1785 957 somno
1835 900 2049 971 Deipa-

391 1017 521 1056 ram
551 998 750 1053 videre
784 995 899 1051 sibi
955 993 1078 1048 visa
1126 998 1236 1060 est,
1287 991 1517 1063 aliquot
1568 990 1707 1044 viris
1756 988 2051 1044 ﬂammeis

396 1090 696 1160 stipatam.
724 1087 825 1141 His
839 1100 970 1140 eam
984 1082 1204 1138 dixisse
1223 1098 1234 1135 :
1268 1102 1296 1131 ‹‹
1316 1082 1527 1136 Vocate
1544 1096 1679 1153 ergo
1696 1079 1842 1135 mihi
1863 1079 2053 1133 Theo-

394 1178 606 1233 dorum
638 1178 961 1245 martyrem
991 1187 1003 1225 :
1039 1192 1068 1220 »
1102 1169 1423 1240 statimque
1454 1168 1544 1222 illi
1567 1167 1891 1223 adductum
1923 1182 2052 1222 esse

385 1268 671 1340 juvenem
700 1264 915 1320 fortem
950 1267 1008 1316 et
1035 1264 1353 1316 armatum.
1387 1258 1533 1314 Huic
1563 1258 1782 1313 dixisse
1836 1256 2049 1328 Deipa-

385 1373 517 1415 ram
541 1373 560 1411 :
600 1377 628 1407 ‹‹
660 1356 919 1411 Joannes
953 1357 1093 1406 tuus
1151 1348 1307 1421 apud
1359 1347 1758 1421 Dorystolum,
1809 1348 2050 1403 domine

390 1444 720 1512 Theodore,
739 1441 971 1514 Scythis
993 1454 1288 1512 pugnans,
1314 1438 1441 1509 jam
1469 1438 1703 1510 gravius
1733 1437 2046 1510 premitur.

386 1537 578 1601 Quare
608 1532 752 1589 vade
785 1531 925 1598 cito,
976 1535 1041 1583 ut
1074 1528 1125 1583 ei
1160 1526 1448 1582 auxilium
1496 1525 1673 1582 feras.
1735 1527 1857 1582 Nisi
1910 1531 2047 1582 ante

385 1639 642 1695 occupas
660 1622 722 1677 in
744 1619 1079 1693 periculum
1106 1616 1194 1671 illi
1215 1631 1311 1671 res
1339 1620 1618 1671 vertetur.
1642 1637 1671 1666 »
1706 1615 1883 1671 Illum
1906 1633 2047 1672 con-

384 1719 479 1768 tra
508 1735 535 1762 ‹‹
571 1729 633 1767 se
664 1715 941 1783 paratum
974 1722 1106 1761 esse
1139 1728 1166 1755 »
1199 1705 1442 1773 dixisse,
1476 1727 1502 1755 ‹‹
1538 1709 1605 1759 ut
1643 1705 1810 1759 Matri
1845 1706 1945 1760 Dei
1980 1722 2049 1761 ac

387 1800 621 1858 Domini
655 1799 746 1855 sui
776 1797 1140 1868 obsequatur
1168 1811 1181 1849 :
1217 1816 1241 1845 ι
1279 1793 1497 1866 quibus
1528 1793 1704 1849 dictis
1762 1795 2044 1850 continuo

2164 631 2400 703 φῶντος,
2435 625 2510 687 ὡς
2545 622 2774 699 δωρεαῖς
2835 622 3064 696 ἐπαξίως
3113 620 3607 701 φιλοφρονήσαιτο,
3653 622 3745 676 καὶ
3777 622 3825 657 ⁸⁸

2162 711 2423 790 ἀμοιϐαῖς
2484 714 2632 770 ἕκατι
2689 720 2797 769 τῶν
2857 713 3039 768 πόνων
3098 712 3414 787 ἀμείψαιτο.
3495 711 3654 769 Ἀλλ’
3712 711 3822 788 οὐχ

2166 804 2359 879 εύρέθη
2398 804 2756 877 ζητούμενος.
2807 805 3084 861 Ἐντεῦθεν
3132 802 3537 877 ἀναμφίλεκτος
3594 802 3825 857 ὑπόνοια

2168 893 2488 969 ὑποτρέχει,
2545 894 2638 947 τὸν
2698 893 2865 967 μέγαν
2913 891 2965 947 ἐν
3029 893 3262 967 μάρτυσι
3319 888 3601 966 Θεόδωρον
3662 892 3821 965 εἶναι,

2164 985 2223 1038 ὅν
2256 984 2404 1059 παρὰ
2434 981 2562 1044 τοὺς
2590 979 2805 1058 ἀγῶνας
2839 984 2866 1037 ὁ
2911 979 3166 1058 βασιλεὺς
3216 980 3512 1056 σύμμαχον
3563 979 3821 1051 ἐξελιπά-

2164 1094 2244 1150 ρει
2303 1072 2688 1149 παρίστασθαι,
2749 1070 2968 1147 ῥύεσθαί
3032 1091 3091 1125 τε
3174 1069 3262 1125 καὶ
3339 1069 3532 1138 σώζειν
3610 1068 3822 1143 σύναμα

2162 1173 2322 1229 παντὶ
2377 1178 2457 1246 τῷ
2516 1172 2901 1248 στρατεύματι.
2963 1171 3102 1227 Φασὶ
3167 1168 3224 1226 δὲ
3274 1171 3363 1226 καὶ
3444 1170 3694 1226 τοιοῦτόν
3764 1192 3817 1227 τι

2163 1258 2441 1336 συμϐῆναι
2500 1263 2649 1339 παρὰ
2707 1263 2807 1331 τήν
2856 1261 2963 1335 πρὸ
3020 1263 3120 1328 τῆς
3179 1261 3365 1336 μάχης
3424 1260 3669 1335 ἑσπέραν·
3732 1262 3818 1317 Ἐν

2162 1352 2436 1427 Βυξαντίῳ
2494 1354 2758 1427 παρθένος
2815 1356 2921 1407 τῶν
3002 1349 3424 1424 ἀνατεθειμένων
3511 1354 3626 1423 Θεῷ
3701 1351 3822 1405 καθ’

2155 1438 2299 1515 ῦπαρ
2332 1442 2459 1515 ὁρᾷν
2489 1438 2663 1496 ἐδόκει
2692 1442 2794 1509 τὴν
2850 1440 3138 1510 Θεοτόκον,
3191 1438 3295 1494 ὑπό
3336 1458 3500 1494 τινων
3558 1436 3820 1516 φλογοει-

2159 1528 2268 1585 δῶν
2301 1528 2786 1607 δορυφορουμένην
2822 1526 3057 1605 ἀνδρῶν.
3093 1527 3267 1583 Φάναι
3300 1526 3359 1583 δὶ
3406 1528 3541 1602 πρὸς
3594 1527 3813 1591 αὐτούς’

2160 1643 2187 1672 ι(
2223 1617 2496 1674 Καλέσατε
2528 1616 2594 1689 δή
2642 1639 2735 1692 μοι
2793 1618 2885 1673 τὸν
2949 1618 3194 1694 μάρτυρα
3250 1614 3554 1691 Θεόδωρον.
3592 1641 3615 1669 ι
3675 1637 3820 1692 παρ-

2160 1707 2349 1779 αυτίκα
2383 1705 2441 1762 δὶ
2479 1714 2834 1783 παραχθῆναι
2895 1713 3136 1781 γενναῖον
3194 1703 3363 1782 ἂνδρα
3410 1705 3499 1760 καὶ
3548 1707 3818 1777 νεανικὸν,

2161 1796 2415 1854 ἔνοπλον.
2449 1796 2639 1854 Εἷπεῖν
2665 1817 2724 1851 τε
2780 1796 2918 1873 πρὸς
2968 1796 3131 1851 αὐτὸν
3188 1796 3289 1864 τήν
3351 1796 3633 1851 Θεοτόκον·
3695 1797 3817 1853 «Ὀ

386 1890 751 1946 excessisse:
784 1884 964 1941 simul
993 1900 1272 1940 somnum
1305 1899 1375 1938 ex
1403 1882 1652 1955 virginis
1682 1883 1874 1938 oculis
1906 1900 2037 1939 evo-

2160 1888 2251 1949 σὸς
2280 1889 2426 1961 παρά
2480 1887 2542 1941 τὸ
2604 1883 2945 1959 Δορύστολον
3003 1882 3276 1954 Ἰωάννης,
3334 1883 3490 1958 κύριε
3546 1881 3818 1957 Θεόδωρε.

386 1979 564 2034 lasse.
598 1981 791 2049 Atque
823 1975 984 2030 hunc
1014 1972 1257 2045 quidem
1309 1971 1491 2027 ﬂnem
1546 1971 1755 2027 habuit
1800 1972 2045 2045 virginis

386 2083 774 2124 insomnium.

2155 1975 2391 2039 Σκύθαις
2424 1974 2762 2052 μαχόμενος,
2796 1972 2918 2049 ἄρτι
2948 1978 3349 2048 περιστατεῖται
3383 1970 3592 2037 δεινῶς.
3648 1971 3814 2031 Ἀλλ’

3420 2061 3483 2117 Εἴ
3559 2062 3660 2137 γὰρ
3730 2063 3809 2135 μὴ

2155 2064 2232 2128 εἷς
2287 2065 2386 2134 τὴν
2445 2064 2651 2119 ἐκείνου
2737 2063 2966 2118 σπεῦσον
3053 2063 3330 2138 βοήθειαν.

382 2154 727 2234 προφθάσῃς,
787 2152 840 2214 ές
896 2148 1145 2206 κίνδυνον
1201 2148 1349 2221 αὐτῷ
1403 2148 1721 2220 τελευτήσει
1798 2151 1866 2205 τά
1937 2151 2253 2227 πράγματα.
2313 2177 2342 2206 ››
2399 2152 2501 2209 Τόν
2555 2151 2614 2208 δὶ
2694 2154 2848 2215 αὖθις
2939 2151 3176 2226 ετοίμως
3254 2148 3403 2226 ἔχειν
3468 2150 3663 2221 εἰπεῖν,
3736 2155 3810 2226 τῇ

386 2243 576 2319 Μητρὶ
604 2247 702 2299 τοῦ
728 2245 862 2297 Θεοῦ
893 2241 983 2295 καὶ
1018 2239 1290 2294 Δεσπότου
1344 2259 1448 2311 μου
1508 2243 1850 2314 πειθαρχεῖνο
1902 2240 2141 2313 φάμενος
2173 2245 2217 2280 ¹⁹
2264 2239 2322 2296 δὲ
2370 2240 2533 2297 τοῦτο
2584 2240 2741 2306 εὐθὺς
2795 2241 3066 2316 οἳχεσθαι,
3134 2241 3225 2295 καὶ
3286 2239 3429 2295 οὕτω
3478 2241 3573 2296 τὸν
3629 2241 3796 2296 ὕπνον

384 2337 693 2403 ἆποπτῆναι
720 2338 823 2401 τῆς
853 2330 1117 2405 παρθένου
1145 2332 1253 2382 τῶν
1287 2326 1609 2405 ὀφθαλμῶν.
1641 2326 1817 2383 Ἀλλὰ
1844 2332 1913 2403 τῇ
1949 2330 2042 2403 μὶν
2070 2332 2322 2405 παρθένῳ
2350 2331 2413 2386 τὸ
2444 2330 2593 2405 ὕπαρ
2617 2331 2670 2396 ές
2695 2335 2858 2386 τοῦτο
2888 2329 3318 2406 συνεπεραίνετο.

460 2422 802 2481 10.Bomani
846 2437 1003 2484 vero,
1040 2419 1236 2474 divum
1269 2419 1726 2491 antesignanum
1759 2418 2035 2487 insecuti,

382 2529 599 2570 manus
628 2527 764 2567 cum
795 2507 1152 2565 adversariis
1182 2508 1335 2564 155
1371 2511 1714 2562 conserunt.
1760 2508 1852 2563 Fit
1881 2525 2039 2580 prea-

383 2606 532 2661 lium
562 2603 683 2659 acri
715 2599 1062 2658 certamine.
1094 2598 1357 2654 Tandem
1390 2599 1641 2669 Scytha,
1674 2615 1809 2654 cum
1841 2616 2038 2670 neque

384 2711 492 2767 per
513 2710 575 2749 se
595 2692 711 2747 vim
739 2697 1067 2745 turmarum
1093 2694 1432 2743 nostrarum
1463 2688 1758 2743 sustinere
1772 2693 2034 2759 possent,

388 2789 447 2838 et
476 2799 511 2839 a
541 2780 731 2838 Barda
762 2778 1068 2851 magistro,
1102 2777 1196 2832 cui
1227 2777 1409 2832 Scleri
1433 2792 1786 2849 cognomen,
1808 2793 1844 2832 a
1875 2782 2037 2850 tergo

386 2873 814 2930 invaderentur
844 2872 914 2943 (is
946 2871 1108 2927 enim
1140 2884 1276 2924 cum
1307 2868 1430 2923 suis
1446 2869 1634 2939 copiis
1657 2884 1759 2923 eos
1780 2868 2036 2924 circumv

384 2962 667 3032 venerat),
698 2960 850 3034 fuga;
880 2976 942 3015 se
972 2958 1299 3023 mandant;
1332 2972 1524 3028 usque
1555 2956 1629 3011 ad
1660 2957 1878 3012 maenia
1899 2973 2036 3029 pro-

384 3054 804 3112 teruntur.‘Fit
830 3051 986 3108 foeda
1015 3050 1227 3106 cmdes.
1262 3049 1632 3120 Paulumque
1674 3048 1864 3103 abfuit
1893 3048 2039 3120 quin

383 3147 511 3218 ipse
529 3140 1078 3216 Sphendosthlabus
1101 3143 1434 3211 caperetur,
1467 3139 1783 3210 exsanguis
1815 3143 1873 3193 et
1898 3155 2038 3194 sau-
2070 3181 2114 3248 Ο

382 3238 595 3305 ciatus,
632 3234 749 3291 nisi
780 3251 898 3289 nox
928 3232 1353 3305 superveniens
1384 3247 1521 3287 eum
1570 3236 1881 3286 servasset.
1933 3233 2037 3287 Fe-

381 3332 524 3383 runt
552 3326 667 3381 hoc
698 3324 905 3396 praelia
938 3323 1289 3394 Scytharum
1322 3336 1476 3375 cassa
1500 3336 1630 3375 esse
1661 3320 1853 3375 millia
1880 3339 1952 3375 xv
1982 3326 2041 3376 et

380 3415 739 3489 quingentos
765 3432 780 3482 ;
816 3418 983 3469 scuta
1012 3411 1086 3467 ad
1118 3410 1311 3465 millia
1339 3427 1436 3477 xx,
1462 3408 1691 3482 gladios
1723 3410 2037 3482 quamplu-

376 3505 560 3561 rimos
600 3509 791 3576 capta.
839 3504 1138 3558 Romanos
1178 3498 1524 3554 interfectos
1556 3515 1685 3555 esse
1717 3516 1870 3567 CCCL,
1906 3500 2036 3556 vul-

377 3598 621 3649 neratos
650 3608 772 3648 non
804 3606 1046 3663 paucos.
1080 3587 1386 3659 Ejusmodi
1419 3588 1727 3643 victoriam
1786 3588 2036 3644 Romani

381 3683 493 3737 hoc
523 3681 729 3753 praalio
762 3678 1068 3736 consecuti
1111 3682 1270 3734 sunt.
1328 3675 1882 3748 Sphendosthlabus
1930 3695 2039 3750 per

384 3776 567 3827 totam
600 3776 838 3827 noctem
871 3768 1279 3824 internecione
1301 3767 1607 3837 capiarum
1629 3768 2033 3839 perturbatus,

385 3861 591 3917 dolore
623 3866 682 3915 et
709 3859 1022 3915 iracundia
1050 3857 1427 3913 efferebatur.
1467 3858 1711 3929 Tamen,
1766 3875 1900 3914 cum
1933 3860 2038 3914 ad-

382 3966 589 4006 versus
618 3949 901 4004 invictum
936 3947 1261 4002 exercitum
1295 3944 1449 3999 nihil
1476 3952 1679 4017 posset
1723 3949 2032 4019 proficere,

381 4038 698 4106 intellexit,
731 4037 873 4092 boni
905 4034 1280 4106 imperatoris
1312 4050 1461 4101 esse,
1495 4034 1554 4088 in
1587 4034 1764 4090 rebus
1822 4037 2035 4109 despe-

378 4132 527 4188 ratis
566 4147 688 4185 non
719 4126 1110 4185 succumbere
1141 4125 1295 4180 tristi
1326 4124 1599 4191 fortunas,
1626 4125 1729 4181 sed
1758 4125 1818 4181 id
1840 4144 2031 4200 agere,

376 4225 445 4276 ut
471 4220 696 4276 milites
727 4234 866 4275 suos
898 4232 1134 4288 quoque
1163 4213 1339 4271 modo
1398 4213 1590 4270 salvos
1636 4221 1896 4286 prwstet.
1950 4220 2034 4272 Ita

376 4311 485 4367 sub
511 4326 689 4366 mane
720 4307 929 4381 legatis
962 4305 1036 4362 ad
1065 4306 1356 4361 Joannem
1387 4304 1811 4376 imperatorem
1830 4306 2033 4362 missis

373 4403 446 4458 de
478 4399 596 4458 ﬁde
628 4400 827 4456 danda
857 4403 917 4454 et
946 4396 1378 4469 compositione
1419 4396 1556 4468 egit,
1591 4394 2033 4455 conditionibus

372 4492 490 4559 his,
523 4496 591 4545 ut
619 4488 1035 4560 Tauroscythae
1068 4485 1447 4557 Dorystolum
1481 4485 1788 4541 traderent
1816 4489 2028 4543 Roma-

2224 2422 2272 2476 ι’.
2326 2421 2595 2493 Ῥωμαῖοι
2655 2418 2734 2490 δὲ,
2791 2425 2871 2493 τῷ
2929 2420 3393 2495 προπορευομένῳ
3460 2417 3591 2492 θείῳ
3647 2416 3802 2495 ἀνδρὶ

2148 2508 2501 2587 ἐφεπόμενοι,
2532 2514 2652 2573 τοῖς
2681 2508 2946 2572 ἐναντίοις
2999 2505 3430 2581 συμπλέκονται,
3468 2508 3559 2562 καὶ
3611 2528 3807 2584 καρτε-

2150 2618 2245 2674 ρας
2278 2599 2468 2673 μάγης
2518 2600 2810 2669 συστάσης,
2871 2598 2972 2653 οὐκ
3027 2597 3334 2672 ἐνεγκόντες
3388 2598 3489 2665 τὴν
3547 2603 3647 2666 τῆς
3701 2598 3804 2651 ἱπ-

2106 2696 2118 2705 ’
2148 2694 2313 2757 πικῆς
2345 2687 2622 2766 φάλαγγος
2670 2689 2723 2744 οἱ
2783 2689 2986 2743 Σκύθαι
3047 2688 3252 2765 ῥοπὴν,
3317 2686 3687 2750 κυκλωθέντες
3739 2687 3803 2743 τὸ

2146 2778 2283 2851 πρὸς
2317 2781 2412 2832 τοῦ
2448 2778 2750 2853 μαγίστρου
2808 2775 3007 2853 Βάρδα,
3060 2778 3105 2850 ᾧ
3161 2776 3414 2852 Σκληρὸς
3446 2779 3481 2847 ὴ
3514 2775 3803 2845 ἐπίκλησις

2147 2863 2372 2939 (ἐκεῖνος
2399 2870 2503 2941 γάρ
2539 2868 2673 2939 μετὰ
2698 2865 2796 2921 τοῦ
2850 2867 2937 2940 [Ρ.
2988 2868 3080 2940 96]
3139 2866 3507 2939 συνεπομένου
3553 2865 3802 2936 πλήθους

2147 2954 2245 3022 τήν
2302 2953 2581 3010 κύκλωσιν
2636 2954 2980 3029 ἐποιήσατο),
3041 2955 3117 3017 είς
3176 2956 3352 3032 φυγὴν
3409 2953 3649 3023 ἔκλιναν,
3707 2956 3797 3010 καὶ

2153 3045 2321 3120 μέχρι
2368 3048 2465 3099 τοῦ
2523 3040 2825 3120 περιϐόλου
2887 3044 3356 3119 συμπατούμενοι,
3414 3043 3625 3109 ἀκλεῶς
3681 3042 3804 3099 ἔπι-

2148 3153 2303 3190 πτον.
2338 3135 2554 3209 Μικροῦ
2586 3131 2643 3188 δὲ
2671 3133 2760 3189 καὶ
2792 3134 2955 3196 αὐτὸς
2989 3135 3016 3189 ὁ
3050 3129 3502 3211 Σφενδοσθλάϐος
3558 3132 3800 3211 ἐλήφθη,

2144 3218 2366 3295 ἔξαιμος
2422 3222 2661 3299 γεγονὼς
2722 3222 2813 3278 καί
2869 3218 3180 3293 καταϐελὴς
3225 3226 3360 3297 (26),
3411 3223 3457 3278 εἰ
3515 3229 3591 3297 μή
3640 3227 3676 3293 ἡ
3709 3223 3801 3295 νὺξ

2146 3316 2450 3382 ἐπελθοῦσα
2500 3322 2691 3373 τοῦτον
2732 3316 3002 3375 διέσωσεν.
3057 3319 3286 3393 Λέγεται
3318 3315 3375 3372 δὲ
3404 3320 3552 3394 παρὰ
3596 3318 3801 3388 ταύτην

2144 3406 2242 3475 τήν
2281 3408 2468 3480 μάχην
2511 3405 2671 3461 πέντε
2726 3408 2819 3462 καὶ
2883 3404 3012 3462 δέκα
3068 3404 3337 3482 χιλιάδας
3390 3409 3437 3445 ²⁰
3482 3410 3622 3480 πρός
3678 3413 3799 3469 τοῖς

2144 3494 2525 3558 πεντακοσίοις
2613 3497 2962 3572 ἀναιρεθῆναι
3047 3501 3293 3568 Σκυθῶν,
3380 3495 3659 3574 ληφθῆναι
3740 3494 3801 3553 δὲ

2145 3583 2444 3661 δισμυρίαν
2502 3583 2726 3657 ἀσπίδα,
2784 3588 2875 3641 καὶ
2936 3586 3059 3665 ξίφη
3117 3584 3448 3661 πάμπολλα.
3506 3588 3796 3661 Ῥωμαίων

2145 3673 2202 3730 δὲ
2230 3676 2574 3749 τριακοσίους
2626 3677 3028 3747 ἀποκτανθῆναι
3080 3679 3218 3751 πρὸς
3259 3679 3377 3739 τοῖς
3435 3679 3797 3750 πεντήκοντα,

2140 3770 2418 3842 τρωθῆναι
2484 3765 2542 3823 δὲ
2597 3773 2857 3844 συχνούς.
2918 3766 3094 3825 Ἀλλὰ
3149 3767 3409 3839 τοιαύτην
3437 3770 3480 3805 ²¹
3513 3770 3607 3842 μὶν
3661 3771 3798 3827 Ῥω-

2148 3861 2306 3928 μαῖοι
2338 3857 2439 3925 τὴν
2461 3857 2619 3926 νίκην
2652 3856 2800 3932 παρά
2826 3857 2918 3912 τὸν
2976 3856 3160 3933 ἀγῶνα
3207 3857 3505 3933 ἠνέγκαντο
3551 3858 3798 3917 τουτονί.

2140 3946 2201 4002 Ὁ
2233 3942 2293 4000 δὶ
2325 3941 2802 4016 Σφενδοσθλάϐος,
2836 3947 2963 4022 παρ’
3014 3945 3152 4016 ὅλην
3201 3947 3299 4016 τὴν
3349 3946 3513 4002 νύκτα
3564 3949 3799 4022 βαρυθυο

2146 4040 2260 4108 μῶν
2296 4033 2381 4090 ἐπὶ
2411 4038 2480 4109 τῇ
2511 4039 2794 4109 κατακοπῇ
2821 4039 2923 4101 τῆς
2974 4036 3168 4090 ἑαυτοῦ
3213 4040 3487 4111 στρατιᾶς,
3535 4035 3797 4113 ἤσχαλλε

2142 4125 2239 4197 μὲν
2271 4122 2363 4179 καί
2402 4121 2662 4203 ἐσφάδαζε
2717 4130 2798 4197 τῷ
2849 4129 3027 4198 θυμῷ.
3067 4126 3160 4195 Μὴ
3205 4124 3473 4201 έξισχύων
3531 4124 3579 4180 δ’
3635 4125 3713 4182 ἔτι
3745 4130 3797 4167 ²²

2139 4212 2280 4286 πρὸς
2338 4213 2779 4288 ἀκαταγώνιστον
2862 4214 3104 4269 ἀνύττειν
3187 4214 3570 4287 πανστρατιὼι,
3628 4211 3793 4291 ἔγνω,

2140 4308 2444 4379 στρατηγοῦ
2472 4307 2597 4359 νοῦν
2641 4298 2869 4379 ἔχοντος
2926 4297 3084 4380 ἔργον
3140 4306 3296 4372 εἶναι,
3355 4304 3408 4361 ἐν
3474 4304 3795 4382 ἀμηχάνοις

2138 4392 2552 4470 καταληφθέντα
2601 4391 2819 4464 δεινοῖς,
2883 4395 2958 4467 μή
3019 4394 3374 4449 καταπίπτειν
3432 4401 3551 4458 τοῖς
3609 4394 3795 4467 λυπη-

2141 4493 2282 4563 ροῖς,
2314 4490 2473 4545 παντῖ
2507 4487 2565 4546 δὲ
2601 4490 2790 4565 τρόπῳ
2847 4489 3131 4560 διασώζειν
3191 4493 3475 4566 πειρᾶσθαι
3518 4492 3645 4557 τοὺς
3708 4495 3799 4549 ὑπ’

371 4579 489 4643 nis,
518 4579 779 4649 captivos
800 4575 1352 4642 redderent,Mmsia
1371 4573 1760 4643 abstinerent,
1785 4574 2030 4632 domum

2148 4577 2326 4633 αὐτόν.
2391 4579 2487 4633 Καὶ
2548 4576 2685 4649 δῆτα
2742 4580 2888 4652 παρὰ
2944 4579 3044 4647 τήν
3100 4575 3174 4633 έω
3258 4574 3511 4654 πρέσϐεις
3566 4581 3641 4644 ὠς
3697 4582 3791 4635 τὸν

370 4671 809 4722 reverterentur
836 4683 849 4720 :
883 4663 1132 4721 Romani
1165 4668 1374 4718 contra
1403 4661 1523 4718 illis
1546 4666 1900 4735 potestatem
1931 4664 2026 4720 fa-

370 4758 578 4811 cerent
609 4752 976 4826 enavigandi,
1013 4767 1207 4823 neque
1239 4768 1341 4806 eos
1372 4751 1434 4805 in
1468 4751 1683 4806 itinere
1715 4753 2026 4810 150cum

370 4843 618 4900 navibus
676 4842 947 4916 igniferis
1004 4840 1386 4897 adorirentur
1443 4841 1604 4912 (nam
1663 4858 2025 4916 magnopere

368 4934 663 4991 timebant
693 4932 889 5005 ignem
919 4931 1232 4999 Medicum,
1267 4930 1371 5002 qui
1401 4930 1492 4985 vel
1518 4930 1747 5003 lapides
1777 4932 1838 4988 in
1870 4935 2026 4990 cine-

364 5041 493 5081 rem
516 5022 784 5095 redigere
815 5020 970 5093 potis
997 5022 1105 5089 est)
1133 5037 1148 5086 ;
1172 5018 1474 5074 frumento
1493 5019 2027 5092 insuperjuvarent

2139 4666 2512 4744 αὐτοκράτορα
2545 4667 2802 4739 Ἰωάννην
2858 4666 3093 4736 στείλας,
3139 4666 3348 4730 πίστεις
3402 4666 3519 4744 ᾔτει
3580 4666 3791 4743 ξυμϐά-

2137 4778 2297 4828 σεων,
2330 4756 2419 4813 ἐπὶ
2476 4762 2556 4829 τῷ
2614 4760 2746 4831 (2'7),
2804 4757 3190 4832 Ταυροσκύθας
3243 4758 3339 4831 μὲν
3396 4754 3460 4813 τό
3515 4780 3574 4814 τε
3625 4758 3793 4834 Δορύ-

2136 4844 2333 4902 στολον
2367 4845 2674 4922 ἐγχειρίσαι
2703 4847 3028 4920 Ῥωμαίοις,
3067 4846 3158 4902 καὶ
3214 4846 3345 4911 τοὺς
3394 4848 3792 4924 αἰχμαλώτους

2136 4934 2430 5007 ἀπολῦσαι,
2461 4936 2550 4991 καί
2581 4935 2791 4999 Μυσίας
2820 4935 3123 5014 ἀφέξεσθαι,
3168 4937 3258 4992 καὶ
3312 4937 3448 5010 πρὸς
3488 4938 3586 5005 τὴν
3636 4940 3785 5013 σφῶν

2134 5025 2417 5098 ἀναζεῦξαι
2497 5022 2750 5101 πατρίδα·
2836 5025 3143 5099 Ῥωμαίους
3232 5023 3289 5082 δὲ
3388 5031 3791 5102 παραχωρῆσαι

1566 5162 1627 5215 C.
1671 5162 1732 5216 Β.
1775 5164 1964 5221 HASII
2012 5168 2575 5225 ANNOTATIONES.

436 5304 478 5338 ιε
508 5297 986 5374 ἀναψηλαφῶστος
1014 5294 1087 5356 ὡς
1117 5292 1349 5374 δωρεαῖς
1369 5291 1609 5374 έπαιξίως
1642 5292 2066 5374 φιλοφρονῆςαι,
2095 5302 2157 5356 τὸ
2188 5301 2279 5356 καὶ
2333 5304 2463 5359 cod.

358 5376 472 5446 ipsi
505 5362 688 5446 Leoni
713 5362 1120 5428 tribuendum.
1199 5362 1271 5401 ’³ο
1299 5362 1553 5440 χιλιάδες
1581 5362 1713 5424 cod.

359 5443 406 5483 ²²
439 5449 595 5503 Fort.
637 5443 696 5498 δέ
723 5464 802 5501 τι.

429 5598 538 5666 (26)
568 5595 710 5652 Vide
743 5609 1020 5666 supraip.
1050 5594 1104 5646 5.

358 5737 368 5749 .
426 5657 1050 5740 ι’27ἳ1ῗονῐεεεὸἐφνῷ,
1099 5659 1260 5789 Ἦμοὰ
1304 5657 1483 5714 habet
1538 5660 1654 5715 hoc
1713 5679 1893 5721 sensu
1954 5672 2014 5723 et

358 5754 480 5789 mse
513 5739 624 5789 Leo
656 5740 746 5789 3‘7-
778 5738 839 5789 Β.
875 5742 935 5789 et
964 5738 1110 5789 Agat
1157 5749 1243 5787 las
1274 5734 1360 5787 11.
1395 5732 1460 5786 Α.
1516 5733 1605 5786 65.
1662 5733 1725 5787 D.
1785 5738 1904 5789 142.
1939 5740 2005 5789 Α.

354 5737 480 5808 ipse
513 5732 624 5794 Leo
656 5740 746 5795 37.
778 5738 839 5792 Β.
875 5732 935 5791 e't
964 5732 1243 5808 Agathias
1274 5734 1360 5787 11.
1395 5732 1460 5786 Α.
1516 5733 1605 5786 65.
1662 5733 1725 5787 D.
1785 5738 1904 5791 142.
1939 5740 2005 5805 Α.

2567 5304 2612 5339 ιδ
2664 5303 2927 5373 φάμενος.
2979 5305 3127 5359 Nota
3167 5304 3596 5373 anacoluthon,
3649 5306 3785 5361 fort.

1811 5371 1854 5407 ²¹
1882 5370 2037 5426 ταύττ

2148 5376 2263 5431 :od.
2334 5376 2446 5431 Sed
2496 5370 2831 5432 correctum
2882 5381 2974 5431 est
3020 5392 3202 5432 manu
3261 5377 3457 5448 prima
3503 5370 3783 5446 τοιαύτην.

2116 5599 2351 5656 tametsi
2381 5596 2468 5652 ἐπὶ
2503 5600 2584 5668 τῷ
2629 5598 2828 5670 Grace
2888 5613 3058 5670 aeque
3116 5597 3234 5670 dici
3292 5616 3467 5670 posse
3526 5608 3782 5661 constat.

2115 5670 2259 5726 Vide
2291 5672 2481 5745 Viger.
2518 5671 2598 5725 De
2631 5668 2918 5725 idiotism.
2951 5668 3095 5726 edit.
3120 5668 3446 5727 Herm—ann.
3481 5674 3608 5729 M9.
3642 5679 3705 5731 C.
