4118 6422
357 440 476 502 883

1743 441 2020 505 LEONIS
2065 442 2388 507 DlACONI

3659 440 3780 504 884

362 575 540 641 sicus,
574 575 825 627 mortem
866 570 1233 643 elfugerant:
1281 572 1514 645 reliqua
1550 591 1760 631 xxxvni
1807 575 1999 631 millia

2146 582 2227 645 τῆς
2270 576 2541 646 Ῥωσικῆς
2626 581 2881 649 στρατιᾶς
2938 574 3062 632 τότε
3112 575 3204 630 τὸν
3265 570 3490 649 ὄλεθρον
3550 566 3776 647 ἔφυγον

362 663 562 734 cuspis
586 664 847 717 Romana
864 659 1226 715 confoderat.
1250 662 1488 718 Fredere
1512 663 1765 732 ﬁrmalo,
1791 666 2012 737 Sphen-

362 750 709 808 dosthlabus
739 750 802 804 in
852 750 1231 820 imperatoris
1286 751 1655 824 colloquium
1701 760 1767 809 ut
1812 755 2016 809 venire

358 840 568 895 liceret
596 838 933 910 postulavit.
968 839 1095 893 Non
1126 840 1355 911 respuit
1376 841 1427 895 is
1449 842 1854 898 conditionem
1882 860 1895 898 :
1929 860 2015 898 ar-

362 934 598 985 matura
617 929 891 983 inaurata
912 931 1123 997 tectus,
1149 928 1224 982 ad
1252 929 1444 1001 ripam
1477 930 1612 985 Istri
1633 930 2019 1003 adequitavit,

364 1025 662 1076 catervam
693 1019 1197 1075 innumerabilem
1229 1021 1497 1092 equitum
1529 1038 1674 1078 auro
1715 1025 2019 1095 armisque

366 1109 687 1164 nitentium
712 1107 1035 1163 adducens.
1070 1108 1287 1165 Contra
1317 1110 1871 1181 Sphendosthlabus
1892 1129 2024 1185 pro-

369 1203 632 1256 cesserat
674 1197 737 1251 in
793 1196 1066 1252 navicula
1123 1198 1394 1269 Scythica
1440 1199 1665 1256 ﬂumen
1721 1200 2021 1273 devectus,

370 1306 537 1346 remo
570 1304 631 1343 se
663 1287 995 1359 applicans,
1031 1292 1090 1342 et
1119 1287 1245 1358 ipse
1298 1305 1434 1344 cum
1489 1290 1721 1346 caateris
1779 1291 2022 1348 lintrem

374 1381 742 1454 propellens,
775 1384 842 1434 ut
872 1396 1028 1434 unus
1059 1379 1131 1435 de
1162 1380 1387 1436 multis.
1430 1382 1635 1454 Specie
1666 1389 1867 1440 autem
1899 1390 2027 1440 erat

374 1469 762 1543 hujusmodi:
796 1474 1044 1535 statura,
1080 1471 1264 1540 justa,
1298 1487 1491 1542 neque
1522 1479 1739 1544 praeter
1783 1474 2025 1530 modum

374 1561 437 1616 in
467 1561 655 1615 altum
687 1576 985 1631 expressa,
1035 1576 1231 1630 neque
1285 1561 1346 1615 in
1392 1562 1644 1618 nimiam
1673 1562 2027 1620 brevitatem

378 1655 719 1707 contracta:
750 1650 1084 1722 superciliis
1124 1651 1353 1722 spissis,
1388 1652 1577 1707 oculis
1634 1654 1848 1723 caisiis,
1880 1670 2026 1709 naso

382 1741 553 1805 simo,
587 1738 769 1794 barba
798 1756 952 1804 rara,
995 1740 1142 1796 157
1188 1746 1404 1811 praeter
1446 1740 1679 1796 labrum
1729 1742 2027 1814 superius,

383 1828 585 1883 densis
619 1833 678 1883 et
706 1828 766 1883 in
794 1827 1226 1900 longitudinem
1258 1830 1567 1900 promissis
1599 1832 1834 1903 capillis
1876 1832 2029 1887 bene

2122 664 2215 726 τὰς
2272 665 2374 740 γάρ
2424 666 2716 742 τριάκοντα
2772 664 2862 745 καὶ
2917 665 3061 720 ὀκτὼ
3118 660 3378 740 χιλιάδας
3420 663 3777 737 ἡῬωμαῖκὴ

2124 753 2309 828 αἰχμὴ
2343 754 2723 826 κατηκόντισε.
2775 753 2923 809 Μετᾶ
2953 751 3011 809 δὲ
3038 754 3101 809 τὸ
3129 748 3405 827 προϐῆναι
3461 752 3559 816 τὰς
3612 772 3781 807 σπον-

2126 838 2243 913 δὰς,
2275 842 2354 906 εἴς
2387 843 2612 918 ὁμιλίαν
2646 844 2694 880 ²⁴
2731 845 2760 899 ὁ
2793 838 3205 922 Σφενδοσθάϐος
3258 846 3339 915 τῷ
3390 843 3603 917 βασικεῖ
3661 862 3778 896 συν-

2126 931 2299 989 ελθεῖν
2333 932 2551 1005 ἐξαιτεῖ.
2582 935 2645 993 Ὀ
2678 931 2755 1004 δὲ,
2808 931 2979 1007 μηδὲν
3039 932 3256 1006 ἀναδὺς,
3319 929 3605 1007 διαχρύσῳ
3636 952 3779 986 παν-

2126 1020 2300 1096 οπλίᾳ
2328 1023 2743 1094 καθοπλισθεὶς,
2794 1020 3033 1100 ἔφιππος
3090 1022 3238 1099 παρᾶ
3291 1023 3390 1091 τὴν
3446 1017 3623 1098 ὄχθην
3685 1025 3782 1076 τοῦ

2125 1115 2343 1190 Ἴστρου
2373 1114 2617 1190 ἀφίκετο,
2670 1111 2993 1190 μυρίανδρον
3023 1114 3070 1150 ³⁵
3100 1112 3229 1184 ἴλην
3285 1110 3782 1188 χρυσοφορούντων

2128 1200 2376 1258 ἐνόπλων
2434 1202 2644 1259 ἱππέων
2704 1205 2819 1279 [Ρ.
2881 1205 2998 1277 97]
3057 1202 3496 1277 συνεπαγόμενος
3529 1243 3543 1259 .
3605 1201 3708 1258 Καὶ
3755 1202 3784 1256 ὁ

2130 1288 2587 1371 Σφενδοσθλάϐος
2631 1290 2688 1348 δὶ
2719 1294 2847 1362 ἧκεν
2907 1291 2998 1347 ἐπὶ
3048 1312 3197 1354 τινος
3245 1293 3513 1347 Σκυθικοῦ
3560 1290 3785 1346 ἀκατίου

2128 1381 2461 1458 παραπλέων
2511 1384 2604 1439 τὸν
2662 1383 2931 1459 ποταμὸν,
2986 1384 3084 1454 τῆς
3138 1380 3331 1452 κώπης
3381 1382 3637 1456 ἡμμένος
3693 1380 3784 1436 καὶ

2131 1473 2222 1527 σὺν
2249 1476 2369 1537 τοῖς
2402 1472 2610 1548 ἑτέροις
2643 1475 2688 1510 ³⁸
2718 1472 2969 1548 ἐρέττων,
3006 1473 3080 1534 ὡς
3113 1470 3189 1533 ε’ίς
3238 1475 3346 1527 τῶν
3409 1471 3642 1526 λοιπῶν.
3673 1472 3788 1540 Τήν

2134 1560 2192 1617 δὲ
2225 1559 2369 1617 ἰδέαν
2400 1559 2619 1617 τοιόσδε
2645 1583 2730 1627 τις
2765 1562 2855 1632 ἧν·
2916 1562 3016 1631 τὴν
3065 1560 3288 1631 ἡλικίαν
3352 1560 3787 1636 μεμετρημένος,

2134 1649 2259 1706 οὔτε
2292 1650 2369 1713 εἷς
2402 1649 2538 1725 ὕψος
2592 1651 2740 1726 παρὰ
2787 1654 2885 1706 τοῦ
2944 1651 3153 1712 εἷκότος
3212 1650 3478 1726 ᾑρμένος,
3537 1648 3660 1704 οὕτε
3713 1648 3793 1713 εἷς

2138 1739 2460 1817 βραχύτητα
2490 1736 2949 1812 συστελλόμενοςο
2986 1735 3166 1801 δασεῖς
3187 1738 3282 1799 τὰς
3341 1735 3566 1814 όφροῦς,
3617 1734 3791 1811 γλαυ-

2135 1829 2264 1895 κοὺς
2292 1827 2434 1908 ἔχων
2465 1829 2598 1894 τοὺς
2628 1827 2965 1908 ὀφθαλμοὺς,
3014 1830 3113 1898 τήν
3167 1827 3288 1904 ῥῖνα
3345 1826 3529 1901 σιμὸς,
3580 1824 3790 1900 ἐψιλω-

382 1917 662 1989 pilosum.
691 1918 891 1988 Capite
922 1918 1066 1973 item
1095 1924 1221 1973 erat
1268 1919 1593 1976 admodum
1636 1920 1878 1993 glaber;
1910 1921 2027 1977 nisi

2146 1917 2297 1994 μένος
2326 1921 2418 1976 τὸν
2464 1921 2731 1996 πώγωνα,
2788 1923 2871 1992 τῷ
2927 1916 3129 1983 ἄνωθεν
3189 1916 3370 1993 χείλει
3430 1914 3670 1978 δασείαις
3699 1918 3791 1971 καὶ

382 2007 540 2077 quod
562 2007 636 2061 ad
657 2012 977 2077 utrumque
994 2006 1150 2063 latus
1180 2008 1496 2064 cincinnus
1512 2009 1908 2081 dependebat,
1932 2028 2033 2066 no-

376 2095 671 2151 bilitatem
702 2096 934 2167 generis
957 2095 1269 2153 declarans
1294 2114 1306 2152 :
1327 2098 1653 2154 cervicibus
1686 2100 1895 2168 ﬁrmis,
1927 2117 2030 2173 pe-

2143 2012 2219 2075 εἷς
2254 2019 2431 2086 μῆκσς
2484 2010 2832 2085 καθειμέναις
2888 2008 3027 2084 θριξὶ
3079 2013 3267 2082 κομῶν
3329 2011 3621 2082 περιττῶς.
3676 2009 3787 2077 Τήν

2142 2099 2199 2157 δὲ
2237 2102 2483 2178 κεφαλὴν
2512 2100 2651 2155 πάνυ
2701 2099 2964 2175 ἐψίλωτο“
3022 2098 3170 2175 παρὰ
3226 2095 3284 2153 δὲ
3339 2099 3564 2173 θάτερον
3625 2097 3792 2172 μέρος

380 2191 542 2242 ctore
575 2185 716 2252 lato,
745 2186 976 2241 caeteris
1003 2203 1240 2258 quoque
1274 2187 1561 2243 membris
1610 2189 1856 2260 aequalis
1889 2206 2032 2246 sane

382 2281 441 2330 et
457 2291 826 2347 congruens;
858 2276 1162 2331 tristitiam
1194 2277 1592 2333 nihilominus
1616 2279 2034 2351 l‘eritatemque

2142 2191 2309 2263 αὐτῆς
2347 2190 2656 2266 βόστρυχος
2703 2189 3029 2264 ἀπῃώρητο,
3058 2189 3159 2258 τήν
3191 2191 3288 2242 τοῦ
3345 2188 3535 2265 γένους
3590 2185 3795 2263 ἐμφαί-

2140 2302 2244 2335 νων
2303 2280 2589 2356 εύγένειαν·
2652 2278 2895 2353 εὐπαγὴς
2967 2278 3059 2333 τὸν
3145 2278 3399 2353 αὐχένα,
3456 2276 3525 2331 τὰ
3604 2278 3797 2351 στέρνα

382 2366 647 2437 aliquam
686 2382 787 2421 ore
850 2367 1335 2436 reprmsentabat.
1399 2369 1481 2421 Ex
1537 2369 1727 2424 altera
1767 2370 2032 2425 auricula

2146 2367 2320 2443 εὐρὺς,
2350 2369 2443 2422 καί
2472 2369 2573 2437 τὴν
2608 2364 2789 2437 ἄλλην
2849 2364 3144 2421 διάπλασιν
3191 2367 3247 2421 εὖ
3311 2364 3459 2438 μάλα
3519 2363 3798 2439 διηρθρω-

383 2470 565 2510 aurea
595 2454 977 2526 dependebat
1021 2455 1075 2510 ei
1106 2456 1354 2524 inauris,
1410 2457 1644 2513 duabus
1700 2459 2032 2532 margaritis

2148 2459 2331 2533 μένος.
2385 2459 2706 2532 σκυθρωπὸς
2763 2455 2821 2512 δέ
2878 2478 2962 2520 τις
3016 2455 3109 2510 καὶ
3163 2454 3448 2530 θηριώδης
3498 2452 3798 2511 ἐδείκνυτο.

383 2551 614 2614 ornata,
698 2545 1059 2602 carbunculo
1126 2548 1482 2603 intermedio
1535 2548 1656 2605 illis
1700 2551 2032 2623 interjecto.

2146 2549 2363 2625 Θατέρῳ
2395 2545 2453 2603 δὲ
2478 2552 2589 2602 τῶν
2622 2542 2776 2602 ὤτων
2825 2545 3082 2622 χρύσειον
3141 2544 3340 2618 ἐξῆπτο
3400 2543 3645 2612 ἐνώτιον,
3678 2542 3800 2599 δυσὶ

382 2636 556 2691 Veste
590 2640 718 2691 erat
746 2635 1020 2706 candida,
1053 2636 1221 2691 nulla
1253 2636 1371 2692 alia
1401 2654 1465 2691 re
1511 2639 1627 2693 nisi
1679 2640 1974 2695 munditia
2003 2656 2032 2695 a

2148 2637 2451 2713 μαργάροις
2499 2635 2915 2711 κεκοσμημένον
2952 2680 2966 2706 ,
3026 2632 3292 2712 ἄνθρακος
3375 2633 3534 2699 λίθου
3618 2633 3801 2697 αὐτοῖς

382 2726 614 2783 caateris
644 2725 980 2782 diﬂ‘erente.
1014 2726 1107 2781 Sic
1137 2742 1327 2798 pauca
1345 2727 1417 2783 de
1449 2744 1613 2799 pace,
1642 2733 1899 2785 transtro
1929 2747 2032 2786 na-

2149 2726 2531 2802 μεσιτεύοντος
2566 2771 2580 2785 .
2643 2728 2838 2796 Ἐσθης
2893 2724 3075 2798 τούτῳ
3122 2722 3317 2795 λευκή,
3376 2721 3528 2780 οὐδέν
3584 2745 3639 2780 τι
3693 2728 3802 2779 τῶν

382 2815 589 2870 νὶοιιιω
624 2814 922 2884 insidens,
980 2832 1116 2870 cum
1166 2817 1522 2888 imperatore
1577 2817 1928 2886 collocutus,
1962 2819 2032 2875 ad

2146 2818 2340 2893 ἑτέρων
2369 2820 2415 2855 ³⁷
2449 2816 2871 2874 ὑπαλλάττουσα
2926 2815 2963 2885 ἢ
3019 2815 3354 2890 καθαρότητι
3412 2816 3546 2888 (29).
3604 2813 3799 2888 Ὀλίγα

388 2922 526 2961 suos
585 2922 647 2961 se
694 2906 940 2978 recepit.
1004 2906 1232 2962 Bellum
1282 2907 1443 2977 quod
1485 2924 1519 2963 a
1561 2909 1842 2966 Romanis
1900 2927 2032 2966 cum

2146 2912 2273 2982 γοῦν
2308 2904 2439 2964 ἅττα
2470 2906 2595 2982 περὶ
2635 2903 2944 2980 διαλλαγῆς
2975 2908 3055 2978 τῷ
3090 2902 3308 2981 βασιλεῖ
3352 2902 3622 2980 ἐντυχὼν,
3651 2905 3799 2979 παρὰ

383 2995 616 3065 Scythis
644 3001 876 3068 gestum
908 3001 1018 3065 est,
1044 2996 1205 3053 hunc
1237 2996 1419 3053 ﬁnem
1450 2998 1674 3055 habuit.

456 3265 544 3320 12.
595 3263 1182 3336 Sphendosthlabus,
1232 3265 1544 3340 Dorystolo
1592 3265 1821 3337 relicto,
1855 3267 2045 3340 capti-

382 3356 587 3426 visque
617 3356 864 3428 insuper
887 3374 956 3412 ex
986 3357 1206 3413 foedere
1228 3357 1509 3428 redditis,
1531 3374 1667 3414 cum
1703 3359 1890 3431 c0piis
1912 3376 2044 3431 quae

386 3453 738 3520 supererant
776 3465 954 3505 naves
1011 3449 1202 3513 solvit,
1258 3449 1446 3521 inque
1490 3451 1745 3522 patriam
1803 3467 2044 3507 cursum

388 3537 609 3593 habere
636 3539 833 3610 coepit.
897 3539 1237 3612 Enaviganti
1292 3540 1618 3596 Patzinacai
1656 3540 1905 3596 insidias
1935 3558 2045 3613 po-

390 3633 836 3700 suerunt,gens
878 3628 1216 3699 pastoralis,
1268 3627 1571 3701 frequens,
1619 3630 2041 3701 pediculivora,

388 3716 755 3789 domiporta,
788 3718 850 3771 in
881 3718 1066 3772 carris
1093 3717 1447 3789 plerumque
1487 3720 1789 3786 victitans,
1819 3720 1888 3775 lli
1908 3736 2045 3775 cum

386 3806 632 3877 Scythas
662 3807 784 3861 fere
802 3822 1008 3861 omnes
1027 3806 1393 3875 occiderunt,
1424 3813 1549 3863 tum
1580 3809 1775 3880 ipsum
1800 3826 2042 3881 quoque

385 3900 815 3966 Oppresserunt
847 3895 1437 3966 Sphendosthlabum
1470 3911 1593 3952 una
1623 3913 1758 3952 cum
1789 3897 2040 3963 cmteris,

382 3989 449 4039 ut
480 4000 550 4039 ex
580 3989 745 4040 tanto
800 3987 1129 4041 Russorum
1181 3985 1446 4041 exercitu
1494 3985 1818 4043 admodum
1870 3987 2043 4058 pauci

384 4071 634 4129 domum
652 4074 984 4130 incolumes
1004 4074 1403 4146 pervenirent.
1427 4077 1683 4132 Joannes
1700 4093 1837 4132 vero
1860 4077 2043 4149 impe-

383 4168 565 4234 rator,
599 4169 856 4236 quatuor
899 4164 1043 4220 solis
1102 4164 1412 4221 mensibus
1462 4165 1660 4222 deleta
1716 4168 2043 4225 Russorum

384 4259 706 4321 armatura,
738 4259 805 4310 ut
834 4271 1013 4327 supra
1044 4254 1520 4311 demonstratum
1554 4261 1665 4322 est,
1722 4257 2041 4329 Moesiaque

384 4347 422 4399 1
438 4345 537 4402 58
556 4350 813 4417 recepta,
835 4344 1215 4417 Dorystolum
1240 4361 1311 4399 ex
1342 4345 1584 4402 nomine
1617 4346 1786 4403 ducis
1810 4351 1868 4402 et
1888 4364 2042 4403 mar-

383 4436 527 4507 tyris
542 4436 832 4494 Theodori
852 4436 1350 4509 Theodoropolim
1369 4438 1764 4510 nuncupavit;
1788 4437 2037 4493 ibidem-

381 4542 496 4596 que
519 4527 685 4599 justo
717 4526 995 4599 praasidio
1024 4526 1257 4596 relicto,
1291 4543 1426 4583 cum
1469 4527 1745 4584 maximis
1794 4529 2034 4601 tropaeis

2142 2997 2233 3053 τὸν
2296 2996 2452 3073 ζύγὸν
2510 3000 2608 3052 τοῦ
2674 2994 2897 3051 ἀκατίου
2945 2994 3272 3072 ἐφεζόμενος
3300 3040 3317 3068 ,
3387 2992 3793 3066 ἀπηλλάττετο.

2074 3109 2118 3177 C
2149 3086 2309 3144 Ἀλλ’
2357 3088 2386 3142 ὁ
2438 3088 2533 3160 μὶν
2589 3090 2697 3141 τῶν
2751 3083 3036 3159 Ῥωμαίων
3091 3084 3227 3158 πρὸς
3288 3082 3499 3149 Σκύθας
3550 3082 3800 3158 πόλεμος

2151 3175 2261 3232 ὧδε
2284 3174 2556 3233 ἐτελεύτα.

2225 3266 2316 3342 ιβ’.
2345 3267 2405 3324 Ὀ
2438 3262 2496 3321 δὲ
2529 3258 2999 3343 Σφενδοσθλάόος,
3031 3264 3091 3317 τὸ
3123 3261 3463 3340 Δορύστολον
3506 3261 3797 3319 ἀπολιπὼν

2148 3356 2239 3411 καὶ
2271 3355 2401 3419 τοὺς
2433 3353 2833 3431 αἰχμαλώτους
2866 3348 3230 3428 προσεπιδοὺς
3250 3351 3388 3408 κατὰ
3413 3351 3511 3415 τὰς
3542 3349 3799 3425 σπονδὰς,

2151 3443 2383 3501 ἀπέπλει
2419 3446 2553 3519 μετά
2597 3449 2707 3500 τῶν
2766 3440 3224 3520 περιλειφθέντων
3277 3442 3525 3518 ἑταίρων,
3556 3441 3645 3498 ἐπὶ
3697 3444 3801 3512 τήν

2149 3533 2382 3612 πατρίδα
2413 3533 2647 3608 ἱέμενος.
2701 3529 3110 3604 ΙΙατζινάκαιδὶ
3164 3531 3311 3607 παρὰ
3363 3531 3457 3587 τὸν
3513 3530 3805 3587 ἀπόπλουν

2150 3624 2586 3701 ἐλλοχήσαντες,
2635 3622 2786 3688 ἔθνος
2838 3619 3138 3697 νομαδικὸν
3196 3619 3359 3677 τοῦτο
3413 3621 3503 3678 καὶ
3560 3620 3801 3677 πολυάν-

2149 3716 2390 3789 θρωπον,
2447 3712 2808 3791 φθειροφάγον
2863 3732 2921 3767 τε
2976 3709 3066 3766 καὶ
3125 3710 3511 3787 φερέοικον,²8
3549 3709 3628 3788 ἐφ’
3659 3711 3806 3784 ἁμα-

2149 3803 2248 3873 ξῶν
2281 3803 2356 3865 ὡς
2385 3802 2453 3857 τὰ
2479 3800 2665 3858 πολλὰ
2723 3798 3005 3877 βιωτεῦον,
3037 3795 3234 3876 σχεδὸν
3269 3796 3571 3878 διέφθειραν
3626 3801 3802 3854 ἅπαν-

2148 3913 2267 3962 τας,
2299 3891 2389 3947 καὶ
2416 3889 2574 3947 αὐτὸν
2629 3886 2686 3946 δὲ
2735 3890 2829 3945 τὸν
2889 3882 3338 3969 Σφενδοσθλάϐον
3396 3893 3515 3953 τοῖς
3575 3886 3800 3953 λοιποῖς

2149 3980 2600 4058 συγκατέσφαεαν,
2633 3979 2707 4043 ὡς
2728 3977 2789 4035 ἐκ
2815 3985 2917 4048 τῆς
2944 3977 3216 4050 τασαύτης
3271 3982 3381 4034 τῶν
3446 3980 3581 4042 Ῥὤς
3638 4000 3801 4055 στρα-

2148 4075 2266 4134 τιᾶς
2326 4069 2727 4145 εὐαριθμήτους
2781 4068 3120 4139 ἀνασωθῆναι
3175 4067 3228 4139 ἐξ
3306 4065 3413 4139 ἤθη
3464 4067 3531 4125 τὰ
3574 4069 3799 4143 πάτρια.

2152 4158 2405 4231 Ἰωάννης
2438 4156 2495 4215 δὲ
2551 4161 2663 4235 (30)
2712 4159 2741 4214 ὁ
2799 4157 3174 4236 αὐτοκράτωρ,
3231 4157 3284 4214 ἐν
3339 4157 3615 4234 τέτταρσιν
3648 4155 3805 4220 ὅλοις

2156 4253 2289 4328 μησὶ
2368 4252 2470 4322 τήν
2525 4251 2794 4319 Ῥωσικήν
2878 4249 3185 4306 πανοπλίαν
3262 4250 3801 4326 καταγωνισάμενος,

2151 4344 2224 4407 ὡς
2255 4342 2457 4419 φθάσας
2489 4344 2517 4399 ὁ
2549 4340 2717 4419 λόγος
2771 4337 3075 4413 δεδήλωκε,
3132 4340 3222 4397 καὶ
3274 4341 3374 4411 τὴν
3407 4340 3613 4397 Μυσίαν
3663 4340 3807 4396 Ῥω·-

2154 4434 2341 4509 μαίοις
2375 4433 2816 4508 ἀνασωσάμενος,
2845 4434 2907 4489 τό
2963 4453 3023 4489 τε
3080 4430 3425 4508 Δορύστολον
3480 4430 3802 4507 Θεοδωρού-

2145 4521 2313 4580 πολιν
2354 4522 2437 4579 ἐπ’
2492 4524 2721 4598 ὀνόματι
2777 4527 2877 4579 τοῦ
2931 4520 3313 4599 στρατηλάτου
3368 4521 3460 4577 καὶ
3526 4523 3803 4600 μάρτυρος

1583 4700 1644 4757 C.
1687 4701 1749 4757 Β.
1791 4699 1982 4757 HASII
2019 4698 2581 4757 ANNOTATIONES.

378 4946 427 4982 ²⁶
456 4948 588 5014 Leg.

450 4870 496 4909 ²⁴
528 4870 807 4947 ΐσομιλίαν
843 4871 972 4947 co_d_.
1001 4871 1055 4947 f5
1077 4866 1411 4947 puplavﬁpov
1446 4902 1515 4947 -_
1541 4869 1994 4947 συνεπαγόμενος.
2017 4872 2220 4947 _S_upra
2278 4874 2367 4929 36.
2428 4865 2886 4947 Οημυρίανδρον
2945 4868 3156 4947 ἱππίων
3218 4866 3348 4941 ἴλην
3381 4869 3793 4947 ἐπιφερόμενος.

667 4891 807 4927 ιΛιαν
843 4891 971 4928 coa.
1009 4891 1055 4907 συ
1083 4891 1411 4947 μυριανορον
1446 4902 1512 4913 -
1541 4891 1994 4947 συνεπαγομενος.
2030 4891 2032 4925 ι

622 4894 884 5016 ζταίροις.
908 4944 1039 5000 Vid.
1072 4945 1228 5000 infra
1256 4946 1316 5000 C.
1352 4944 1459 5001 lin.
1623 4946 1666 4980 ³⁷
1706 4943 1931 5017 ἐτέρων(
1960 4945 2030 4999 Vi

2146 4891 2220 4928 ira
2278 4891 2367 4929 do.
2428 4891 2489 4929 υ.
2554 4891 2886 4945 μυριανορον
2950 4891 3156 4926 ιππεων
3218 4891 3348 4941 ῖΛην
3381 4891 3509 4999 simi:

2146 4961 2323 5017 supra
2376 4947 2443 4999 Α.
2500 4943 2609 5002 lin.
2641 4945 2693 5000 3.
2797 4943 3175 5017 υφερὲοικον.
3236 4944 3450 5001 Herod.

3512 4922 3792 5014 V-"giddl

2797 4944 2841 4979 ³³
2872 4943 3175 5019 φερέοικον.
3236 4944 3450 5001 Herod.

377 5019 585 5075 Strabo
616 5017 705 5073 X1.
738 5020 862 5071 754.
895 5018 967 5074 Α.
1007 5017 1295 5072 Arrianus
1325 5016 1562 5088 Periplo
1588 5018 1760 5072 Pont.
1792 5016 2003 5072 Euxini
2036 5017 2159 5074 l30.
2194 5018 2256 5072 Β.

378 5164 620 5237 Dialogo
681 5178 818 5237 cum
841 5161 1152 5237 Tryphone
1212 5163 1334 5237 307.
1397 5162 1480 5237 B._
1516 5160 1596 5233 3.)
1654 5157 2032 5237 Χιλιονταετία

2146 5167 2277 5237 octo
2310 5161 2538 5237 vitiosis
2570 5161 2809 5235 cogitat.
2843 5166 2931 5218 49.
2967 5163 3024 5221 Β.
3061 5163 3463 5237 nonnullique
3495 5163 3597 5219 alii
3631 5167 3802 5218 aitate

378 5237 536 5323 idem
554 5232 736 5323 :quod‘
759 5232 1148 5323 prapcedqns.‘
1175 5232 1694 5323 C‘aniIus.lAdversus
1737 5232 2034 5323 Proclum,

380 5309 535 5381 apud
566 5302 779 5363 Euseb:
816 5305 963 5361 Hist.
1017 5305 1171 5359 Eccl.
1204 5306 1325 5384 lOQ.
1457 5303 1689 5389 ἀριθμεῖν
1749 5302 2033 5389 χιλεοντοε-

382 5380 546 5459 ετίειαςἶ
583 5382 797 5459 Vocem
828 5370 1132 5459 Xiliépéy,
1161 5375 1495 5459 sacri/icium
1525 5392 1551 5429 e
1580 5376 1732 5457 mille
1777 5377 2035 5459 animali-

381 5453 497 5520 bus,
524 5454 653 5523 jam
683 5446 906 5523 habent
931 5446 1052 5523 alia
1079 5447 1321 5523 l.exica._
1355 5446 1634 5523 Summus
1672 5446 1759 5501 vir
1788 5448 2035 5523 Schnei-

379 5517 556 5579 derus
583 5522 784 5578 attulit
830 5520 1247 5576 auctoritatem
1295 5517 1514 5572 Iuliani
1547 5519 1707 5574 Orat.
1749 5518 1823 5574 ad
1853 5520 2034 5575 Hera-

377 5595 558 5650 clium
589 5594 791 5660 Cynic.
833 5593 871 5648 Ι.
908 5592 1032 5647 314.
1067 5591 1134 5646 Α.
1168 5590 1425 5645 Utuntur
1483 5595 1774 5660 praeterea
1805 5591 1859 5646 S.
1897 5592 2034 5646 Cre-

377 5666 576 5738 gorius
604 5661 1018 5738 Nyssenusl‘ln
1075 5662 1240 5716 Cant.
1276 5662 1441 5715 Cant.
1606 5663 1732 5738 475.
1784 5663 1845 5717 C.
1907 5661 2038 5730 (ubi

379 5729 992 5809 scribitur'xikiopfiﬁ.
1046 5749 1397 5809 perperain._
1414 5733 1665 5809 opinorl
1686 5729 2037 5809 Anonymps

382 5750 659 5817 scribitur
688 5750 992 5809 χιΑιομῡη.
1046 5750 1384 5859 perperam.
1419 5750 1653 5804 opinor)
1686 5750 2037 5814 anonymus

382 5813 514 5876 vita
552 5809 607 5862 S.
638 5808 848 5863 Joann.
881 5806 1085 5878 Chrys.
1189 5805 1284 5861 ΙΙΙ.
1338 5806 1461 5860 333.
1503 5806 1586 5862 18.
1637 5806 1690 5860 S.
1744 5805 1909 5861 Nilus
1958 5806 2037 5861 De

2146 5235 2483 5291 inferiores.

2218 5306 2328 5377 (29)
2362 5306 2506 5362 Inde
2547 5305 2801 5363 emenda
2830 5306 3099 5363 Priscum
3130 5306 3204 5363 de
3239 5306 3422 5363 Attila
3451 5306 3600 5377 Hist.
3633 5306 3804 5377 Goth.

2146 5380 2234 5451 67.
2267 5375 2338 5436 A.
2371 5378 2446 5451 ad
2477 5394 2656 5451 quam
2688 5379 2946 5451 Leonem
2984 5379 3328 5451 respexisse
3338 5378 3543 5451 dicas:
3587 5376 3715 5451 λιειή
3750 5375 3809 5431 δὲ

2146 5447 2295 5523 αὐτῷ
2325 5449 2415 5503 καὶ
2445 5446 2680 5523 ἡῖσθήᾼς
2713 5447 2969 5523 έτύχανεν
3002 5446 3160 5523 οὖσα,
3222 5446 3393 5522 μηδὲν
3449 5453 3560 5523 τῶν
3593 5446 3805 5523 ἄλλων,

2142 5517 2294 5597 πλὴν
2316 5517 2673 5597 τούκαιθαρὰ
2728 5517 2888 5590 εἶναι,
2945 5517 3402 5597 διαφυλάττουσα.
3436 5522 3544 5578 Ubi
3602 5517 3807 5595 legené

2146 5591 2289 5648 dum
2332 5589 2760 5650 διαλλάττουσα.

2215 5667 2330 5743 (3Q)
2364 5667 2498 5743 ljaic
2527 5681 2718 5743 usque
2749 5664 2824 5721 ad
2855 5682 2986 5743 pag:
3020 5665 3385 5743 158_l_in.__25.
3437 5663 3807 5743 παρεσκεύασε

2146 5736 2536 5792 Combelisius
2566 5736 2740 5793 vertit
2766 5736 3091 5811 apud‘Pag.
3126 5738 3218 5797 ιν.
3259 5739 3349 5794 33.
