4118 6460
421 463 542 522 885

1783 466 2180 530 HISTORIAI
2221 464 2346 526 LIB
2361 510 2374 523 .
2414 465 2462 524 X
2477 507 2492 522 .

3728 468 3848 527 886

421 589 712 666 Θεοδώρου
746 593 1142 665 μετονομάσας,
1173 595 1422 673 φυλακήν
1467 618 1526 652 τε
1570 593 1872 674 ἀξιόμαχον
1902 595 2070 672 ταύτῃ

2196 593 2774 665 Constantinopolim
2805 593 2998 648 redit:
3034 593 3132 648 ubi
3165 593 3456 649 urbanam
3503 593 3851 650 multitudi-

424 681 780 757 παραλιπὼν,
843 683 976 756 μετὰ
1035 686 1304 760 μεγίστων
1364 687 1642 762 τροπαίων
1698 687 1968 743 ἐπάνεισιν
2003 687 2091 742 ἐπὶ

425 771 490 826 τὸ
549 771 857 845 Βυζάντιον,
936 773 1066 837 τοὺς
1143 775 1393 839 ἀστικοὺς
1449 779 1557 850 πρὸ
1611 782 1721 833 τῶν
1775 772 2089 853 περιϐόλων

426 859 802 931 κατειληφὼς,
853 865 1137 940 στεφάνοις
1189 863 1347 920 αὐτὸν
1398 866 1490 920 καὶ
1540 867 1839 941 σκήπτροις
1886 861 2092 936 ’δεξιου-

435 948 652 1022 μένους,
683 949 748 1005 ἐκ
797 956 1008 1027 χρυσοῦ
1067 952 1158 1007 καὶ
1214 953 1383 1010 λίθων
1447 953 1880 1032 ἐξειργασμένοις
1911 952 2090 1009 πολυο

429 1040 625 1097 τελῶν.
683 1041 858 1115 Ἥγον
919 1039 977 1097 δὲ
1033 1044 1124 1097 καὶ
1212 1043 1671 1120 χρυσοκόλλητον
1731 1043 2088 1100 λευκόπωλον

432 1129 599 1204 ἅρμα·
655 1130 717 1185 οὗ
770 1127 1172 1208 προσεπιὸῆναι
1229 1138 1426 1190 τοῦτον
1481 1134 1691 1206 ἠξίουν,
1749 1136 1838 1190 καὶ
1888 1136 1979 1189 τὸν
2007 1154 2092 1189 νε·-

425 1218 760 1292 νομισμένον
833 1226 1152 1298 καταγαγεῖν
1233 1219 1524 1298 θρίαμϐον.
1579 1226 1637 1279 Ὀ
1695 1223 1753 1280 δὲ
1807 1223 1934 1286 τοὺς
1994 1224 2086 1294 μὲν

424 1309 721 1384 στεφάνους
776 1310 865 1365 καὶ
923 1312 992 1366 τὰ
1051 1318 1301 1387 σκῆπτρα
1354 1317 1695 1390 προσήκατο,
1753 1313 1844 1370 καὶ
1873 1311 2091 1369 πολλα-

423 1401 674 1465 πλασίως
697 1400 926 1464 τούτους
958 1400 1168 1466 ὃώποις
1231 1407 1316 1478 [Ρ.
1378 1407 1468 1480 98]
1500 1405 1796 1479 ἠμείφατοσ
1833 1399 2088 1474 ἐπιϐῆναι

426 1487 484 1546 δὲ
511 1493 610 1546 τοῦ
636 1491 876 1566 ἅρματος
931 1490 1032 1546 οὐκ
1078 1494 1362 1568 ἠνέσχετοο
1409 1493 1555 1550 ἀλλὰ
1599 1495 1698 1564 τὴν
1739 1500 1839 1564 τῆς
1873 1494 2088 1567 Θεομή-

424 1601 590 1656 τορος
622 1581 824 1650 εἰκόνα,
858 1581 1332 1657 ἐνηγκαλισμένην
1385 1583 1478 1640 τὸν
1513 1585 1857 1659 θεάνθρωπον
1891 1584 2087 1658 Λόγον,

425 1669 494 1741 ἤν
529 1671 589 1726 ἐκ
617 1672 824 1733 Μυσίας
878 1670 1130 1749 εἴληφεν,
1185 1673 1272 1728 ἐπὶ
1329 1674 1422 1729 τὸν
1480 1678 1580 1729 τοῦ
1638 1675 1881 1748 ἅρματος
1911 1693 2090 1748 χρυσ-

427 1760 636 1831 ήλατον
669 1760 859 1834 θρόνον
921 1760 1174 1831 ἀνέθηκε,
1229 1762 1327 1824 τὰς
1387 1761 1696 1837 ἁλουργοὺς
1745 1767 1854 1818 τῶν
1885 1763 2088 1819 Μυσῶν

429 1846 628 1911 στολὰς
689 1848 927 1923 ὑποθεὶς,
986 1851 1073 1905 καὶ
1133 1850 1202 1905 τὰ
1260 1847 1564 1924 στέμματα.
1619 1851 1795 1914 Αὐτὸς
1822 1849 2087 1922 δέ,ἳππῳ

2198 701 2335 739 nem
2368 689 2533 738 extra
2561 699 2764 738 muros
2813 683 3083 746 otl‘endit,
3129 700 3378 738 coronas
3410 683 3497 737 illi
3531 688 3589 738 et
3619 689 3854 756 sceptra

2199 791 2267 830 ex
2309 791 2452 828 auro
2509 772 2852 844 lapillisque
2907 773 3185 844 pretiosis
3242 772 3418 838 facta,
3475 774 3853 830 offerentem.

2200 862 2502 917 Ducebant
2533 867 2590 917 et
2620 879 2861 917 currum
2897 879 3038 917 auro
3066 867 3440 934 compactum
3491 862 3658 934 equis
3704 862 3854 919 albis

2189 951 2473 1023 junctum
2498 967 2510 1006 :
2534 968 2652 1022 quo
2677 956 2744 1007 ut
2768 950 3117 1007 ascenderet
3138 950 3447 1024 rogabant,
3467 957 3852 1008 consuetum-

2199 1058 2313 1113 que
2341 1042 2711 1114 triumphum
2746 1041 3007 1097 duceret.
3039 1044 3163 1113 [pse
3182 1059 3317 1096 vero
3341 1058 3591 1097 coronas
3610 1042 3853 1114 quidem

2199 1137 2256 1186 et
2284 1138 2515 1203 sceptra
2545 1132 2826 1204 suscepit,
2876 1131 3224 1204 majoraque
3255 1132 3443 1186 multo
3474 1131 3568 1186 his
3600 1149 3854 1187 munera

2198 1221 2510 1294 rependit:
2543 1227 2610 1276 ut
2654 1227 2853 1276 autem
2885 1222 2945 1276 in
2979 1239 3220 1277 currum
3264 1221 3613 1276 ascenderet
3651 1221 3856 1277 induci

2197 1328 2319 1367 non
2350 1312 2576 1382 potuit;
2604 1311 2708 1367 sed
2733 1310 2945 1366 divinae
2977 1310 3184 1366 matris
3208 1311 3551 1384 imaginem,
3586 1309 3851 1366 deivirile

2199 1400 2455 1456 Verbum
2487 1400 2953 1471 amplexantem,
2985 1417 3164 1472 quam
3198 1417 3267 1455 ex
3300 1401 3499 1455 Moesia
3546 1401 3847 1465 attulerat,

2195 1491 2259 1545 in
2291 1507 2471 1546 aureo
2505 1490 2906 1546 sedilicurrus
2932 1489 3262 1554 collocavit,
3299 1490 3614 1546 substratis
3636 1506 3856 1562 purpu-

2196 1581 2314 1637 reis
2347 1584 2661 1636 Moesorum
2711 1581 2950 1652 tunicis,
2975 1589 3034 1637 et
3064 1581 3322 1637 coronis.
3356 1583 3510 1653 Ipse,
3563 1580 3851 1652 singulari

2195 1687 2346 1743 equo
2378 1677 2599 1736 vectus,
2641 1687 2798 1742 pone
2847 1671 3230 1742 sequebatur,
3290 1677 3470 1742 caput
3515 1669 3853 1726 diademate

2193 1761 2441 1827 cinctus,
2475 1777 2543 1816 ac
2569 1777 2820 1816 coronas
2846 1765 3084 1833 gestans
3113 1765 3171 1814 et
3191 1765 3426 1831 sceptra
3458 1760 3516 1814 in
3549 1758 3850 1815 manibus.

2194 1851 2311 1905 Hac
2335 1848 2619 1922 triumphi
2644 1849 2840 1920 specie
2861 1866 2967 1920 per
2988 1848 3246 1903 mediam
3271 1848 3505 1916 urbem,
3531 1848 3850 1920 purpureis

425 1937 617 2008 κέλητι
673 1937 1075 2014 ἐποχούμενος,
1145 1940 1460 2012 μετόπισθεν
1543 1938 1744 2012 ε’ίπετο,
1801 1961 2082 1996 τεταινιω-

2196 1940 2454 1996 vestibus
2486 1940 2752 2011 undique
2797 1944 3093 2008 ornatam,
3129 1939 3496 2010 thalamique
3527 1939 3646 1993 ritu
3692 1937 3846 1994 lauri

431 2027 592 2103 μενος
638 2031 738 2098 τήν
797 2023 1040 2108 κεφαλὴν
1100 2028 1422 2105 διαδήματι,
1480 2033 1570 2088 καὶ
1621 2032 1750 2096 τοὺς
1789 2033 2080 2112 στεφάνους

426 2122 604 2196 φέρων
663 2118 754 2174 καὶ
806 2121 875 2175 τὰ
929 2127 1181 2194 σκῆπτρα
1237 2121 1289 2176 ἐν
1345 2127 1464 2184 ταῖς
1523 2121 1734 2198 χερσίν.
1796 2122 1956 2180 Οὕτω
1986 2124 2079 2178 τὸν

425 2204 697 2284 θρίαμϐον
751 2211 1065 2286 καταγαγὼν
1127 2208 1216 2266 διὰ
1273 2210 1443 2285 μέσης
1474 2219 1574 2282 τῆς
1617 2212 1858 2286 πόλεως,
1918 2212 2082 2284 ἐσθή-

423 2320 566 2354 σεσιν
608 2299 901 2376 ἁλουργοῖς
951 2301 1375 2374 κεκοσμημένης
1419 2300 1747 2379 ἑκασταχοῦ,
1798 2304 1886 2358 καὶ
1922 2300 2080 2372 δίκην

422 2387 673 2461 θαλάμου
729 2393 846 2453 τοῖς
901 2410 959 2444 τε
1014 2395 1122 2445 τῶν
1177 2387 1386 2468 δαφνῶν
1449 2389 1675 2455 κλάδοις
1707 2396 1818 2465 (31)
1848 2393 1937 2447 καὶ
1967 2397 2085 2457 τοῖς

421 2477 756 2556 χρυσοῦφέσι
804 2477 1037 2540 πέπλοις
1085 2478 1254 2550 οὕσης
1310 2485 1663 2559 συνηρεφοῦς,
1699 2480 1752 2544 ἐς
1783 2481 1875 2537 τὸν
1914 2481 2080 2556 μέγαν

421 2575 523 2636 τῆς
575 2571 673 2622 τοῦ
732 2571 866 2623 Θεοῦ
937 2567 1145 2646 Σοφίας
1229 2568 1524 2625 εἰσελαύνει
1591 2570 1782 2642 σηκόν·
1842 2571 1932 2626 καὶ
1989 2570 2085 2633 τὰς

425 2656 886 2732 εὐχαριστηρίους
950 2658 1123 2733 εὐχὰς
1179 2655 1438 2730 ἀποδοὺς,
1494 2661 1558 2714 τὸ
1607 2680 1667 2715 τε
1721 2664 1828 2715 τῶν
1879 2662 2081 2717 Μυσῶν

425 2745 854 2822 ἐκπρεπέστατον
914 2746 1106 2825 στέφος
1159 2749 1327 2804 οἱονεὶ
1381 2748 1721 2823 πρωτόλειον
1779 2747 1956 2824 δῶρον
2005 2753 2086 2821 τῷ

429 2841 544 2908 Θεῷ
574 2837 959 2909 καταθέμενος,
1007 2837 1082 2899 είς
1139 2838 1239 2905 τὴν
1300 2840 1660 2914 ἀνακτορικήν
1689 2838 1868 2894 ἑστίαν
1902 2843 2083 2916 φοιτᾷ,

427 2925 519 2980 καὶ
571 2930 678 2980 τῶν
739 2927 787 2962 ³9
837 2931 1033 2983 Μυσῶν
1097 2926 1324 3002 βασιλέα
1408 2929 1588 3002 Βορὴν
1648 2930 1974 3004 παραγαγὼν
2020 2928 2086 2984 τὰ

428 3020 527 3084 τῆς
564 3012 843 3090 βασιλείας
877 3012 1198 3072 ἀπονθέσθαι
1227 3016 1529 3092 παράσημα
1559 3019 1672 3091 (32)
1701 3016 2082 3091 παρεσκεύασι.

427 3105 508 3160 Τὰ
565 3101 623 3158 δὲ
679 3106 744 3173 ἦν
799 3105 962 3181 τιάρα
1015 3105 1444 3183 περιπόρφυρος,
1503 3112 1694 3184 χρυσῷ
1745 3107 1836 3162 καὶ
1869 3109 2084 3184 μαργά-

2191 2031 2374 2086 ramis
2399 2030 2696 2102 pallisque
2718 2046 2863 2084 auro
2885 2029 3059 2084 textis
3082 2033 3437 2093 contectam,
3461 2027 3534 2082 ad
3567 2042 3845 2100 magnam

2190 2122 2506 2194 Sapientia)
2539 2121 2751 2176 divina)
2789 2120 3102 2176 ecclesiam
3133 2120 3458 2192 processit:
3494 2119 3594 2174 ubi
3621 2121 3840 2192 gratia—

2188 2231 2320 2268 rum
2344 2213 2598 2269 actionis
2628 2212 2912 2268 exsolutis
2944 2212 3240 2283 precibus,
3274 2213 3584 2266 Mmsorum
3610 2212 3840 2284 magni-

2193 2304 2646 2359 ﬁcentissimam
2676 2318 2958 2358 coronam
2989 2307 3056 2357 ut
3084 2302 3504 2357 manubiarum
3542 2302 3839 2373 primitias

2192 2395 2309 2450 Deo
2342 2393 2571 2460 dicans,
2605 2392 2742 2449 inde
2775 2393 2835 2446 in
2865 2392 3155 2464 palatium
3184 2408 3247 2446 se
3278 2393 3522 2463 recepit,
3557 2397 3615 2446 et
3643 2393 3841 2447 Borim

2192 2486 2505 2540 Mcnsorum
2536 2500 2735 2556 regem
2767 2482 3123 2555 productum
3155 2482 3393 2555 insigna
3434 2483 3596 2554 regia
3647 2482 3838 2555 depo—

2190 2591 2334 2630 nere
2359 2574 2561 2646 jussit.
2596 2574 2674 2629 Ea
2697 2577 2867 2628 erant
2895 2572 3046 2628 tiara
3088 2572 3239 2628 I59
3286 2589 3551 2644 purpura
3587 2573 3844 2629 circum-

2193 2664 2379 2734 clusa,
2417 2649 2681 2735 auroque
2741 2667 2800 2718 et
2854 2661 3192 2735 margaritis
3251 2662 3666 2718 interstincta:
3699 2663 3844 2718 item

2191 2754 2370 2809 vestis
2399 2753 2644 2820 blattea,
2677 2759 2736 2807 et
2764 2751 2948 2807 calcei
2970 2751 3158 2806 rubri.
3193 2756 3388 2823 Ipsum
3421 2767 3621 2824 regem
3669 2752 3845 2824 Magi-

2195 2848 2453 2898 strorum
2476 2840 2761 2914 dignitate
2790 2840 3039 2896 ornavit.
3069 2839 3376 2911 Ejusmodi
3393 2840 3851 2912 Joannesimpe-

2193 2937 2357 2987 rator
2409 2930 2570 2986 brevi
2628 2929 2954 2986 admodum
3009 2935 3275 3000 tempore
3333 2935 3550 3000 praater
3607 2946 3848 2986 omnem

2195 3022 2698 3093 exspectationem
2730 3020 2916 3092 partis
2937 3019 3219 3089 victoriis,
3246 3020 3681 3076 contumaciam
3699 3021 3848 3076 Rus-

2197 3112 2381 3168 sicam
2435 3110 2743 3180 elatosque
2802 3126 3008 3164 eorum
3056 3109 3290 3164 animos
3337 3125 3454 3164 usu
3505 3109 3842 3178 bellorum,

427 3212 546 3266 ροις
599 3196 978 3265 κατάστικτος,
1039 3193 1202 3266 ἐσθής
1259 3217 1318 3251 τε
1389 3195 1683 3272 ἆλουργὸς,
1741 3198 1828 3252 καὶ
1889 3195 2084 3253 πέδιλα

2196 3201 2448 3271 ratione,
2479 3201 2714 3266 virtute,
2745 3198 2992 3254 audacia
3020 3198 3300 3270 frangens
3331 3203 3390 3254 et
3428 3199 3752 3256 deturbans
3783 3201 3845 3256 in

426 3280 642 3357 ἐρυθρά.
706 3289 910 3341 Τοῦτον
982 3282 1039 3340 δὲ
1119 3290 1200 3358 τῷ
1254 3291 1363 3342 τῶν
1422 3288 1737 3364 μαγίστρων
1793 3289 2080 3363 τετίμηκεν

423 3371 714 3446 ἀξιώματι.
810 3378 1044 3431 Τοιαῦτα
1128 3373 1180 3430 ἐν
1269 3375 1625 3450 εὐαριθμῆτῳ
1711 3383 1884 3453 καιρῷ
1937 3378 2084 3454 παρὰ

419 3466 594 3518 πᾶσαν
672 3462 929 3520 ὕπόνοιαν
980 3466 1008 3520 ὁ
1065 3464 1415 3541 αὐτοκράτωρ
1472 3467 1732 3537 Ἰωάννης
1790 3465 2082 3542 διαπραξά-

423 3573 586 3626 μενος
615 3553 874 3626 τρόπαια,
921 3557 1020 3624 τὴν
1078 3576 1138 3611 τε
1193 3556 1464 3624 Ῥωσικήν
1525 3555 1809 3612 αὐθάδειαν
1869 3556 1958 3613 καὶ
2016 3561 2084 3612 τά

2196 3297 2418 3347 terram
2450 3289 2648 3345 Maasia
2669 3288 2777 3344 sub
2801 3287 3120 3359 imperium
3152 3288 3485 3342 Romanum
3505 3287 3841 3360 subjuncta,

2195 3378 2776 3450 Constantinopolim
2797 3377 2985 3432 redux
3005 3376 3256 3432 hiberna
3276 3377 3413 3449 egit,
3437 3378 3844 3450 populumque

2192 3469 2544 3526 muneribus
2575 3469 2686 3523 rite
2719 3471 3070 3539 prosecutus
3099 3471 3208 3534 est,
3229 3466 3471 3522 etfestis
3501 3468 3695 3539 epulis
3725 3468 3839 3523 sibi

2192 3559 2547 3616 conciliavit.

420 3642 708 3720 ἐπῃρμένα
738 3643 948 3700 τούτων
981 3647 1308 3722 φρονήματα
1339 3645 1597 3722 ἐμπειρίᾳ
1627 3646 1890 3720 πολέμων
1939 3647 2030 3703 καὶ
2073 3645 2479 3724 λελογισμένης
2526 3643 2769 3722 ἂνδρείας
2806 3643 2992 3720 τόλμῃ
3023 3638 3348 3700 καταϐαλὼν
3379 3641 3468 3699 καὶ
3499 3646 3842 3709 κατασπάσας

422 3732 500 3794 εἰς
531 3739 659 3807 γῆν,
685 3733 776 3788 καὶ
800 3734 901 3802 τήν
935 3733 1148 3791 Μυσίαν
1179 3735 1481 3808 Ῥωμαίοις
1528 3736 1922 3809 καθυποτάξας,
1972 3737 2119 3812 παρᾶ
2163 3736 2226 3792 τὸ
2270 3737 2564 3806 Βυζάντιον
2615 3732 2923 3790 ἐπανελθὼν
2975 3730 3311 3808 διεχείμαζε,
3354 3733 3444 3788 καὶ
3493 3733 3558 3788 τὸ
3601 3734 3842 3806 ὑπήκοον

425 3819 649 3898 δώροις,
681 3823 758 3886 ὡς
787 3822 956 3895 εἰκὸς,
987 3821 1430 3903 ἐφιλοφρονεῖτο,
1461 3823 1551 3880 καί
1585 3823 1826 3889 θαλείαις
1856 3823 2169 3900 ἐθεράπευεν
2203 3825 2519 3882 ἐστιασεσιν.

1646 3957 1705 4033 C.
1751 3955 1810 4012 Β.
1846 3955 2033 4011 HASlI
2059 3955 2628 4012 ANNOTATIONMS.

496 4051 544 4086 ²⁹
570 4051 699 4123 τῶν]
736 4051 868 4124 Leg,
899 4051 1015 4120 τὸν,
1048 4057 1151 4108 aut
1177 4051 1269 4105 τὸν
1303 4054 1434 4107 τῶν.

496 4142 611 4211 (31)
641 4141 941 4196 Cedrenus
969 4141 1164 4212 ipsum
1196 4142 1483 4214 populum
1523 4147 1873 4199 coronatum
1921 4144 2264 4216 imperatori
2315 4143 2547 4199 obviam
2595 4143 2960 4216 processisse
3007 4147 3215 4199 auctor
3243 4151 3333 4200 est
3362 4143 3430 4200 II.
3465 4146 3590 4201 582.
3623 4147 3684 4202 C.
3719 4141 3850 4201 ὑπε-

425 4225 642 4298 δέξαντο
675 4232 1229 4306 στεφανηφοροῦντες.
1265 4230 1356 4285 Sic
1415 4231 1576 4285 enim
1637 4231 1974 4305 legendum,
2026 4233 2084 4288 Ct

2196 4275 2207 4288 .
2268 4250 2506 4305 quoque
2565 4232 3100 4300 consentientibus,
3143 4249 3262 4287 non
3312 4229 3842 4310 στεφανηφοροῦντα.

498 4323 610 4394 (32)
642 4321 914 4394 Agathias
947 4323 1035 4376 32.

1626 4577 1995 4671 LIBER
2060 4577 2633 4673 DECIMUS.

497 4947 896 4998 Aaouusxruu.
923 4973 990 4982 —
1012 4939 1322 5013 Expeditio
1347 4939 1603 5012 Syriaca.
1631 4937 1848 4994 Nisidis
1866 4956 1900 4994 a
1924 4939 2400 5013 Romaniscapta
2420 4939 2576 5013 (Cap.
2604 4939 2673 5013 1).
2699 4932 3494 5013 Imperatorexpeditionem
3515 4952 3722 5004 contra
3738 4948 3845 5007 Ec-

423 5013 640 5070 batana
665 5014 1008 5079 meditatur,
1034 5009 1139 5069 sed
1167 5009 1401 5067 infecta
1416 5029 1478 5066 re
1509 5012 1850 5084 Byzantium
1886 5012 2056 5066 redit.
2096 5011 2346 5084 Basilius
2378 5010 2718 5084 patriarcha
2745 5009 2882 5065 sede
2907 5009 3152 5084 pellitur
3168 5011 3588 5084 (2).7Ant0nius
3611 5027 3850 5078 creatur

422 5088 760 5163 patriarcha
782 5085 1389 5163 :_(;eminimonstrosi
1528 5081 1660 5163 {ilia
1682 5083 2633 5163 expeditio‘SyriacasDamascus,
2667 5083 2926 5163 Berytus
2947 5081 3377 5163 et‘aliaal'urbes
3406 5089 3724 5163 capiuntur
3745 5093 3846 5163 (4),

420 5159 769 5230 Miraculum
792 5159 939 5230 Bery

946 5157 987 5212 ti
1016 5158 1294 5213 effectum
1320 5156 1380 5210 in
1405 5152 1598 5228 effigie
1622 5152 1947 5228 Servatoris
1970 5152 2070 5226 (5)}
2089 5159 2329 5210 Cometa
2351 5155 2508 5228 visus
2539 5171 2642 5226 per
2675 5152 2972 5225 octOginta
3002 5152 3137 5228 dies;
3162 5154 3258 5225 (ὃ).
3292 5152 3498 5228 Βατιὶεὲ
3531 5159 3711 5215 Scleri
3737 5152 3804 5218 su

421 5229 637 5306 Basilio
662 5225 1468 5306 defectio'ﬁ).lnfelixBasilii
1489 5225 1696 5306 centra
1718 5227 1999 5306 Bulgaros
2023 5225 2556 5306 exped_itig.Clades
2580 5228 2985 5306 Romanorum
3001 5225 3450 5306 stellacadente
3469 5237 3844 5306 port‘enta(8).

421 5301 634 5356 Bardas
656 5302 884 5356 Phocas
907 5297 1116 5355 novam
1142 5300 1498 5355 seditionem
1524 5297 1858 5370 paraLEjué
1882 5297 2158 5354 interitus
2174 5301 2472 5369 (9).Terraa
2495 5304 2690 5370 motus
2708 5297 3225 5370 Constantinopoli
3242 5297 3433 5370 factus
3453 5297 3512 5355 et
3531 5302 3663 5359 alia)
3686 5297 3843 5362 cala-

421 5374 657 5428 mitates
681 5376 1013 5429 Romanum
1038 5371 1355 5444 imperium
1379 5368 1801 5442 premunt(10).
1820 5371 2077 5426 Joannes
2099 5371 2412 5426 Tzimisces
2431 5387 2501 5424 ex
2525 5369 2691 5441 Syria
2712 5385 3005 5437 reversus,
3031 5368 3231 5424 Basilii
3250 5368 3456 5425 fraude
3477 5389 3705 5430 veneno
3733 5378 3842 5432 ab-

421 5451 716 5517 sumptus,
752 5445 1006 5500 moritur
1029 5445 1163 5518 (11).

495 5681 578 5745 [Ρ.
637 5677 727 5744 99]
784 5677 847 5730 α’.
908 5675 1124 5747 Θερείας
1188 5672 1246 5729 δὲ
1302 5673 1447 5746 ὥρας
1521 5673 1878 5747 ἐνισταμένης
1937 5675 2070 5746 (33),

493 5752 603 5829 (_33)
633 5750 1063 5829 Complectitur
1092 5750 1141 5829 is
1173 5748 1853 5829 liber'gestanannorunl
1886 5749 1990 5804 973
2021 5754 2079 5802 et

423 5824 560 5879 974:
589 5820 731 5878 nam
765 5820 900 5877 Silet
932 5822 1043 5875 Leo
1102 5821 1174 5875 de
1229 5820 1416 5875 initiis
1445 5820 1610 5886 belli,
1645 5820 2075 5891 obsidioneque

2264 5675 2409 5729 [60
2440 5676 2492 5732 1.
2519 5675 2802 5730 ΑΞειὶνιιιιι
2834 5679 3068 5744 tempus
3124 5687 3256 5744 cum
3308 5672 3579 5743 instaret,
3607 5681 3837 5737 sereni-

2266 5714 2406 5729 -..ν
2441 5714 2802 5732 “unum...
2838 5714 2952 5728 .c...
3003 5714 3068 5727 μυ
3125 5714 3256 5726 νυ...
3308 5714 3560 5731 mu...“
3607 5714 3690 5733 π.
3814 5714 3837 5726 -

2108 5714 2153 5777 D
2187 5747 2414 5801 Amida)
2442 5765 2492 5802 a.
2519 5751 2643 5802 972.
2678 5765 2711 5802 a
2743 5714 3036 5800 Temelilco
3061 5743 3293 5810 Melehi,
3326 5751 3392 5800 ut
3413 5723 3655 5806 Armeni
3690 5714 3838 5809 stri-

2186 5818 2356 5883 bunt,
2410 5824 2705 5889 suscepta,
2767 5817 2839 5872 de
2889 5833 3006 5887 qua
3039 5833 3088 5869 v.
3148 5815 3346 5871 Détails
3384 5819 3456 5875 de
3487 5821 3541 5876 la
3563 5828 3839 5892 premiére
