4118 6424
330 448 445 510 887

1739 441 2018 503 LEONlS
2063 440 2388 505 DlACONI

3634 445 3754 509 888

336 585 548 651 tasque
572 579 699 650 jam
727 577 1009 632 continua
1038 592 1144 647 per
1174 579 1395 630 terram
1422 590 1552 629 sese
1582 572 1984 645 expandisset,

2098 572 2188 627 καὶ
2219 578 2489 649 σταθηρᾶς
2544 572 2757 649 αἰθρίας
2812 573 2949 629 κατᾶ
2992 575 3093 645 τήν
3149 572 3422 650 περίγειον
3492 574 3760 650 ἠπλωμέ-

339 665 849 738 Constantinopoli
878 664 1180 737 profectus
1224 665 1551 736 imperator
1579 668 1787 718 contra
1817 663 1989 719 Sara-

336 775 536 823 cenos,
569 756 670 828 qui
703 755 766 810 in
798 755 965 825 Syria
995 754 1302 826 superiore
1334 753 1627 823 habitant,
1659 752 1992 824 expeditio-

334 864 472 903 nem
489 845 769 916 suscepit.
787 847 875 900 Ita
892 843 1351 899 mediterraneis
1364 842 1711 915 peragratis,
1725 842 1991 913 Euphra-

332 943 453 992 tem
482 935 738 991 transiit.
768 936 822 990 Is
853 939 943 989 est
963 934 1231 989 amnium
1272 933 1471 988 Asiam
1499 933 1990 988 intersecantium

331 1028 478 1082 16]
518 1026 835 1093 maximus,
870 1041 1144 1095 unusque
1178 1024 1251 1078 de
1280 1023 1402 1078 illis
1433 1022 1535 1094 qui
1570 1039 1639 1077 ex
1668 1021 1831 1077 Eden
1860 1038 1990 1078 ma-

333 1122 500 1185 nant,
524 1115 1027 1187 quemadmodum
1048 1131 1119 1168 ex
1136 1130 1305 1169 sacra
1328 1112 1626 1184 Scriptura
1648 1111 1988 1167 didicimus.

330 1205 419 1259 Ibi
453 1204 669 1276 aliquis
702 1204 764 1259 in
803 1203 1053 1258 notariis
1113 1202 1399 1267 militans,
1449 1201 1681 1257 Nicetas
1725 1200 1990 1267 nomine,

333 1310 630 1350 summam
648 1310 782 1349 cum
800 1291 1132 1348 doctrinam
1148 1297 1273 1347 tum
1290 1290 1672 1362 prudentiam
1684 1294 1991 1345 assecutus

331 1382 397 1438 in
428 1384 559 1455 ipsa
590 1382 783 1437 aetatis
815 1380 1110 1436 vitalitate
1142 1380 1564 1451 imperatorem
1603 1379 1760 1434 malo
1791 1379 1991 1435 omine

331 1473 441 1527 hac
456 1471 830 1544 expeditione
846 1471 1226 1526 comitabatur
1239 1486 1601 1541 :quanquam
1622 1475 1788 1541 patre
1803 1469 1991 1541 ipsius

328 1562 587 1617 multum
618 1560 998 1632 deprecante,
1030 1558 1093 1613 id
1123 1576 1199 1614 ne
1228 1559 1471 1627 faceret,
1504 1565 1681 1630 atque
1712 1558 1991 1613 hortante

328 1655 395 1706 ut
425 1650 582 1722 apud
603 1651 790 1705 larem
818 1650 1177 1704 familiarem
1201 1649 1437 1704 senium
1460 1648 1648 1704 aleret
1680 1664 1874 1713 suum,
1899 1647 1990 1719 ip—

328 1740 500 1811 sique
531 1740 593 1794 in
627 1739 815 1795 astatis
849 1738 1056 1794 limine
1090 1738 1437 1799 constituto.
1459 1743 1517 1793 et
1536 1737 1609 1793 ad
1640 1738 1769 1792 vita:
1793 1736 1992 1792 termi-

328 1848 439 1886 nos
461 1830 589 1902 jam
621 1828 984 1901 properanti,
1012 1829 1277 1883 ofﬁcium
1310 1845 1416 1900 pro
1438 1827 1720 1883 facultate
1742 1832 1991 1898 praesta-

328 1924 441 1974 ret.
477 1919 605 1983 Ille,
632 1918 899 1991 paternis
922 1918 1190 1984 monitis,
1224 1922 1434 1972 contra
1456 1923 1632 2014 atque
1651 1915 1985 2014 oportebat,
2018 1949 2064 2014 B

330 2008 637 2081 neglectis,
667 2008 955 2078 nullaque
988 2007 1296 2080 jussorum
1331 2007 1459 2079 ejus
1500 2005 1732 2062 ratione
1763 2004 1983 2073 habita,

332 2104 400 2154 ut
429 2104 558 2154 erat
585 2099 887 2154 accinctus
919 2098 980 2152 in
1009 2104 1203 2153 castra
1232 2096 1531 2168 profectus
1558 2100 1664 2150 est.
1696 2096 1823 2150 Jam
1853 2109 1989 2149 vero

333 2187 693 2258 Enphratem
728 2186 1141 2242 transmittens
1173 2185 1247 2240 ad
1279 2190 1576 2239 tumorem
1606 2182 1784 2239 undae
1816 2183 1988 2239 verti-

330 2276 469 2347 gine
500 2281 591 2331 est
618 2281 951 2347 correptus,
995 2274 1276 2346 delapsus
1307 2274 1379 2329 de
1431 2290 1583 2345 equo
1636 2274 1699 2327 in
1751 2288 1990 2328 amnem

330 2365 742 2436 praecipitavit,
776 2366 950 2435 vique
974 2365 1244 2420 ﬂuminis
1273 2365 1542 2436 rapiente
1567 2363 1992 2418 miserabiliter

329 2454 648 2525 depressus
678 2455 993 2526 praemium
1025 2454 1415 2510 contumaciae
1438 2453 1893 2509 suifocationem
1917 2454 1979 2507 in

328 2544 627 2615 Euphrate
659 2550 1014 2599 consscutus
1045 2549 1156 2599 est.
1192 2547 1264 2599 At
1292 2543 1621 2614 imperator
1649 2543 1814 2598 omni
1847 2559 1983 2598 cum

332 2634 596 2689 exercitu
619 2632 1003 2704 percurrebat
1029 2633 1282 2705 Syriam,
1304 2633 1546 2687 nemine
1562 2633 1690 2705 jam
1714 2648 1783 2687 ex
1803 2632 1992 2688 hosti-

331 2723 443 2777 bus
473 2727 679 2777 contra
712 2722 1197 2793 veniente,quod,
1228 2722 1389 2777 fama
1408 2720 1694 2776 adventus
1726 2720 1857 2793 ejus
1891 2737 1989 2776 ex-

333 2812 546 2879 territi,
571 2811 633 2866 in
665 2810 913 2866 castella
936 2816 1112 2881 atque
1146 2810 1365 2883 oppida
1396 2826 1524 2867 sese
1552 2828 1659 2866 sua
1677 2812 1991 2866 concluse-

332 2906 490 2956 rant.
527 2900 612 2956 Ita
636 2900 737 2956 ubi
757 2900 927 2955 Emet
945 2900 1137 2954 tenuit
1164 2900 1487 2971 (munitum
1511 2900 1572 2955 id
1593 2905 1683 2955 est
1712 2905 1771 2955 et
1788 2898 1989 2954 nobile

335 2989 645 3062 oppidum)
677 2990 740 3043 in
799 2988 1165 3044 deditionem
1222 2988 1552 3054 redactum,
1584 2989 1988 3061 pecuniasque

332 3077 811 3135 innumerabiles
852 3077 924 3133 ab
957 3078 1273 3150 oppidanis
1322 3077 1713 3134 redemtionis
1741 3078 1987 3133 nomine

334 3170 586 3242 accepit,
619 3169 829 3224 castris
861 3168 1001 3222 inde
1032 3168 1211 3223 motis
1237 3185 1249 3235 ;
1285 3167 1669 3240 Miepharcim
1689 3167 1986 3240 proﬁcisci

334 3259 664 3315 contendit.
695 3259 777 3313 Ea
808 3261 899 3313 est
929 3257 1070 3313 urbs
1087 3257 1307 3313 nobilis
1338 3262 1398 3313 et
1425 3258 1769 3329 conspicua,
1794 3261 1852 3313 et
1873 3273 1989 3312 cce-

2094 684 2218 732 νης,
2274 667 2373 718 τοῦ
2430 663 2728 734 Βυζαντίου
2784 662 2993 741 ἀπάρας
3026 665 3055 719 ὁ
3085 661 3442 740 αὐτοκράτωρ
3472 666 3613 721 κατά
3642 670 3755 721 τῶν

2093 753 2437 827 Ἀγαρηνῶν,
2477 757 2586 808 τῶν
2643 753 2743 823 τήν
2797 750 2909 808 ἅνω
2968 751 3166 829 Συρίαν
3200 751 3523 824 οἷκούντων,
3557 752 3757 829 έστρίὶ-

2093 862 2266 899 τευσε.
2321 842 2424 900 Καὶ
2482 841 2621 914 δῆτα
2695 845 2795 914 τὴν
2881 843 3169 920 μεσογαίαν
3227 840 3605 918 περιοδεύσας,
3662 846 3756 901 τὸν

2096 931 2380 1008 Εὐφράτην
2445 931 2769 1009 ἐπεραιώθη.
2838 934 3111 1009 Μέγιστος
3169 930 3228 989 δὲ
3284 933 3443 996 οὗτος
3498 938 3607 989 τῶν
3652 936 3754 1005 τήν

2093 1020 2279 1076 Ἀσίαν
2335 1018 2736 1096 διατεμνόντων
2795 1026 3079 1096 ποταμῶν,
3136 1022 3227 1077 καὶ
3287 1023 3363 1087 εἶς
3414 1027 3524 1078 τῶν
3568 1022 3629 1079 ἐκ
3649 1030 3750 1094 τῆς

2097 1107 2261 1183 Ἐδὲμ
2310 1110 2651 1187 ὁρμωμένων
2705 1113 2774 1183 ³ο,
2832 1113 2907 1174 ὼς
2960 1112 3021 1167 ἐκ
3073 1118 3174 1182 τῆς
3218 1112 3363 1177 θείας
3403 1119 3624 1191 Γραφῆς
3657 1134 3751 1186 με·

2098 1200 2441 1274 μαθήκαμεν.
2524 1201 2784 1258 Ἐνταῢθά
2838 1222 2923 1266 τις
3006 1200 3057 1256 ἐν
3126 1202 3495 1280 ὐπογραφεῦσι
3552 1202 3750 1274 τελῶν,

2096 1289 2344 1359 Νικήτας
2400 1289 2835 1364 ὀνομαζόμενος,
2894 1289 2973 1353 είς
3026 1288 3188 1366 ἄκρον
3243 1289 3498 1366 γνώσεως
3541 1291 3752 1362 ἐληλα-

2094 1377 2205 1441 κὼς
2256 1376 2345 1432 καὶ
2405 1377 2689 1448 συνέσεως,
2747 1376 2893 1456 ἄγων
2977 1379 3112 1435 αὐτὸ
3164 1381 3264 1449 τῆς
3330 1379 3552 1449 ἡλικίας
3616 1380 3751 1456 βιώ-

2097 1486 2278 1539 σιμον,
2340 1471 2418 1539 τῷ
2504 1466 2722 1544 βασιλεῖ
2810 1470 2951 1524 κατά
3027 1468 3232 1540 ταύτην
3313 1466 3597 1546 δυστυχῶς
3652 1470 3753 1539 τὴν

2095 1554 2438 1629 ἐκστρατείαν
2478 1557 2779 1629 συνείπετο,
2835 1556 3025 1614 πολλά
3076 1562 3174 1614 τοῦ
3222 1559 3419 1637 φύντος
3481 1559 3558 1633 μὴ
3587 1558 3750 1614 τοῦτο

2093 1643 2350 1718 πράττειν
2428 1643 2965 1724 προσλιπαροῦντος,
3052 1647 3324 1725 οἰκουρεῖν
3411 1645 3470 1704 δὶ
3531 1647 3748 1723 μᾶλλον

2095 1733 2185 1789 καὶ
2237 1742 2605 1813 γηροτροφεῖν
2662 1738 2754 1793 τὸν
2812 1740 3039 1794 τεκόντα
3112 1739 3483 1815 προσέποντος
3533 1740 3605 1812 3‘,
3660 1738 3752 1794 κειἶ

2094 1823 2258 1879 αὐτὸν
2311 1824 2625 1900 θεραπεύειν
2694 1825 2772 1889 είς
2850 1823 3104 1900 δύναμιν,
3164 1828 3290 1902 περὶ
3352 1829 3561 1904 γήραος
3617 1827 3755 1900 έλη-

2096 1911 2304 1969 λακότα
2355 1911 2522 1987 οὐδῷ,
2580 1916 2671 1970 καὶ
2721 1916 2860 1991 πρὸς
2904 1916 3000 1979 τὰς
3027 1921 3130 1972 τοῦ
3164 1917 3285 1992 βίου
3314 1916 3440 1972 ὅσον
3473 1918 3627 1974 οὕπω
3659 1917 3755 1974 δυ-

2094 2001 2234 2074 σμὰς
2291 2001 2665 2079 ἐπειγόμενον.
2719 2005 2777 2057 '0
2835 2003 2913 2073 δὲ,
2968 2010 3078 2060 τῶν
3131 2010 3233 2061 τοῦ
3280 2006 3487 2080 πατρὸς
3514 2006 3750 2062 ἐντολῶν

2093 2090 2168 2152 ὡς
2198 2091 2301 2146 οὐκ
2331 2089 2540 2168 ὤφελεν
2600 2092 2903 2168 ἀλογήσας,
2956 2094 3048 2149 καὶ
3103 2096 3251 2171 παρὰ
3285 2094 3490 2173 φαῦλον
3524 2096 3750 2168 έπισκή-

2092 2182 2212 2253 ψεις
2268 2181 2364 2243 τὰς
2422 2179 2631 2236 ἐκείνου
2686 2181 2936 2255 θέμενος,
2985 2183 3061 2247 ὡς
3110 2184 3254 2259 εἶχεν
3298 2183 3754 2259 ένσκευασάμενος

2092 2265 2181 2343 ᾔει
2211 2269 2352 2342 πρὸς
2400 2269 2462 2324 τὸ
2510 2268 2898 2342 στρατόπεδον.
2958 2277 3121 2345 ’Ἄρτι
3170 2272 3228 2328 δὲ
3253 2273 3346 2329 τὸν
3379 2274 3627 2349 ποταμὸν
3653 2296 3753 2331 πε-

2095 2356 2415 2431 ραιούμενος
2469 2358 2609 2434 πρὸς
2657 2367 2758 2427 τήν
2835 2356 3138 2438 πληθώραν
3188 2362 3236 2399 ³³
3294 2362 3604 2439 ίλιγγίάσας
3654 2365 3752 2419 τοῦ

2092 2444 2310 2517 ὕδατος,
2339 2451 2438 2502 τοῦ
2463 2446 2640 2503 ’ίππου
2670 2448 3023 2522 έξολισθήσας
3079 2450 3167 2507 ἐπὶ
3218 2452 3313 2508 τὸν
3371 2453 3623 2527 ποταμὸν
3653 2475 3750 2510 κα-

2090 2533 2399 2611 ταφέρεται,
2455 2539 2535 2608 τῷ
2583 2557 2644 2592 τε
2703 2536 2875 2613 ῥοθίῳ
2919 2541 3275 2616 παρασυρεὶς,
3333 2540 3585 2604 ἰλεεινῶς
3616 2544 3750 2597 ἀπο-

2092 2623 2358 2699 πνίγεται,
2390 2623 2646 2700 ἐπίχειρα
2696 2627 2795 2696 τῆς
2843 2634 3126 2704 παρακοῆς
3157 2631 3258 2699 τὴν
3291 2629 3344 2685 ἐν
3373 2634 3457 2703 τῷ
3485 2631 3747 2709 Εὐφράτῃ

2094 2713 2530 2788 ἀπενεγκάμενος
2587 2718 2917 2791 πνιγμονὴν.
2960 2717 3023 2774 Ὀ
3067 2714 3127 2773 δὲ
3179 2717 3435 2794 βασιλεὺς
3463 2719 3558 2775 σὺν
3589 2721 3750 2776 παντὶ

2091 2805 2171 2874 τῷ
2225 2802 2586 2876 στρατεύματι
2643 2806 2840 2881 Συρίαν
2917 2806 3263 2881 κατέτρεχεν,
3323 2806 3545 2872 οὐδενὸς
3600 2810 3752 2882 αὐτῷ

2090 2891 2396 2948 ἀντιπάλου
2426 2894 2946 2970 ἀντικαθισταμένου
2989 2902 3097 2953 τῶν
3149 2896 3455 2973 δυσμενῶν,
3487 2904 3556 2976 τῇ
3589 2903 3748 2979 φήμῃ

2091 2989 2192 3053 τῆς
2242 2980 2441 3061 ἐφόδου
2528 2986 2744 3040 πάντων
2823 2986 3280 3064 κατάπλαγέντων
3345 2991 3436 3045 καὶ
3498 2998 3751 3066 συγκλει-

2094 3073 2327 3136 σθέντων
2381 3070 2470 3128 ἐπὶ
2526 3073 2592 3129 τά
2648 3078 2797 3153 σφῶν
2855 3076 3091 3153 φρούριά
3144 3098 3205 3133 τε
3248 3078 3339 3134 καὶ
3378 3078 3746 3153 πτολίσματα.

2093 3162 2196 3217 Καὶ
2254 3158 2390 3231 δῆτα
2443 3163 2507 3218 τὸ
2562 3164 2735 3237 Ἕμετ
2787 3162 2974 3235 (πόλις
3027 3163 3087 3221 δὲ
3141 3166 3277 3238 αὕτη
3328 3169 3508 3245 ὁχυρά
3533 3168 3624 3224 καὶ
3650 3190 3751 3225 πε-

2093 3252 2348 3329 ριφάνής)
2427 3249 2753 3309 καταλαϐὼν
2832 3255 2923 3310 καὶ
3004 3254 3153 3331 λόγῳ
3241 3259 3746 3333 ύποποιησάμενος,

330 3350 497 3415 teris,
531 3353 826 3419 quotquot
853 3362 960 3419 per
1009 3346 1136 3402 haec
1187 3347 1321 3402 loca
1375 3305 1983 3419 habitantur,,opibus

2095 3305 2175 3412 I[l'.l
2408 3339 2499 3394 καὶ
2559 3339 2733 3415 λύτρα
2792 3337 2977 3397 λαϐὼν
3036 3305 3266 3419 ἀρίίὶμὸν
3330 3305 3746 3423 ὐπερϐαίῖοντάζ

329 3438 724 3512 gregibusque
738 3435 1320 3501 antecellens.Quam
1338 3453 1474 3492 cum
1493 3437 1634 3492 item
1653 3439 1691 3491 1
1706 3436 1807 3492 62
1825 3453 1984 3491 com-

327 3528 624 3600 positione
664 3526 777 3583 sibi
830 3525 1256 3597 subjunxisset,
1318 3525 1591 3598 donaque
1649 3526 1987 3597 conquisita

329 3616 593 3689 plurima
621 3620 680 3670 et
703 3614 1110 3687 pulcherrima
1138 3632 1209 3670 ex
1229 3631 1395 3684 auro,
1428 3619 1693 3687 argento,
1725 3614 1987 3670 vestibus

333 3722 478 3762 auro
507 3705 704 3776 pictis,
740 3703 1069 3775 accepisset
1098 3703 1172 3758 ab
1201 3704 1536 3775 oppidanis,
1578 3704 1827 3759 Nisibim
1856 3720 1989 3759 ver-

334 3811 436 3850 sus
461 3794 673 3849 movit:
706 3792 864 3848 unde
892 3809 1140 3865 magnus
1167 3794 1439 3861 Jacobus,
1459 3793 1732 3849 antistitii
1759 3793 1990 3849 clavum

337 3889 572 3951 tenens,
598 3882 1158 3954 Persasingeutibus
1176 3883 1363 3954 copiis
1386 3882 1634 3937 Nisibim
1651 3881 1990 3938 adorientes

338 3972 552 4041 arcuit,
575 3971 735 4043 quod
768 3987 1105 4026 muscarum
1139 3971 1259 4026 illis
1289 3972 1668 4043 culicumque
1717 3973 1992 4027 examina

336 4080 444 4136 pro
467 4061 731 4118 exercitu
754 4060 1143 4126 immitteret,
1165 4060 1227 4115 in
1247 4060 1567 4133 fugamque
1615 4061 1688 4117 iis
1712 4061 1990 4134 evestigio

333 4152 540 4219 versis,
574 4151 773 4206 hostes
804 4150 915 4205 hoc
947 4155 1117 4221 pacto
1148 4149 1454 4206 refutaret.
1483 4149 1547 4205 Id
1578 4150 1862 4222 oppidum
1888 4149 1990 4205 de-

334 4248 560 4300 sertum
578 4240 803 4313 reperit
822 4241 1167 4312 imperator,
1196 4242 1337 4311 quia
1356 4245 1736 4296 excesserant
1754 4239 1987 4296 habita-

331 4340 493 4389 tores
522 4331 876 4403 irruptionis
910 4331 1311 4387 Romanorum
1341 4335 1527 4395 metu,
1571 4329 1827 4403 fugaque
1860 4346 1990 4386 sese

330 4422 405 4479 ad
437 4421 725 4477 interiora
753 4426 1128 4492 receperant.

2091 3426 2293 3492 ἐκεῖθεν
2368 3428 2631 3503 ὁρμηθεὶς
2706 3431 2845 3504 πρὸς
2914 3432 2977 3487 τὸ
3050 3436 3370 3513 Μιεφαρκὶμ
3467 3436 3746 3513 ἠπείγετο.

2094 3518 2260 3574 Ἀστυ
2291 3515 2349 3573 δὶ
2375 3522 2538 3574 τοῦτο
2588 3520 2877 3598 περιφανὶς
2931 3522 3021 3577 καὶ
3079 3519 3471 3600 περίϐλεπτον,
3520 3524 3748 3599 πλούτῳ

2095 3626 2155 3661 τε
2190 3606 2280 3662 καὶ
2341 3608 2656 3684 βοσκήμασι
2704 3612 2814 3665 τῶν
2873 3608 3060 3666 ἄλλων
3122 3612 3444 3689 ὑπερτεροῦν
3475 3615 3749 3670 τῶνκατά

2096 3696 2188 3751 τὸν
2221 3696 2379 3752 αὐτὸν
2439 3702 2625 3775 χῶρον
2686 3697 3127 3774 πεπολισμένων.
3186 3702 3294 3759 Καὶ
3352 3702 3482 3759 αὐτὸ
3514 3701 3572 3759 δὲ
3599 3703 3752 3781 λόγῳ

2097 3786 2609 3861 παραστησάμενος,
2666 3789 2757 3843 καὶ
2812 3787 3045 3846 πλεῖστα
3112 3790 3202 3847 καὶ
3276 3790 3546 3850 κάλλιστα
3601 3790 3754 3868 δῶρα

2100 3876 2153 3931 ἐν
2212 3881 2403 3953 χρυσῷ
2457 3876 2548 3932 καὶ
2603 3876 2829 3954 ἀργύρῳ
2882 3880 2973 3935 καὶ
3031 3881 3449 3957 χρυσοστίκτοις
3504 3883 3753 3962 ὑφάσμα-

2101 3987 2182 4021 σιν
2216 3969 2332 4040 (34)
2360 3965 2661 4040 έταζόμενα
2716 3968 2852 4043 πρὸς
2904 3972 3012 4024 τῶν
3074 3969 3126 4026 έν
3186 3970 3336 4045 αὐτῷ
3361 3972 3632 4028 κατοίκων
3662 3972 3755 4027 ἀν-

2101 4055 2372 4128 ειληφὼς,
2425 4054 2513 4111 ἐπὶ
2566 4057 2664 4126 τήν
2724 4053 2937 4115 Νίσιϐιν
2985 4059 3033 4096 ³³
3084 4058 3239 4117 ἵεταυ
3288 4062 3403 4127 καθ’
3431 4063 3498 4133 ἣν
3532 4063 3560 4117 ὁ
3595 4064 3759 4137 μέγας

2101 4140 2381 4216 Ἰάκωϐος,
2457 4148 2565 4201 τῶν
2666 4145 2972 4220 ἐπισκοπῆς
3047 4150 3250 4206 οἱάκων
3327 4149 3757 4226 ἐπειλημμένος,

2102 4234 2332 4312 Ηέρσαις
2387 4237 2434 4274 ³⁴
2492 4236 2719 4314 μεγάλῳ
2774 4244 2987 4316 στρατῷ
3044 4240 3333 4298 ἐπελθοῦσι
3368 4244 3504 4299 κατὰ
3529 4250 3631 4314 τῆς
3658 4247 3759 4301 Νιρ-

2101 4322 2297 4391 σίϐεως
2325 4328 2598 4401 ἠμύνατο,
2627 4334 2867 4386 σκνιπῶν
2898 4330 3084 4397 αὐτοῖς
3128 4332 3221 4388 καὶ
3250 4333 3534 4389 κωνώπων
3567 4336 3755 4408 σμήνη

2098 4416 2566 4492 ἀντιπρατεύσας,
2649 4418 2741 4474 καὶ
2815 4416 3055 4498 φυγάδας
3133 4422 3543 4497 παρασκευάσας
3601 4424 3756 4495 ἐξαυ-

327 4517 450 4582 τῆς,
506 4510 597 4565 καὶ
655 4509 835 4583 τούτῳ
888 4513 969 4582 τῷ
1021 4510 1213 4583 τρόπῳ
1268 4508 1398 4573 τοὺς
1452 4506 1734 4582 δυσμενεῖν
1786 4507 2318 4585 καταγωνισάμενος.
2378 4509 2483 4564 "HV
2548 4509 2637 4563 καὶ
2694 4507 2950 4581 ἀοίκητον
3011 4510 3160 4588 εὗρεν
3212 4512 3240 4566 ὁ
3302 4511 3583 4588 βασιλεὺς,
3641 4518 3752 4569 τῶν

1532 4692 1594 4747 C.
1635 4692 1698 4748 Β.
1740 4690 1933 4748 HASII
1986 4689 2547 4749 ANNOTATIONES.

400 4869 448 4905 ⁸ο
476 4867 840 4942 ὁρμωμένων.
875 4868 1006 4924 Vid.
1041 4885 1221 4942 supra
1257 4870 1346 4925 88.
1380 4873 1448 4926 Δ.
1524 4867 1569 4905 ³¹
1601 4866 1987 4943 προσὲποντος.

2095 4886 2121 4926 c
2157 4868 2287 4926 cod.
2366 4871 2413 4907 ⁸³
2442 4868 2745 4948 πληρώραν
2787 4874 2919 4931 cod.
2996 4872 3044 4910 ³³
3095 4869 3325 4932 Νίσιϐον
3359 4878 3488 4935 cod.
3565 4876 3614 4913 ³⁴
3639 4877 3748 4933 Ηέ-

330 4978 509 5035 ρσαις.
541 4957 634 5014 Sic
660 4957 791 5013 cod.

325 5133 645 5212 expedition
675 5131 767 5212 des
808 5130 1089 5212 Chrgtiens
1114 5133 1251 5212 glans
1284 5132 1363 5212 la_
1396 5133 1690 5212 questz‘nc,
1744 5135 1986 5212 traduipts
2013 5136 2061 5202 D
2094 5134 2881 5212 miscem_Censtantinopoli
2912 5140 3131 5197 obiisse
3180 5140 3276 5198 die
3311 5160 3368 5200 ι.
3399 5145 3665 5202 Januarii
3695 5162 3749 5202 a.

323 5203 764 5264 dil’Arménien
794 5220 860 5258 en
889 5204 1155 5271 Francais
1178 5221 1289 5274 par
1319 5206 1381 5258 F.
1411 5206 1620 5261 Martia
1639 5205 1702 5260 in
1731 5210 1983 5276 magasin

323 5277 821 5349 Encyclopedique,
854 5276 1172 5349 Septembre
1206 5276 1840 5349 t_8tt.pCumiannalib.
1873 5281 1982 5333 Ar-

322 5346 539 5407 meniis
559 5346 801 5420 egregie
833 5347 1134 5421 consentit
1178 5346 1641 5421 Abulpharajius
1683 5349 1827 5404 Hist.
1864 5351 1976 5421 Dy.

322 5429 477 5479 nast.
512 5418 635 5476 315'.
673 5418 731 5473 BI
757 5418 858 5489 qui
902 5420 1199 5473 Romanos
1247 5418 1320 5473 ab
1351 5419 1479 5490 ipso
1510 5420 1845 5476 Domestico
1868 5418 1976 5476 du-

325 5502 471 5558 ctos,
509 5490 1028 5574 Domesticurnque
1059 5496 1297 5574 captum
1327 5507 1461 5574 esse
1495 5491 1840 5574 sc.ril_)it.__Ad
1871 5510 1973 5549 an-

325 5584 471 5623 num
503 5568 852 5689 sequentem
882 5562 1005 5616 973.
1042 5563 1345 5633 pertinent
1384 5562 1679 5644 expeditio
1707 5565 1972 5635 Mesopo-

323 5638 543 5693 tamica
613 5651 863 5689 zimiscae
883 5635 1018 5703 (Leo
1038 5636 1124 5688 99.
1159 5635 1244 5707 Ο.)
1278 5634 1598 5704 Βοειιιιῳιθ
1624 5636 1974 5707 patriarchae

2095 5208 2404 5289 sequentis
2435 5211 2561 5289 97ίξΣ
2591 5208 2891 5289 eirLe—one
2940 5213 3201 5268 dilucide
3241 5214 3615 5273 demonstrat
3644 5220 3754 5273 Pa-

2092 5280 2224 5351 gius
2254 5280 2454 5351 critic.
2488 5281 2578 5337 IV.
2616 5285 2705 5340 37.
2741 5286 2801 5339 Α.

2161 5352 2274 5423 (34)
2307 5350 2709 5423 Χρυσόστικτος
2743 5372 2863 5410 non
2915 5360 3005 5411 est
3060 5356 3121 5411 in
3181 5358 3449 5415 Lexicis:
3482 5361 3595 5417 Leo
3625 5360 3750 5417 for-

2085 5426 2240 5507 tasse
2271 5424 2452 5507 habet
2482 5428 2638 5507 ex.S.
2673 5426 2978 5507 Clemente
3009 5428 3326 5507 Alexandr.
3360 5432 3746 5507 P_aa_dag._160.

2084 5493 2146 5548 Β.
2180 5493 2588 5578 χρυσᾷστικτοί¹
2618 5516 2678 5551 τε
2731 5498 2822 5578 καὶ
2881 5495 3152 5578 χελώνης
3199 5502 3262 5574 [f.
3317 5493 3617 5578 χελώναῖς]
3648 5524 3749 5558 πε-

2081 5564 2440 5649 ποικιλμέναι
2481 5566 2693 5649 ’κοίτης
2747 5564 3049 5649 κλισιάδες,
3087 5564 3514 5649 ζΧεζῖισοσῖτιγής,
3537 5648 3549 5649 7
3574 5564 3744 5649 teque

2084 5637 2310 5718 Lexicis
2331 5641 2623 5718 ignotum,
2636 5641 2865 5718 legitur
2893 5644 3050 5715 apud
3082 5643 3141 5699 S.
3164 5637 3383 5718 'Epipb.
3400 5637 3746 5705 'D'e'duode-

333 5707 645 5783 depositio,
679 5707 750 5759 de
778 5722 896 5776 qua
924 5708 1039 5783 100.
1077 5707 1138 5760 Ι).
1171 5706 1244 5760 ad
1272 5722 1498 5783 annum
1520 5706 1644 5783 974-.
1679 5708 1973 5783 expeditio

2095 5709 2201 5764 :im
2230 5706 2447 5783 gemin.
2476 5716 2561 5769 Η.
2591 5706 2809 5770 227ΪΟ.

330 5780 394 5837 in
418 5776 674 5850 Syriam,
731 5783 791 5833 et
854 5782 1100 5832 cometae
1150 5784 1314 5833 ortus
1344 5777 1498 5851 (vide
1548 5782 1675 5835 104.
1712 5776 1971 5852 Α’.)Τιὶ-
