4118 6432
426 403 543 464 889

1791 405 2189 467 HlSTORLE
2231 405 2378 466 LIB.
2427 407 2502 466 Χ.

3728 415 3849 474 890

415 533 617 606 ταύτην
679 533 968 590 οἰκούντων
1028 531 1133 590 δέιι
1218 541 1320 604 τῆς
1375 536 1692 608 Ῥωμαῖκῆς
1747 536 2085 612 ἂκστρατείας
2146 539 2609 611 μεταναστάντων,
2686 541 2777 594 καί
2836 535 3096 618 φυγαδείᾳ
3148 541 3520 618 χρησαμένων
3579 546 3713 617 πρὸς
3779 547 3845 600 τά

419 622 702 701 ἐνδότερα.

493 725 556 797 β’.
584 721 961 799 Καταδραμὼν
994 723 1084 777 οὖν
1117 725 1217 793 τὴν
1275 725 1617 800 περίχωρον,
1644 725 1736 780 καὶ
1795 725 2070 781 ὑπόσπον-
2100 733 2159 797 Α

419 811 510 868 δον
541 812 835 884 Ῥωμαίοις
863 811 1068 883 ταύτην
1128 814 1377 886 θέμενος,
1438 816 1697 891 ἠπείγετο
1752 815 1841 870 καὶ
1877 816 2076 892 μέχρις

421 905 765 969 Ἐκϐατάνων
820 909 1128 982 ἀφικέσθαι,
1172 908 1265 966 ’ίνα
1321 913 1390 966 τά
1444 916 1551 966 τῶν
1614 914 1932 989 Ἀγαρηνῶν
1985 935 2086 968 τυ-

423 1006 636 1075 ραννεῖα
691 999 1038 1071 καθέστηκεν,
1088 1000 1370 1073 ἀμύθητον
1429 1000 1665 1078 ἄργυρον
1719 1002 1811 1058 καὶ
1873 1005 2080 1079 χρυσὸν

422 1091 512 1146 καὶ
567 1094 802 1145 πλοῦτον
863 1087 1210 1145 παντοδαπὸν
1277 1086 1429 1146 ἔνδον
1487 1092 1816 1167 κατέχοντα,
1876 1092 1927 1164 ἐξ
1960 1093 2082 1148 ἐπι-

423 1178 636 1254 δρομῆς
665 1180 756 1235 καὶ
797 1184 964 1236 ταῦτα
990 1178 1134 1235 ἑλεῖν
1177 1181 1655 1256 προθυμούμενος.
1691 1184 1920 1259 Λέγεται
1979 1185 2081 1257 γάρ

424 1277 532 1326 τῶν
567 1269 754 1328 ἄλλων
784 1271 1001 1327 πόλεων
1066 1269 1303 1345 μᾶλλον,
1356 1275 1475 1328 ὅσαι
1523 1273 1773 1330 τελοῦσιν
1846 1275 1950 1330 ὑπὸ
1987 1275 2079 1330 τὸν

419 1361 609 1431 ἣλιον,
641 1356 960 1417 πολύολϐον
1022 1362 1112 1416 καὶ
1171 1360 1529 1439 πολύχρυσον
1577 1367 1676 1435 τὴν
1727 1359 2074 1422 Ἐκϐατάνων

417 1449 702 1506 πολιτείαν
726 1452 924 1507 τελεῖν.
963 1451 1148 1508 Αἴτιον
1176 1450 1233 1507 δὲ
1259 1453 1322 1508 τὸ
1354 1453 1413 1509 lx
1457 1453 1687 1510 πολλῶν
1750 1455 1844 1528 μὲν
1877 1455 2080 1530 χώρων

419 1542 588 1611 αὐτὴν
620 1542 1057 1618 χρηματίζεσθαι
1091 1543 1158 1612 ³⁸,
1193 1542 1469 1618 μηδεμίαν
1504 1543 1561 1599 δὶ
1591 1551 1802 1621 προτοῦ
1832 1550 1940 1601 τῶν
1991 1543 2083 1600 δυ-

418 1639 632 1705 σμενῶν
667 1633 960 1705 ὑπομένειν
991 1631 1368 1709 καταδρομήν.
1413 1633 1590 1693 Ἀλλά
1618 1636 1719 1710 γὰρ
1754 1635 1952 1692 ἐπέσχε
1981 1637 2082 1705 τήν

414 1722 615 1777 τούτου
639 1725 818 1796 ὁρμὴν
846 1725 880 1793 ἡ
914 1743 970 1777 τε
1003 1721 1294 1799 λειψυδρία
1332 1727 1438 1779 τῶν
1471 1725 1655 1780 τόπων
1687 1727 1778 1780 καὶ
1809 1728 1844 1795 ἡ
1893 1723 2083 1787 σπάνις

420 1825 531 1875 τῶν
584 1821 916 1896 ἀναγκαίων.
973 1821 1038 1876 ἸΙ
1115 1823 1214 1896 γὰρ
1302 1820 1671 1896 ἐπιλεγομένη
1745 1829 2082 1898 Καρμανῖτις

419 1907 629 1985 ἔρημος
663 1908 753 1965 διὰ
779 1915 885 1966 τῶν
915 1908 1090 1965 ἰκεῖσε
1145 1909 1372 1986 χωρίων
1435 1910 1634 1983 διήκει,
1675 1917 1939 1988 τραχεῖαν
1991 1911 2082 1967 καὶ

417 2000 619 2071 ἀνάντη
650 1996 1085 2072 προϐαλλομένη
1121 1997 1272 2070 ὁδὸν,
1325 2001 1418 2056 καὶ
1478 2005 1616 2074 μήτε
1657 2000 1805 2078 ὕδωρ
1856 2001 2083 2076 βλυστά-

417 2109 585 2143 νουσα
614 2093 749 2162 (35),
814 2091 953 2160 μήτε
1015 2089 1248 2164 βοτάνην
1305 2084 1806 2160 ἀναϐλαστάνουσα,
1858 2091 2080 2169 ψαφαρά
2117 2112 2162 2176 Β

418 2201 502 2241 τις
536 2180 666 2234 οὖσα
697 2181 787 2234 καὶ
821 2177 1074 2253 ἄνικμος.
1135 2179 1239 2235 Διά
1292 2186 1462 2236 ταῦτα
1491 2183 1540 2218 3°
1591 2184 1729 2258 πρὸς
1785 2187 1893 2238 τῶν
1929 2184 2084 2258 Ἀγα-

423 2275 604 2344 ργ,νῶν
639 2269 787 2342 αὐτῷ
842 2269 1226 2345 προσαχθέντα
1285 2268 1434 2347 δῶρα
1493 2272 1973 2345 ἑνσκευασάμενος,
2031 2271 2084 2328 ἐν

423 2363 646 2434 μυριάσι
698 2359 1038 2433 τριακοσίαις
1095 2360 1335 2434 ἀργύρου
1408 2361 1498 2416 καὶ
1552 2366 1762 2438 χρυσοῦ
1822 2363 2090 2438 ἀριθμού-

426 2469 581 2521 μενα,
615 2449 692 2510 εἰς
719 2449 783 2503 τὸ
818 2450 1110 2517 Βυζάντιον
1171 2448 1506 2520 ἐπανὲζευξε,
1566 2451 1654 2505 καὶ
1711 2451 1804 2506 τόν
1857 2472 1916 2506 τε
1947 2470 2083 2526 χρυ-

417 2540 510 2592 σὸν
541 2540 630 2594 καὶ
677 2540 768 2594 τὸν
829 2540 1066 2615 ἄργυρον
1137 2539 1227 2594 καὶ
1279 2541 1348 2594 τὰ
1398 2541 1458 2594 ἐκ
1517 2545 1713 2614 Σηρῶν
1776 2543 2086 2620 ὑφάσματα,

423 2627 512 2681 καὶ
547 2628 834 2702 ἀρώματα,
867 2628 956 2682 καὶ
990 2627 1089 2683 ὅσα
1119 2629 1257 2704 πρὸς
1306 2634 1412 2683 τῶν
1471 2631 1790 2704 Ἀγαρηνῶν
1824 2630 2088 2708 ἀνείληφε

421 2719 594 2794 δῶρα,
657 2716 746 2773 διά
806 2724 907 2788 τῆς
967 2719 1172 2794 ἀγορᾶς
1229 2713 1622 2793 ἐθριάμϐευσε,
1697 2723 1806 2774 τῶν
1855 2721 2085 2774 ἀστικῶν

417 2811 711 2882 θεωμένων
742 2808 832 2863 καὶ
863 2810 927 2864 τὸ
971 2807 1187 2874 πλῆθος
1243 2809 1422 2863 αὐτῶν
1481 2809 1891 2882 θαυμαζόντων,
1925 2808 2092 2882 φιλο-

412 2906 667 2979 τίμωςτε
695 2911 890 2961 τοῦτον
964 2903 1422 2980 ὑποδεχομένων,
1487 2907 1578 2960 καὶ
1641 2907 1737 2960 σὺν
1793 2905 2087 2985 εὐφημίαις

420 2995 861 3070 προπεμπόντων
895 2993 972 3057 εἷς
1031 2995 1098 3048 τὰ
1143 2993 1422 3069 βασίλεια,
1467 2999 1587 3056 τοῖς
1637 2995 1917 3057 τοιούτοις
1959 3015 2091 3069 τρο-

418 3085 606 3146 παίοις
638 3082 1026 3157 κλεῖζόμενον.
1057 3087 1370 3154 Τηνικαῦτα
1407 3083 1497 3139 καὶ
1531 3086 1646 3156 (36)
1680 3085 1708 3138 ὁ
1739 3086 2089 3160 πατριάρχης

421 3172 738 3247 Βασίλειος,
776 3173 966 3248 φθόνῳ
994 3178 1102 3228 τῶν
1135 3172 1450 3228 ἐπισκόπων
1478 3169 1798 3241 διαϐληθεὶς
1828 3175 1967 3249 πρὸς
1997 3175 2087 3229 τὸν

419 3263 815 3340 αὐτοκράτορα,
869 3265 943 3327 ὡς
975 3261 1041 3334 δή
1076 3285 1181 3318 τινι
1213 3268 1319 3318 τῶν
1351 3265 1492 3339 μέγα
1519 3265 1602 3338 [Ρ.
1668 3267 1794 3338 101]
1856 3261 2088 3337 δυναμὲ-

419 3378 523 3410 νων
555 3356 667 3430 χρᾷ
698 3356 806 3424 τήν
833 3361 934 3423 τῆς
967 3354 1270 3429 ἡγεμονίας
1325 3354 1526 3430 ἀρχὴν,
1584 3353 1675 3409 καὶ
1729 3356 1798 3408 τά
1824 3362 1924 3425 τῆς
1975 3357 2094 3411 Ἐκ-

419 3445 662 3517 κλησίας
696 3444 795 3500 ούκ
829 3443 1034 3499 εὐθύνει
1086 3444 1224 3508 καοά
1281 3443 1372 3499 καὶ
1431 3444 1568 3520 πρὸς
1628 3448 1736 3498 τῶν
1795 3445 1954 3499 θείων
1988 3466 2086 3500 κα-

420 3534 595 3589 νόνων
626 3535 964 3606 νενόμισται,
998 3532 1075 3594 εἷς
1140 3533 1203 3587 τὸ
1268 3530 1552 3607 βασιλικὸν
1613 3531 1946 3588 εἷ’σεκαλεῖτο
2007 3531 2088 3589 δι·

417 3625 740 3698 καστήριον.
775 3620 1019 3679 Ἐπεὶδέ
1073 3623 1151 3694 μή
1205 3623 1444 3693 ἀπήντα,
1522 3621 1650 3678 ἀλλ’
1696 3623 2085 3695 οἷ’κουμενικὴν

420 3711 703 3787 ἀντέλεγεν
778 3710 1206 3786 ἰσχυριζόμενος
1261 3712 1610 3785 ἀθροισθῆναι
1671 3708 1936 3780 σύνοδον,
1995 3712 2085 3766 καὶ

417 3805 720 3872 τηνικαῦτα
793 3797 1153 3864 διαλύσασθαι
1209 3801 1276 3854 τά
1353 3798 1676 3874 ἐγκλήματα
1737 3804 1915 3872 (τοῦτο
1980 3801 2083 3877 γὰρ

423 3889 720 3966 βούλεσθαι
751 3889 842 3944 καὶ
892 3890 960 3943 τὰ
1015 3893 1126 3942 τῶν
1187 3888 1441 3964 Πατέρων
1492 3889 1824 3952 θεόπνευστα
1879 3910 2086 3964 παραγ-

415 3979 666 4056 γέλματα
703 4024 717 4049 ,
782 3978 1169 4052 οἷ’κουμενικήν
1226 3978 1313 4033 ἐπὶ
1371 3980 1718 4055 πατριάρχου
1775 3978 2082 4056 καθαιρέσει

415 4083 832 4153 συγκροτεῖσθαι
865 4073 1140 4150 σύνοδον)’
1169 4076 1246 4139 είς
1275 4078 1338 4132 τὸ
1393 4077 1531 4133 κατά
1585 4075 1681 4133 τὸν
1716 4076 2075 4154 Σκάμανδρον

415 4167 612 4224 τελοῦν
639 4167 1085 4245 φροντιστήριον,
1119 4165 1251 4242 ὅπερ
1313 4167 1474 4229 αὐτὸς
1505 4164 1784 4241 ἐδείματο,
1815 4168 1953 4244 πρὸς
1977 4172 2078 4224 τοῦ

422 4255 695 4332 βασιλέως
725 4256 1116 4332 περιορίζεταιο
1165 4256 1303 4330 ἀνὴρ
1363 4258 1599 4333 ἄτροφος
1650 4255 1846 4332 σχεδόν
1906 4279 1964 4312 τε
1991 4257 2080 4313 καὶ

420 4347 681 4420 ἄσαρκος,
713 4345 762 4418 ἐξ
795 4346 1021 4401 ἁπαλῶν
1071 4345 1282 4420 ὀνύχων
1334 4345 1652 4417 ἀπητικοῖς
1709 4346 1917 4421 ἀγῶσιν
1948 4347 2080 4422 ὑπὲρ

412 4445 572 4523 φύσιν
613 4445 1110 4522 ἐγγυμνασάμενος,
1168 4444 1461 4521 ἀμπεχόνῃ
1519 4447 1869 4522 κεχρημένος
1933 4444 2078 4522 θέρει

408 4553 469 4588 τε
493 4532 581 4588 καὶ
607 4537 848 4608 χειμῶνι
880 4537 1000 4606 μιᾷ,
1031 4531 1122 4589 καὶ
1151 4532 1324 4608 ταύτῃ
1360 4534 1437 4607 μὴ
1496 4531 1902 4608 ἀπεκδυόμενος
1945 4538 2081 4606 (37),

2261 731 2312 783 2.
2347 730 2434 784 Ita
2459 733 2682 785 vastata
2702 746 2770 786 ac
2794 730 2856 785 in
2880 731 3282 787 Romanorum
3306 731 3595 788 ditionem
3609 736 3850 792 redacta

2184 818 2510 882 vicinitate,
2545 819 2903 891 properabat
2956 821 3256 877 Ecbatana
3287 839 3476 893 usque
3509 831 3848 898 penetrare,

2185 908 2284 962 ubi
2315 908 2744 965 Saracenorum
2765 911 3094 966 constituta
3116 912 3278 983 regia
3291 915 3658 986 est,argenti,
3695 919 3848 984 auri,

2186 997 2525 1054 divitiarum
2544 1000 2837 1072 cujusque
2853 1001 3089 1072 generis
3105 1001 3506 1073 inexplicabili
3528 1004 3578 1058 vi
3599 1005 3836 1075 referta,

2188 1103 2256 1143 eo
2281 1089 2556 1157 consilio,
2581 1095 2646 1143 ut
2676 1089 2871 1144 subita
2903 1090 3253 1146 incursione
3276 1091 3440 1146 illam
3464 1109 3700 1164 quoque
3742 1095 3842 1149 oh-

2188 1177 2656 1250 tineret.Quippe
2688 1184 2906 1250 praster
2937 1185 3185 1236 caeteras
3219 1181 3720 1254 urbes,quotquot
3739 1185 3846 1238 sub

2189 1267 2313 1322 sole
2346 1273 2504 1332 sunt,
2528 1286 2649 1323 una
2675 1269 3112 1325 Ecbatanorum
3142 1270 3345 1326 civitas
3372 1288 3551 1342 opum
3597 1274 3847 1345 aurique

2189 1356 2543 1427 plenissima
2573 1357 2940 1430 perhibetur.
2975 1359 3117 1430 Ejus
3136 1360 3220 1414 rei
3254 1360 3406 1415 hanc
3432 1378 3559 1417 esse
3583 1379 3845 1430 causam,

2191 1443 2348 1513 quod
2382 1445 2512 1516 ipsa
2533 1445 2740 1501 multis
2773 1462 2843 1500 ex
2875 1447 3146 1518 partibus
3168 1449 3429 1520 coegerit
3450 1450 3757 1519 pecunias,
3781 1451 3844 1504 in

2191 1547 2435 1586 cursum
2469 1537 2668 1588 autem
2700 1534 2978 1590 hostilem
3012 1535 3206 1591 adhuc
3238 1537 3314 1590 sit
3345 1538 3591 1592 omnino
3613 1538 3848 1593 nullum

2190 1624 3018 1697 passa.Atenimimperatoris
3034 1633 3174 1683 tunc
3193 1629 3483 1700 impetum
3498 1631 3854 1702 compressit

2193 1731 2327 1770 cum
2356 1716 2622 1772 locorum
2649 1719 2905 1787 siccitas,
2953 1726 3075 1775 tum
3126 1737 3326 1776 rerum
3374 1722 3844 1778 necessariarum

2193 1805 2417 1876 inopia.
2449 1805 2713 1862 Pertinet
2744 1823 2849 1879 per
2880 1823 2978 1863 eas
3011 1815 3207 1879 partes
3239 1827 3418 1881 quam
3452 1811 3847 1866 Carmanitim

2194 1900 2406 1949 vocant
2436 1895 2717 1963 solitudo,
2750 1913 3024 1967 asperam
3057 1898 3426 1969 arduamque
3469 1899 3849 1971 praetendens

2194 1985 2368 2054 viam,
2402 2003 2596 2057 neque
2628 2005 2846 2058 aquam
2879 1994 3154 2044 eructans
3186 1991 3339 2045 168
3371 2007 3568 2061 neque
3583 1991 3847 2062 plantam

2195 2075 2456 2131 fundens
2488 2077 2695 2145 ullam,
2728 2078 2916 2144 arida,
2947 2079 3198 2134 humore
3221 2096 3454 2134 carens.
3497 2081 3584 2134 Ita
3631 2079 3847 2135 ablatis

2193 2181 2326 2234 qua)
2349 2181 2384 2220 a
2412 2165 2721 2221 Saracenis
2755 2167 2866 2222 sibi
2901 2167 3327 2224 deferebantur
3363 2169 3560 2236 donis,
3595 2186 3847 2226 numero

2194 2253 2394 2309 tricies
2421 2257 2692 2311 centenis
2723 2257 2992 2312 millibus
3023 2260 3249 2330 argenti
3277 2266 3334 2314 et
3363 2261 3854 2326 auri,C0nstanti-

2194 2345 2465 2417 nopolim
2497 2348 2759 2413 revertit,
2794 2348 2894 2402 ubi
2952 2365 3188 2417 aurum,
3234 2356 3568 2423 argentum,
3631 2357 3852 2406 vestem

2195 2435 2457 2490 sericam
2491 2441 2670 2508 atque
2701 2438 2934 2506 odores,
2967 2438 3126 2494 dona
3174 2440 3434 2510 denique
3481 2457 3515 2495 a
3546 2441 3854 2496 Saracenis

2193 2526 2527 2596 accepta,in
2552 2528 2854 2598 triumpho
2875 2545 2979 2600 per
3008 2531 3204 2584 forum
3227 2529 3382 2599 tulit,
3409 2535 3716 2601 spectante
3747 2547 3850 2584 co-

2194 2614 2475 2686 piamque
2494 2628 2694 2671 rerum
2716 2619 2970 2672 mirante
2987 2619 3204 2690 populo
3227 2636 3241 2684 ;
3267 2619 3602 2674 etstudiose
3621 2635 3761 2674 sane
3777 2619 3848 2673 ab

2196 2703 2406 2756 eodem
2431 2711 2520 2758 est
2547 2713 2843 2778 receptus,
2876 2713 2935 2761 et
2965 2724 3101 2762 cum
3159 2709 3695 2764 acclamationibus
3727 2726 3850 2763 ma-

2193 2807 2426 2863 gnaque
2440 2793 2650 2851 harum
2664 2796 3044 2852 victoriarum
3058 2798 3479 2869 praedicatione
3492 2799 3553 2852 in
3566 2798 3855 2869 palatium

2196 2883 2508 2941 deductus.
2556 2889 2777 2944 Eadem
2827 2895 3181 2961 tempestate
3215 2891 3468 2946 Basilius
3515 2892 3854 2963 patriarcha

2197 2979 2535 3033 antistitum
2568 2979 2790 3033 invidia
2815 2979 3217 3034 calumniatus
3247 2986 3334 3036 est
3358 2980 3850 3051 apudimperato-

2196 3083 2346 3134 rem,
2373 3069 2542 3138 quasi
2575 3067 2812 3123 cuidam
2847 3085 2877 3122 e
2909 3069 3253 3140 potentibus
3283 3070 3424 3123 viris
3445 3068 3851 3140 principatum

2197 3156 2572 3227 prwdixisset
2593 3175 2606 3225 ;
2631 3157 2810 3212 simul
2832 3157 2990 3229 quod
3021 3159 3348 3214 Ecclesiam
3366 3175 3484 3213 non
3502 3159 3583 3213 ita
3600 3158 3854 3214 admini-

2200 3256 2414 3305 straret
2435 3251 2937 3322 quemadmodum
2956 3251 3174 3308 divinis
3201 3252 3434 3326 legibus
3457 3252 3850 3307 essetconsti-

2197 3344 2391 3394 tutum
2419 3356 2432 3394 :
2456 3341 2540 3396 ita
2569 3341 2642 3396 ad
2673 3341 3096 3396 consistorium
3119 3341 3452 3413 palatinum
3483 3347 3722 3396 vocatus
3736 3346 3846 3396 est.

2202 3431 2310 3485 Ubi
2342 3447 2476 3486 cum
2508 3447 2629 3486 non
2661 3431 3260 3502 stitisset,contraque
3294 3431 3852 3498 afﬁrmaret,conci-

2202 3524 2349 3579 lium
2377 3525 2653 3596 generale
2685 3524 3130 3580 convocandum
3153 3539 3303 3593 esse,
3339 3523 3421 3577 ibi
3480 3539 3542 3577 se
3599 3521 3853 3576 crimina

2198 3613 2566 3670 diluturum:
2599 3616 2681 3670 ita
2711 3615 2860 3670 velle
2915 3617 3156 3669 Patrum
3208 3613 3418 3668 inﬂatu
3470 3612 3669 3666 divino
3718 3611 3852 3665 fusa

2198 3704 2460 3772 oracula,
2490 3709 2558 3759 ut
2588 3704 2664 3759 ad
2721 3705 3118 3760 amovendum
3174 3703 3574 3775 patriarcham
3607 3701 3851 3756 comitia

2198 3804 2400 3852 essent
2455 3799 2716 3854 maxima
2769 3797 3138 3854 instituenda
3167 3815 3180 3851 :
3215 3798 3276 3852 in
3309 3796 3739 3852 monasterium
3773 3793 3846 3849 ad

2193 3891 2811 3964 Scamandrum,quod
2827 3892 2955 3964 ipse
2980 3890 3475 3959 aedificaverat,ab
3489 3891 3847 3961 imperatore

2193 3983 2549 4038 amandatus
2582 3989 2692 4040 est.
2725 3985 2864 4040 Erat
2911 3985 2962 4038 is
3009 3985 3189 4039 homo
3248 3983 3381 4039 cibo
3413 3980 3846 4054 propemodum

2194 4077 2504 4134 abstinens
2535 4083 2594 4132 et
2617 4093 2795 4133 carne
2823 4093 3058 4144 carens,
3092 4091 3127 4130 a
3157 4073 3380 4130 teneris
3410 4070 3753 4144 unguiculis
3783 4070 3846 4124 in

2193 4169 2620 4226 certaminibus
2651 4168 2926 4224 asceticis
2966 4183 3146 4238 supra
3171 4170 3449 4221 naturam
3468 4161 3845 4228 exercitatus,

2193 4261 2454 4317 amiculo
2477 4266 2536 4316 et
2558 4265 2762 4315 aastate
2785 4265 2844 4314 et
2874 4259 3070 4313 hieme
3103 4257 3312 4312 eodem
3347 4260 3544 4321 utens,
3574 4252 3734 4325 quod
3765 4269 3841 4306 ne

2192 4349 2529 4421 deponebat
2550 4349 2814 4420 quidem,
2839 4348 3030 4403 donec
3043 4346 3341 4416 dilapsum
3354 4343 3676 4398 utilitatem
3688 4358 3844 4413 pran-

2192 4441 2360 4497 beret
2379 4442 2637 4498 nullam:
2659 4441 3174 4496 esculentaautem
3191 4446 3249 4494 et
3264 4435 3584 4508 poculenta
3595 4434 3842 4490 omnino

2193 4551 2315 4592 non
2340 4534 2635 4609 gustabat,
2663 4539 2883 4607 praeter
2911 4549 3128 4605 aquam
3160 4538 3219 4587 et
3247 4531 3564 4587 baccarum
3610 4544 3840 4585 succos.

1631 4704 1692 4762 C.
1735 4705 1797 4762 Β.
1841 4705 2030 4762 HASII
2065 4705 2630 4762 ANNOTATIONES.

485 4865 533 4899 ⁸³
560 4858 844 4938 Τριπόλει.
874 4860 968 4918 Sic
997 4862 1130 4920 cod.
1163 4861 1294 4918 hic:
1331 4877 1510 4934 supra
1536 4863 1624 4919 43.
1655 4863 1723 4918 D.
1759 4862 2044 4919 mendose
2076 4864 2083 4887 ‘

2193 4871 2343 4919 πολι.
2420 4863 2467 4899 ⁴⁸
2497 4865 2652 4920 Fort.
2690 4858 3055 4938 βορειοτέρας.

486 5026 596 5105 _(35)
629 5023 886 5080 Verbum
935 5018 1248 5105 ﬂlaciam-0,
1282 5022 1344 5076 in
1370 5022 1598 5105 Lexicis
1649 5023 1796 5105 item
1829 5028 2071 5105 praeter-
2106 5029 2149 5095 α

414 5095 688 5163 missum,
720 5095 979 5167 occurrit
1003 5095 1066 5148 in
1097 5095 1153 5148 S.
1175 5095 1420 5167 Joannis
1451 5096 1754 5167 Chrysost,
1779 5095 1896 5166 (cui
1917 5101 2076 5149 certe

412 5171 583 5242 vulgo
618 5167 916 5242 tribuitur)
950 5166 1107 5221 Orat.
1143 5182 1214 5242 I_v.
1257 5166 1339 5220 De
1394 5166 1592 5242 jejun.
1635 5168 1781 5242 ,γιη
1807 5167 1951 5242 αξξ..
1982 5168 2072 5221 28.

412 5233 637 5314 phrasi,
658 5239 844 5314 unde
872 5238 1122 5292 fortasse
1156 5233 1584 5314 Leosump'sit:
1618 5237 1689 5314 ᾼί
1713 5240 1823 5290 τῶν
1839 5233 2068 5314 Αύδάτων

412 5305 588 5387 πηγαὶ
628 5305 1012 5381 ’ἀντλούμεναι
1073 5305 1454 5387 καθαρώτερον
1508 5309 1571 5363 τὸ
1610 5305 1794 5387 -ίὶδωρ
1836 5306 2071 5387 βλυᾼστά-

415 5378 616 5439 νουσιν.
653 5386 796 5439 Nam
825 5378 1140 5453 perperam
1175 5378 1369 5453 legere
1401 5381 1674 5436 nonnulli
1706 5378 1912 5453 volunt
1933 5378 2072 5453 βλύ-

420 5461 620 5525 ζουσιν.
655 5457 803 5525 _Item
825 5450 1088 5525 Ora—tuin
1123 5450 1336 5525 turtur.
1369 5455 1480 5508 Vll.
1524 5457 1648 5525 266_.
1687 5455 1772 5506 14.
1829 5450 1883 5504 ἐν
1921 5450 2072 5523 μέσῳ

410 5521 511 5598 τῆς
542 5523 766 5602 καρδίας
803 5522 1129 5602 βλυστάνων
1188 5521 1528 5602 φιλόχριστα
1573 5521 1808 5602 νάματα.
1869 5521 2071 5579 Inveni

454 5595 702 5655 raeterea
729 5595 1164 5670 substaintivum
1198 5595 1473 5670 peraeque
1508 5595 1734 5670 [.exicis
1768 5596 2070 5670 ignarum,

454 5619 702 5655 raeterea
729 5619 1164 5652 ςιιυὸιίιιιιινυιιι
1198 5619 1473 5670 peraque
1510 5619 1734 5651 ιιθχιοιδ
1771 5619 2070 5668 lb’llOI‘UIIl,

412 5619 449 5741 Ξ
485 5671 678 5750 eum
706 5676 807 5750 τῆς
839 5669 1164 5750 ζωῆςδίοηε
1192 5672 1340 5750 vita,
1373 5671 1434 5750 in
1483 5667 1904 5750 Theophyﬂacti
1943 5668 2073 5750 Bul_-

413 5739 589 5822 garim
624 5740 971 5813 archiepisc.
1004 5739 1336 5796 Comment.
1384 5741 1609 5796 inedito
1642 5739 1703 5796 in
1736 5739 1956 5796 Psalm.
1991 5739 2067 5795 ad

2182 5023 2382 5093 verba,
2411 5021 2558 5095 παρά
2584 5021 2682 5095 σοί
2719 5020 2884 5094 πημὴ
2937 5025 3105 5090 ζωῆς,
3157 5021 3377 5078 Psalm.
3437 5037 3605 5078 xxxv.
3663 5023 3718 5085 9,
3745 5019 3836 5095 vel

2186 5099 2238 5167 C,
2258 5091 2382 5167 (alii
2415 5091 2578 5152 enim
2609 5093 2790 5167 aliter
2811 5091 3154 5164 numerant)
3212 5113 3381 5167 xxxv,
3444 5098 3528 5167 to.
3563 5097 3609 5167 ξε
3658 5091 3834 5167 verbo

2191 5162 2374 5241 βλύξω
2409 5167 2622 5241 deduci
2659 5162 2904 5241 βλύδιον,
2936 5168 3041 5234 ius,
3073 5162 3416 5241 atqueinde
3450 5163 3838 5241 brodiu_n_z_La-

2186 5235 2468 5306 tinorum,
2505 5235 2828 5295 Salmasius
2857 5235 3128 5294 autumat
3154 5235 3232 5293 ad
3265 5238 3409 5292 Hist.
3444 5238 3588 5306 Aug.
3627 5235 3736 5306 με
3766 5236 3834 5290 Α.

2186 5312 2291 5387 Ubi
2320 5313 2429 5387 L_eo
2457 5299 2765 5387 βλυστάνω,
2800 5309 2881 5364 ibi
2911 5311 3190 5381 Agathias
3236 5313 3486 5379 usurpat
3515 5299 3831 5373 ἀῖιαϐλύζω,

2185 5385 2567 5526 ηῗέϐῗίριιω
2616 5458 2951 5525 sequuntur
3002 5469 3037 5507 a
3093 5450 3446 5507 Combeﬁsio
3498 5465 3667 5504 versa
3698 5453 3838 5501 sunt

2185 5527 2490 5668 IV('31:),Sic
2525 5615 2660 5653 cum
2690 5596 2884 5652 dativo
2919 5594 3213 5668 construit
3264 5594 3406 5668 Leo,
3440 5593 3589 5668 mire
3618 5607 3784 5668 _sane
3821 5607 3834 5657 ;

2182 5663 2514 5725 accusativo
2539 5671 2806 5742 jungunt
2833 5668 2886 5722 S.
2924 5667 3141 5742 Paulus
3173 5665 3436 5742 Epistula
3486 5665 3558 5742 a_d
3596 5663 3835 5742 901955.

2179 5742 2250 5797 ll.
2288 5744 2372 5796 15.
2410 5743 2504 5796 Ill.
2531 5735 2583 5797 ῧ.
2615 5735 2905 5810 Iosephus
2936 5739 3136 5808 Antiq.
3171 5735 3303 5793 Jud.
3334 5739 3457 5791 204.
3495 5738 3536 5790 D
3594 5735 3648 5792 S.
3698 5735 3837 5790 Gre-
