4118 6480
269 427 383 492 891
1657 425 1939 487 LEONIS
1982 425 2299 488 DIACONI
3575 426 3704 488 892

272 561 431 615 164
487 562 686 631 Neque
734 575 998 630 unquam
1033 558 1096 613 in
1151 557 1306 613 lecto
1363 574 1644 614 somnum
1695 558 1929 630 cepisse

2073 576 2147 618 ως
2172 554 2232 611 ἄν
2266 552 2488 632 auset",
2546 555 2637 610 καὶ
2684 553 2964 630 ἄχρηστος
3019 553 3311 630 ἰξεγὲνετο,
3343 554 3572 630 βρωτῶν
3643 552 3702 609 δὲ

278 651 646 722 perhibetur,
678 667 879 705 verum
901 649 1091 718 humi,
1125 665 1233 720 per
1262 665 1440 703 omne
1485 648 1931 705 exercitationis

2071 646 2124 714 ιὴ
2156 645 2449 720 γευόμενος
2516 642 2552 713 ἢ
2610 648 2813 715 ποτῶν,
2874 640 3024 713 πλὴν
3087 641 3283 709 ὕδατος
3329 645 3418 699 καὶ
3478 648 3588 700 τῶν
3651 642 3703 714 ἐξ

278 741 406 811 ejus
438 740 820 810 tempus.Quo
852 739 915 794 in
946 738 1068 794 viro
1094 755 1284 794 unum
1314 738 1525 793 vitium
1557 738 1741 793 fuisse
1763 738 1934 793 aiunt

2071 730 2362 809 ικροδρόων
2411 737 2633 809 χυμῶν.
2696 732 2922 808 Λέγεται
2982 730 3041 788 δὶ
3092 730 3236 807 μηδὲ
3292 733 3441 810 παρὰ
3504 730 3698 805 κλίνην

274 829 442 898 illud,
478 829 635 900 quod
668 829 729 883 in
770 828 1108 899 disciplinis
1139 828 1452 883 hominum
1502 832 1678 898 atque
1711 844 1930 883 consu-

2071 820 2399 895 ιαθέυδῆσαι,
2430 821 2559 879 ἀλλ’
2591 822 2675 878 ἐπ’
2730 820 2986 899 ἐδάφους,
3039 825 3169 900 παρ’
3225 822 3357 880 ὅλον
3416 822 3581 880 αὐτοῦ
3608 824 3701 881 τὸν

273 919 615 975 etudinibus
665 918 1096 990 cognoscendis
1153 918 1418 973 studium
1467 918 1795 989 plurimum
1827 935 1935 989 po-

2071 913 2232 986 Loupc‘w
2290 919 2392 983 τῆς
2447 912 2752 984 ἀσκήσεως.
2811 912 3142 987 Ἐλάττωμα
3192 910 3251 969 δὲ
3308 918 3476 969 τοῦτο
3535 914 3700 987 μόνον

270 1016 460 1076 neret,
493 1010 887 1080 curiosusque
919 1014 1078 1064 esset
1102 1014 1163 1063 et
1200 1008 1526 1079 inquisitor
1577 1008 1711 1080 plus
1754 1023 1935 1078 quam

2071 1002 2175 1057 >ασί
2206 1006 2490 1078 προσεῖναι
2546 999 2760 1079 τάνδρὶ,
2811 1002 2874 1057 τὸ
2927 1003 3025 1064 τὰς
3085 1002 3373 1079 ἀναγωγάς
3423 1003 3516 1058 καὶ
3570 1003 3701 1058 ἀνα-

275 1104 598 1170 oporteret.
2047 1090 2281 1169 στροφὰς
2332 1095 2441 1146 τῶν
2501 1088 2711 1166 ἀνδρῶν
2774 1093 2888 1166 (38)
2934 1091 3061 1168 περὶ
3118 1092 3383 1148 πλείστου
3426 1098 3703 1157 ποιεῖσθαι

2048 1179 2443 1258 διαγινώσκειν,
2464 1181 3121 1256 πολυπραγμονοῦντικαὶ
3146 1179 3551 1256 διερευνωμὲνῳ
3567 1183 3710 1258 πέρα

2045 1276 2144 1328 τοῦ
2177 1270 2419 1335 δέοντος.

2120 1364 2191 1439 γ’.
2244 1364 2537 1439 Ὑπερορίᾳ
2590 1367 2883 1439 τοιγαροῦν
2940 1367 3039 1419 τοῦ
3096 1361 3388 1420 Βασιλείου
3449 1382 3709 1437 κατακρι-

2052 1455 2257 1523 θὲντος,
2317 1452 2445 1519 τοὺς
2518 1459 2618 1524 τῆς
2691 1453 3059 1530 πατριαρχίας
3146 1451 3335 1518 οἷάκας
3410 1452 3710 1517 Ἀντώνιος

284 1535 479 1593 Studii
506 1536 665 1591 victu
695 1536 952 1591 ascetico
983 1552 1018 1590 a
1045 1534 1303 1606 pueritia
1335 1534 1942 1605 electo,apostolicam

2071 1542 2439 1619 ιγχειρίζεται,
2501 1542 2642 1618 ἀνὴρ
2691 1540 2745 1597 ἐν
2801 1546 2871 1617 τῇ
2929 1545 3026 1597 τοῦ
3081 1539 3347 1598 Στουδίου
3409 1546 3551 1617 μονῇ
3608 1544 3710 1611 τὴν

283 1626 465 1681 vitam
519 1630 739 1698 egerat.
772 1624 1005 1680 Etenim
1049 1628 1268 1695 prceter
1324 1623 1677 1679 indumenta
1706 1622 1943 1695 corpori

2071 1634 2350 1704 ἱσκητικήν
2407 1632 2468 1688 ἐκ
2521 1632 2779 1703 νεότητος
2840 1630 3120 1688 πολιτείαν
3200 1632 3705 1709 ἀναιρετισάμενος,

284 1714 629 1769 necessaria
656 1713 900 1769 omnino
920 1711 1680 1780 nihilferebat,tametsi,ob
1702 1711 1945 1767 insitam

2071 1722 2144 1778 ιαὶ
2180 1723 2298 1797 βίον
2330 1720 2507 1779 ἕλκων
2537 1721 2929 1780 ἀπυστολικόν.
2963 1720 3136 1778 ῐιλέον
3169 1722 3274 1798 γὰρ
3312 1726 3421 1777 τῶν
3452 1725 3523 1795 τῇ
3555 1721 3714 1797 σαρκὶ

291 1803 343 1858 ei
376 1802 675 1870 virtutem,
695 1807 823 1857 tum
856 1818 888 1858 a
918 1801 1059 1856 viris
1088 1800 1549 1873 potentissimis,
1580 1806 1709 1855 tum
1735 1800 1806 1855 ab
1835 1800 1949 1855 im-

2071 1811 2435 1888 ἱποχρώντων
2496 1810 2714 1890 ἀμφίων
2766 1809 2919 1866 οὐδὲν
2976 1809 3290 1887 ἐπεφέρετο,
3345 1809 3528 1866 καίτοι
3580 1812 3720 1886 πρὸς

293 1891 673 1965 peratoribus
706 1891 870 1964 ipsis,
903 1891 1064 1964 large
1092 1907 1233 1946 sane
1264 1890 1713 1947 munerabatur.
1745 1891 1946 1960 Neque

293 1981 346 2001 Β]
387 1980 570 2001 --1----
610 1980 706 2001 ..-ΔΙ
742 1981 878 2001 ἐι-..⁴
928 1998 1045 2001 μ--Α,
1080 1997 1137 2001 Α..
1183 1980 1360 2001 ,ρο-ξ-
1396 1979 1658 2001 Α-..Ξ-ι-ι
1694 1979 1949 2001 ---ΑΙΑ-ΑΔ.

2071 1906 2162 1957 τῶν
2198 1901 2341 1978 μέγα
2370 1898 2704 1975 δυναμένων,
2736 1901 2827 1956 καὶ
2890 1897 3162 1976 βασιλέων
3223 1899 3423 1971 αὐτῶν,
3481 1899 3714 1956 πλεῖστα

288 1981 349 2038 id
383 1980 711 2050 solum,sed
742 1981 886 2036 item
919 1998 1050 2052 quae
1070 1997 1140 2036 ex
1172 1980 1367 2036 ofﬁcio
1388 1979 1662 2052 capiebat
1691 1979 1954 2052 suo(erat

2071 1989 2566 2071 ριλοφρονοῦμενος
2625 1988 2716 2045 διὰ
2768 1991 2869 2059 τήν
2921 1989 3140 2045 ἐνοῦσαν
3200 1989 3349 2061 αὖτῷ
3381 1990 3601 2065 ἀρετήν.
3632 1988 3710 2047 Οὐ

294 2070 456 2126 enim
488 2070 742 2126 antehac
791 2069 1044 2142 syncelli
1077 2069 1363 2143 dignitate
1396 2068 1690 2139 ornatus),
1751 2067 1956 2124 omnia

2071 2067 2224 2153 αόνον
2249 2078 2327 2151 δὲ,
2361 2078 2509 2135 ἀλλᾶ
2535 2080 2640 2135 κάκ
2695 2083 2793 2135 τοῦ
2852 2079 3154 2153 προσόντος
3194 2080 3345 2152 αὗτῷ
3392 2079 3703 2153 ἀξιώματος

2055 2170 2423 2245 ποριζόμενος
2478 2171 2496 2241 (
2550 2174 2632 2243 τῷ
2675 2173 2774 2224 τοῦ
2830 2165 3140 2244 συγκέλλου
3196 2171 3297 2244 γὰρ
3348 2169 3408 2224 τὸ
3438 2167 3700 2244 πρότερον

351 1359 403 1411 3.
435 1359 527 1413 Ita
554 1356 772 1412 Basilio
807 1356 869 1411 in
899 1355 1179 1412 exsilium
1213 1354 1817 1428 pulso,gubernacula
1832 1370 1938 1426 pa-

282 1448 643 1503 triarchatus
694 1445 1015 1518 prehendit
1064 1445 1396 1501 Antonius:
1430 1446 1517 1499 vir
1548 1445 1649 1516 qui
1681 1443 1743 1499 in
1774 1448 1940 1516 septo

296 2160 606 2233 egentibus
633 2160 1534 2229 distribuebat,misericordiam
1561 2159 1665 2214 Dei
1687 2159 1953 2230 imitans,

295 2249 617 2319 divinaque
675 2254 733 2303 et
784 2249 1050 2305 humana
1108 2248 1380 2318 scientia,
1412 2254 1479 2303 ut
1530 2248 1579 2303 si
1613 2248 1747 2319 quis
1779 2247 1955 2317 alius,

301 2342 608 2398 afﬂuebat.
644 2341 951 2397 Emicabat
980 2346 1172 2398 autem
1209 2358 1275 2396 ex
1308 2357 1411 2396 ore
1467 2340 1795 2411 habituque
1827 2340 1957 2412 ejus

300 2431 557 2487 miriﬁca
586 2430 861 2501 quaedam
893 2430 1225 2497 dulcitudo,
1258 2430 1437 2500 idque
1483 2445 1720 2485 summa
1749 2445 1953 2484 senec-

301 2525 656 2594 tute.Neque
689 2522 1010 2579 accedebat
1032 2522 1105 2578 ad
1139 2540 1274 2578 eum
1304 2522 1624 2594 quisquam
1646 2538 1715 2577 ex
1736 2522 1956 2577 delica-

299 2612 377 2667 tis
395 2628 756 2684 magnosque
771 2613 1014 2684 spiritus
1035 2611 1377 2685 gerentibus
1394 2611 1470 2666 ob
1484 2611 1658 2667 istam
1678 2611 1958 2667 vanitatis

298 2702 716 2772 scenam,quin
730 2702 1014 2757 continuo
1029 2705 1395 2774 temperatus
1408 2717 1476 2757 ac
1489 2702 1727 2773 sapiens
1744 2700 1956 2767 abiret,

299 2791 695 2862 umbramque
718 2795 776 2846 et
798 2791 1098 2847 somnium
1118 2791 1272 2847 hanc
1289 2791 1465 2846 vitam
1486 2807 1615 2846 esse
1629 2789 1954 2845 didicisset:

296 2897 491 2953 neque
518 2887 725 2937 contra
745 2881 905 2936 ullus
923 2886 1157 2937 aetatem
1170 2897 1351 2953 agens
1375 2885 1492 2935 tam
1517 2878 1956 2935 insanabilibus

294 2972 579 3027 mrumnis
612 2976 975 3044 pressam,ut
996 2987 1117 3026 non
1147 2970 1319 3026 laetus
1351 2969 1704 3039 discederet,
1732 2986 1957 3042 cogno-

294 3062 619 3133 vissetque,
651 3078 773 3117 non
806 3060 1316 3117 succumbendum
1350 3076 1479 3116 esse
1511 3059 1709 3125 malis,
1744 3058 1848 3115 sed
1879 3059 1955 3115 ad

298 3151 470 3207 illum
504 3151 990 3224 confugiendum,
1025 3151 1126 3222 qui
1159 3150 1388 3222 eripere
1446 3166 1556 3204 nos
1587 3166 1659 3205 ex
1690 3149 1955 3205 miseriis

298 3244 515 3311 potest,
549 3241 621 3295 ab
654 3240 985 3312 eodemque
1037 3240 1289 3295 salutem
1344 3255 1474 3294 esse
1534 3238 1953 3310 expetendam.

298 3330 451 3387 105
484 3331 640 3386 Talis
669 3330 784 3385 fuit
814 3331 876 3386 in
909 3332 1027 3387 vita
1069 3336 1246 3402 atque
1306 3346 1581 3385 sermone
1638 3330 1957 3402 Antonius,

294 3421 357 3475 in
390 3437 646 3489 summa,
673 3421 763 3475 vir
793 3420 1096 3494 angelicus
1127 3436 1371 3492 prorsus
1420 3435 1488 3475 ac
1546 3418 1802 3475 divinus.
1836 3418 1955 3474 Sub

296 3510 454 3565 idem
489 3516 726 3583 tempus
758 3510 1034 3567 homines
1087 3509 1346 3584 gemelli,
1407 3525 1477 3564 ex
1535 3509 1955 3582 Cappadocum

293 3600 599 3672 provincia
628 3600 892 3671 oriundi,
934 3601 1253 3674 imperium
1276 3604 1609 3656 Romanum
1642 3599 1760 3655 late
1791 3598 1957 3655 obie-

2056 2258 2285 2332 ἐτιμᾶτο
2318 2259 2631 2332 ἀξιώματι),
2664 2256 2840 2313 πάντα
2884 2262 3001 2323 τοῖς
3054 2258 3246 2328 πένησι
3304 2254 3559 2329 διεδίδου,
3615 2257 3707 2311 τὸν

2056 2343 2210 2404 ἔλεον
2244 2347 2587 2422 μιμούμενος
2618 2351 2715 2402 τοῦ
2747 2351 2902 2421 Θεοῦ,
2933 2346 3025 2402 καὶ
3055 2350 3259 2423 γνῶσιν
3293 2346 3435 2402 θείαν
3466 2346 3555 2401 καὶ
3609 2346 3709 2401 ἀν-

2057 2436 2354 2515 θρωπίνην,
2389 2436 2435 2493 εἰ
2463 2435 2555 2491 καί
2582 2458 2670 2500 τις
2701 2434 2894 2507 ἄλλος,
2926 2435 3208 2493 ἐπλούτει.
3258 2435 3435 2493 Τοότο
3489 2439 3559 2510 τῇ
3591 2430 3711 2509 ὄψει

2060 2527 2149 2582 οιαὶ
2180 2532 2298 2589 τοῖς
2330 2525 2483 2595 ἤθεσι
2515 2527 2796 2599 θαυμαστή
2827 2547 2910 2589 τις
2944 2524 3228 2599 ἐπέλαμπε
3257 2527 3426 2601 χάρις
3457 2525 3509 2580 ἐν
3546 2526 3715 2600 βαθυ-

2057 2615 2194 2691 τάτῃ
2224 2620 2294 2691 τῇ
2325 2616 2518 2688 πολιᾷ.
2550 2614 2629 2674 Οὐ
2657 2616 2760 2693 γάρ
2790 2636 2874 2678 τις
2905 2611 3222 2691 παρέϐαλλε
3242 2614 3424 2687 τούτῳ
3454 2617 3566 2669 τῶν
3586 2634 3715 2688 τρυ-

2061 2704 2288 2782 φώντων
2321 2703 2410 2759 καὶ
2448 2702 2587 2780 μέγα
2619 2704 2914 2781 φυσώντων
2972 2706 3042 2778 τῇ
3092 2706 3202 2758 τῶν
3244 2702 3487 2777 ματαίων
3518 2707 3719 2777 σκηνῇ,

2061 2796 2121 2856 ὅς
2155 2797 2233 2868 μή
2267 2798 2561 2872 σωφρονῶν
2596 2792 2750 2855 εὐθὺς
2801 2791 3208 2864 ἀπηλλάττετο,
3266 2792 3418 2848 σκιὰν
3469 2791 3560 2847 καὶ
3592 2788 3721 2867 ὄναρ

2060 2884 2153 2938 τὸν
2189 2884 2310 2959 βίον
2340 2882 2517 2938 τελεῖν
2545 2880 2966 2956 παιδευόμενος·
3008 2879 3134 2937 οὐδὲ
3161 2878 3474 2955 τοῦμπαλιν
3505 2903 3722 2957 συμφο-

2064 2978 2185 3050 ραῖς
2213 2974 2531 3044 ἀνηκέστοις
2561 2970 2900 3048 περιώδυνον
2926 2968 3105 3027 ἕλκων
3154 2972 3255 3041 τὴν
3292 2971 3509 3045 βιοτὴν,
3547 2971 3608 3034 ὅς
3640 2972 3716 3045 μὴ

2062 3062 2362 3139 ἀπέτρεχεν
2422 3061 2697 3136 εὐθυμῶν,
2755 3058 3170 3135 διδασκόμενος,
3230 3062 3306 3136 μή
3363 3060 3610 3116 ἐκκακεῖν
3664 3061 3717 3115 ἐν

2059 3157 2182 3214 ταῖς
2216 3151 2487 3225 θλίψεσιν,
2518 3149 2645 3206 ἀλλ’
2677 3150 2867 3206 ἑαυτὸν
2921 3148 3259 3227 ἐπιῤῥίπτειν
3290 3151 3430 3226 πρὸς
3477 3150 3570 3206 τὸν
3627 3146 3720 3205 δυ-

2061 3241 2291 3313 νάμενον
2336 3244 2531 3308 σώζειν
2555 3239 2616 3295 ἐκ
2644 3238 2907 3314 θλίψεως,
2938 3239 3029 3294 καὶ
3060 3239 3188 3312 παρ’
3218 3237 3424 3294 ἐκείνου
3448 3239 3551 3308 τήν
3612 3237 3720 3293 σω-

2063 3329 2256 3407 τηρίαν
2290 3328 2587 3401 ἐπιζητεῖν.
2628 3333 2886 3393 Τοιοῦτος
2916 3325 2982 3400 δή
3025 3350 3110 3391 τις
3142 3330 3206 3398 ἦν
3267 3330 3352 3402 [Ρ.
3390 3331 3511 3402 102]
3540 3328 3634 3384 τόν
3665 3348 3727 3384 τε

2070 3420 2187 3497 βίον
2218 3419 2310 3475 καὶ
2342 3417 2507 3495 λόγον
2531 3419 2559 3473 ὁ
2592 3419 2912 3489 Ἀντώνιος,
2946 3417 3235 3494 ἀγγελικός
3292 3438 3374 3480 τις
3433 3419 3522 3473 καὶ
3581 3420 3729 3480 θεῖος

2063 3509 2238 3566 τελῶν
2266 3510 2294 3564 ὁ
2323 3508 2483 3584 ἀνὴρ,
2515 3509 2589 3571 ὡς
2614 3506 2666 3563 ἐν
2699 3506 2983 3587 κεφαλαίῳ
3014 3505 3208 3564 εἰπεῖν.
3253 3509 3403 3564 Κατά
3430 3511 3624 3563 τοῦτον
3658 3505 3727 3579 δὴ

2064 3600 2154 3655 τὸν
2186 3599 2372 3670 καιρὸν
2405 3600 2515 3671 (39)
2544 3596 2633 3653 καὶ
2678 3595 2899 3669 δίδυμοι
2933 3593 3126 3672 ἄνδρες
3175 3598 3310 3671 (40),
3344 3595 3404 3652 ἐκ
3457 3603 3561 3667 τῆς
3613 3601 3724 3653 τῶν

1511 3726 1569 3782 C.
1612 3725 1676 3781 Β.
1715 3724 1903 3781 BASlI
1948 3724 2508 3783 ANNOTATIONES.

299 3853 500 3923 gorius
552 3853 720 3923 Nyss.
784 3853 861 3924 De
919 3852 1176 3924 virginit.
1227 3853 1301 3906 Il.
1336 3853 1460 3924 583.
1507 3851 1584 3924 Β.
1611 3849 1666 3904 S.
1691 3850 1955 3924 Basilius

300 3921 488 3994 Epist.
521 3921 730 3978 Lxxxn.
764 3922 840 3977 ad
871 3921 1281 3994 Patrophilum
1314 3923 1381 3978 Il.
1419 3923 1547 3977 908.
1569 3926 1640 3994 VC.
1674 3921 1959 3993 Origenes

303 3993 562 4063 Homilia
596 4012 673 4049 ιι.
707 3994 790 4049 in.
823 3995 885 4049 in
913 3993 1129 4052 Jerein.
1168 3998 1290 4051 106.
1324 3995 1384 4048 Β.
1419 3995 1500 4048 De
1530 3993 1581 4046 vi
1605 3998 1666 4048 et
1685 3998 1957 4049 constru-

305 4065 686 4138 ctioneverbi
720 4065 907 4138 multa
957 4066 1196 4138 collegit
1224 4067 1312 4120 vir
1358 4064 1716 4138 reverendus
1745 4065 1954 4138 Joann.

312 4139 403 4192 Fr.
439 4137 868 4192 Schleusnerus
901 4136 1204 4193 Lexico'in
1236 4139 1373 4192 Nov.
1405 4136 1601 4191 Test.!
1632 4138 1755 4189 255.
1785 4136 1850 4190 Ο.

380 4209 498 4283 (38)
530 4209 586 4283 Si
618 4215 941 4283 utcumque
995 4205 1250 4283 ἀναγωγή
1294 4209 1454 4283 tueri
1518 4207 1687 4274 velis,
1719 4207 1958 4283 melius,

314 4280 767 4351 opinor,fuisset
795 4287 1042 4350 vertere,
1075 4280 1132 4335 in
1162 4280 1472 4351 disciplinis
1502 4286 1554 4334 et
1586 4280 1956 4351 conversatio-

311 4350 474 4409 nibus
500 4369 513 4406 :
541 4370 681 4409 nam
702 4352 954 4428 irvayumﬁ
984 4350 1426 4428 linterdumIpro
1459 4350 1761 4421 disciplina
1804 4351 1957 4428 sumi

313 4431 520 4499 notum
550 4432 659 4493 est,
719 4421 1028 4499 ἀναγωγεός
1082 4443 1201 4499 pro
1246 4421 1502 4499 eductam
1547 4438 1728 4499 sensu
1776 4424 1956 4478 etiam

2068 3847 2689 3926 atpiqangat,_versari._
2737 3851 3117 3926 Quoﬂsensu
3155 3850 3237 3926 S.
3270 3850 3723 3926 Joann._Chry-

2071 3921 2221 3979 so'st.
2248 3923 2465 3979 Homil.
2488 3939 2642 3990 Lvm,
2676 3923 2739 3977 in
2772 3924 2826 3978 S.
2861 3924 3060 3978 Matth.
3093 3924 3136 3977 Ι.
3182 3925 3307 3978 624.
3341 3925 3403 3978 Ε.
3463 3924 3549 3980 ait
3601 3921 3727 3977 ἀνά-

2069 3996 2453 4067 στρεφομὲνων
2481 3991 2657 4067 αὐτῶν
2689 3993 2741 4047 ἐν
2770 4000 2840 4067 τῇ
2866 3990 3161 4067 Γαλιλαίᾳ·
3191 4011 3331 4067 nam
3364 3994 3521 4051 idem
3541 3995 3719 4067 paulo

2068 4058 2354 4139 post'626.
2389 4071 2447 4122 Ο.
2488 4063 2542 4119 ἐν
2601 4058 2996 4139 τῇώΓαλιλαίᾳ
3053 4058 3609 4139 διατριϐόντωνίίιίίε
3661 4069 3719 4122 in

2069 4137 2301 4195 Galatea
2326 4137 2789 4219 commoranlibus
2823 4154 2840 4219 ξ
2870 4137 3215 4219 quanquam
3246 4137 3397 4219 illud
3421 4138 3521 4194 alii
3545 4139 3719 4219 aliter

2068 4215 2492 4282 exposuerunt.
2525 4211 2672 4282 Nota
2698 4214 2990 4282 praeterea
3015 4210 3519 4282 signiﬁcationem
3538 4210 3720 4268 rario-

2068 4279 2196 4364 rem
2225 4282 2383 4337 vocis
2411 4279 2627 4407 ἀγωγτέ,
2653 4279 2814 4337 vices.
2875 4281 2932 4338 S.
2981 4279 3192 4338 Joann.
3246 4282 3548 4354 Chrysost.
3607 4284 3722 4339 Ho-

2068 4354 2194 4407 mil.
2229 4370 2453 4407 LXXXVI.
2486 4369 2551 4407 in
2622 4394 2636 4407 .
2672 4352 2881 4407 Matth.
2930 4354 2976 4407 Ι.
3016 4353 3142 4407 889.
3204 4353 3267 4407 C.
3312 4353 3433 4407 καθ’
3490 4352 3721 4407 ἑκάστην

2067 4354 2194 4425 mil.
2229 4352 2553 4425 Lxxxvx.‘in
2580 4352 2636 4407 S.
2672 4352 2881 4425 Matth.
2930 4354 2976 4418 Ι,
3016 4353 3142 4425 889,
3204 4353 3267 4408 Ο.
3312 4352 3433 4407 καθ’
3490 4352 3721 4425 ἑκάστην

2067 4424 2287 4499 ἀγωγῂν
2320 4425 2409 4478 καὶ
2440 4422 2623 4499 τρίτον
2655 4422 3031 4499 καὶτὲταρτον
3085 4422 3243 4499 sime}
3295 4429 3494 4499 φωνεῖν
3589 4422 3722 4499 ἀλε-

307 4496 578 4621 physico,
634 4500 734 4568 qui
813 4494 1028 4585 sui-sani
1082 4494 1269 4582 tollit.
1339 4494 1748 4579 'Nihil-omi'nus
1830 4511 1958 4551 ma-

332 4585 415 4621 im
441 4568 635 4621 leaere
678 4567 775 4621 τὰς
824 4566 1062 4621 ἀνω-νας.
1140 4568 1451 4621 rationibus
1502 4571 1772 4621 institutis
1797 4584 1817 4620 .·
1847 4567 1958 4621 hoc

2071 4494 2304 4571 κτρυών,
2331 4494 2527 4567 quavis
2555 4499 2691 4552 vice.
2723 4497 2795 4551 Et
2822 4495 3001 4568 paulo
3028 4501 3163 4621 qost
3193 4494 3391 4570 Dmptv
3423 4494 3459 4566 ἢ
3486 4496 3592 4572 γὰρ
3620 4497 3720 4566 τήν

2077 4570 2204 4621 ιιὶαν
2230 4567 2453 4621 ἀγωγὴν
2511 4564 2802 4621 ἀπαρτίσαι
2854 4567 2947 4621 τὸν
3007 4567 3040 4621 ἀ
3081 4567 3363 4621 ικτουόνα.
3420 4576 3720 4621 anteanam

359 4566 415 4643 ni
441 4566 780 4643 legere-cie
824 4566 1062 4643 ἀγωγάς,
1140 4568 1451 4643 rationibus
1502 4566 1772 4643 institutis
1797 4584 1817 4620 :
1841 4567 1961 4643 hoc

311 4639 473 4713 enim
506 4638 701 4713 valere
739 4638 977 4713 ﬁyuiyﬂ,
1032 4641 1274 4713 scriptt.
1309 4638 1663 4713 Christianis
1688 4639 1961 4713 "capiose

309 4710 525 4781 docent
544 4711 702 4781 apud
732 4710 949 4767 Su'ice'r.
985 4712 1268 4767 Thesaur.
1331 4710 1550 4767 Eccles.
1607 4711 1632 4764 Ι
1679 4710 1766 4763 72.
1802 4711 1864 4765 Β.
1900 4716 1960 4766 et

313 4780 692 4854 Schleusner.
727 4782 860 4854 Lex.
894 4783 955 4838 in
990 4784 1127 4837 Nov.
1161 4784 1315 4838 Test.
1348 4783 1390 4836 Ι.
1425 4784 1513 4854 38.
1569 4783 1649 4853 Β..
1684 4788 1965 4854 congesta

315 4852 973 4927 exempla,__quee_facile
1005 4858 1405 4927 essetaugere
1435 4852 1709 4927 inﬁnite:
1759 4852 1967 4927 confer

315 4939 447 4997 quae
478 4925 709 4997 erudite
731 4923 1053 4997 disputant
1069 4924 1140 4979 de
1173 4923 1295 4980 hac'
1310 4942 1450 4980 voce
1482 4926 1737 4981 Bouhier
1762 4926 1966 4997 Empti-

311 4996 495 5076 cation
614 4995 886 5076 quelguea
914 4996 1160 5076 marbres
1183 4999 1675 5076 antigaes_etc.36.
1724 5002 1782 5051 et
1812 4995 1965 5076 prae-

313 5067 485 5137 cipue
519 5066 937 5138 Wesselingius
960 5067 1217 5122 Diatribe
1248 5066 1962 5128 delJudzeorumarchon-

315 5138 472 5193 tibus
504 5139 578 5195 ad
609 5138 1344 5210 inscript.Berenicensem
1379 5140 1466 5193 l3.
1499 5147 1567 5193 A.
1593 5142 1811 5201 Eadem
1836 5158 1962 5196 vox.

310 5215 379 5265 ut
409 5227 595 5266 unum
620 5210 820 5265 locum
854 5228 884 5265 e
918 5210 1125 5265 multis
1159 5226 1645 5278 commemorem,
1707 5212 1969 5269 occurrit

312 5282 586 5337 canonib.
621 5282 838 5337 concil.
871 5282 1200 5348 Quinisexti
1258 5282 1356 5336 Ill.
1412 5284 1570 5337 1697.
1635 5287 1692 5341 Β.
1730 5284 1881 5345 ὅπως
1907 5303 1967 5337 τε

310 5355 380 5429 τῇ
414 5351 466 5406 ἐν
498 5358 584 5429 np
611 5352 806 5425 μεταξὺ
838 5357 1131 5429 προνοεῖται
1178 5350 1528 5429 ἄνοια-τροφῇ.Δ
1571 5356 1763 5412 Vertit
1814 5357 1962 5429 Gen-

314 5426 511 5481 tianus
543 5428 848 5490 Hervetus,
882 5425 1162 5497 'quomodo
1209 5427 1327 5495 ejus
1355 5425 1478 5495 quae
1511 5427 1798 5484 intercedit
1830 5427 1966 5484 vita:

316 5499 553 5553 rationis
582 5500 1057 5568 conversionisque
1112 5512 1300 5551 curam
1355 5504 1532 5565 gerat.
1594 5499 1967 5556 Prmtulerim

315 5570 661 5644 genitivum,
721 5575 819 5638 τῆς
879 5569 1246 5644 ἀναστροφῆς,
1281 5584 1444 5644 cum,
1473 5571 1965 5644 interpretatione

318 5641 428 5696 hac
454 5659 665 5723 z’guam
683 5643 1044 5723 providenter
1072 5641 1238 5723 curet
1253 5655 1370 5695 eam
1392 5642 1611 5723 vivendi
1636 5641 1650 5644 “
1665 5647 1962 5723 rationem.

318 5726 445 5789 g-uw
472 5713 655 5789 (inter
684 5714 1011 5789 admissum
1042 5718 1348 5789 peccatum
1374 5717 1440 5789 et
1451 5718 1642 5789 actam
1674 5718 1965 5789 poeniten-

320 5782 492 5854 tiam)
515 5785 827 5839 intercedit.
861 5782 1079 5840 Eadem
1113 5789 1203 5840 est
1254 5783 1606 5856 significatio
1637 5782 1798 5844 verbi
1831 5787 1963 5841 ἀνα-

2075 4564 2204 4639 μὶαν
2230 4564 2453 4642 ἀγωγὴν
2494 4564 2802 4642 ἀπαρτίσαι
2822 4564 2947 4642 ’τόν
3007 4564 3363 4642 ἀλεκτρυόνα,
3420 4564 3723 4640 αηὶεάιιαὶη

2070 4657 2238 4696 unam
2268 4640 2533 4696 cantandi
2592 4642 2759 4695 vicem
2804 4640 2988 4709 gallus
3034 4640 3374 4710 absolvisset,
3435 4646 3502 4697 ut
3548 4643 3723 4698 vertit

2080 4713 2374 4786 Anianus.
2393 4712 2537 4786 item
2560 4711 2912 4786 Euthymius
2940 4712 3268 4786 ligabenus
3298 4713 3588 4786 Panoplia
3615 4714 3728 4786 D9-

2070 4784 2328 4909 gmatica
2354 4785 2480 4866 4-39.
2500 4783 2560 4839 C.
2592 4781 2755 4857 τρίτη
2785 4781 2974 4856 ἀγωγῇ
3010 4781 3109 4866 ἐἷς
3160 4782 3260 4852 τὴν
3291 4781 3483 4839 πόλιν“
3498 4782 3730 4868 ἐπανελ-

2105 4853 2251 4909 όντα.
2285 4856 2518 4909 Etenim
2549 4871 2670 4909 non
2692 4870 2937 4909 necesse
2968 4856 3245 4909 arbitror.
3277 4861 3344 4909 ut
3370 4855 3639 4909 legamus
3664 4873 3727 4909 in

2105 4853 2251 4928 όντα.
2285 4855 2518 4928 Etenim
2549 4853 2670 4928 non
2692 4853 3245 4928 necesse—arbitror,
3277 4861 3344 4911 ut
3370 4855 3639 4928 legamus
3664 4857 3727 4912 in

2072 4927 2168 5001 his
2197 4927 2344 4982 locis
2375 4925 2684 5001 ἀναγωγήν,
2718 4925 2880 4997 quod
2901 4933 3115 4983 cmtero
3141 4926 3241 4998 qui
3274 4925 3457 4997 smpe'
3479 4943 3726 4997 respon-

2073 4999 2176 5054 det
2202 4999 2525 5069 γεραιαίοηί
2555 4999 2916 5055 Latinorum.

2146 5067 2346 5140 (39)*Si
2380 5086 2711 5141 pronomen
2736 5073 2932 5124 τοῦτον
2958 5069 3170 5136 demis,
3205 5068 3321 5141 duo
3374 5067 3500 5124 fere
3561 5075 3730 5127 notat

2074 5139 2293 5215 loeutio
2333 5139 2481 5215 κᾶτα
2528 5141 2735 5215 καιρόν.
2796 5142 3018 5206 Primo,
3055 5139 3318 5215 quando
3376 5146 3611 5198 retenta
3667 5143 3731 5199 in

2074 5212 2265 5288 καιρός
2297 5211 2731 5286 significatione
2762 5211 3219 5284 opportunitatis,
3252 5211 3410 5267 idem
3431 5219 3548 5339 eest
3568 5215 3729 5301 qugd

3459 5306 3485 5339 ν
3527 5306 3726 5339 καιοω.

3459 5306 3485 5339 ν
3527 5306 3726 5361 καιρῳ,

2143 5448 2256 5517 (40)
2290 5447 2493 5502 Simile
2522 5447 2646 5503 fere
2676 5450 3009 5502 monstrum
3033 5446 3387 5503 Emmaunte
3436 5447 3499 5504 in
3545 5449 3728 5506 Palm-

2078 5519 2235 5574 stina
2261 5520 2555 5575 exstitisse
2608 5518 2997 5589 Theophanes
3054 5523 3263 5573 auctor
3323 5525 3415 5575 est
3468 5521 3734 5580 Chrono-

2075 5591 2281 5663 graph.
2319 5592 2408 5647 60.
2442 5594 2508 5646 A.
2543 5591 2706 5666 Alios
2738 5596 3116 5666 portentosos
3145 5595 3371 5666 partus,
3395 5592 3652 5666 geminis
3672 5596 3735 5651 in

2076 5679 2264 5717 unum
2295 5664 2609 5729 concretis,
2643 5667 3001 5718 enumerant
3024 5663 3135 5718 Leo
3160 5663 3731 5722 Grammatic.Chro-

2076 5735 2523 5861 noggabqhbSOS.
2555 5734 2616 5790 C.
2646 5735 2903 5790 Zonaras
2933 5735 3003 5789 II.
3043 5736 3165 5790 162.
3218 5737 3284 5795 Α.
3319 5736 3564 5793 Michael
3589 5738 3734 5813 Gly-

2077 5823 2178 5861 cas
2319 5848 2331 5860 .
2418 5847 2431 5861 .

2077 5823 2178 5861 cas
2208 5810 2331 5860 30L
2367 5810 2431 5861 D.
