4118 6454
254 419 373 480 895

1623 417 1918 479 LEONIS
1966 418 2294 481 DIACUNI

3559 419 3680 482 896

255 554 419 623 pet-2e
437 553 716 605 vocatur:
751 564 868 619 quo
898 548 951 601 vi
980 547 1125 602 belli
1169 548 1457 619 omnique
1490 549 1905 606 machinarum

2025 547 2106 604 λει
2139 551 2275 623 (43),
2306 553 2388 624 τῷ
2414 553 2484 624 τῇ
2518 548 2666 626 Σύρᾳ
2697 552 2852 628 φωνῇ
2901 549 3239 623 καλουμένῳ
3274 547 3588 623 Μὲμπετζε’
3650 555 3682 608 8

253 656 469 712 genere
501 639 561 693 in
594 641 947 709 potestatem
969 636 1209 692 redacto
1237 638 1656 710 166,reperta
1676 638 1758 693 ibi
1775 655 1909 695 san-

254 729 414 784 dalia
446 727 770 782 Servatoris
794 731 1080 797 tanquam
1112 726 1352 783 caeleste
1364 727 1591 783 donum
1610 728 1910 799 quoddam

254 816 521 879 sustulit,
540 817 805 887 itemque
828 816 1078 887 capillos
1097 816 1425 872 venerandi
1443 818 1838 889 praecursoris
1856 823 1915 872 et

252 905 880 977 prmconis.Atqueilla
894 906 1133 977 quidem
1155 906 1215 960 in
1240 906 1459 961 illustri
1477 907 1698 979 templo
1711 907 1912 962 Matris

253 995 381 1063 Dei,
416 994 575 1066 quod
600 996 661 1049 in
683 995 906 1066 palatio
937 1001 1301 1051 exstructum
1324 1000 1432 1063 est,
1467 996 1747 1052 ditissimi
1783 996 1911 1051 the-

253 1086 413 1139 sauri
445 1085 635 1140 instar
664 1085 976 1156 deposuit;
1002 1084 1111 1140 hos
1142 1086 1203 1139 in
1234 1085 1359 1140 aede
1378 1086 1909 1158 Servatoris,quam

255 1192 288 1229 a
310 1175 719 1230 fundamentis
751 1175 1127 1233 excitaverat.
1160 1176 1302 1230 Inde
1335 1175 1637 1247 profectus
1656 1176 1730 1232 ad
1752 1178 1909 1247 Apa-

255 1279 450 1318 meam
474 1263 745 1333 accessit,
780 1264 1078 1319 munitum
1102 1269 1396 1335 captuque
1425 1264 1670 1320 difﬁcile
1694 1264 1907 1319 castel-

250 1352 517 1409 lum.Sed
541 1358 742 1410 tamen
766 1354 919 1410 hanc
952 1371 1189 1426 quoque
1212 1360 1348 1426 post
1368 1355 1495 1410 dies
1516 1372 1637 1410 non
1655 1356 1737 1410 ita
1754 1355 1912 1410 mul-

252 1448 343 1499 tos
368 1444 794 1515 cepit,suaeque
822 1444 1066 1499 ditionis
1083 1444 1317 1512 fecit,ac
1341 1446 1693 1501 Damascum
1708 1462 1910 1500 versus

252 1548 386 1587 cum
410 1533 673 1588 exercitu
704 1532 1033 1588 contendit.
1069 1536 1143 1588 At
1174 1534 1525 1590 Damasceni
1549 1550 1684 1589 cum
1736 1533 1910 1589 donis

254 1622 453 1694 magni
474 1622 651 1692 pretii
680 1623 742 1676 in
773 1622 1071 1690 manibus,
1102 1641 1210 1695 pro
1235 1641 1340 1678 suo
1372 1624 1635 1696 emporio
1654 1625 1906 1696 impera-

258 1712 371 1767 tori
396 1711 629 1766 obviam
662 1713 929 1781 veniunt,
963 1719 1030 1768 ut
1055 1713 1184 1785 ejus
1216 1713 1363 1768 iram
1424 1714 1907 1785 deprecarentur,

242 1800 575 1871 ipsumque
606 1802 956 1857 muneribus
988 1803 1315 1874 placarent.
1340 1805 1448 1871 Ita,
1472 1803 1576 1859 ubi
1603 1809 1766 1859 certa
1786 1802 1909 1857 illis

258 1890 482 1945 tributa
530 1891 816 1962 imposuit
871 1892 934 1946 in
988 1898 1461 1965 potestatemque
1508 1896 1908 1950 Romanorum
1939 1930 1987 1995 Β

2019 638 2111 693 καὶ
2142 638 2378 712 πολέμῳ
2432 638 2523 694 καὶ
2579 643 2698 701 ταῖς
2755 636 3127 701 παντοδαπαῖς
3184 643 3466 713 μηχαναῖς
3502 660 3677 714 παρα-

2022 729 2382 801 στησάμενος,
2413 727 2481 783 τὰ
2504 731 2602 784 τοῦ
2636 734 2899 803 Σωτῆρος
2926 731 3162 804 Χριστοῦ
3198 725 3464 783 σανδαλια
3505 729 3677 785 ἐκεῖσε

2022 816 2360 891 ἀνευρηκὼς,
2391 816 2682 895 ἀνείληφεν
2712 817 2788 879 ὥς
2832 839 2885 873 τι
2921 814 3099 889 δῶρον
3133 816 3405 893 οὐράνιον,
3434 817 3525 873 καὶ
3578 819 3674 881 τὰς

2016 910 2117 962 τοῦ
2170 901 2472 980 σεϐασμίου
2525 928 2585 962 τε
2640 904 2935 982 Προδόμου
2984 906 3205 982 τρίχας,
3249 911 3348 962 τοῦ
3403 909 3673 981 Κήρυκος.

2023 992 2122 1048 Καὶ
2152 993 2219 1048 τὰ
2251 995 2349 1068 μὶν
2382 995 2535 1060 αὖθις
2582 994 2635 1050 ἐν
2692 999 2774 1067 τῷ
2802 994 3121 1071 περιπύστῳ
3173 1001 3275 1064 τῆς
3324 997 3677 1071 Θεομήτορος

2020 1087 2198 1156 σηκῷ,
2258 1088 2338 1156 τῷ
2379 1084 2519 1139 κατὰ
2595 1086 2696 1154 τήν
2750 1085 3110 1159 ἂνακτορικήν
3197 1083 3375 1140 ἑστίαν
3433 1082 3679 1159 δεδομη-

2024 1170 2187 1245 μένῳ,
2218 1172 2467 1242 ἀπέθετο,
2501 1173 2573 1236 ὥς
2602 1195 2724 1229 τινα
2767 1168 3091 1229 πολύολϐον
3150 1173 3439 1248 θησαυρόν·
3469 1173 3564 1237 τὰς
3619 1172 3678 1230 δὲ

2020 1260 2074 1316 ὲν
2100 1265 2182 1335 τῷ
2211 1266 2309 1317 τοῦ
2343 1269 2606 1339 Σωτῆρος
2641 1266 2768 1336 νεῷ,
2797 1264 2854 1318 δν
2888 1261 3048 1325 αὐτὸς
3087 1263 3148 1318 ἐκ
3207 1263 3421 1338 βάθρων
3454 1264 3675 1339 ἀνήγει-

2021 1370 2131 1426 ρεν.
2193 1352 2427 1408 Ἐκεῖθεν
2484 1353 2697 1425 ἀπάρας
2775 1351 3056 1424 Ἀπαμείᾳ
3113 1346 3451 1427 προσέϐαλε,
3507 1353 3675 1427 φρού-

2021 1460 2137 1517 ριον
2172 1438 2229 1495 δὲ
2263 1440 2396 1511 αὕτη
2432 1440 2638 1516 ὀχυρὸν
2669 1441 2761 1496 καὶ
2792 1439 3131 1500 δυσάλωτον.
3169 1438 3347 1498 Ἀλλὰ
3399 1443 3490 1497 καὶ
3547 1443 3680 1498 ταύ-

2017 1552 2117 1602 την
2180 1531 2573 1606 εύαριθμήτοις
2652 1530 2889 1606 ἡμέραις
2943 1532 3173 1607 ᾑρηκὼς
3228 1532 3321 1587 καὶ
3380 1552 3677 1609 καταστρε-

2019 1618 2278 1695 ψάμενος,
2343 1620 2432 1677 ἐπὶ
2520 1620 2808 1696 Δαμασκὸν
2871 1619 3009 1694 μετᾶ
3089 1623 3189 1675 τοῦ
3275 1619 3676 1697 στρατεύματος

2019 1708 2180 1767 ἵεται.
2234 1710 2305 1766 Οἱ
2367 1708 2425 1765 δὲ
2480 1710 2686 1778 ταύτην
2746 1710 3044 1780 οἷκοῦντες,
3114 1709 3333 1766 πολλοῦ
3389 1712 3682 1785 τιμώμενα

2020 1795 2170 1874 δῶρα
2196 1804 2318 1863 ταῖς
2345 1799 2536 1875 χερσὶν
2562 1797 2941 1877 ἀνειληφότες,
2999 1800 3138 1873 πρὸς
3196 1799 3245 1837 ⁸⁹
3282 1803 3379 1855 τοῦ
3409 1799 3678 1875 ἐμπορίου

2017 1892 2098 1960 τῷ
2133 1885 2352 1964 βασιλεῖ
2382 1888 2734 1962 ὑπηντίαζον,
2765 1887 3200 1963 παραιτούμενοί
3238 1909 3300 1945 τε
3344 1889 3438 1945 τὸν
3481 1890 3681 1945 τούτου

255 1980 418 2051 ipsos
447 1981 728 2052 suscepit,
763 1981 903 2036 inde
962 1983 1138 2038 motis
1196 1983 1407 2038 castris
1466 2000 1575 2055 per
1623 1984 1908 2039 Libanum

2025 1979 2216 2051 θυμὸν,
2249 1979 2340 2034 καὶ
2369 1984 2487 2041 τοῖς
2520 1976 2720 2053 δώροις
2754 1979 2914 2034 αὐτὸν
2971 1978 3459 2052 ὲξευμενιζόμενοι.
3506 1980 3569 2038 Ὀ
3599 1978 3679 2050 δὲ,

253 2069 447 2139 (mons
470 2074 561 2125 est
582 2070 841 2126 Libanus
858 2087 1033 2143 asper
1063 2089 1130 2127 ac
1156 2073 1701 2145 maximus,quiper
1714 2080 1915 2145 partes

254 2158 392 2213 illas
412 2160 720 2229 pertinens
742 2160 1104 2216 Phoenicium
1119 2178 1152 2217 a
1181 2162 1500 2217 Palaestina
1513 2162 1915 2235 disterminat)

264 2252 604 2303 transverso
627 2249 843 2303 itinere
892 2250 1104 2317 tendit,
1136 2251 1198 2305 in
1230 2252 1547 2323 ipsumque
1563 2252 1916 2325 enixusjugi

263 2335 535 2401 dorsum,
568 2337 775 2392 urbem
808 2339 1275 2394 munitissimam
1303 2341 1481 2394 Borzo
1506 2340 1918 2395 subitaincur-

269 2424 437 2478 sione
455 2425 630 2495 cepit.
659 2426 799 2479 Inde
822 2426 1119 2495 profectus
1152 2427 1213 2481 in
1239 2427 1598 2482 thniciam
1621 2444 1685 2482 se
1702 2427 1920 2482 demit-

267 2513 356 2582 tit,
386 2513 697 2568 castellum
722 2514 1027 2570 Balanaaas
1045 2522 1313 2586 occupat,
1346 2518 1620 2587 Berytum
1646 2516 1916 2573 obsidet:

267 2618 385 2671 quo
416 2601 478 2655 in
509 2601 727 2672 oppido
754 2619 886 2657 cum
911 2604 1360 2659 cruciﬁxionem
1378 2605 1705 2660 Servatoris
1753 2605 1922 2677 depi-

269 2697 423 2745 ctam
460 2691 806 2760 invenisset,
842 2709 970 2747 eam
1003 2693 1143 2748 inde
1190 2694 1482 2750 sublatam
1518 2696 1579 2750 in
1598 2697 1921 2751 Servatoris

261 2780 658 2851 eademquem
676 2798 709 2836 a
733 2781 1917 2851 fundamentisexaediﬁcaverat,mandat.

2026 2069 2230 2148 φόρους
2257 2068 2443 2132 αὐτοῖς
2496 2069 2655 2140 τάξας
2711 2068 2913 2146 ρητοὺς
2970 2068 3061 2125 καὶ
3120 2067 3495 2131 ὑποσπόνδους
3552 2070 3685 2123 Ῥω-

2033 2157 2218 2232 μαίοις
2246 2157 2721 2235 ἀπεργασάμενος,
2753 2158 2951 2213 ἐκεῖθεν
2984 2160 3250 2233 ὁρμηθεὶς
3306 2156 3397 2214 διὰ
3447 2162 3545 2214 τοῦ
3585 2166 3684 2213 Λι-

2028 2243 2196 2302 ϐάνου
2230 2244 2379 2322 (ὅρος
2411 2245 2470 2302 δὲ
2503 2249 2586 2320 [Ρ.
2623 2250 2748 2321 103]
2806 2249 2835 2303 ὁ
2894 2245 3131 2309 Λίϐανος
3178 2251 3297 2303 κατ’
3328 2247 3532 2303 ἐκεῖνον
3587 2247 3680 2300 τὸν

2028 2342 2217 2413 χῶρον
2250 2335 2431 2412 τραχὺ
2460 2336 2549 2391 καὶ
2588 2336 2847 2411 μέγιστον
2873 2334 3163 2406 διατεῖνον,
3190 2339 3293 2406 τήν
3319 2357 3379 2392 τε
3420 2335 3684 2407 Φοινίκην

2027 2426 2118 2481 καὶ
2151 2424 2523 2496 Παλαιστίνην
2555 2424 2825 2497 ἀλλήλων
2873 2426 3113 2500 ἀπείργει
3148 2429 3164 2499 )
3196 2424 3495 2501 ἐγκαρσίως
3522 2425 3683 2495 ἠπεί-

2028 2536 2175 2591 γετο,
2203 2516 2291 2570 καὶ
2335 2516 2451 2570 κατ’
2483 2515 2651 2583 αὐτὴν
2683 2515 2783 2583 τήν
2836 2514 3032 2591 ῥαχίαν
3091 2516 3139 2551 ⁴⁰
3168 2514 3518 2592 ἀφικόμενος,
3575 2515 3675 2581 τὴν

2030 2610 2219 2680 Βορζῶ
2256 2649 2270 2675 ,
2319 2602 2482 2659 πόλιν
2540 2602 2929 2678 ἐρυμνωτάτην
2967 2648 2981 2674 ,
3041 2602 3093 2674 ἐξ
3140 2601 3448 2678 ἐπιδρομῆς
3510 2603 3676 2661 εἷλεν.

2033 2695 2309 2751 Ἐντεῦθεν
2329 2695 2538 2768 ἀπάρας
2574 2696 2685 2766 (44)
2742 2693 2795 2755 ἐς
2852 2693 3118 2763 Φοινίκην
3176 2692 3404 2762 κάτεισι,
3436 2692 3525 2747 καὶ
3581 2692 3678 2754 τὰς

2026 2805 2086 2838 τε
2146 2783 2451 2844 Βαλαναίας
2511 2783 2572 2838 τὸ
2630 2781 2888 2859 φρούριον
2948 2783 3113 2858 αἱρεῖ,
3153 2782 3243 2837 καὶ
3294 2784 3393 2852 τὴν
3429 2781 3680 2858 Βηρυτὸν

258 2866 569 2944 πολιορκεῖ⁹
606 2867 658 2922 ἐν
750 2871 842 2923 καὶ
871 2872 970 2939 τὴν
1000 2875 1100 2925 τοῦ
1130 2876 1391 2946 Σωτῆρος
1424 2873 1478 2926 ἐν
1507 2872 1674 2929 εἰκόνι
1710 2874 2012 2946 σταύρωσιν
2061 2874 2333 2947 εὑρηκὼς,
2392 2874 2482 2928 καὶ
2537 2872 2739 2942 ταύτην
2789 2871 2986 2937 ἐκεῖθεν
3046 2872 3338 2950 ἀνειλφὼς,
3374 2872 3431 2928 ἐν
3476 2876 3558 2944 τῷ
3579 2875 3676 2927 τοῦ

258 2961 522 3032 Σωτῆρος
544 2963 672 3029 νεῷ,
705 2958 760 3013 ὅν
795 2959 855 3013 ἐκ
888 2957 1103 3034 βάθρων
1136 2960 1414 3033 ἐδείματο,
1447 2964 1849 3036 παρεκπὲμπει.

326 3051 377 3102 5.
438 3049 606 3104 Circa
652 3049 806 3104 hanc
864 3051 1123 3106 divinam
1177 3052 1499 3125 imaginem
1548 3053 1911 3124 stupendum

257 3136 557 3208 quoddam
602 3139 939 3212 prodigium
972 3141 1290 3213 contigisse
1349 3148 1647 3198 narratur.
1730 3143 1912 3199 Aiunt

255 3227 607 3282 Christianae
660 3228 970 3301 religionis
993 3230 1299 3285 hominem
1324 3232 1518 3303 Beryti
1554 3233 1615 3286 in
1647 3233 1905 3303 quadam

2025 3251 2141 3285 τινα
2194 3230 2370 3285 ἑστίαν
2424 3237 2525 3300 τῆς

253 3315 429 3372 domo
461 3318 610 3372 167
639 3317 959 3386 habitasse,
984 3319 1045 3374 in
1071 3336 1188 3391 qua
1217 3319 1559 3393 imaginem,
1594 3337 1773 3392 quam
1819 3321 1906 3376 di-

252 3407 481 3475 cebam,
515 3408 705 3463 multo
738 3424 874 3463 cum
906 3409 1131 3465 honore
1188 3409 1583 3481 deposuisset.
1617 3411 1907 3466 Eumdem

251 3497 549 3567 posterius
573 3498 940 3570 demigrasse
964 3500 1024 3553 in
1052 3499 1201 3554 alias
1224 3499 1402 3569 aedes,
1431 3506 1510 3571 et,
1534 3500 1749 3556 divinm
1772 3517 1909 3572 pro-

253 3586 528 3641 videntia;
561 3593 732 3657 nutu,
766 3588 919 3643 sacri
950 3589 1217 3661 pignoris
1275 3589 1554 3660 oblitum,
1614 3590 1676 3644 in
1707 3589 1907 3661 priore

255 3673 430 3730 domo
462 3676 784 3748 imaginem
815 3676 1156 3748 reliquisse.
1179 3678 1431 3734 Easdem
1461 3679 1618 3734 aedes
1637 3679 1907 3734 Judaeum

252 3763 515 3833 aliquem
540 3765 1677 3838 tenuisse,uthabitaret,nonnullosque
1699 3784 1908 3839 super-

254 3852 515 3906 stitionis
538 3869 659 3907 suae
704 3858 944 3924 postero
965 3854 1061 3909 die
1110 3855 1184 3910 ad
1209 3872 1438 3912 caenam
1469 3873 1731 3913 vocasse.
1767 3857 1907 3911 Illos

254 3940 498 3996 domum
523 3941 1033 4013 ingressos,inque
1056 3944 1382 4014 parietibus
1396 3946 1719 4001 Servatoris
1746 3946 1907 4001 cruci

253 4028 413 4085 afﬁxi
444 4030 768 4102 imaginem
793 4030 1077 4101 videntes,
1115 4033 1387 4106 gravibus
1436 4034 1776 4090 maledictis
1805 4036 1908 4091 Ju—

2094 3053 2151 3106 e'.
2214 3052 2436 3127 Λὲγεται
2497 3047 2554 3106 δὶ
2618 3052 2744 3126 περὶ
2794 3050 2998 3121 ταύτης
3079 3057 3179 3120 τῆς
3265 3048 3413 3112 Θείας
3469 3049 3679 3115 εἷ’κόνος

2022 3140 2253 3211 ἐξαίσιόν
2283 3161 2337 3196 τι
2369 3134 2773 3213 συμϐεϐηκέναι
2831 3141 3135 3215 τεράστιον.
3197 3140 3337 3194 Φασὶ
3390 3139 3495 3214 γὰρ
3537 3141 3675 3196 κατά

2607 3233 2858 3305 Βηρυτοῦ
2968 3227 3138 3305 ἄνδρα
3193 3231 3261 3285 τὰ
3335 3233 3683 3301 Χριστιανῶν

2021 3314 2392 3395 πρεσϐεύοντα
2446 3325 2754 3396 παροικεῖν,
2804 3320 2924 3374 καθ’
2979 3321 3048 3389 ἢν
3100 3319 3191 3375 καὶ
3258 3320 3359 3389 τὴν
3423 3318 3676 3395 ῥηθεῖσαν

2023 3407 2207 3463 εἰκόνα
2228 3403 2525 3481 σεϐόμενον
2551 3408 2858 3473 ἀναθέσθαι.
2890 3409 3098 3483 Χρόνον
3158 3406 3217 3464 δὲ
3274 3407 3494 3483 ὕστερον
3554 3410 3675 3472 καθ’

2018 3497 2205 3573 ὶτέραν
2260 3497 2436 3553 οἰκίαν
2501 3503 2943 3572 μεταναοτεῦσαι,
2996 3497 3108 3566 καὶ,
3166 3497 3302 3553 κατὰ
3359 3498 3499 3562 θείαν
3552 3497 3675 3553 τινὰ

2016 3587 2304 3663 πρόνοιαν,
2338 3586 2483 3662 λήθῃ
2524 3588 2567 3624 ⁴¹
2630 3588 3021 3664 περισχεθὲντα
3083 3589 3220 3642 κατὰ
3272 3589 3371 3657 τὴν
3405 3586 3667 3663 προτέραν

2018 3675 2190 3731 οἰκίαν
2275 3677 2374 3746 τήν
2459 3674 2641 3731 εἲκόνα
2696 3673 3057 3749 παραλιπεῖν.
3148 3674 3359 3745 Ταύτην
3433 3672 3491 3730 δὶ
3569 3676 3671 3745 τὴν

2019 3763 2195 3818 ἑστίαν
2221 3761 2486 3820 Ἰουδαῖον
2544 3762 2943 3841 παρειληφέναι
2999 3762 3142 3835 τινὰ,
3203 3763 3343 3818 ὥστε
3393 3762 3484 3818 καὶ
3542 3783 3677 3818 κατ-

2018 3857 2209 3909 οικεῖν·
2273 3854 2368 3908 τὸν
2427 3850 2485 3908 δὲ
2538 3857 2647 3908 τῶν
2708 3854 3074 3928 ὁμοθρήσκων
3137 3854 3248 3926 (45)
3302 3852 3466 3907 αὐτοῦ
3523 3873 3676 3914 τινας

2021 3942 2097 4004 είς
2126 3944 2228 4011 τήν
2264 3943 2543 4017 ὑστεραίαν
2574 3943 2912 4012 ἠστιακὲναι.
2972 3938 3081 4006 Οὕς
3133 3942 3212 4014 τῷ
3271 3940 3431 4015 δόμῳ
3493 3943 3678 3997 ὕπεισ-

2019 4031 2275 4093 ελθόντας
2323 4031 2414 4086 καὶ
2470 4033 2609 4108 πρὸς
2666 4031 2873 4087 ἐνώπια
2917 4033 3032 4107 (46)
3089 4033 3186 4101 τὴν
3254 4035 3352 4086 τοῦ
3411 4037 3674 4104 Σωτῆρος

1471 4244 1529 4299 C.
1570 4242 1632 4300 B.
1685 4242 1871 4297 HASII
1902 4240 2465 4298 ANNOTATIONES.

328 4439 374 4476 ³ο
399 4440 559 4515 πρός]
590 4440 721 4515 Leg.
754 4440 881 4517 πρό.
913 4441 962 4478 ⁴⁰
990 4439 1187 4518 ῥαιιάν
1222 4441 1379 4512 cod.,
1410 4447 1721 4514 oxytonos.
1755 4439 1799 4476 ⁴¹
1833 4437 2012 4511 λήθης
2040 4438 2172 4496 cod.

251 4637 514 4721 presbyt.
545 4639 677 4721 Yita
700 4639 755 4693 S.
786 4639 1051 4721 gregorii
1080 4639 1344 4721 Nazianz.
1380 4641 1422 4695 Ι.
1473 4654 1627 4695 cxm.
1766 4656 1901 4721 προς
1935 4644 1981 4708 D

251 4706 497 4784 ἶρητικῷς
528 4706 720 4761 εἰπεῖν’
749 4706 1037 4784 alluditur
1065 4710 1146 4784 ad,
1190 4711 1406 4784 Isaiam
1459 4726 1595 4784 xxx.
1629 4712 1739 4784 ⁸η.
1782 4706 1906 4784 Δἵζοι

254 4781 509 4835 concilio
539 4796 831 4852 (acumen,
858 4783 1112 4852 septimo
1136 4783 1198 4838 in
1230 4782 1588 4842 refutatione
1612 4781 1908 4837 deﬁnitio-

254 4852 350 4906 nis
378 4851 728 4937 Icoenoclast:
757 4854 863 4937 εν,
1044 4855 1103 4937 Ε,
1140 4857 1527 4937 “RPO?1)‘ILX&')£
1537 4925 1550 4937 ‘
1572 4852 1762 4937 φάναι,
1787 4852 1908 4905 ἀνά-

260 4942 420 4994 μεσον
455 4919 615 4997 ᾅγίου
642 4922 730 4975 καὶ
767 4916 1011 4997 βεϐήλου
1043 4923 1104 4978 οὐ
1137 4916 1458 4982 διέστειλαν.
1486 4916 1597 4981 Ubi
1622 4916 1913 4997 praeterea

254 4994 604 5050 vertendum
634 4994 777 5062 non,
807 5002 870 5050 ut
891 4997 1215 5065 prophetiae
1242 5000 1540 5066 fateamur,
1573 4994 1730 5067 quod
1749 4995 1915 5050 dedit

250 5073 417 5122 vetus
457 5067 776 5138 interpres,
836 5083 958 5122 non
1015 5067 1493 5124 animadvertens
1544 5085 1672 5123 esse
1706 5068 1907 5121 locum

253 5140 573 5212 Scriptura
604 5155 807 5204 sacrae,
845 5139 949 5194 sed
972 5156 987 5205 ;
1010 5147 1071 5194 ut
1095 5139 1383 5210 prophetae
1404 5138 1752 5212 [Ezechielis
1770 5156 1907 5193 χχιι.

249 5215 338 5265 26.
376 5211 581 5282 [verbis
609 5217 855 5265 utamur.
915 5280 925 5282 Α
1087 5260 1099 5282 ς

322 5279 431 5353 (43)
462 5283 599 5349 Ista,
633 5298 822 5353 usque
857 5280 932 5364 ad
982 5281 1159 5364 verba
1216 5279 1276 5334 ἐκ
1320 5280 1551 5408 Ιβάθρων
1605 5280 1908 5356 ἀνήγειρεν,

322 5361 390 5408 te
422 5353 679 5408 Bandur.
714 5355 971 5408 Imnerio
999 5353 1283 5408 Oriental.
1348 5356 1390 5408 Ι.
1447 5356 1571 5408 481.
1631 5355 1718 5408 Β..
1752 5351 1908 5408 anud

248 5361 390 5409 ante
422 5353 679 5410 Bandur.
714 5354 971 5425 Imperio
999 5353 1390 5425 Oriental._II.
1444 5353 1571 5409 481.
1631 5353 1865 5425 Β.,ἐιρι]

253 5442 431 5498 quem
475 5428 621 5497 Συρᾷ
652 5423 871 5497 legitur
922 5431 980 5480 et
1024 5423 1356 5498 Μεμπετζὲ,
1384 5427 1511 5498 jam
1570 5423 1907 5496 Ducangius

250 5497 762 5570 vulgaveratNott.
814 5498 872 5570 in
904 5498 1144 5552 Zonaras
1176 5497 1389 5553 Annal.
1417 5497 1486 5553 II.
1525 5500 1643 5550 107.
1682 5498 1749 5552 D.
1784 5512 1906 5550 non

252 5569 381 5624 sine
408 5569 655 5624 minutis
676 5569 1071 5640 mendis.quaa
1102 5576 1298 5624 tamen
1324 5570 1473 5624 tanti
1498 5585 1619 5623 non
1646 5575 1807 5635 sunt,
1842 5573 1908 5622 ut

251 5641 556 5721 sigillatim
577 5641 851 5713 exagites.
868 5641 951 5695 Ad
976 5644 1128 5696 hanc
1152 5641 1591 5721 expeditionem
1608 5641 1907 5722 Syriacam

248 5713 566 5767 Tzlmiscae.
602 5730 650 5767 a.
704 5715 828 5767 974.
856 5720 1213 5768 susceptam.
1250 5713 1590 5767 Elmacmus
1623 5713 1765 5766 illst.
1801 5712 1902 5765 Sa-

257 5730 566 5767 rzimiscae.
602 5730 650 5767 a.
704 5730 828 5767 υκαι.
856 5730 1213 5783 susceptam,
1250 5730 1590 5767 mmacmus
1623 5730 1765 5766 lllSL.
1802 5730 1898 5765 aa-

252 5787 364 5839 tac.
398 5784 522 5837 233.
548 5782 606 5838 C.
640 5799 953 5855 perperam
974 5785 1158 5840 refert
1185 5784 1683 5858 expugnationem
1698 5784 1898 5839 Antio-

2014 4634 2187 4702 chiaa,
2224 4636 2442 4694 factam
2473 4653 2508 4693 a
2537 4638 2718 4693 Burza
2746 4653 2800 4693 a.
2834 4639 2937 4692 969
2975 4653 2988 4691 :
3020 4635 3152 4690 vide
3183 4651 3362 4707 supra
3390 4637 3481 4691 49.
3515 4635 3560 4691 D
3620 4638 3681 4689 et

2096 4780 2209 4852 (44)
2232 4782 2365 4837 Hinc
2390 4796 2580 4852 usque
2618 4780 2693 4836 ad
2727 4781 2910 4836 tinem
2941 4779 3154 4852 capitis
3176 4780 3242 4847 V,
3274 4775 3350 4838 ὣς
3392 4796 3505 4852 *μοι
3561 4772 3672 4852 ἤδη

2021 4848 2367 4928 δεδήλωται,-
2390 4848 2514 4928 leaf.
2550 4853 2617 4920 D,
2651 4857 2990 4928 et‘utraque
3014 4848 3224 4928 lingua
3253 4848 3428 4928 apud
3443 4848 3677 4928 Bandu:

2020 4925 2177 5001 rium
2204 4926 2274 5001 l_[.
2297 4926 2433 5001 480.
2466 4925 2661 5001 B.__et_
2684 4921 2929 5001 graece;
2943 4921 3237 5001 duntaxat
3277 4921 3370 5001 in__
3391 4921 3673 5001 Ducangii

2021 4997 2175 5051 Nott.
2211 4995 2272 5050 in
2295 4996 2502 5050 Zonar.
2539 4995 2607 5051 Il.
2644 4998 2766 5050 102.
2803 4998 2864 5053 C.
2898 4995 3012 5050 Sed
3046 4995 3150 5062 ibi,
3183 5000 3249 5048 ut
3295 4992 3412 5047 alia
3442 4992 3675 5062 minuta

2019 5067 2238 5122 menda
2269 5072 2518 5132 taceam,
2550 5066 2729 5121 verba
2756 5066 2854 5135 τήν
2889 5064 3093 5136 είκόνα,
3141 5081 3272 5136 quae
3303 5064 3583 5136 leguntur
3612 5061 3673 5115 in

2020 5139 2130 5194 hac
2163 5140 2255 5193 ed.
2290 5154 2422 5210 pag.
2460 5139 2583 5195 167.
2615 5138 2721 5193 lin.
2754 5134 2964 5194 Luna
2992 5134 3130 5194 cum
3159 5134 3323 5210 linea
3360 5134 3412 5189 5.
3445 5134 3679 5210 integra

2019 5227 2140 5266 non
2173 5205 2308 5265 sine
2332 5205 2535 5280 aliquo
2561 5210 3005 5281 perspicuitatis
3064 5209 3423 5281 detrimento
3454 5205 3680 5262 omissa

2020 5288 2181 5353 sunt,
2215 5276 2615 5353 opinor—quod
2638 5276 2808 5337 voces
2832 5282 3100 5353 repetita;
3128 5276 3462 5353 παραλιπεῖν
3494 5283 3554 5333 et
3572 5296 3676 5330 na-

2017 5350 2336 5428 ρειληφὲναι
2370 5350 2654 5428 Dueangii
2681 5350 3089 5428 describentis
3108 5350 3314 5407 oculos
3345 5350 3677 5406 turbarent.

2090 5421 2206 5497 (45)
2226 5425 2562 5497 Ducangius
2580 5421 2781 5497 τῶνδὲ
2808 5428 2941 5497 τῶν,
2974 5425 3151 5497 male.

2089 5493 2202 5568 (46)
2233 5493 2460 5553 Vocem'
2480 5496 2852 5551 Homericam
2902 5493 3135 5568 ἐνώπιον
3170 5493 3364 5568 (Iliad.
3426 5498 3487 5547 Θ.
3523 5493 3673 5568 μ435.

2017 5570 2080 5624 Ν.
2117 5565 2241 5624 26⁷1.
2276 5568 2480 5639 Odyss.
2514 5573 2572 5621 A.
2606 5570 2700 5639 42.
2730 5569 2819 5639 Χ.
2841 5570 2960 5621 121.
2994 5567 3128 5623 vide
3162 5567 3454 5639 Heynium
3486 5565 3675 5639 virum

2016 5640 2337 5695 immortal.
2366 5635 2540 5695 Dbss.
2574 5637 2646 5693 ab
2681 5638 2849 5695 Iliad.
2876 5641 3074 5694 ν.491.
3105 5639 3193 5704 Β.)
3226 5635 3350 5693 non
3374 5635 3679 5707 intellexit

2017 5712 2295 5771 Banduri.
2332 5711 2417 5765 sic
2450 5716 2706 5776 vertens,
2738 5711 3002 5779 conjectis
3060 5711 3229 5766 oculis
3258 5712 3320 5764 in
3366 5726 3451 5777 ea,
3490 5724 3611 5779 quae
3643 5724 3677 5763 α

2014 5785 2207 5854 fronte
2235 5784 2342 5838 sibi
2370 5783 2587 5852 objecta
2630 5787 2810 5838 erant.
