4118 6446
405 418 524 478 897

1746 414 2146 479 HISTORIA!
2191 415 2338 476 LIB.
2386 414 2461 474 X.

3713 419 3833 479 898

411 546 715 623 σταύρωσιν
773 548 1189 625 ἀνατεθειμένην
1251 554 1368 625 (47)
1451 551 1811 625 ἀθρήσαντας,
1881 545 2070 610 δεῖνῶς

2188 548 2736 611 daaumincessisse,
2762 552 2825 602 ut
2856 551 3261 621 persuasionis
3310 567 3431 607 sua:
3471 551 3835 608 desertorem

412 637 782 715 λοιδορεῖσθαι
812 641 905 696 τὸν
948 637 1234 711 Ἰουδαῖον,
1289 640 1364 702 ὡς
1419 636 1711 695 ἔκσπονδον
1768 644 1868 708 τῆς
1910 642 2057 714 σφῶν

411 728 698 803 θρησκείας
726 728 817 783 καὶ
855 730 922 783 τά
975 734 1082 784 τῶν
1140 731 1480 804 Χριστιανῶν
1538 722 1781 783 σέϐοντα.
1839 727 1944 783 Τὸν
2003 723 2061 780 δὲ

408 818 595 892 ὅρκοις
623 816 819 880 αὐτοὺς
870 813 1334 885 διαϐεϐαιοῦσθαι,
1438 819 1545 892 μήν
1601 818 1677 890 μὴ
1727 817 1827 886 τήν
1871 814 2064 870 τοιαύ-

407 928 512 977 την
551 906 732 963 εἱκόνα
790 904 897 970 ἓως
949 912 1047 962 τοῦ
1097 908 1366 984 παρόντος
1420 908 1728 971 θεάσασθαι.
1780 906 1948 969 Αὖθις
2007 901 2065 959 δὲ

413 999 552 1073 πρὸς
581 996 742 1052 αὐτὸν
773 995 904 1062 τοὺς
953 996 1336 1071 παλαμναίους
1394 995 1629 1058 ἐκείνους
1677 995 1866 1050 εἰπεῖν·
1899 1019 1927 1046 ‹‹
1962 994 2066 1050 Καὶ

410 1086 460 1142 εἰ
505 1087 583 1159 μὴ
641 1085 710 1141 τά
762 1091 871 1142 τῶν
931 1090 1264 1163 Χριστιανῶν
1328 1084 1626 1161 ὀργιάζεις,
1683 1082 1862 1160 ἔργοις
1915 1084 2066 1155 ἡμᾶς

413 1175 875 1253 πληροφόρησον,
922 1175 1012 1231 καὶ
1060 1174 1261 1245 ταύτην
1310 1176 1410 1247 τήν
1460 1173 1679 1250 λόγχην
1729 1171 2066 1250 ἀνειληφὼς,

410 1263 568 1336 νόξον
597 1265 662 1320 τὸ
690 1269 788 1320 τοῦ
818 1264 1136 1340 Ναζαραίου
1167 1264 1457 1337 εῗκύνισμα
1483 1263 1621 1319 κατά
1648 1269 1748 1332 τῆς
1803 1261 2064 1336 πλευρᾶς,

412 1355 505 1409 τὸν
529 1354 758 1428 τρόπον,
802 1353 861 1409 ὅν
915 1355 968 1409 οἳ
1025 1355 1251 1430 πατέρες
1309 1354 1468 1426 ἡμῶν
1527 1353 1589 1406 τὸ
1645 1353 1820 1406 πάλαι
1875 1353 2066 1405 τοῦτον

418 1443 828 1518 σταυρώσαντες
914 1439 1275 1519 ἔλόγχευσαψ
1309 1465 1338 1496 κ
1397 1443 1507 1500 Τὸν
1565 1438 1643 1511 δὲ,
1699 1441 1800 1510 τήν
1853 1439 2070 1514 λόγχην

417 1530 968 1608 μεταχειρισάμενον,
1003 1532 1076 1595 ὡς
1108 1534 1231 1607 εἶχε
1260 1532 1462 1605 θυμοῦ,
1491 1530 1580 1586 καὶ
1638 1529 1877 1603 μάλιστα
1922 1526 2070 1597 πλη-

419 1620 671 1697 ροφορεὶν
730 1619 968 1683 ἐκείνους
1055 1617 1412 1697 βουλόμενον,
1493 1618 1557 1673 τὸ
1635 1617 2070 1691 περιαπτόμενον

417 1708 568 1783 αὐτῷ
623 1705 882 1786 ἔγκλημα
937 1708 1395 1784 κατεπειγόμενον
1481 1705 1882 1783 ἀποτρίψασθαι
1934 1707 2072 1779 (48),

417 1797 700 1869 νόξαιτήν
726 1805 828 1868 τῆς
866 1796 1080 1861 εῗκόνος
1135 1797 1398 1870 πλευράν.
1455 1803 1609 1869 *Αμα
1666 1792 1723 1850 δὲ
1776 1797 1846 1868 τῇ
1902 1813 2076 1869 προσ-

416 1881 561 1959 ϐολῇ
621 1891 732 1961 (49)
789 1894 891 1957 τῆς
949 1887 1188 1963 αἰχμῆς,
1265 1884 1482 1956 πλῆθος
1562 1884 1921 1960 καταῤῥεῦσαι
1978 1882 2069 1938 σὺν

2169 639 2714 695 etChristianorum
2731 639 2908 694 ﬁdem
2929 641 3419 696 colentem.Hunc
3430 642 3829 713 jurejurando

2171 730 2494 799 afﬁrmare,
2528 744 2659 784 sese
2699 727 2868 783 illam
2900 729 3223 801 imaginem
3254 737 3394 785 ante
3444 731 3558 785 hoc
3591 736 3828 802 tempus

2170 818 2415 875 omnino
2438 834 2560 873 non
2576 817 2965 872 vidisse.’l‘um
2988 818 3222 874 scelesti
3249 819 3394 888 illi,«
3418 820 3474 874 Si
3499 820 3742 892 quidem
3770 842 3797 870 ››

2170 908 2473 979 inquiunt,
2506 930 2535 957 «
2560 906 3033 965 Christianorum
3059 924 3227 963 sacro
3258 926 3379 964 non
3420 909 3586 980 colis,
3640 910 3821 965 rebus

2168 998 2314 1070 ipsis
2345 1001 2568 1052 certam
2600 996 2779 1051 fidem
2809 996 3007 1063 facito,
3041 1004 3395 1069 arreptaque
3456 999 3665 1054 lancea
3713 1000 3829 1054 ista

2176 1086 2457 1142 Nazareni
2489 1085 2747 1157 efﬁgiem
2782 1086 2843 1140 in
2866 1085 3050 1142 latere
3083 1088 3349 1158 puugito,
3383 1087 3594 1143 eodem
3627 1087 3827 1156 modo,

2174 1192 2291 1247 quo
2322 1174 2509 1230 nostri
2542 1174 2687 1229 olim
2720 1180 2917 1246 patres
2950 1191 3088 1230 eum
3135 1176 3484 1231 crucifixum
3544 1176 3826 1232 confode-

2172 1268 2332 1319 runt.
2358 1285 2387 1313 »
2415 1264 2560 1317 Tum
2590 1262 2693 1317 ille
2722 1263 2932 1319 lancea
2960 1263 3023 1318 in
3073 1279 3285 1319 manus
3315 1269 3578 1336 accepta,
3605 1272 3673 1320 ut
3719 1265 3828 1321 ﬂa-

2174 1352 2381 1425 grabat
2409 1353 2518 1418 ira,
2551 1367 2667 1422 quo
2700 1350 2820 1406 illis
2864 1369 3044 1423 quam
3076 1354 3334 1409 maxime
3365 1354 3544 1409 ﬁdem
3582 1354 3825 1418 faceret,

2176 1441 2463 1498 afﬂictum
2487 1440 2596 1495 sibi
2619 1441 2847 1497 crimen
2860 1442 3088 1497 diluere
3101 1443 3531 1515 cupiens,latus
3549 1444 3828 1514 imaginis

2176 1532 2490 1605 percussit.
2532 1531 2636 1585 Vix
2676 1536 2875 1587 autem
2931 1533 3239 1605 cuspidem
3293 1534 3639 1607 impegerat,
3692 1550 3830 1589 cum

2179 1621 2487 1695 sanguinis
2517 1637 2671 1693 apua
2700 1623 2868 1676 mixti
2899 1624 3071 1694 copia
3109 1623 3357 1679 effluxit.
3409 1624 3496 1678 Ad
3546 1624 3831 1679 horribile

2180 1710 2589 1783 spectaculum
2647 1711 2976 1784 obriguisse
3034 1712 3236 1768 ferunt
3288 1714 3503 1786 impios
3557 1714 3829 1770 Iudaeos:

2178 1801 2385 1871 reique
2441 1799 2602 1855 fama
2659 1799 2977 1870 divulgata,
3019 1801 3430 1872 persuasionis
3482 1804 3834 1859 Christianae

2181 1890 2455 1944 homines
2485 1888 2644 1944 sedes
2676 1889 2903 1943 Hebraei
2926 1889 3234 1958 invasisse,
3261 1892 3678 1963 sublatamque
3696 1909 3833 1947 oru-

415 1972 570 2030 ὕδατι
600 1975 861 2048 αἳματος·
903 1961 1049 2039 τοὺς
1086 1974 1145 2030 δὲ
1202 1969 1481 2037 δυσσεϐεῖς
1542 1971 1837 2037 Ἰουδαίους
1891 1992 2070 2041 πεπη-

2188 1978 2341 2036 ciﬂxi
2371 1978 2695 2033 Servatoris
2726 1978 3126 2034 venerandam
3157 1980 3501 2053 imaginem,
3527 1983 3836 2053 sanguinis

412 2067 567 2141 γέναι
623 2071 705 2141 τῷ
762 2071 976 2146 φρικτῷ
1033 2070 1132 2122 τοῦ
1216 2066 1506 2139 θεάματος,
1564 2063 1656 2121 καὶ
1707 2071 1807 2135 τῆς
1877 2063 2072 2141 φήμης

415 2154 786 2229 διαδοθείσης,
838 2157 971 2220 τοὺς
1026 2158 1095 2213 τὰ
1151 2158 1482 2231 Χριστιανῶν
1565 2149 1819 2216 σέϐοντας
1880 2154 2070 2225 εἰσπη-

416 2244 580 2316 δῆσαί
611 2267 670 2302 τε
697 2247 797 2315 τὴν
828 2250 925 2302 τοῦ
958 2240 1216 2322 Ἐὄραίου
1246 2244 1449 2316 ἑστίαν,
1481 2245 1571 2301 καὶ
1600 2246 1701 2314 τήν
1731 2245 1933 2313 σεπτήν
1973 2247 2073 2298 τοῦ

419 2341 683 2405 Σωτῆρος
716 2334 1068 2411 ἀνειληφέναι
1125 2335 1452 2411 σταύρωσιν,
1481 2329 1559 2390 ἔτι
1589 2333 1652 2390 τὸ
1682 2338 1826 2397 θεῖον
1876 2327 2075 2388 ἐκϐλύ-

417 2432 614 2496 ζουσαν
671 2427 832 2501 αἷμα,
892 2424 986 2481 καί
1040 2424 1120 2489 εἲς
1179 2425 1325 2500 ἱερὸν
1387 2426 1663 2490 ἀναθεῖναι
1730 2424 1920 2497 σηκὸν,
1984 2423 2074 2478 καὶ

2180 2067 2336 2124 rivos
2363 2066 2541 2122 etiam
2564 2071 2692 2121 tum
2712 2066 3087 2137 fundentem,
3111 2069 3172 2123 in
3204 2085 3373 2125 sacro
3397 2069 3646 2125 delubro
3683 2070 3834 2125 168

2181 2156 2552 2229 deposuisse,
2584 2156 2930 2227 honoreque
2960 2157 3231 2214 affecisse
3257 2159 3650 2231 amplissimo.
3672 2160 3835 2215 Hanc

2183 2244 2554 2301 Deihominis
2584 2245 2842 2317 efﬁgiem
2874 2246 3199 2317 imperator
3250 2248 3389 2303 inde
3421 2247 3739 2315 sublatam,
3772 2254 3839 2303 ut

2176 2336 2304 2408 jam
2338 2335 2813 2392 demonstratum
2843 2336 2949 2391 abs
2978 2354 3073 2392 me
3105 2343 3214 2405 est,
3257 2338 3835 2411 Constantinopolim

2186 2424 2372 2481 misit.

407 2521 572 2589 τιμᾶν
622 2514 1084 2591 μεγαλοπρεπῶς.
1167 2513 1377 2586 Ταύτην
1437 2515 1466 2570 ὁ
1529 2512 1784 2591 βασιλεὺς
1840 2514 1942 2583 τήν
2000 2513 2344 2587 θεάνθρωπον
2434 2513 2648 2591 μορφὴν
2727 2512 2929 2578 ἐκεῖθεν
3010 2515 3346 2591 ἀνειληφὼς,
3405 2523 3487 2591 τῷ
3546 2520 3834 2591 Βυζαντίῳ

410 2604 786 2678 παρέπεμψεν,
819 2604 895 2668 ὡς
939 2625 1032 2677 μοι
1065 2602 1176 2676 ἤδη
1210 2601 1543 2675 δεδήλωται.

489 2699 567 2763 [Ρ.
604 2696 724 2767 104]
760 2694 820 2763 ζ’.
853 2694 1003 2750 Ἐπεὶ
1036 2689 1095 2748 δὶ
1137 2693 1233 2755 τὰς
1277 2712 1337 2748 τι
1386 2690 1696 2754 Βαλαναίας
1749 2691 1840 2747 καὶ
1895 2698 2072 2767 Βηρυ·

412 2784 508 2839 τὸν
555 2787 636 2857 τῷ
692 2781 959 2857 πολεμεῖν
1026 2783 1221 2860 ᾕρηκε,
1278 2780 1546 2856 Τριπόλει
1600 2781 1651 2818 ⁴²
1705 2776 2072 2852 προσϐάλλει.

419 2873 522 2929 Καὶ
561 2872 669 2945 μὴν
701 2872 816 2935 οἷός
872 2892 932 2928 τε
970 2868 1045 2927 ὢν
1103 2870 1306 2941 ταύτην
1364 2869 1684 2944 πολιορκεῖν
1743 2868 1795 2941 ἐξ
1851 2866 2075 2942 ἐπιδρο-

424 2969 536 3037 μῆς
565 2963 679 3036 [50]
708 2957 1052 3038 (περιϐόλοις
1082 2960 1185 3037 γὰρ
1213 2958 1352 3015 κατά
1376 2960 1475 3029 τὴν
1535 2960 1763 3034 ἤπειρον
1815 2958 2072 3033 ἐρυμνοῖς

2254 2695 2305 2748 6.
2337 2691 2612 2749 Balaneis
2647 2697 2707 2748 et
2735 2694 2947 2766 Beryto
2979 2695 3138 2751 bello
3197 2698 3406 2769 captis,
3441 2698 3515 2754 ad
3549 2698 3831 2770 Tripolim

2183 2782 2645 2848 accessit.Quam
2662 2800 2797 2838 cum
2817 2801 3163 2857 oppugnare
3184 2802 3253 2841 ex
3271 2787 3485 2843 itinere
3496 2804 3617 2843 non
3639 2794 3842 2859 posset

2182 2872 2345 2943 (nam
2370 2888 2486 2943 qua
2505 2876 2736 2943 spectat
2755 2873 3160 2930 continentem
3187 2875 3480 2931 meenibus
3506 2876 3695 2931 firmis
3720 2877 3844 2932 cin-

2183 2960 2475 3032 gitur,per
2489 2961 2786 3015 tumulum
2804 2962 3102 3017 abscisum
3118 2970 3389 3034 porrecta
3406 2965 3564 3036 ipsa:
3584 2964 3841 3021 alterum

417 3050 829 3128 περιείληπται,
861 3050 951 3106 hri
999 3049 1176 3128 λόφου
1232 3048 1380 3111 τινὸς
1436 3047 1722 3121 ἀποτόμου
1779 3046 2075 3103 διατείνου-

2188 3049 2342 3104 latus
2364 3066 2527 3104 mare
2558 3049 2751 3118 alluit,
2770 3051 3099 3122 navaleque
3122 3053 3842 3123 prmtenditetstationem

417 3122 503 3197 σα;
549 3143 685 3197 κατά
739 3122 963 3218 θάτερον
1025 3122 1096 3195 δὲ-
1140 3139 1304 3215 μέρος
1361 3136 1608 3212 θαλάσσῃ
1666 3136 2071 3212 περικλόζεται,

2188 3144 2534 3210 portuosam
2560 3155 2627 3194 ac
2656 3140 2887 3210 tutam),
2912 3140 3051 3195 inde
3070 3141 3248 3196 motis
3278 3142 3489 3198 castris
3519 3143 3755 3198 minora
3781 3143 3845 3198 in

412 3230 648 3288 ἐπίνειον
676 3232 763 3287 καὶ
797 3229 1153 3305 προκόλπιον
1208 3223 1646 3305 προϐαλλομενῃ
1696 3225 1929 3303 εὔορμον
1984 3228 2072 3282 καὶ

416 3321 744 3398 εὖχείμερον
812 3323 927 3396 (51)
956 3324 998 3395 ),
1060 3320 1261 3375 ἐκεῖθεν
1320 3318 1554 3394 ἀπάρας,
1609 3319 1706 3381 τὰς
1777 3317 2079 3395 παραλίους

416 3410 698 3486 πολίχνας
725 3407 839 3482 ὁδῷ
885 3403 1199 3484 προϐαίνων
1251 3407 1642 3483 ἐξεπολιόρκει.
1695 3408 1847 3464 Κατὰ
1885 3411 2081 3463 τοῦτον

425 3497 495 3568 δὴ
518 3501 611 3555 τὸν
643 3498 852 3575 καιρὸν,
895 3497 1206 3573 Αὔγουστος
1261 3494 1321 3552 δὲ
1379 3496 1488 3569 μὴν
1541 3496 1675 3570 ἦγεν
1733 3495 1930 3571 ἀρχὴν,
1986 3516 2081 3550 κο-

427 3590 611 3663 μήτης
642 3585 869 3663 ἐξεφάνη
911 3586 1108 3661 ἀστὴρ,
1159 3590 1358 3660 χρῆμα
1416 3584 1562 3648 θεῖόν
1618 3604 1671 3639 τι
1727 3583 1817 3640 καὶ
1875 3584 2078 3654 καινὸν,

435 3678 701 3753 Αογισμὸν
755 3670 1086 3751 ὗπερϐαῖνον
1120 3673 1480 3750 ἀνθρώπινον.
1540 3671 1681 3732 Οὖδὶ
1734 3674 1839 3748 γὰρ
1897 3677 2081 3729 τοιοῦ-

428 3766 522 3822 τόν
547 3788 601 3821 τι
627 3768 765 3822 κατὰ
800 3766 1000 3827 ταύτας
1029 3761 1186 3843 ὣφθη
1243 3764 1339 3826 τὰς
1393 3764 1603 3838 γενεὰς,
1662 3759 1776 3818 οὐδ’
1843 3761 1932 3818 ἐπὶ
1986 3783 2083 3818 το-

426 3855 623 3919 σαύτας
673 3856 891 3931 ἡμέρας
950 3852 1252 3930 ἐπιφαίνειν
1306 3852 1369 3906 τὸ
1424 3851 1657 3927 πρόσθεν
1713 3845 2079 3924 συμϐέϐηκεν⁸

421 3944 595 4008 Οὗτος
627 3945 718 4000 ἀπ’
769 3942 1038 4012 ἀνατολῆς
1100 3940 1445 4017 βορειότερος
1478 3943 1523 3978 ³⁸
1552 3940 1813 4016 ἀνίσχων,
1863 3942 1952 3995 καὶ
2007 3939 2085 4003 εἰς

422 4034 561 4107 ὕψος
621 4035 651 4089 δ
705 4054 756 4088 τι
813 4030 1072 4088 πλεῖστον
1135 4027 1447 4106 αἰρόμενος,
1519 4030 1593 4092 ὡς
1652 4029 1978 4106 κυπάριττός
2025 4049 2086 4084 τε

427 4123 755 4198 ὑψοῦμενος,
811 4124 927 4177 εἶτα
985 4121 1170 4195 ἠρέμα
1223 4118 1614 4192 κυρτούμενος,
1672 4120 1811 4195 πρὸς
1866 4140 2084 4192 μεσημ-

427 4210 586 4290 ϐρίαν
619 4214 889 4284 ἀπένευεν,
924 4209 1149 4284 ἀπλέτῳ
1204 4209 1335 4281 πυρὶ
1381 4205 1757 4283 ἐκκαιόμενος,
1804 4209 1893 4264 καὶ
1940 4209 2083 4280 τηλ-

429 4308 617 4378 αυγεῖς
644 4303 735 4357 καὶ
777 4301 1034 4375 λαμπρὰς
1091 4302 1188 4360 τὰς
1248 4300 1466 4362 ἀκτῖνας
1537 4298 1801 4377 ἐπαφιεὶς,
1859 4304 2083 4374 πρᾶγμα

425 4389 685 4463 δείματος
717 4391 806 4443 καὶ
838 4386 1040 4466 φρίκης
1093 4384 1263 4462 γέμον
1315 4391 1439 4448 τοῖς
1494 4385 1800 4461 ἀνθρώποις
1862 4386 2079 4462 ὁρώμε-

2194 3228 2395 3283 littore
2426 3227 2646 3300 oppida
2688 3229 3033 3285 continuato
3092 3248 3410 3305 progressu
3468 3234 3841 3306 expugnavit.

2193 3318 2310 3372 Sub
2355 3318 2513 3373 idem
2546 3324 2801 3390 tempus,
2837 3320 2996 3390 quod
3029 3325 3157 3376 erat
3184 3323 3431 3395 Augusti
3472 3325 3696 3379 mensis
3727 3324 3845 3378 ini-

2194 3407 2365 3473 tium,
2398 3407 2573 3463 stella
2604 3408 2822 3463 crinita
2846 3410 3143 3480 apparuit,
3176 3410 3442 3466 divinum
3473 3429 3718 3484 prorsus
3776 3429 3846 3469 ac

2192 3514 2415 3554 novum
2446 3503 2814 3570 portentum,
2846 3501 3141 3557 rationem
3177 3518 3466 3574 superans
3494 3504 3844 3561 humanam.

2192 3590 2394 3659 Neque
2416 3588 2577 3643 enim
2617 3588 2963 3662 hujusmodi
3025 3591 3255 3662 aliquid
3307 3592 3499 3647 visum
3557 3595 3848 3650 memoria

2192 3680 2400 3733 nostra
2430 3683 2541 3743 est,
2575 3695 2770 3748 neque
2803 3680 3049 3734 omnino
3080 3697 3345 3751 unquam
3367 3688 3505 3738 ante
3535 3682 3757 3738 factum
3782 3689 3850 3738 ut

2191 3783 2298 3838 per
2318 3771 2404 3821 tot
2430 3766 2557 3821 dies
2587 3766 2815 3822 liceret.
2850 3769 3111 3841 Surgens
3143 3770 3251 3825 illa
3276 3770 3350 3826 ab
3383 3778 3521 3827 ortu
3569 3772 3849 3839 hiberno,

2190 3856 2253 3911 in
2271 3856 2770 3928 altitudinemque
2785 3857 3105 3929 plurimam
3120 3866 3546 3928 evecta,erecta
3560 3862 3847 3934 cyparissi

2192 3945 2334 4011 ritu,
2359 3950 2418 4000 et
2437 3945 2645 4001 leviter
2664 3962 2698 4001 a
2725 3963 2959 4002 summo
2983 3947 3223 4015 inﬂexa,
3251 3949 3326 4004 ad
3357 3950 3667 4005 meridiem
3720 3968 3847 4006 ver-

2191 4035 2386 4107 gebat,
2412 4035 2601 4089 multo
2620 4034 2740 4108 igni
2762 4035 3042 4110 ﬂagrans,
3066 4038 3384 4110 radiosque
3401 4056 3685 4113 spargens
3706 4040 3852 4095 luci-

2194 4125 2301 4179 dos
2333 4141 2401 4180 ac
2446 4124 2731 4192 illustres,
2764 4126 3010 4197 plenum
3068 4127 3407 4184 formidinis
3465 4130 3847 4202 horrorisque

2194 4213 2601 4284 spectaculum
2622 4215 2969 4270 hominibus
2990 4216 3584 4288 prtebebatﬂumque
3601 4220 3848 4275 ineunte

2195 4320 2400 4359 mense
2448 4307 2730 4376 Augusto,
2765 4306 3229 4376 quemamodum
3262 4307 3403 4375 dixi,
3451 4311 3845 4380 apparuisset,

2193 4407 2301 4462 per
2329 4391 2634 4463 octoginta
2665 4396 2820 4447 totos
2851 4392 2977 4446 dies
3010 4392 3069 4446 in
3090 4400 3479 4466 conspectum
3506 4412 3636 4451 sese
3655 4396 3845 4467 dedit,

422 4501 540 4542 νος.
573 4480 697 4538 Ἀπ’
730 4479 913 4554 ἀρχῆς
943 4475 1001 4532 δὲ
1034 4477 1208 4550 μηνὸς
1263 4474 1608 4549 Αὐγούστου,
1658 4475 1733 4536 ὡς
1778 4472 1933 4553 ἔφην,
1986 4497 2075 4553 φα-

2194 4481 2277 4534 ita
2305 4485 2372 4534 ut
2402 4480 2662 4535 oriretur
2691 4479 2763 4533 de
2792 4485 2963 4535 nocte
2993 4482 3211 4548 media,
3230 4482 3530 4539 videretur
3557 4501 3747 4555 usque
3773 4486 3849 4541 ad

424 4569 559 4639 νεὶς,
590 4569 673 4645 ἐφ’
701 4566 863 4630 ὅλαις
897 4568 1131 4640 ἡμέραις
1180 4562 1481 4634 ἐπεποίητο
1511 4566 1611 4634 τὴν
1662 4562 1925 4635 ἐπιτολὴν
1970 4571 2080 4640 (52)

427 4657 790 4736 ὀγδοήκοντα,
824 4658 931 4714 ἀπὸ
965 4658 1143 4732 μέσων
1200 4654 1445 4730 ἀνίσχων
1494 4658 1720 4727 νυκτῶν,
1767 4655 1859 4711 καὶ
1914 4657 2081 4732 μέχρι

2194 4568 2416 4624 claram
2440 4568 2655 4623 lucem.
2688 4571 2761 4623 At
2782 4569 3127 4641 imperator,
3147 4587 3283 4627 cum
3303 4572 3611 4629 insolitum
3634 4574 3693 4630 id
3710 4592 3851 4647 por-

2196 4665 2427 4717 tentum
2462 4661 2605 4716 item
2637 4661 3067 4733 conspexisset,
3092 4678 3163 4717 ex
3189 4663 3263 4718 iis
3294 4664 3394 4735 qui
3419 4665 3710 4723 vacabant
3747 4666 3851 4723 ob-

1630 4858 1692 4915 C.
1734 4858 1798 4915 B.
1842 4858 2036 4914 HASII
2073 4860 2633 4919 ANNOTATIONES.

492 4993 540 5029 ⁴²
569 4988 862 5069 Τριπόλετ.
896 4990 1012 5047 Sic.
1045 4989 1177 5047 cod.
1211 4991 1310 5046 hic
1343 5008 1356 5046 :
1390 5006 1572 5063 supra
1600 4992 1691 5048 L3.
1725 4991 1790 5048 D.
1825 4991 2075 5049 mendos

2188 4990 2422 5068 79inch.
2500 4993 2548 5029 ⁴³
2576 4995 2733 5050 Fort.
2771 4992 3138 5070 βορειοτέρας.

494 5160 605 5232 (4⁸7)
640 5154 980 5232 Ducangiu_s
1006 5152 1478 5232 ἀνατεθριμμὲνην
1498 5154 1650 5227 [sic].

494 5162 582 5232 (4⁸7
640 5160 980 5228 Ducangius
1006 5160 1336 5226 ἀνατεθριμι.

492 5160 606 5303 (483
640 5232 898 5300 Ducang.
933 5222 1336 5303 ἀποξρξιιέασθαι

490 5289 1730 5377 (491D‘ucangunpqsolﬁuetpa_ulo.post.“
1767 5299 1829 5377 D_.
1882 5297 1987 5353 lin.
2012 5299 2077 5377 _3.

413 5364 543 5436 τοῧς
576 5364 635 5429 δὲ
666 5364 980 5442 δυσμενεῖςί
1024 5364 1170 5424 item
1219 5364 1349 5423 lin.“
1387 5371 1439 5422 5.
1493 5364 1825 5442 εἷσπηδῆσοιί
1872 5387 1930 5422 τε
1974 5371 2085 5442 τῶν

416 5442 686 5520 Ἑϐραίων
717 5440 916 5520 ἑστίαν.
954 5442 1094 5520 Quae
1128 5444 1468 5520 sequuntur
1492 5440 1734 5520 omittit.
1770 5440 2085 5520 usq_1_1e__ad

411 5509 611 5587 verba,
642 5515 734 5572 καὶ
764 5535 814 5569 τ.
854 5509 1319 5586 μεγαλοπρεπῶς·
1362 5528 1494 5584 qum
1544 5512 1691 5568 item
1742 5530 1811 5568 ex
1864 5509 2086 5568 Codice

418 5587 818 5664 restituenda.
977 5656 988 5664 _
1091 5655 1125 5664 η
1157 5653 1169 5664 ,

491 5665 608 5747 (ir?)
636 5660 826 5747 Ψοίίο
859 5672 932 5747 ἓξ
962 5655 1224 5747 fit???
1241 5657 1413 5747 imm“.

494 5724 603 5806 (51)
648 5728 920 5791 Occurrit
966 5724 1297 5799 εὖχείμερος
1345 5727 1460 5785 hoc
1510 5724 1637 5783 fere
1696 5744 1876 5784 sensu
1931 5727 2090 5799 apud

2193 5156 2370 5230 Arist.
2408 5159 2487 5230 De
2516 5174 2641 5230 rep.
2672 5158 2917 5230 11,438.
2972 5161 3032 5214 Α.
3087 5176 3431 5230 quanquam
3478 5178 3678 5217 vocem
3722 5180 3855 5219 eam

2195 5228 2413 5299 ejicere
2448 5228 2599 5283 inde
2618 5228 2858 5283 volebat
2906 5228 3169 5286 Muretus
3205 5228 3387 5287 variis
3419 5232 3575 5288 lecit.
3611 5233 3671 5286 in
3704 5235 3855 5290 The—

2197 5317 2354 5355 saur.
2393 5302 2524 5355 erit.
2559 5302 2789 5356 Gruter.
2826 5301 2891 5356 Il.
2925 5304 3081 5356 1125.
3115 5303 3172 5355 Β.

2270 5373 2378 5441 (52)
2407 5372 2708 5427 Cedrenus
2740 5373 2806 5441 Il.
2842 5374 2965 5439 683,
3002 5375 3062 5429 Β.
3096 5373 3285 5441 risum
3308 5391 3436 5429 esse
3468 5375 3552 5430 ait
3581 5391 3615 5431 a
3648 5392 3852 5432 mense

2198 5436 2459 5517 Augusto
2492 5442 2745 5517 ind.
2777 5440 2880 5517 ἕως
2913 5436 3252 5517 Ὀκτωϐρίου
3287 5444 3460 5512 μηνὸς
3512 5452 3615 5517 τῆς
3658 5447 3850 5513 τετάρ-

2196 5510 2592 5592 τηςνῖνδίκτου.
2631 5515 2911 5592 Sic_eni1_n
2943 5510 3359 5592 demonstrant
3414 5516 3595 5592 Codd.
3633 5510 3852 5592 legen-

2202 5583 2345 5640 dum
2377 5603 2529 5655 esse,
2562 5602 2686 5643 non
2714 5581 2818 5648 ἕως
2855 5583 3000 5641 ὀκτὼ
3033 5589 3221 5657 μηνῶν
3253 5607 3305 5644 τ.
3335 5607 3384 5641 τ.
3418 5586 3458 5641 't.
3494 5588 3654 5661 quod
3682 5581 3774 5648 est
3793 5592 3856 5650 in

2201 5672 2364 5713 01180.
