4118 6426
282 376 400 434 899
1667 368 1958 429 LEONIS
2003 367 2317 430 DlACONl
3587 379 3713 442 900

288 506 602 561 servationi
631 505 891 559 siderum
917 503 1207 575 quaesivit,
1239 503 1390 557 169
1419 499 1753 573 prodigium
1778 500 1914 570 ejus!

2079 506 2323 573 ταθηρᾶς
2381 499 2591 575 ἡμέρας
2633 503 2937 574 ὁρώμενος.
2994 503 3263 568 Βασιλεὺς
3323 503 3400 573 δὲ,
3445 507 3508 562 τὸ
3547 507 3705 563 ἀσύν-

283 596 444 652 modi
477 594 619 666 quid
653 594 764 649 sibi
797 593 992 648 vellet.
1027 593 1118 648 llli
1151 610 1272 647 non
1305 609 1375 646 ex
1405 590 1772 663 argumentis
1806 606 1909 659 qua

2089 600 2176 651 θες
2234 589 2510 662 τεράστιον
2567 590 2823 659 κατιδὼν,
2880 592 3008 655 τοὺς
3066 593 3191 669 περὶ
3246 595 3346 664 τὴν
3405 602 3512 652 τῶν
3576 619 3705 670 μετα

283 701 378 739 ars
405 682 840 755 suppeditabat,
876 681 981 737 sed
1002 682 1076 736 ad
1109 687 1380 753 optatum
1408 679 1806 751 imperatoris,
1838 695 1905 733 co

2078 679 2233 750 ώρων
2289 677 2662 754 ἐσχολακότας
2717 684 2906 752 ἠρώτα
2975 686 3387 759 παρατήρησιν,
3436 689 3465 742 δ
3519 708 3571 742 τι
3633 685 3698 756 δή

282 778 453 827 metas
486 777 682 826 ortum
706 771 1253 842 interpretabantur
1275 786 1608 842 perperam,
1633 767 1908 823 victorian

2077 767 2134 821 ai
2167 768 2426 842 βούλοιτο
2459 771 2521 825 τὸ
2553 776 2802 826 τοιοῦτον
2825 771 3075 842 ἐξαίσιον.
3101 775 3168 831 Οἱ
3203 772 3282 842 δὲ,
3316 775 3424 850 οὐχ
3455 776 3529 839 ὡς
3559 780 3592 844 ἡ
3624 775 3703 831 τέ-

285 865 337 918 ei
362 863 433 918 de
459 863 732 918 hostibus
752 880 820 918 ac
839 863 1015 917 vitam
1035 862 1329 916 diutinam
1351 861 1724 932 pollicentes.
1749 861 1911 925 Quau

2087 879 2153 930 ,νη
2217 866 2450 935 παρεῖχε
2500 863 2906 936 τεκμαίρεσθαι,
2938 863 3074 936 πρὸς
3109 862 3166 918 δὲ
3217 865 3279 918 τὸ
3308 869 3405 918 τοῦ
3441 865 3713 940 βασιλέως

284 952 765 1024 explanationem
790 951 1271 1006 ementiebantur
1293 951 1530 1005 Simeon
1552 949 1852 1020 logotheta
1881 964 1910 1002 e

2078 946 2332 1020 οὖλημα,
2377 951 2478 1018 τήν
2523 953 2620 1004 τοῦ
2678 952 2930 1022 κομήτου
2972 956 3383 1027 παρεεηγοῦντο
3415 954 3704 1026 ἐπιτολὴν,

280 1042 764 1112 magister,atque
788 1038 1481 1111 StephanusNicomedim
1506 1037 1905 1104 antistes,inte

2083 1036 2203 1106 ίκην
2235 1058 2293 1092 τε
2333 1037 2481 1110 αὐτῷ
2535 1041 2653 1094 κατ’
2712 1039 2926 1114 ἐχθρῶν
2985 1041 3074 1094 καὶ
3132 1043 3449 1115 μακρότητα
3480 1046 3703 1121 ἡμερῶν

283 1130 488 1185 doctos
519 1130 682 1185 illius
715 1129 1000 1200 temporis
1032 1146 1152 1200 pra)
1192 1128 1423 1184 cmteris
1455 1127 1621 1183 clari.
1678 1129 1909 1182 Tamets

2081 1124 2518 1201 παγγελλόμενοι
2575 1123 2806 1193 ἔσεσθαι.
2871 1136 3075 1200 Ἥστην
3135 1129 3193 1185 δὲ
3251 1133 3303 1186 οἱ
3354 1137 3521 1188 ταῦτα
3567 1155 3707 1210 παρ-

279 1225 525 1275 cometae
549 1236 825 1276 accessus
848 1235 969 1274 non
993 1235 1062 1272 ea
1084 1217 1497 1289 portendebat,
1514 1234 1645 1287 quae
1667 1217 1905 1287 imperat

2077 1214 2401 1289 ξηγούμενοι
2488 1219 2789 1289 Συμεώνης
2843 1239 2903 1272 τε
2961 1220 2990 1272 6
3050 1217 3353 1294 Λογοθέτης
3436 1222 3527 1276 καὶ
3599 1225 3703 1295 μα-

283 1309 390 1362 tori
425 1309 824 1379 obsequenter
847 1307 1242 1379 exponebant,
1268 1307 1371 1361 sed
1397 1306 1757 1361 rebelliones
1779 1305 1907 1360 cala

2082 1325 2282 1379 ιστρος,
2314 1307 2405 1360 καὶ
2451 1308 2479 1362 ὁ
2531 1310 2631 1375 τῆς
2684 1305 3058 1380 Νικομηδείας
3115 1307 3380 1383 πρόεδρος
3411 1309 3707 1388 Στέφανος,

280 1398 547 1465 mitosas,
583 1398 958 1453 incursiones
989 1397 1278 1468 gentium,
1339 1401 1536 1450 motus
1589 1395 1810 1462 civiles,
1866 1412 1906 1449 e:

2081 1391 2228 1467 νδρες
2270 1400 2376 1449 τῶν
2430 1396 2552 1452 τότε
2607 1401 2790 1470 σοφῶν
2844 1418 2993 1459 οντες
3056 1397 3512 1472 ἐλλογιμώτεροι.
3543 1399 3707 1456 Ἀλλ’

279 1487 515 1559 oppidis
548 1492 605 1542 et
628 1487 783 1559 agris
805 1486 1023 1558 fugam,
1045 1486 1342 1552 caritates,
1366 1489 1586 1555 pestes,
1613 1488 1784 1538 terrm
1808 1501 1902 1538 mo

2088 1482 2099 1492 .
2159 1483 2171 1500 ε
2305 1489 2317 1497 .
2617 1489 2642 1500 -
3153 1485 3174 1503 η
3384 1488 3397 1504 η

2082 1503 2173 1558 υχι
2232 1506 2399 1540 ταυτα
2451 1488 2485 1556 ἡ
2545 1506 2647 1540 του
2703 1489 2953 1559 κομήτου
3006 1486 3323 1561 παρεοήλου
3381 1488 3639 1560 επιτολή,
3675 1488 3708 1544 ἃ

283 1583 374 1631 tus
393 1576 725 1642 horrificos,
759 1575 1016 1646 denique
1050 1589 1218 1644 pmne
1250 1588 1522 1628 occasum
1558 1571 1790 1643 imperii
1822 1572 1909 1627 Ro

2080 1574 2183 1646 πρὸς
2227 1573 2386 1647 χάριν
2440 1575 2493 1629 οἱ
2537 1572 2727 1648 ἄνδρες
2782 1580 2860 1647 τῷ
2915 1575 3280 1650 αὐτοκράτορι
3336 1577 3706 1652 ὑπηγόρευον,

280 1669 464 1735 mani,
489 1666 989 1738 quemadmodum
1005 1683 1112 1720 nos
1135 1666 1194 1719 in
1213 1669 1424 1719 eventu
1440 1681 1636 1718 rerum
1655 1663 1906 1718 vidimus

2082 1662 2374 1725 ποστασίας
2451 1661 2509 1718 δὲ
2559 1662 2833 1738 χαλεπὰς,
2892 1663 3057 1719 ἐθνῶν
3115 1685 3174 1719 τε
3231 1662 3556 1740 ἐπιδρομὰς,
3616 1667 3708 1721 καὶ

279 1754 580 1831 ἐμφυλίους
613 1755 844 1824 στάσεις,
874 1753 961 1808 καὶ
997 1751 1408 1825 μεταναστάσεις
1442 1751 1659 1806 πόλεων
1704 1751 1793 1804 καὶ
1853 1754 2079 1826 χωρῶν,
2141 1748 2345 1824 λιμοὺς
2401 1754 2492 1806 καὶ
2543 1752 2804 1826 λοιμοὺς,
2851 1752 2942 1808 καὶ
2974 1751 3268 1831 φρικώδεις
3303 1754 3584 1828 σεισμοὺς,
3617 1757 3706 1810 καὶ

277 1843 652 1919 πανωλεθρίαν
716 1841 912 1917 σχεδὸν
980 1849 1080 1911 τῆς
1149 1843 1468 1913 Ῥωμαῖκῆς
1563 1839 1928 1916 ἐπικρατείας,
2026 1841 2159 1912 ἅπερ
2258 1845 2420 1913 ἡμεῖς
2509 1841 2568 1898 ἐκ
2659 1850 2760 1912 τῆς
2848 1847 2955 1898 τῶν
3024 1845 3365 1919 πραγμάτων
3435 1840 3711 1910 εκϐάσεως

278 1931 517 2006 ειδομεν.

350 2030 404 2079 7.
437 2025 669 2080 Etenim
692 2030 826 2095 post
847 2025 1090 2080 Joannis
1107 2023 1485 2095 imperatoris
1507 2039 1538 2077 e
1562 2023 1682 2076 vita
1713 2022 1938 2076 disces-
1967 2021 1976 2087 ]

2119 2021 2178 2088 ζ“.
2211 2022 2361 2076 Μετᾶ
2397 2021 2498 2096 γὰρ
2528 2022 2628 2090 τήν
2673 2027 2771 2077 τοῦ
2821 2021 3221 2098 αὐτοκράτορος
3257 2022 3510 2079 Ἰωάννου
3541 2021 3703 2093 ἐκδη-

278 2132 430 2181 sum,
469 2114 688 2169 Bardas
719 2115 1001 2186 magister
1031 2118 1426 2185 cognomento
1461 2111 1715 2180 Sclerus,
1743 2110 1903 2165 domi

2072 2109 2178 2164 ιίαν
2209 2110 2316 2165 ἀπὸ
2345 2116 2440 2166 τοῦ
2473 2111 2744 2184 σώματος,
2779 2109 2993 2185 Βαρδας
3045 2114 3367 2187 μάγιστρος,
3399 2114 3425 2167 ὁ
3457 2115 3570 2168 κατ’
3601 2113 3698 2168 ἑπ-

276 2206 458 2260 nandi
491 2205 871 2275 habendique
933 2205 1139 2259 morbo
1192 2205 1496 2269 laborans,
1548 2219 1682 2257 cum
1745 2203 1902 2256 leven

2069 2200 2286 2272 υνυμίαν
2340 2201 2616 2276 Σκληρός,
2669 2201 2963 2277 φιλαρχίαν
3010 2203 3099 2256 καὶ
3152 2200 3459 2271 ἀπληστίαν
3500 2206 3695 2271 νοσῶν,

279 2294 728 2349 multitudinem
752 2295 1067 2365 prmstigiis
1097 2300 1330 2364 captam
1370 2292 1744 2358 infatuasset,
1778 2290 1902 2361 peri

2069 2289 2221 2362 ιπάτῃ
2279 2287 2336 2343 δὲ
2396 2291 2673 2362 μετελθὼν
2721 2291 2813 2345 καὶ
2873 2291 3158 2366 φενακίσας
3188 2291 3281 2346 τὸν
3314 2289 3486 2345 πολὺν
3521 2286 3695 2364 ὄχλον

282 2384 550 2438 culosaxu
587 2383 868 2438 adversus
898 2383 1199 2454 principes
1250 2381 1641 2436 rebellionem
1692 2379 1901 2434 molitu

2067 2378 2132 2432 ιαὶ
2193 2376 2440 2449 εὔκολον,
2493 2383 2578 2454 [Ρ.
2616 2384 2737 2452 105]
2796 2380 3122 2435 ἀποστασίαν
3183 2378 3362 2449 δεινὴν
3420 2382 3558 2435 κατὰ
3587 2385 3693 2434 τῶν

279 2478 501 2544 estzper
513 2472 1092 2542 quadrienniumque
1107 2471 1307 2525 Asiam
1321 2469 1904 2541 pervasit,provincia

2069 2469 2384 2542 ιρατοόντων
2419 2468 2768 2541 ἐμελέτησεν·
2822 2468 2910 2524 ἐπὶ
2957 2476 3213 2541 τετραετῆ
3241 2490 3300 2524 τε
3329 2467 3568 2524 ἐνιαυτὸν
3595 2469 3695 2536 τήν

281 2568 540 2630 vastans,
575 2561 793 2634 oppida
823 2578 1082 2627 eruens;
1117 2561 1318 2631 copias
1367 2566 1564 2615 autem
1615 2562 1907 2616 Romanas

2069 2556 2230 2614 Ασίαν
2262 2557 2588 2633 κατέδραμε,
2649 2560 2836 2634 χώρας
2891 2558 3217 2632 πυρπολῶν,
3249 2557 3339 2612 καὶ
3371 2557 3560 2620 πόλεις
3592 2579 3695 2612 κα-

282 2652 492 2707 castris
523 2668 593 2705 ex
625 2651 870 2705 adverso
901 2650 1073 2705 factis
1105 2650 1216 2705 sibi
1251 2650 1573 2720 oppositas,
1625 2649 1685 2703 in
1734 2650 1908 2722 fugan

2077 2649 2494 2725 αστρεφόμενος,
2595 2651 2696 2719 τήν
2766 2669 2826 2703 τε
2907 2650 3226 2721 Ῥωμαϊκὴν
3323 2647 3573 2721 δύναμιν,
3650 2647 3701 2718 ἐξ

279 2740 473 2806 vertit,
499 2740 873 2810 conciditque
897 2739 1212 2794 atrociter:
1250 2737 1434 2793 semel
1466 2739 1791 2793 exercitum
1821 2740 1905 2792 Pe

2080 2738 2344 2793 ντιπάλου
2401 2739 2748 2812 παρατάξεως
2821 2739 3282 2812 ἀντιτασσομὲνην
3349 2737 3516 2810 αὐτῷ,
3580 2759 3706 2814 τρε-

283 2831 355 2884 tri
388 2829 615 2895 patricii
651 2845 717 2883 ac
749 2829 1043 2899 prmtoris,
1079 2845 1214 2883 cum
1265 2829 1324 2882 in
1379 2829 1614 2899 Laparaa
1669 2844 1807 2898 agro
1861 2827 1909 2898 (i:

2078 2829 2305 2902 τόμενος,
2337 2829 2426 2884 καὶ
2482 2832 2818 2885 κατακαίνων
2879 2830 3072 2903 ὠμῶς·
3130 2834 3293 2886 τοῦτο
3343 2830 3438 2902 μὶν
3473 2829 3577 2884 ὑπὸ
3607 2832 3704 2883 τοῦ

277 2918 598 2990 provincias
614 2917 1030 2972 Armeniorum
1049 2922 1137 2971 est
1151 2916 1463 2982 ﬁnitimus)
1481 2916 1756 2988 przelium
1779 2932 1903 2970 com

2071 2915 2328 2989 πατρικίου
2379 2918 2588 2990 ΙΙέτρου
2636 2916 2726 2971 καὶ
2782 2913 3265 2990 στρατοπεδάρχου
3325 2913 3697 2990 δημαγωγου-

277 3009 638 3074 mitteretur,
673 3008 773 3063 ubi
807 3012 866 3062 et
913 3008 1039 3078 ipse
1073 3009 1283 3062 Petrus
1331 3006 1638 3078 patricius,
1689 3005 1903 3078 cuspid

2079 3005 2234 3072 .évnV,
2284 3003 2374 3060 ὅτε
2425 3005 2562 3060 κατά
2615 3005 2714 3073 τὴν
2776 3005 3034 3079 Λάπαραν
3085 3005 3148 3058 τὸ
3196 2999 3387 3059 πεδίον
3426 3002 3705 3075 (μεθόριον

277 3099 432 3153 ictus
475 3104 532 3152 et
562 3099 716 3152 I70
747 3097 1016 3169 dejectus
1047 3113 1224 3168 equo,
1255 3096 1316 3151 in
1350 3097 1479 3167 ipsa
1509 3096 1635 3152 acie
1665 3096 1903 3150 animan

2079 3096 2100 3149 ὲ
2150 3099 2312 3148 τοῦτο
2369 3101 2468 3162 τῆς
2522 3099 2710 3169 χώρας
2765 3097 2872 3149 τῶν
2935 3093 3327 3169 Ἀρμενίων)ὴ
3365 3093 3522 3168 μάχη
3581 3113 3705 3145 συν-

274 3187 530 3252 efﬂavit;
562 3191 927 3258 protectores
960 3191 1158 3240 autem
1192 3185 1618 3256 quamplurimi
1653 3201 1774 3239 una
1795 3201 1900 3240 cun

2079 3189 2338 3259 ιροτεῖτο,
2379 3183 2616 3254 ὁπηνίκα
2675 3183 2762 3239 καὶ
2822 3183 2984 3248 αὐτὸς
3041 3185 3069 3239 ὁ
3125 3183 3417 3258 Πατρίκιος
3478 3182 3705 3256 Πέτρος,

273 3277 378 3331 illo
402 3275 1054 3331 occubueruntzdeinde
1073 3275 1181 3330 sub
1200 3275 1389 3330 Barda
1409 3274 1603 3329 Phoca
1623 3275 1899 3346 magistro

2079 3273 2281 3346 ορατίῳ
2343 3271 2572 3348 βληθεὶς
2624 3275 2710 3328 καὶ
2767 3277 2868 3328 τοῦ
2919 3273 3094 3328 ἵππου
3153 3269 3522 3345 κατενεχθεὶς,
3577 3271 3701 3345 παρ’

271 3367 370 3436 qui
405 3383 539 3420 cum
572 3381 606 3420 a
639 3364 1006 3436 principibus
1038 3364 1388 3434 dignitatem
1416 3363 1726 3419 domestici
1757 3364 1897 3418 scho

2083 3362 2215 3432 ὐτήν
2277 3363 2552 3434 ἐξέπνευσε
2607 3364 2706 3431 τήν
2765 3362 3082 3438 παράταξιν,
3141 3361 3414 3416 πλείστων
3466 3359 3548 3414 ὅτι
3595 3364 3706 3412 τῶν

272 3455 465 3509 larum
484 3454 960 3525 recepisset,acie
975 3453 1256 3508 adversus
1272 3453 1536 3508 Sclerum
1556 3453 1615 3508 iu
1639 3453 1893 3508 Pancale

2082 3457 2396 3508 πασπιστῶν
2455 3452 2942 3528 συναναιρεθέντων
3022 3451 3189 3524 αὐτῷ·
3269 3455 3430 3506 τοῦτο
3488 3447 3544 3503 δὶ
3603 3447 3707 3503 ὑπὸ

271 3547 560 3600 constitit.
603 3547 651 3600 ls
686 3545 1036 3617 equitabilis
1069 3551 1312 3616 propter
1343 3545 1652 3600 Amorium
1685 3560 1897 3616 campu

2079 3541 2227 3618 ἱάρδα
2287 3543 2584 3617 μαγίστρου
2641 3547 2738 3598 τοῦ
2797 3547 2972 3615 Φυκᾶ,
3052 3541 3110 3605 ὅς
3197 3540 3332 3617 πρὸς
3407 3545 3513 3595 τῶν
3573 3560 3705 3612 κρα-

277 3642 383 3692 est.
420 3636 502 3690 lbi
537 3635 694 3689 inter
744 3634 962 3688 infesta
1005 3634 1121 3689 tela
1176 3639 1353 3705 caput
1391 3634 1552 3706 ligno
1609 3651 1897 3706 percussu

2073 3633 2277 3687 οὖντων
2335 3635 2398 3688 τὸ
2455 3637 2553 3688 τοῦ
2611 3631 2936 3706 δομεστίκου
2993 3636 3101 3687 τῶν
3161 3632 3384 3707 σχολῶν
3418 3628 3699 3698 ὑποζωσά-

283 3726 509 3778 l’liocas
542 3741 611 3778 ex
644 3741 795 3793 equo
829 3723 1084 3778 occidit:
1118 3723 1408 3792 humique
1458 3727 1679 3778 stratus
1725 3729 1909 3794 captu:

2064 3743 2200 3784 ιενος
2283 3721 2521 3795 ἀξίωμα,
2594 3721 2890 3783 ἀντίπαλος
2963 3726 3044 3794 τῷ
3103 3718 3344 3793 Σκληρῶ
3400 3720 3537 3774 κατὰ
3592 3720 3690 3787 τὴν

275 3818 433 3867 esset
453 3813 524 3866 ab
545 3812 838 3878 hostibus,
858 3811 1303 3882 interiissetque
1328 3811 1689 3883 ignobiliter,
1722 3813 1838 3868 nisi
1866 3830 1901 3867 u

2063 3812 2376 3887 Ιαγκάλειαν
2463 3811 2794 3887 παρετάξατο
2889 3814 3021 3882 (55).
3107 3809 3442 3880 Ἱππήλατον
3523 3811 3689 3862 τοῦτο

266 3917 421 3956 unus
448 3900 518 3955 de
543 3900 748 3956 multis
771 3899 1075 3972 neglectus
1100 3905 1254 3954 esset
1274 3899 1345 3954 ab
1369 3900 1743 3968 adversariis,
1769 3919 1886 3974 quo

2069 3898 2240 3970 ἐδίον,
2292 3905 2370 3974 τῷ
2424 3899 2686 3974 Ἀμωρίῳ
2716 3902 3072 3975 προσέγγιον.
3112 3905 3286 3956 Ὅπου
3331 3895 3396 3965 δὴ
3427 3896 3517 3951 καὶ
3549 3897 3695 3969 παρά

269 3990 531 4060 speciem
567 3990 696 4060 ejus
728 3990 1089 4061 ignorarent,
1121 3989 1450 4060 fuissetque
1483 3990 1554 4044 ab
1607 3995 1778 4045 nocte
1829 4007 1895 4046 su

2066 3991 2093 4044 ὸ
2155 3990 2484 4065 μεταίχμιον
2547 3985 2732 4066 ῥάϐδῳ
2800 3989 2935 4044 κατᾶ
2991 3993 3088 4044 τοῦ
3138 3987 3360 4061 κρανίου
3391 3982 3629 4058 πληγεὶς
3664 3985 3691 4037 6

271 4079 655 4149 perveniente
688 4083 974 4134 servatus.
1009 4081 1084 4131 At
1114 4077 1368 4146 Sclerus,
1404 4078 1593 4133 elatus
1637 4079 1897 4150 ejusmod

2064 4084 2253 4149 5ωκΞὶς,
2284 4083 2380 4133 τοῦ
2427 4076 2602 4134 ’ίππου
2661 4099 2720 4134 τε
2775 4079 3077 4154 κατενὲχθη
3143 4077 3233 4131 καὶ
3291 4074 3365 4135 εἰς
3416 4079 3519 4148 γῆν
3557 4093 3690 4127 κατ-

267 4168 530 4222 victoriis
563 4172 744 4238 atque
777 4167 1131 4235 obcmcatus,
1166 4167 1376 4222 fortior
1397 4169 1525 4239 jam
1575 4169 1893 4226 habebatur

2063 4163 2264 4239 ϐλήθη·
2293 4168 2382 4223 καὶ
2413 4167 2508 4223 κᾶν
2561 4165 2686 4238 ἥλω
2743 4173 2852 4222 τῶν
2906 4167 3158 4222 ἐναντίων
3187 4165 3277 4220 καὶ
3307 4161 3514 4224 ἀκλεῶς
3547 4180 3689 4235 παρ-

267 4273 445 4328 quam
477 4263 544 4312 ut
572 4257 622 4311 vi
658 4257 780 4312 ulla
807 4258 1110 4328 armisque
1145 4259 1409 4328 superari
1442 4263 1664 4328 posset.
1700 4260 1779 4313 Ex
1809 4277 1888 4330 qu

2068 4257 2308 4325 πώλετο,
2345 4257 2390 4311 εἰ
2427 4259 2502 4330 μὴ
2550 4259 2624 4320 ὡς
2685 4258 2760 4318 εἴς
2813 4261 2922 4311 τῶν
2983 4253 3212 4310 πολλῶν
3245 4254 3514 4329 παρώφθη
3548 4249 3694 4325 παρὰ

268 4351 326 4402 et
357 4347 634 4411 Nicaeam,
667 4345 962 4417 Abydum,
993 4345 1287 4400 Attaleam
1311 4345 1470 4400 bello
1489 4347 1666 4416 cepit,
1691 4348 1894 4417 etquid

2063 4351 2136 4401 ῶν
2194 4345 2498 4420 δυσμενῶν,
2556 4347 2912 4422 ἠγνοηκότων
2972 4345 3154 4414 αὐτὸν,
3208 4342 3514 4407 ἐπελθοῦσα
3565 4337 3685 4409 δὶὴ

265 4433 410 4504 quid
443 4436 504 4489 in
537 4435 675 4490 Asia
706 4435 990 4490 Romanis
1018 4441 1188 4505 paret
1217 4433 1528 4505 subjunxit
1559 4434 1671 4490 sibi
1699 4452 1711 4489 :
1747 4437 1891 4490 simu

2063 4435 2117 4508 υξ
2147 4439 2338 4490 τοῦτον
2390 4432 2664 4491 διέσωσεν.
2724 4436 2785 4490 ’Π
2846 4431 2904 4489 δὲ
2965 4432 3236 4506 Σκληρὸς,
3265 4436 3385 4493 ταῖς
3411 4427 3689 4489 τοιαύταις

265 4525 588 4596 assumptis
624 4525 970 4580 triremibus
1001 4525 1152 4580 bene
1206 4525 1431 4590 multis,
1484 4526 1888 4597 dominansqu

2062 4525 2166 4578 ίκαι
2195 4523 2443 4598 ἐπαρθείς
2482 4545 2540 4579 τε
2585 4526 2678 4579 καὶ
2735 4522 3052 4602 φρενωθεὶς,
3085 4518 3454 4580 ἀνυπόστατός
3485 4538 3570 4578 τις
3599 4516 3688 4570 καὶ

264 4613 600 4680 mari,male
623 4630 758 4668 cum
787 4613 1184 4685 negotiatores
1204 4618 1327 4668 tum
1351 4615 1687 4686 ipsamjam
1711 4614 1890 4669 urbem

2063 4615 2458 4689 καταγώνιστος
2509 4612 2810 4686 ἐνομίζετο.
2871 4614 3143 4674 Ἐντεῦθεν
3209 4611 3309 4680 τήν
3353 4627 3413 4663 τε
3461 4606 3689 4663 Νίκαιαν

259 4701 504 4767 vexavit,
523 4701 790 4772 adquam
810 4702 1133 4772 appellere,
1158 4704 1506 4770 utantehac,
1532 4704 1780 4759 navibus
1799 4704 1885 4758 fru

2069 4705 2114 4758 αὶ
2149 4698 2414 4776 νΑὸυδον,
2447 4703 2535 4758 καὶ
2595 4701 2919 4758 Ἀττάλειαν
2979 4705 3058 4772 τῷ
3102 4697 3368 4772 πολεμεῖν
3413 4695 3691 4769 παρεστή-

262 4791 576 4845 mentariis
609 4791 856 4846 minime
888 4793 1156 4863 permisii
1184 4810 1196 4847 :
1232 4792 1419 4848 donec
1439 4793 1691 4866 ignifera
1710 4794 1883 4850 classi

2063 4813 2181 4861 ατο,
2209 4793 2298 4846 καὶ
2330 4793 2431 4861 τήν
2488 4799 2590 4861 τῆς
2649 4792 2836 4853 Ἀσίας
2895 4789 3263 4858 ἐπεποιήσατο
3290 4787 3337 4821 ⁴⁹
3367 4782 3688 4856 Ῥωμαϊκὴν

265 4879 418 4934 clam
444 4896 477 4934 a
499 4879 871 4950 principibus
893 4881 1405 4953 Constantinopoli
1439 4883 1660 4938 emissa
1682 4889 1785 4938 est.
1812 4887 1891 4938 Cu

2057 4883 2386 4954 πικράτειανι
2475 4881 2566 4936 καὶ
2647 4881 2908 4940 πλείστας
2989 4879 3236 4953 τριήρεις
3320 4869 3683 4948 προσείληφε,

263 4969 439 5024 classi
473 4968 788 5040 praefectus
835 4968 1054 5024 Bardas
1104 4972 1559 5039 Parsacutenus,
1613 4973 1889 5045 magister

2059 4972 2111 5025 αἱ
2165 4970 2620 5046 θαλασσοκρατῶν
2683 4967 2895 5046 μεγάλα
2952 4966 3077 5028 τοὺς
3125 4965 3404 5039 ἐμπόρους
3457 4960 3683 5028 ἐσίνετο,

257 5059 578 5133 derepente
610 5059 890 5115 devectus
921 5059 995 5114 ad
1027 5059 1322 5132 Abydum,
1353 5063 1628 5117 triremes
1678 5069 1883 5136 tyrann

2059 5063 2108 5116 αὶ
2190 5063 2356 5132 αὐτὴν
2440 5060 2549 5132 ἢδη
2631 5063 2730 5130 τὴν
2797 5058 3213 5136 βασιλεύουσαν,
3271 5056 3366 5117 τὰς
3425 5049 3685 5128 σιτηγοὺς

1471 5243 1530 5298 C.
1576 5243 1638 5296 B.
1682 5244 1869 5299 HASII
1909 5246 2467 5303 ANNOTATIONES.

335 5390 376 5424 ”
411 5392 540 5464 Leg.
576 5387 969 5456 ὑπεποιήσατο.
1006 5386 1132 5442 Vid.
1170 5388 1290 5442 107,
1327 5389 1386 5441 Β.
1415 5387 1522 5443 lin.
1560 5388 1645 5444 12.
1677 5390 1777 5443 108
1809 5393 1876 5448 Α.
1909 5390 2018 5446 lin.
2047 5395 2100 5448 5.

333 5570 549 5645 (753)9e
579 5570 690 5645 hac
711 5567 1040 5645 rebellione
1062 5565 1661 5645 Barngcleri,_quaa
1683 5568 1814 5645 fere
1837 5569 1910 5626 ab
2023 5573 2348 5645 Bulgaros),
2383 5572 2512 5628 vide
2545 5571 2795 5645 Cedren.
2832 5570 2898 5624 ll.
2920 5570 3076 5645 βπ.
3138 5567 3204 5645 l_).
3252 5563 3401 5645 Pagi
3435 5561 3574 5645 (Erit.
3608 5559 3680 5644 ad

263 5635 750 5697 obitu'Tzimiscaa
782 5657 834 5695 a.
868 5643 991 5713 916.
1028 5639 1102 5696 ad
1135 5655 1187 5694 a.
1221 5639 1347 5693 981.
1383 5635 1725 5713 perduravit
1773 5641 1910 5713 (quo
2020 5635 2175 5700 Anii.
2211 5635 2422 5700 Baron.
2459 5645 2552 5699 IV.
2595 5644 2662 5698 38
2704 5645 2767 5697 Α.
2813 5647 2871 5695 et
2910 5643 2998 5696 45.
3034 5643 3099 5694 A.
3147 5639 3220 5693 Le
3252 5637 3409 5692 Beau
3439 5635 3684 5690 Histoire

263 5728 419 5768 anno
451 5713 746 5785 incipiunt
793 5712 992 5768 Basilii
1041 5713 1184 5786 imp.
1239 5711 1646 5784 expeditiones
1704 5711 1913 5770 contra
2021 5716 2096 5772 du
2126 5719 2422 5788 Bas-Emp,
2457 5717 2598 5774 XVI.
2633 5715 2756 5770 230.
2793 5717 2860 5770 A.
