4118 6442
352 358 473 418 903

1738 350 2016 413 LEONIS
2062 350 2381 411 DIACONI

3666 367 3798 428 904

352 492 642 563 equisque
674 507 849 562 quam
885 490 1185 561 plurimis.
1221 491 1436 544 Postea
1465 504 1599 544 cum
1632 487 2008 543 testutidines

2136 483 2188 536 οἱ
2246 485 2424 539 Μυσοὶ
2459 527 2474 556 ,
2532 483 2708 540 πολὺν
2796 483 2957 561 φόνον
3018 486 3372 563 εἰργάσαντο,
3429 494 3520 549 καὶ
3577 496 3795 568 πλῆθος

357 600 424 638 ac
441 587 667 637 caaterae
683 580 974 635 machinae
991 579 1140 634 nihil
1155 578 1801 650 eﬂecissentimperitia
1815 593 2020 632 eorum

365 673 470 742 qui
495 670 568 725 ad
594 686 794 724 muros
814 669 948 724 illas
970 669 1698 738 admoverant,essentque
1721 666 1792 722 ab
1811 667 2023 722 adver-

358 761 531 814 sariis
556 759 1028 825 incensm;simul
1051 758 1208 830 quod
1230 758 1638 829 inopiarerum
1658 757 2022 812 necessaria-

355 866 486 902 rum
503 847 808 920 premebat
827 848 1672 918 exercitum,consumptojam
1691 845 2018 910 frumento,

354 936 511 1009 quod
537 954 738 992 secum
770 937 1541 1004 advexerantmilites,'non
1567 951 1765 1006 parce,
1793 934 1897 990 sed
1928 935 2020 989 in-

354 1026 787 1097 temperantius
821 1026 926 1081 illo
960 1027 1050 1082 usi
1084 1043 1096 1080 :
1129 1027 1208 1080 ibi
1239 1031 1364 1080 tum
1395 1027 1721 1096 imperator
1750 1023 2018 1080 collectis

355 1116 607 1170 sarcinis
659 1132 797 1170 cum
865 1116 1128 1171 exercitu
1187 1114 1765 1186 Constantinopolim
1814 1129 2020 1168 versus

354 1205 566 1260 movit.
603 1207 804 1275 Neque
842 1205 1184 1260 intermisso
1219 1209 1339 1259 toto
1370 1204 1475 1258 illo
1507 1204 1601 1258 die
1632 1203 1864 1272 itinere,
1887 1203 2018 1258 loco

353 1294 607 1349 silvestri
639 1299 835 1349 castra
870 1297 901 1348 I
921 1295 1016 1350 72
1049 1293 1266 1365 posuit,
1290 1293 1373 1347 ibi
1399 1292 1622 1348 milites
1650 1292 1875 1348 refecit.
1900 1293 2021 1346 Pri-

357 1401 454 1439 ma
478 1384 673 1438 noctis
694 1383 894 1455 vigilia
944 1383 1212 1438 nondum
1246 1387 1564 1449 transacta,
1599 1382 1794 1436 subito
1847 1381 2021 1437 stella

354 1489 678 1546 permagna
709 1489 777 1527 ex
810 1477 976 1544 parte
1028 1472 1304 1528 orientali
1352 1471 1488 1527 valli
1535 1472 1798 1526 emicans
1854 1471 2018 1543 larga

352 1564 484 1618 luce
521 1562 777 1617 tentoria
807 1561 1200 1617 circumfudit
1235 1577 1247 1616 :
1282 1577 1538 1632 cumque
1571 1560 1633 1614 in
1665 1565 1830 1632 parte
1860 1561 2012 1614 occi-

356 1651 578 1708 dentali
604 1656 846 1724 pr0pter
868 1651 1058 1722 ipsam
1085 1651 1308 1706 fossam
1333 1650 1676 1718 decidisset,
1706 1650 1768 1704 in
1792 1647 2014 1704 scintil-

358 1743 447 1796 los
482 1742 667 1796 scissa
692 1740 1043 1812 permultas,
1105 1746 1282 1811 atque
1333 1739 1618 1794 restincta
1666 1743 1773 1794 est.
1835 1739 2015 1810 Cujus

359 1833 547 1888 stellae
576 1849 747 1887 casus
773 1832 1246 1887 internecionem
1272 1831 1726 1901 exercitus,qua2
1748 1831 2016 1884 insecuta
2049 1851 2094 1915 Β

359 1921 1212 1993 est,prmmonstravit.Etenim
1247 1920 1595 1990 ubicunque
1621 1917 1913 1990 quidquid
1934 1918 2019 1972 rei

360 2011 659 2082 ejusmodi
684 2011 922 2076 accidit,
941 2010 1021 2065 ibi
1049 2011 1358 2065 interitum
1383 2008 1804 2081 praenuntiavit
1821 2024 2019 2062 rerum

367 2102 985 2174 subjectarum.Cujus
1004 2101 1244 2172 quidem
1259 2101 1343 2155 rei
1360 2101 1585 2155 clarum
1603 2104 2019 2171 argumentum

363 2198 453 2247 est
476 2192 722 2264 delapsa
745 2192 805 2245 in
829 2192 1153 2246 exercitum
1174 2190 1495 2260 Trojanum
1519 2189 1693 2244 stella
1711 2194 1856 2255 tum,
1882 2204 2018 2243 cum

361 2281 673 2337 Pandarus
707 2283 770 2336 in
804 2281 1134 2337 Menelaum
1166 2297 1370 2336 arcum
1403 2279 1695 2335 intendit:
1743 2295 1881 2333 nam
1914 2278 2016 2333 illo

354 2370 484 2442 ipso
512 2371 605 2426 die
629 2372 1028 2443 Trojanorum
1065 2370 1236 2440 ccpia
1258 2368 1318 2424 in
1343 2374 1576 2440 turpem
1599 2367 2017 2439 fugamaGraa-

357 2460 443 2514 cis
475 2460 785 2531 compulsa
817 2465 925 2514 est.
981 2461 1181 2530 Neque
1240 2459 1440 2513 minus
1499 2457 1561 2512 in
1613 2459 2016 2512 Romanorum

349 2548 528 2603 bellis
562 2550 838 2620 reperiet,
869 2549 969 2620 qui
1003 2547 1310 2603 annalium
1344 2547 1717 2602 monimenta
1767 2550 2016 2600 tractare

352 2637 516 2705 velit,
544 2655 700 2710 saepe
723 2638 883 2693 idem
905 2637 1138 2692 venisse
1157 2654 1290 2704 usu,
1317 2644 1383 2691 ut
1411 2636 1513 2691 ubi
1538 2637 1650 2691 hoc
1670 2641 2016 2707 portentum

356 2726 633 2793 irrueret,
668 2728 748 2781 ibi
781 2729 1075 2782 exercitus
1107 2727 1399 2781 interiret.
1433 2725 1585 2792 Quin
1616 2731 1676 2780 et
1705 2725 1817 2796 ipsi
1867 2724 2012 2778 vidi-

356 2833 491 2870 mus
515 2817 574 2871 in
606 2817 764 2872 aedes
789 2817 990 2871 Basilii
1020 2815 1291 2888 praesidis
1317 2815 1430 2870 tale
1453 2815 1678 2886 aliquid
1697 2814 2011 2869 delabens:

349 2922 549 2976 neque
574 2907 656 2960 ita
677 2906 868 2961 multo
898 2910 1163 2976 tempore
1185 2910 1320 2976 post
1341 2921 1474 2959 cum
1505 2904 1698 2975 ipsum
1724 2903 2014 2957 deceden-

353 2999 472 3049 tem
507 3012 540 3049 a
570 2995 706 3062 vita,
740 3001 866 3049 tum
897 2994 1217 3066 direptioni
1279 2993 1805 3065 compilationique
1859 2991 2011 3047 tradi

352 3084 622 3139 fortunas
654 3085 801 3153 ejus.
837 3085 1049 3139 Verum
1086 3084 1157 3138 de
1189 3083 1414 3137 visione
1447 3081 1637 3137 stella)
1669 3082 1796 3136 haec
1843 3081 2009 3135 sufﬁ-

354 3175 548 3227 ciant:
585 3179 725 3228 tunc
757 3190 911 3240 vero,
961 3172 1247 3245 postridie
1306 3172 1470 3226 illius
1510 3171 1652 3239 diei,
1712 3171 2007 3226 exercitus

346 3263 682 3319 silvestrem
719 3269 1126 3338 transgressus
1152 3267 1330 3336 atque
1358 3277 1745 3317 cavernosam
1767 3260 2003 3328 vallem,

2135 571 2428 646 ὖποζυγίον
2469 573 2558 627 καὶ
2608 571 2794 628 ’ίππων
2863 575 3162 650 ἀπήγαγον.
3226 581 3452 638 Ἔπειτα
3503 589 3610 641 τῶν
3671 586 3792 643 ἐλὲο

2133 659 2351 716 πόλεων
2384 662 2610 717 καὶτῶν
2669 663 2882 718 λοιπῶν
2947 669 3372 742 μηχανημάτων
3424 675 3644 750 ἀπειρίᾳ
3669 684 3780 734 τῶν

2131 752 2603 827 προσαγηοχότων
2660 757 2828 808 ταῦτα
2909 761 3027 817 τοῖς
3099 759 3334 832 τείχεσιν
3399 764 3784 838 ἀπρακτησάν-

2128 863 2258 910 των,
2290 841 2382 895 καὶ
2438 839 2902 915 πυρποληθέντων
2963 847 3108 921 παρὰ
3164 853 3272 903 τῶν
3334 847 3636 926 δυσμενῶν·
3671 855 3788 911 ἐπεὶ

2127 930 2217 984 καὶ
2275 930 2458 992 σπάνις
2517 935 2624 986 τῶν
2686 931 2990 1007 ἀναγκαίων
3058 943 3281 1012 κατεῖχε
3344 941 3443 1010 τὴν
3504 946 3788 1018 στρατιὰν,

2128 1023 2235 1072 τῶν
2293 1021 2804 1098 συμπεφορημένων
2855 1019 3273 1097 ἐπισιτισμένως
3331 1026 3441 1100 ἤδη
3475 1029 3787 1088 ἅναλωθιν-

2125 1129 2257 1176 των,
2291 1113 2370 1181 τῷ
2403 1111 2480 1182 μή
2530 1105 2905 1186 πεφεισμένως
2968 1113 3097 1167 ἀλλ’
3128 1112 3261 1186 ἄδην
3320 1127 3784 1198 κατεμφορεῖσθαι

2125 1201 2324 1268 αὐτῶν,
2385 1201 2841 1274 ὲνσκευασάμενος
2900 1203 3114 1278 σύναμα
3168 1211 3238 1282 τῇ
3298 1216 3522 1284 στρατιᾷ
3560 1214 3659 1282 τὴν
3690 1212 3780 1268 ἐπὶ

2123 1291 2186 1345 τὸ
2221 1293 2506 1360 Βυζάντιον
2540 1290 2645 1361 ﬁet.
2684 1296 3030 1368 ΙΙανημέριος
3091 1294 3148 1352 δὲ
3201 1296 3505 1372 διοδεύσας,
3540 1302 3627 1357 ἐπὶ
3657 1325 3780 1359 τινα

2127 1376 2354 1455 λόχμην
2408 1378 2824 1454 διεσκηνήσατο,
2882 1385 2972 1439 καὶ
3027 1387 3128 1454 τήν
3188 1387 3402 1458 πληθὺν
3463 1388 3773 1450 διανέπαυε.

2126 1472 2307 1540 Μήπω
2339 1468 2398 1525 δὲ
2447 1477 2548 1540 τῆς
2608 1473 2835 1544 πρώτης
2893 1475 3143 1550 φυλακῆς
3199 1484 3302 1548 τῆς
3355 1481 3547 1543 νυκτὸς
3576 1503 3780 1554 συμπε-

2124 1559 2452 1633 ραιωθείσης
2487 1603 2502 1630 ,
2560 1560 2814 1632 ἐξαίφνης
2899 1565 3069 1638 ἀστὴρ
3151 1571 3511 1643 παμμεγέθης
3569 1571 3628 1626 ἐκ
3685 1573 3783 1627 τοῦ

2125 1650 2262 1721 ἑῴου
2297 1650 2500 1721 μέρους
2530 1655 2627 1706 τοῦ
2684 1653 2927 1726 χάρακος
2981 1654 3246 1727 ὁρμηθεὶς
3313 1660 3399 1713 καὶ
3455 1662 3550 1720 τὰς
3580 1662 3782 1732 σκηνὰς

2124 1737 2478 1812 περιλάμψας
2538 1738 2760 1813 ἀπλέτῳ
2819 1742 2981 1818 φωτὶ,
3042 1742 3130 1798 ἐπὶ
3196 1745 3259 1800 τὸ
3316 1745 3568 1820 ἑσπέριον
3613 1749 3777 1824 μέρος

2126 1828 2250 1900 παρ’
2282 1827 2454 1896 αὐτὴν
2486 1829 2584 1898 τὴν
2644 1831 2900 1904 ταφρείαν
2961 1833 3300 1904 καταπεσὼν,
3356 1837 3445 1891 καὶ
3505 1838 3580 1900 εἷς
3629 1861 3779 1893 σπιν-

2129 1917 2299 1992 θῆρας
2339 1917 2576 1993 συχνοὺς
2637 1917 2946 1994 διαιρεθεῖς,
3004 1917 3332 1995 ἀπεσϐέσθη.
3389 1928 3504 1996 Τὴν
3537 1927 3687 1990 αὖτις
3721 1925 3781 1982 δὲ

2125 2011 2222 2060 τοῦ
2281 2008 2510 2082 στρατοῦ
2568 2006 2884 2082 παρεδήλου
2934 2012 3229 2088 διαφθορὰν
3283 2016 3318 2084 ἡ
3377 2019 3473 2069 τοῦ
3554 2017 3776 2090 ἀστέρος

2125 2095 2406 2172 καταφοραί
2439 2140 2452 2152 .
2508 2099 2672 2154 Ἒνθα
2753 2100 2855 2174 γὰρ
2913 2101 3336 2176 τοιουτότροπόν
3420 2126 3472 2158 τι
3530 2103 3779 2180 γενέσθαι

2127 2180 2589 2258 συμϐέϐηκε,τοῦ
2650 2187 3014 2261 ὑποκειμένου
3070 2191 3446 2266 πανωλεθρίαν
3505 2193 3776 2266 ἐσήμηνε.

2126 2276 2441 2347 Τεκμήριον
2498 2279 2659 2331 τοῦτο
2692 2279 2734 2313 ⁴⁷
2792 2279 2954 2354 σαφὲς
3013 2283 3121 2351 (56)
3171 2281 3198 2334 ὁ
3257 2279 3344 2335 ἐπὶ
3385 2285 3486 2346 τῆς
3515 2285 3778 2357 Τρωῖιῆς

2124 2364 2376 2434 πληθύος
2427 2365 2773 2440 κατενεχθεὶς
2829 2367 3030 2443 ἀστήρ,
3089 2369 3326 2440 ὁπηνίκα
3385 2367 3662 2446 Πάνδαρος
3693 2377 3773 2443 τῷ

2122 2451 2383 2527 Μενελάῳ
2440 2453 2784 2524 ἐπετοξάζετο
2829 2476 2839 2488 ’
2901 2455 3013 2512 ἐκεῖ
3058 2457 3159 2534 γὰρ
3219 2458 3529 2533 αὐθημερὸν
3599 2463 3708 2533 (57)
3739 2463 3774 2530 ἡ

2122 2544 2324 2620 Τροῖκή
2366 2542 2572 2620 φάλαγξ
2613 2545 2748 2619 πρὸς
2800 2550 2906 2600 τῶν
2964 2552 3202 2622 ’Λχαιῶν
3236 2549 3312 2611 εὶς
3370 2553 3545 2626 φυγὴν
3585 2553 3780 2626 ἀγεννῆ

2125 2632 2484 2690 συνεκλείετο.
2550 2634 2653 2691 Καὶ
2685 2633 2773 2688 ἐπὶ
2838 2639 2946 2690 τῶν
3015 2638 3340 2710 Ῥωμαϊκῶν
3405 2641 3462 2694 ὀὶ
3513 2638 3780 2712 πολέμων

2123 2721 2272 2799 εὕροι
2301 2745 2383 2784 τις
2417 2724 2501 2794 ἄν,
2530 2724 2629 2791 τὴν
2658 2725 2900 2800 ἱστορίαν
2957 2727 3178 2798 μετιὼν,
3234 2728 3297 2781 τὸ
3352 2733 3605 2784 τοιοῦτον
3638 2730 3777 2786 πολ-

2123 2811 2278 2874 λάκις
2321 2807 2556 2884 συμϐὰν,
2615 2814 2703 2867 καὶ
2759 2815 2823 2869 τὸ
2882 2816 3190 2890 στράτευμα
3239 2813 3551 2894 διαφθαρὲν.
3597 2819 3688 2873 ἳνα
3716 2821 3776 2873 τὸ

2121 2903 2311 2980 φάσμα
2342 2901 2664 2974 ἐπέσκηψεν.
2715 2901 2954 2976 Εἷ’δομεν
2989 2902 3046 2958 δὲ
3076 2904 3166 2959 καὶ
3225 2906 3379 2960 αὐτοὶ
3437 2905 3526 2961 ἐπὶ
3551 2914 3650 2976 τῆς
3680 2913 3774 2962 τοῦ

2120 2989 2388 3065 προέδρου
2445 2989 2729 3046 Βασιλείου
2789 2991 2967 3055 ἑστίας
3016 2995 3266 3048 τοιοῦτόν
3321 3016 3373 3050 τι
3431 2992 3769 3070 κατενεχθέν·

2117 3080 2207 3134 καὶ
2262 3082 2430 3152 μήπω
2484 3084 2676 3153 καιροῦ
2733 3087 2938 3157 συχνοῦ
2999 3079 3413 3159 διαῤῥεύσαντος
3470 3085 3668 3139 ἐκεῖνόν
3711 3106 3768 3138 τε

2118 3174 2214 3224 τοῦ
2257 3169 2382 3245 βίου
2433 3169 2833 3243 ὑπαπελθόντα,
2892 3172 2981 3225 καὶ
3039 3171 3116 3234 εἰς
3170 3169 3475 3248 διαρπαγὴν
3508 3175 3594 3228 καὶ
3629 3194 3768 3248 προ-

2117 3259 2291 3332 νομὴν
2351 3255 2633 3322 ἐκδοθέντα
2684 3257 2750 3313 τὰ
2809 3257 2958 3332 αὐτῷ
3015 3256 3340 3338 διαφέροντα
3397 3264 3532 3335 (58).
3589 3259 3766 3318 Ἀλλα

1553 3435 1615 3489 C.
1651 3435 1712 3490 Β.
1762 3435 1952 3490 HASlI
1989 3433 2547 3492 ANNOTATIONES.

411 3583 454 3617 ⁸⁷
483 3584 637 3637 Fort.
669 3577 892 3634 τούτου.
927 3579 1162 3635 Confer.
1196 3580 1286 3633 93.
1317 3580 1384 3634 A.

421 3766 534 3835 (56)
565 3765 863 3834 Propositi
897 3764 959 3817 in
988 3757 1544 3835 marginentoﬁrou,‘
1586 3760 1699 3814 Sed
1733 3761 2004 3835 Leonem

345 3831 602 3890 fortasse
655 3831 716 3889 in
778 3850 1036 3889 errorem
1101 3831 1338 3904 impulit
1392 3831 1655 3886 studium
1730 3832 2004 3886 imitandi

350 3906 662 3977 Agathiam
694 3907 783 3961 48.
819 3907 881 3959 D.
920 3912 986 3977 et
1010 3905 1130 3977 133'
1167 3905 1227 3958 C.

416 3973 526 4047 (57)
560 3978 638 4030 De
673 3977 952 4048 prosodia
981 3976 1159 4048 hujus
1190 3973 1345 4048 vocis
1370 3974 1417 4028 si
1441 3973 1576 4048 quis
1598 3977 2000 4048 quaerat,ana-

344 4041 764 4116 logia'videtur
794 4048 946 4102 tueri
981 4041 1350 4101 invadverbio
1383 4041 1738 4115 scripturam
1765 4041 2005 4114 αὐθημε-

345 4121 460 4190 ρὸν’
497 4119 699 4190 sicque
732 4119 954 4174 habent
987 4117 1200 4190 etCodﬂ.
1237 4121 1440 4171 noster
1455 4123 1522 4190 et
1542 4116 2007 4190 scriptoresiple-

343 4187 514 4262 rique
546 4187 728 4260 (velut
758 4209 913 4246 unus
945 4189 1298 4262 Plutarchus
1329 4187 1551 4262 Poplic.
1593 4189 1827 4262 108.
1860 4189 1998 4244 Fab.

344 4259 654 4318 de.1‘79.
689 4266 748 4318 F.
810 4263 992 4318 Paulo
1047 4261 1241 4317 Emil.
1292 4261 1416 4315 268.
1453 4261 1513 4314 C.
1573 4259 1812 4314 Aristid.
1873 4262 1998 4315 321.

341 4336 400 4390 C.
437 4338 558 4391 331.
597 4337 654 4389 F.
689 4335 914 4406 Pyrrho
947 4334 1070 4387 389.
1127 4334 1186 4387 F.
1220 4331 1432 4406 _Agid_e
1485 4336 1545 4385 et
1589 4330 1814 4406 Cleom.
1874 4333 1997 4386 811.

2117 3761 2454 3816 versitatem
2499 3761 2953 3833 significationis
3012 3765 3135 3816 tum
3180 3761 3544 3817 Clementem
3601 3762 3771 3820 Alex.

2115 3833 2436 3888 retinuisse
2469 3831 2635 3887 video
2660 3834 2873 3888 Strom.
2901 3836 3023 3887 397.
3054 3835 3111 3887 Β.
3151 3839 3271 3887 tum
3297 3835 3516 3889 multos
3540 3851 3773 3903 eorum,

2116 3922 2267 3976 quos
2312 3903 2600 3976 memini:
2661 3921 2772 3958 nec
2831 3909 3030 3959 tamen
3089 3922 3317 3960 omnes.
3380 3907 3773 3976 Quapropter,

2115 3975 2274 4049 quod
2299 3981 2521 4049 temere
2553 3975 2801 4049 fortasse
2832 3977 3045 4046 evenit,
3076 3982 3142 4031 ut
3172 3976 3382 4031 stabile
3405 3975 3775 4049 praeceptum

2114 4047 2435 4102 obtrudere
2467 4047 2562 4101 hic
2590 4047 2800 4102 nolim.

2183 4119 2298 4190 (58)
2331 4120 2563 4184 Mirum,
2595 4124 2663 4173 ut
2691 4120 2870 4190 hujus
2899 4119 3062 4174 verbi
3094 4120 3180 4173 vis
3209 4118 3425 4191 fugerit
3473 4119 3772 4190 interpre-

2112 4194 2202 4261 tes
2231 4191 2594 4261 caeteroquin
2616 4208 2736 4246 non
2761 4191 3048 4247 indoctos.
3075 4193 3288 4246 Notum
3313 4196 3402 4245 est
3429 4192 3625 4246 Graece
3649 4191 3773 4248 dici

2111 4257 2350 4334 διαφέρει
2386 4257 2484 4335 μοι
2510 4263 2692 4335 τοῇτο,
2727 4263 2828 4318 hoc
2856 4264 2930 4318 ad
2959 4279 3042 4318 me
3057 4265 3318 4335 pertinet.
3355 4262 3496 4318 Inde
3528 4264 3772 4335 accidit,

2109 4340 2175 4388 ut
2205 4333 2709 4404 quemadmodum
2729 4340 3076 4390 senescente
3099 4333 3390 4388 latinitate
3422 4333 3771 4402 locutio,res

341 4384 407 4462 K.
440 4384 793 4462 Ηίὸὶιὲθὲςόξ
809 4384 1152 4462 since;
1177 4384 1536 4477 ‘abgﬁgaiora
1572 4384 2000 4477 dicaaqaaa
2037 4384 2078 4448 Ι)
2110 4384 2184 4460 {id
2209 4384 3396 4477 ῗηῖᾖὲἷοᾶἶεὶξΞῇἓιὸῌῇνῖἱιξιῖεῖἐιξῖἔέῐἷῙίῖ,
3421 4384 3512 4462 ξ’ὲὲ
3526 4384 3664 4460 ἷήὲἦὶ
3683 4384 3773 4463 ἐεἓὶ

342 4484 549 4550 poetas
582 4481 740 4534 1058.
777 4480 835 4532 Β.
872 4480 982 4532 Leo
1013 4479 1323 4550 grammat.
1349 4475 1766 4550 Deerpugnat.
1797 4475 1994 4550 Syrac.

343 4547 522 4621 supra
555 4551 675 4604 180.
715 4560 779 4604 Α.
813 4551 956 4603 item
985 4547 1378 4621 Thucydides,
1421 4547 1997 4621 AristOphanes,_Jo-

342 4617 585 4691 sephus,
656 4622 968 4686 Eusebius,
1028 4617 1328 4690 Agathias,
1381 4617 1540 4671 unde
1600 4618 1822 4688 spinor.
1887 4619 1997 4672 Leo

343 4692 594 4717 -.-ω-...ει
633 4694 691 4717 1!!
753 4693 795 4717 'n
851 4694 912 4717 in
969 4691 1007 4717 ι)
1065 4692 1123 4717 Ol
1164 4690 1203 4717 r‘
1265 4691 1364 4717 ann
1422 4689 1464 4717 Π
1523 4691 1619 4717 ιοξ
1677 4689 1716 4717 Γ*
1788 4689 1888 4717 “an
1933 4693 1976 4717 Π

342 4689 599 4762 sumpsit
631 4694 716 4744 15.
753 4693 816 4746 D.
845 4694 933 4744 42.
969 4691 1030 4744 Β.
1065 4689 1132 4746 84
1164 4690 1225 4744 Ο.
1265 4691 1384 4743 100.
1422 4689 1485 4744 D.
1523 4691 1641 4742 125.
1677 4689 1742 4745 C.
1787 4689 1907 4744 169.
1933 4693 1996 4744 C.

345 4765 468 4842 171_.
502 4766 567 4816 A.
602 4762 1033 4842 abique‘prope
1090 4759 1412 4842 innumeri)
1464 4764 1521 4814 et
1562 4760 1999 4842 .Eex-icogra‘phi

716 4831 903 4904 parte.
963 4831 1184 4888 Contra
1231 4831 1546 4904 adovﬁpeppv
1575 4831 1635 4904 _S.
1671 4831 1998 4887 Antiochus

342 4834 571 4906 majore
605 4851 674 4888 ex

477 4901 746 4958 iracund.
791 4905 829 4958 Ι.
894 4905 1054 4957 1065.
1111 4905 1173 4957 Β.
1235 4904 1314 4958 De
1375 4901 1784 4958 inobedientia
1839 4905 1996 4958 1088.

342 4907 424 4960 De
474 4905 746 4960 iracund.
791 4905 829 4959 Ι.
894 4905 1054 4957 1065.
1111 4905 1173 4957 Β.

344 4978 404 5032 C.
437 4978 751 5032 Achmetes
783 4975 1054 5031 Onirocr.
1098 4977 1224 5028 112'
1254 4975 1319 5030 D.
1354 4973 1484 5039 (sed
1513 4977 1638 5027 275.
1663 4982 1729 5030 A.
1756 4972 2000 5045 αὐθημε-

341 5049 481 5122 ρόν).
516 5048 878 5122 Eustathius;
905 5045 1312 5122 Antiochenus
1344 5046 1423 5122 D_e
1455 5045 1655 5100 anima
1675 5050 1766 5122 _et
1794 5054 2000 5102 contra

337 5116 612 5183 Arianos,
648 5119 805 5191 apud
838 5117 1200 5173 Eustratium
1231 5116 1644 5191 presbyterum
1658 5118 1755 5191 pe
1786 5135 1998 5191 opera-

338 5193 501 5247 tione
543 5188 795 5248 aniniar.
830 5195 984 5261 post.
1034 5194 1289 5243 mortem
1337 5189 1463 5261 499.
1520 5190 1586 5261 ᾼ.
1635 5188 1998 5261 _Theodorus

343 5265 574 5319 Studita
604 5267 684 5319 De
740 5258 946 5318 sancta
976 5276 1151 5316 cruce
1181 5263 1304 5314 290.
1342 5259 1402 5313 B.
1435 5258 1759 5314 Hedericus
1791 5262 1997 5316 Lexico

345 5335 608 5391 manual.
642 5335 808 5405 (edit.
837 5338 994 5405 certe
1028 5349 1080 5387 a.
1115 5333 1286 5405 1767._
1307 5333 1393 5405 8.)_
1416 5333 1538 5405 374.
1574 5331 1637 5405 Β.
1667 5332 1835 5403 Apud
1867 5350 1995 5388 Lxx.

345 5401 728 5477 interpretes,
764 5403 1007 5477 quando
1035 5402 1351 5477 respondet
1382 5401 1660 5477 hebraico
1691 5401 1874 5468 fma,
1937 5421 1998 5477 eo

345 5482 463 5549 ipso
494 5473 604 5542 die,
637 5473 890 5542 acuitur,
923 5475 1084 5549 velut
1111 5473 1388 5549 Proverb.
1441 5490 1539 5541 xu,
1589 5474 1692 5529 17:
1758 5476 1997 5549 quando

345 5546 501 5606 valet
542 5558 732 5617 mna,
765 5549 857 5604 die
885 5564 1004 5610 suo.
1037 5548 1076 5602 i.
1111 5562 1162 5602 e.
1199 5546 1295 5601 die
1343 5550 1514 5616 pacta
1544 5549 1604 5599 et
1652 5547 1994 5617 constituta,

345 5629 411 5676 ut
465 5622 740 5677 Proverb.
803 5620 924 5687 XII,
983 5621 1070 5684 16,
1140 5617 1420 5674 scribitur
1484 5616 1995 5688 προπαροξυτόνως.

350 5692 533 5754 Quem
563 5692 906 5766 disparilem
938 5689 1189 5747 acuendi
1221 5689 1514 5746 rationem
1546 5689 1876 5746 secundum
1908 5690 1997 5745 di-

2105 4479 2343 4548 propria
2373 4477 2550 4543 (unde
2571 4477 2748 4532 verba
2764 4477 3016 4533 barbara
3043 4479 3393 4547 appertinere
3423 4483 3482 4532 et
3502 4486 3776 4547 apparte-

2111 4550 2275 4630 nire),
2307 4548 2517 4630 eodem
2543 4548 2718 4630 modo
2751 4548 3198 4630 apuderaacos
3251 4549 3544 4618 sequioris
3576 4552 3773 4630 aetatis

2109 4618 2271 4694 τοῆτό
2299 4639 2400 4694 μοι
2461 4617 2698 4694 διαφέρει
2734 4617 3077 4694 signiﬁcet,
3120 4620 3224 4674 hoc
3254 4617 3433 4694 meum
3463 4628 3560 4676 est.
3595 4622 3769 4694 Apud

2113 4691 2454 4747 Palladium
2481 4691 2693 4763 Vitas.
2727 4691 2968 4763 Joannis
2995 4692 3294 4763 Chrysost.
3319 4693 3410 4763 81.
3444 4695 3513 4763 C._
3538 4691 3768 4763 episco-

2112 4779 2224 4840 ptis
2255 4762 2603 4840 imperatori-
2632 4762 2792 4831 dicit,
2895 4762 3011 4840 γὸιρΔ
3046 4757 3212 4840 πόλις
3233 4781 3328 4840 ,σοι
3362 4757 3625 4840 διαφέρει,
3662 4765 3771 4820 civ.

2115 4835 2216 4888 tibi
2245 4841 2342 4899 est,
2374 4835 2432 4889 h.
2469 4851 2520 4890 e.
2585 4838 2646 4889 tu
2702 4851 2756 4890 es
2798 4837 3036 4890 civitatis
3093 4836 3367 4890 dominus.
3412 4835 3477 4889 Si
3505 4835 3770 4890 Isidorus

2113 4905 2417 4961 Pelusiota
2441 4906 2623 4967 Epist.
2657 4922 2835 4961 ccxcr.
2871 4907 2945 4962 ad
2974 4907 3297 4967 Titianum.
3339 4906 3462 4962 104.
3496 4906 3556 4961 C.
3587 4905 3649 4958 τὸ
3679 4905 3774 4967 οὖς

2113 4923 2417 4961 ι’θιιιειοιᾶ
2441 4923 2482 4959 Β
2527 4923 2623 4960 Ῑεῐι.
2657 4923 2835 4961 ΟΟΧΟῙ.
2871 4923 2945 4962 ἃα
2976 4923 3297 4967 ιἰιιᾶιιιιῐῐι,
3339 4923 3462 4962 ῙυΦ.
3496 4923 3556 4961 U.
3587 4924 3649 4958 το
3679 4925 3773 4967 ους

2110 4979 2212 5052 τοᾳῦ
2244 4976 2456 5052 οἰκέτου
2486 4923 2766 5052 Επέτεμεη
2799 4980 2896 5031 τοῦ
2933 4980 3037 5052 τῷ-
3070 4978 3208 5052 ἱερεῖ
3240 4972 3773 5052 -διαφέροντοςηρῖλί

2113 5049 2187 5103 ad
2214 5049 2547 5138 sqcerd'qiem
2571 5050 2864 5138 attinebat,
2895 5049 3609 5138 vertitg'acobus'B'illius.
3646 5050 3766 5138 H0:

2113 5120 2342 5206 rapollo
2399 5120 2868 5192 Hieroglyphicis
2931 5123 3018 5175 18.
3079 5123 3138 5175 Β.
3209 5121 3242 5186 ἡ
3308 5117 3620 5192 μονόκερως
3678 5119 3769 5174 καὶ

2115 5189 2462 5268 ἷοιόμορφος,
2493 5191 2785 5268 ⁴ἶῇιίνΈρμῇ
2837 5189 3108 5268 διαφέρειν
3159 5189 3436 5268 ἐνρμισαν.
3472 5195 3769 5268 Mercerus

2116 5280 2235 5319 non
2294 5263 2467 5324 male.
2502 5265 2772 5319 Mercurio
2813 5263 3029 5320 sacrum
3059 5281 3186 5320 esse.
3221 5265 3369 5318 Item
3402 5263 3554 5320 bene
3581 5265 3767 5318 inter-

2115 5352 2251 5407 pres
2301 5335 2538 5407 co_ncilii
2598 5352 2810 5391 mcum.
2855 5337 3025 5405 sexti,
3060 5338 3156 5391 Ill.
3196 5338 3353 5407 1291.
3389 5337 3448 5391 Β.
3487 5333 3538 5388 ἐν
3570 5332 3648 5387 ἐνὶ
3686 5355 3770 5404 μι-

2112 5402 2259 5476 τάτῳ
2294 5451 2308 5475 ,
2365 5403 2678 5482 διαφέροντι
2733 5410 2801 5479 τῇ
2842 5402 3021 5482 ’μονῇ
3056 5402 3483 5482 Χρυσογπόλεως·
3546 5409 3606 5461 in
3663 5402 3774 5461 tino

2114 5485 2341 5543 metato,
2367 5478 2874 5550 juris'monasterii
2929 5480 3380 5550 Christopoleos:
3429 5494 3774 5550 quanquam

2116 5567 2283 5604 error
2312 5550 2388 5605 sit
2418 5551 2478 5605 in
2512 5551 2835 5605 novissima
2861 5567 3025 5616 voce,
3059 5552 3278 5606 Contra
3299 5551 3560 5622 pessime
3583 5550 3774 5622 Gode-

2114 5621 2304 5676 fridus
2331 5622 2678 5678 Tilmannus
2709 5622 2770 5677 in
2804 5623 2857 5678 S.
2891 5623 3184 5678 Antiocho
3246 5619 3462 5677 Homil.
3510 5638 3656 5677 val.
3705 5619 3776 5674 de

2113 5694 2360 5749 veritate
2384 5695 2435 5750 Ι.
2469 5695 2627 5752 1127.
2662 5699 2728 5750 D.
2763 5692 2824 5746 τὸ
2853 5693 2956 5768 γὰρ
3011 5695 3194 5767 ψεῦμα
3249 5696 3330 5764 τῷ
3377 5689 3631 5766 δυσμενεῒ
3661 5688 3781 5744 δια-
