  <div class='ocr_page' id='page_1' title='image "/cluster/home/n/w/nwhite01/storage/ocr_20150623/117/coo.31924054870211/473.png"; bbox 0 0 4118 6456; ppageno 0'>
   <div class='ocr_carea' id='block_1_1' title="bbox 269 402 391 466">
    <p class='ocr_par' dir='ltr' id='par_1_1' title="bbox 269 402 391 466">
     <span class='ocr_line' id='line_1_1' title="bbox 269 402 391 466; baseline -0.008 0"><span class='ocrx_word' id='word_1_1' title='bbox 269 402 391 466; x_wconf 75' lang='grc'>923</span> 
     </span>
    </p>
   </div>
   <div class='ocr_carea' id='block_1_2' title="bbox 1664 390 2307 460">
    <p class='ocr_par' dir='ltr' id='par_1_2' title="bbox 1664 390 2307 460">
     <span class='ocr_line' id='line_1_2' title="bbox 1664 390 2307 460; baseline 0.003 -4"><span class='ocrx_word' id='word_1_2' title='bbox 1664 392 1947 456; x_wconf 81' lang='lat' dir='ltr'>LEONIS</span> <span class='ocrx_word' id='word_1_3' title='bbox 1992 390 2307 460; x_wconf 76' lang='lat' dir='ltr'>DIACONI</span> 
     </span>
    </p>
   </div>
   <div class='ocr_carea' id='block_1_3' title="bbox 3587 407 3707 469">
    <p class='ocr_par' dir='ltr' id='par_1_3' title="bbox 3587 407 3707 469">
     <span class='ocr_line' id='line_1_3' title="bbox 3587 407 3707 469; baseline 0 -1"><span class='ocrx_word' id='word_1_4' title='bbox 3587 407 3707 469; x_wconf 71' lang='grc'>924</span> 
     </span>
    </p>
   </div>
   <div class='ocr_carea' id='block_1_4' title="bbox 272 529 1954 616">
    <p class='ocr_par' dir='ltr' id='par_1_4' title="bbox 272 531 1935 607">
     <span class='ocr_line' id='line_1_4' title="bbox 272 531 1935 607; baseline -0.007 -11"><span class='ocrx_word' id='word_1_5' title='bbox 272 536 528 596; x_wconf 78' lang='lat' dir='ltr'>Romani</span> <span class='ocrx_word' id='word_1_6' title='bbox 554 534 845 594; x_wconf 85' lang='lat' dir='ltr'>exercitus</span> <span class='ocrx_word' id='word_1_7' title='bbox 868 532 1084 590; x_wconf 88' lang='lat' dir='ltr'>sudore</span> <span class='ocrx_word' id='word_1_8' title='bbox 1115 532 1527 607; x_wconf 79' lang='lat' dir='ltr'>sanguineque</span> <span class='ocrx_word' id='word_1_9' title='bbox 1553 531 1813 606; x_wconf 90' lang='lat' dir='ltr'>plurimo</span> <span class='ocrx_word' id='word_1_10' title='bbox 1840 546 1935 585; x_wconf 87' lang='lat' dir='ltr'>re-</span> 
     </span>
    </p>
   </div>
   <div class='ocr_carea' id='block_1_5' title="bbox 2062 529 3705 616">
    <p class='ocr_par' dir='ltr' id='par_1_5' title="bbox 2062 529 3705 616">
     <span class='ocr_line' id='line_1_5' title="bbox 2062 529 3705 616; baseline 0.009 -31"><span class='ocrx_word' id='word_1_11' title='bbox 2062 530 2133 586; x_wconf 84' lang='grc' dir='ltr'>ιαί</span> <span class='ocrx_word' id='word_1_12' title='bbox 2169 529 2520 607; x_wconf 81' lang='grc' dir='ltr'>εὐδαίμονας,</span> <span class='ocrx_word' id='word_1_13' title='bbox 2578 533 2641 601; x_wconf 77' lang='grc' dir='ltr'>ἃς</span> <span class='ocrx_word' id='word_1_14' title='bbox 2705 534 2947 600; x_wconf 80' lang='grc' dir='ltr'>πολλοῖς</span> <span class='ocrx_word' id='word_1_15' title='bbox 3007 536 3199 614; x_wconf 75' lang='grc' dir='ltr'>ἱδρῶσι</span> <span class='ocrx_word' id='word_1_16' title='bbox 3261 537 3355 595; x_wconf 81' lang='grc' dir='ltr'>καὶ</span> <span class='ocrx_word' id='word_1_17' title='bbox 3415 542 3705 616; x_wconf 73' lang='grc' dir='ltr'>αἶμασινὴ</span> 
     </span>
    </p>
   </div>
   <div class='ocr_carea' id='block_1_6' title="bbox 280 622 1945 699">
    <p class='ocr_par' dir='ltr' id='par_1_6' title="bbox 280 622 1945 699">
     <span class='ocr_line' id='line_1_6' title="bbox 280 622 1945 699; baseline -0.007 -13"><span class='ocrx_word' id='word_1_18' title='bbox 280 645 423 687; x_wconf 89' lang='lat' dir='ltr'>cens</span> <span class='ocrx_word' id='word_1_19' title='bbox 455 626 707 699; x_wconf 87' lang='lat' dir='ltr'>imperio</span> <span class='ocrx_word' id='word_1_20' title='bbox 729 630 1079 695; x_wconf 88' lang='lat' dir='ltr'>recuperata</span> <span class='ocrx_word' id='word_1_21' title='bbox 1106 639 1141 679; x_wconf 87' lang='lat' dir='ltr'>a</span> <span class='ocrx_word' id='word_1_22' title='bbox 1173 623 1388 680; x_wconf 86' lang='lat' dir='ltr'>Basilio</span> <span class='ocrx_word' id='word_1_23' title='bbox 1419 622 1674 696; x_wconf 67' lang='lat' dir='ltr'>praeside</span> <span class='ocrx_word' id='word_1_24' title='bbox 1712 627 1771 677; x_wconf 90' lang='lat' dir='ltr'>et</span> <span class='ocrx_word' id='word_1_25' title='bbox 1797 637 1945 693; x_wconf 73' lang='lat' dir='ltr'>prte-</span> 
     </span>
    </p>
   </div>
   <div class='ocr_carea' id='block_1_7' title="bbox 276 712 1945 787">
    <p class='ocr_par' dir='ltr' id='par_1_7' title="bbox 276 712 1945 787">
     <span class='ocr_line' id='line_1_7' title="bbox 276 712 1945 787; baseline -0.006 -12"><span class='ocrx_word' id='word_1_26' title='bbox 276 717 435 776; x_wconf 80' lang='lat' dir='ltr'>fecto</span> <span class='ocrx_word' id='word_1_27' title='bbox 459 714 715 773; x_wconf 86' lang='lat' dir='ltr'>cubiculi</span> <span class='ocrx_word' id='word_1_28' title='bbox 748 721 888 768; x_wconf 89' lang='lat' dir='ltr'>tunc</span> <span class='ocrx_word' id='word_1_29' title='bbox 918 712 1296 781; x_wconf 88' lang='lat' dir='ltr'>tenebantur,</span> <span class='ocrx_word' id='word_1_30' title='bbox 1316 729 1469 787; x_wconf 81' lang='lat' dir='ltr'>aegre</span> <span class='ocrx_word' id='word_1_31' title='bbox 1500 712 1583 779; x_wconf 98' lang='lat' dir='ltr'>id,</span> <span class='ocrx_word' id='word_1_32' title='bbox 1605 717 1669 766; x_wconf 92' lang='lat' dir='ltr'>ut</span> <span class='ocrx_word' id='word_1_33' title='bbox 1691 727 1797 783; x_wconf 92' lang='lat' dir='ltr'>par</span> <span class='ocrx_word' id='word_1_34' title='bbox 1818 713 1945 766; x_wconf 89' lang='lat' dir='ltr'>erat</span> 
     </span>
    </p>
   </div>
   <div class='ocr_carea' id='block_1_8' title="bbox 285 801 1944 874">
    <p class='ocr_par' dir='ltr' id='par_1_8' title="bbox 285 801 1944 874">
     <span class='ocr_line' id='line_1_8' title="bbox 285 801 1944 874; baseline -0.005 -10"><span class='ocrx_word' id='word_1_35' title='bbox 285 825 353 865; x_wconf 90' lang='lat' dir='ltr'>ac</span> <span class='ocrx_word' id='word_1_36' title='bbox 378 807 627 863; x_wconf 86' lang='lat' dir='ltr'>moleste</span> <span class='ocrx_word' id='word_1_37' title='bbox 656 804 808 869; x_wconf 80' lang='lat' dir='ltr'>tulit,</span> <span class='ocrx_word' id='word_1_38' title='bbox 841 808 898 858; x_wconf 93' lang='lat' dir='ltr'>et</span> <span class='ocrx_word' id='word_1_39' title='bbox 918 804 1267 874; x_wconf 82' lang='lat' dir='ltr'>vituperavit</span> <span class='ocrx_word' id='word_1_40' title='bbox 1295 803 1613 859; x_wconf 75' lang='lat' dir='ltr'>violentam</span> <span class='ocrx_word' id='word_1_41' title='bbox 1636 801 1944 857; x_wconf 81' lang='lat' dir='ltr'>avaritiam</span> 
     </span>
    </p>
   </div>
   <div class='ocr_carea' id='block_1_9' title="bbox 289 890 1944 966">
    <p class='ocr_par' dir='ltr' id='par_1_9' title="bbox 289 890 1944 966">
     <span class='ocr_line' id='line_1_9' title="bbox 289 890 1944 966; baseline -0.005 -13"><span class='ocrx_word' id='word_1_42' title='bbox 289 896 577 953; x_wconf 89' lang='lat' dir='ltr'>hominis.</span> <span class='ocrx_word' id='word_1_43' title='bbox 619 896 819 966; x_wconf 88' lang='lat' dir='ltr'>Neque</span> <span class='ocrx_word' id='word_1_44' title='bbox 863 894 911 947; x_wconf 89' lang='lat' dir='ltr'>is</span> <span class='ocrx_word' id='word_1_45' title='bbox 970 898 1112 948; x_wconf 88' lang='lat' dir='ltr'>tunc</span> <span class='ocrx_word' id='word_1_46' title='bbox 1173 894 1413 965; x_wconf 89' lang='lat' dir='ltr'>quidem</span> <span class='ocrx_word' id='word_1_47' title='bbox 1444 907 1645 964; x_wconf 81' lang='lat' dir='ltr'>aperte</span> <span class='ocrx_word' id='word_1_48' title='bbox 1678 890 1944 962; x_wconf 86' lang='lat' dir='ltr'>obloqui,</span> 
     </span>
    </p>
   </div>
   <div class='ocr_carea' id='block_1_10' title="bbox 289 980 1944 1060">
    <p class='ocr_par' dir='ltr' id='par_1_10' title="bbox 289 980 1944 1060">
     <span class='ocr_line' id='line_1_10' title="bbox 289 980 1944 1060; baseline -0.004 -19"><span class='ocrx_word' id='word_1_49' title='bbox 289 985 579 1060; x_wconf 83' lang='lat' dir='ltr'>principis</span> <span class='ocrx_word' id='word_1_50' title='bbox 598 983 1071 1056; x_wconf 81' lang='lat' dir='ltr'>indignationem</span> <span class='ocrx_word' id='word_1_51' title='bbox 1101 999 1333 1048; x_wconf 89' lang='lat' dir='ltr'>verens,</span> <span class='ocrx_word' id='word_1_52' title='bbox 1353 987 1613 1055; x_wconf 83' lang='lat' dir='ltr'>poterat:</span> <span class='ocrx_word' id='word_1_53' title='bbox 1634 980 1788 1037; x_wconf 89' lang='lat' dir='ltr'>clam</span> <span class='ocrx_word' id='word_1_54' title='bbox 1807 997 1944 1035; x_wconf 89' lang='lat' dir='ltr'>vero</span> 
     </span>
    </p>
   </div>
   <div class='ocr_carea' id='block_1_11' title="bbox 289 1068 1947 1146">
    <p class='ocr_par' dir='ltr' id='par_1_11' title="bbox 289 1068 1947 1146">
     <span class='ocr_line' id='line_1_11' title="bbox 289 1068 1947 1146; baseline -0.005 -14"><span class='ocrx_word' id='word_1_55' title='bbox 289 1075 525 1133; x_wconf 86' lang='lat' dir='ltr'>ridebat</span> <span class='ocrx_word' id='word_1_56' title='bbox 546 1074 675 1146; x_wconf 90' lang='lat' dir='ltr'>ejus</span> <span class='ocrx_word' id='word_1_57' title='bbox 692 1072 891 1134; x_wconf 84' lang='lat' dir='ltr'>verba,</span> <span class='ocrx_word' id='word_1_58' title='bbox 923 1071 1236 1143; x_wconf 79' lang='lat' dir='ltr'>illumque,</span> <span class='ocrx_word' id='word_1_59' title='bbox 1260 1076 1327 1125; x_wconf 89' lang='lat' dir='ltr'>ut</span> <span class='ocrx_word' id='word_1_60' title='bbox 1351 1070 1661 1125; x_wconf 88' lang='lat' dir='ltr'>dominum</span> <span class='ocrx_word' id='word_1_61' title='bbox 1686 1070 1813 1141; x_wconf 91' lang='lat' dir='ltr'>jam</span> <span class='ocrx_word' id='word_1_62' title='bbox 1834 1068 1947 1123; x_wconf 88' lang='lat' dir='ltr'>sibi</span> 
     </span>
    </p>
   </div>
   <div class='ocr_carea' id='block_1_12' title="bbox 291 1159 1949 1239">
    <p class='ocr_par' dir='ltr' id='par_1_12' title="bbox 291 1159 1949 1239">
     <span class='ocr_line' id='line_1_12' title="bbox 291 1159 1949 1239; baseline -0.005 -18"><span class='ocrx_word' id='word_1_63' title='bbox 291 1180 526 1239; x_wconf 78' lang='lat' dir='ltr'>gravem</span> <span class='ocrx_word' id='word_1_64' title='bbox 571 1161 776 1234; x_wconf 88' lang='lat' dir='ltr'>quovis</span> <span class='ocrx_word' id='word_1_65' title='bbox 806 1160 984 1216; x_wconf 90' lang='lat' dir='ltr'>modo</span> <span class='ocrx_word' id='word_1_66' title='bbox 1009 1160 1357 1215; x_wconf 85' lang='lat' dir='ltr'>submovere</span> <span class='ocrx_word' id='word_1_67' title='bbox 1390 1160 1613 1215; x_wconf 89' lang='lat' dir='ltr'>statuit.</span> <span class='ocrx_word' id='word_1_68' title='bbox 1649 1159 1797 1215; x_wconf 81' lang='grc'>177</span> <span class='ocrx_word' id='word_1_69' title='bbox 1837 1160 1949 1212; x_wconf 85' lang='lat' dir='ltr'>Ve-</span> 
     </span>
    </p>
   </div>
   <div class='ocr_carea' id='block_1_13' title="bbox 292 1247 1949 1324">
    <p class='ocr_par' dir='ltr' id='par_1_13' title="bbox 292 1247 1949 1324">
     <span class='ocr_line' id='line_1_13' title="bbox 292 1247 1949 1324; baseline -0.005 -13"><span class='ocrx_word' id='word_1_70' title='bbox 292 1260 465 1312; x_wconf 89' lang='lat' dir='ltr'>nerat</span> <span class='ocrx_word' id='word_1_71' title='bbox 493 1254 818 1324; x_wconf 83' lang='lat' dir='ltr'>imperator</span> <span class='ocrx_word' id='word_1_72' title='bbox 846 1250 909 1306; x_wconf 88' lang='lat' dir='ltr'>in</span> <span class='ocrx_word' id='word_1_73' title='bbox 940 1252 1133 1306; x_wconf 82' lang='lat' dir='ltr'>Atroae</span> <span class='ocrx_word' id='word_1_74' title='bbox 1166 1266 1441 1322; x_wconf 87' lang='lat' dir='ltr'>campum</span> <span class='ocrx_word' id='word_1_75' title='bbox 1478 1249 1724 1321; x_wconf 83' lang='lat' dir='ltr'>Olympo</span> <span class='ocrx_word' id='word_1_76' title='bbox 1757 1247 1949 1320; x_wconf 90' lang='lat' dir='ltr'>subje-</span> 
     </span>
    </p>
   </div>
   <div class='ocr_carea' id='block_1_14' title="bbox 294 1338 1948 1411">
    <p class='ocr_par' dir='ltr' id='par_1_14' title="bbox 294 1338 1948 1411">
     <span class='ocr_line' id='line_1_14' title="bbox 294 1338 1948 1411; baseline -0.005 -11"><span class='ocrx_word' id='word_1_77' title='bbox 294 1349 455 1401; x_wconf 84' lang='lat' dir='ltr'>ctum</span> <span class='ocrx_word' id='word_1_78' title='bbox 484 1360 497 1397; x_wconf 92' lang='lat'><strong>:</strong></span> <span class='ocrx_word' id='word_1_79' title='bbox 531 1342 864 1398; x_wconf 88' lang='lat' dir='ltr'>deverterat</span> <span class='ocrx_word' id='word_1_80' title='bbox 893 1340 967 1396; x_wconf 88' lang='lat' dir='ltr'>ad</span> <span class='ocrx_word' id='word_1_81' title='bbox 1016 1341 1349 1395; x_wconf 82' lang='lat' dir='ltr'>Romanum</span> <span class='ocrx_word' id='word_1_82' title='bbox 1398 1339 1739 1411; x_wconf 89' lang='lat' dir='ltr'>patricium,</span> <span class='ocrx_word' id='word_1_83' title='bbox 1769 1338 1948 1393; x_wconf 89' lang='lat' dir='ltr'>Seba-</span> 
     </span>
    </p>
   </div>
   <div class='ocr_carea' id='block_1_15' title="bbox 298 1427 1948 1505">
    <p class='ocr_par' dir='ltr' id='par_1_15' title="bbox 298 1427 1948 1505">
     <span class='ocr_line' id='line_1_15' title="bbox 298 1427 1948 1505; baseline -0.005 -15"><span class='ocrx_word' id='word_1_84' title='bbox 298 1431 566 1505; x_wconf 89' lang='lat' dir='ltr'>stophori</span> <span class='ocrx_word' id='word_1_85' title='bbox 599 1431 886 1503; x_wconf 84' lang='lat' dir='ltr'>dignitate</span> <span class='ocrx_word' id='word_1_86' title='bbox 933 1429 1297 1485; x_wconf 86' lang='lat' dir='ltr'>decoratum.</span> <span class='ocrx_word' id='word_1_87' title='bbox 1334 1428 1422 1485; x_wconf 91' lang='lat' dir='ltr'>Ibi</span> <span class='ocrx_word' id='word_1_88' title='bbox 1457 1429 1655 1483; x_wconf 86' lang='lat' dir='ltr'>ferunt</span> <span class='ocrx_word' id='word_1_89' title='bbox 1685 1427 1948 1498; x_wconf 87' lang='lat' dir='ltr'>aliquem</span> 
     </span>
    </p>
   </div>
   <div class='ocr_carea' id='block_1_16' title="bbox 296 1518 1947 1596">
    <p class='ocr_par' dir='ltr' id='par_1_16' title="bbox 296 1518 1947 1596">
     <span class='ocr_line' id='line_1_16' title="bbox 296 1518 1947 1596; baseline -0.005 -16"><span class='ocrx_word' id='word_1_90' title='bbox 296 1523 625 1596; x_wconf 87' lang='lat' dir='ltr'>spadonem</span> <span class='ocrx_word' id='word_1_91' title='bbox 675 1521 747 1577; x_wconf 91' lang='lat' dir='ltr'>de</span> <span class='ocrx_word' id='word_1_92' title='bbox 780 1518 1280 1586; x_wconf 85' lang='lat' dir='ltr'>ministrantibus,</span> <span class='ocrx_word' id='word_1_93' title='bbox 1315 1518 1433 1574; x_wconf 87' lang='lat' dir='ltr'>sive</span> <span class='ocrx_word' id='word_1_94' title='bbox 1465 1535 1572 1591; x_wconf 91' lang='lat' dir='ltr'>per</span> <span class='ocrx_word' id='word_1_95' title='bbox 1604 1534 1664 1573; x_wconf 88' lang='lat' dir='ltr'>se</span> <span class='ocrx_word' id='word_1_96' title='bbox 1693 1519 1947 1588; x_wconf 86' lang='lat' dir='ltr'>impera-</span> 
     </span>
    </p>
   </div>
   <div class='ocr_carea' id='block_1_17' title="bbox 294 1608 1948 1679">
    <p class='ocr_par' dir='ltr' id='par_1_17' title="bbox 294 1608 1948 1679">
     <span class='ocr_line' id='line_1_17' title="bbox 294 1608 1948 1679; baseline -0.005 -10"><span class='ocrx_word' id='word_1_97' title='bbox 294 1614 410 1670; x_wconf 85' lang='lat' dir='ltr'>tori</span> <span class='ocrx_word' id='word_1_98' title='bbox 469 1611 818 1677; x_wconf 79' lang='lat' dir='ltr'>infensum,</span> <span class='ocrx_word' id='word_1_99' title='bbox 873 1610 992 1665; x_wconf 89' lang='lat' dir='ltr'>sive</span> <span class='ocrx_word' id='word_1_100' title='bbox 1051 1608 1439 1665; x_wconf 86' lang='lat' dir='ltr'>subornatum</span> <span class='ocrx_word' id='word_1_101' title='bbox 1483 1612 1948 1679; x_wconf 90' lang='lat' dir='ltr'>corruptumque</span> 
     </span>
    </p>
   </div>
   <div class='ocr_carea' id='block_1_18' title="bbox 297 1695 1951 1777">
    <p class='ocr_par' dir='ltr' id='par_1_18' title="bbox 297 1695 1951 1777">
     <span class='ocr_line' id='line_1_18' title="bbox 297 1695 1951 1777; baseline -0.005 -18"><span class='ocrx_word' id='word_1_102' title='bbox 297 1700 831 1777; x_wconf 87' lang='lat' dir='ltr'>pollicitationibus</span> <span class='ocrx_word' id='word_1_103' title='bbox 852 1699 1231 1772; x_wconf 81' lang='lat' dir='ltr'>largitionum</span> <span class='ocrx_word' id='word_1_104' title='bbox 1254 1697 1485 1767; x_wconf 84' lang='lat' dir='ltr'>abillis,</span> <span class='ocrx_word' id='word_1_105' title='bbox 1505 1698 1627 1769; x_wconf 82' lang='lat' dir='ltr'>qui,</span> <span class='ocrx_word' id='word_1_106' title='bbox 1642 1696 1817 1752; x_wconf 91' lang='lat' dir='ltr'>bonis</span> <span class='ocrx_word' id='word_1_107' title='bbox 1839 1695 1951 1750; x_wconf 85' lang='lat' dir='ltr'>ini-</span> 
     </span>
    </p>
   </div>
   <div class='ocr_carea' id='block_1_19' title="bbox 300 1785 1951 1864">
    <p class='ocr_par' dir='ltr' id='par_1_19' title="bbox 300 1785 1951 1864">
     <span class='ocr_line' id='line_1_19' title="bbox 300 1785 1951 1864; baseline -0.004 -18"><span class='ocrx_word' id='word_1_108' title='bbox 300 1793 401 1864; x_wconf 90' lang='lat' dir='ltr'>qui</span> <span class='ocrx_word' id='word_1_109' title='bbox 420 1790 866 1848; x_wconf 87' lang='lat' dir='ltr'>conversionem</span> <span class='ocrx_word' id='word_1_110' title='bbox 880 1788 1076 1844; x_wconf 90' lang='lat' dir='ltr'>videre</span> <span class='ocrx_word' id='word_1_111' title='bbox 1089 1804 1290 1843; x_wconf 91' lang='lat' dir='ltr'>rerum</span> <span class='ocrx_word' id='word_1_112' title='bbox 1305 1792 1595 1860; x_wconf 91' lang='lat' dir='ltr'>cuperent</span> <span class='ocrx_word' id='word_1_113' title='bbox 1611 1785 1733 1857; x_wconf 90' lang='lat' dir='ltr'>(qui</span> <span class='ocrx_word' id='word_1_114' title='bbox 1746 1800 1951 1840; x_wconf 90' lang='lat' dir='ltr'>rumor</span> 
     </span>
    </p>
   </div>
   <div class='ocr_carea' id='block_1_20' title="bbox 2053 621 3710 708">
    <p class='ocr_par' dir='ltr' id='par_1_20' title="bbox 2053 621 3710 708">
     <span class='ocr_line' id='line_1_20' title="bbox 2053 621 3710 708; baseline 0.01 -32"><span class='ocrx_word' id='word_1_115' title='bbox 2053 621 2336 697; x_wconf 81' lang='grc' dir='ltr'>Ῥωμαῖκὴ</span> <span class='ocrx_word' id='word_1_116' title='bbox 2424 627 2648 695; x_wconf 86' lang='grc' dir='ltr'>στρατιά</span> <span class='ocrx_word' id='word_1_117' title='bbox 2721 631 2790 701; x_wconf 86' lang='grc' dir='ltr'>τῇ</span> <span class='ocrx_word' id='word_1_118' title='bbox 2853 629 3104 703; x_wconf 82' lang='grc' dir='ltr'>βασιλείᾳ</span> <span class='ocrx_word' id='word_1_119' title='bbox 3152 630 3214 685; x_wconf 83' lang='grc' dir='ltr'>τὸ</span> <span class='ocrx_word' id='word_1_120' title='bbox 3263 632 3527 708; x_wconf 86' lang='grc' dir='ltr'>πρότερον</span> <span class='ocrx_word' id='word_1_121' title='bbox 3614 637 3710 691; x_wconf 85' lang='grc' dir='ltr'>ἀν-</span> 
     </span>
    </p>
   </div>
   <div class='ocr_carea' id='block_1_21' title="bbox 2054 712 3707 795">
    <p class='ocr_par' dir='ltr' id='par_1_21' title="bbox 2054 712 3707 795">
     <span class='ocr_line' id='line_1_21' title="bbox 2054 712 3707 795; baseline 0.01 -29"><span class='ocrx_word' id='word_1_122' title='bbox 2054 712 2315 783; x_wconf 83' lang='grc' dir='ltr'>εσώσατο,</span> <span class='ocrx_word' id='word_1_123' title='bbox 2346 713 2469 770; x_wconf 88' lang='grc' dir='ltr'>τότε</span> <span class='ocrx_word' id='word_1_124' title='bbox 2490 713 2547 771; x_wconf 71' lang='grc' dir='ltr'>δὲ</span> <span class='ocrx_word' id='word_1_125' title='bbox 2608 715 2754 793; x_wconf 83' lang='grc' dir='ltr'>παρᾶ</span> <span class='ocrx_word' id='word_1_126' title='bbox 2806 722 2911 786; x_wconf 52' lang='grc' dir='ltr'>τούξ</span> <span class='ocrx_word' id='word_1_127' title='bbox 2956 717 3229 795; x_wconf 86' lang='grc' dir='ltr'>προέδρου</span> <span class='ocrx_word' id='word_1_128' title='bbox 3280 723 3565 780; x_wconf 87' lang='grc' dir='ltr'>Βασιλείου</span> <span class='ocrx_word' id='word_1_129' title='bbox 3616 725 3707 782; x_wconf 84' lang='grc' dir='ltr'>καὶ</span> 
     </span>
    </p>
   </div>
   <div class='ocr_carea' id='block_1_22' title="bbox 2053 804 3708 885">
    <p class='ocr_par' dir='ltr' id='par_1_22' title="bbox 2053 804 3708 885">
     <span class='ocr_line' id='line_1_22' title="bbox 2053 804 3708 885; baseline 0.01 -30"><span class='ocrx_word' id='word_1_130' title='bbox 2053 804 2556 879; x_wconf 86' lang='grc' dir='ltr'>παρακοιμωμένου</span> <span class='ocrx_word' id='word_1_131' title='bbox 2613 806 3034 883; x_wconf 72' lang='grc' dir='ltr'>κατεχομένας,</span> <span class='ocrx_word' id='word_1_132' title='bbox 3096 806 3379 885; x_wconf 80' lang='grc' dir='ltr'>ἤσχαλλεν</span> <span class='ocrx_word' id='word_1_133' title='bbox 3417 857 3432 883; x_wconf 86' lang='grc'>,</span> <span class='ocrx_word' id='word_1_134' title='bbox 3493 813 3569 879; x_wconf 87' lang='grc' dir='ltr'>ὠς</span> <span class='ocrx_word' id='word_1_135' title='bbox 3643 817 3708 872; x_wconf 87' lang='grc' dir='ltr'>τὸ</span> 
     </span>
    </p>
   </div>
   <div class='ocr_carea' id='block_1_23' title="bbox 2057 890 3708 971">
    <p class='ocr_par' dir='ltr' id='par_1_23' title="bbox 2057 890 3708 971">
     <span class='ocr_line' id='line_1_23' title="bbox 2057 890 3708 971; baseline 0.01 -27"><span class='ocrx_word' id='word_1_136' title='bbox 2057 890 2223 960; x_wconf 75' lang='grc' dir='ltr'>εἰκὸς,</span> <span class='ocrx_word' id='word_1_137' title='bbox 2283 894 2374 948; x_wconf 80' lang='grc' dir='ltr'>καὶ</span> <span class='ocrx_word' id='word_1_138' title='bbox 2433 897 2648 967; x_wconf 78' lang='grc' dir='ltr'>ἠνιᾶτο,</span> <span class='ocrx_word' id='word_1_139' title='bbox 2707 896 2798 951; x_wconf 81' lang='grc' dir='ltr'>καὶ</span> <span class='ocrx_word' id='word_1_140' title='bbox 2854 898 2955 967; x_wconf 72' lang='grc' dir='ltr'>τὴν</span> <span class='ocrx_word' id='word_1_141' title='bbox 3015 896 3411 971; x_wconf 71' lang='grc' dir='ltr'>πλεονεκτικήν</span> <span class='ocrx_word' id='word_1_142' title='bbox 3500 902 3708 961; x_wconf 79' lang='grc' dir='ltr'>ἐκείνου</span> 
     </span>
    </p>
   </div>
   <div class='ocr_carea' id='block_1_24' title="bbox 2059 978 3710 1069">
    <p class='ocr_par' dir='ltr' id='par_1_24' title="bbox 2059 978 3710 1069">
     <span class='ocr_line' id='line_1_24' title="bbox 2059 978 3710 1069; baseline 0.011 -37"><span class='ocrx_word' id='word_1_143' title='bbox 2059 978 2180 1069; x_wconf 74' lang='grc' dir='ltr'>βίαν</span> <span class='ocrx_word' id='word_1_144' title='bbox 2212 980 2509 1053; x_wconf 75' lang='grc' dir='ltr'>ὠνείδιζεν·</span> <span class='ocrx_word' id='word_1_145' title='bbox 2542 984 2603 1042; x_wconf 92' lang='grc' dir='ltr'>Ὁ</span> <span class='ocrx_word' id='word_1_146' title='bbox 2652 981 2710 1040; x_wconf 70' lang='grc' dir='ltr'>δὲ</span> <span class='ocrx_word' id='word_1_147' title='bbox 2765 983 3066 1064; x_wconf 82' lang='grc' dir='ltr'>ἀναφανδὸν</span> <span class='ocrx_word' id='word_1_148' title='bbox 3129 988 3225 1059; x_wconf 77' lang='grc' dir='ltr'>μὶν</span> <span class='ocrx_word' id='word_1_149' title='bbox 3286 989 3386 1046; x_wconf 77' lang='grc' dir='ltr'>οὐκ</span> <span class='ocrx_word' id='word_1_150' title='bbox 3438 993 3586 1069; x_wconf 72' lang='grc' dir='ltr'>εἶχεν</span> <span class='ocrx_word' id='word_1_151' title='bbox 3619 994 3710 1050; x_wconf 76' lang='grc' dir='ltr'>ἂν·</span> 
     </span>
    </p>
   </div>
   <div class='ocr_carea' id='block_1_25' title="bbox 2055 1056 3708 1156">
    <p class='ocr_par' dir='ltr' id='par_1_25' title="bbox 2055 1056 3708 1156">
     <span class='ocr_line' id='line_1_25' title="bbox 2055 1056 3708 1156; baseline 0.01 -33"><span class='ocrx_word' id='word_1_152' title='bbox 2055 1065 2314 1126; x_wconf 78' lang='grc' dir='ltr'>τιϐαίνειν</span> <span class='ocrx_word' id='word_1_153' title='bbox 2350 1116 2365 1143; x_wconf 91' lang='grc'>,</span> <span class='ocrx_word' id='word_1_154' title='bbox 2424 1074 2523 1142; x_wconf 79' lang='grc' dir='ltr'>τήν</span> <span class='ocrx_word' id='word_1_155' title='bbox 2581 1078 2679 1128; x_wconf 80' lang='grc' dir='ltr'>τοῦ</span> <span class='ocrx_word' id='word_1_156' title='bbox 2735 1072 2965 1139; x_wconf 79' lang='grc' dir='ltr'>ἄνακτος</span> <span class='ocrx_word' id='word_1_157' title='bbox 3051 1073 3243 1141; x_wconf 84' lang='grc' dir='ltr'>δεδιὼς</span> <span class='ocrx_word' id='word_1_158' title='bbox 3325 1056 3708 1156; x_wconf 61' lang='grc' dir='ltr'>ἀγανάκτησιν·</span> 
     </span>
    </p>
   </div>
   <div class='ocr_carea' id='block_1_26' title="bbox 2058 1155 3709 1244">
    <p class='ocr_par' dir='ltr' id='par_1_26' title="bbox 2058 1155 3709 1244">
     <span class='ocr_line' id='line_1_26' title="bbox 2058 1155 3709 1244; baseline 0.01 -32"><span class='ocrx_word' id='word_1_159' title='bbox 2058 1155 2339 1234; x_wconf 79' lang='grc' dir='ltr'>λαθραίως</span> <span class='ocrx_word' id='word_1_160' title='bbox 2371 1160 2427 1217; x_wconf 76' lang='grc' dir='ltr'>δὲ</span> <span class='ocrx_word' id='word_1_161' title='bbox 2455 1164 2525 1218; x_wconf 82' lang='grc' dir='ltr'>τὰ</span> <span class='ocrx_word' id='word_1_162' title='bbox 2561 1162 2769 1219; x_wconf 80' lang='grc' dir='ltr'>ἐκείνου</span> <span class='ocrx_word' id='word_1_163' title='bbox 2825 1163 3155 1241; x_wconf 73' lang='grc' dir='ltr'>ἐμυκτήριζε</span> <span class='ocrx_word' id='word_1_164' title='bbox 3206 1167 3394 1244; x_wconf 85' lang='grc' dir='ltr'>λόγια,</span> <span class='ocrx_word' id='word_1_165' title='bbox 3454 1172 3542 1227; x_wconf 78' lang='grc' dir='ltr'>καὶ</span> <span class='ocrx_word' id='word_1_166' title='bbox 3572 1179 3709 1229; x_wconf 81' lang='grc' dir='ltr'>τοῦ·</span> 
     </span>
    </p>
   </div>
   <div class='ocr_carea' id='block_1_27' title="bbox 2055 1248 3711 1337">
    <p class='ocr_par' dir='ltr' id='par_1_27' title="bbox 2055 1248 3711 1337">
     <span class='ocr_line' id='line_1_27' title="bbox 2055 1248 3711 1337; baseline 0.009 -34"><span class='ocrx_word' id='word_1_167' title='bbox 2055 1269 2173 1337; x_wconf 85' lang='grc' dir='ltr'>τον,</span> <span class='ocrx_word' id='word_1_168' title='bbox 2224 1248 2332 1322; x_wconf 79' lang='grc' dir='ltr'>ἤδη</span> <span class='ocrx_word' id='word_1_169' title='bbox 2380 1251 2546 1327; x_wconf 76' lang='grc' dir='ltr'>βαρὺν</span> <span class='ocrx_word' id='word_1_170' title='bbox 2605 1254 2754 1327; x_wconf 77' lang='grc' dir='ltr'>αὐτῷ</span> <span class='ocrx_word' id='word_1_171' title='bbox 2805 1258 3170 1331; x_wconf 70' lang='grc' dir='ltr'>γεγενημένον</span> <span class='ocrx_word' id='word_1_172' title='bbox 3233 1256 3520 1332; x_wconf 84' lang='grc' dir='ltr'>δεσπότην,</span> <span class='ocrx_word' id='word_1_173' title='bbox 3553 1262 3711 1337; x_wconf 82' lang='grc' dir='ltr'>ἀμω-</span> 
     </span>
    </p>
   </div>
   <div class='ocr_carea' id='block_1_28' title="bbox 2060 1336 3713 1424">
    <p class='ocr_par' dir='ltr' id='par_1_28' title="bbox 2060 1336 3713 1424">
     <span class='ocr_line' id='line_1_28' title="bbox 2060 1336 3713 1424; baseline 0.01 -32"><span class='ocrx_word' id='word_1_174' title='bbox 2060 1336 2273 1413; x_wconf 86' lang='grc' dir='ltr'>σγέπως</span> <span class='ocrx_word' id='word_1_175' title='bbox 2335 1339 2599 1399; x_wconf 86' lang='grc' dir='ltr'>διενοεῖτο</span> <span class='ocrx_word' id='word_1_176' title='bbox 2678 1343 3194 1410; x_wconf 77' lang='grc' dir='ltr'>ἀποσκευάσασθαι.</span> <span class='ocrx_word' id='word_1_177' title='bbox 3251 1350 3406 1424; x_wconf 80' lang='grc' dir='ltr'>’Ἄρτι</span> <span class='ocrx_word' id='word_1_178' title='bbox 3469 1349 3526 1406; x_wconf 76' lang='grc' dir='ltr'>δὲ</span> <span class='ocrx_word' id='word_1_179' title='bbox 3576 1352 3713 1408; x_wconf 85' lang='grc' dir='ltr'>κατᾶ</span> 
     </span>
    </p>
   </div>
   <div class='ocr_carea' id='block_1_29' title="bbox 2058 1429 3709 1512">
    <p class='ocr_par' dir='ltr' id='par_1_29' title="bbox 2058 1429 3709 1512">
     <span class='ocr_line' id='line_1_29' title="bbox 2058 1429 3709 1512; baseline 0.008 -29"><span class='ocrx_word' id='word_1_180' title='bbox 2058 1429 2159 1497; x_wconf 72' lang='grc' dir='ltr'>τήν</span> <span class='ocrx_word' id='word_1_181' title='bbox 2215 1434 2294 1502; x_wconf 84' lang='grc' dir='ltr'>τῷ</span> <span class='ocrx_word' id='word_1_182' title='bbox 2347 1429 2621 1504; x_wconf 83' lang='grc' dir='ltr'>Ὀλύμπῳ</span> <span class='ocrx_word' id='word_1_183' title='bbox 2691 1436 3094 1508; x_wconf 73' lang='grc' dir='ltr'>παρακειμένην</span> <span class='ocrx_word' id='word_1_184' title='bbox 3145 1443 3247 1505; x_wconf 80' lang='grc' dir='ltr'>τῆς</span> <span class='ocrx_word' id='word_1_185' title='bbox 3324 1440 3562 1512; x_wconf 84' lang='grc' dir='ltr'>Ἀτρώας</span> <span class='ocrx_word' id='word_1_186' title='bbox 3614 1462 3709 1496; x_wconf 88' lang='grc' dir='ltr'>πε·-</span> 
     </span>
    </p>
   </div>
   <div class='ocr_carea' id='block_1_30' title="bbox 2061 1514 3709 1603">
    <p class='ocr_par' dir='ltr' id='par_1_30' title="bbox 2061 1514 3709 1603">
     <span class='ocr_line' id='line_1_30' title="bbox 2061 1514 3709 1603; baseline 0.007 -31"><span class='ocrx_word' id='word_1_187' title='bbox 2061 1514 2222 1573; x_wconf 84' lang='grc' dir='ltr'>διάδα</span> <span class='ocrx_word' id='word_1_188' title='bbox 2254 1519 2281 1574; x_wconf 87' lang='grc' dir='ltr'>ὁ</span> <span class='ocrx_word' id='word_1_189' title='bbox 2318 1519 2572 1596; x_wconf 78' lang='grc' dir='ltr'>βασιλεὺς</span> <span class='ocrx_word' id='word_1_190' title='bbox 2606 1521 2954 1601; x_wconf 75' lang='grc' dir='ltr'>ἀφικόμενος,</span> <span class='ocrx_word' id='word_1_191' title='bbox 3014 1524 3153 1599; x_wconf 85' lang='grc' dir='ltr'>πρὸς</span> <span class='ocrx_word' id='word_1_192' title='bbox 3211 1527 3309 1595; x_wconf 78' lang='grc' dir='ltr'>τὴν</span> <span class='ocrx_word' id='word_1_193' title='bbox 3363 1531 3461 1581; x_wconf 81' lang='grc' dir='ltr'>τοῦ</span> <span class='ocrx_word' id='word_1_194' title='bbox 3518 1549 3709 1603; x_wconf 80' lang='grc' dir='ltr'>πατριο</span> 
     </span>
    </p>
   </div>
   <div class='ocr_carea' id='block_1_31' title="bbox 2059 1607 3716 1694">
    <p class='ocr_par' dir='ltr' id='par_1_31' title="bbox 2059 1607 3716 1694">
     <span class='ocr_line' id='line_1_31' title="bbox 2059 1607 3716 1694; baseline 0.006 -33"><span class='ocrx_word' id='word_1_195' title='bbox 2059 1607 2183 1662; x_wconf 87' lang='grc' dir='ltr'>κίου</span> <span class='ocrx_word' id='word_1_196' title='bbox 2241 1609 2528 1683; x_wconf 88' lang='grc' dir='ltr'>Ῥωμανοῦ</span> <span class='ocrx_word' id='word_1_197' title='bbox 2580 1612 2671 1665; x_wconf 87' lang='grc' dir='ltr'>καὶ</span> <span class='ocrx_word' id='word_1_198' title='bbox 2723 1615 2804 1684; x_wconf 80' lang='grc' dir='ltr'>τῷ</span> <span class='ocrx_word' id='word_1_199' title='bbox 2859 1616 2956 1667; x_wconf 80' lang='grc' dir='ltr'>τοῦ</span> <span class='ocrx_word' id='word_1_200' title='bbox 3025 1608 3429 1694; x_wconf 76' lang='grc' dir='ltr'>σεϐαστοφόρου</span> <span class='ocrx_word' id='word_1_201' title='bbox 3497 1614 3716 1692; x_wconf 87' lang='grc' dir='ltr'>διαπρέ-</span> 
     </span>
    </p>
   </div>
   <div class='ocr_carea' id='block_1_32' title="bbox 2060 1697 3710 1778">
    <p class='ocr_par' dir='ltr' id='par_1_32' title="bbox 2060 1697 3710 1778">
     <span class='ocr_line' id='line_1_32' title="bbox 2060 1697 3710 1778; baseline 0.005 -27"><span class='ocrx_word' id='word_1_202' title='bbox 2060 1717 2255 1759; x_wconf 89' lang='grc' dir='ltr'>ποντος</span> <span class='ocrx_word' id='word_1_203' title='bbox 2287 1697 2559 1773; x_wconf 74' lang='grc' dir='ltr'>ἀξιώματι</span> <span class='ocrx_word' id='word_1_204' title='bbox 2614 1699 2790 1755; x_wconf 79' lang='grc' dir='ltr'>έστίαν</span> <span class='ocrx_word' id='word_1_205' title='bbox 2848 1703 3141 1776; x_wconf 82' lang='grc' dir='ltr'>κατήγετο.</span> <span class='ocrx_word' id='word_1_206' title='bbox 3204 1703 3469 1767; x_wconf 79' lang='grc' dir='ltr'>Ἐνταῦθα</span> <span class='ocrx_word' id='word_1_207' title='bbox 3498 1703 3710 1778; x_wconf 77' lang='grc' dir='ltr'>λέγετὰί</span> 
     </span>
    </p>
   </div>
   <div class='ocr_carea' id='block_1_33' title="bbox 2060 1787 3709 1869">
    <p class='ocr_par' dir='ltr' id='par_1_33' title="bbox 2060 1787 3709 1869">
     <span class='ocr_line' id='line_1_33' title="bbox 2060 1787 3709 1869; baseline 0.005 -28"><span class='ocrx_word' id='word_1_208' title='bbox 2060 1807 2181 1841; x_wconf 88' lang='grc' dir='ltr'>τινα</span> <span class='ocrx_word' id='word_1_209' title='bbox 2209 1791 2318 1842; x_wconf 89' lang='grc' dir='ltr'>τῶν</span> <span class='ocrx_word' id='word_1_210' title='bbox 2340 1787 2852 1865; x_wconf 80' lang='grc' dir='ltr'>έξυπηρετουμένων</span> <span class='ocrx_word' id='word_1_211' title='bbox 2885 1788 3139 1863; x_wconf 81' lang='grc' dir='ltr'>ἐκτομίαν</span> <span class='ocrx_word' id='word_1_212' title='bbox 3189 1795 3269 1862; x_wconf 80' lang='grc' dir='ltr'>τῷ</span> <span class='ocrx_word' id='word_1_213' title='bbox 3326 1790 3709 1869; x_wconf 77' lang='grc' dir='ltr'>αὐτοκράτορι,</span> 
     </span>
    </p>
   </div>
   <div class='ocr_carea' id='block_1_34' title="bbox 302 1873 1954 1955">
    <p class='ocr_par' dir='ltr' id='par_1_34' title="bbox 302 1875 1953 1954">
     <span class='ocr_line' id='line_1_34' title="bbox 302 1875 1953 1954; baseline -0.005 -17"><span class='ocrx_word' id='word_1_214' title='bbox 302 1881 500 1954; x_wconf 90' lang='lat' dir='ltr'>potius</span> <span class='ocrx_word' id='word_1_215' title='bbox 518 1896 694 1952; x_wconf 89' lang='lat' dir='ltr'>quam</span> <span class='ocrx_word' id='word_1_216' title='bbox 708 1877 986 1951; x_wconf 91' lang='lat' dir='ltr'>priorille</span> <span class='ocrx_word' id='word_1_217' title='bbox 1010 1882 1069 1932; x_wconf 93' lang='lat' dir='ltr'>et</span> <span class='ocrx_word' id='word_1_218' title='bbox 1092 1876 1365 1932; x_wconf 82' lang='lat' dir='ltr'>differtur</span> <span class='ocrx_word' id='word_1_219' title='bbox 1387 1881 1447 1931; x_wconf 89' lang='lat' dir='ltr'>et</span> <span class='ocrx_word' id='word_1_220' title='bbox 1464 1875 1765 1945; x_wconf 80' lang='lat' dir='ltr'>creditur),</span> <span class='ocrx_word' id='word_1_221' title='bbox 1783 1889 1953 1929; x_wconf 89' lang='lat' dir='ltr'>vene-</span> 
     </span>
    </p>
   </div>
   <div class='ocr_carea' id='block_1_35' title="bbox 2062 1873 3712 1955">
    <p class='ocr_par' dir='ltr' id='par_1_35' title="bbox 2062 1873 3712 1955">
     <span class='ocr_line' id='line_1_35' title="bbox 2062 1873 3712 1955; baseline 0.005 -24"><span class='ocrx_word' id='word_1_222' title='bbox 2062 1874 2167 1931; x_wconf 73' lang='grc' dir='ltr'>εῗτε</span> <span class='ocrx_word' id='word_1_223' title='bbox 2195 1873 2414 1932; x_wconf 67' lang='grc' dir='ltr'>οἴκοθεν</span> <span class='ocrx_word' id='word_1_224' title='bbox 2449 1874 2729 1952; x_wconf 65' lang='grc' dir='ltr'>δυσμενῶς</span> <span class='ocrx_word' id='word_1_225' title='bbox 2787 1879 2922 1943; x_wconf 84' lang='grc' dir='ltr'>πτὸς</span> <span class='ocrx_word' id='word_1_226' title='bbox 2987 1878 3147 1935; x_wconf 80' lang='grc' dir='ltr'>αὐτὸν</span> <span class='ocrx_word' id='word_1_227' title='bbox 3207 1878 3569 1955; x_wconf 82' lang='grc' dir='ltr'>διακείμενον,</span> <span class='ocrx_word' id='word_1_228' title='bbox 3603 1885 3712 1939; x_wconf 76' lang='grc' dir='ltr'>εἴτε</span> 
     </span>
    </p>
   </div>
   <div class='ocr_carea' id='block_1_36' title="bbox 301 1963 1948 2042">
    <p class='ocr_par' dir='ltr' id='par_1_36' title="bbox 301 1963 1948 2042">
     <span class='ocr_line' id='line_1_36' title="bbox 301 1963 1948 2042; baseline -0.005 -16"><span class='ocrx_word' id='word_1_229' title='bbox 301 1986 447 2026; x_wconf 91' lang='lat' dir='ltr'>num</span> <span class='ocrx_word' id='word_1_230' title='bbox 471 1974 869 2042; x_wconf 83' lang='lat' dir='ltr'>praeparatum</span> <span class='ocrx_word' id='word_1_231' title='bbox 891 1966 1234 2039; x_wconf 86' lang='lat' dir='ltr'>imperatori</span> <span class='ocrx_word' id='word_1_232' title='bbox 1259 1966 1321 2021; x_wconf 90' lang='lat' dir='ltr'>in</span> <span class='ocrx_word' id='word_1_233' title='bbox 1341 1966 1584 2037; x_wconf 89' lang='lat' dir='ltr'>potione</span> <span class='ocrx_word' id='word_1_234' title='bbox 1601 1963 1948 2036; x_wconf 66' lang='lat' dir='ltr'>praebuisse:</span> 
     </span>
    </p>
   </div>
   <div class='ocr_carea' id='block_1_37' title="bbox 300 2054 1954 2129">
    <p class='ocr_par' dir='ltr' id='par_1_37' title="bbox 300 2054 1954 2129">
     <span class='ocr_line' id='line_1_37' title="bbox 300 2054 1954 2129; baseline -0.004 -14"><span class='ocrx_word' id='word_1_235' title='bbox 300 2059 475 2116; x_wconf 91' lang='lat' dir='ltr'>illum</span> <span class='ocrx_word' id='word_1_236' title='bbox 507 2057 660 2114; x_wconf 87' lang='lat' dir='ltr'>nihil</span> <span class='ocrx_word' id='word_1_237' title='bbox 698 2057 813 2113; x_wconf 90' lang='lat' dir='ltr'>tale</span> <span class='ocrx_word' id='word_1_238' title='bbox 839 2056 1265 2129; x_wconf 89' lang='lat' dir='ltr'>suspicantem,</span> <span class='ocrx_word' id='word_1_239' title='bbox 1318 2072 1425 2127; x_wconf 92' lang='lat' dir='ltr'>pro</span> <span class='ocrx_word' id='word_1_240' title='bbox 1457 2054 1703 2110; x_wconf 90' lang='lat' dir='ltr'>salutari</span> <span class='ocrx_word' id='word_1_241' title='bbox 1735 2054 1954 2110; x_wconf 85' lang='lat' dir='ltr'>haustu</span> 
     </span>
    </p>
   </div>
   <div class='ocr_carea' id='block_1_38' title="bbox 295 2144 1957 2219">
    <p class='ocr_par' dir='ltr' id='par_1_38' title="bbox 295 2144 1957 2219">
     <span class='ocr_line' id='line_1_38' title="bbox 295 2144 1957 2219; baseline -0.003 -14"><span class='ocrx_word' id='word_1_242' title='bbox 295 2150 457 2205; x_wconf 89' lang='lat' dir='ltr'>virus</span> <span class='ocrx_word' id='word_1_243' title='bbox 489 2148 768 2204; x_wconf 91' lang='lat' dir='ltr'>ebibisse.</span> <span class='ocrx_word' id='word_1_244' title='bbox 810 2146 922 2202; x_wconf 91' lang='lat' dir='ltr'>Sed</span> <span class='ocrx_word' id='word_1_245' title='bbox 944 2147 1071 2219; x_wconf 87' lang='lat' dir='ltr'>jam</span> <span class='ocrx_word' id='word_1_246' title='bbox 1104 2145 1389 2218; x_wconf 90' lang='lat' dir='ltr'>postridie</span> <span class='ocrx_word' id='word_1_247' title='bbox 1422 2145 1551 2216; x_wconf 87' lang='lat' dir='ltr'>ejus</span> <span class='ocrx_word' id='word_1_248' title='bbox 1581 2144 1700 2200; x_wconf 91' lang='lat' dir='ltr'>diei</span> <span class='ocrx_word' id='word_1_249' title='bbox 1752 2150 1957 2216; x_wconf 88' lang='lat' dir='ltr'>torpor</span> 
     </span>
    </p>
   </div>
   <div class='ocr_carea' id='block_1_39' title="bbox 300 2233 1954 2307">
    <p class='ocr_par' dir='ltr' id='par_1_39' title="bbox 300 2233 1954 2307">
     <span class='ocr_line' id='line_1_39' title="bbox 300 2233 1954 2307; baseline -0.005 -11"><span class='ocrx_word' id='word_1_250' title='bbox 300 2256 437 2296; x_wconf 91' lang='lat' dir='ltr'>eum</span> <span class='ocrx_word' id='word_1_251' title='bbox 470 2239 898 2301; x_wconf 88' lang='lat' dir='ltr'>membrorum,</span> <span class='ocrx_word' id='word_1_252' title='bbox 935 2241 994 2291; x_wconf 92' lang='lat' dir='ltr'>et</span> <span class='ocrx_word' id='word_1_253' title='bbox 1039 2236 1307 2307; x_wconf 88' lang='lat' dir='ltr'>corporis</span> <span class='ocrx_word' id='word_1_254' title='bbox 1365 2234 1625 2289; x_wconf 89' lang='lat' dir='ltr'>universi</span> <span class='ocrx_word' id='word_1_255' title='bbox 1668 2233 1954 2289; x_wconf 86' lang='lat' dir='ltr'>relaxatio</span> 
     </span>
    </p>
   </div>
   <div class='ocr_carea' id='block_1_40' title="bbox 297 2322 1954 2400">
    <p class='ocr_par' dir='ltr' id='par_1_40' title="bbox 297 2322 1954 2400">
     <span class='ocr_line' id='line_1_40' title="bbox 297 2322 1954 2400; baseline -0.004 -17"><span class='ocrx_word' id='word_1_256' title='bbox 297 2327 624 2400; x_wconf 87' lang='lat' dir='ltr'>occupavit,</span> <span class='ocrx_word' id='word_1_257' title='bbox 657 2327 831 2397; x_wconf 90' lang='lat' dir='ltr'>vique</span> <span class='ocrx_word' id='word_1_258' title='bbox 863 2325 1181 2395; x_wconf 85' lang='lat' dir='ltr'>repentina</span> <span class='ocrx_word' id='word_1_259' title='bbox 1200 2322 1343 2379; x_wconf 90' lang='lat' dir='ltr'>mali</span> <span class='ocrx_word' id='word_1_260' title='bbox 1373 2339 1584 2378; x_wconf 88' lang='lat' dir='ltr'>vanam</span> <span class='ocrx_word' id='word_1_261' title='bbox 1613 2339 1743 2378; x_wconf 91' lang='lat' dir='ltr'>esse</span> <span class='ocrx_word' id='word_1_262' title='bbox 1771 2322 1954 2377; x_wconf 89' lang='lat' dir='ltr'>medi-</span> 
     </span>
    </p>
   </div>
   <div class='ocr_carea' id='block_1_41' title="bbox 297 2412 1957 2484">
    <p class='ocr_par' dir='ltr' id='par_1_41' title="bbox 297 2412 1957 2484">
     <span class='ocr_line' id='line_1_41' title="bbox 297 2412 1957 2484; baseline -0.004 -12"><span class='ocrx_word' id='word_1_263' title='bbox 297 2432 502 2472; x_wconf 89' lang='lat' dir='ltr'>corum</span> <span class='ocrx_word' id='word_1_264' title='bbox 527 2414 838 2471; x_wconf 88' lang='lat' dir='ltr'>scientiam</span> <span class='ocrx_word' id='word_1_265' title='bbox 871 2412 1162 2484; x_wconf 88' lang='lat' dir='ltr'>nulloque</span> <span class='ocrx_word' id='word_1_266' title='bbox 1192 2413 1324 2468; x_wconf 90' lang='lat' dir='ltr'>usui</span> <span class='ocrx_word' id='word_1_267' title='bbox 1357 2412 1652 2484; x_wconf 89' lang='lat' dir='ltr'>apparuit,</span> <span class='ocrx_word' id='word_1_268' title='bbox 1687 2428 1798 2467; x_wconf 91' lang='lat' dir='ltr'>nec</span> <span class='ocrx_word' id='word_1_269' title='bbox 1827 2427 1957 2467; x_wconf 89' lang='lat' dir='ltr'>ver-</span> 
     </span>
    </p>
   </div>
   <div class='ocr_carea' id='block_1_42' title="bbox 298 2501 1953 2578">
    <p class='ocr_par' dir='ltr' id='par_1_42' title="bbox 298 2501 1953 2578">
     <span class='ocr_line' id='line_1_42' title="bbox 298 2501 1953 2578; baseline -0.004 -16"><span class='ocrx_word' id='word_1_270' title='bbox 298 2506 417 2562; x_wconf 87' lang='lat' dir='ltr'>sari</span> <span class='ocrx_word' id='word_1_271' title='bbox 447 2506 511 2560; x_wconf 91' lang='lat' dir='ltr'>in</span> <span class='ocrx_word' id='word_1_272' title='bbox 542 2504 880 2578; x_wconf 79' lang='lat' dir='ltr'>cognitione</span> <span class='ocrx_word' id='word_1_273' title='bbox 910 2502 1071 2558; x_wconf 84' lang='lat' dir='ltr'>facili</span> <span class='ocrx_word' id='word_1_274' title='bbox 1096 2503 1255 2558; x_wconf 88' lang='lat' dir='ltr'>hunc</span> <span class='ocrx_word' id='word_1_275' title='bbox 1271 2501 1573 2558; x_wconf 87' lang='lat' dir='ltr'>morbum.</span> <span class='ocrx_word' id='word_1_276' title='bbox 1610 2502 1953 2574; x_wconf 88' lang='lat' dir='ltr'>Imperator,</span> 
     </span>
    </p>
   </div>
   <div class='ocr_carea' id='block_1_43' title="bbox 299 2591 1952 2668">
    <p class='ocr_par' dir='ltr' id='par_1_43' title="bbox 299 2591 1952 2668">
     <span class='ocr_line' id='line_1_43' title="bbox 299 2591 1952 2668; baseline -0.004 -16"><span class='ocrx_word' id='word_1_277' title='bbox 299 2594 403 2651; x_wconf 92' lang='lat' dir='ltr'>ubi</span> <span class='ocrx_word' id='word_1_278' title='bbox 430 2595 615 2651; x_wconf 90' lang='lat' dir='ltr'>robur</span> <span class='ocrx_word' id='word_1_279' title='bbox 674 2593 996 2668; x_wconf 81' lang='lat' dir='ltr'>singulare,</span> <span class='ocrx_word' id='word_1_280' title='bbox 1059 2591 1219 2664; x_wconf 92' lang='lat' dir='ltr'>quod</span> <span class='ocrx_word' id='word_1_281' title='bbox 1277 2592 1509 2665; x_wconf 88' lang='lat' dir='ltr'>pridem</span> <span class='ocrx_word' id='word_1_282' title='bbox 1566 2592 1680 2648; x_wconf 89' lang='lat' dir='ltr'>sibi</span> <span class='ocrx_word' id='word_1_283' title='bbox 1740 2592 1952 2660; x_wconf 88' lang='lat' dir='ltr'>inerat,</span> 
     </span>
    </p>
   </div>
   <div class='ocr_carea' id='block_1_44' title="bbox 298 2681 1954 2758">
    <p class='ocr_par' dir='ltr' id='par_1_44' title="bbox 298 2681 1954 2758">
     <span class='ocr_line' id='line_1_44' title="bbox 298 2681 1954 2758; baseline -0.005 -15"><span class='ocrx_word' id='word_1_284' title='bbox 298 2690 544 2758; x_wconf 86' lang='lat' dir='ltr'>repente</span> <span class='ocrx_word' id='word_1_285' title='bbox 574 2689 937 2758; x_wconf 90' lang='lat' dir='ltr'>prostratum</span> <span class='ocrx_word' id='word_1_286' title='bbox 980 2699 1110 2739; x_wconf 90' lang='lat' dir='ltr'>esse</span> <span class='ocrx_word' id='word_1_287' title='bbox 1141 2682 1347 2750; x_wconf 85' lang='lat' dir='ltr'>sensit,</span> <span class='ocrx_word' id='word_1_288' title='bbox 1380 2681 1954 2754; x_wconf 88' lang='lat' dir='ltr'>Constantinopolim</span> 
     </span>
    </p>
   </div>
   <div class='ocr_carea' id='block_1_45' title="bbox 298 2772 1955 2851">
    <p class='ocr_par' dir='ltr' id='par_1_45' title="bbox 298 2772 1955 2851">
     <span class='ocr_line' id='line_1_45' title="bbox 298 2772 1955 2851; baseline -0.005 -16"><span class='ocrx_word' id='word_1_289' title='bbox 298 2777 610 2851; x_wconf 88' lang='lat' dir='ltr'>pervenire</span> <span class='ocrx_word' id='word_1_290' title='bbox 641 2775 979 2834; x_wconf 90' lang='lat' dir='ltr'>contendit:</span> <span class='ocrx_word' id='word_1_291' title='bbox 1017 2773 1201 2830; x_wconf 87' lang='lat' dir='ltr'>simul</span> <span class='ocrx_word' id='word_1_292' title='bbox 1220 2791 1378 2842; x_wconf 89' lang='lat' dir='ltr'>arca,</span> <span class='ocrx_word' id='word_1_293' title='bbox 1402 2791 1536 2846; x_wconf 73' lang='lat' dir='ltr'>quea</span> <span class='ocrx_word' id='word_1_294' title='bbox 1556 2775 1619 2828; x_wconf 93' lang='lat' dir='ltr'>in</span> <span class='ocrx_word' id='word_1_295' title='bbox 1632 2772 1955 2829; x_wconf 87' lang='lat' dir='ltr'>Servatoris</span> 
     </span>
    </p>
   </div>
   <div class='ocr_carea' id='block_1_46' title="bbox 295 2863 1951 2937">
    <p class='ocr_par' dir='ltr' id='par_1_46' title="bbox 295 2863 1951 2937">
     <span class='ocr_line' id='line_1_46' title="bbox 295 2863 1951 2937; baseline -0.004 -14"><span class='ocrx_word' id='word_1_296' title='bbox 295 2868 435 2925; x_wconf 85' lang='lat' dir='ltr'>fano</span> <span class='ocrx_word' id='word_1_297' title='bbox 470 2884 505 2924; x_wconf 88' lang='lat' dir='ltr'>a</span> <span class='ocrx_word' id='word_1_298' title='bbox 536 2884 599 2923; x_wconf 89' lang='lat' dir='ltr'>se</span> <span class='ocrx_word' id='word_1_299' title='bbox 639 2867 933 2923; x_wconf 70' lang='lat' dir='ltr'>aedificato</span> <span class='ocrx_word' id='word_1_300' title='bbox 976 2864 1207 2937; x_wconf 89' lang='lat' dir='ltr'>corpori</span> <span class='ocrx_word' id='word_1_301' title='bbox 1243 2864 1431 2935; x_wconf 89' lang='lat' dir='ltr'>ipsius</span> <span class='ocrx_word' id='word_1_302' title='bbox 1484 2863 1951 2935; x_wconf 72' lang='lat' dir='ltr'>prmparabatur,</span> 
     </span>
    </p>
   </div>
   <div class='ocr_carea' id='block_1_47' title="bbox 294 2952 1950 3030">
    <p class='ocr_par' dir='ltr' id='par_1_47' title="bbox 294 2952 1950 3030">
     <span class='ocr_line' id='line_1_47' title="bbox 294 2952 1950 3030; baseline -0.004 -17"><span class='ocrx_word' id='word_1_303' title='bbox 294 2963 361 3013; x_wconf 91' lang='lat' dir='ltr'>ut</span> <span class='ocrx_word' id='word_1_304' title='bbox 409 2958 854 3030; x_wconf 87' lang='lat' dir='ltr'>quamprimum</span> <span class='ocrx_word' id='word_1_305' title='bbox 888 2954 1298 3010; x_wconf 90' lang='lat' dir='ltr'>absolveretur</span> <span class='ocrx_word' id='word_1_306' title='bbox 1345 2957 1644 3026; x_wconf 86' lang='lat' dir='ltr'>properat.</span> <span class='ocrx_word' id='word_1_307' title='bbox 1681 2952 1773 3008; x_wconf 92' lang='lat' dir='ltr'>Sic</span> <span class='ocrx_word' id='word_1_308' title='bbox 1807 2969 1950 3008; x_wconf 91' lang='lat' dir='ltr'>con-</span> 
     </span>
    </p>
   </div>
   <div class='ocr_carea' id='block_1_48' title="bbox 287 3040 1953 3115">
    <p class='ocr_par' dir='ltr' id='par_1_48' title="bbox 287 3040 1953 3115">
     <span class='ocr_line' id='line_1_48' title="bbox 287 3040 1953 3115; baseline -0.004 -13"><span class='ocrx_word' id='word_1_309' title='bbox 287 3051 454 3103; x_wconf 90' lang='lat' dir='ltr'>tento</span> <span class='ocrx_word' id='word_1_310' title='bbox 478 3062 657 3102; x_wconf 91' lang='lat' dir='ltr'>cursu</span> <span class='ocrx_word' id='word_1_311' title='bbox 677 3044 753 3101; x_wconf 92' lang='lat' dir='ltr'>ad</span> <span class='ocrx_word' id='word_1_312' title='bbox 784 3044 996 3100; x_wconf 90' lang='lat' dir='ltr'>urbem</span> <span class='ocrx_word' id='word_1_313' title='bbox 1028 3043 1207 3109; x_wconf 86' lang='lat' dir='ltr'>venit,</span> <span class='ocrx_word' id='word_1_314' title='bbox 1242 3047 1644 3115; x_wconf 82' lang='lat' dir='ltr'>exceptusque</span> <span class='ocrx_word' id='word_1_315' title='bbox 1668 3058 1702 3097; x_wconf 92' lang='lat' dir='ltr'>a</span> <span class='ocrx_word' id='word_1_316' title='bbox 1732 3040 1953 3114; x_wconf 90' lang='lat' dir='ltr'>populo</span> 
     </span>
    </p>
   </div>
   <div class='ocr_carea' id='block_1_49' title="bbox 296 3129 1952 3207">
    <p class='ocr_par' dir='ltr' id='par_1_49' title="bbox 296 3129 1952 3207">
     <span class='ocr_line' id='line_1_49' title="bbox 296 3129 1952 3207; baseline -0.004 -15"><span class='ocrx_word' id='word_1_317' title='bbox 296 3129 661 3193; x_wconf 81' lang='lat' dir='ltr'>mirabiliter</span> <span class='ocrx_word' id='word_1_318' title='bbox 690 3140 802 3203; x_wconf 89' lang='lat' dir='ltr'>est,</span> <span class='ocrx_word' id='word_1_319' title='bbox 833 3135 1125 3207; x_wconf 79' lang='lat' dir='ltr'>languens</span> <span class='ocrx_word' id='word_1_320' title='bbox 1148 3133 1299 3205; x_wconf 90' lang='lat' dir='ltr'>jam,</span> <span class='ocrx_word' id='word_1_321' title='bbox 1339 3138 1517 3203; x_wconf 88' lang='lat' dir='ltr'>atque</span> <span class='ocrx_word' id='word_1_322' title='bbox 1558 3148 1710 3205; x_wconf 69' lang='lat' dir='ltr'>aegre</span> <span class='ocrx_word' id='word_1_323' title='bbox 1743 3131 1952 3186; x_wconf 91' lang='lat' dir='ltr'>intimo</span> 
     </span>
    </p>
   </div>
   <div class='ocr_carea' id='block_1_50' title="bbox 2061 1966 3711 2046">
    <p class='ocr_par' dir='ltr' id='par_1_50' title="bbox 2061 1966 3711 2046">
     <span class='ocr_line' id='line_1_50' title="bbox 2061 1966 3711 2046; baseline 0.003 -23"><span class='ocrx_word' id='word_1_324' title='bbox 2061 1967 2149 2023; x_wconf 85' lang='grc' dir='ltr'>καὶ</span> <span class='ocrx_word' id='word_1_325' title='bbox 2182 1967 2318 2041; x_wconf 88' lang='grc' dir='ltr'>πρὸς</span> <span class='ocrx_word' id='word_1_326' title='bbox 2345 1966 2577 2026; x_wconf 90' lang='grc' dir='ltr'>τούτων.</span> <span class='ocrx_word' id='word_1_327' title='bbox 2607 1973 2725 2031; x_wconf 85' lang='grc' dir='ltr'>τοῖς</span> <span class='ocrx_word' id='word_1_328' title='bbox 2776 1967 2967 2033; x_wconf 84' lang='grc' dir='ltr'>καλοῖς</span> <span class='ocrx_word' id='word_1_329' title='bbox 3029 1971 3435 2046; x_wconf 84' lang='grc' dir='ltr'>βασκαινόντων</span> <span class='ocrx_word' id='word_1_330' title='bbox 3489 1972 3578 2027; x_wconf 80' lang='grc' dir='ltr'>καὶ</span> <span class='ocrx_word' id='word_1_331' title='bbox 3613 1993 3711 2045; x_wconf 92' lang='grc' dir='ltr'>με-</span> 
     </span>
    </p>
   </div>
   <div class='ocr_carea' id='block_1_51' title="bbox 2060 2052 3707 2135">
    <p class='ocr_par' dir='ltr' id='par_1_51' title="bbox 2060 2052 3707 2135">
     <span class='ocr_line' id='line_1_51' title="bbox 2060 2052 3707 2135; baseline 0.003 -22"><span class='ocrx_word' id='word_1_332' title='bbox 2060 2052 2302 2119; x_wconf 72' lang='grc' dir='ltr'>ταϐολὰς</span> <span class='ocrx_word' id='word_1_333' title='bbox 2355 2061 2464 2113; x_wconf 92' lang='grc' dir='ltr'>τῶν</span> <span class='ocrx_word' id='word_1_334' title='bbox 2543 2057 2881 2134; x_wconf 61' lang='grc' dir='ltr'>πράγματυν</span> <span class='ocrx_word' id='word_1_335' title='bbox 2959 2061 3323 2135; x_wconf 73' lang='grc' dir='ltr'>ἱμειρομένων</span> <span class='ocrx_word' id='word_1_336' title='bbox 3380 2061 3541 2133; x_wconf 81' lang='grc' dir='ltr'>ὁρᾷν,</span> <span class='ocrx_word' id='word_1_337' title='bbox 3606 2064 3707 2118; x_wconf 84' lang='grc' dir='ltr'>ὑπ-</span> 
     </span>
    </p>
   </div>
   <div class='ocr_carea' id='block_1_52' title="bbox 2065 2145 3711 2227">
    <p class='ocr_par' dir='ltr' id='par_1_52' title="bbox 2065 2145 3711 2227">
     <span class='ocr_line' id='line_1_52' title="bbox 2065 2145 3711 2227; baseline 0.002 -25"><span class='ocrx_word' id='word_1_338' title='bbox 2065 2148 2318 2222; x_wconf 81' lang='grc' dir='ltr'>αχθέντα,</span> <span class='ocrx_word' id='word_1_339' title='bbox 2349 2147 2439 2202; x_wconf 78' lang='grc' dir='ltr'>καὶ</span> <span class='ocrx_word' id='word_1_340' title='bbox 2474 2147 2801 2223; x_wconf 71' lang='grc' dir='ltr'>ὑποσχέσεσι</span> <span class='ocrx_word' id='word_1_341' title='bbox 2833 2145 3051 2223; x_wconf 84' lang='grc' dir='ltr'>δωρεῶν</span> <span class='ocrx_word' id='word_1_342' title='bbox 3110 2150 3531 2226; x_wconf 86' lang='grc' dir='ltr'>παρακλαπέντα</span> <span class='ocrx_word' id='word_1_343' title='bbox 3558 2150 3711 2227; x_wconf 81' lang='grc' dir='ltr'>(ὅπερ</span> 
     </span>
    </p>
   </div>
   <div class='ocr_carea' id='block_1_53' title="bbox 2062 2236 3708 2314">
    <p class='ocr_par' dir='ltr' id='par_1_53' title="bbox 2062 2236 3708 2314">
     <span class='ocr_line' id='line_1_53' title="bbox 2062 2236 3708 2314; baseline 0.002 -22"><span class='ocrx_word' id='word_1_344' title='bbox 2062 2236 2122 2292; x_wconf 75' lang='grc' dir='ltr'>τὶ</span> <span class='ocrx_word' id='word_1_345' title='bbox 2150 2240 2247 2291; x_wconf 81' lang='grc' dir='ltr'>τοῦ</span> <span class='ocrx_word' id='word_1_346' title='bbox 2278 2238 2547 2312; x_wconf 76' lang='grc' dir='ltr'>προτέρου</span> <span class='ocrx_word' id='word_1_347' title='bbox 2582 2236 2796 2310; x_wconf 76' lang='grc' dir='ltr'>μᾶλλον</span> <span class='ocrx_word' id='word_1_348' title='bbox 2829 2239 2916 2293; x_wconf 80' lang='grc' dir='ltr'>καὶ</span> <span class='ocrx_word' id='word_1_349' title='bbox 2949 2236 3164 2314; x_wconf 82' lang='grc' dir='ltr'>λέγεται</span> <span class='ocrx_word' id='word_1_350' title='bbox 3208 2240 3298 2294; x_wconf 78' lang='grc' dir='ltr'>καὶ</span> <span class='ocrx_word' id='word_1_351' title='bbox 3356 2240 3708 2313; x_wconf 82' lang='grc' dir='ltr'>πιστεύεται),</span> 
     </span>
    </p>
   </div>
   <div class='ocr_carea' id='block_1_54' title="bbox 2066 2322 3708 2402">
    <p class='ocr_par' dir='ltr' id='par_1_54' title="bbox 2066 2322 3708 2402">
     <span class='ocr_line' id='line_1_54' title="bbox 2066 2322 3708 2402; baseline 0.002 -22"><span class='ocrx_word' id='word_1_352' title='bbox 2066 2322 2411 2400; x_wconf 80' lang='grc' dir='ltr'>δηλητήριον</span> <span class='ocrx_word' id='word_1_353' title='bbox 2443 2329 2808 2402; x_wconf 74' lang='grc' dir='ltr'>κερασάμενον</span> <span class='ocrx_word' id='word_1_354' title='bbox 2852 2329 2997 2402; x_wconf 83' lang='grc' dir='ltr'>παρᾶ</span> <span class='ocrx_word' id='word_1_355' title='bbox 3052 2329 3145 2384; x_wconf 88' lang='grc' dir='ltr'>τὸν</span> <span class='ocrx_word' id='word_1_356' title='bbox 3202 2330 3367 2385; x_wconf 89' lang='grc' dir='ltr'>πότον</span> <span class='ocrx_word' id='word_1_357' title='bbox 3428 2327 3708 2384; x_wconf 76' lang='grc' dir='ltr'>ἐπιδοῦναι</span> 
     </span>
    </p>
   </div>
   <div class='ocr_carea' id='block_1_55' title="bbox 2063 2412 3713 2497">
    <p class='ocr_par' dir='ltr' id='par_1_55' title="bbox 2063 2412 3713 2497">
     <span class='ocr_line' id='line_1_55' title="bbox 2063 2412 3713 2497; baseline 0.001 -28"><span class='ocrx_word' id='word_1_358' title='bbox 2063 2418 2143 2487; x_wconf 81' lang='grc' dir='ltr'>τῷ</span> <span class='ocrx_word' id='word_1_359' title='bbox 2200 2413 2436 2489; x_wconf 84' lang='grc' dir='ltr'>βασιλεῖ·</span> <span class='ocrx_word' id='word_1_360' title='bbox 2494 2415 2586 2470; x_wconf 85' lang='grc' dir='ltr'>τὸν</span> <span class='ocrx_word' id='word_1_361' title='bbox 2645 2412 2725 2485; x_wconf 72' lang='grc' dir='ltr'>δὲ,</span> <span class='ocrx_word' id='word_1_362' title='bbox 2790 2412 2957 2489; x_wconf 83' lang='grc' dir='ltr'>μηδέν</span> <span class='ocrx_word' id='word_1_363' title='bbox 3018 2438 3069 2471; x_wconf 91' lang='grc' dir='ltr'>τι</span> <span class='ocrx_word' id='word_1_364' title='bbox 3130 2421 3380 2473; x_wconf 79' lang='grc' dir='ltr'>τοιοῦτον</span> <span class='ocrx_word' id='word_1_365' title='bbox 3434 2419 3713 2497; x_wconf 72' lang='grc' dir='ltr'>φρασάμε-</span> 
     </span>
    </p>
   </div>
   <div class='ocr_carea' id='block_1_56' title="bbox 2063 2504 3715 2582">
    <p class='ocr_par' dir='ltr' id='par_1_56' title="bbox 2063 2504 3715 2582">
     <span class='ocr_line' id='line_1_56' title="bbox 2063 2504 3715 2582; baseline 0.004 -25"><span class='ocrx_word' id='word_1_366' title='bbox 2063 2524 2177 2574; x_wconf 91' lang='grc' dir='ltr'>νον,</span> <span class='ocrx_word' id='word_1_367' title='bbox 2234 2505 2321 2578; x_wconf 87' lang='grc' dir='ltr'>[Ρ.</span> <span class='ocrx_word' id='word_1_368' title='bbox 2384 2506 2507 2578; x_wconf 79' lang='lat' dir='ltr'>HO]</span> <span class='ocrx_word' id='word_1_369' title='bbox 2570 2505 2644 2566; x_wconf 87' lang='grc' dir='ltr'>ὡς</span> <span class='ocrx_word' id='word_1_370' title='bbox 2707 2507 2979 2580; x_wconf 72' lang='grc' dir='ltr'>σωτήριον</span> <span class='ocrx_word' id='word_1_371' title='bbox 3039 2507 3192 2581; x_wconf 85' lang='grc' dir='ltr'>πόμα</span> <span class='ocrx_word' id='word_1_372' title='bbox 3245 2508 3309 2562; x_wconf 79' lang='grc' dir='ltr'>τὸ</span> <span class='ocrx_word' id='word_1_373' title='bbox 3369 2504 3715 2582; x_wconf 77' lang='grc' dir='ltr'>δηλητήριον</span> 
     </span>
    </p>
   </div>
   <div class='ocr_carea' id='block_1_57' title="bbox 2065 2592 3711 2673">
    <p class='ocr_par' dir='ltr' id='par_1_57' title="bbox 2065 2592 3711 2673">
     <span class='ocr_line' id='line_1_57' title="bbox 2065 2592 3711 2673; baseline 0.002 -25"><span class='ocrx_word' id='word_1_374' title='bbox 2065 2592 2289 2649; x_wconf 77' lang='grc' dir='ltr'>ἐκπιεῖν.</span> <span class='ocrx_word' id='word_1_375' title='bbox 2323 2598 2399 2669; x_wconf 86' lang='grc' dir='ltr'>Τῇ</span> <span class='ocrx_word' id='word_1_376' title='bbox 2430 2597 2558 2670; x_wconf 71' lang='grc' dir='ltr'>γοῦν</span> <span class='ocrx_word' id='word_1_377' title='bbox 2586 2593 2841 2672; x_wconf 74' lang='grc' dir='ltr'>ὑστεραίᾳ</span> <span class='ocrx_word' id='word_1_378' title='bbox 2872 2598 3044 2673; x_wconf 76' lang='grc' dir='ltr'>νάρκη</span> <span class='ocrx_word' id='word_1_379' title='bbox 3102 2618 3162 2653; x_wconf 89' lang='grc' dir='ltr'>τε</span> <span class='ocrx_word' id='word_1_380' title='bbox 3217 2602 3322 2652; x_wconf 89' lang='grc' dir='ltr'>τῶν</span> <span class='ocrx_word' id='word_1_381' title='bbox 3383 2599 3564 2670; x_wconf 85' lang='grc' dir='ltr'>μελῶν</span> <span class='ocrx_word' id='word_1_382' title='bbox 3622 2596 3711 2652; x_wconf 72' lang='grc' dir='ltr'>καὶ</span> 
     </span>
    </p>
   </div>
   <div class='ocr_carea' id='block_1_58' title="bbox 2062 2683 3714 2762">
    <p class='ocr_par' dir='ltr' id='par_1_58' title="bbox 2062 2683 3714 2762">
     <span class='ocr_line' id='line_1_58' title="bbox 2062 2683 3714 2762; baseline 0.001 -24"><span class='ocrx_word' id='word_1_383' title='bbox 2062 2685 2286 2758; x_wconf 74' lang='grc' dir='ltr'>πάρεσις</span> <span class='ocrx_word' id='word_1_384' title='bbox 2343 2686 2439 2738; x_wconf 79' lang='grc' dir='ltr'>τοῦ</span> <span class='ocrx_word' id='word_1_385' title='bbox 2516 2683 2718 2747; x_wconf 89' lang='grc' dir='ltr'>παντὸς</span> <span class='ocrx_word' id='word_1_386' title='bbox 2780 2684 3033 2758; x_wconf 86' lang='grc' dir='ltr'>σώματος</span> <span class='ocrx_word' id='word_1_387' title='bbox 3082 2684 3230 2758; x_wconf 83' lang='grc' dir='ltr'>αὐτῷ</span> <span class='ocrx_word' id='word_1_388' title='bbox 3286 2684 3569 2762; x_wconf 80' lang='grc' dir='ltr'>ἐξεγένετο,</span> <span class='ocrx_word' id='word_1_389' title='bbox 3625 2685 3714 2741; x_wconf 86' lang='grc' dir='ltr'>καὶ</span> 
     </span>
    </p>
   </div>
   <div class='ocr_carea' id='block_1_59' title="bbox 2063 2771 3712 2850">
    <p class='ocr_par' dir='ltr' id='par_1_59' title="bbox 2063 2771 3712 2850">
     <span class='ocr_line' id='line_1_59' title="bbox 2063 2771 3712 2850; baseline 0.001 -23"><span class='ocrx_word' id='word_1_390' title='bbox 2063 2774 2099 2843; x_wconf 80' lang='grc' dir='ltr'><strong>ἡ</strong></span> <span class='ocrx_word' id='word_1_391' title='bbox 2130 2777 2235 2828; x_wconf 91' lang='grc' dir='ltr'>τῶν</span> <span class='ocrx_word' id='word_1_392' title='bbox 2271 2771 2470 2846; x_wconf 86' lang='grc' dir='ltr'>ίατρῶν</span> <span class='ocrx_word' id='word_1_393' title='bbox 2504 2771 2783 2848; x_wconf 72' lang='grc' dir='ltr'>ἐπιστήμη</span> <span class='ocrx_word' id='word_1_394' title='bbox 2817 2779 2895 2846; x_wconf 77' lang='grc' dir='ltr'>τῷ</span> <span class='ocrx_word' id='word_1_395' title='bbox 2933 2775 3116 2850; x_wconf 81' lang='grc' dir='ltr'>ἀθρόῳ</span> <span class='ocrx_word' id='word_1_396' title='bbox 3168 2780 3264 2831; x_wconf 76' lang='grc' dir='ltr'>τοῦ</span> <span class='ocrx_word' id='word_1_397' title='bbox 3320 2775 3524 2838; x_wconf 79' lang='grc' dir='ltr'>πάτους</span> <span class='ocrx_word' id='word_1_398' title='bbox 3584 2776 3712 2845; x_wconf 75' lang='grc' dir='ltr'>κενὴ</span> 
     </span>
    </p>
   </div>
   <div class='ocr_carea' id='block_1_60' title="bbox 2062 2860 3719 2941">
    <p class='ocr_par' dir='ltr' id='par_1_60' title="bbox 2062 2860 3719 2941">
     <span class='ocr_line' id='line_1_60' title="bbox 2062 2860 3719 2941; baseline 0.002 -23"><span class='ocrx_word' id='word_1_399' title='bbox 2062 2883 2147 2925; x_wconf 88' lang='grc' dir='ltr'>τις</span> <span class='ocrx_word' id='word_1_400' title='bbox 2176 2863 2266 2917; x_wconf 89' lang='grc' dir='ltr'>καὶ</span> <span class='ocrx_word' id='word_1_401' title='bbox 2325 2860 2598 2938; x_wconf 75' lang='grc' dir='ltr'>ἄπρακτος</span> <span class='ocrx_word' id='word_1_402' title='bbox 2620 2864 2667 2900; x_wconf 78' lang='grc'>⁸⁵</span> <span class='ocrx_word' id='word_1_403' title='bbox 2726 2862 3101 2941; x_wconf 84' lang='grc' dir='ltr'>ἀπηλέγχετο,</span> <span class='ocrx_word' id='word_1_404' title='bbox 3169 2866 3244 2939; x_wconf 79' lang='grc' dir='ltr'>μὴ</span> <span class='ocrx_word' id='word_1_405' title='bbox 3305 2860 3610 2940; x_wconf 75' lang='grc' dir='ltr'>ἀκριϐοῦσα</span> <span class='ocrx_word' id='word_1_406' title='bbox 3643 2863 3719 2921; x_wconf 86' lang='grc' dir='ltr'>δι-</span> 
     </span>
    </p>
   </div>
   <div class='ocr_carea' id='block_1_61' title="bbox 2062 2950 3720 3030">
    <p class='ocr_par' dir='ltr' id='par_1_61' title="bbox 2062 2950 3720 3030">
     <span class='ocr_line' id='line_1_61' title="bbox 2062 2950 3720 3030; baseline 0.002 -24"><span class='ocrx_word' id='word_1_407' title='bbox 2062 2950 2295 3027; x_wconf 85' lang='grc' dir='ltr'>ἀγνωσιν</span> <span class='ocrx_word' id='word_1_408' title='bbox 2325 2955 2422 3007; x_wconf 77' lang='grc' dir='ltr'>τοῦ</span> <span class='ocrx_word' id='word_1_409' title='bbox 2469 2950 2726 3008; x_wconf 85' lang='grc' dir='ltr'>τοιούτου</span> <span class='ocrx_word' id='word_1_410' title='bbox 2767 2954 3195 3027; x_wconf 85' lang='grc' dir='ltr'>συμπτώματος.</span> <span class='ocrx_word' id='word_1_411' title='bbox 3229 2955 3293 3012; x_wconf 77' lang='grc' dir='ltr'><strong>Ὀ</strong></span> <span class='ocrx_word' id='word_1_412' title='bbox 3326 2951 3383 3009; x_wconf 74' lang='grc' dir='ltr'>δὲ</span> <span class='ocrx_word' id='word_1_413' title='bbox 3442 2953 3720 3030; x_wconf 77' lang='grc' dir='ltr'>βασιλεὺς,</span> 
     </span>
    </p>
   </div>
   <div class='ocr_carea' id='block_1_62' title="bbox 2061 3039 3721 3121">
    <p class='ocr_par' dir='ltr' id='par_1_62' title="bbox 2061 3039 3721 3121">
     <span class='ocr_line' id='line_1_62' title="bbox 2061 3039 3721 3121; baseline 0.001 -26"><span class='ocrx_word' id='word_1_414' title='bbox 2061 3041 2161 3108; x_wconf 78' lang='grc' dir='ltr'>τὴν</span> <span class='ocrx_word' id='word_1_415' title='bbox 2194 3039 2461 3117; x_wconf 88' lang='grc' dir='ltr'>πρότερον</span> <span class='ocrx_word' id='word_1_416' title='bbox 2513 3040 2732 3097; x_wconf 79' lang='grc' dir='ltr'>ἐνοῦσαν</span> <span class='ocrx_word' id='word_1_417' title='bbox 2789 3043 2939 3114; x_wconf 85' lang='grc' dir='ltr'>αὐτῷ</span> <span class='ocrx_word' id='word_1_418' title='bbox 2994 3042 3306 3119; x_wconf 85' lang='grc' dir='ltr'>γιγαντώδη</span> <span class='ocrx_word' id='word_1_419' title='bbox 3368 3042 3564 3118; x_wconf 79' lang='grc' dir='ltr'>ῥώμην</span> <span class='ocrx_word' id='word_1_420' title='bbox 3593 3042 3721 3121; x_wconf 65' lang='grc' dir='ltr'>αἴφ-</span> 
     </span>
    </p>
   </div>
   <div class='ocr_carea' id='block_1_63' title="bbox 2061 3124 3716 3210">
    <p class='ocr_par' dir='ltr' id='par_1_63' title="bbox 2061 3124 3716 3210">
     <span class='ocr_line' id='line_1_63' title="bbox 2061 3124 3716 3210; baseline 0.002 -25"><span class='ocrx_word' id='word_1_421' title='bbox 2061 3126 2239 3185; x_wconf 87' lang='grc' dir='ltr'>νίδιον</span> <span class='ocrx_word' id='word_1_422' title='bbox 2266 3124 2701 3200; x_wconf 78' lang='grc' dir='ltr'>καταϐληθεῖσαν</span> <span class='ocrx_word' id='word_1_423' title='bbox 2759 3130 3105 3203; x_wconf 71' lang='grc' dir='ltr'>αἰσθόμενος,</span> <span class='ocrx_word' id='word_1_424' title='bbox 3164 3132 3426 3210; x_wconf 81' lang='grc' dir='ltr'>ἠπείγετο</span> <span class='ocrx_word' id='word_1_425' title='bbox 3471 3131 3716 3189; x_wconf 88' lang='grc' dir='ltr'>καταλα-</span> 
     </span>
    </p>
   </div>
   <div class='ocr_carea' id='block_1_64' title="bbox 293 3214 1954 3324">
    <p class='ocr_par' dir='ltr' id='par_1_64' title="bbox 293 3220 1951 3299">
     <span class='ocr_line' id='line_1_64' title="bbox 293 3220 1951 3299; baseline -0.004 -17"><span class='ocrx_word' id='word_1_426' title='bbox 293 3231 534 3299; x_wconf 88' lang='lat' dir='ltr'>pectore</span> <span class='ocrx_word' id='word_1_427' title='bbox 566 3225 841 3297; x_wconf 87' lang='lat' dir='ltr'>spiritum</span> <span class='ocrx_word' id='word_1_428' title='bbox 870 3223 1094 3279; x_wconf 86' lang='lat' dir='ltr'>ducens</span> <span class='ocrx_word' id='word_1_429' title='bbox 1115 3228 1175 3279; x_wconf 90' lang='lat' dir='ltr'>et</span> <span class='ocrx_word' id='word_1_430' title='bbox 1203 3222 1434 3278; x_wconf 85' lang='lat' dir='ltr'>efﬂans.</span> <span class='ocrx_word' id='word_1_431' title='bbox 1480 3223 1627 3277; x_wconf 90' lang='lat' dir='ltr'>Cum</span> <span class='ocrx_word' id='word_1_432' title='bbox 1658 3226 1857 3277; x_wconf 91' lang='lat' dir='ltr'>autem</span> <span class='ocrx_word' id='word_1_433' title='bbox 1888 3220 1951 3275; x_wconf 92' lang='lat' dir='ltr'>in</span> 
     </span>
    </p>
   </div>
   <div class='ocr_carea' id='block_1_65' title="bbox 2062 3214 3714 3324">
    <p class='ocr_par' dir='ltr' id='par_1_65' title="bbox 2064 3214 3714 3324">
     <span class='ocr_line' id='line_1_65' title="bbox 2064 3214 3714 3294; baseline 0.001 -19"><span class='ocrx_word' id='word_1_434' title='bbox 2064 3214 2178 3275; x_wconf 76' lang='grc' dir='ltr'>ϐεῖν</span> <span class='ocrx_word' id='word_1_435' title='bbox 2210 3220 2272 3274; x_wconf 91' lang='grc' dir='ltr'>τὸ</span> <span class='ocrx_word' id='word_1_436' title='bbox 2303 3218 2619 3288; x_wconf 81' lang='grc' dir='ltr'>Βυζάντιον·</span> <span class='ocrx_word' id='word_1_437' title='bbox 2680 3218 2976 3275; x_wconf 78' lang='grc' dir='ltr'>ἐπέσπευδε</span> <span class='ocrx_word' id='word_1_438' title='bbox 3029 3218 3088 3275; x_wconf 73' lang='grc' dir='ltr'>δὲ</span> <span class='ocrx_word' id='word_1_439' title='bbox 3142 3220 3233 3275; x_wconf 84' lang='grc' dir='ltr'>καὶ</span> <span class='ocrx_word' id='word_1_440' title='bbox 3290 3222 3390 3290; x_wconf 79' lang='grc' dir='ltr'>τήν</span> <span class='ocrx_word' id='word_1_441' title='bbox 3425 3220 3480 3276; x_wconf 79' lang='grc' dir='ltr'>ἐν</span> <span class='ocrx_word' id='word_1_442' title='bbox 3509 3227 3588 3294; x_wconf 88' lang='grc' dir='ltr'>τῷ</span> <span class='ocrx_word' id='word_1_443' title='bbox 3616 3226 3714 3277; x_wconf 76' lang='grc' dir='ltr'>τοῦ</span> 
     </span>
     <span class='ocr_line' id='line_1_66' title="bbox 2068 3306 3686 3324; baseline 0 0"><span class='ocrx_word' id='word_1_444' title='bbox 2068 3315 2104 3324; x_wconf 86' lang='grc'><strong>-</strong></span> <span class='ocrx_word' id='word_1_445' title='bbox 2196 3315 2225 3324; x_wconf 91' lang='grc'>..</span> <span class='ocrx_word' id='word_1_446' title='bbox 2450 3312 2477 3324; x_wconf 88' lang='grc'>..</span> <span class='ocrx_word' id='word_1_447' title='bbox 2563 3307 2584 3324; x_wconf 72' lang='grc' dir='ltr'><strong><em>η</em></strong></span> <span class='ocrx_word' id='word_1_448' title='bbox 2728 3309 2741 3324; x_wconf 84' lang='grc'>.</span> <span class='ocrx_word' id='word_1_449' title='bbox 2789 3309 2804 3324; x_wconf 79' lang='grc'>.</span> <span class='ocrx_word' id='word_1_450' title='bbox 2902 3306 3004 3324; x_wconf 71' lang='grc' dir='ltr'>ν..</span> <span class='ocrx_word' id='word_1_451' title='bbox 3555 3315 3583 3324; x_wconf 57' lang='grc' dir='ltr'>μ</span> <span class='ocrx_word' id='word_1_452' title='bbox 3675 3311 3686 3324; x_wconf 92' lang='grc'>.</span> 
     </span>
    </p>
   </div>
   <div class='ocr_carea' id='block_1_66' title="bbox 295 3311 1983 3387">
    <p class='ocr_par' dir='ltr' id='par_1_66' title="bbox 295 3311 1983 3387">
     <span class='ocr_line' id='line_1_67' title="bbox 295 3311 1983 3387; baseline -0.003 -17"><span class='ocrx_word' id='word_1_453' title='bbox 295 3314 588 3387; x_wconf 86' lang='lat' dir='ltr'>palatium</span> <span class='ocrx_word' id='word_1_454' title='bbox 611 3330 672 3370; x_wconf 91' lang='lat' dir='ltr'>se</span> <span class='ocrx_word' id='word_1_455' title='bbox 696 3313 1063 3381; x_wconf 90' lang='lat' dir='ltr'>contulisset,</span> <span class='ocrx_word' id='word_1_456' title='bbox 1087 3329 1314 3368; x_wconf 91' lang='lat' dir='ltr'>veneno</span> <span class='ocrx_word' id='word_1_457' title='bbox 1338 3311 1642 3368; x_wconf 89' lang='lat' dir='ltr'>confectus</span> <span class='ocrx_word' id='word_1_458' title='bbox 1652 3312 1779 3383; x_wconf 90' lang='lat' dir='ltr'>jam</span> <span class='ocrx_word' id='word_1_459' title='bbox 1797 3311 1951 3367; x_wconf 90' lang='lat' dir='ltr'>lecto</span> <span class='ocrx_word' id='word_1_460' title='bbox 1976 3372 1983 3381; x_wconf 49' lang='grc'>,</span> 
     </span>
    </p>
   </div>
   <div class='ocr_carea' id='block_1_67' title="bbox 299 3400 1955 3474">
    <p class='ocr_par' dir='ltr' id='par_1_67' title="bbox 299 3400 1955 3474">
     <span class='ocr_line' id='line_1_68' title="bbox 299 3400 1955 3474; baseline -0.002 -15"><span class='ocrx_word' id='word_1_461' title='bbox 299 3402 603 3461; x_wconf 89' lang='lat' dir='ltr'>decubuit.</span> <span class='ocrx_word' id='word_1_462' title='bbox 623 3405 711 3458; x_wconf 90' lang='lat' dir='ltr'>Ita</span> <span class='ocrx_word' id='word_1_463' title='bbox 723 3401 883 3474; x_wconf 92' lang='lat' dir='ltr'>quod</span> <span class='ocrx_word' id='word_1_464' title='bbox 907 3402 1205 3458; x_wconf 89' lang='lat' dir='ltr'>sentiebat</span> <span class='ocrx_word' id='word_1_465' title='bbox 1223 3418 1344 3457; x_wconf 91' lang='lat' dir='ltr'>non</span> <span class='ocrx_word' id='word_1_466' title='bbox 1369 3400 1801 3458; x_wconf 88' lang='lat' dir='ltr'>convaliturum</span> <span class='ocrx_word' id='word_1_467' title='bbox 1824 3416 1955 3456; x_wconf 89' lang='lat' dir='ltr'>sese</span> 
     </span>
    </p>
   </div>
   <div class='ocr_carea' id='block_1_68' title="bbox 299 3489 1958 3565">
    <p class='ocr_par' dir='ltr' id='par_1_68' title="bbox 299 3489 1958 3565">
     <span class='ocr_line' id='line_1_69' title="bbox 299 3489 1958 3565; baseline -0.002 -16"><span class='ocrx_word' id='word_1_468' title='bbox 299 3509 370 3550; x_wconf 83' lang='lat' dir='ltr'>ex</span> <span class='ocrx_word' id='word_1_469' title='bbox 411 3498 574 3550; x_wconf 90' lang='lat' dir='ltr'>tanto</span> <span class='ocrx_word' id='word_1_470' title='bbox 606 3492 815 3549; x_wconf 79' lang='lat' dir='ltr'>merbo</span> <span class='ocrx_word' id='word_1_471' title='bbox 844 3493 1009 3565; x_wconf 89' lang='lat' dir='ltr'>(nam</span> <span class='ocrx_word' id='word_1_472' title='bbox 1040 3491 1192 3548; x_wconf 66' lang='lat' dir='ltr'>foede</span> <span class='ocrx_word' id='word_1_473' title='bbox 1245 3491 1677 3564; x_wconf 88' lang='lat' dir='ltr'>depascebatur</span> <span class='ocrx_word' id='word_1_474' title='bbox 1733 3489 1958 3547; x_wconf 88' lang='lat' dir='ltr'>viscera</span> 
     </span>
    </p>
   </div>
   <div class='ocr_carea' id='block_1_69' title="bbox 292 3581 2011 3656">
    <p class='ocr_par' dir='ltr' id='par_1_69' title="bbox 292 3581 2011 3656">
     <span class='ocr_line' id='line_1_70' title="bbox 292 3581 2011 3656; baseline -0.002 -17"><span class='ocrx_word' id='word_1_475' title='bbox 292 3582 834 3656; x_wconf 88' lang='lat' dir='ltr'>penibusinsidens</span> <span class='ocrx_word' id='word_1_476' title='bbox 867 3582 1138 3653; x_wconf 89' lang='lat' dir='ltr'>malum),</span> <span class='ocrx_word' id='word_1_477' title='bbox 1169 3598 1201 3637; x_wconf 91' lang='lat' dir='ltr'>e</span> <span class='ocrx_word' id='word_1_478' title='bbox 1228 3582 1374 3638; x_wconf 85' lang='lat' dir='ltr'>ﬁsco</span> <span class='ocrx_word' id='word_1_479' title='bbox 1395 3581 1573 3653; x_wconf 89' lang='lat' dir='ltr'>plena</span> <span class='ocrx_word' id='word_1_480' title='bbox 1603 3596 1785 3636; x_wconf 90' lang='lat' dir='ltr'>manu</span> <span class='ocrx_word' id='word_1_481' title='bbox 1815 3581 1957 3636; x_wconf 88' lang='lat' dir='ltr'>hau-</span> <span class='ocrx_word' id='word_1_482' title='bbox 1993 3621 2011 3636; x_wconf 77' lang='grc'>.</span> 
     </span>
    </p>
   </div>
   <div class='ocr_carea' id='block_1_70' title="bbox 297 3669 1955 3747">
    <p class='ocr_par' dir='ltr' id='par_1_70' title="bbox 297 3669 1955 3747">
     <span class='ocr_line' id='line_1_71' title="bbox 297 3669 1955 3747; baseline -0.001 -19"><span class='ocrx_word' id='word_1_483' title='bbox 297 3673 458 3729; x_wconf 89' lang='lat' dir='ltr'>riens</span> <span class='ocrx_word' id='word_1_484' title='bbox 491 3672 841 3747; x_wconf 87' lang='lat' dir='ltr'>largitiones</span> <span class='ocrx_word' id='word_1_485' title='bbox 871 3669 1025 3726; x_wconf 80' lang='grc'>178</span> <span class='ocrx_word' id='word_1_486' title='bbox 1057 3670 1201 3725; x_wconf 87' lang='lat' dir='ltr'>fecit</span> <span class='ocrx_word' id='word_1_487' title='bbox 1228 3687 1363 3726; x_wconf 91' lang='lat' dir='ltr'>cum</span> <span class='ocrx_word' id='word_1_488' title='bbox 1389 3670 1451 3725; x_wconf 94' lang='lat' dir='ltr'>in</span> <span class='ocrx_word' id='word_1_489' title='bbox 1482 3686 1796 3743; x_wconf 90' lang='lat' dir='ltr'>pauperes,</span> <span class='ocrx_word' id='word_1_490' title='bbox 1830 3674 1955 3726; x_wconf 90' lang='lat' dir='ltr'>tum</span> 
     </span>
    </p>
   </div>
   <div class='ocr_carea' id='block_1_71' title="bbox 294 3758 1955 3832">
    <p class='ocr_par' dir='ltr' id='par_1_71' title="bbox 294 3758 1955 3832">
     <span class='ocr_line' id='line_1_72' title="bbox 294 3758 1955 3832; baseline -0.002 -13"><span class='ocrx_word' id='word_1_491' title='bbox 294 3764 554 3819; x_wconf 82' lang='lat' dir='ltr'>maxime</span> <span class='ocrx_word' id='word_1_492' title='bbox 572 3763 635 3818; x_wconf 91' lang='lat' dir='ltr'>in</span> <span class='ocrx_word' id='word_1_493' title='bbox 668 3762 937 3832; x_wconf 83' lang='lat' dir='ltr'>leprosos</span> <span class='ocrx_word' id='word_1_494' title='bbox 955 3760 1230 3831; x_wconf 81' lang='lat' dir='ltr'>iilosque,</span> <span class='ocrx_word' id='word_1_495' title='bbox 1248 3760 1350 3831; x_wconf 92' lang='lat' dir='ltr'>qui</span> <span class='ocrx_word' id='word_1_496' title='bbox 1373 3759 1553 3815; x_wconf 88' lang='lat' dir='ltr'>adesa</span> <span class='ocrx_word' id='word_1_497' title='bbox 1573 3758 1731 3815; x_wconf 88' lang='lat' dir='ltr'>mala</span> <span class='ocrx_word' id='word_1_498' title='bbox 1760 3758 1955 3815; x_wconf 87' lang='lat' dir='ltr'>scabie</span> 
     </span>
    </p>
   </div>
   <div class='ocr_carea' id='block_1_72' title="bbox 300 3848 1959 3925">
    <p class='ocr_par' dir='ltr' id='par_1_72' title="bbox 300 3848 1959 3925">
     <span class='ocr_line' id='line_1_73' title="bbox 300 3848 1959 3925; baseline -0.005 -15"><span class='ocrx_word' id='word_1_499' title='bbox 300 3870 552 3925; x_wconf 90' lang='lat' dir='ltr'>corpora</span> <span class='ocrx_word' id='word_1_500' title='bbox 581 3850 1029 3917; x_wconf 84' lang='lat' dir='ltr'>circumferunt,</span> <span class='ocrx_word' id='word_1_501' title='bbox 1086 3866 1236 3920; x_wconf 91' lang='lat' dir='ltr'>quos</span> <span class='ocrx_word' id='word_1_502' title='bbox 1278 3854 1496 3922; x_wconf 63' lang='lat' dir='ltr'>praeter</span> <span class='ocrx_word' id='word_1_503' title='bbox 1523 3854 1769 3905; x_wconf 65' lang='lat' dir='ltr'>caeteros</span> <span class='ocrx_word' id='word_1_504' title='bbox 1800 3848 1959 3903; x_wconf 90' lang='lat' dir='ltr'>indi-</span> 
     </span>
    </p>
   </div>
   <div class='ocr_carea' id='block_1_73' title="bbox 300 3938 1958 4017">
    <p class='ocr_par' dir='ltr' id='par_1_73' title="bbox 300 3938 1958 4017">
     <span class='ocr_line' id='line_1_74' title="bbox 300 3938 1958 4017; baseline -0.004 -18"><span class='ocrx_word' id='word_1_505' title='bbox 300 3950 509 4017; x_wconf 84' lang='lat' dir='ltr'>gentes</span> <span class='ocrx_word' id='word_1_506' title='bbox 536 3944 917 4015; x_wconf 88' lang='lat' dir='ltr'>paramanter</span> <span class='ocrx_word' id='word_1_507' title='bbox 940 3939 1309 3995; x_wconf 86' lang='lat' dir='ltr'>observabat.</span> <span class='ocrx_word' id='word_1_508' title='bbox 1337 3941 1707 3994; x_wconf 89' lang='lat' dir='ltr'>lntrovocato</span> <span class='ocrx_word' id='word_1_509' title='bbox 1740 3938 1958 3994; x_wconf 90' lang='lat' dir='ltr'>deinde</span> 
     </span>
    </p>
   </div>
   <div class='ocr_carea' id='block_1_74' title="bbox 299 4026 1959 4100">
    <p class='ocr_par' dir='ltr' id='par_1_74' title="bbox 299 4026 1959 4100">
     <span class='ocr_line' id='line_1_75' title="bbox 299 4026 1959 4100; baseline -0.005 -10"><span class='ocrx_word' id='word_1_510' title='bbox 299 4032 565 4097; x_wconf 85' lang='lat' dir='ltr'>Nicolao,</span> <span class='ocrx_word' id='word_1_511' title='bbox 588 4027 1005 4100; x_wconf 83' lang='lat' dir='ltr'>Adrianopolis</span> <span class='ocrx_word' id='word_1_512' title='bbox 1026 4027 1300 4094; x_wconf 89' lang='lat' dir='ltr'>antistiti,</span> <span class='ocrx_word' id='word_1_513' title='bbox 1323 4026 1446 4082; x_wconf 87' lang='lat' dir='ltr'>viro</span> <span class='ocrx_word' id='word_1_514' title='bbox 1479 4026 1675 4081; x_wconf 86' lang='lat' dir='ltr'>divino</span> <span class='ocrx_word' id='word_1_515' title='bbox 1705 4042 1772 4083; x_wconf 89' lang='lat' dir='ltr'>ac</span> <span class='ocrx_word' id='word_1_516' title='bbox 1793 4042 1959 4082; x_wconf 87' lang='lat' dir='ltr'>reve-</span> 
     </span>
    </p>
   </div>
   <div class='ocr_carea' id='block_1_75' title="bbox 294 4116 1959 4190">
    <p class='ocr_par' dir='ltr' id='par_1_75' title="bbox 294 4116 1959 4190">
     <span class='ocr_line' id='line_1_76' title="bbox 294 4116 1959 4190; baseline -0.004 -11"><span class='ocrx_word' id='word_1_517' title='bbox 294 4121 507 4190; x_wconf 87' lang='lat' dir='ltr'>rendo,</span> <span class='ocrx_word' id='word_1_518' title='bbox 542 4120 895 4177; x_wconf 88' lang='lat' dir='ltr'>commissos</span> <span class='ocrx_word' id='word_1_519' title='bbox 926 4134 961 4175; x_wconf 90' lang='lat' dir='ltr'>a</span> <span class='ocrx_word' id='word_1_520' title='bbox 1005 4134 1066 4173; x_wconf 91' lang='lat' dir='ltr'>se</span> <span class='ocrx_word' id='word_1_521' title='bbox 1097 4118 1160 4172; x_wconf 91' lang='lat' dir='ltr'>in</span> <span class='ocrx_word' id='word_1_522' title='bbox 1190 4118 1321 4173; x_wconf 63' lang='lat' dir='ltr'>vita:</span> <span class='ocrx_word' id='word_1_523' title='bbox 1376 4116 1673 4174; x_wconf 90' lang='lat' dir='ltr'>curriculo</span> <span class='ocrx_word' id='word_1_524' title='bbox 1725 4132 1959 4173; x_wconf 91' lang='lat' dir='ltr'>errores</span> 
     </span>
    </p>
   </div>
   <div class='ocr_carea' id='block_1_76' title="bbox 294 4205 1959 4286">
    <p class='ocr_par' dir='ltr' id='par_1_76' title="bbox 294 4205 1959 4286">
     <span class='ocr_line' id='line_1_77' title="bbox 294 4205 1959 4286; baseline -0.004 -18"><span class='ocrx_word' id='word_1_525' title='bbox 294 4211 595 4286; x_wconf 81' lang='lat' dir='ltr'>patefecit.</span> <span class='ocrx_word' id='word_1_526' title='bbox 612 4209 848 4282; x_wconf 84' lang='lat' dir='ltr'>vimque</span> <span class='ocrx_word' id='word_1_527' title='bbox 870 4209 1270 4280; x_wconf 85' lang='lat' dir='ltr'>lacrymarum</span> <span class='ocrx_word' id='word_1_528' title='bbox 1293 4206 1483 4263; x_wconf 91' lang='lat' dir='ltr'>oculis</span> <span class='ocrx_word' id='word_1_529' title='bbox 1512 4205 1797 4278; x_wconf 86' lang='lat' dir='ltr'>profudit,</span> <span class='ocrx_word' id='word_1_530' title='bbox 1812 4222 1959 4278; x_wconf 91' lang='lat' dir='ltr'>qua-</span> 
     </span>
    </p>
   </div>
   <div class='ocr_carea' id='block_1_77' title="bbox 293 4294 1962 4366">
    <p class='ocr_par' dir='ltr' id='par_1_77' title="bbox 293 4294 1962 4366">
     <span class='ocr_line' id='line_1_78' title="bbox 293 4294 1962 4366; baseline -0.004 -11"><span class='ocrx_word' id='word_1_531' title='bbox 293 4315 429 4355; x_wconf 88' lang='lat' dir='ltr'>rum</span> <span class='ocrx_word' id='word_1_532' title='bbox 445 4298 741 4355; x_wconf 89' lang='lat' dir='ltr'>lavatione</span> <span class='ocrx_word' id='word_1_533' title='bbox 765 4295 929 4352; x_wconf 86' lang='lat' dir='ltr'>labes</span> <span class='ocrx_word' id='word_1_534' title='bbox 943 4295 1269 4366; x_wconf 88' lang='lat' dir='ltr'>sordesque</span> <span class='ocrx_word' id='word_1_535' title='bbox 1282 4299 1661 4366; x_wconf 88' lang='lat' dir='ltr'>peccatorum</span> <span class='ocrx_word' id='word_1_536' title='bbox 1681 4294 1962 4349; x_wconf 86' lang='lat' dir='ltr'>abstersit</span> 
     </span>
    </p>
   </div>
   <div class='ocr_carea' id='block_1_78' title="bbox 298 4383 1957 4457">
    <p class='ocr_par' dir='ltr' id='par_1_78' title="bbox 298 4383 1957 4457">
     <span class='ocr_line' id='line_1_79' title="bbox 298 4383 1957 4457; baseline -0.005 -10"><span class='ocrx_word' id='word_1_537' title='bbox 298 4389 575 4447; x_wconf 86' lang='lat' dir='ltr'>invocata</span> <span class='ocrx_word' id='word_1_538' title='bbox 601 4387 702 4444; x_wconf 91' lang='lat' dir='ltr'>Dei</span> <span class='ocrx_word' id='word_1_539' title='bbox 737 4388 937 4453; x_wconf 87' lang='lat' dir='ltr'>Matre,</span> <span class='ocrx_word' id='word_1_540' title='bbox 971 4390 1038 4440; x_wconf 90' lang='lat' dir='ltr'>ut</span> <span class='ocrx_word' id='word_1_541' title='bbox 1065 4384 1128 4440; x_wconf 89' lang='lat' dir='ltr'>in</span> <span class='ocrx_word' id='word_1_542' title='bbox 1155 4383 1250 4440; x_wconf 90' lang='lat' dir='ltr'>die</span> <span class='ocrx_word' id='word_1_543' title='bbox 1269 4383 1484 4457; x_wconf 90' lang='lat' dir='ltr'>judicii</span> <span class='ocrx_word' id='word_1_544' title='bbox 1505 4389 1823 4457; x_wconf 91' lang='lat' dir='ltr'>patronum</span> <span class='ocrx_word' id='word_1_545' title='bbox 1844 4383 1957 4439; x_wconf 91' lang='lat' dir='ltr'>sibi</span> 
     </span>
    </p>
   </div>
   <div class='ocr_carea' id='block_1_79' title="bbox 295 4473 1961 4550">
    <p class='ocr_par' dir='ltr' id='par_1_79' title="bbox 295 4473 1961 4550">
     <span class='ocr_line' id='line_1_80' title="bbox 295 4473 1961 4550; baseline -0.003 -15"><span class='ocrx_word' id='word_1_546' title='bbox 295 4479 613 4546; x_wconf 88' lang='lat' dir='ltr'>inveniret,</span> <span class='ocrx_word' id='word_1_547' title='bbox 647 4477 886 4550; x_wconf 90' lang='lat' dir='ltr'>quando</span> <span class='ocrx_word' id='word_1_548' title='bbox 917 4491 1119 4532; x_wconf 89' lang='lat' dir='ltr'>coram</span> <span class='ocrx_word' id='word_1_549' title='bbox 1152 4474 1347 4530; x_wconf 89' lang='lat' dir='ltr'>divino</span> <span class='ocrx_word' id='word_1_550' title='bbox 1382 4474 1512 4546; x_wconf 91' lang='lat' dir='ltr'>ejus</span> <span class='ocrx_word' id='word_1_551' title='bbox 1542 4473 1690 4529; x_wconf 91' lang='lat' dir='ltr'>Filio</span> <span class='ocrx_word' id='word_1_552' title='bbox 1735 4475 1961 4530; x_wconf 89' lang='lat' dir='ltr'>trutina</span> 
     </span>
    </p>
   </div>
   <div class='ocr_carea' id='block_1_80' title="bbox 298 4563 1957 4642">
    <p class='ocr_par' dir='ltr' id='par_1_80' title="bbox 298 4563 1957 4642">
     <span class='ocr_line' id='line_1_81' title="bbox 298 4563 1957 4642; baseline -0.004 -18"><span class='ocrx_word' id='word_1_553' title='bbox 298 4567 787 4642; x_wconf 87' lang='lat' dir='ltr'>ponderibusque</span> <span class='ocrx_word' id='word_1_554' title='bbox 818 4565 1181 4636; x_wconf 86' lang='lat' dir='ltr'>incorruptis</span> <span class='ocrx_word' id='word_1_555' title='bbox 1211 4565 1477 4620; x_wconf 88' lang='lat' dir='ltr'>actiones</span> <span class='ocrx_word' id='word_1_556' title='bbox 1502 4563 1849 4620; x_wconf 85' lang='lat' dir='ltr'>mortalium</span> <span class='ocrx_word' id='word_1_557' title='bbox 1884 4563 1957 4619; x_wconf 87' lang='lat' dir='ltr'>li-</span> 
     </span>
    </p>
   </div>
   <div class='ocr_carea' id='block_1_81' title="bbox 299 4633 1954 4731">
    <p class='ocr_par' dir='ltr' id='par_1_81' title="bbox 299 4633 1954 4720">
     <span class='ocr_line' id='line_1_82' title="bbox 299 4633 1954 4720; baseline -0.002 -9"><span class='ocrx_word' id='word_1_558' title='bbox 299 4633 652 4712; x_wconf 76' lang='lat' dir='ltr'>brabantur.</span> <span class='ocrx_word' id='word_1_559' title='bbox 687 4657 874 4720; x_wconf 88' lang='lat' dir='ltr'>Quam</span> <span class='ocrx_word' id='word_1_560' title='bbox 906 4633 1346 4709; x_wconf 80' lang='lat' dir='ltr'>confessionem</span> <span class='ocrx_word' id='word_1_561' title='bbox 1369 4651 1469 4707; x_wconf 90' lang='lat' dir='ltr'>ubi</span> <span class='ocrx_word' id='word_1_562' title='bbox 1496 4652 1729 4707; x_wconf 89' lang='lat' dir='ltr'>intenta</span> <span class='ocrx_word' id='word_1_563' title='bbox 1758 4657 1954 4708; x_wconf 86' lang='lat' dir='ltr'>mente</span> 
     </span>
    </p>
   </div>
   <div class='ocr_carea' id='block_1_82' title="bbox 2062 4633 2629 4731">
    <p class='ocr_par' dir='ltr' id='par_1_82' title="bbox 2068 4633 2629 4731">
     <span class='ocr_line' id='line_1_83' title="bbox 2068 4633 2629 4731; baseline -0.004 -19"><span class='ocrx_word' id='word_1_564' title='bbox 2068 4633 2582 4731; x_wconf 68' lang='grc' dir='ltr'>’Ᾰδριανουπόλεως</span> <span class='ocrx_word' id='word_1_565' title='bbox 2615 4699 2629 4724; x_wconf 90' lang='grc'>,</span> 
     </span>
    </p>
   </div>
   <div class='ocr_carea' id='block_1_83' title="bbox 299 4741 1956 4816">
    <p class='ocr_par' dir='ltr' id='par_1_83' title="bbox 299 4741 1956 4816">
     <span class='ocr_line' id='line_1_84' title="bbox 299 4741 1956 4816; baseline -0.002 -15"><span class='ocrx_word' id='word_1_566' title='bbox 299 4750 477 4816; x_wconf 85' lang='lat' dir='ltr'>atque</span> <span class='ocrx_word' id='word_1_567' title='bbox 508 4745 708 4799; x_wconf 89' lang='lat' dir='ltr'>animo</span> <span class='ocrx_word' id='word_1_568' title='bbox 758 4743 1015 4798; x_wconf 89' lang='lat' dir='ltr'>contrito</span> <span class='ocrx_word' id='word_1_569' title='bbox 1072 4742 1398 4813; x_wconf 89' lang='lat' dir='ltr'>imperator</span> <span class='ocrx_word' id='word_1_570' title='bbox 1449 4741 1692 4806; x_wconf 88' lang='lat' dir='ltr'>fecerat,</span> <span class='ocrx_word' id='word_1_571' title='bbox 1744 4758 1815 4797; x_wconf 86' lang='lat' dir='ltr'>ex</span> <span class='ocrx_word' id='word_1_572' title='bbox 1847 4742 1956 4797; x_wconf 90' lang='lat' dir='ltr'>hac</span> 
     </span>
    </p>
   </div>
   <div class='ocr_carea' id='block_1_84' title="bbox 294 4827 1957 4903">
    <p class='ocr_par' dir='ltr' id='par_1_84' title="bbox 294 4827 1957 4903">
     <span class='ocr_line' id='line_1_85' title="bbox 294 4827 1957 4903; baseline -0.001 -14"><span class='ocrx_word' id='word_1_573' title='bbox 294 4834 415 4889; x_wconf 86' lang='lat' dir='ltr'>vita</span> <span class='ocrx_word' id='word_1_574' title='bbox 444 4832 738 4897; x_wconf 88' lang='lat' dir='ltr'>discessit,</span> <span class='ocrx_word' id='word_1_575' title='bbox 775 4837 834 4886; x_wconf 90' lang='lat' dir='ltr'>et</span> <span class='ocrx_word' id='word_1_576' title='bbox 862 4831 935 4886; x_wconf 91' lang='lat' dir='ltr'>ad</span> <span class='ocrx_word' id='word_1_577' title='bbox 968 4831 1235 4903; x_wconf 89' lang='lat' dir='ltr'>requiem</span> <span class='ocrx_word' id='word_1_578' title='bbox 1274 4847 1425 4896; x_wconf 88' lang='lat' dir='ltr'>sese,</span> <span class='ocrx_word' id='word_1_579' title='bbox 1469 4848 1600 4903; x_wconf 74' lang='lat' dir='ltr'>qum</span> <span class='ocrx_word' id='word_1_580' title='bbox 1648 4827 1813 4887; x_wconf 43' lang='lat' dir='ltr'>&quot;ultra</span> <span class='ocrx_word' id='word_1_581' title='bbox 1846 4837 1957 4903; x_wconf 87' lang='lat' dir='ltr'>est,</span> 
     </span>
    </p>
   </div>
   <div class='ocr_carea' id='block_1_85' title="bbox 295 4919 1957 4990">
    <p class='ocr_par' dir='ltr' id='par_1_85' title="bbox 295 4919 1957 4990">
     <span class='ocr_line' id='line_1_86' title="bbox 295 4919 1957 4990; baseline -0.001 -9"><span class='ocrx_word' id='word_1_582' title='bbox 295 4922 625 4988; x_wconf 86' lang='lat' dir='ltr'>transtulit,</span> <span class='ocrx_word' id='word_1_583' title='bbox 641 4921 737 4977; x_wconf 89' lang='lat' dir='ltr'>die</span> <span class='ocrx_word' id='word_1_584' title='bbox 767 4920 1031 4978; x_wconf 87' lang='lat' dir='ltr'>Januarii</span> <span class='ocrx_word' id='word_1_585' title='bbox 1060 4919 1313 4985; x_wconf 88' lang='lat' dir='ltr'>decima,</span> <span class='ocrx_word' id='word_1_586' title='bbox 1345 4919 1673 4977; x_wconf 90' lang='lat' dir='ltr'>indictione</span> <span class='ocrx_word' id='word_1_587' title='bbox 1690 4938 1765 4990; x_wconf 81' lang='grc' dir='ltr'>ιν,</span> <span class='ocrx_word' id='word_1_588' title='bbox 1797 4939 1957 4980; x_wconf 91' lang='lat' dir='ltr'>anno</span> 
     </span>
    </p>
   </div>
   <div class='ocr_carea' id='block_1_86' title="bbox 297 5010 1956 5086">
    <p class='ocr_par' dir='ltr' id='par_1_86' title="bbox 297 5010 1956 5086">
     <span class='ocr_line' id='line_1_87' title="bbox 297 5010 1956 5086; baseline -0.002 -14"><span class='ocrx_word' id='word_1_589' title='bbox 297 5031 402 5073; x_wconf 88' lang='lat' dir='ltr'>sex</span> <span class='ocrx_word' id='word_1_590' title='bbox 431 5012 755 5072; x_wconf 86' lang='lat' dir='ltr'>millesimo</span> <span class='ocrx_word' id='word_1_591' title='bbox 777 5010 1332 5085; x_wconf 86' lang='lat' dir='ltr'>quadingentesimo</span> <span class='ocrx_word' id='word_1_592' title='bbox 1351 5013 1710 5086; x_wconf 88' lang='lat' dir='ltr'>octogesimo</span> <span class='ocrx_word' id='word_1_593' title='bbox 1725 5014 1956 5084; x_wconf 91' lang='lat' dir='ltr'>quinto.</span> 
     </span>
    </p>
   </div>
   <div class='ocr_carea' id='block_1_87' title="bbox 2066 3306 3718 3383">
    <p class='ocr_par' dir='ltr' id='par_1_87' title="bbox 2066 3306 3718 3383">
     <span class='ocr_line' id='line_1_88' title="bbox 2066 3306 3718 3383; baseline 0 -19"><span class='ocrx_word' id='word_1_594' title='bbox 2066 3315 2326 3382; x_wconf 81' lang='grc' dir='ltr'>Σωτῆρος</span> <span class='ocrx_word' id='word_1_595' title='bbox 2386 3312 2512 3381; x_wconf 79' lang='grc' dir='ltr'>νεῷ,</span> <span class='ocrx_word' id='word_1_596' title='bbox 2563 3307 2621 3363; x_wconf 83' lang='grc' dir='ltr'>’ὸν</span> <span class='ocrx_word' id='word_1_597' title='bbox 2681 3309 2843 3372; x_wconf 82' lang='grc' dir='ltr'>αὐτὸς</span> <span class='ocrx_word' id='word_1_598' title='bbox 2899 3306 3195 3383; x_wconf 69' lang='grc' dir='ltr'>ἐδείματο,</span> <span class='ocrx_word' id='word_1_599' title='bbox 3253 3311 3718 3383; x_wconf 87' lang='grc' dir='ltr'>κατασκευαζομέ-</span> 
     </span>
    </p>
   </div>
   <div class='ocr_carea' id='block_1_88' title="bbox 2058 3397 3715 3475">
    <p class='ocr_par' dir='ltr' id='par_1_88' title="bbox 2058 3397 3715 3475">
     <span class='ocr_line' id='line_1_89' title="bbox 2058 3397 3715 3475; baseline -0.001 -21"><span class='ocrx_word' id='word_1_600' title='bbox 2058 3419 2156 3469; x_wconf 90' lang='grc' dir='ltr'>νην</span> <span class='ocrx_word' id='word_1_601' title='bbox 2189 3402 2269 3471; x_wconf 81' lang='grc' dir='ltr'>τῷ</span> <span class='ocrx_word' id='word_1_602' title='bbox 2300 3397 2561 3472; x_wconf 85' lang='grc' dir='ltr'>σωματίῳ</span> <span class='ocrx_word' id='word_1_603' title='bbox 2589 3397 2786 3454; x_wconf 86' lang='grc' dir='ltr'>τούτου</span> <span class='ocrx_word' id='word_1_604' title='bbox 2837 3398 2996 3474; x_wconf 83' lang='grc' dir='ltr'>σορὸν</span> <span class='ocrx_word' id='word_1_605' title='bbox 3056 3399 3455 3475; x_wconf 80' lang='grc' dir='ltr'>ἀπαρτισθῆναι</span> <span class='ocrx_word' id='word_1_606' title='bbox 3487 3398 3562 3463; x_wconf 85' lang='grc' dir='ltr'>ὡς</span> <span class='ocrx_word' id='word_1_607' title='bbox 3616 3399 3715 3452; x_wconf 77' lang='grc' dir='ltr'>τά-</span> 
     </span>
    </p>
   </div>
   <div class='ocr_carea' id='block_1_89' title="bbox 2059 3485 3712 3568">
    <p class='ocr_par' dir='ltr' id='par_1_89' title="bbox 2059 3485 3712 3568">
     <span class='ocr_line' id='line_1_90' title="bbox 2059 3485 3712 3568; baseline 0 -26"><span class='ocrx_word' id='word_1_608' title='bbox 2059 3508 2244 3568; x_wconf 86' lang='grc' dir='ltr'>χιστα.</span> <span class='ocrx_word' id='word_1_609' title='bbox 2280 3487 2567 3551; x_wconf 89' lang='grc' dir='ltr'>Συντείνας</span> <span class='ocrx_word' id='word_1_610' title='bbox 2626 3485 2685 3544; x_wconf 69' lang='grc' dir='ltr'>δέ</span> <span class='ocrx_word' id='word_1_611' title='bbox 2732 3490 2831 3559; x_wconf 75' lang='grc' dir='ltr'>τὴν</span> <span class='ocrx_word' id='word_1_612' title='bbox 2889 3485 3236 3564; x_wconf 82' lang='grc' dir='ltr'>ὁδοιπορίαν,</span> <span class='ocrx_word' id='word_1_613' title='bbox 3297 3487 3351 3551; x_wconf 85' lang='grc' dir='ltr'>ές</span> <span class='ocrx_word' id='word_1_614' title='bbox 3394 3488 3495 3557; x_wconf 77' lang='grc' dir='ltr'>τὴν</span> <span class='ocrx_word' id='word_1_615' title='bbox 3559 3490 3712 3564; x_wconf 83' lang='grc' dir='ltr'>βασι-</span> 
     </span>
    </p>
   </div>
   <div class='ocr_carea' id='block_1_90' title="bbox 2060 3577 3713 3659">
    <p class='ocr_par' dir='ltr' id='par_1_90' title="bbox 2060 3577 3713 3659">
     <span class='ocr_line' id='line_1_91' title="bbox 2060 3577 3713 3659; baseline -0.002 -22"><span class='ocrx_word' id='word_1_616' title='bbox 2060 3579 2321 3637; x_wconf 84' lang='grc' dir='ltr'>λεύουσαν</span> <span class='ocrx_word' id='word_1_617' title='bbox 2351 3579 2477 3649; x_wconf 81' lang='grc' dir='ltr'>ἧκε,</span> <span class='ocrx_word' id='word_1_618' title='bbox 2511 3578 2864 3659; x_wconf 70' lang='grc' dir='ltr'>φιλοφρόνως</span> <span class='ocrx_word' id='word_1_619' title='bbox 2894 3579 2989 3653; x_wconf 71' lang='grc' dir='ltr'>μὲν</span> <span class='ocrx_word' id='word_1_620' title='bbox 3047 3577 3375 3656; x_wconf 79' lang='grc' dir='ltr'>ὑποδεχθεὶς</span> <span class='ocrx_word' id='word_1_621' title='bbox 3429 3580 3564 3652; x_wconf 83' lang='grc' dir='ltr'>πρὸς</span> <span class='ocrx_word' id='word_1_622' title='bbox 3602 3582 3713 3633; x_wconf 89' lang='grc' dir='ltr'>τῶν</span> 
     </span>
    </p>
   </div>
   <div class='ocr_carea' id='block_1_91' title="bbox 2059 3665 3715 3746">
    <p class='ocr_par' dir='ltr' id='par_1_91' title="bbox 2059 3665 3715 3746">
     <span class='ocr_line' id='line_1_92' title="bbox 2059 3665 3715 3746; baseline -0.003 -21"><span class='ocrx_word' id='word_1_623' title='bbox 2059 3669 2314 3738; x_wconf 79' lang='grc' dir='ltr'>ἀστικῶν,</span> <span class='ocrx_word' id='word_1_624' title='bbox 2361 3666 2767 3746; x_wconf 84' lang='grc' dir='ltr'>ὀλιγοδρανέων</span> <span class='ocrx_word' id='word_1_625' title='bbox 2821 3666 2878 3723; x_wconf 77' lang='grc' dir='ltr'>δὲ</span> <span class='ocrx_word' id='word_1_626' title='bbox 2932 3666 3067 3740; x_wconf 81' lang='grc' dir='ltr'>ἤδη,</span> <span class='ocrx_word' id='word_1_627' title='bbox 3124 3668 3214 3724; x_wconf 82' lang='grc' dir='ltr'>καὶ</span> <span class='ocrx_word' id='word_1_628' title='bbox 3270 3667 3452 3741; x_wconf 79' lang='grc' dir='ltr'>ἆσθμα</span> <span class='ocrx_word' id='word_1_629' title='bbox 3517 3665 3715 3742; x_wconf 75' lang='grc' dir='ltr'>μύχιον</span> 
     </span>
    </p>
   </div>
   <div class='ocr_carea' id='block_1_92' title="bbox 2060 3756 3713 3835">
    <p class='ocr_par' dir='ltr' id='par_1_92' title="bbox 2060 3756 3713 3835">
     <span class='ocr_line' id='line_1_93' title="bbox 2060 3756 3713 3835; baseline -0.001 -20"><span class='ocrx_word' id='word_1_630' title='bbox 2060 3759 2150 3815; x_wconf 84' lang='grc' dir='ltr'>καὶ</span> <span class='ocrx_word' id='word_1_631' title='bbox 2233 3756 2602 3833; x_wconf 83' lang='grc' dir='ltr'>δυσπρόσοδον</span> <span class='ocrx_word' id='word_1_632' title='bbox 2685 3761 2987 3835; x_wconf 88' lang='grc' dir='ltr'>περιπνέων</span> <span class='ocrx_word' id='word_1_633' title='bbox 3072 3758 3163 3813; x_wconf 78' lang='grc' dir='ltr'>καὶ</span> <span class='ocrx_word' id='word_1_634' title='bbox 3232 3757 3713 3829; x_wconf 84' lang='grc' dir='ltr'>ἀναπεμπόμενος.</span> 
     </span>
    </p>
   </div>
   <div class='ocr_carea' id='block_1_93' title="bbox 2059 3845 3718 3924">
    <p class='ocr_par' dir='ltr' id='par_1_93' title="bbox 2059 3845 3718 3924">
     <span class='ocr_line' id='line_1_94' title="bbox 2059 3845 3718 3924; baseline -0.002 -19"><span class='ocrx_word' id='word_1_635' title='bbox 2059 3855 2221 3923; x_wconf 78' lang='grc' dir='ltr'>Ἀρτι</span> <span class='ocrx_word' id='word_1_636' title='bbox 2280 3845 2338 3903; x_wconf 77' lang='grc' dir='ltr'>δὶ</span> <span class='ocrx_word' id='word_1_637' title='bbox 2396 3848 2472 3910; x_wconf 72' lang='grc' dir='ltr'>εἷς</span> <span class='ocrx_word' id='word_1_638' title='bbox 2525 3849 2626 3916; x_wconf 80' lang='grc' dir='ltr'>τὴν</span> <span class='ocrx_word' id='word_1_639' title='bbox 2685 3849 3045 3924; x_wconf 82' lang='grc' dir='ltr'>ἀνακτορικήν</span> <span class='ocrx_word' id='word_1_640' title='bbox 3102 3848 3279 3902; x_wconf 71' lang='grc' dir='ltr'>ἑστίαν</span> <span class='ocrx_word' id='word_1_641' title='bbox 3339 3846 3718 3923; x_wconf 84' lang='grc' dir='ltr'>πεφοιτηκὼς,</span> 
     </span>
    </p>
   </div>
   <div class='ocr_carea' id='block_1_94' title="bbox 2060 3934 3708 4012">
    <p class='ocr_par' dir='ltr' id='par_1_94' title="bbox 2060 3934 3708 4012">
     <span class='ocr_line' id='line_1_95' title="bbox 2060 3934 3708 4012; baseline 0.001 -21"><span class='ocrx_word' id='word_1_642' title='bbox 2060 3934 2391 4004; x_wconf 81' lang='grc' dir='ltr'>κλινοπετὴς</span> <span class='ocrx_word' id='word_1_643' title='bbox 2420 3934 2712 4005; x_wconf 82' lang='grc' dir='ltr'>ἐδείκνυτο,</span> <span class='ocrx_word' id='word_1_644' title='bbox 2742 3940 2822 4007; x_wconf 83' lang='grc' dir='ltr'>τῷ</span> <span class='ocrx_word' id='word_1_645' title='bbox 2879 3937 3152 4012; x_wconf 81' lang='grc' dir='ltr'>φαρμάκῳ</span> <span class='ocrx_word' id='word_1_646' title='bbox 3208 3935 3708 4008; x_wconf 83' lang='grc' dir='ltr'>καταπονούμενος.</span> 
     </span>
    </p>
   </div>
   <div class='ocr_carea' id='block_1_95' title="bbox 2066 4022 3714 4105">
    <p class='ocr_par' dir='ltr' id='par_1_95' title="bbox 2066 4022 3714 4105">
     <span class='ocr_line' id='line_1_96' title="bbox 2066 4022 3714 4105; baseline 0.001 -26"><span class='ocrx_word' id='word_1_647' title='bbox 2066 4025 2276 4089; x_wconf 82' lang='grc' dir='ltr'>Συνιεὶς</span> <span class='ocrx_word' id='word_1_648' title='bbox 2314 4022 2393 4095; x_wconf 71' lang='grc' dir='ltr'>δὲ,</span> <span class='ocrx_word' id='word_1_649' title='bbox 2426 4025 2501 4089; x_wconf 84' lang='grc' dir='ltr'>ὡς</span> <span class='ocrx_word' id='word_1_650' title='bbox 2530 4024 2629 4079; x_wconf 79' lang='grc' dir='ltr'>οὐκ</span> <span class='ocrx_word' id='word_1_651' title='bbox 2660 4023 2720 4079; x_wconf 75' lang='grc' dir='ltr'>ἂν</span> <span class='ocrx_word' id='word_1_652' title='bbox 2757 4023 3045 4105; x_wconf 75' lang='grc' dir='ltr'>ἆνασφήλῃ</span> <span class='ocrx_word' id='word_1_653' title='bbox 3098 4029 3196 4079; x_wconf 75' lang='grc' dir='ltr'>τοῦ</span> <span class='ocrx_word' id='word_1_654' title='bbox 3253 4024 3505 4080; x_wconf 89' lang='grc' dir='ltr'>τοιούτου</span> <span class='ocrx_word' id='word_1_655' title='bbox 3563 4025 3714 4080; x_wconf 87' lang='grc' dir='ltr'>πτώ-</span> 
     </span>
    </p>
   </div>
   <div class='ocr_carea' id='block_1_96' title="bbox 2067 4111 3721 4194">
    <p class='ocr_par' dir='ltr' id='par_1_96' title="bbox 2067 4111 3721 4194">
     <span class='ocr_line' id='line_1_97' title="bbox 2067 4111 3721 4194; baseline 0.001 -24"><span class='ocrx_word' id='word_1_656' title='bbox 2067 4136 2236 4189; x_wconf 91' lang='grc' dir='ltr'>ματος</span> <span class='ocrx_word' id='word_1_657' title='bbox 2275 4114 2356 4189; x_wconf 86' lang='grc' dir='ltr'>(τὸ</span> <span class='ocrx_word' id='word_1_658' title='bbox 2406 4114 2509 4193; x_wconf 81' lang='grc' dir='ltr'>γὰρ</span> <span class='ocrx_word' id='word_1_659' title='bbox 2564 4111 2907 4194; x_wconf 70' lang='grc' dir='ltr'>ὲνδομυχοῦν</span> <span class='ocrx_word' id='word_1_660' title='bbox 2968 4113 3142 4171; x_wconf 87' lang='grc' dir='ltr'>δεινὸν</span> <span class='ocrx_word' id='word_1_661' title='bbox 3198 4116 3266 4172; x_wconf 81' lang='grc' dir='ltr'>τὰ</span> <span class='ocrx_word' id='word_1_662' title='bbox 3320 4113 3519 4192; x_wconf 80' lang='grc' dir='ltr'>ἔγκατα</span> <span class='ocrx_word' id='word_1_663' title='bbox 3551 4116 3721 4192; x_wconf 87' lang='grc' dir='ltr'>χαλε-</span> 
     </span>
    </p>
   </div>
   <div class='ocr_carea' id='block_1_97' title="bbox 2062 4201 3718 4284">
    <p class='ocr_par' dir='ltr' id='par_1_97' title="bbox 2062 4201 3718 4284">
     <span class='ocr_line' id='line_1_98' title="bbox 2062 4201 3718 4284; baseline 0.001 -23"><span class='ocrx_word' id='word_1_664' title='bbox 2062 4209 2180 4266; x_wconf 90' lang='grc' dir='ltr'>πῶς</span> <span class='ocrx_word' id='word_1_665' title='bbox 2237 4203 2537 4281; x_wconf 79' lang='grc' dir='ltr'>ἐξεθέριζε),</span> <span class='ocrx_word' id='word_1_666' title='bbox 2603 4208 2710 4260; x_wconf 84' lang='grc' dir='ltr'>τῶν</span> <span class='ocrx_word' id='word_1_667' title='bbox 2771 4201 3075 4281; x_wconf 90' lang='grc' dir='ltr'>βασιλικῶν</span> <span class='ocrx_word' id='word_1_668' title='bbox 3134 4211 3418 4281; x_wconf 86' lang='grc' dir='ltr'>θησαυρῶν</span> <span class='ocrx_word' id='word_1_669' title='bbox 3479 4203 3718 4284; x_wconf 75' lang='grc' dir='ltr'>ἂφειδῶς</span> 
     </span>
    </p>
   </div>
   <div class='ocr_carea' id='block_1_98' title="bbox 2064 4292 3717 4370">
    <p class='ocr_par' dir='ltr' id='par_1_98' title="bbox 2064 4292 3717 4370">
     <span class='ocr_line' id='line_1_99' title="bbox 2064 4292 3717 4370; baseline -0.001 -18"><span class='ocrx_word' id='word_1_670' title='bbox 2064 4294 2372 4364; x_wconf 83' lang='grc' dir='ltr'>ἀπαντλῶν,</span> <span class='ocrx_word' id='word_1_671' title='bbox 2434 4292 2674 4352; x_wconf 86' lang='grc' dir='ltr'>διεδίδου</span> <span class='ocrx_word' id='word_1_672' title='bbox 2714 4301 2830 4359; x_wconf 82' lang='grc' dir='ltr'>τοῖς</span> <span class='ocrx_word' id='word_1_673' title='bbox 2889 4295 3106 4369; x_wconf 79' lang='grc' dir='ltr'>πένησι,</span> <span class='ocrx_word' id='word_1_674' title='bbox 3166 4296 3256 4352; x_wconf 86' lang='grc' dir='ltr'>καὶ</span> <span class='ocrx_word' id='word_1_675' title='bbox 3316 4296 3555 4370; x_wconf 77' lang='grc' dir='ltr'>μάλιστα</span> <span class='ocrx_word' id='word_1_676' title='bbox 3600 4303 3717 4360; x_wconf 84' lang='grc' dir='ltr'>τοῖς</span> 
     </span>
    </p>
   </div>
   <div class='ocr_carea' id='block_1_99' title="bbox 2064 4380 3715 4463">
    <p class='ocr_par' dir='ltr' id='par_1_99' title="bbox 2064 4380 3715 4463">
     <span class='ocr_line' id='line_1_100' title="bbox 2064 4380 3715 4463; baseline -0.001 -22"><span class='ocrx_word' id='word_1_677' title='bbox 2064 4380 2486 4459; x_wconf 78' lang='grc' dir='ltr'>λελωϐημένοις</span> <span class='ocrx_word' id='word_1_678' title='bbox 2513 4386 2602 4440; x_wconf 81' lang='grc' dir='ltr'>καὶ</span> <span class='ocrx_word' id='word_1_679' title='bbox 2664 4380 2990 4462; x_wconf 78' lang='grc' dir='ltr'>βεϐρωμένα</span> <span class='ocrx_word' id='word_1_680' title='bbox 3016 4389 3086 4461; x_wconf 77' lang='grc' dir='ltr'>τῇ</span> <span class='ocrx_word' id='word_1_681' title='bbox 3117 4387 3238 4463; x_wconf 71' lang='grc' dir='ltr'>ἱερᾷ</span> <span class='ocrx_word' id='word_1_682' title='bbox 3291 4386 3434 4461; x_wconf 87' lang='grc' dir='ltr'>νόσῳ</span> <span class='ocrx_word' id='word_1_683' title='bbox 3485 4386 3552 4442; x_wconf 77' lang='grc' dir='ltr'>τὰ</span> <span class='ocrx_word' id='word_1_684' title='bbox 3609 4386 3715 4441; x_wconf 85' lang='grc' dir='ltr'>σώ-</span> 
     </span>
    </p>
   </div>
   <div class='ocr_carea' id='block_1_100' title="bbox 2067 4474 3715 4554">
    <p class='ocr_par' dir='ltr' id='par_1_100' title="bbox 2067 4474 3715 4554">
     <span class='ocr_line' id='line_1_101' title="bbox 2067 4474 3715 4554; baseline 0 -23"><span class='ocrx_word' id='word_1_685' title='bbox 2067 4497 2208 4551; x_wconf 84' lang='grc' dir='ltr'>ματα</span> <span class='ocrx_word' id='word_1_686' title='bbox 2235 4476 2639 4551; x_wconf 83' lang='grc' dir='ltr'>περιφέρουσιν,</span> <span class='ocrx_word' id='word_1_687' title='bbox 2673 4475 2757 4538; x_wconf 78' lang='grc' dir='ltr'>οἷς</span> <span class='ocrx_word' id='word_1_688' title='bbox 2799 4479 2907 4531; x_wconf 88' lang='grc' dir='ltr'>τῶν</span> <span class='ocrx_word' id='word_1_689' title='bbox 2962 4474 3152 4532; x_wconf 77' lang='grc' dir='ltr'>ἄλλων</span> <span class='ocrx_word' id='word_1_690' title='bbox 3210 4477 3459 4547; x_wconf 75' lang='grc' dir='ltr'>πενήτων</span> <span class='ocrx_word' id='word_1_691' title='bbox 3520 4475 3715 4554; x_wconf 86' lang='grc' dir='ltr'>φιλαν-</span> 
     </span>
    </p>
   </div>
   <div class='ocr_carea' id='block_1_101' title="bbox 2068 4561 3713 4642">
    <p class='ocr_par' dir='ltr' id='par_1_101' title="bbox 2068 4561 3713 4642">
     <span class='ocr_line' id='line_1_102' title="bbox 2068 4561 3713 4642; baseline 0 -21"><span class='ocrx_word' id='word_1_692' title='bbox 2068 4565 2416 4641; x_wconf 85' lang='grc' dir='ltr'>θρωπότερον</span> <span class='ocrx_word' id='word_1_693' title='bbox 2477 4561 2765 4630; x_wconf 86' lang='grc' dir='ltr'>διετίθετο.</span> <span class='ocrx_word' id='word_1_694' title='bbox 2826 4564 3102 4622; x_wconf 79' lang='grc' dir='ltr'>Νικόλαόν</span> <span class='ocrx_word' id='word_1_695' title='bbox 3154 4587 3234 4637; x_wconf 89' lang='grc' dir='ltr'>τε,</span> <span class='ocrx_word' id='word_1_696' title='bbox 3293 4566 3385 4621; x_wconf 86' lang='grc' dir='ltr'>τὸν</span> <span class='ocrx_word' id='word_1_697' title='bbox 3443 4562 3713 4642; x_wconf 88' lang='grc' dir='ltr'>πρόεδρον</span> 
     </span>
    </p>
   </div>
   <div class='ocr_carea' id='block_1_102' title="bbox 2690 4652 3714 4732">
    <p class='ocr_par' dir='ltr' id='par_1_102' title="bbox 2690 4652 3714 4732">
     <span class='ocr_line' id='line_1_103' title="bbox 2690 4652 3714 4732; baseline 0.002 -23"><span class='ocrx_word' id='word_1_698' title='bbox 2690 4653 3008 4718; x_wconf 76' lang='grc' dir='ltr'>εἰσκαλέσας</span> <span class='ocrx_word' id='word_1_699' title='bbox 3096 4652 3261 4732; x_wconf 72' lang='grc' dir='ltr'>ἄνδρα</span> <span class='ocrx_word' id='word_1_700' title='bbox 3317 4655 3460 4711; x_wconf 83' lang='grc' dir='ltr'>θεῖόν</span> <span class='ocrx_word' id='word_1_701' title='bbox 3515 4676 3575 4710; x_wconf 90' lang='grc' dir='ltr'>τε</span> <span class='ocrx_word' id='word_1_702' title='bbox 3624 4653 3714 4711; x_wconf 75' lang='grc' dir='ltr'>καὶ</span> 
     </span>
    </p>
   </div>
   <div class='ocr_carea' id='block_1_103' title="bbox 2067 4741 3718 4820">
    <p class='ocr_par' dir='ltr' id='par_1_103' title="bbox 2067 4741 3718 4820">
     <span class='ocr_line' id='line_1_104' title="bbox 2067 4741 3718 4820; baseline -0.002 -19"><span class='ocrx_word' id='word_1_703' title='bbox 2067 4741 2363 4820; x_wconf 75' lang='grc' dir='ltr'>σεϐάσμιον</span> <span class='ocrx_word' id='word_1_704' title='bbox 2399 4789 2413 4815; x_wconf 93' lang='grc'>,</span> <span class='ocrx_word' id='word_1_705' title='bbox 2473 4745 2541 4800; x_wconf 82' lang='grc' dir='ltr'>τὰ</span> <span class='ocrx_word' id='word_1_706' title='bbox 2597 4745 2735 4800; x_wconf 82' lang='grc' dir='ltr'>κατᾶ</span> <span class='ocrx_word' id='word_1_707' title='bbox 2773 4744 2865 4799; x_wconf 85' lang='grc' dir='ltr'>τὸν</span> <span class='ocrx_word' id='word_1_708' title='bbox 2954 4744 3072 4820; x_wconf 89' lang='grc' dir='ltr'>βίον</span> <span class='ocrx_word' id='word_1_709' title='bbox 3165 4745 3312 4817; x_wconf 85' lang='grc' dir='ltr'>αύτῷ</span> <span class='ocrx_word' id='word_1_710' title='bbox 3386 4742 3718 4819; x_wconf 80' lang='grc' dir='ltr'>ἀνεκάλυψεν</span> 
     </span>
    </p>
   </div>
   <div class='ocr_carea' id='block_1_104' title="bbox 2066 4830 3721 4911">
    <p class='ocr_par' dir='ltr' id='par_1_104' title="bbox 2066 4830 3721 4911">
     <span class='ocr_line' id='line_1_105' title="bbox 2066 4830 3721 4911; baseline -0.001 -21"><span class='ocrx_word' id='word_1_711' title='bbox 2066 4836 2415 4911; x_wconf 80' lang='grc' dir='ltr'>ἀγνοήματα,</span> <span class='ocrx_word' id='word_1_712' title='bbox 2473 4832 2741 4908; x_wconf 81' lang='grc' dir='ltr'>κρουνοὺς</span> <span class='ocrx_word' id='word_1_713' title='bbox 2789 4837 2898 4888; x_wconf 87' lang='grc' dir='ltr'>τῶν</span> <span class='ocrx_word' id='word_1_714' title='bbox 2948 4830 3250 4910; x_wconf 81' lang='grc' dir='ltr'>ὀφθαλμῶν</span> <span class='ocrx_word' id='word_1_715' title='bbox 3313 4831 3561 4908; x_wconf 75' lang='grc' dir='ltr'>δακρύων</span> <span class='ocrx_word' id='word_1_716' title='bbox 3615 4831 3721 4889; x_wconf 80' lang='grc' dir='ltr'>ἐπ-</span> 
     </span>
    </p>
   </div>
   <div class='ocr_carea' id='block_1_105' title="bbox 2068 4922 3725 5004">
    <p class='ocr_par' dir='ltr' id='par_1_105' title="bbox 2068 4922 3725 5004">
     <span class='ocr_line' id='line_1_106' title="bbox 2068 4922 3725 5004; baseline 0 -25"><span class='ocrx_word' id='word_1_717' title='bbox 2068 4925 2271 5004; x_wconf 74' lang='grc' dir='ltr'>αφιεὶς,</span> <span class='ocrx_word' id='word_1_718' title='bbox 2294 4924 2386 4979; x_wconf 86' lang='grc' dir='ltr'>καὶ</span> <span class='ocrx_word' id='word_1_719' title='bbox 2442 4926 2522 4995; x_wconf 80' lang='grc' dir='ltr'>τῷ</span> <span class='ocrx_word' id='word_1_720' title='bbox 2552 4922 2760 4978; x_wconf 87' lang='grc' dir='ltr'>τούτων</span> <span class='ocrx_word' id='word_1_721' title='bbox 2793 4922 3027 4997; x_wconf 81' lang='grc' dir='ltr'>λουτῆρι</span> <span class='ocrx_word' id='word_1_722' title='bbox 3082 4922 3149 4978; x_wconf 81' lang='grc' dir='ltr'>τὰ</span> <span class='ocrx_word' id='word_1_723' title='bbox 3204 4923 3375 4998; x_wconf 69' lang='grc' dir='ltr'>αἴσχη</span> <span class='ocrx_word' id='word_1_724' title='bbox 3414 4923 3598 4979; x_wconf 84' lang='grc' dir='ltr'>καὶτᾶ</span> <span class='ocrx_word' id='word_1_725' title='bbox 3627 4924 3725 4998; x_wconf 83' lang='grc' dir='ltr'>ῥυ-</span> 
     </span>
    </p>
   </div>
   <div class='ocr_carea' id='block_1_106' title="bbox 2068 5010 3728 5094">
    <p class='ocr_par' dir='ltr' id='par_1_106' title="bbox 2068 5010 3728 5094">
     <span class='ocr_line' id='line_1_107' title="bbox 2068 5010 3728 5094; baseline -0.001 -24"><span class='ocrx_word' id='word_1_726' title='bbox 2068 5014 2325 5087; x_wconf 84' lang='grc' dir='ltr'>πάσματα</span> <span class='ocrx_word' id='word_1_727' title='bbox 2356 5014 2467 5086; x_wconf 80' lang='grc'>(67)</span> <span class='ocrx_word' id='word_1_728' title='bbox 2518 5016 2629 5067; x_wconf 85' lang='grc' dir='ltr'>τῶν</span> <span class='ocrx_word' id='word_1_729' title='bbox 2671 5010 3027 5094; x_wconf 68' lang='grc' dir='ltr'>ἐσφαλμένων</span> <span class='ocrx_word' id='word_1_730' title='bbox 3084 5013 3446 5088; x_wconf 79' lang='grc' dir='ltr'>ῥυπτόμενος,</span> <span class='ocrx_word' id='word_1_731' title='bbox 3479 5013 3571 5070; x_wconf 83' lang='grc' dir='ltr'>καὶ</span> <span class='ocrx_word' id='word_1_732' title='bbox 3627 5014 3728 5082; x_wconf 84' lang='grc' dir='ltr'>τὴν</span> 
     </span>
    </p>
   </div>
   <div class='ocr_carea' id='block_1_107' title="bbox 1513 5199 2508 5262">
    <p class='ocr_par' dir='ltr' id='par_1_107' title="bbox 1513 5199 2508 5262">
     <span class='ocr_line' id='line_1_108' title="bbox 1513 5199 2508 5262; baseline 0.004 -9"><span class='ocrx_word' id='word_1_733' title='bbox 1513 5199 1573 5254; x_wconf 88' lang='lat' dir='ltr'>C.</span> <span class='ocrx_word' id='word_1_734' title='bbox 1608 5199 1671 5256; x_wconf 88' lang='grc' dir='ltr'>Β.</span> <span class='ocrx_word' id='word_1_735' title='bbox 1704 5199 1896 5258; x_wconf 79' lang='lat' dir='ltr'>HASII</span> <span class='ocrx_word' id='word_1_736' title='bbox 1949 5200 2508 5262; x_wconf 70' lang='lat' dir='ltr'>ANNOTATIONES.</span> 
     </span>
    </p>
   </div>
   <div class='ocr_carea' id='block_1_108' title="bbox 369 5358 2116 5456">
    <p class='ocr_par' dir='ltr' id='par_1_108' title="bbox 369 5358 2116 5456">
     <span class='ocr_line' id='line_1_109' title="bbox 369 5358 2116 5456; baseline 0.001 -20"><span class='ocrx_word' id='word_1_737' title='bbox 369 5382 419 5418; x_wconf 79' lang='grc'><strong>⁵⁵</strong></span> <span class='ocrx_word' id='word_1_738' title='bbox 446 5378 742 5456; x_wconf 73' lang='grc' dir='ltr'>ἄπρακτος.</span> <span class='ocrx_word' id='word_1_739' title='bbox 776 5378 904 5437; x_wconf 90' lang='lat' dir='ltr'>Vid.</span> <span class='ocrx_word' id='word_1_740' title='bbox 937 5358 1244 5435; x_wconf 67' lang='lat' dir='ltr'>Schottum</span> <span class='ocrx_word' id='word_1_741' title='bbox 1276 5379 1357 5435; x_wconf 88' lang='lat' dir='ltr'>De</span> <span class='ocrx_word' id='word_1_742' title='bbox 1387 5377 1563 5435; x_wconf 90' lang='lat' dir='ltr'>nodis</span> <span class='ocrx_word' id='word_1_743' title='bbox 1592 5377 1895 5437; x_wconf 83' lang='lat' dir='ltr'>Ciceronis</span> <span class='ocrx_word' id='word_1_744' title='bbox 1931 5382 2021 5437; x_wconf 72' lang='lat'>22.</span> <span class='ocrx_word' id='word_1_745' title='bbox 2053 5381 2116 5437; x_wconf 88' lang='lat' dir='ltr'>C.</span> 
     </span>
    </p>
   </div>
   <div class='ocr_carea' id='block_1_109' title="bbox 375 5520 1966 5593">
    <p class='ocr_par' dir='ltr' id='par_1_109' title="bbox 375 5520 1966 5593">
     <span class='ocr_line' id='line_1_110' title="bbox 375 5520 1966 5593; baseline -0.002 -12"><span class='ocrx_word' id='word_1_746' title='bbox 375 5529 487 5593; x_wconf 81' lang='lat'>(67)</span> <span class='ocrx_word' id='word_1_747' title='bbox 518 5522 853 5592; x_wconf 83' lang='grc' dir='ltr'>Ρυπάσματα</span> <span class='ocrx_word' id='word_1_748' title='bbox 884 5526 1024 5578; x_wconf 88' lang='lat' dir='ltr'>sunt</span> <span class='ocrx_word' id='word_1_749' title='bbox 1067 5520 1398 5593; x_wconf 77' lang='lat' dir='ltr'>saepissime</span> <span class='ocrx_word' id='word_1_750' title='bbox 1429 5520 1588 5592; x_wconf 87' lang='lat' dir='ltr'>aqud</span> <span class='ocrx_word' id='word_1_751' title='bbox 1647 5521 1966 5593; x_wconf 88' lang='lat' dir='ltr'>scriptores</span> 
     </span>
    </p>
   </div>
   <div class='ocr_carea' id='block_1_110' title="bbox 306 5593 1963 5666">
    <p class='ocr_par' dir='ltr' id='par_1_110' title="bbox 306 5593 1963 5666">
     <span class='ocr_line' id='line_1_111' title="bbox 306 5593 1963 5666; baseline -0.002 -12"><span class='ocrx_word' id='word_1_752' title='bbox 306 5597 675 5654; x_wconf 84' lang='lat' dir='ltr'>Christianos</span> <span class='ocrx_word' id='word_1_753' title='bbox 706 5594 1133 5666; x_wconf 79' lang='lat' dir='ltr'>inquinamenta</span> <span class='ocrx_word' id='word_1_754' title='bbox 1183 5609 1285 5666; x_wconf 81' lang='lat' dir='ltr'>seu</span> <span class='ocrx_word' id='word_1_755' title='bbox 1318 5593 1547 5666; x_wconf 50' lang='lat' dir='ltr'>macula,</span> <span class='ocrx_word' id='word_1_756' title='bbox 1576 5593 1784 5654; x_wconf 86' lang='lat' dir='ltr'>animi.</span> <span class='ocrx_word' id='word_1_757' title='bbox 1816 5594 1875 5650; x_wconf 87' lang='lat' dir='ltr'>h.</span> <span class='ocrx_word' id='word_1_758' title='bbox 1910 5610 1963 5651; x_wconf 89' lang='lat' dir='ltr'>e.</span> 
     </span>
    </p>
   </div>
   <div class='ocr_carea' id='block_1_111' title="bbox 304 5663 1962 5740">
    <p class='ocr_par' dir='ltr' id='par_1_111' title="bbox 304 5663 1962 5740">
     <span class='ocr_line' id='line_1_112' title="bbox 304 5663 1962 5740; baseline -0.002 -15"><span class='ocrx_word' id='word_1_759' title='bbox 304 5676 560 5740; x_wconf 77' lang='lat' dir='ltr'>peccata.</span> <span class='ocrx_word' id='word_1_760' title='bbox 590 5663 1008 5740; x_wconf 79' lang='lat' dir='ltr'>Usurpantita</span> <span class='ocrx_word' id='word_1_761' title='bbox 1036 5665 1425 5740; x_wconf 74' lang='lat' dir='ltr'>Theophanes</span> <span class='ocrx_word' id='word_1_762' title='bbox 1441 5663 1724 5740; x_wconf 65' lang='lat' dir='ltr'>_Nica\nus</span> <span class='ocrx_word' id='word_1_763' title='bbox 1776 5666 1962 5740; x_wconf 74' lang='lat' dir='ltr'>Epist.</span> 
     </span>
    </p>
   </div>
   <div class='ocr_carea' id='block_1_112' title="bbox 310 5735 1956 5809">
    <p class='ocr_par' dir='ltr' id='par_1_112' title="bbox 310 5735 1956 5809">
     <span class='ocr_line' id='line_1_113' title="bbox 310 5735 1956 5809; baseline -0.001 -17"><span class='ocrx_word' id='word_1_764' title='bbox 310 5735 629 5795; x_wconf 77' lang='lat' dir='ltr'>doctrinali</span> <span class='ocrx_word' id='word_1_765' title='bbox 679 5735 769 5793; x_wconf 54' lang='lat' dir='ltr'>de&#39;</span> <span class='ocrx_word' id='word_1_766' title='bbox 806 5737 1095 5809; x_wconf 84' lang='lat' dir='ltr'>patientia</span> <span class='ocrx_word' id='word_1_767' title='bbox 1126 5742 1185 5791; x_wconf 90' lang='lat' dir='ltr'>et</span> <span class='ocrx_word' id='word_1_768' title='bbox 1205 5735 1631 5809; x_wconf 81' lang='lat' dir='ltr'>longanimitat</span> <span class='ocrx_word' id='word_1_769' title='bbox 1676 5740 1765 5796; x_wconf 80' lang='grc'>40,</span> <span class='ocrx_word' id='word_1_770' title='bbox 1802 5735 1866 5792; x_wconf 78' lang='grc' dir='ltr'>Ᾱ.</span> <span class='ocrx_word' id='word_1_771' title='bbox 1902 5738 1956 5792; x_wconf 83' lang='grc'>8.</span> 
     </span>
    </p>
   </div>
   <div class='ocr_carea' id='block_1_113' title="bbox 311 5807 1961 5885">
    <p class='ocr_par' dir='ltr' id='par_1_113' title="bbox 311 5807 1961 5885">
     <span class='ocr_line' id='line_1_114' title="bbox 311 5807 1961 5885; baseline 0.003 -21"><span class='ocrx_word' id='word_1_772' title='bbox 311 5809 566 5866; x_wconf 84' lang='lat' dir='ltr'>Basilius</span> <span class='ocrx_word' id='word_1_773' title='bbox 595 5809 777 5882; x_wconf 86' lang='lat' dir='ltr'>Epist.</span> <span class='ocrx_word' id='word_1_774' title='bbox 810 5807 1103 5867; x_wconf 82' lang='lat' dir='ltr'>canonica</span> <span class='ocrx_word' id='word_1_775' title='bbox 1132 5825 1194 5866; x_wconf 85' lang='grc' dir='ltr'>ιι.</span> <span class='ocrx_word' id='word_1_776' title='bbox 1229 5807 1302 5865; x_wconf 89' lang='lat' dir='ltr'>ad</span> <span class='ocrx_word' id='word_1_777' title='bbox 1331 5808 1708 5885; x_wconf 83' lang='lat' dir='ltr'>Amphiloch,</span> <span class='ocrx_word' id='word_1_778' title='bbox 1729 5809 1800 5868; x_wconf 86' lang='lat' dir='ltr'>Il.</span> <span class='ocrx_word' id='word_1_779' title='bbox 1835 5810 1961 5869; x_wconf 81' lang='lat'><strong>773.</strong></span> 
     </span>
    </p>
   </div>
   <div class='ocr_carea' id='block_1_114' title="bbox 2077 5522 3729 5597">
    <p class='ocr_par' dir='ltr' id='par_1_114' title="bbox 2077 5522 3729 5597">
     <span class='ocr_line' id='line_1_115' title="bbox 2077 5522 3729 5597; baseline 0.002 -17"><span class='ocrx_word' id='word_1_780' title='bbox 2077 5525 2138 5581; x_wconf 81' lang='grc' dir='ltr'>Ο.</span> <span class='ocrx_word' id='word_1_781' title='bbox 2169 5524 2496 5596; x_wconf 85' lang='lat' dir='ltr'>Hesychius</span> <span class='ocrx_word' id='word_1_782' title='bbox 2527 5522 2840 5597; x_wconf 85' lang='lat' dir='ltr'>presbyter</span> <span class='ocrx_word' id='word_1_783' title='bbox 2867 5524 2949 5578; x_wconf 91' lang='lat' dir='ltr'>De</span> <span class='ocrx_word' id='word_1_784' title='bbox 2970 5528 3325 5597; x_wconf 72' lang='lat' dir='ltr'>temperant.</span> <span class='ocrx_word' id='word_1_785' title='bbox 3354 5530 3414 5580; x_wconf 91' lang='lat' dir='ltr'>et</span> <span class='ocrx_word' id='word_1_786' title='bbox 3440 5526 3657 5582; x_wconf 87' lang='lat' dir='ltr'>virtute</span> <span class='ocrx_word' id='word_1_787' title='bbox 3679 5528 3729 5583; x_wconf 92' lang='grc' dir='ltr'>Ι.</span> 
     </span>
    </p>
   </div>
   <div class='ocr_carea' id='block_1_115' title="bbox 2079 5595 3720 5669">
    <p class='ocr_par' dir='ltr' id='par_1_115' title="bbox 2079 5595 3720 5669">
     <span class='ocr_line' id='line_1_116' title="bbox 2079 5595 3720 5669; baseline 0.002 -19"><span class='ocrx_word' id='word_1_788' title='bbox 2079 5599 2236 5669; x_wconf 65' lang='lat' dir='ltr'>lOOt.</span> <span class='ocrx_word' id='word_1_789' title='bbox 2270 5595 2337 5653; x_wconf 85' lang='grc' dir='ltr'>Ᾱ.</span> <span class='ocrx_word' id='word_1_790' title='bbox 2394 5597 2506 5653; x_wconf 90' lang='lat' dir='ltr'>Leo</span> <span class='ocrx_word' id='word_1_791' title='bbox 2532 5595 2724 5669; x_wconf 38' lang='lat' dir='ltr'>“lmpl</span> <span class='ocrx_word' id='word_1_792' title='bbox 2763 5597 2830 5652; x_wconf 90' lang='lat' dir='ltr'>In</span> <span class='ocrx_word' id='word_1_793' title='bbox 2879 5595 3116 5669; x_wconf 32' lang='lat' dir='ltr'>exaltat’.</span> <span class='ocrx_word' id='word_1_794' title='bbox 3169 5595 3461 5669; x_wconf 12' lang='lat' dir='ltr'>S.7Crucis</span> <span class='ocrx_word' id='word_1_795' title='bbox 3508 5600 3630 5653; x_wconf 84' lang='lat'>268.</span> <span class='ocrx_word' id='word_1_796' title='bbox 3665 5600 3720 5654; x_wconf 89' lang='lat'>9.</span> 
     </span>
    </p>
   </div>
   <div class='ocr_carea' id='block_1_116' title="bbox 2074 5667 3717 5742">
    <p class='ocr_par' dir='ltr' id='par_1_116' title="bbox 2074 5667 3717 5742">
     <span class='ocr_line' id='line_1_117' title="bbox 2074 5667 3717 5742; baseline 0.002 -18"><span class='ocrx_word' id='word_1_797' title='bbox 2074 5667 2131 5742; x_wconf 68' lang='grc' dir='ltr'>ξ.</span> <span class='ocrx_word' id='word_1_798' title='bbox 2167 5669 2478 5742; x_wconf 74' lang='lat' dir='ltr'>Gregorius</span> <span class='ocrx_word' id='word_1_799' title='bbox 2509 5667 2674 5742; x_wconf 51' lang='lat' dir='ltr'>lflyss‘.</span> <span class='ocrx_word' id='word_1_800' title='bbox 2721 5669 2788 5723; x_wconf 89' lang='lat' dir='ltr'>In</span> <span class='ocrx_word' id='word_1_801' title='bbox 2847 5668 3209 5740; x_wconf 90' lang='lat' dir='ltr'>principium</span> <span class='ocrx_word' id='word_1_802' title='bbox 3232 5668 3428 5742; x_wconf 88' lang='lat' dir='ltr'>jejun.</span> <span class='ocrx_word' id='word_1_803' title='bbox 3464 5671 3556 5727; x_wconf 85' lang='grc' dir='ltr'>ΙΙΙ.</span> <span class='ocrx_word' id='word_1_804' title='bbox 3589 5672 3717 5727; x_wconf 73' lang='grc'>247.</span> 
     </span>
    </p>
   </div>
   <div class='ocr_carea' id='block_1_117' title="bbox 2070 5738 2609 5813">
    <p class='ocr_par' dir='ltr' id='par_1_117' title="bbox 2070 5738 2609 5813">
     <span class='ocr_line' id='line_1_118' title="bbox 2070 5738 2609 5813; baseline -0.004 -20"><span class='ocrx_word' id='word_1_805' title='bbox 2070 5739 2139 5794; x_wconf 88' lang='lat' dir='ltr'>D.</span> <span class='ocrx_word' id='word_1_806' title='bbox 2175 5738 2374 5813; x_wconf 58' lang='lat' dir='ltr'>aliq&#39;ue</span> <span class='ocrx_word' id='word_1_807' title='bbox 2414 5738 2609 5797; x_wconf 77' lang='lat' dir='ltr'>multi.</span> 
     </span>
    </p>
   </div>
  </div>
