4118 6422
348 366 468 427 927

350 505 423 559 II.
459 505 535 559 De
566 501 823 557 custodiis
852 502 1114 556 itinerum
1143 505 1197 555 et
1225 499 1293 555 de
1321 500 1783 571 exploratoribus.

351 594 453 648 III.
487 593 556 646 De
585 597 734 646 motu
765 591 1021 659 hostium,
1054 596 1106 643 et
1145 605 1253 660 quo
1280 596 1446 661 pacto
1475 591 1743 659 angustia
1795 604 2004 659 pramo-

423 681 687 752 cupanrlae
716 682 846 735 sint.

349 772 452 828 IV.
488 773 603 835 Quo
627 777 797 840 pacto
827 770 1043 825 insidiae
1071 770 1212 824 clam
1263 770 1507 825 hostibus
1551 768 1827 838 faciendae
1869 770 2002 834 sint,

426 866 478 914 et
531 859 991 930 quemadmodum
1048 859 1382 914 adversariis
1457 859 1854 915 occurrendum
1935 860 2005 912 sit

425 951 646 1004 domum
675 949 1051 1004 redeuntibus.
1152 981 1157 987 -

360 1040 424 1095 V.
461 1039 532 1093 De
562 1054 838 1108 aquarum
868 1041 927 1093 in
958 1040 1230 1108 angustiis
1253 1037 1765 1109 praeoccupatione.

359 1220 452 1274 VI.
489 1222 566 1272 De
597 1217 954 1273 consectando
981 1220 1220 1289 equestri
1248 1220 1487 1288 agmine,
1521 1217 1670 1289 quod
1691 1218 2001 1290 praedatum

2139 1213 2178 1281 ζ’.
2239 1213 2368 1285 Περὶ
2451 1213 2818 1292 παραδρομῆς
2921 1221 3028 1272 τῶν

424 1307 698 1374 incurrat,
760 1315 812 1362 et
861 1324 970 1378 quo
1021 1315 1192 1378 pacto
1248 1324 1537 1362 numerum
1594 1309 1833 1362 militum
1889 1309 2006 1377 ejus

427 1400 571 1452 inire
595 1399 788 1468 possis.

363 1488 485 1542 VII.
521 1490 598 1542 De
631 1489 1008 1542 contractione
1045 1493 1102 1541 ct
1155 1493 1308 1542 motu
1366 1488 1652 1554 exercitus,
1713 1491 1764 1540 et
1812 1487 1878 1542 de
1923 1503 2006 1556 eo,

429 1583 489 1632 ut
520 1578 910 1633 mercatoribus
933 1579 1300 1648 permittatur
1329 1578 1541 1632 intrare
1586 1575 1828 1631 hostium
1873 1580 2008 1646 ﬁnes

429 1684 492 1722 ac
524 1668 818 1738 speculari.

366 1759 515 1814 VIII.
553 1764 627 1814 De
655 1760 870 1813 ratione
898 1759 1219 1814 observandi
1266 1764 1433 1828 atque
1480 1755 1807 1827 insequendi
1844 1773 2006 1812 escer-

433 1850 600 1902 citum
611 1891 623 1904 .

357 1938 448 1994 1X.
489 1939 567 1993 De
595 1943 748 1992 motu
775 1953 970 1992 manus
992 1937 1366 2008 praedatoriae,
1401 1943 1454 1992 et
1483 1937 1550 1991 de
1576 1937 1933 1992 insecutione.

354 2118 421 2171 X.
460 2120 539 2171 De
567 2119 905 2188 sejunctione
933 2131 1127 2171 manus
1139 2114 1522 2186 praedatoriae,
1556 2114 1729 2185 deque
1743 2114 2005 2185 peditatu

428 2223 464 2261 a
490 2213 644 2276 tergo
683 2207 1058 2277 subsequente.

351 2296 447 2349 XI.
482 2297 543 2350 In
575 2295 847 2365 angustiis
868 2295 1183 2366 peditatum
1227 2294 1300 2349 ad
1354 2300 1648 2366 utrumque
1705 2294 1846 2351 latus
1896 2296 2006 2352 via?

427 2389 575 2439 stare
606 2391 878 2455 oportere.

355 2473 509 2529 182
541 2476 657 2529 XII.
694 2476 770 2529 De
798 2475 982 2530 subita
1035 2475 1352 2530 incursione
1400 2474 1657 2541 hostium,
1707 2482 2004 2547 antequam

428 2565 682 2618 Romanae
715 2565 885 2634 copia:
915 2565 1038 2633 cogi
1061 2566 1296 2634 possint.

355 2655 504 2709 XIII.
540 2654 616 2708 De
671 2654 907 2720 insidiis,
970 2670 1090 2723 quae
1148 2659 1337 2708 contra
1394 2661 1810 2723 mensuratores,
1871 2672 2005 2726 quos

427 2766 698 2819 vocamus,
726 2752 786 2804 in
827 2757 1139 2805 castrorum
1161 2751 1290 2806 locis
1317 2755 1473 2821 ﬁant.

351 2842 499 2896 XIV.
534 2841 605 2895 De
634 2841 870 2896 discessu
919 2843 1167 2911 equitum
1211 2857 1247 2896 a
1294 2842 1571 2912 peditatu,
1619 2859 1852 2914 quocum
1899 2845 2006 2898 iter

423 2933 693 3000 fecerant.

352 3021 473 3074 XV.
507 3020 583 3074 De
621 3021 895 3076 cautione.

353 3109 505 3164 XVI.
535 3109 610 3163 De
637 3109 1016 3165 submovendis
1044 3109 1466 3181 impedimentis.

356 3199 533 3253 XVII.
568 3200 644 3253 De
673 3199 914 3254 hostibus
943 3217 1063 3255 cum
1112 3199 1428 3271 ingentibus
1475 3201 1645 3270 copiis
1686 3199 2006 3270 provincias

428 3295 643 3343 nostras
669 3289 1073 3358 invadentibus,
1116 3297 1170 3346 ct
1225 3292 1292 3346 de
1342 3292 1563 3345 rutione
1611 3305 1718 3359 per
1778 3289 2007 3344 insidias

434 3378 695 3434 betlandi.

356 3468 558 3523 XVIII.
591 3469 664 3523 De
693 3485 772 3536 eo,
806 3471 1028 3540 quando
1055 3475 1271 3540 Oportet
1291 3469 1488 3525 ducem
1525 3469 1791 3539 bipartito
1837 3469 2010 3524 hostes

429 3559 665 3629 insequi.

357 3648 491 3702 XIX.
527 3650 601 3704 De
629 3654 800 3716 statu,
832 3655 1123 3703 armatura
1151 3652 1206 3702 et
1224 3649 1618 3703 eaercitatione
1645 3647 1909 3703 militum.

1733 362 2018 425 LEONIS
2066 364 2390 426 DIACONI

2039 1873 2086 1939 B

3648 372 3769 433 928

2031 501 2084 568 Α
2222 498 2352 574 Περὶ
2381 500 2964 577 τῶν-καμινοοιγλίων
2994 500 3085 556 καὶ
3116 503 3494 560 κατασκόπων.

2115 588 2185 663 γ’.
2244 590 2697 661 Περὶ-κινήσεως
2757 591 2994 670 ἐχθρῶν,
3071 591 3162 646 καὶ
3221 594 3239 628 ί
3299 594 3399 647 τοῦ
3485 613 3772 670 προκατα-

2187 680 2452 755 σχεθῆναι
2483 680 2578 744 τὰς
2609 678 2944 756 δυσχωρίας.

2115 761 2179 822 δ“.
2213 769 2341 841 Περὶ
2375 772 2472 824 τοῦ
2501 771 2776 824 ποιεῖσθαι
2810 768 2986 845 λάθρα
3039 769 3136 835 τὰς
3191 771 3330 826 κατᾶ
3381 775 3491 826 τῶν
3551 771 3766 849 ἐχθρῶν

2187 853 2478 926 ἐπιθέσεις,
2562 857 2653 913 καὶ
2763 859 2888 933 περὶ
2969 863 3067 915 τοῦ
3153 865 3536 934 προσυπαντᾷν
3642 861 3768 924 τοὺς

2188 943 2498 1019 πολεμίους
2529 947 2665 1018 πρὸς
2697 949 2798 1018 τήν
2833 946 2971 1004 ἰδίαν
3000 947 3512 1028 ἐκαναστρέφοντας.

2113 1033 2172 1089 3‘.
2234 1036 2364 1110 Περὶ
2419 1036 2911 1116 προκατασχέσεως
2965 1036 3174 1094 ὑδάτων
3230 1037 3282 1094 ἐν
3367 1044 3484 1101 τοῖς
3568 1041 3766 1096 στενώ-

2189 1143 2349 1195 μασιν
2382 1118 2574 1181 ὄντων.

3141 1217 3550 1292 μονοκούρσων,
3621 1243 3626 1246 ·
3673 1219 3764 1274 καὶ

2187 1308 2507 1378 στοχασμοῦ
2538 1312 2638 1375 τῆς
2661 1310 2757 1360 τοῦ
2787 1305 2924 1363 λαοῦ
2955 1307 3132 1363 αὐτῶν
3165 1308 3490 1376 ποσότητος.

2115 1481 2178 1550 ζ’.
2235 1481 2365 1557 Περὶ
2446 1483 2843 1560 συναθροίσεως
2928 1487 3020 1541 καὶ
3102 1488 3365 1558 κινήσεως
3451 1489 3759 1566 φωσσάτου,

2184 1572 2274 1626 καὶ
2333 1573 2458 1647 περὶ
2512 1579 2611 1629 τοῦ
2695 1581 3052 1652 παραχωρεῖν
3131 1575 3260 1640 τοὺς
3343 1577 3763 1654 πραγματευτὰς

2185 1659 2526 1738 εἶσὲρχεσθαι
2556 1663 2644 1719 καὶ
2666 1671 3047 1724 κατασκοπεῖν.

2115 1750 2186 1820 η’.
2248 1747 2377 1828 Περὶ
2467 1761 2793 1830 παραμονῆς
2877 1757 3184 1834 φωσσάτου,
3272 1756 3362 1811 καὶ
3448 1755 3764 1827 ἀκολουθή-

2187 1861 2347 1903 σεως.

2119 1929 2180 1986 θ’.
2242 1932 2373 2008 Περὶ
2431 1940 2531 2004 τῆς
2587 1936 2855 2005 κινήσεως

2190 2017 2362 2093 λουθή
2372 2043 2528 2086 σεως.

2122 2112 2170 2171 ι’.
2223 2115 2355 2189 Περὶ
2411 2120 2510 2172 τοῦ
2565 2114 2949 2193 διαχωρισμοῦ
3007 2120 3105 2171 τοῦ
3186 2117 3445 2191 κούρσου,
3503 2115 3592 2171 καὶ
3667 2120 3765 2172 τοῢ

2197 2209 2334 2266 λαοῦ
2363 2208 2580 2272 ὄπισθεν
2609 2204 3131 2270 ἐπακολουθοῦντος.

2121 2301 2208 2359 ια’.
2265 2300 2393 2374 Περὶ
2455 2302 2552 2354 τοῦ
2609 2295 2752 2352 ἔνθεν
2807 2295 3048 2351 κάκεῖθεν
3127 2294 3373 2360 ἰστασθαι
3450 2293 3579 2357 τοὺς
3661 2315 3758 2351 πε-

2190 2388 2314 2460 ζοὺς
2346 2387 2400 2444 ἐν
2431 2393 2551 2450 ταῖς
2585 2385 2944 2464 δυσχωρίαις.

2119 2479 2210 2554 ιβ’.
2270 2479 2398 2552 Περῖ
2463 2476 2662 2552 ἀθρόας
2723 2475 3040 2547 ἐξελεύσεως
3098 2478 3205 2530 τῶν
3291 2472 3600 2548 πολεμίων,
3658 2471 3765 2549 πρὸ

2183 2573 2280 2624 τοῦ
2353 2567 2420 2623 τὰ
2498 2566 2780 2641 Ῥωμαϊκὰ
2862 2564 3291 2641 ἐπισυναχθῆναι
3369 2561 3762 2641 στρατεύματα.

2117 2661 2203 2736 ιγ’.
2267 2659 2395 2735 Περὶ
2468 2661 2566 2714 τοῦ
2650 2653 2954 2732 ἐνεδρεῦσαι
3039 2655 3176 2710 κατὰ
3257 2659 3366 2709 τῶν
3445 2653 3762 2728 λεγομὲνων

2189 2748 2632 2823 μινσούρατὸρων
2663 2745 2714 2800 ἐν
2744 2751 2863 2809 τοῖς
2892 2743 3220 2814 ἀπλήκτοις.
3692 2746 3694 2749 ’

2118 2837 2201 2899 ιδ’.
2263 2839 2393 2914 Περὶ
2441 2845 2542 2908 τῆς
2597 2837 3014 2912 ὑποχωρήσεως
3066 2838 3175 2890 τῶν
3229 2831 3439 2889 ἱππέων
3493 2832 3598 2887 ἀπὸ
3655 2835 3761 2886 τῶν

2185 2928 2381 2999 πεζῶν,
2417 2925 2856 3001 ὁδοιπορούντων
2886 2926 3051 2997 ὁμοῦ.

2119 3020 2196 3074 ιε’.
2234 3019 2364 3091 Περὶ
2397 3015 2718 3091 ἀσφαλείας.

2121 3107 2200 3170 ις’.
2235 3107 2366 3180 Περὶ
2400 3104 2786 3180 διαχωρισμοῦ
2811 3107 2912 3157 τοῦ
2940 3099 3202 3158 τούλδου.

2123 3196 2206 3267 ιζ’.
2265 3193 2393 3268 Περὶ
2449 3197 2558 3249 τῶν
2623 3192 2756 3265 μετὰ
2813 3189 3033 3259 πολλῆς
3089 3187 3375 3262 δυνάμεως
3459 3187 3775 3264 ἐπιτρεχόνς

2187 3306 2296 3340 των
2341 3281 2625 3355 πολεμίων
2683 3281 2778 3341 τὰς
2837 3280 3027 3354 χώρας
3086 3279 3272 3350 ἡμῶν,
3329 3277 3419 3331 καὶ
3473 3283 3574 3345 τῆς
3635 3277 3771 3347 μετᾶ

2189 3373 2590 3450 ἐγκρυμμάτων
2609 3375 2976 3442 παρασκευῆς.

2123 3465 2214 3536 ιη’.
2275 3464 2408 3540 Περὶ
2464 3461 2589 3530 τοῦ,
2647 3459 2780 3514 πότε
2836 3455 2920 3513 δεῖ
2964 3457 3056 3513 τὸν
3132 3455 3437 3532 στρατηγὸν
3506 3450 3566 3508 ἐκ
3639 3450 3768 3508 δύο·

2196 3559 2374 3631 μερῶν
2402 3558 2510 3609 τῶν
2534 3549 2818 3623 πολεμίων
2849 3545 3210 3621 παραδρομὴν
3241 3551 3493 3613 ποιῆσαι,

2125 3648 2210 3711 ιδ’.
2269 3629 2423 3720 Περὶ
2503 3639 2908 3707 καταστάσεως,
3009 3635 3101 3690 καὶ
3216 3631 3567 3707 ἐξοπλίσεως,
3681 3629 3774 3686 καὶ

2195 3733 2495 3811 γυμνασίας
2527 3733 2776 3804 στρατοῦ.

2936 1939 3034 1991 τοῦ
3117 1935 3376 2009 κούρσου,
3461 1935 3553 1990 καὶ
3636 1935 3769 1991 ἀκο-

361 3832 475 3886 ΧΧ.
525 3829 592 3882 De
648 3827 1001 3890 adversariis,
1062 3828 1110 3882 si
1165 3827 1376 3882 diutius
1436 3828 1494 3880 in
1549 3825 1774 3894 regione
1829 3831 2001 3881 nostrc

2139 3828 2190 3885 ι’.
2250 3827 2380 3900 Περὶ
2438 3828 2545 3879 τῶν
2607 3820 3031 3898 ἐγχρονιζὸντων
3092 3814 3378 3888 πολεμίων
3461 3813 3598 3869 κατὰ
3673 3819 3774 3881 τῆς

435 3923 748 3983 morantur,
781 3923 842 3970 ut
891 3917 1166 3970 exercitus
1221 3922 1406 3969 noster
1452 3917 1510 3970 in
1570 3916 1796 3969 illorum
1853 3919 2016 3985 ﬁnem

441 4011 705 4060 transeat.

361 4096 484 4150 XXI
535 4095 607 4148 De
636 4093 914 4149 obsidione
945 4093 1158 4164 oppidi.

2199 3918 2386 3990 χώρας
2443 3916 2625 3986 ἡμῶν,
2677 3909 2828 3966 ’ἰναὸ
2871 3909 3141 3982 ἡμιτερος
3199 3905 3424 3980 στρατὸς
3485 3903 3623 3959 κατὰ
3679 3907 3784 3972 τῆς

2201 4003 2391 4076 χώρας
2419 3999 2595 4055 αὐτῶν
2625 3995 2849 4071 ἐπέλθῃ.

2127 4097 2228 4146 κα“.
2265 4089 2394 4162 ΙΙερὶ
2423 4085 2750 4162 πολιορκίας
2780 4086 3040 4158 κάστρου.

362 4185 508 4240 XXII
592 4185 666 4238 De
720 4183 1068 4254 separatione
1125 4184 1391 4251 dimidia,
1446 4183 1532 4239 vel
1610 4184 1777 4238 etiam
1842 4181 2001 4238 tertia

2139 4181 2234 4256 ιβ’.
2295 4178 2425 4253 Περῖ
2484 4174 2868 4252 διαχωρισμοῦ
2926 4171 3063 4228 λαοῦ
3117 4175 3222 4226 τῶν
3309 4168 3553 4243 ἡμίσεων
3608 4165 3781 4221 πολε-

428 4275 613 4345 partis
644 4275 931 4344 copiarum
962 4274 1262 4329 hostilium.

2206 4269 2370 4343 μίων,
2403 4268 2437 4338 ἢ
2470 4267 2561 4323 καὶ
2588 4265 2685 4321 τοῦ
2714 4263 2902 4339 τρίτου
2935 4259 3153 4335 μέρους.

362 4339 556 4419 XXIII.
593 4363 664 4418 De
703 4339 955 4419 discessu
1012 4363 1274 4429 hostium,
1329 4369 1384 4418 et
1449 4364 1816 4419 claustrorum
1859 4379 2001 4419 occu-

2139 4339 2232 4436 κγί.
2295 4357 2426 4434 Περὶ
2506 4363 2606 4425 τῆς
2695 4353 3043 4430 ὑποστροφῆς
3124 4354 3232 4404 τῶν
3305 4345 3612 4420 πολεμίων,
3690 4339 3783 4398 καὶ

433 4455 675 4524 patione.

362 4546 553 4600 XXIV.
593 4545 660 4599 De
690 4545 1044 4600 dimicatione
1072 4551 1368 4600 nocturna.

2201 4448 2578 4524 κατασχέσεως
2608 4443 2933 4518 κλεισοΰρας
2947 4485 2958 4498 .

2131 4537 2231 4596 κδ’.
2268 4538 2397 4612 Περὶ
2424 4529 2861 4607 νυκτοπολέμου.

364 4634 532 4689 XXV.
567 4635 640 4688 De
672 4634 782 4689 alio
803 4636 963 4690 modo
992 4634 1301 4708 occupandi
1328 4636 1496 4703 viam,
1527 4650 1648 4706 qua
1678 4632 1739 4688 in
1761 4632 2001 4689 descensi

2139 4636 2218 4686 ne".
2280 4611 2410 4703 Περὶ
2468 4625 2651 4700 ἐτέρας
2711 4617 3092 4696 κατασχέσεως
3149 4615 3304 4685 ὁδοῦ,
3387 4613 3621 4685 τῆςέἶς
3675 4611 3775 4681 τὴν

437 4720 827 4791 difﬁcultatem
859 4724 1041 4780 habet.

1007 4901 1396 4960 PREFATIO.

448 5070 594 5126 I88
626 5069 772 5126 Cum
804 5070 1176 5141 propositum
1203 5070 1376 5126 nobis
1425 5071 1503 5126 sit
1557 5071 1852 5126 rationem
1901 5074 2018 5124 tra-

368 5159 530 5223 dere,
566 5175 682 5231 que.
713 5160 914 5216 hostes
943 5159 1102 5216 bello
1137 5160 1487 5216 observandi
1521 5159 1658 5224 sint,
1694 5158 1928 5214 tametsi
1959 5158 2020 5213 id

367 5251 617 5306 fortasse
648 5250 710 5304 in
738 5249 1058 5320 praesentia
1075 5250 1271 5305 minus
1299 5248 1703 5306 necessarium
1727 5248 1789 5303 in
1811 5247 2020 5303 Orien-

367 5340 442 5396 tis
469 5339 738 5411 partibus
762 5344 870 5404 est,
891 5339 1050 5411 quod
1072 5340 1364 5402 Christus,
1397 5354 1574 5393 verus
1608 5338 1762 5394 Deus
1794 5341 2018 5404 noster,

367 5428 604 5487 infensa
631 5429 803 5487 nobis
825 5429 872 5486 vi
895 5445 964 5486 ac
981 5430 1253 5502 potentia
1275 5427 1534 5485 filiorum
1558 5425 1772 5482 Ismael
1795 5427 2020 5500 majore

2199 4711 2495 4774 κατάϐασιν
2523 4714 2837 4789 δυσχωριαν
2872 4706 3268 4778 ἀποτελούσης.

2753 4890 3136 4948 ΠΡΟΟΙΜΙΟΝ
3150 4931 3162 4944 .

2204 5068 2290 5140 [Ρ.
2327 5059 2731 5135 112-1171Τήν
2763 5063 2863 5127 τῆς
2913 5052 3278 5132 παραδρομῆς
3335 5046 3564 5140 μέθοδον
3614 5064 3788 5140 παρα-

2131 5135 2317 5210 δοῧναι
2353 5147 2710 5227 βουλόμενοι,
2763 5145 2808 5204 εἰ
2867 5143 3008 5221 νάχα
3062 5143 3153 5198 καὶ
3208 5142 3344 5198 κατᾶ
3393 5139 3485 5195 τὸν
3537 5135 3783 5212 παρόντα

2128 5243 2318 5317 καιρὸν
2350 5223 2428 5315 μὴ
2461 5234 2743 5314 χρειώδης
2775 5239 2796 5273 ³
2836 5233 2978 5291 ἐστὶν
3037 5231 3113 5295 εἷς
3161 5232 3229 5288 τὰ
3284 5237 3384 5300 τῆς
3439 5231 3579 5317 "Eur
3609 5223 3783 5317 μέρη,

2131 5314 2234 5390 ἅτε-
2254 5314 2504 5408 χριστοῦ,
2537 5331 2634 5386 τυῦ
2665 5328 2929 5397 ἀληθινοῦ
2959 5327 3093 5380 Θεοῦ
3133 5323 3322 5395 ἡμῶν,
3378 5318 3442 5383 τὸ
3492 5314 3638 5373 πολὺ

2131 5401 2444 5495 καθ”ἦμῶν
2497 5415 2779 5492 δυνάμεως
2832 5413 2924 5471 καὶ
2982 5411 3177 5488 ἰσχύος
3232 5409 3342 5465 τῶν
3399 5411 3498 5464 τοῦ
3557 5401 3790 5481 Ἰσμαῆλ

1588 5574 1648 5628 C.
1688 5572 1750 5626 Β.
1793 5570 1983 5628 HASII
2019 5566 2574 5627 ANNOTATIONES.

450 5719 469 5754 ⁸
497 5717 588 5773 καὶ
618 5718 788 5777 abest
812 5733 882 5775 ex
911 5718 1044 5775 cod.
1077 5719 1239 5776 2437.
1315 5716 1340 5752 ²
1368 5710 1645 5795 χρεώδης.
1678 5715 2001 5775 Lambeciu:

2139 5717 2455 5774 mmentar.
2491 5708 2639 5768 Bibl.
2689 5708 2835 5766 Cas.
2888 5706 3005 5763 VII.
3055 5702 3170 5763 col.
3221 5703 3346 5760 632,
3400 5701 3463 5758 Β.
3517 5690 3796 5772 χρεώὶης.
