4118 6428
351 441 470 502 929

1659 424 2085 490 VELITA’I‘IO
2129 425 2478 489 BELLICA.

3666 435 3788 496 930

354 571 596 650 ἐκγόνων
631 563 1034 643 ἀμϐλύναντος,
1089 563 1179 620 καὶ
1236 559 1333 626 τάς
1389 557 1618 636 ἑφόδους
1674 559 1852 650 αὐτῶν
1885 561 2011 616 ἀνα-

2133 577 2204 616 ex
2233 567 2402 634 parte
2432 560 2640 627 fracta,
2663 561 2941 620 incursus
2963 580 3168 620 eorum
3201 566 3528 638 repressit:
3561 571 3793 641 tamen,

358 648 726 740 lauicana:-
767 656 894 714 ἀλλ’
926 654 1044 725 οὗν,
1069 653 1163 710 *ἶνα
1199 653 1276 728 μὴ
1307 652 1409 722 τήν
1442 651 1618 724 λήτην
1665 650 1755 706 καὶ
1798 648 2023 727 ἄγνοιαν

357 751 731 829 ἑπεισαγαγὼν
783 750 811 805 ὁ
862 749 1064 825 χρόνος
1121 744 1313 827 φθείρῃ
1367 745 1432 800 τὸ
1486 742 1689 814 ταύτης
1742 740 2024 823 ἐπωφελὲς

358 845 446 921 [Ρ.
508 843 632 916 “8]
734 838 825 895 καὶ
901 835 1212 912 ἐξαφανίζῃ,
1291 833 1399 890 δεῖν
1477 834 1742 907 ᾠήθημεν
1841 833 2026 910 γραφῇ

360 931 694 1010 παραδοῦναι
792 927 1018 999 ταῦτην·
1087 925 1159 981 ’ἶν’
1230 923 1284 980 εἴ
1343 945 1477 980 ποτε
1542 923 1744 991 ταύτης
1839 921 2020 994 δεήσει

364 1025 733 1098 Χριστιανοῖς,
765 1021 962 1091 καιροῦ
999 1037 1147 1079 τινος
1196 1016 1332 1089 πρὸς
1363 1015 1425 1070 τὸ
1458 1010 1670 1088 μέλλον
1697 1011 2020 1082 καλοῦντος,

364 1111 581 1187 ἕτοιμός
640 1110 753 1166 ἐστι
785 1108 1092 1186 ισυνεργὸς
1143 1107 1316 1183 ἀγαθὴ
1376 1109 1458 1178 τῷ
1512 1125 1571 1160 τε
1625 1107 1798 1178 κοινῷ
1837 1103 2019 1173 παντὶ,

359 1203 448 1258 καὶ
517 1205 633 1264 τοῖς
724 1200 895 1268 αὐτὴν
995 1195 1566 1272 μεταχειριζομένοις.
1634 1195 1828 1267 Ἡμεῖς
1886 1196 2018 1267 γοῦν

360 1290 564 1361 ταύτην
648 1289 713 1344 οὐ
799 1286 1068 1362 μονονοὺκ
1153 1285 1291 1358 ἀκοῇ
1345 1285 1787 1361 παρειλήφαμεν,
1876 1279 2021 1336 ἀλλά

355 1380 447 1436 καὶ
506 1380 696 1453 πεῖράν
749 1397 872 1432 τινα
935 1376 1062 1451 παρ’
1132 1372 1300 1444 αὐτῆς
1358 1369 1753 1448 ἐδιδάχθημεν·
1783 1372 1847 1428 τὸ
1899 1371 2018 1444 μὲν,

355 1470 554 1535 αὐτοὺς
615 1469 844 1546 σχόντες
931 1465 1294 1528 διδασκάλους
1381 1464 1471 1521 καὶ
1533 1461 1824 1524 παιδευτὰς
1889 1459 2016 1524 τοὺς

356 1561 586 1632 ταύτην,
649 1556 846 1635 σχεδὸν
930 1557 1122 1630 εἰπεῖν,
1199 1554 1523 1634 ἐφευρόντας
1598 1554 1697 1623 τὴν
1763 1547 2014 1625 μέθοδον.

358 1652 424 1708 τὸ
456 1649 533 1721 δὲ,
565 1650 654 1706 καὶ
689 1647 843 1704 αὐτοῖ
907 1647 1065 1720 μόνοι
1121 1643 1293 1720 ταύτῃ
1325 1645 1351 1680 ⁵
1381 1643 1746 1720 χρησάμενοι,
1776 1641 1866 1697 καὶ
1897 1645 2017 1696 πεῖ-

361 1762 456 1818 ραν
528 1739 696 1808 αὐτῆς
783 1733 1273 1810 ἐγκολπωσάμενοί
1342 1754 1484 1800 τινα,
1554 1731 1687 1786 κατᾶ
1753 1730 1816 1785 τὸ
1883 1731 2020 1802 ἡμῖν

361 1830 603 1910 ἐφικτόν.
636 1829 787 1898 Αὕτη
821 1829 1004 1882 τοίνυν
1063 1825 1200 1880 κατὰ
1256 1828 1417 1880 τοῦτο
1475 1819 1589 1899 ἔχει
1620 1821 1684 1878 τὸ
1713 1822 2016 1896 χρήσιμον,

360 1907 552 1995 ὅτιπερ
583 1921 626 1988 ⁸,
661 1919 712 1973 οἳ
771 1916 974 1987 ταύτην
1036 1913 1404 1990 μετηλθοσαν,
1460 1913 1576 1986 μετ’
1618 1909 1814 1986 ὀλίγου
1848 1907 2022 1984 μαχί-

364 2028 470 2084 μου
528 2009 668 2066 λαοῦ
727 2007 958 2083 μέγιστα
1011 2004 1101 2059 καὶ
1184 2000 1661 2077 ἀξιομνημόνευτα
1717 1996 2018 2070 ἐξετέλεσαν

359 2098 508 2173 ἔργα.
571 2099 675 2154 Καὶ
740 2098 866 2173 γὰρ,
927 2095 1084 2150 ἅτινα
1146 2094 1222 2168 μὴ
1307 2095 1652 2174 κατορθῶσαι
1710 2087 1930 2165 ἴσχυσεν
1985 2087 2021 2157 ἢ

363 2188 670 2263 ἐτόλμησεν
731 2188 768 2256 ἦ
825 2182 1118 2258 Ῥωμαίων
1181 2181 1441 2255 σύμπασα
1509 2181 1755 2258 στρατια,
1815 2180 1904 2234 ὅτε
1957 2179 2025 2233 τὰ

358 2284 468 2335 τῶν
525 2276 774 2335 Κιλίκων
830 2273 921 2330 καὶ
977 2277 1074 2329 τοῦ
1131 2267 1363 2346 Χαμϐδᾶ
1419 2271 1689 2344 ¹ἢκμαζεν,
1722 2270 1804 2332 εἶς
1853 2267 2025 2323 ἐνίοτε

365 2373 472 2425 τῶν
531 2367 768 2442 ἀρίστων
833 2367 1171 2441 στρατηγῶν,
1254 2360 1348 2417 σὺν
1441 2361 1589 2445 μόνῳ
1640 2363 1721 2432 τῷ
1775 2362 1871 2414 τοῦ
1933 2353 2025 2414 ὑπ’

363 2460 520 2515 αὐτὸν
577 2459 815 2530 θὲματος
872 2455 1010 2527 λαῷ,
1071 2451 1356 2532 φρονίμως
1407 2451 1497 2508 καὶ
1564 2449 1842 2527 ἐμπείρως
1894 2448 2022 2512 τοὺς

366 2548 667 2623 πολεμίους
728 2540 1249 2618 ἒπιτηδεόσάμενος,
1308 2540 1401 2597 καὶ
1460 2544 1692 2602 συνετῶς
1760 2536 2022 2603 διατεθεὶς

372 2641 464 2694 καὶ
523 2637 926 2711 στρατηγήσας,
988 2634 1274 2710 ἀπήρτισε.
1334 2631 1508 2689 Τοῦτο
1569 2627 1626 2686 δὲ
1683 2649 1884 2705 φαμεν,
1916 2627 2025 2704 οὐχ

380 2726 589 2781 δτιτοῦ
644 2723 901 2786 πλείονος
959 2723 1022 2779 τὸ
1083 2719 1275 2797 ὀλίγον
1331 2719 1694 2796 προκρίνομεν
1747 2723 2019 2792 μάχιμονο

379 2813 492 2871 οόδ’
539 2813 622 2870 ὅτι
673 2817 867 2884 ταύτην
929 2812 1210 2889 ἑξαίρομεν
1273 2815 1380 2865 τῶν
1439 2807 1650 2865 λοιπῶν
1710 2828 2024 2884 στρατηγη-

374 2904 561 2978 μάτων
618 2901 707 2958 καὶ
764 2898 1214 2974 ἐπιτηδευμάτων
1267 2902 1367 2964 τῆς
1425 2904 1712 2966 τακτικῆς·
1768 2893 1898 2950 ἀλλ’
1939 2893 2021 2950 ὅτι

369 2996 686 3070 στρατηγῶν
717 2997 834 3054 τοῖς
881 2990 1124 3066 ἀρίστοις
1167 2989 1302 3059 αὕτη
1358 2988 1616 3066 συνεργὸς
1660 2985 1854 3061 ἀρίστη
1887 2995 2024 3049 καθ-

363 3081 603 3155 ἕστηκεν*
661 3081 736 3136 ’ἶν’
795 3080 886 3136 ὅτε
945 3080 1021 3154 μὴ
1079 3077 1217 3135 κατά
1280 3077 1573 3151 πρόσωπον
1648 3080 1766 3137 τοῖς
1849 3073 2020 3130 πολε-

364 3172 510 3246 μίοις
599 3170 1003 3234 ἀντιτάττεσθαι
1073 3167 1344 3237 δύναιντο,
1426 3165 1595 3240 ταύτῃ
1661 3167 1732 3240 τῇ
1803 3160 2022 3238 μεθόδῳ

357 3263 670 3338 χρώμενοι,
702 3256 966 3324 ἀϐλαϐεῖς
1009 3281 1068 3315 τε
1125 3257 1349 3318 ἑαυτοὺς
1378 3260 1398 3295 ⁷
1429 3257 1517 3313 καὶ
1575 3257 1676 3325 τὴν
1720 3253 1860 3310 ἰδίαν
1895 3275 2018 3309 συν-

353 3359 576 3429 τηροῖεν
633 3353 847 3428 χώραν.
903 3349 1114 3422 Ταύτην
1145 3345 1406 3424 δΒάρδας
1450 3348 1478 3402 ὁ
1531 3345 1834 3422 μακαρίτης
1890 3348 2018 3399 Καῖ-

358 3463 482 3519 σαρ,
539 3445 643 3499 ὅσα
697 3440 796 3515 ἐμὲ
846 3442 1154 3518 γινώσκειν,
1207 3439 1283 3502 εἰς
1338 3439 1501 3515 ἄκρον
1547 3437 1900 3514 κατώρθωκε,
1931 3432 2023 3490 καὶ

359 3532 646 3594 παντελῶς
700 3531 1084 3611 ἀφανισθεῖσαν
1165 3526 1500 3584 ἀνενεώσατο
1559 3526 1670 3599 (ἳνα
1751 3526 1828 3598 μὴ
1892 3524 2022 3586 τοὺς

363 3621 635 3684 παλαιοὺς
684 3621 709 3656 ⁹
754 3624 864 3676 τῶν
925 3623 1244 3696 στρατηγῶν
1306 3616 1601 3692 ἀπαριθμῶ
1629 3615 1750 3671 καθ’
1770 3612 2020 3678 ἕκαστον,

372 3711 570 3784 μόνους
598 3709 653 3766 δὲ
675 3709 805 3773 τοὺς
837 3715 968 3765 πᾶσι
1020 3708 1330 3784 γνωρίμους
1388 3706 1478 3762 καὶ
1509 3706 1629 3770 καθ’
1661 3707 1708 3742 ¹⁰
1735 3707 1927 3778 ἡμᾶςὶ·
1963 3705 2022 3768 ’ὀς

369 3799 424 3856 ἐν
452 3805 566 3863 τοῖς
597 3804 904 3877 γειτονοῦσι
960 3803 1031 3873 τῇ
1090 3801 1291 3873 Ταρσῷ
1348 3795 1539 3871 θὲμασι
1579 3798 1644 3864 ίί,
1686 3798 1753 3870 τῇ
1782 3816 1841 3851 τε
1872 3797 2024 3852 Καπ-

368 3889 603 3964 παδοκίᾳ
631 3891 721 3946 καὶ
752 3895 833 3964 τῷ
863 3889 1207 3962 Ἀνατολικῷ
1255 3891 1596 3963 στρατηγῶν,
1641 3888 1898 3964 μυριάκις
1929 3887 2024 3949 τὰς

366 3989 474 4038 τῶν
507 3984 756 4060 Ταρσέων
817 3981 907 4036 καὶ
965 3980 1178 4036 λοιπῶν
1241 3977 1486 4035 Κιλίκων
1548 3975 1805 4051 δυνάμεις
1837 3978 2026 4053 ἐτραυ-

371 4074 586 4146 μάτισε,
645 4071 736 4126 καὶ
797 4069 1020 4145 μέγιστα
1077 4069 1195 4124 κατ’
1276 4066 1451 4123 αὐτῶν
1512 4068 1842 4138 ἀνεστήσατο
1894 4067 2026 4143 τρό-

366 4181 524 4220 παια.
584 4162 720 4238 Παρ’
779 4159 840 4214 οὗ
897 4159 984 4214 καὶ
1045 4160 1210 4231 ἡμεῖς
1262 4157 1465 4228 ταύτην
1505 4157 1895 4232 γυμνασθέντες
1925 4158 2025 4227 τήν

364 4251 570 4321 ταύτης
601 4251 697 4307 κᾶν
747 4254 932 4311 ποσῶς
981 4247 1397 4325 παρειλήφαμεν
1431 4251 1643 4319 πεῖραν.
1678 4246 1819 4322 Πρὸς
1849 4247 2028 4321 τούτῳ

440 4341 456 4362 κ
809 4343 834 4355 ’⁸
1153 4359 1165 4369 .
1366 4335 1396 4358 γ
1604 4346 1630 4357 ιο
1665 4335 1679 4353 ε
1824 4336 1896 4370 ..7.

366 4361 458 4396 και
520 4347 927 4401 Κωνσταντινος
986 4336 1296 4412 πατρίκιος,
1355 4358 1401 4409 ῳ
1457 4333 1719 4398 Μελεινος
1795 4335 2027 4407 ἐπικλη-

369 4451 453 4501 σις
505 4433 604 4504 (l),
665 4431 900 4504 χρόνους
957 4425 1246 4489 πλείστους
1299 4421 1679 4481 Καππαδοκῶν
1721 4427 2028 4504 στρατηγήο

369 4542 464 4584 σας
492 4519 582 4576 καὶ
614 4519 820 4590 ταύτην
853 4518 1108 4593 συνεργὸν
1171 4514 1337 4592 ἔχων,
1395 4515 1496 4572 οὐκ
1537 4513 1808 4592 ἐλάχιστα
1837 4517 2029 4591 ἀπειρ-

368 4610 570 4687 γάσατο
636 4609 1060 4686 κατορθώματα.
1132 4606 1236 4662 Σὺν
1303 4605 1522 4669 τούτοις
1589 4618 1678 4662 καί
1771 4608 1798 4661 ὁ
1873 4611 2028 4682 κῦρις

2131 669 2206 708 ne
2243 653 2526 726 temporis
2557 654 2982 730 longinquitas,
3017 655 3377 713 oblivionem
3408 663 3588 730 atque
3619 659 3786 732 igno-

2130 743 2385 800 rantiam
2418 746 2696 814 afferens,
2720 745 2960 802 tolleret
2987 746 3143 802 184
3172 765 3345 803 usum
3378 749 3508 820 ejus
3534 765 3602 803 ac
3632 749 3790 805 dele-

2129 833 2468 901 ret,idcirco
2499 835 2720 907 scripto
2755 835 3102 892 tradendam
3134 853 3264 893 eam
3296 838 3784 894 existimavimus:

2129 927 2214 990 ut,
2251 923 2298 978 si
2333 941 2598 996 unquam
2651 926 2780 999 ejus
2838 933 3082 999 egerent
3109 927 3448 995 Christiani,
3482 928 3787 1000 ﬂagitante

2128 1013 2312 1070 futuri
2349 1017 2634 1089 temporis
2684 1019 3062 1083 necessitate,
3097 1019 3265 1090 quasi
3317 1020 3587 1091 quaadam
3619 1021 3791 1075 fortis

2129 1103 2393 1175 adjutrix
2443 1123 2578 1162 cum
2623 1107 2969 1179 reipublicae
3019 1109 3330 1175 universae,
3365 1116 3492 1164 tum
3533 1109 3792 1164 maxime

2129 1192 2610 1252 observatoribus
2644 1198 2773 1269 ejus
2825 1203 3042 1270 praesto
3095 1204 3271 1255 esset.
3313 1199 3455 1254 Eam
3486 1200 3644 1254 enim
3680 1215 3792 1254 nos

2127 1299 2249 1339 non
2272 1285 2448 1341 modo
2470 1287 2774 1344 auditione
2796 1289 3403 1360 percepimus,verum
3426 1288 3793 1361 experientia

2128 1373 2306 1428 etiam
2329 1375 2392 1430 in
2418 1391 2488 1430 ea
2512 1392 2718 1433 sumus
2738 1378 2954 1433 eruditi
2984 1394 2996 1435 :
3033 1379 3181 1434 illud
3205 1379 3617 1450 quidem,quia
3636 1396 3793 1451 pras-

2127 1468 2398 1534 ceptores
2427 1481 2495 1521 ac
2527 1467 2838 1539 magistros
2869 1484 2969 1522 eos
3017 1469 3176 1524 nacti
3222 1469 3448 1534 sumus,
3481 1469 3583 1539 qui
3613 1468 3790 1524 istam

2125 1551 2522 1626 belligerandi
2556 1557 2730 1624 viam,
2755 1574 2941 1629 prope
2967 1558 3186 1630 dicam,
3219 1565 3619 1630 aperuerunt:
3652 1559 3786 1628 hoc,

2128 1642 2284 1712 quod
2317 1642 2431 1714 ipsi
2489 1651 2692 1700 nostro
2749 1646 2997 1703 arbitrio
3031 1663 3163 1703 eam
3195 1653 3646 1720 persequentes,
3681 1647 3792 1703 ali-

2127 1745 2306 1800 quem
2339 1733 2470 1804 ejus
2501 1751 2698 1801 usum,
2735 1742 3025 1807 quantum
3079 1737 3322 1807 quidem
3366 1737 3426 1792 in
3455 1736 3627 1792 nobis
3657 1736 3791 1804 fuit,

2125 1821 2553 1879 contraximus.
2615 1826 2859 1880 Proﬁcit
2915 1831 3117 1882 autem
3151 1826 3478 1898 plurimum
3511 1827 3585 1882 ad
3618 1824 3790 1894 illud,

2054 1961 2098 2026 B
2130 1911 2311 1982 quod,
2343 1915 2444 1984 qui
2479 1931 2610 1971 eam
2642 1916 2966 1984 tenuerint,
3001 1934 3136 1972 cum
3185 1917 3397 1990 exigno
3423 1923 3790 1972 armatorum

2135 2017 2379 2026 ..η-μυ
2416 2021 2508 2026 μ-
2535 2006 2820 2026 ψμεμη
2852 2023 2899 2026 μ
2924 2023 2998 2026 __-
3152 2023 3217 2026 μμ
3238 2022 3253 2026 ,
3300 2006 3369 2026 ,εκ
3394 2023 3459 2026 _-
3480 2024 3495 2026 α
3536 2023 3550 2026 _
3571 2006 3761 2026 mp---

2135 2017 2386 2058 numero
2416 2021 2512 2060 res
2534 2006 2824 2061 maximas
2851 2007 3260 2077 memoriaque
3291 2006 3499 2078 dignas
3527 2006 3793 2061 confece-

2136 2099 2294 2146 runt.
2319 2094 2574 2162 Etenim,
2637 2091 2766 2166 quin
2828 2096 3070 2166 exsequi
3125 2111 3322 2167 neque
3371 2095 3564 2167 potuit
3593 2111 3788 2166 neque

2137 2189 2384 2238 conatus
2403 2189 2492 2239 est
2512 2185 2824 2240 universus
2842 2187 3246 2242 Romanorum
3269 2186 3560 2242 exercitus
3583 2191 3792 2240 contra

2136 2276 2515 2332 ﬁrmissimas
2568 2282 2709 2332 tunc
2761 2276 3007 2332 Cilicum
3041 2281 3097 2331 et
3138 2276 3500 2332 (lbambdani
3529 2292 3691 2348 opes,
3724 2292 3796 2331 ea

2136 2381 2294 2421 unus
2325 2365 2627 2421 interdum
2681 2382 2752 2421 ex
2807 2365 3319 2438 praestantissimis
3349 2365 3622 2435 ducibus,
3657 2381 3794 2421 cum

2137 2455 2280 2510 solis
2312 2473 2432 2511 sua)
2490 2457 2806 2528 provincia)
2868 2455 3077 2527 copiis,
3137 2455 3339 2511 hostes
3369 2455 3696 2527 prudenter
3725 2472 3794 2511 ac

2137 2546 2282 2602 scite
2315 2563 2611 2620 agressus,
2644 2547 2801 2602 bello
2846 2547 3252 2620 intelligenter
3290 2547 3581 2602 instructo
3613 2552 3792 2619 atque

2135 2636 2571 2698 administrato.
2605 2638 2880 2694 confecit.
2913 2639 3170 2694 Tametsi
3214 2655 3334 2693 non
3379 2638 3510 2693 ideo
3551 2637 3612 2692 id
3643 2638 3793 2694 dici-

2133 2741 2289 2795 mus,
2322 2727 2482 2798 quod
2511 2728 2744 2801 magnis
2766 2727 2954 2798 copiis
2976 2728 3216 2799 exiguas
3237 2726 3639 2798 prmferendas
3662 2744 3792 2784 esse

2133 2821 2450 2887 putemus:
2512 2833 2708 2888 neque
2765 2823 2830 2871 ut
2883 2817 3038 2872 hanc
3095 2817 3361 2873 bellandi
3392 2817 3542 2873 viam
3575 2824 3794 2890 praater

2133 2907 2368 2979 reliqua
2399 2915 2738 2964 commenta
2760 2908 3045 2965 militaria
3065 2914 3124 2964 et
3148 2909 3389 2964 inventa
3411 2907 3788 2963 extollamus:

2132 3013 2339 3052 verum
2399 2997 2540 3069 quia
2595 2999 2958 3070 optimorum
3017 2996 3234 3053 ducum
3277 2998 3502 3069 optima
3531 2995 3793 3067 adjutrix

2135 3086 2414 3142 existitit:
2439 3091 2524 3153 ut,
2549 3086 2787 3158 quando
2808 3092 2972 3143 recta
2992 3087 3186 3142 fronte
3208 3086 3496 3142 obsistere
3519 3084 3792 3140 hostibus

2133 3175 2286 3232 185
2321 3193 2442 3231 non
2473 3181 2738 3247 possent,
2793 3193 2923 3231 sese
2955 3193 3213 3248 suosque
3267 3176 3437 3242 fines,
3471 3176 3581 3231 hac
3609 3173 3790 3229 disci-

2135 3264 2300 3336 plina
2329 3265 2443 3333 usi,
2467 3265 2799 3322 incolumes
2826 3271 3150 3322 servarent.
3173 3265 3472 3330 Eamdem,
3498 3269 3790 3336 quantum

2137 3369 2242 3427 ego
2274 3355 2593 3427 perspicio,
2616 3355 2973 3411 mirabiliter
3003 3355 3405 3427 locupletavit,
3426 3369 3789 3425 prorsusque

2136 3444 2465 3501 obsoletam
2518 3445 2820 3501 renovavit
2871 3445 3048 3500 Divus
3099 3444 3316 3500 Bardas
3358 3444 3552 3500 Caasar
3579 3446 3674 3509 (ne
3706 3441 3789 3497 si-

2135 3534 2387 3606 gillatim
2420 3535 2648 3607 priscos
2678 3534 2881 3601 duces,
2913 3551 3118 3592 verum
3167 3552 3268 3591 eos
3318 3534 3607 3590 duntaxat
3636 3547 3789 3586 enu-

2134 3627 2493 3698 merem,qui
2515 3632 2721 3683 nostra
2743 3627 3032 3683 memoria
3049 3625 3329 3682 omnibus
3350 3626 3788 3684 innotuerunt):

2135 3716 2234 3786 qui
2271 3716 2330 3771 in
2383 3716 2702 3787 provinciis
2760 3718 2938 3771 Tarso
2997 3715 3291 3778 finitimis,
3331 3713 3702 3786 Cappadocia
3733 3716 3791 3766 et

2134 3805 2469 3875 Anatolico,
2501 3806 2687 3878 copiis
2740 3806 3075 3878 praefectus,
3107 3805 3486 3860 Tarsensium
3526 3802 3790 3872 reliquo-

2134 3911 2388 3966 rumque
2421 3895 2668 3950 Cilicum
2695 3895 2848 3950 vires
2871 3910 3280 3967 saepenumero
3304 3891 3793 3957 contudit,maxi-

2136 4002 2352 4057 maque
2384 3986 2456 4041 de
2488 3986 2609 4041 illis
2638 3987 2949 4042 constituit
3007 3986 3291 4058 trophaaa.
3325 3985 3410 4040 Ab
3444 3985 3651 4040 eodem
3685 4001 3794 4039 nos

2138 4092 2374 4147 quoque
2407 4075 2517 4131 hac
2548 4075 2868 4147 disciplina
2921 4075 3158 4144 eruditi,
3188 4092 3361 4130 usum
3422 4076 3570 4145 ejus,
3605 4090 3794 4146 quan-

2138 4164 2300 4220 tulus
2330 4165 2380 4220 is
2403 4181 2635 4237 cunque
2669 4170 2778 4234 est,
2812 4165 3206 4237 percepimus.
3241 4164 3373 4219 Fuit
3421 4165 3598 4219 etiam
3646 4166 3794 4218 Con-

2140 4255 2438 4310 stantinus
2494 4254 2801 4326 patricius,
2862 4259 3255 4328 cognomento
3317 4253 3624 4316 Meleinus.
3670 4252 3794 4322 qui,

2140 4343 2477 4416 complures
2507 4359 2699 4399 annos
2739 4343 2926 4414 c0piis
2972 4343 3385 4414 Cappadocum
3417 4341 3794 4412 praepositus,

2143 4450 2214 4489 ea
2243 4432 2532 4504 adjutrice
2557 4431 2901 4488 felicissime
2950 4449 3070 4486 non
3122 4447 3311 4503 pauca
3340 4429 3540 4502 gessit.
3574 4430 3799 4484 Praeter

2142 4524 2250 4578 hos
2283 4523 2426 4578 item
2459 4522 2739 4578 dominus
2770 4527 2976 4578 noster
3014 4521 3400 4592 Nicephorus,
3439 4517 3797 4575 immortalis

2140 4612 2444 4667 memoria:
2476 4612 2778 4684 princeps,
2812 4627 2942 4667 eam
2982 4610 3232 4666 mirifice
3264 4609 3480 4665 coluit:
3515 4609 3617 4681 qui
3661 4623 3796 4664 cum

1579 4787 1638 4844 C.
1698 4776 1777 4843 Β(
1803 4789 1993 4845 HASII
2031 4780 2588 4847 ANNOTATIONES.

442 4959 466 4995 ³
493 4956 795 5036 ἐπωρελές.
830 4960 1141 5036 Hactenus.
1159 4957 1554 5036 fragmentum
1580 4955 1718 5036 libri
1771 4957 1930 5030 apud
1981 4959 2021 5014 Ι,

2133 4960 2380 5036 becium.
2443 4959 2480 5036 _‘
2509 4957 2642 5013 ἐστι.
2678 4958 3069 5036 Scribendum
3123 4956 3367 5036 omnino
3397 4958 3452 5028 ᾗ·
3491 4958 3789 5036 sed_ejus_-

373 5031 536 5105 modi
570 5027 890 5088 so'laacismi
925 5036 1046 5105 toto
1079 5028 1182 5105 illo
1205 5027 1420 5105 _l_i_bel_lo
1453 5034 1574 5083 tam
1596 5027 1938 5105 frequentes
1960 5037 2120 5105 sunt,
2147 5039 2212 5087 ut
2232 5028 2558 5105 otiosorum
2581 5038 2738 5105 esset
2759 5037 2968 5105 notare
2989 5031 3275 5105 singulos.
3311 5027 3497 5105 Quam
3526 5027 3798 5105 animad-

373 5104 709 5176 versipnem
741 5119 956 5176 moneo
989 5103 1050 5156 in
1083 5100 1323 5176 similia_
1354 5099 1486 5176 loca
1531 5101 1734 5156 omnia
1767 5119 1953 5176 atque
1984 5120 2022 5176 κν

2133 5121 2216 5160 re.
2294 5104 2316 5138 ⁵
2341 5103 2544 5172 ταῦτην
2575 5103 2705 5176 cod.
2783 5103 2806 5137 θ
2837 5101 2922 5157 ὅτι
2952 5099 3308 5176 περὶῖταύτην
3337 5102 3509 5176 codd.
3543 5171 3557 5176 _
3587 5102 3607 5136 ⁷
3638 5102 3796 5176 Fort.

371 5169 636 5236 ἀϐλαϐεῖς
668 5172 893 5235 ἑαυτούς
922 5193 1004 5240 τε,
1034 5175 1260 5246 χώραν,
1280 5173 1415 5227 Haec
1442 5173 1588 5246 item
1627 5169 2017 5246 apudbllamb

2133 5193 2216 5231 1m
2265 5169 2596 5232 Comment.
2639 5175 2759 5231 Vll.
2791 5177 2895 5230 433
2942 5207 2996 5218 -
3025 5169 3031 5176 ’
3064 5177 3150 5246 35.
3187 5169 3315 5230 cod.
3351 5171 3796 5246 Vindobonensi

369 5247 785 5320 philosophica
818 5242 1494 5320 CXI._cu'm'di_il‘orentia
1527 5242 1724 5320 tamen
1755 5244 1957 5320 aliqua
1997 5247 2273 5304 lectionis
2325 5247 2422 5320 llic
2459 5252 2716 5320 enotata.
2795 5247 2820 5281 ⁸
2848 5248 2986 5304 Post
3013 5245 3216 5320 ταύτην
3254 5243 3601 5320 Lambecius
3622 5242 3799 5320 _add_it

369 5311 470 5386 τήν
508 5311 760 5391 μέθοδον.
836 5313 1171 5391 ⁹παλαιοός.
1211 5315 1557 5372 Lambecius
1619 5311 1918 5391 σοι-434.
1977 5335 2022 5374 οι

2133 5321 2201 5374 tit
2250 5316 2542 5382 παλαιούς.
2577 5336 2914 5391 perperam,
2946 5311 3195 5391 opinor.
3258 5317 3326 5391 ιο,
3350 5313 3644 5391 -Ροῐ-ῐὶ-καὶ-
3667 5311 3796 5391 τ-οὺς

370 5385 519 5446 καθτ
545 5391 812 5462 Mametsi
843 5406 1040 5461 neque
1069 5389 1231 5462 ullus
1271 5393 1613 5462 nostrorum
1652 5387 1834 5462 codd.
1890 5391 2096 5447 variet.
2157 5407 2374 5462 neque.
2405 5397 2473 5446 ut
2516 5385 2927 5462 ex'La'mbecio
2959 5385 3072 5446 col.
3101 5390 3226 5444 434.
3269 5386 3463 5454 video,
3498 5385 3800 5442 Vindobo-

373 5464 600 5521 nensis.
683 5467 726 5501 ιι
762 5458 978 5534 θὲμασῐ·
1013 5460 1361 5516 Lambecius
1393 5458 1431 5515 l.
1466 5475 1516 5515 c.
1549 5459 1728 5530 male,
1759 5459 1972 5532 θὲματι,
2003 5479 2022 5518 ε

2133 5458 2271 5518 and
2298 5469 2452 5534 post,
2482 5466 2564 5534 τῷ
2597 5460 2939 5533 Ἀνατολικῷ
2969 5463 3278 5534 στρατηγῷ.

449 5634 522 5704 (1)
555 5633 722 5688 Hunc
752 5629 1209 5704 Constantinum
1269 5627 1589 5684 Meleinum
1616 5629 2027 5704 _ducem_Cap¢

414 5699 639 5763 adocize
669 5721 722 5760 a.
752 5706 876 5768 960,
907 5702 1027 5757 sive
1057 5703 1182 5768 96l,
1216 5716 1458 5772 operam
1489 5699 1816 5772 prmbuisse
1850 5699 2028 5758 Leoni

414 5721 639 5763 auoctm
669 5721 722 5760 ει.
752 5721 876 5768 νου,
907 5721 1027 5757 Slve
1057 5721 1182 5768 v01,
1216 5721 1458 5772 operam
1489 5721 1816 5772 prwnulsse
1850 5721 2028 5758 Leoni

365 5721 580 5834 Bhocze
593 5777 654 5832 in
676 5774 1051 5847 expeditione
1069 5777 1276 5829 contra
1291 5771 1744 5831 Chambdanum
1762 5772 2028 5830 videmus

2141 5647 2212 5687 ex
2257 5631 2591 5704 fragmento
2647 5629 2924 5704 Chronici
2960 5625 3382 5704 _inediti,qu_od
3418 5625 3596 5704 _dedi_
3619 5640 3800 5704 s_u_pra

2142 5705 2264 5759 199.
2298 5696 2380 5759 Cf
2395 5703 2665 5759 Variatur
2730 5703 2792 5758 in
2860 5699 3154 5772 scriptura
3198 5696 3494 5769 Μαλεινὸς,
3542 5696 3799 5770 Μαλέϊν,,

2138 5771 2407 5836 Μελεϊνὸς
2427 5781 2500 5831 'et
2528 5772 2812 5835 Μελιῖνος.
