4118 6424
344 403 458 465 931

1731 393 2020 459 LEONlS
2067 396 2381 462 DIACONI

351 534 707 601 exercitibus
736 537 1037 605 praeesset,
1067 533 1172 589 illa
1201 549 1363 603 usus,
1387 532 1647 605 plurima
1679 548 1867 603 eaque
1897 528 1999 585 ad-
2032 530 2082 597 A
2116 529 2452 609 Νικηφόρος,

3648 417 3771 478 932

2538 536 2566 589 ὁ
2643 533 2895 610 ἀοίδιμος
2984 538 3266 616 βασιλεὺς,
3326 542 3528 616 ταύτην
3587 548 3767 622 ἄκρως

330 625 605 682 miranda
637 624 905 681 facinora
944 625 1164 690 effecit,
1200 625 1402 680 hostes
1434 623 1784 681 sexcenties.
1822 627 1888 677 ut
1918 622 1985 678 sic

2113 619 2380 713 μετῆλθεν
2437 621 2706 713 δήπου
2767 633 3108 706 στρατηγῶν,
3167 631 3258 687 καὶ
3313 632 3484 710 ταύτῃ
3525 619 3766 713 χρώμε-

332 714 547 781 dicam,
582 716 640 769 fu
658 713 763 776 dit,
799 714 1090 770 maximas
1117 730 1323 770 eorum
1351 712 1553 785 copias
1584 710 1863 769 concidit.
1896 712 2003 767 Cu-

330 804 434 875 jus
456 804 716 877 gloriosa
736 803 915 868 facta.
941 812 1084 861 tunc
1106 822 1242 861 cum
1264 804 1543 861 militiam
1566 802 1998 869 moderaretur,

336 895 386 949 si
422 894 718 966 scriptura
745 895 1025 967 persequi
1053 902 1157 951 aut
1186 911 1539 950 enumerare
1572 893 1805 959 vellem,
1838 892 1998 964 puti-

335 983 478 1039 dum
511 984 569 1039 id
592 992 749 1040 esset
771 985 1262 1058 legentibus,tum
1284 989 1526 1058 propter
1548 983 1996 1040 multitudinem

335 1088 541 1129 eorum
564 1074 885 1141 inﬁnitam,
914 1081 1038 1131 tum
1062 1076 1203 1148 quia
1234 1075 1393 1132 186
1424 1074 1580 1146 apud
1613 1073 1835 1129 multos
1858 1076 1998 1127 sunt

328 1163 692 1236 pervulgata.
732 1166 1056 1236 Imperator
1088 1171 1312 1231 autem,
1338 1180 1450 1220 usu
1482 1163 1746 1228 edoctus,
1771 1161 1989 1235 peruti-

329 1251 449 1308 lem
471 1270 599 1309 esse
624 1253 1003 1327 disciplinam
1028 1255 1215 1324 illam,
1239 1260 1295 1309 et
1318 1255 1465 1326 ipse,
1489 1252 1993 1326 quemadmodum

331 1348 490 1400 esset
518 1344 622 1400 illa
651 1345 963 1411 utendum,
986 1346 1323 1402 communis
1345 1345 1617 1401 utilitatis
1649 1361 1827 1401 causa
1849 1344 1992 1400 scri-

330 1439 430 1505 pto
479 1436 789 1507 exposuit:
843 1441 902 1492 et
948 1435 1096 1490 mihi
1147 1435 1467 1501 mandavit,
1502 1440 1568 1490 ut
1597 1434 1990 1505 compositum

332 1539 510 1595 quam
532 1525 982 1582 accuratissime
1006 1541 1242 1597 possem
1266 1524 1337 1579 de
1362 1524 1569 1580 eadem
1586 1541 1650 1578 re
1691 1539 1993 1579 commen-

332 1612 548 1669 tarium
579 1614 836 1686 posteris
859 1614 1285 1685 relinquerem.
1307 1615 1506 1685 Neque
1533 1613 1728 1669 solum
1753 1613 1825 1668 de
1856 1612 1987 1682 hac,

334 1718 515 1774 quem
548 1704 622 1759 ad
654 1703 836 1759 ﬁnem
869 1703 1093 1760 Orienti
1123 1708 1454 1771 conveniat,
1478 1719 1682 1758 verum
1714 1701 1893 1757 etiam
1916 1701 1988 1756 de

334 1790 460 1861 illa,
494 1810 625 1865 qua)
658 1794 720 1848 in
747 1792 1081 1849 Occidentis
1112 1793 1383 1865 partibus
1405 1793 1538 1849 usui
1567 1793 1680 1848 sit:
1714 1791 1873 1864 quod
1906 1790 1988 1846 ibi

2106 730 2198 772 νος
2252 712 2564 787 πάμπολλα
2622 715 2712 771 καὶ
2770 716 3064 794 ἆξιάγαστα
3121 715 3252 799 ἔργα
3308 712 3599 795 πεποίηκε,
3662 749 3766 802 μυ-

2072 799 2305 879 ρριάκις,
2363 802 2437 863 ὡς
2494 801 2682 872 εἴπεῖν,
2744 808 2873 869 τοὺς
2929 811 3236 883 πολεμίους
3282 799 3765 890 τρεψάμενοςξκαὶ

2108 889 2337 965 μέγιστα
2391 893 2598 947 τούτων
2674 895 3052 970 στρατεύματα
3134 889 3465 976 κατακόψας.
3530 904 3608 962 0'5
3664 906 3761 969 τὰς

2102 980 2393 1072 ἀριστείας,
2450 984 2569 1048 καθ’
2619 983 2678 1040 ὅν
2738 986 3055 1063 ἐστρατήγει
3107 992 3323 1065 καιρὸν,
3375 994 3760 1072 συγγράφεινῆ

2101 1069 2525 1161 ἀπαριρμεῖσθαι
2583 1076 2667 1146 [Ρ.
2722 1078 2847 1151 119]
2906 1076 3157 1161 ὀχληρὸν
3216 1079 3362 1138 ἔσται
3414 1069 3532 1147 τοῖς
3575 1069 3761 1161 ἐντυγ-

2099 1155 2351 1251 χάνουσι,
2386 1158 2474 1217 διά
2528 1183 2585 1217 τε
2640 1164 2704 1219 τὸ
2766 1155 3116 1240 ὑπερϐάλλον
3149 1168 3366 1242 πλῆθος
3401 1173 3490 1227 καί
3519 1174 3579 1228 τὸ
3610 1155 3756 1251 παρά

2097 1246 2325 1337 πολλῶν
2384 1251 2431 1289 1³
2484 1252 2861 1325 γινώσκεσθαι.
2920 1257 3021 1320 “Oc
3072 1258 3272 1330 ταύτην
3320 1257 3462 1337 ἔργῳ
3496 1246 3753 1337 μεμαθη-

2095 1336 2207 1401 κὼς
2240 1338 2546 1415 εὔχρηστον
2601 1342 2786 1414 οὖσαν,
2836 1344 3123 1422 ἐγγράφως
3173 1350 3310 1426 πρὸς
3352 1336 3755 1422 κοινήννλυσι-

2092 1425 2330 1495 τέλειαν,
2370 1434 2491 1493 πῶς
2549 1428 2633 1487 δεῖ
2687 1440 2931 1509 χρῆσθαι
2986 1440 3028 1473 ¹³
3078 1425 3274 1513 ταύτῃ,
3306 1439 3538 1512 ἐξάθετο’
3581 1442 3753 1516 κάμοὶ

2092 1518 2476 1593 παρηγγύησε,
2510 1523 2631 1586 καθ’
2690 1522 2814 1579 ὅσον
2868 1526 2983 1581 οἷόν
3040 1548 3101 1584 τε
3156 1523 3399 1602 ἀκριϐῶς
3429 1531 3551 1603 περὶ
3583 1530 3756 1603 αὐτῆς

2093 1606 2419 1683 συγγράψαι,
2478 1609 2568 1665 καὶ
2635 1609 2969 1688 παραδοῦναι
3032 1621 3152 1681 τοῖς
3228 1619 3455 1692 μεθεξῆς
3524 1620 3594 1691 η,
3659 1622 3749 1693 Μή

2095 1695 2260 1770 μόνον
2295 1694 2353 1752 δὲ
2381 1699 2504 1774 περὶ
2529 1698 2734 1772 ταύτης
2763 1708 2862 1769 τῆς
2902 1708 2973 1779 τῇ
3015 1707 3134 1780 ’Ἑῳ
3162 1707 3576 1780 προσηκούσης,
3607 1708 3757 1767 ἀλλὰ

2089 1788 2337 1876 καὶπερὶ
2383 1797 2484 1860 τῆς
2533 1796 2603 1868 τῇ
2653 1796 2873 1872 Εσπέρᾳ
2915 1797 2963 1834 ¹⁵
3017 1795 3308 1876 ὠφελίμου
3336 1802 3753 1873 καθεστηκυίας.

332 1882 519 1953 copiis
549 1881 874 1953 plurimum
933 1882 1166 1954 praefui,
1226 1899 1549 1954 earumque
1592 1898 1795 1937 rerum
1826 1880 1983 1953 peri-

2098 1875 2186 1933 διά
2214 1879 2276 1934 τὸ
2311 1881 2354 1917 ¹⁶
2383 1879 2436 1935 ἐν
2468 1882 2609 1957 αὐτῇ
2666 1883 2898 1942 πλεῖστά
2944 1908 3002 1943 τε
3054 1897 3449 1965 στρατηγῆσαι,
3501 1891 3592 1948 καὶ
3633 1896 3758 1948 πεῖ-

333 1969 497 2037 tiam,
532 1971 728 2043 quoad
772 1972 1027 2028 facultas
1077 1972 1234 2038 tulit,
1268 1972 1468 2028 animo
1500 1971 1733 2043 collegi.
1767 1970 1880 2027 Sed
1912 1969 1984 2025 de

333 2059 443 2115 hac
489 2062 809 2133 separatim
872 2067 929 2117 et
982 2062 1130 2119 alias
1185 2062 1451 2118 dicetur:
1507 2079 1667 2118 nunc
1698 2061 1771 2118 de
1800 2060 1990 2117 altera

334 2149 629 2207 disserere
660 2151 832 2206 nobis
884 2152 1275 2225 propositum.
1312 2152 1560 2208 Proinde
1593 2151 1735 2207 satis
1761 2150 1988 2207 faciens

333 2242 623 2314 principis
652 2242 955 2310 mandato,
1008 2243 1299 2316 adjutrice
1356 2260 1500 2299 usus
1550 2244 1738 2316 gratia
1768 2242 1986 2309 divina,

335 2347 466 2403 quae
498 2331 571 2386 ad
602 2333 805 2389 omnia
856 2333 1017 2389 bona
1071 2332 1404 2405 expetenda
1440 2333 1665 2389 assumi
1698 2332 1893 2400 debet,
1928 2332 1990 2387 in

333 2419 494 2475 hunc
554 2421 799 2477 modum
868 2422 1063 2479 dicere
1152 2422 1454 2496 ingrediar
1509 2422 1582 2478 de
1641 2427 1988 2495 argumento

341 2514 566 2566 nostro.

335 2601 470 2658 CAP.
504 2601 551 2659 I.
584 2603 661 2658 De
689 2604 955 2669 excubiis,
1008 2610 1059 2658 et
1115 2619 1222 2669 quo
1281 2601 1575 2658 intervallo
1622 2603 1747 2659 alia
1773 2602 1840 2657 ab
1860 2602 1989 2659 aliis

962 2691 1070 2730 esse
1111 2681 1361 2729 debeant.

411 2779 518 2844 Qui
548 2794 900 2850 magnarum
959 2783 1018 2833 et
1069 2778 1514 2835 limitanearum
1549 2779 1988 2851 provinciarum

337 2885 540 2924 curam
572 2874 806 2941 gerunt,
840 2867 901 2923 in
934 2884 1161 2939 suaque
1206 2868 1430 2923 ditione
1461 2869 1664 2925 fauces
1696 2871 1989 2925 montium

337 2957 580 3021 habent,
616 2957 778 3013 omni
836 2963 1086 3023 ratione,
1147 2957 1418 3026 consilio,
1479 2958 1786 3032 diligentia
1818 2959 1986 3015 inde-

327 3045 487 3102 fessa
515 3046 752 3102 studere
785 3062 1148 3118 operamque
1172 3046 1455 3102 adhibere
1478 3046 1719 3116 debent,
1744 3054 1811 3104 ut
1840 3049 1989 3104 ﬁnes

330 3140 627 3194 Romanos
660 3143 851 3193 sartos
884 3144 1070 3194 tectos
1092 3138 1164 3194 ab
1186 3139 1530 3195 incursione
1562 3140 1825 3196 hostium
1854 3158 1992 3197 con-

2097 1987 2190 2058 ραν
2254 1966 2381 2024 ὅσον
2440 1970 2558 2026 αἷόν
2616 1993 2675 2028 τε
2729 1974 2794 2044 ἦν
2851 1976 3005 2052 φύσει
3059 1975 3130 2053 τῇ
3181 1978 3447 2056 ἡμετέρᾳ,
3479 1981 3757 2058 ἀθροῖσαι.

2094 2055 2273 2115 Ἀλλᾶ
2303 2059 2426 2134 περὶ
2458 2058 2668 2133 ἐκείνης
2722 2063 2818 2137 μὲν
2865 2062 2979 2137 ἰδίᾳ
3019 2067 3104 2123 καὶ
3137 2065 3194 2123 ἐν
3219 2055 3421 2133 ἄλλοις
3457 2055 3753 2144 εἰρῆσεται·

2095 2149 2213 2203 νυνὶ
2273 2147 2330 2205 δὲ
2386 2153 2591 2215 σκοπὸς
2639 2154 2776 2227 ἡμῖν
2862 2156 2986 2232 περὶ
3043 2164 3145 2229 τῆς
3203 2160 3389 2237 ὲτὲρας
3446 2156 3752 2221 διαλαϐεῖν.

2095 2243 2253 2306 Ὃθεν
2312 2244 2403 2299 καὶ
2458 2247 2559 2317 τήν
2617 2245 2824 2304 ἐκείνου
2877 2254 3063 2326 τηρῶν
3120 2249 3373 2322 ἐντολὴν,
3410 2259 3653 2331 συνεργῷ
3679 2259 3748 2330 τῇ

2095 2334 2198 2387 τοῦ
2246 2335 2379 2388 Θεοῦ
2435 2334 2625 2410 χάριτι
2681 2337 2993 2413 χρώμενος,
3055 2338 3178 2410 ¹ἥτις
3228 2339 3281 2396 ἐν
3329 2340 3496 2397 ἃπασι
3530 2355 3749 2399 συνεπι-

2099 2415 2433 2494 λαμϐάνεται
2491 2429 2609 2487 τοῖς
2667 2422 2885 2501 καλοῖς,
2942 2425 3050 2483 ὧδὲ
3098 2429 3217 2493 πῶς
3276 2430 3600 2507 ἀπάρχομαι
3654 2439 3756 2503 τῆς

2106 2511 2429 2577 ὑποθέσεως.

2102 2602 2259 2658 ΚΕΦ.
2294 2603 2374 2660 Α’.
2410 2608 2541 2686 [ξερί
2564 2602 2809 2686 Δριγλῷν,
2851 2605 2943 2686 καὶ
2981 2607 3159 2686 ,πάσον
3189 2604 3469 2686 διάστημα
3499 2610 3757 2686 ὀφείλου-

2316 2695 2397 2729 σιν
2429 2675 2521 2730 ἀπ’
2553 2675 2825 2750 ἀλλήλων
2859 2677 2959 2753 μία
2981 2679 3177 2753 ἑκάστη
3209 2675 3542 2762 διίστάσφαι.

2171 2786 2322 2859 [120]
2359 2784 2497 2849 Τοὺς
2526 2789 2635 2842 τῶν
2670 2786 2927 2863 μεγάλων
2951 2786 3041 2844 καὶ
3067 2789 3359 2864 ἀκριτικῶν
3393 2790 3646 2864 θεμάτων
3675 2778 3753 2864 (2)

2096 2876 2195 2944 τὴν
2250 2874 2510 2949 πρόνοιαν
2574 2874 3037 2954 ἀναδεχομένους,
3091 2879 3180 2935 καὶ
3264 2879 3366 2935 ὑπὸ
3418 2880 3516 2950 τὴν
3575 2878 3749 2935 αὐτῶν

2099 2963 2443 3041 ἐπικράτειαν
2500 2966 2594 3028 τὰς
2649 2964 2976 3042 κλεισούρας
3033 2966 3282 3044 ἔχοντας,
3315 2968 3462 3045 πάσῃ
3499 2971 3748 3045 μηχανῇ,

2097 3053 2187 3110 καὶ
2216 3053 2467 3128 προθέσει
2511 3054 2602 3109 καὶ
2648 3053 2907 3129 ἀγρύπνῳ
2958 3054 3246 3129 ἐπιμελείᾳ
3288 3060 3555 3132 προσήκει
3585 3079 3755 3114 σπου-

2100 3142 2274 3213 δάζειν
2328 3143 2418 3198 καὶ
2473 3143 2855 3217 ἀγωνίζεσθαι,
2914 3144 3011 3206 τὰς
3068 3149 3175 3199 τῶν
3234 3146 3527 3218 Ῥωμαίων
3561 3149 3756 3223 χώρας

328 3234 565 3283 servent
620 3228 1109 3300 excubitoresque
1166 3228 1487 3300 disponant
1542 3230 1824 3301 valentes,
1859 3230 1984 3286 ido‘

2098 3231 2481 3310 διαφυλάττειν
2535 3238 2632 3300 τῆς
2687 3236 2796 3286 τῶν
2851 3230 3137 3304 πολεμίων
3195 3230 3504 3307 ἐπιδρομῆς
3554 3237 3750 3298 ἀσινεῖς

327 3334 494 3382 neos,
527 3317 813 3373 itinerum
839 3318 1106 3391 apprime
1154 3334 1389 3390 gnaros.
1424 3318 1480 3373 Si
1512 3318 1631 3375 alta
1661 3327 1836 3393 atque
1868 3321 1986 3376 im-

328 3407 528 3479 pedita
575 3408 721 3482 juga
766 3408 1053 3463 ditionem
1114 3414 1380 3463 nostram
1413 3408 1561 3464 187
1605 3400 1654 3465 ἰι
1709 3408 1987 3465 barbaria

332 3497 774 3565 disterminant,
836 3498 897 3553 in
956 3497 1074 3552 illis
1135 3497 1354 3553 debent
1383 3498 1644 3554 excubias
1676 3496 1981 3565 collocari,

328 3588 612 3644 stationes
662 3595 861 3644 autem
909 3587 1318 3643 excubitorum
1369 3587 1590 3644 distare
1623 3588 1782 3643 inter
1815 3602 1876 3643 se
1908 3585 1984 3643 ad

325 3677 519 3732 millia
547 3694 831 3750 passuum
863 3682 1031 3732 terna
1058 3682 1160 3733 aut
1190 3683 1500 3749 quaterna.
1529 3677 1585 3732 Si
1614 3677 1982 3735 adversarios

321 3767 773 3840 progredientes
798 3767 1193 3839 conspiciunt,
1218 3768 1440 3825 cursim
1471 3767 1646 3823 relati
1680 3766 1755 3823 ad
1785 3768 1982 3840 proxi-

321 3873 480 3912 mam
507 3857 848 3924 stationem,
874 3858 1153 3913 nuntient
1177 3875 1308 3929 quee
1331 3856 1590 3913 viderint
1613 3874 1626 3926 ;
1661 3856 1786 3912 haec
1805 3857 1981 3913 statio

323 3963 458 4001 cum
490 3964 706 4020 magna
762 3946 1063 4003 celeritate
1120 3949 1405 4021 proximae
1448 3947 1607 4002 idem
1640 3947 1978 4020 signiticet:

325 4037 525 4107 itaque
558 4036 840 4108 deinceps
866 4054 988 4092 rem
1012 4037 1362 4093 renuntient
1390 4036 1767 4106 equestribus
1790 4042 1981 4091 custo-

321 4125 462 4186 diis.
492 4127 554 4182 in
586 4127 731 4183 locis
781 4127 974 4199 planis
1025 4126 1517 4193 subsidiantibus,
1550 4143 1656 4198 per
1685 4143 1831 4197 quas
1863 4126 1980 4181 dux

323 4213 395 4270 de
427 4216 820 4273 barbarorum
861 4217 1116 4273 adventu
1163 4214 1382 4272 certior
1430 4214 1552 4268 ﬁat.
1596 4214 1979 4276 Excubitores

320 4324 673 4379 permanere
731 4309 856 4365 dies
912 4308 1257 4381 quindecim
1317 4305 1379 4360 in
1430 4305 1660 4361 viarum
1710 4307 1980 4364 custodia

320 4399 616 4467 convenit,
648 4397 922 4471 ferreque
981 4412 1186 4452 secum
1236 4399 1527 4465 quantum
1576 4402 1667 4452 sat
1710 4396 1978 4453 fueritin

319 4486 429 4542 hos
461 4487 590 4544 dies
617 4487 870 4544 cibaria:
904 4486 1044 4543 dein
1087 4484 1164 4540 ad
1212 4484 1321 4541 hos
1352 4486 1810 4543 commutandos
1843 4505 1976 4544 suc-

319 4576 537 4632 cedant
556 4577 845 4646 alii,recte
870 4575 1078 4632 censiti
1105 4580 1283 4648 atque
1307 4575 1582 4632 instructi
1605 4593 1639 4633 a
1653 4577 1974 4650 praefectis,

316 4670 385 4720 ut
406 4666 621 4740 integri
648 4668 932 4740 plenique
956 4666 1129 4738 juxta
1173 4666 1377 4721 album
1419 4667 1838 4739 praescriptum
1866 4668 1972 4725 ad-

316 4755 459 4827 sint,
495 4773 688 4831 neque
720 4756 985 4832 praefecti
1034 4757 1108 4812 ob
1155 4762 1327 4829 turpe
1356 4758 1780 4832 compendium
1811 4758 1975 4817 domi

2095 3322 2185 3376 καὶ
2225 3320 2683 3395 ἀνεπηρεάστους,
2746 3317 3074 3395 βιγλάτορας
3122 3319 3454 3398 ἐφιστῶντας
3503 3326 3579 3395 (3)
3628 3327 3748 3399 ῥω-

2091 3407 2328 3483 μαλέους
2384 3409 2475 3464 καὶ
2524 3405 2897 3480 ἐπιτηδείους,
2953 3408 3043 3464 καὶ
3090 3409 3186 3474 τὰς
3244 3407 3404 3472 ὁδοὺς
3456 3409 3532 3473 εἷς
3580 3409 3747 3484 ἄκρον

2086 3495 2501 3571 ἐπισταμένους.
2535 3495 2638 3553 Καὶ
2664 3494 2716 3550 εἷ’
2770 3495 2865 3569 μὶν
2921 3494 3023 3570 ὅρη
3081 3496 3215 3552 εἰσὶν
3273 3496 3461 3574 ὑψηλᾶ
3490 3497 3582 3553 καὶ
3614 3496 3748 3553 δύσ-

2087 3580 2223 3642 ϐατα
2257 3586 2568 3662 διορίζοντα
2595 3586 2695 3656 τήν
2727 3584 3020 3660 πολεμίαν,
3067 3583 3120 3641 ἐν
3168 3585 3386 3650 τούτοις
3412 3585 3507 3649 τὰς
3544 3585 3745 3662 βίγλας

2084 3676 2354 3733 ἵστασθαι·
2414 3674 2637 3752 ἀπέχειν
2699 3673 2758 3731 δὲ
2810 3675 2907 3739 τὰς
2965 3676 3177 3737 στάσεις
3224 3678 3334 3730 τῶν
3388 3672 3740 3751 βιγλατόρων

2087 3764 2219 3842 ἄχρι
2254 3764 2499 3840 μιλλίων
2527 3767 2580 3842 γ’
2608 3764 2644 3837 ἢ
2676 3762 2741 3822 δ’.
2792 3765 2897 3822 Καὶ
2953 3763 3120 3836 ἡνίκα
3169 3763 3299 3827 τοὺς
3332 3762 3569 3840 ἐχθροὺς
3599 3762 3745 3840 ἐξερο

2087 3856 2363 3933 χομένους
2394 3857 2696 3929 θεάσονται,
2740 3853 3020 3928 δρομαίως
3072 3855 3405 3932 ἀπέρχεσθαι
3437 3853 3515 3920 είς
3541 3855 3605 3910 τὸ
3630 3851 3747 3911 ἕτε-

2087 3967 2179 4021 ρον
2235 3943 2533 4015 στασίδιον,
2590 3944 2681 4000 καὶ
2739 3942 3105 4020 ἀπαγγέλλειν
3166 3945 3199 4000 ἃ
3250 3942 3750 4012 ἐθεάσαντο,κάκεί-

2085 4056 2209 4097 νους
2240 4033 2405 4091 πάλιν
2461 4034 2598 4109 πρὸς
2648 4033 2712 4089 τὸ
2759 4029 2941 4108 ἕτερον
3005 4030 3245 4091 σασίδιον
3281 4032 3495 4109 σπουδῇ
3526 4033 3752 4109 πολλῇ*

2082 4125 2170 4181 καὶ
2223 4125 2368 4181 οὓτω
2420 4124 2645 4193 καθεξῆς
2706 4124 3004 4198 μηνύεσθαι
3054 4123 3120 4180 τὰ
3188 4128 3299 4180 τῶν
3350 4119 3742 4200 καϐαλλαρίων

2085 4213 2330 4271 στασίδια
2387 4214 2462 4278 εἷς
2516 4215 2644 4276 τοὺς
2699 4212 3030 4293 ἐφωμάλους
3092 4218 3132 4252 ¹“¹
3188 4215 3392 4278 τόπους
3455 4213 3740 4288 ἱστάμενα,

2083 4306 2171 4362 καὶ
2204 4303 2273 4361 δι’
2332 4305 2508 4361 αὐτῶν
2563 4305 2956 4377 ἁναμανθάνειν
3009 4304 3099 4360 τὸν
3162 4306 3468 4381 στρατηγὸν
3498 4306 3598 4374 τὴν
3628 4309 3738 4358 τῶν

2084 4393 2251 4459 ἐθνῶν
2317 4391 2534 4474 ἔφοδον.
2586 4399 2871 4469 Καρτερεῖν
2924 4391 2981 4449 δὲ
3046 4393 3240 4456 αὐτοὺς
3284 4393 3499 4471 ἡμέρας
3548 4413 3740 4449 πεντε-

2080 4482 2303 4541 καίδεκα
2333 4484 2385 4540 ἐν
2417 4488 2485 4559 τῇ
2516 4488 2624 4540 τῶν
2680 4481 2822 4540 ὁδῶν
2882 4484 3123 4566 φυλακῇ,
3175 4483 3600 4562 ἐπιφερομένους
3645 4481 3735 4537 καὶ

2084 4577 2184 4645 τήν
2219 4573 2542 4650 διαρκοῦσαν
2586 4573 2769 4637 αὐτοῖς
2824 4575 3036 4650 τροφὴν
3088 4578 3197 4630 τῶν
3257 4573 3434 4629 αὐτῶν
3488 4574 3735 4649 ἡμερῶν·

2088 4666 2188 4722 εἶθ’
2264 4666 2439 4729 οὕτως
2525 4663 2853 4742 ἀπέρχεσθαι
2943 4664 3189 4739 ἐτέρους,
3246 4663 3322 4727 εἰς
3379 4664 3478 4733 τὴν
3529 4660 3737 4718 τούτων

2087 4755 2437 4835 ὑπαλλαγὴν,
2484 4754 2671 4818 καλῶς
2735 4751 3272 4830 ἀδνουμιαζομένους
3322 4755 3411 4811 καὶ
3488 4752 3739 4831 εὐτρεπι-

1529 4964 1589 5020 Ο·
1633 4967 1697 5025 Β.
1739 4965 1932 5023 HASII
1967 4964 2531 5024 ANNOTATIONES.

388 5170 436 5246 ἐπ
465 5170 612 5246 παρὰ
643 5167 817 5246 πολλἶ
845 5169 1199 5246 Lambecius
1246 5176 1390 5225 πᾶσα
1430 5168 1692 5246 ,πολλῶνξ
1713 5173 1904 5246 γᾳιιοά
1944 5173 1985 5246 j:

2126 5178 2183 5229 et
2231 5172 2529 5246 Kollarius
2575 5170 2833 5246 correxit
2867 5169 3007 5246 edit.
3038 5168 3235 5246 altera
3254 5171 3608 5246 Comment.”
3626 5167 3738 5246 VlI.

313 5244 438 5328 434:
473 5241 1010 5328 C(et‘potelerim.
1039 5242 1343 5328 'Ecclesiaa
1402 5245 1646 5328 Graecae
1677 5241 1985 5328 Monume'p

2097 5246 2199 5328 IlI,
2248 5245 2518 5328 εἶθαρ.-
2564 5242 2611 5282 ί³
2656 5243 2923 5328 χρῆσθαιἶ
2967 5241 3314 5328 Lambecius
3363 5241 3636 5328 901.2435.
3670 5245 3736 5297 Α.

313 5322 546 5442 ἶρῆσαι.
577 5386 589 5399 .
626 5314 673 5351 ¹⁴
734 5315 977 5386 μεθεξῆς.
1039 5316 1390 5398 Lambecius
1445 5315 1699 5383 καθεξῆς.
1778 5317 1822 5352 ¹⁶
1850 5313 1985 5387 sane,»

358 5388 668 5442 ambecnus
699 5387 1098 5442 Commentar.
1134 5388 1207 5442 de
1240 5388 1521 5442 Biblioth.
1553 5387 1768 5442 Casar.
1808 5390 1924 5442 VII.
1957 5391 1985 5442 4

2126 5317 2474 5374 Lambecius
2502 5316 2616 5373 loc.
2649 5313 2750 5373 cit.
2802 5313 2966 5380 ἐσπὲρ
3023 5356 3034 5369 .

2162 5389 2208 5426 ¹⁷
2238 5388 2314 5442 εἰς
2342 5388 2471 5442 τοὺς
2503 5387 2583 5442 ἐφ’
2613 5385 2861 5442 ὁμαλοὺς
2891 5334 3022 5442 cod".

3134 5314 3179 5350 4‘
3209 5311 3299 5367 διὰ
3321 5314 3405 5368 τό.
3441 5314 3740 5370 Hactenus

358 5385 668 5444 ambecius
699 5385 1098 5444 Commentar.
1134 5388 1207 5444 de
1240 5388 1521 5443 Biblioth.
1553 5387 1768 5444 Casar.
1808 5390 1924 5446 VII.
1957 5385 1985 5445 4

2162 5389 2208 5426 ¹⁷
2238 5388 2314 5451 εἰς
2342 5388 2471 5450 τοὺς
2503 5387 2583 5468 ἐφ’
2613 5385 2861 5462 ὁμαλοὺς
2891 5385 3022 5444 cod.
3057 5386 3190 5444 Sed.
3222 5386 3339 5443 vid.
3370 5387 3436 5443 D.
3471 5387 3578 5444 lin.
3610 5388 3663 5442 2.

388 5590 466 5654 (2)
497 5587 695 5659 ῘΑκραι
747 5592 887 5659 sunt
933 5587 1155 5643 limites
1206 5585 1463 5659 imperii,
1497 5586 1620 5639 122.
1653 5585 1721 5659 ᾼ.
1758 5587 1879 5659 123.
1913 5587 1975 5644 C.

318 5673 455 5732 ergo
487 5655 741 5732 ἀκριτικα
766 5657 971 5732 θέματα
994 5655 1318 5732 provinciis
1341 5658 1403 5711 in
1437 5657 1717 5732 extremis
1747 5657 1967 5732 finibus

320 5728 468 5784 sitae.
504 5728 1073 5798 timitaneae,'157.'B.
1108 5730 1274 5786 Unde
1306 5728 1578 5784 homines
1610 5728 1712 5799 qui
1744 5729 1967 5786 limites
2077 5730 2256 5786 verba
2305 5732 2368 5785 in
2432 5728 2482 5783 ’v.

320 5797 593 5857 habitant
620 5803 834 5878 ἀκρῖται
866 5808 1151 5859 vocantur
1183 5803 1305 5857 122.
1337 5802 1403 5857 D.
2077 5798 2308 5880 ἐφιστῶν
2343 5752 2468 5860 My.

318 5797 593 5857 habitant
620 5797 834 5878 ἀκρῖται
866 5808 1151 5859 vocantur
1183 5803 1305 5857 122.
1337 5802 1403 5857 D.

2159 5588 2232 5654 (3)
2264 5585 2567 5670 Eiusmodi
2598 5585 2823 5670 formas
2958 5579 3038 5637 άω
3084 5600 3219 5670 cum
3252 5583 3739 5670 scriptor‘noster

2082 5662 2205 5713 tum
2230 5656 2329 5714 alii
2350 5658 2529 5729 hujus
2551 5658 2742 5729 aetatis
2755 5656 2942 5711 multo
2956 5657 3142 5726 magis
3156 5656 3538 5729 frequentant
3557 5673 3739 5729 quam

2491 5774 2503 5787 .
2536 5730 2631 5785 Sic
2661 5725 2870 5798 διϊστᾷν
2905 5731 3019 5783 122.
3057 5730 3117 5786 Β.
3164 5725 3379 5799 ἐφιστᾷν
3416 5733 3536 5787 121.
3572 5725 3632 5785 Β.
3667 5728 3735 5783 Ι).

2501 5804 2570 5859 Δ.
2600 5804 2722 5859 152.
2754 5801 2816 5858 C.
2845 5800 3100 5875 καθιστᾷν
3131 5802 3254 5859 122.
3289 5803 3361 5861 D.
