4118 6456
332 448 454 508 933

1674 441 2092 506 VELITATIO
2136 444 2490 510 BELLICA.

3645 443 3765 501 934

332 579 602 654 ζομὲνους
630 576 779 653 παρὰ
807 582 916 632 τῶν
947 575 1256 656 ἀρχόντων,
1313 576 1410 632 καὶ
1471 577 1651 643 σώους
1699 578 1788 633 καὶ
1839 574 1998 632 ἀνελ-

2138 597 2212 636 εοε
2270 582 2537 639 residere
2610 582 2828 639 sinant.
2887 583 3146 638 Possunt
3196 580 3342 636 item
3390 578 3766 635 excubitores

335 668 524 730 λιπεῖς
598 668 736 721 κατά
817 666 910 721 τὸν
969 666 1286 722 τυπωθέντα
1367 666 1606 742 ἀριθμὸν
1662 663 2008 723 ἀποστελλο-

2138 672 2426 744 lispicere,
2462 691 2594 745 quas
2624 673 2758 729 loca
2795 671 2869 728 ad
2926 676 3123 727 castra
3169 669 3432 726 hostium
3490 667 3766 724 facienda

346 761 567 835 μένους,
596 757 687 812 καὶ
723 756 800 829 μὴ
832 753 901 811 δι’
941 754 1171 833 αἲσχρὸν
1235 754 1429 831 κέρδος
1488 755 1635 813 οἷ’κοι
1692 756 2008 828 καθέζεσθαι

343 849 492 926 παρά
573 851 681 902 τῶν
743 846 1029 923 ἀρχόντων
1089 846 1267 902 αὐτῶν
1352 848 1609 911 ἐαθῶσιν.
1665 849 1880 920 ’Ἔξεστι
1950 842 2008 901 δὲ

341 943 471 1005 τους
506 938 836 1017 βιγλάτορας
896 936 1125 1016 ἀφορᾷν,
1186 936 1239 991 ἐν
1301 939 1385 1002 οἷς
1434 934 1689 1009 ἅπληκτα
1746 941 1855 992 τῶν
1910 956 2007 991 πο-

350 1033 560 1107 λεμῐων
592 1028 824 1105 ἁρμόζει
856 1026 1120 1102 γίνεσθαι,
1179 1025 1232 1082 ἐν
1267 1029 1350 1089 οἷς
1410 1024 1561 1102 ὓδωρ
1593 1024 1706 1082 ἐστὶ
1767 1024 2007 1102 διαρκὲς,

352 1122 442 1179 καὶ
493 1120 660 1181 τόπος
718 1116 1040 1192 ἐφώμαλος·
1105 1113 1320 1191 ἑτέρους
1395 1112 1453 1170 δὲ
1512 1114 1761 1191 βλέπειν,
1815 1113 1867 1170 ἐν
1929 1116 2011 1180 οἷς

347 1215 382 1283 ἡ
456 1208 582 1271 ὁδὸς
663 1206 923 1262 ἀποτελεῖ
978 1206 1022 1243 ¹⁸
1081 1205 1354 1280 στένωμα·
1441 1204 1651 1269 ἄλλους
1707 1203 1785 1280 δὲ,
1872 1204 2012 1261 ’ὅπου

346 1299 597 1372 ποταμὸς
656 1297 896 1375 ὑπάρχει
958 1292 1315 1371 δυσπέρατος.
1377 1295 1477 1349 Καὶ
1561 1295 1772 1351 τούτων
1834 1293 2011 1357 οὕτως

352 1387 619 1468 ἀσφαλῶς
702 1384 1116 1463 φυλαττόντων,
1199 1382 1259 1438 οὑ
1310 1381 1636 1455 δυνήσονται
1723 1386 1774 1440 0':
1851 1384 2014 1442 πολέ·⁸

361 1500 481 1555 pm:
535 1477 709 1551 λάθρα
793 1476 1128 1545 ποιήσασθαι
1206 1474 1307 1543 τὴν
1364 1472 1656 1545 ἐξελευσιν.
1715 1472 2015 1531 Ἀποστελ-

352 1569 470 1625 λειν
498 1586 556 1621 τε
605 1562 832 1627 πιστοὺς
892 1563 1214 1633 ἀνθρώπους
1272 1563 1362 1617 καὶ
1418 1554 1869 1639 ἐμπειροτάτους,
1919 1566 2016 1619 τοῦ

346 1657 549 1733 ἐφορᾷν
578 1650 878 1725 αὑτοὺς,εἷ’
899 1674 959 1729 γε
1004 1650 1193 1715 καλῶς
1253 1651 1341 1707 καὶ
1406 1651 1697 1729 ἀγρύπνως
1729 1653 1796 1708 τὰ
1847 1673 2017 1709 κατα-

350 1748 520 1804 τόπια
603 1745 781 1801 αὐτῶν
872 1741 1320 1819 διαφυλάττουσι.
1400 1742 1507 1799 Καὶ
1575 1743 1628 1798 οἱ
1686 1741 2019 1807 τυπωθέντες

352 1841 684 1918 βιγλάτορες
739 1843 874 1893 σῶοι
923 1841 1001 1909 τῷ
1060 1837 1280 1912 ἀριθμῷ
1311 1836 1405 1891 καὶ
1461 1837 1538 1911 μή
1573 1835 1823 1901 ἐλλιπεῖς
1853 1836 2016 1914 ἀπέρ-

2118 769 2257 835 apta
2287 763 2427 834 sint,
2460 764 2780 835 aquatione
2812 761 3073 834 copiosa,
3104 761 3235 816 loco
3283 758 3596 833 pr0patulo
3626 775 3638 812 :
3663 757 3768 814 alii

2119 854 2448 925 explorare,
2507 854 2611 910 ubi
2665 854 2779 909 iter
2834 851 3017 907 efﬁcit
3072 850 3424 924 angustias:
3480 849 3606 917 alii,
3666 847 3768 903 ubi

2118 945 2346 1002 ﬂumen
2368 946 2621 1001 transitu
2644 943 2889 1000 difﬁcile
2920 942 3130 998 subsit.
3153 941 3375 1008 Quiubi
3399 947 3558 997 recte
3574 946 3776 996 custo-

2120 1034 2314 1100 diunt,
2336 1052 2456 1091 non
2487 1039 2770 1109 poterunt
2815 1034 3017 1088 hostes
3075 1031 3331 1087 latenter
3389 1030 3765 1102 eruptionem

2118 1123 2335 1181 facere.
2367 1124 2457 1180 Ad
2487 1125 2615 1181 haec
2661 1124 2898 1181 mittere
2955 1126 3189 1194 oportet
3230 1126 3422 1177 certos
3478 1119 3774 1192 peritissi—

2121 1231 2369 1286 mosque
2396 1215 2693 1284 homines,
2725 1215 2829 1287 qui
2861 1212 3266 1287 speculentur,
3298 1227 3375 1267 an
3404 1215 3564 1266 recte
3592 1217 3774 1283 atque

2122 1304 2435 1377 vigilanter
2463 1305 2751 1361 stationes
2780 1320 2917 1359 suas
2946 1300 3303 1358 custodiant.
3337 1300 3639 1373 Designati
3670 1315 3778 1355 au-

2123 1398 2245 1450 tem
2276 1395 2650 1451 excubitores
2679 1395 2913 1465 integro
2944 1408 3198 1448 numero
3243 1389 3570 1457 discedant,
3604 1389 3686 1444 ita
3717 1393 3785 1444 ut

2124 1483 2327 1541 nullus
2355 1484 2529 1551 desit,
2562 1502 2758 1557 neque
2807 1483 3157 1555 relinquant
3204 1480 3357 1549 loca,
3415 1479 3568 1535 188
3627 1477 3785 1534 unde

2128 1574 2421 1646 speculari
2452 1580 2630 1645 atque
2664 1573 2938 1630 obsidere
2971 1572 3190 1628 itinera
3230 1568 3388 1642 jussi
3421 1569 3562 1635 sint,
3594 1583 3791 1638 neque

2126 1663 2190 1719 in
2222 1663 2436 1721 iisdem
2486 1663 2845 1720 stationibus
2899 1664 3323 1734 permaneant,
3394 1658 3500 1714 sed
3558 1660 3798 1712 mutent

2128 1753 2381 1810 subinde
2411 1754 2611 1809 locum
2667 1753 2905 1823 alioque
2965 1749 3364 1819 demigrent:
3397 1764 3496 1817 ne,
3554 1750 3800 1819 propter

2126 1844 2562 1900 diuturniorem
2591 1843 2653 1898 in
2681 1842 2892 1899 eodem
2927 1845 3084 1897 statu
3118 1837 3652 1894 commorationem
3686 1851 3793 1891 no-

354 1917 596 2010 χωνται,
629 1931 712 2002 [Ρ.
763 1929 890 2001 121]
921 1927 1011 1982 καὶ
1076 1928 1150 2001 μὴ
1214 1924 1684 2001 καταλιμπάνωσι
1742 1929 1839 1992 τάς
1897 1931 2021 1987 στά-

2138 1933 2263 1997 tati,
2295 1933 2369 1989 ab
2402 1932 2671 1989 hostibus
2698 1931 2873 1989 facile
2906 1930 3038 2001 capi
3070 1927 3321 2002 possint.

352 2019 711 2076 ἐναλλάσσειν
743 2017 876 2082 τοὺς
905 2017 1108 2080 τόπους
1140 2017 1229 2072 καὶ
1262 2015 1519 2094 ἀλλαχοῦ
1553 2014 1917 2093 μεταϐαίνειν·
1947 2020 2045 2079 ἵνα
2077 2024 2155 2097 μὴ
2188 2021 2275 2077 ἐπὶ
2308 2019 2453 2077 πολὺ
2485 2020 2900 2098 ἐγχρονίζοντες
2930 2023 3047 2080 τοῖς
3080 2016 3267 2077 αὐτοῖς
3324 2015 3541 2088 τόποις,
3604 2010 3786 2087 διαγι-

352 2109 701 2182 νωσιιόμενοι
734 2106 1005 2162 εὐάλωτοι
1036 2105 1292 2184 γίνωνται
1323 2111 1439 2171 τοῖς
1473 2106 1714 2185 ἐχθροῖς.

360 2203 525 2258 ΚΕΦ.
576 2200 648 2254 Β“.
709 2196 841 2273 Περὶ
899 2202 1006 2252 τῶν
1062 2191 1499 2274 καμινοϐιγλίων
1581 2198 1671 2255 καὶ
1756 2202 2016 2258 κατασκό-

1123 2290 1265 2326 πων.

353 2376 731 2458 ξὲιἈναγκαὶα
788 2374 846 2432 δέ
902 2379 937 2447 ἡ
995 2380 1101 2433 τῶν
1161 2373 1725 2455 καμινοϐιγλατόρων
1780 2379 2015 2458 ὑπάρχει

372 2467 631 2545 ὠφέλειαν
655 2467 747 2524 καὶ
778 2468 890 2542 γρή
922 2467 1014 2523 τὸν
1048 2467 1351 2544 στρατηγὸν
1381 2468 1470 2524 καὶ
1526 2470 1736 2525 τούτων
1792 2469 2013 2542 πολλὴν

366 2565 638 2623 ποιεῖσθαι
666 2558 766 2626 τὴν
800 2554 1142 2630 ἐπιμέλειαν,
1198 2557 1289 2612 καὶ
1348 2554 1400 2613 ἐν
1448 2556 1780 2631 ἐπιτηδείοις
1821 2561 2016 2623 τόποις

369 2648 585 2726 Egnati;
614 2649 681 2702 τὰ
712 2641 1128 2725 καμινοϐίγλια·
1179 2644 1354 2716 ὃπως,
1411 2648 1573 2720 ἡνίκα
1628 2649 1842 2721 κίνησις
1908 2656 2019 2708 τῶν

376 2740 587 2812 ἐχθρῶν
618 2738 858 2814 γένηται,
889 2736 980 2793 καὶ
1021 2738 1073 2792 οἱ
1107 2736 1436 2815 βιγλάτορες
1494 2739 1699 2811 ταύτης
1729 2739 2019 2806 αἴσθωνται

378 2824 468 2882 διά
499 2832 603 2883 τῶν
634 2822 1066 2905 καμινοϐίγλων,
1100 2827 1189 2882 καὶ
1244 2827 1273 2881 ὁ
1303 2830 1608 2906 στρατηγὸς
1647 2832 1750 2901 τὴν
1805 2830 2016 2901 ἐξελευ-

369 2938 451 2972 σιν
483 2921 591 2972 τῶν
611 2914 818 2993 ἐχθρῶν
846 2917 1229 2995 προγινώσκῃ,
1260 2918 1349 2973 καὶ
1383 2917 1543 2973 ποίαν
1605 2916 1729 2974 ὁδὸν
1784 2918 2022 2991 ἐξελθεῖν

369 3004 658 3081 μέλλουσι·
692 3007 783 3062 καὶ
815 3006 870 3062 αἱ
904 3010 1085 3082 χῶραι
1142 3008 1240 3081 (4),
1275 3003 1348 3062 δι’
1406 3006 1579 3063 αὐτῶν
1639 3030 1697 3064 τε
1757 3010 1850 3065 καὶ
1909 3015 2018 3067 τῶν

364 3097 794 3174 ἐκσπηλατόρων
828 3100 905 3173 (5)
955 3098 1458 3174 καταμηνυόμεναι,
1516 3105 1632 3164 τοῖς
1692 3100 2023 3181 ὀχυρώμασι

361 3189 769 3267 καταφεύγωσι,
799 3187 891 3243 καὶ
919 3188 986 3244 τὰ
1012 3188 1220 3245 τούτων
1278 3185 1587 3265 θρέμματα.
1650 3191 1737 3248 Ἐν
1790 3189 1846 3247 δὲ
1902 3199 2025 3258 ταῖς

2125 2205 2261 2261 CAP.
2289 2205 2361 2262 II.
2393 2205 2467 2260 De
2495 2204 2763 2259 custodiis
2801 2203 3066 2257 itinerum
3101 2206 3153 2255 et
3212 2198 3277 2254 de
3325 2195 3793 2268 exploratoribus.

2198 2383 2581 2441 Necessarius
2611 2387 2811 2439 autem
2836 2386 2931 2437 est
2958 2379 3272 2436 custodum
3302 2377 3583 2432 itinerum
3603 2392 3747 2432 usus
3773 2390 3789 2430 :

2129 2479 2188 2530 et
2216 2473 2396 2530 debet
2426 2473 2542 2530 dux
2573 2474 2637 2529 in
2662 2472 2756 2528 his
2810 2487 3048 2544 quoque
3097 2484 3372 2542 magnam
3415 2464 3788 2539 diligentiam

2129 2565 2438 2633 adhibere,
2461 2563 2881 2634 custodiasque
2911 2560 3139 2616 viarum
3162 2559 3310 2615 locis
3340 2554 3573 2612 idoneis
3594 2554 3791 2627 dispo-

2129 2671 2310 2711 nere:
2344 2659 2429 2722 ut,
2464 2652 2702 2725 quando
2729 2640 2927 2708 motus
2958 2650 3217 2706 hostium
3253 2646 3338 2712 fit,
3367 2663 3474 2719 per
3505 2646 3793 2701 itinerum

2130 2744 2408 2801 custodes
2437 2743 2548 2799 hac
2569 2743 2642 2799 de
2674 2757 2737 2798 re
2759 2746 2819 2797 et
2847 2740 3222 2819 excubitores
3281 2735 3567 2792 certiores
3619 2734 3790 2801 ﬁant,

2131 2840 2190 2892 et
2217 2834 2337 2890 dux
2367 2850 2504 2889 cum
2535 2832 2749 2889 exiisse
2776 2832 3001 2894 hostes,
3035 2834 3161 2883 tum
3192 2842 3310 2898 qua
3357 2826 3449 2880 via
3498 2822 3791 2894 irrupturi

2131 2924 2272 2991 sint,
2294 2925 2774 2995 prmcognoscat:
2810 2934 3005 2989 neque
3037 2916 3239 2971 minus
3268 2928 3497 2987 pagana
3527 2910 3719 2983 plebs,
3754 2926 3791 2966 a

2132 3011 2479 3069 custodibus
2509 3007 3054 3083 expilatoribusque
3078 3001 3474 3065 admonita.in
3505 3001 3637 3056 loca
3657 3016 3789 3055 mu-

2132 3104 2259 3159 nita
2287 3119 2422 3160 cum
2452 3100 2767 3173 pecoribus
2797 3097 3111 3170 perfugiat.
3143 3095 3211 3149 In
3243 3091 3433 3147 limite
3457 3089 3793 3163 provincia-

2132 3210 2267 3250 rum
2299 3192 2613 3258 Armenia),
2648 3186 3133 3262 quandoquidem
3160 3181 3424 3239 Armenii
3458 3197 3647 3252 neque
3679 3179 3792 3235 rite

365 3277 558 3351 ἄκραις
587 3284 699 3333 τῶν
758 3278 1131 3352 Ἀρμενιακῶν
1192 3278 1468 3351 θεμάτων,
1526 3279 1640 3335 ἐπεὶ
1699 3281 1750 3336 οἳ
1812 3282 2018 3356 Ἀρμέο

2138 3301 2328 3356 neque
2367 3282 2627 3339 ﬁdeliter
2659 3277 3028 3336 excubitoria
3058 3274 3274 3331 militia
3325 3271 3793 3344 perfunguntur,

368 3368 566 3424 νιοιοὺ
595 3366 786 3430 καλῶς
820 3364 945 3422 οὐδὲ
975 3366 1234 3446 ἀσφαλῶς
1277 3370 1378 3439 τὴν
1436 3374 1545 3425 τῶν
1605 3370 1815 3445 βιγ).ῶν
1877 3369 2020 3429 ἐκτε-

369 3460 527 3514 λοῦσι
573 3455 850 3528 δουλείαν,
917 3456 1277 3533 ὀφειλόμενόν
1337 3456 1450 3514 ἐστι
1509 3459 1873 3538 φυλάττεσθαι
1930 3463 2022 3518 τὸν

373 3549 478 3605 ἀπὸ
508 3547 756 3604 παλαιοῦ
784 3550 1130 3623 κρατήσαντα
1168 3548 1338 3605 τύπον
1367 3547 1418 3604 ἐν
1468 3555 1588 3613 ταῖς
1645 3550 1867 3629 βίγλαις
1919 3557 2026 3609 τῶν

374 3636 674 3713 Ἀρμενίων
708 3638 800 3693 καὶ
859 3636 1180 3712 ἀνθρώπους
1239 3637 1587 3718 ἐπιλέγεσθαι
1636 3641 1727 3696 καὶ
1786 3642 2027 3718 ἀπογρά·

387 3729 570 3801 ιρεσθαι
626 3724 993 3797 ἐπιτηδείους,
1054 3722 1440 3800 λαμϐάνοντας
1514 3731 1703 3803 μισθὸν
1766 3730 1873 3786 ἀπὸ
1928 3736 2030 3786 τοῦ

391 3821 613 3891 στρατοῦ
653 3815 1147 3892 ἐπισωρευόμενον,
1206 3818 1337 3894 ὑπὲρ
1369 3819 1445 3874 ὦν
1504 3819 1532 3874 ὁ
1585 3825 1839 3884 τοιοῦτος
1869 3842 2033 3897 στρα-

384 3907 476 3969 τὸς
505 3910 571 3981 τῇ
601 3911 711 3962 τῶν
774 3905 986 3982 βιγλῶν
1049 3905 1368 3985 λειτουργίᾳ
1428 3909 1717 3985 ὑπηρετεῖν
1777 3910 2029 3990 ὤφειλενο

384 3996 642 4058 ὡσαύτως
693 3996 783 4051 καὶ
817 3996 1050 4050 ἀννώναν
1110 3996 1319 4071 ἑκάστῳ
1375 3999 1505 4073 μηνὶ
1570 4002 1671 4070 τήν
1716 4000 2037 4077 τετυπωμὲ-

374 4103 498 4157 νην·
557 4086 653 4143 καὶ
710 4083 1075 4141 ὑπαλλάττειν
1133 4087 1328 4151 αὐτοὺς
1412 4094 1528 4153 καθ’
1580 4087 1805 4147 ἕκαστον
1867 4095 2035 4165 μῆνα,

373 4176 464 4231 καὶ
493 4173 565 4231 δι’
599 4174 776 4232 αὑτῶν
808 4175 904 4238 τὰς
936 4173 1116 4243 ὁδοὺς,
1149 4174 1200 4231 ἐν
1231 4177 1313 4239 αῖς
1345 4177 1402 4233 οἱ
1461 4177 1728 4253 πολέμιοι
1780 4179 2039 4258 ἐξέρχον-

376 4286 488 4333 ται,
518 4262 814 4344 φυλάττειν
856 4265 1132 4344 ἀσφαλῶς.
1198 4264 1358 4323 Ἀλλ’
1415 4268 1529 4324 ἐπεὶ
1588 4266 1714 4325 οὐδὲ
1769 4271 1925 4327 αὑτοὶ
1987 4272 2039 4327 οἱ

379 4355 518 4431 μετά
552 4359 750 4429 μισθοῦ
801 4356 890 4411 καὶ
958 4355 1219 4426 ἀννώνας,
1274 4355 1560 4433 Ἀρμένιοι
1621 4354 1791 4429 ὅντες,
1853 4360 2041 4424 καλῶς

376 4446 476 4515 τὴν
536 4450 647 4501 τῶν
713 4446 927 4521 βιγλῶν
1004 4446 1338 4522 ὑπηρετοὺσι
1396 4446 1672 4519 δουλείαν,

379 4534 873 4609 ἀποστελλομὲνων
960 4538 1319 4594 κατασκόπων

1754 4451 1860 4507 ἀπὸ
1931 4456 2038 4508 τῶν

1409 4541 1521 4615 χρὴ
1611 4540 1706 4604 τὰς
1800 4543 2044 4614 κινήσεις

2135 3374 2412 3432 convenit
2437 3380 2640 3428 tenere
2671 3366 3166 3427 consuetudinem
3198 3363 3531 3434 antiquitus
3561 3362 3624 3416 in
3673 3368 3792 3415 Ar-

2136 3464 2473 3520 meniorum
2506 3460 2720 3533 vigiliis
2752 3458 3088 3514 institutam
3124 3458 3229 3511 :ut
3274 3451 3607 3524 deligantur
3655 3464 3793 3504 con-

2139 3553 2594 3622 scribanturque
2626 3548 2900 3605 homines
2932 3545 2992 3600 id
3033 3544 3155 3612 nei,
3187 3542 3288 3614 qui
3341 3537 3707 3613 stipendium
3756 3552 3793 3594 a

2138 3643 2433 3699 militibus
2482 3639 2769 3696 collatum
2845 3636 3163 3708 accipiant,
3220 3634 3465 3704 propter
3522 3643 3792 3701 Operam,

2141 3751 2319 3806 quam
2350 3731 2724 3789 exercitusin
2746 3727 3011 3784 excubiis
3041 3723 3284 3798 agendis
3314 3736 3537 3794 ponere
3554 3717 3794 3774 debuis-

2144 3830 2229 3880 set
2258 3840 2269 3878 :
2294 3824 2437 3879 item
2457 3819 2808 3893 utquolibet
2835 3833 3041 3874 mense
3074 3829 3376 3871 annonam
3405 3809 3796 3867 constitutam

2144 3916 2403 3988 capiant,
2435 3913 2804 3986 singulisque
2850 3907 3158 3965 mensibus
3216 3907 3682 3970 commutentur,
3743 3904 3803 3955 et

2145 4008 2385 4068 itinera.
2410 4004 2628 4076 quibus
2658 4003 2860 4058 hostes
2891 4002 3233 4071 erumpunt,
3259 4000 3419 4051 recte
3438 3990 3798 4049 custodiant.

2147 4095 2259 4151 Sed
2291 4095 2432 4166 quia
2460 4110 2533 4148 ne
2557 4091 2643 4146 illi
2679 4089 3025 4162 quidem,ut
3045 4085 3307 4141 Armenii
3367 4082 3520 4138 189
3545 4078 3804 4151 acceptis

2149 4183 2461 4257 stipendiis
2494 4188 2554 4237 et
2581 4180 2861 4246 annonis,
2895 4174 3320 4233 excubitoriam
3348 4171 3627 4227 militiam
3646 4172 3804 4224 recte

2149 4274 2594 4338 administrant,
2628 4274 2862 4342 oportet
2887 4284 2954 4322 ex
2988 4264 3288 4320 indicibus
3311 4260 3573 4317 dimissis
3603 4264 3801 4314 motus

2153 4366 2515 4421 exercituum
2550 4358 2860 4423 sciscitari,
2892 4363 2953 4411 et
2983 4353 3292 4426 trapezitas
3342 4349 3561 4422 eligere
3617 4347 3801 4403 fortes

2151 4472 2219 4511 ac
2251 4461 2702 4522 strenuos,quos
2725 4445 2988 4503 Armenii
3013 4442 3326 4500 tasinarios
3355 4442 3587 4510 vocant,
3608 4437 3803 4508 iisque

2152 4544 2215 4599 in
2238 4540 2614 4599 matriculam
2636 4535 2990 4608 conscriptis
3011 4531 3322 4605 praefectos
3338 4523 3800 4601 imponere,qui,

1594 4759 1656 4814 C.
1690 4758 1753 4815 B.
1804 4758 1995 4815 HASII
2021 4752 2584 4815 ANNOTATIONES.

460 4932 502 4970 ¹⁸
530 4928 816 5007 ἀποτελεῖ]
844 4929 1144 4987 ἀποστελεῖ
1172 4930 1303 4990 cod.
1336 4927 1665 4987 ἀποστέλλει
1695 4930 1819 4991 alii.
1849 4933 1892 4970 ¹⁹
1919 4931 2021 4987 αὐτ

2156 4931 2313 4989 Fort.
2340 4925 2550 4989 αὑτοῖς.

456 5115 532 5187 (4)
553 5114 674 5171 Hoc
692 5118 810 5187 est,
845 5116 1001 5186 plebs
1053 5130 1301 5186 pagana,
1359 5113 1724 5187 habitatores
1784 5116 2046 5172 vicorum
2075 5117 2122 5183 Ι)
2155 5110 2540 5170 scribendum
2596 5106 2829 5187 fuisset,
2877 5098 3257 5187 ἒξπιλάτορες,
3289 5091 3803 5187 εχρτρρΞί-ἮῘΑΕΕ

381 5184 532 5258 ques
554 5185 738 5316 )gupiu
764 5184 934 5244 vocat
975 5184 1089 5273 -2τηζ
1122 5191 1183 5245 B.
1238 5184 1484 5261 χωρίτας
1536 5189 1659 5245 126.
1710 5188 1772 5243 Β.
1823 5190 1945 5243 133.
1975 5188 2037 5244 C.

384 5260 507 5314 158.
611 5300 622 5313 .
677 5257 969 5316 οἰκήτορας
1022 5278 1130 5313 των
1184 5258 1409 5316 γωρῐων
1474 5261 1594 5314 132.
1656 5260 1719 5316 Β.
1780 5262 1903 5316 140.
1963 5262 2032 5315 Α.

384 5257 507 5333 153.
557 5257 969 5333 ’3.ὀἷκήτορας
1022 5261 1130 5333 τῶν
1184 5257 1409 5333 χωρίων
1470 5261 1594 5333 132.
1656 5260 1719 5317 Β.
1780 5262 1903 5316 140.
1963 5262 2032 5315 Α.

380 5327 510 5406 τοὺς
541 5333 648 5384 τῶν
680 5326 930 5406 ⁸χωρίων
990 5326 1227 5406 πολίταξ
1280 5326 1401 5406 160.
1456 5331 1516 5387 C.
1578 5332 1680 5386 Est
1726 5333 1886 5387 enim
1918 5349 2039 5405 χω-

383 5400 499 5475 ρίον
538 5400 984 5476 apud—Graecos
1033 5403 1215 5476 medii
1253 5402 1378 5476 pavi
1425 5410 1816 5476 recentesque
1871 5400 2039 5469 ricus,

380 5474 594 5545 pagus,
617 5482 683 5531 ut
704 5474 792 5530 vel
824 5492 893 5530 ex
915 5475 1165 5547 Tacticis
1199 5474 1513 5547 Nicephori
1555 5476 1755 5547 liquet
1792 5477 1910 5530 152.
1977 5475 2039 5547 Ι).

392 5549 516 5601 159.
552 5548 613 5603 C.
665 5547 1001 5605 Ducangius
1060 5546 1315 5601 Glossar.
1347 5545 1443 5601 ‘II.
1496 5545 1653 5601 1774.
1732 5546 1797 5602 D.
1876 5545 2045 5613 Quod

388 5632 510 5674 non
541 5618 965 5675 animadvertit
994 5618 1270 5673 Reiskius
1300 5617 2044 5691 Constantin.l?orphyrog.

385 5691 619 5774 fuerim.
651 5692 772 5774 aut.
808 5693 1043 5763 Byzant.
1076 5690 1120 5744 Ι.
1160 5692 1285 5745 258.
1316 5691 1382 5745 Α.
1443 5689 1511 5744 τὰ
1567 5688 1752 5763 χωρία
1797 5688 2049 5760 regionis

382 5769 839 5836 interpretatus.

459 5831 1036 5909 (5)’Ἑκσπηλάτορες,
1070 5839 1270 5904 seu,ut
1282 5833 1611 5891 secundum
1633 5833 2052 5909 etymologiam

2157 5164 2576 5243 siones—ervam
2634 5164 2877 5235 nomine
2917 5164 3324 5245 'expilat'ores:
3364 5164 3574 5245 'possis
3602 5168 3807 5245 tamen

2147 5232 3255 5330 quoquevvertereierinanitores:.Nam
3298 5232 3458 5312 quod
3503 5232 3807 5330 faciebant

2149 5317 2202 5384 ὁὶ
2233 5317 2666 5396 ἐκέτπηλάτορες,
2698 5329 2766 5378 ut
2798 5317 3243 5396 multitudinem
3299 5324 3611 5396 paganam:
3658 5318 3800 5396 gr:-

2150 5418 2273 5476 ges,
2306 5385 2509 5456 omnia
2536 5385 2795 5466 denique
2828 5409 2898 5475 ex
2949 5390 3104 5476 agris
3136 5389 3197 5442 in
3230 5386 3357 5476 loca
3375 5385 3807 5476 munilgﬁgl‘l‘l:

2152 5450 2913 5546 Belicreritfvocep‘ropria
2932 5450 3180 5546 vdeatur
3212 5455 3544 5546 ἐἶπὶηαπτξὺςει
3578 5450 3802 5532 Hirtius

2784 5522 2879 5591 '20.
2932 5537 3130 5610 Neque
3175 5529 3348 5610 aliter
3391 5522 3800 5610 Reiskiuseif-

2154 5594 2721 5689 ὖὸίὶίίῑὲζεέτὶῆἰέρευί
2748 5594 3453 5689 Οοηξιαηιῖιξοιορινιχτος.

2689 5662 2782 5759 [ξ.⁷
2804 5662 3245 5759 Substantivum
3277 5662 3805 5759 ςὲκσπζλλάξιυςο-ΡΪ

2159 5733 2930 5830 SES'ﬁEéet'éx-Eéjqc‘iocag
2957 5748 3146 5830 t_2_7.B.
3176 5743 3421 5802 verbum
3451 5733 3805 5805 ἐκσπηλεύειν

2164 5850 2212 5890 s.
2243 5820 2544 5901 ἐεῗπιλεύειν
2577 5828 2699 5885 139.
2722 5826 2790 5879 Α.
2825 5824 2950 5880 157.
2985 5820 3059 5876 D.
