4118 6418
325 480 447 543 937

1625 464 2052 531 VELITATIO
2100 463 2461 526 BELLIGA.

3636 473 3758 534 938

321 634 480 683 ποτε,
515 611 898 686 μανθάνοντων
929 611 1038 662 τῶν
1065 604 1350 679 πολεμίων
1389 605 1490 674 τήν
1525 601 1797 676 δημοσίαν
1855 597 1981 656 ὁδὸν

2104 617 2223 657 rem
2255 600 2539 656 exercitui
2567 602 2829 657 Romano
2879 602 3159 658 inferant.
3217 607 3452 673 Contra,
3494 606 3542 661 si
3575 608 3754 664 ambo

322 705 377 762 ἐν
408 701 680 777 ἀσφαλείᾳ
707 703 1018 775 κρατεῖσθαι
1053 697 1189 770 μετά
1229 695 1480 765 πλήθους
1534 692 1691 762 λάοῦ,
1752 691 1828 754 είς
1861 691 1982 747 ἑτέ-

328 816 421 872 ραν
455 797 563 848 τῶν
607 791 666 848 ἐκ
713 788 964 865 πλαγίων
1033 787 1346 862 ὁρμήσωσι,
1405 783 1496 839 καὶ
1556 782 1602 838 εἶ
1663 783 1740 856 μὴ
1782 779 1984 872 ,καλῶς

325 868 414 938 καὶ
448 878 708 960 ἀσφαλῶς
755 876 1117 956 φυλάττηται,
1177 873 1405 951 εὕρωσιν
1456 873 1657 937 ἐκεῖθεν
1717 868 1983 946 πάροδον,

329 972 420 1028 καὶ
448 971 750 1048 γενηθῶσιν
783 967 844 1022 ἐκ
872 965 1110 1039 πλαγίου
1139 966 1174 1036 ἢ
1205 965 1293 1020 καὶ
1325 963 1384 1019 ἐκ
1439 963 1618 1017 νώτου
1672 965 1781 1017 τῶν
1811 981 1983 1036 παρα-

333 1047 552 1134 ταξεων,
594 1057 686 1114 καὶ
736 1055 1116 1133 περισπασμὸν
1175 1053 1268 1108 καὶ
1325 1047 1495 1131 φόϐον
1552 1055 1632 1122 τῷ
1689 1052 1984 1122 Ῥωμαϊκῷ

332 1152 540 1226 στρατῷ
579 1148 1008 1219 προξενήσωσιν.
1072 1140 1426 1218 Ἀμφοτέρων
1481 1139 1538 1196 δὲ
1593 1139 1852 1217 ἀσφαλῶς
1883 1159 1982 1214 φυ-

328 1239 699 1311 λαττομένων,
732 1238 766 1304 ἢ
802 1235 938 1306 πρὸς
971 1233 1160 1308 μάχην
1190 1236 1301 1288 τῶν
1345 1228 1633 1303 πολεμίων
1682 1230 1985 1304 ὁρμώντων

322 1329 455 1384 Θεου
519 1325 772 1401 συνεργίᾳ
827 1324 1418 1398 καταισχυνθήσονται,
1451 1321 1486 1389 ἢ
1521 1317 1764 1396 ὁρῥωδίᾳ
1817 1339 1980 1374 κατα-

327 1417 612 1494 σχεθέντες
642 1415 711 1470 δι’
744 1413 930 1484 ἄλλης
959 1409 1113 1483 ὁδοῦ,
1162 1409 1390 1467 πολλῶν
1424 1413 1649 1485 ἡμερῶν
1710 1406 1984 1480 διάστημα

320 1507 662 1584 ἀπεχούσης,
693 1506 794 1574 τὴν
825 1504 1004 1578 ὁρμὴν
1038 1502 1386 1572 ποιήσονται.
1448 1499 1551 1556 Καὶ
1608 1498 1684 1562 ὡς
1741 1497 1982 1561 ἐντεῦθεν

323 1597 424 1653 δύο
451 1597 588 1652 κατά
645 1595 1111 1670 προσγενήσονται
1167 1595 1286 1653 τοῖς
1347 1590 1570 1665 ἐχθροῖς
1622 1587 1984 1644 καταλιποῦσι

329 1691 396 1744 τά
433 1685 642 1742 τούτων
675 1683 964 1753 ἅπλκηκτα
1006 1680 1096 1736 καὶ
1145 1681 1244 1749 τὴν
1279 1679 1490 1742 εὐθεῖαν
1523 1675 1648 1733 ὁδον
1681 1678 1747 1734 ²⁴.
1781 1671 1833 1732 ἔν
1865 1678 1985 1750 μὲν,

321 1777 819 1849 ταλαιπωρηθῆναι
841 1776 923 1844 τῷ
950 1775 1060 1827 τῶν
1094 1767 1322 1825 πολλῶν
1355 1769 1579 1840 ἡμερῶν
1633 1763 1982 1838 διαστήματι·

319 1866 500 1942 ἕτερον
534 1864 613 1928 δὲ,
646 1863 710 1919 τὸ
740 1863 830 1917 καὶ
896 1857 1178 1916 ἀπώλειαν
1229 1857 1414 1918 αὐτοῖς
1444 1855 1666 1930 ἐπάγον,
1696 1856 1758 1910 τὸ
1790 1854 1987 1917 αὐτοὺς

2095 693 2279 767 probe
2301 691 2742 759 custodiuntur,
2760 692 3082 748 adversarii
3105 693 3195 749 vel
3210 694 3284 750 ad
3308 695 3756 754 dimicationem

2095 788 2336 840 ruentes
2371 783 2488 837 Deo
2537 781 2984 837 obsecundante
3042 783 3508 853 confundentur,
3568 787 3660 842 vel
3694 788 3756 844 in

2097 878 2323 928 metum
2354 870 2592 928 adducti
2652 887 2759 942 per
2815 872 2994 928 aliam
3050 873 3228 942 viam,
3270 891 3400 945 quae
3433 876 3756 933 multorum

2098 963 2330 1018 dierum
2382 961 2596 1018 itinere
2625 961 2813 1029 abest,
2848 963 3252 1018 incursionem
3306 963 3546 1022 facient.
3591 967 3754 1023 Unde

2095 1051 2329 1108 duobus
2360 1050 2700 1108 afﬁcientur
2728 1051 3146 1119 incommodis,
3172 1053 3221 1107 si
3246 1068 3281 1108 a
3309 1054 3520 1109 castris
3544 1055 3753 1126 viaque

2094 1147 2258 1198 recta
2279 1141 2719 1198 discesserunt:
2745 1141 2956 1208 altero,
2981 1141 3136 1213 quod
3161 1143 3485 1200 multorum
3517 1145 3751 1202 dierum

2093 1233 2310 1288 itinere
2337 1231 2854 1304 defatigabuntur:
2887 1232 3095 1302 altero,
3113 1234 3439 1304 perniciem
3460 1235 3581 1290 illis
3603 1236 3753 1292 alla-

2096 1328 2250 1389 turo,
2284 1321 2440 1394 quod
2475 1322 2584 1393 ipsi
2631 1321 2961 1393 perturbati
3007 1322 3239 1379 animos
3269 1323 3602 1392 demittent,
3637 1328 3754 1381 Ro-

2094 1412 2257 1468 mani
2290 1417 2500 1467 contra
2529 1411 2850 1468 alacriores
2898 1412 3046 1468 fient
3091 1417 3270 1484 atque
3302 1413 3648 1470 audaciores
3678 1414 3752 1471 ad

2094 1502 2233 1557 illos
2262 1501 2722 1572 impugnandos.
2755 1501 2920 1566 Quod
2956 1502 3098 1557 item
3143 1503 3435 1574 superiori
3468 1506 3758 1561 memoria

2097 1592 2345 1647 exitioso
2377 1590 2761 1647 Chambdano
2819 1597 2908 1645 ter
2955 1607 3066 1646 usu
3124 1592 3286 1646 venit
3313 1597 3380 1648 ut
3409 1598 3756 1664 pateretur:

2097 1682 2188 1738 bis
2213 1681 2506 1737 memoria
2524 1681 2899 1738 Constantini
2925 1681 3442 1754 Porphyrogeniti,
3461 1683 3760 1740 decantati

2100 1776 2306 1842 terque
2368 1771 2524 1826 beati
2580 1771 3007 1842 imperatoris:
3067 1771 3309 1828 tertium
3370 1772 3480 1828 sub
3535 1775 3761 1845 optimo

2099 1861 2368 1933 principe
2396 1863 2685 1928 Romano,
2709 1860 2865 1915 beati
2888 1859 3051 1915 illius
3083 1861 3227 1916 filio.
3259 1868 3341 1916 Ac
3363 1879 3533 1932 paene
3563 1865 3762 1919 cuncti

326 1941 421 2029 μὲν
452 1950 843 2027 δειλανδρῆσαι
896 1949 986 2004 καὶ
1035 1946 1243 2020 ἀθυμίᾳ
1282 1941 1703 2045 .ὑπο6ληθῆναι’
1772 1943 1900 2007 τοὺς
1932 1942 1988 1999 δὲ

2104 1950 2572 2006 internecionem
2630 1949 3010 2005 inimicorum
3069 1949 3286 2006 Christi
3343 1956 3484 2008 tunc
3542 1952 3760 2008 factam

322 2044 634 2119 Ῥωμαίους
668 2043 716 2078 ³⁵
739 2038 1205 2116 προθυμωτέρους
1236 2035 1328 2091 καὶ
1363 2033 1520 2090 εὐτολ
1534 2036 1818 2109 μωτέρους
1847 2035 1985 2110 πρὸς

2101 2040 2323 2112 optime
2354 2044 2596 2095 norunt.
2623 2041 2836 2094 Verum
2874 2039 3168 2094 exercitus
3197 2041 3578 2096 Tarsensium
3609 2059 3760 2112 quo-

323 2138 413 2192 τὸν
445 2135 564 2190 κατ’
599 2133 780 2188 αὐτῶν
812 2129 1058 2202 πόλεμον
1091 2127 1357 2204 γενέσθαι.
1391 2126 1522 2182 Οἴον
1565 2121 1631 2195 δή
1665 2125 1755 2180 καὶ
1787 2124 1838 2180 ἐν
1866 2130 1983 2188 τοῖς

2104 2145 2202 2202 [ue
2231 2129 2476 2201 agrique
2503 2129 2836 2186 Ciliciensis
2899 2127 2973 2183 ab
3005 2127 3147 2194 illis,
3182 2130 3283 2200 qui
3316 2134 3458 2186 tunc
3498 2129 3754 2186 limitem

325 2229 434 2282 ἂνω
465 2223 696 2300 χρόνοις
752 2219 981 2292 ἀλήστῳ
1035 2221 1116 2290 τῷ
1163 2209 1399 2289 Χαμϐδᾷ
1455 2213 1515 2270 ἐκ
1569 2215 1760 2291 τρίτου
1791 2221 1981 2280 παθεῖν

2104 2219 2399 2290 :urabant,
2433 2220 2495 2274 in
2527 2219 2776 2275 diversis
2833 2218 3246 2291 angustiarum
3276 2219 3426 2276 locis
3454 2219 3624 2278 fusus
3651 2222 3750 2278 fu-

319 2308 655 2386 συμϐέϐηκε·
718 2307 803 2372 δὶς
843 2311 890 2346 ³⁸
951 2307 1046 2380 μὶν
1104 2310 1222 2368 τοῖς
1282 2305 1508 2380 χρόνοις
1564 2308 1663 2360 τοῦ
1722 2301 1984 2379 ἀοιδίμου

2104 2315 2384 2381 ratusque
2417 2314 2528 2365 est.

319 2406 407 2460 καὶ
481 2401 868 2478 τρισμάκαρος
945 2393 1352 2452 Κωνσταντίνου
1425 2397 1523 2450 τοῦ
1598 2396 2124 2472 Ηορφυρογεννήτου
2205 2395 2495 2473 βασιλέως·
2575 2395 2713 2468 ἃπαξ
2788 2396 2847 2452 δὲ
2913 2396 3000 2452 ἐπὶ
3057 2401 3158 2452 τοῦ
3230 2396 3425 2453 καλοῦο
3491 2398 3764 2475 βασιλέως

325 2495 613 2566 Ῥωμανοῦ
691 2492 788 2561 (7),
863 2489 961 2542 τοῦ
1041 2488 1345 2559 μακαρῖτου
1422 2483 1564 2542 υἱοῦ.
1640 2483 1744 2539 Καὶ
1824 2483 2020 2546 πάντες
2098 2483 2294 2561 σχεδὸν
2341 2487 2442 2555 τὴν
2496 2483 2620 2540 τότε
2672 2485 2974 2560 γινομένην
3033 2483 3394 2560 πανολεθρίαν
3449 2490 3556 2542 τῶν
3603 2487 3764 2564 ἐρνη-

325 2587 431 2636 τῶν
484 2583 582 2636 τοῦ
643 2579 892 2654 Χριστοῦ
966 2567 1210 2650 ἀκριϐῶς
1287 2569 1622 2627 ἐπίστανται.
1701 2569 1880 2628 Ἀλλά
1940 2573 2030 2626 καὶ
2088 2575 2116 2629 ὁ
2176 2571 2308 2629 λαὸν
2367 2578 2476 2629 τῶν
2533 2575 2783 2648 Ταρσέων
2837 2573 2928 2629 καὶ
2982 2580 3084 2644 τῆς
3135 2577 3243 2630 τῶν
3276 2573 3516 2631 Κιλίκων
3573 2575 3762 2652 χώρας

330 2670 382 2724 ἐν
449 2666 730 2746 διαφόροις
803 2665 996 2726 τόποις
1056 2665 1164 2716 τῶν
1221 2661 1590 2734 στενωμάτων
1649 2659 1795 2735 παρά
1845 2665 1954 2716 τῶν
2016 2661 2141 2718 τότε
2195 2669 2299 2734 τῆς
2355 2660 2522 2738 ἄκρας
2577 2660 3003 2738 προνοουμένων
3044 2667 3369 2740 στρατηγῶν
3412 2666 3765 2743 κατετροπώ-

338 2759 526 2827 θησαν.

331 2848 494 2919 ΚΕΦ.
528 2853 585 2901 Δ.
646 2844 926 2919 Περὶᾼτοῦ
985 2845 1235 2919 ποεῖσθαι
1296 2837 1624 2919 λάθραμτάς
1677 2839 1816 2894 κατά
1872 2842 1981 2919 τῶν

394 2913 951 3004 ἐχθρῶνβτὲιθέσεις,
1036 2915 1127 3004 καὶ
1202 2913 1325 3004 περὶ
1405 2915 1512 3004 ιτδοῦ
1587 2915 1973 3004 πρὲοσυπαντᾳν

390 2982 519 3052 (ob;
551 2985 884 3063 πολεμίους,
936 2982 1098 3056 ’πρὸς
1197 2982 1299 3055 τὴν
1405 2982 1521 3039 ἱδία
1632 2982 1984 3059 ’ἐπαναστρέ-

394 3082 614 3140 φοντας.

393 3241 516 3316 Χρὴ
551 3237 610 3296 δὲ
639 3236 730 3295 καὶ
773 3240 935 3294 τοῦτο
974 3234 1065 3293 διὰ
1122 3239 1335 3292 σκοποῦ
1383 3237 1472 3291 καὶ
1539 3237 1778 3310 μελέτης
1835 3231 1983 3313 ἔχειν

322 3331 417 3386 τὸν
462 3330 769 3406 στρατηγὸν
809 3326 900 3383 καὶ
958 3331 1130 3383 πᾶσαν
1190 3323 1434 3397 σπουδήν
1491 3325 1755 3394 τίθεσθαι,
1811 3325 1988 3402 λάθρα

323 3422 412 3476 καὶ
443 3417 754 3488 ἀδοκήτως,
786 3415 836 3473 εἷ’
873 3418 988 3472 οἶόν
1018 3437 1097 3486 τε,
1154 3415 1270 3480 τὰς’
1305 3419 1414 3470 τῶν
1473 3415 1689 3492 ἐχθρῶν
1724 3413 1990 3480 ἐπιθέσεις

325 3510 628 3566 ποιεῖσθαι.
659 3511 767 3562 Τοῦ
815 3508 921 3583 γὰρ
975 3506 1231 3562 τοιούτου
1285 3501 1720 3579 ἐπιτηδεύματος
1785 3508 1992 3582 τυγχά-

327 3624 434 3656 νων
467 3599 848 3676 ὁστρατηγὸς,
897 3596 986 3653 καὶ
1045 3599 1164 3671 μετ’
1216 3595 1506 3674 ὀλιγοστοῦ
1542 3596 1680 3653 λαοῦ
1738 3597 1988 3661 πολλοὺς

334 3694 445 3745 τῶν
475 3688 755 3760 πολεμίων
785 3688 1287 3761 κατατροπώσεται.
1350 3687 1412 3744 Ei
1473 3683 1553 3753 δὲ,
1606 3687 1682 3752 ὡς
1733 3687 1990 3762 ἀνωτέρω

340 3767 665 3840 δεδήλωται,
698 3769 788 3825 καὶ
818 3769 992 3824 τόπου
1049 3765 1288 3842 ἐπιτύχῃ
1340 3765 1392 3822 ἐν
1450 3771 1570 3831 τοῖς
1626 3769 1989 3843 στενώμασιν,

337 3859 398 3914 ἐκ
437 3857 531 3914 δύο
593 3863 776 3934 μερῶν
829 3861 934 3913 τοῦ
989 3856 1126 3912 κατὰ
1180 3860 1290 3911 τῶν
1351 3856 1567 3931 ἐχθρῶν
1619 3855 1873 3930 πολέμου
1927 3860 1991 3914 τὸ

333 3946 646 4020 ἐπιτήδειον
681 3945 932 4025 ἔχοντος,
968 3943 1298 4008 ἀδιστάκτως
1330 3947 1414 4020 [Ρ.
1471 3949 1594 4021 124]
1645 3941 1863 4023 ἕχεσθσι
1893 3952 1992 4003 τοῦ

337 4037 612 4113 ποΑέμου·
662 4039 751 4093 καὶ
810 4036 998 4102 καλῶς
1051 4036 1261 4091 τάσσων
1314 4036 1406 4091 τὸν
1465 4036 1552 4091 ὑπ’
1609 4037 1772 4093 αὐτὸν
1835 4036 1991 4110 λαὸν,

335 4135 469 4186 Θεοῦ
502 4130 757 4205 συνεργίᾳ
787 4129 924 4184 κατά
968 4129 1170 4203 κράτος
1226 4126 1356 4192 τοὺς
1405 4125 1712 4201 πολεμίους
1769 4130 1992 4204 τροπώ-

335 4243 481 4278 σεται
517 4266 531 4280 .
591 4217 750 4290 Πλὴν
806 4219 946 4274 κατά
1001 4217 1146 4275 πολὺ
1200 4215 1311 4274 ἐστι
1398 4217 1840 4295 λυσιτελέστερον
1902 4221 1994 4275 καὶ

334 4309 774 4386 ἁρμοδιώτερον,
817 4308 950 4384 ὑπὲρ
978 4312 1077 4364 τοῦ
1109 4311 1492 4384 προσυπαντᾷν
1521 4307 1650 4370 τοὺς
1692 4307 1996 4383 πολεμίους

339 4399 650 4474 μέλλοντας
683 4397 875 4470 ἐξιέναι
916 4399 1053 4454 κατᾶ
1109 4397 1438 4471 Ῥωμανίας,
1499 4396 1590 4452 ὅτε
1644 4396 1856 4471 μᾶλλον
1888 4398 1995 4452 ἀπὸ

333 4493 440 4543 τῶν
497 4488 786 4566 ἡμετέρων
845 4491 1046 4565 χωρῶν
1105 4490 1245 4563 πρὸς
1299 4489 1400 4558 τήν
1460 4485 1601 4543 ἰδίαν
1671 4487 1995 4564 ἐπαναστρέ-

337 4599 521 4656 φουσι.
556 4578 696 4636 Τότε
726 4577 854 4654 γάρ,
888 4575 978 4633 διὰ
1004 4577 1068 4633 τὸ
1096 4575 1183 4632 ἐπὶ
1227 4573 1372 4633 πολὺ
1429 4572 1864 4654 χρονοτριϐῆσαι
1895 4578 1993 4633 αὐ-

2095 2841 2250 2899 192
2281 2842 2414 2898 CAP.
2447 2844 2543 2900 IV-
2572 2843 2688 2908 Quo
2711 2849 2881 2914 pacto
2936 2843 3158 2898 insidiae
3214 2841 3354 2898 clam
3380 2842 3626 2900 hostibus
3654 2847 3756 2914 fa-

2167 2914 2374 2970 ciendae
2419 2916 2552 2985 sint,
2607 2921 2662 2970 et
2711 2915 3174 2985 quemadmodum
3203 2915 3535 2972 adversariis
3565 2933 3756 2974 occur-

2165 2986 2398 3043 rendum
2427 2988 2501 3043 sit
2531 2988 2756 3044 domum
2783 2986 3160 3043 redeuntibus.

2166 3218 2354 3275 Debet
2382 3219 2532 3275 illud
2563 3234 2800 3292 quoque
2831 3235 3165 3292 proponere
3216 3219 3328 3275 sibi
3383 3237 3451 3278 ac
3482 3221 3758 3281 meditari

2019 3282 2061 3349 Ο
2102 3313 2240 3382 dux,
2271 3282 2634 3384 omnemque
2665 3282 3036 3385 diligentiam
3079 3311 3384 3382 adhibere,
3419 3319 3486 3369 ut
3515 3314 3669 3370 clam
3701 3321 3762 3372 et

2099 3402 2431 3474 inopinato,
2454 3402 2502 3456 si
2535 3401 2664 3456 ﬁeri
2695 3406 2910 3473 potest,
2943 3401 3146 3456 hostes
3177 3400 3500 3459 adoriatur.
3525 3405 3759 3461 Etenim

2099 3494 2396 3565 ejusmodi
2449 3498 2789 3550 commento
2847 3510 2992 3550 usus
3049 3493 3168 3550 dux
3220 3494 3311 3550 vel
3350 3512 3488 3552 cum
3519 3497 3765 3568 parvula

2099 3601 2283 3640 manu
2313 3583 2763 3640 multitudinem
2794 3584 3056 3640 hostium
3086 3583 3314 3641 fundet.
3346 3585 3434 3640 Ad
3464 3586 3591 3642 haac
3620 3587 3767 3657 si,ut

2099 3674 2375 3746 superius
2423 3673 2898 3729 demonstratum
2955 3677 3066 3741 est,
3124 3673 3186 3729 in
3243 3675 3533 3747 angustiis
3562 3675 3763 3733 locum

2099 3763 2488 3831 nanciscitur,
2517 3762 2618 3835 qui
2656 3763 3161 3835 opportunitatem
3212 3763 3428 3820 habeat
3457 3765 3531 3821 ad
3560 3766 3762 3823 hostes

2099 3854 2384 3925 utrinque
2407 3870 2478 3909 ex
2507 3853 2794 3909 lateribus
2813 3852 3263 3926 aggrediendos,
3287 3854 3464 3911 debet
3485 3855 3614 3911 sine
3638 3856 3766 3914 ulla

2102 3941 2473 3997 dubitatione
2502 3942 2564 3997 in
2594 3941 2784 3998 aciem
2824 3941 3186 3998 descendere
3211 3958 3225 3997 :
3272 3947 3351 4010 et,
3383 3945 3570 4015 copiis
3599 3950 3760 4002 recte

2103 4052 2137 4091 a
2167 4053 2229 4091 se
2266 4035 2580 4101 ordinatis,
2611 4052 2723 4108 ope
2754 4035 2855 4090 Dei
2888 4035 3256 4092 adversarios
3286 4037 3601 4109 magnifice
3631 4039 3757 4094 vin-

2103 4129 2215 4181 cet.
2236 4125 2637 4181 Nihilominus
2654 4124 2990 4197 expeditius
3011 4125 3199 4180 multo
3222 4130 3312 4180 est
3334 4131 3393 4181 et
3408 4128 3768 4184 convenien-

2107 4215 2222 4268 lius
2277 4214 2476 4285 potius
2536 4230 2716 4285 quam
2784 4230 3096 4269 occurrere
3170 4213 3440 4269 hostibus
3500 4215 3561 4270 in
3617 4216 3772 4272 fines

2106 4305 2406 4358 Romanos
2437 4302 2708 4370 exituris,
2733 4301 2954 4356 adoriri
2986 4318 3088 4357 eos
3120 4318 3190 4357 ex
3218 4306 3424 4357 nostra
3453 4301 3677 4358 ditione
3699 4305 3776 4360 ad

2105 4411 2276 4450 suam
2299 4396 2853 4450 revertentes.Tunc
2876 4395 3060 4463 enim,
3083 4394 3157 4449 ob
3179 4393 3525 4451 diuturnam
3549 4396 3611 4451 in
3633 4413 3774 4469 agro

2109 4490 2645 4552 Romano,moram
2677 4487 2966 4542 attenuati
2998 4485 3319 4542 admodum
3351 4493 3530 4559 atque
3560 4489 3769 4545 afflicti

2109 4584 2266 4632 sunt.
2303 4577 2469 4642 Quod
2500 4577 2549 4632 si
2581 4593 2722 4632 casu
2761 4576 3122 4649 praadarum,
3175 4578 3636 4650 mancipiorum,
3672 4597 3776 4652 pe-

335 4670 464 4731 τοὺς
488 4674 609 4732 ταῖς
665 4670 1010 4742 Ῥωμαϊκαῖς
1067 4667 1304 4744 χώραις,
1370 4665 1629 4743 μεγάλως
1687 4662 1988 4741 συντρίϐον·

2111 4668 2279 4723 cudis
2309 4684 2585 4741 magnam
2615 4669 2732 4722 vim
2777 4684 2982 4724 secum
3016 4669 3282 4738 trahunt,
3316 4685 3454 4725 cum
3486 4670 3602 4742 ipsi
3649 4676 3774 4728 tum

333 4779 422 4813 ται
479 4758 570 4814 καὶ
629 4757 1132 4833 ταλαιπωροῦνται.
1192 4757 1434 4833 Είτύχῃ
1487 4755 1574 4824 δὲ,
1631 4755 1722 4812 καί
1780 4756 1998 4827 πλῆθος

2110 4757 2247 4829 equi
2282 4757 2585 4830 defatigati
2628 4757 2819 4828 praelii
2880 4762 3147 4830 tempore
3203 4759 3579 4814 remissiores
3610 4760 3777 4816 inve-

337 4847 684 4923 πραγμάτων
737 4847 829 4903 καὶ
888 4843 1244 4923 ἀνδραπόδων
1304 4845 1653 4924 ἐπιφέρονται
1707 4847 1798 4902 καὶ
1855 4868 1988 4918 κτη-

2109 4847 2378 4916 niuntur,
2437 4846 2842 4919 festinantque
2900 4853 3190 4918 praaterea
3237 4864 3306 4905 ac
3336 4847 3681 4907 desiderant
3709 4852 3772 4908 in

335 4942 442 4993 νῶν
494 4937 586 4993 καὶ
638 4936 792 4993 αὐτοί
823 4936 1002 4993 τεκαὶ
1064 4937 1117 4991 οἱ
1168 4934 1334 4992 ’ίπποι
1389 4935 1566 4991 αὐτῶν
1621 4941 1988 4993 κατακοπιῶν-

2112 4955 2252 4994 suos
2311 4939 2462 4994 fines
2539 4940 2733 5010 primo
2818 4955 3058 5011 quoque
3114 4945 3383 5012 tempore
3439 4942 3770 5013 pervenire.

333 5047 422 5089 τες
451 5028 498 5064 ’⁷
526 5031 621 5100 (8),
653 5025 706 5082 ἐν
739 5031 918 5101 καιρῷ
950 5023 1204 5098 πολέμου
1237 5022 1595 5098 ἐκλελυμένοι
1637 5025 2000 5099 εὑρίσκονται,

337 5113 661 5180 σπεύδοντες
684 5115 774 5172 καὶ
832 5115 1224 5190 ἐπιθυμοῦντες
1279 5117 1476 5191 τάχιον
1508 5117 1612 5186 τὴν
1667 5114 1808 5172 ίδίαν
1835 5137 2005 5173 κατα-

2113 5030 2529 5103 Deinde,quod
2559 5035 2738 5104 caput
2766 5036 2876 5098 est,
2924 5031 3320 5105 productione
3352 5033 3638 5105 temporis
3665 5049 3772 5088 co-

2113 5122 2228 5194 piae
2261 5123 2689 5191 Romanorum,
2748 5138 2861 5178 nec
2915 5122 3111 5180 solum
3178 5139 3310 5197 quae
3357 5139 3540 5196 prope
3569 5121 3772 5179 fauces

1533 5243 1598 5299 Ο.
1653 5245 1716 5300 Β.
1766 5244 1958 5303 HASII
2006 5246 2572 5304 ANNOTATIONES.

412 5391 460 5428 ιι
492 5387 641 5450 ὁδόν.
674 5392 810 5463 Haec
832 5389 1050 5463 opinor
1078 5394 1240 5448 recte
1266 5390 1331 5463 in
1361 5389 1573 5463 locum
1590 5407 1764 5463 suum
1793 5392 2145 5463 collocasse.
2168 5393 2234 5449 In
2253 5391 2426 5450 codd.
2444 5393 2624 5450 verba
2653 5399 2793 5450 sunt
2813 5395 2911 5452 hic
2933 5395 3084 5452 mire
3105 5395 3360 5463 turbata.
3439 5395 3487 5432 ³⁵
3515 5394 3776 5453 Vocabu-

338 5461 809 5553 lum"PwpaE'¢)u¢'
855 5457 1145 5536 supplevi.
1261 5461 1311 5498 ³⁸
1373 5457 1484 5535 δὶς]
1550 5458 1639 5517 διὸ
1704 5462 1837 5519 cod.

341 5535 658 5590 κατάκοπον
687 5535 835 5590 ὅντά.

414 5665 490 5733 (1)
519 5664 603 5720 De
633 5663 747 5721 hoc
776 5661 984 5733 praelia
1017 5660 1231 5720 Leonis
1259 5661 1472 5719 Phocea
1503 5665 1711 5720 contra
1748 5663 1999 5720 Chamb-

345 5733 571 5792 danum
600 5734 732 5793 vide
764 5733 1022 5791 Leonem
1049 5733 1377 5792 Diaconum
1399 5749 1578 5807 supra
1613 5735 1691 5790 t3.
1726 5735 1794 5792 Α.
1816 5739 1874 5791 et
1892 5751 1999 5792 no-

343 5810 435 5864 tas
467 5822 634 5863 meas
665 5810 788 5864 199.
817 5807 882 5861 D.

420 5879 493 5950 (8)
521 5879 761 5951 Conjeci
794 5879 856 5934 in
885 5878 1174 5952 margine,
1207 5877 1506 5934 κατάκοποι
1544 5872 1718 5940 ὄντες.
1753 5879 1843 5936 Sic
1875 5882 1995 5936 132.

633 5996 903 6062 Parnm.
949 5997 1064 6061 Gn.
1107 5996 1316 6062 CXVI.

1951 5463 2001 5500 ³⁷
2063 5467 2522 5529 κατακοπιῶντες.
2576 5467 2732 5523 Fort.
2782 5468 3086 5522 κατάκοποι
3130 5461 3305 5528 ὄντες.
3355 5466 3516 5524 Infra
3544 5469 3667 5525 132.
3698 5471 3768 5524 Α.

2110 5666 2175 5720 Α.
2220 5662 2313 5718 τὸν
2366 5660 2500 5717 λαὸν
2551 5663 2720 5718 αὐτοῦ
2763 5664 3071 5719 κατάκοπον
3122 5658 3268 5719 ὄντα⁶
3321 5670 3379 5721 et
3427 5663 3773 5734 κατακόπους

2113 5736 2234 5791 MO.
2270 5736 2446 5812 B,_[)e
2460 5752 2616 5812 _voc_e
2645 5733 2978 5812 κατάκοπος,
3009 5737 3082 5794 ab
3133 5736 3270 5795 aliis
3317 5753 3557 5812 quoque
3594 5733 3773 5798 usuré

2108 5812 2268 5881 pata,
2297 5806 2428 5864 vide
2460 5807 2944 5881 Lexicographos.

3371 5998 3452 6058 30
