4118 6422
349 484 469 547 939

1659 477 2093 540 NICEPHORI
2136 477 2443 540 PHOGE.

3652 480 3776 542 940

348 616 662 693 agunt,sed
683 615 863 672 etiam
884 629 1018 686 quae
1041 611 1278 686 longius
1298 612 1454 668 198
1479 611 1840 679 absunt,cito
1858 626 1995 666 con-

2114 607 2383 682 λήψεσθαι
2431 609 2643 686 χώραν.
2676 609 2900 674 Ἀλλως
2927 632 2987 667 τε
3016 610 3074 668 δὲ
3101 611 3191 667 καὶ
3222 611 3290 667 τὰ
3345 615 3455 667 τῶν
3487 612 3773 686 Ῥωμαίων

345 712 703 781 gregantur:
756 720 1127 774 numeroque
1197 709 1488 774 quantum
1537 705 1771 773 oportet
1817 703 2004 755 auctae

343 803 503 853 recte
534 795 750 850 instrui
776 811 845 849 ac
871 794 1067 865 parari
1099 793 1175 848 ad
1206 792 1430 848 bellum
1462 797 1736 863 possunt.
1763 793 1833 844 Et
1864 795 2006 845 tunc

340 886 560 958 potius,
580 882 1084 955 quemadmodum
1115 881 1340 936 dictum
1374 886 1482 947 est,
1508 880 1598 934 vel
1627 879 1889 934 interdiu
1912 892 2004 945 vel

339 981 514 1030 nocte
544 973 934 1028 commissum
992 987 1127 1026 cum
1186 971 1306 1026 illis
1360 969 1634 1041 praelium
1665 968 2004 1023 indubitata

341 1064 585 1118 victoria
615 1067 1036 1132 consequetur.
1071 1059 1471 1125 Quamobrem
1503 1058 1622 1114 dux
1652 1057 1724 1114 ab
1757 1058 1878 1112 illis
1909 1074 2004 1112 re~

342 1152 662 1209 deuntibus
692 1151 986 1207 facessere
1010 1166 1318 1221 nunquam
1346 1149 1540 1206 debet.
1566 1152 1802 1219 Contra,
1825 1149 2005 1204 hosti-

341 1245 454 1299 bus
483 1241 957 1314 irrumpentibus
1013 1256 1326 1296 occurrere
1386 1240 1449 1294 in
1505 1240 1794 1312 angustiis
1823 1239 1998 1304 velle,

343 1350 558 1389 manus
591 1330 978 1388 conserendaa
1035 1347 1235 1396 causa,
1294 1330 1494 1385 minus
1552 1330 1910 1385 conveniens
1939 1329 2001 1384 id

345 1423 586 1494 quidem
637 1427 749 1486 est,
807 1426 987 1491 atque
1040 1420 1272 1475 eveniet
1323 1419 1594 1488 fortasse,
1646 1423 1713 1472 ut
1741 1423 1898 1473 totus
1927 1417 2001 1474 ad

341 1513 579 1566 irritum
601 1510 774 1567 cadat
800 1510 1002 1565 labor:
1035 1508 1194 1580 quod
1226 1524 1347 1563 non
1381 1514 1499 1563 tam
1526 1508 1641 1562 cito
1671 1524 2000 1579 paucorum

345 1604 582 1659 dierum
641 1603 831 1675 spatio
893 1603 1018 1674 cogi
1088 1602 1372 1674 justeque
1425 1600 1642 1655 instrui
1700 1601 1999 1672 peditatus

340 1698 555 1764 potest.
585 1691 850 1760 Accedit,
881 1691 1040 1762 quod
1069 1689 1312 1745 maximi
1341 1690 1630 1744 momenti
1662 1696 1770 1753 est,
1798 1691 1999 1745 hostes

338 1787 502 1850 tunc,
536 1786 603 1836 ut
632 1781 894 1852 integros
924 1779 1182 1834 necdum
1212 1778 1395 1834 armis
1427 1778 1766 1847 destitutos,
1790 1777 2000 1834 difﬁci-

2109 699 2486 774 στρατεύματα
2544 699 2596 755 ἐν
2675 705 2744 775 τῇ
2812 706 2920 756 τῶν
2975 705 3200 776 ἡμερῶν
3279 704 3578 779 παρατάσει
3609 705 3654 739 ³⁸
3709 702 3774 758 ού

2111 789 2277 860 μόνον
2308 788 2377 843 τὰ
2404 787 2639 858 πλησίον
2678 794 2786 844 τῶν
2819 789 3156 862 κλεισουρῶν
3214 793 3415 866 τάχιον
3471 791 3768 867 ἐπισωρεύ-

2110 897 2283 946 ονται,
2317 875 2463 933 ἀλλᾶ
2491 878 2581 932 καὶ
2610 880 2676 932 τὰ
2708 877 2900 955 πόρῥω
2957 882 3318 955 τυγχάνοντα·
3356 881 3447 936 xui
3492 881 3568 943 εἷς
3618 881 3769 950 πλῆ-

2109 976 2202 1030 θος
2231 965 2658 1022 ἐπισυνίστανται
2689 968 2892 1038 ἱκανὸν,
2932 969 3022 1024 καὶ
3079 968 3264 1032 καλῶς
3323 972 3461 1045 πρὸς
3513 969 3763 1044 πόλεμον

2108 1055 2451 1128 ἐξαρτύονται
2486 1058 2573 1112 καὶ
2626 1058 3143 1132 παρασκευάζονται.
3204 1059 3307 1116 Καὶ
3364 1060 3488 1115 τότε
3522 1059 3760 1134 μᾶλλον,

2103 1145 2344 1220 καθάπερ
2394 1145 2735 1223 προέφημεν,
2794 1148 2880 1202 καὶ
2943 1145 2995 1202 ἐν
3055 1147 3234 1224 ἡμίρᾳ
3287 1148 3377 1204 καὶ
3437 1148 3490 1204 ἐν
3548 1149 3761 1205 νυκτὶὸ

2105 1235 2222 1289 κατ’
2250 1234 2425 1288 αὑτῶν
2457 1235 2707 1309 πόλεμος
2756 1233 3076 1293 ἀδίστακτον
3139 1236 3260 1314 ἔχει
3326 1240 3425 1308 τήν
3455 1242 3632 1310 νίκην.
3668 1241 3761 1294 Διὸ

2105 1324 2219 1399 χρὴ
2250 1325 2342 1378 τὸν
2377 1326 2676 1400 στρατηγὸν
2713 1323 2945 1399 μηδέπω
3001 1326 3054 1382 ἐν
3112 1331 3181 1394 τῆ
3245 1329 3564 1406 ὑποστροφῇ
3594 1350 3762 1384 κατα-

2105 1422 2418 1496 λιμπάνειν.
2478 1424 2557 1481 Τὸ
2639 1422 2694 1480 δέ
2754 1425 2805 1480 ἐν
2868 1429 2936 1500 τῇ
2987 1425 3249 1499 ἐξελεύσει
3306 1431 3414 1482 τῶν
3469 1428 3758 1502 πολεμίων

2102 1511 2597 1587 παρασκευάζεσθαι
2632 1518 3013 1588 προσυπαντᾷν
3073 1514 3268 1576 αὐτοὺς
3317 1517 3457 1591 πρὸς
3511 1515 3759 1591 πόλεμον

2105 1599 2156 1656 ἐν
2187 1605 2305 1662 τοῖς
2359 1603 2720 1676 στενώμασιν,
2780 1601 3284 1680 άνεπιτῆδειότερον
3346 1605 3442 1678 μὶν
3503 1603 3760 1674 ἔστι,καὶ

2105 1691 2181 1755 είς
2218 1695 2392 1767 μάτην
2419 1694 2551 1758 ἴσως
2581 1695 2674 1751 τὸν
2710 1697 2879 1752 κόπον
2941 1693 3138 1767 συνέϐη
3192 1697 3491 1774 γίγνεσθαι·
3553 1695 3643 1753 διὰ
3700 1699 3762 1754 τὸ

2107 1783 2182 1854 μὴ
2244 1781 2417 1845 οὕτως
2478 1784 2762 1858 συντόμως
2823 1783 2893 1840 δι’
2952 1784 3155 1860 ὀλίγων
3216 1788 3442 1863 ἡμερῶν
3503 1784 3759 1842 δύνασθαι

339 1870 460 1925 lius
499 1871 854 1942 impugnari.
889 1871 970 1923 Ex
1001 1868 1190 1924 altera
1245 1872 1445 1923 autem
1476 1872 1644 1939 parte
1675 1868 1995 1923 utilitatem

2107 1871 2166 1925 τὸ
2223 1873 2442 1940 πεζικὸν
2504 1875 2950 1951 συναθροισθῆναι
3015 1874 3320 1950 στράτευμα
3352 1921 3369 1947 ,
3425 1876 3514 1931 καὶ
3572 1876 3759 1940 καλῶς

339 1959 946 2029 commoditatemque
976 1957 1156 2012 habet
1181 1957 1368 2023 illam,
1396 1961 1464 2011 ut
1492 1955 1688 2011 timidi
1721 1957 1889 2025 ﬁant,
1922 1958 1993 2028 si,

2107 1963 2634 2032 παρασκευασθῆναι.
2693 1962 2922 2026 ’Ἄλλως
2978 1985 3038 2019 τε
3095 1962 3153 2020 δὶ
3208 1965 3297 2020 καὶ
3358 1966 3411 2020 οἱ
3469 1962 3756 2039 πολέμιοι,

335 2049 812 2121 quotiescunque
864 2063 1177 2118 erumpere
1227 2045 1430 2116 velint,
1483 2046 1771 2116 angustiae
1811 2047 1994 2102 armis

2107 2049 2344 2123 ἀκμῆτες
2403 2047 2553 2114 ὄντες
2604 2051 2695 2108 καὶ
2744 2052 3147 2127 ἀπαρόπλιστοι
3198 2057 3293 2128 (9),
3355 2052 3760 2130 δυσκαταγώνι-

333 2142 672 2206 teneantur,
697 2142 881 2207 utque
911 2135 1072 2190 brevi
1105 2135 1423 2190 continuas
1444 2133 1506 2189 in
1529 2134 1865 2206 provincias
1886 2137 1995 2191 Ro-

2107 2159 2222 2192 στοι
2255 2137 2486 2197 ἔσονται.
2521 2142 2663 2196 Κατὰ
2709 2145 2872 2197 τοῦτο
2934 2141 2992 2196 δὶ
3046 2142 3110 2197 τὸ
3152 2140 3434 2221 ὠφέλιμον
3492 2141 3609 2218 ἔχει
3667 2145 3755 2199 καὶ

333 2244 545 2284 manas
574 2226 950 2281 incursiones
982 2224 1406 2279 intermittant.

2107 2229 2410 2301 χρήσιμον,
2458 2230 2592 2284 καθὸ
2647 2225 2924 2307 έμφόϐους
2986 2229 3181 2293 αὑτοὺς
3238 2231 3537 2308 γίγνεσθαι,
3571 2231 3758 2296 ὁσάκις

334 2312 395 2369 ἃν
460 2311 808 2390 βουληθῶσιν
873 2310 1133 2382 ἐξελθεῖν,
1198 2314 1268 2385 τῇ
1335 2312 1657 2387 κατασχέσει
1721 2315 1832 2368 τῶν
1901 2316 2286 2390 στενωμάτων,
2326 2319 2418 2372 καὶ
2481 2321 2582 2390 τὴν
2656 2321 2772 2394 μετ’
2825 2319 3014 2396 ὀλίγου
3045 2318 3293 2376 ἐκκοπεῖν
3326 2321 3462 2377 κατὰ
3484 2325 3592 2377 τῶν
3623 2323 3757 2380 Ῥω-

338 2407 548 2477 μαϊκῶν
581 2403 831 2476 θεμάτων
865 2407 1069 2476 συνεχῆ
1105 2400 1398 2472 ἐξέλευσιν.

339 2536 470 2588 CAP.
501 2532 563 2585 V.
617 2531 695 2586 De
733 2528 1222 2601 praeoccupatione
1269 2545 1543 2600 aquarum
1592 2531 1651 2585 in
1699 2531 1991 2600 angustiis.

353 2713 368 2719 ’
405 2725 628 2792 Quibus
654 2731 854 2781 autem
886 2725 1034 2781 locis
1056 2726 1464 2798 angustiarum
1496 2730 1555 2781 et
1580 2725 1844 2782 faucium
1877 2726 1995 2782 dux

333 2816 558 2872 bellum
590 2816 854 2884 instruit,
888 2817 936 2870 si
968 2816 1043 2871 iis
1075 2816 1136 2870 in
1163 2816 1309 2871 locis
1335 2816 1467 2871 fons
1499 2821 1589 2871 est
1619 2832 1839 2886 aquam
1859 2834 1993 2872 eru-

334 2911 523 2972 ctans,
559 2921 695 2960 eum
726 2904 798 2960 ab
831 2904 1094 2960 exercitu
1127 2904 1538 2976 occupandum
1584 2911 1773 2973 curet,
1805 2911 1872 2960 ut
1901 2905 1992 2960 sui

333 2997 473 3052 inde
513 2997 736 3051 milites
766 2997 973 3067 aquari
1032 2997 1282 3066 possint.
1342 2997 1400 3051 Si
1458 2997 1719 3052 tenuiter
1765 3003 1989 3064 manat,

335 3102 579 3158 operam
599 3086 700 3140 det
717 3101 793 3140 ne
815 3084 1110 3152 turbetur,
1134 3084 1291 3140 unde
1311 3085 1770 3140 incommoditas
1792 3102 1991 3140 neces-

336 3175 598 3245 sitasque
627 3173 784 3229 haud
832 3190 1011 3245 parva
1058 3175 1340 3229 exercitui
1373 3173 1652 3230 obvenire
1684 3181 1897 3246 potest.
1933 3174 1991 3229 Si

2103 2533 2271 2594 ΚΕΦ.
2331 2536 2405 2592 Ε“.
2466 2536 2599 2611 Περὶ
2658 2537 3150 2612 προκατασχέσεωις
3217 2533 3428 2593 ὑδάτων
3463 2579 3481 2612 ,
3538 2542 3647 2594 τῶν
3706 2537 3760 2594 ἐν

2567 2612 2683 2670 τοῖς
2701 2605 2887 2664 ’στενώ
2896 2605 3054 2683 μασιν
3097 2605 3289 2665 ὄντων.

2175 2719 2260 2773 Ἐν
2293 2719 2373 2782 οἷς
2405 2717 2463 2775 δέ
2516 2720 2716 2784 τόποις
2764 2727 2874 2778 τῶν
2931 2723 3292 2796 στενωμάτων
3345 2724 3438 2779 καὶ
3496 2723 3755 2781 κλεισου-

2103 2811 2212 2880 ρῶν
2270 2811 2407 2885 πρὸς
2464 2811 2713 2885 πόλεμον
2794 2813 2823 2867 ὁ
2881 2813 3186 2887 στρατηγὸς
3271 2817 3757 2888 παρασκευάζεται,

2102 2895 2251 2973 εἷ’περ
2285 2898 2337 2952 ἐν
2368 2900 2584 2962 τούτοις
2612 2903 2766 2976 πηγή
2800 2899 2940 2956 ἐστιν
2994 2899 3141 2977 ὕδωρ
3205 2902 3464 2979 βρύουσα,
3527 2905 3630 2958 ὑπὸ
3660 2909 3757 2957 τοῦ

2105 2985 2246 3042 ἰδίου
2270 2986 2406 3044 λαοῦ
2445 2989 2647 3061 ταύτην
2709 2989 2985 3058 σπουδάση
3043 3000 3467 3069 κατασχεθῆναι,
3526 2993 3663 3048 ὥστε
3690 2993 3753 3046 τὸ

2101 3077 2301 3134 ἐκεῖθεν
2335 3077 2481 3154 ὕδωρ
2507 3081 2603 3136 τὸν
2636 3079 2766 3136 λαὸν
2799 3080 3156 3156 ἀπαρύεσθαι.
3216 3082 3280 3140 Ei
3337 3080 3395 3137 δὲ
3451 3081 3593 3155 τύχῃ
3624 3080 3750 3137 ὀλι⁴

2099 3169 2290 3243 γοστὸν
2324 3171 2484 3239 εἶναι,
2530 3168 2808 3237 σπουδαση
2871 3172 2946 3244 μὴ
3008 3169 3396 3236 ἐπιθολοῦσθαι
3444 3175 3627 3241 τοῦτο,
3663 3172 3755 3226 καὶ

334 3279 458 3318 non
517 3263 720 3318 subest
774 3262 908 3318 fons
964 3262 1318 3334 propinquis
1375 3263 1542 3331 locis,
1593 3263 1753 3318 unde
1784 3269 1989 3334 potum

2108 3256 2182 3318 ὠς
2216 3257 2291 3330 μή
2325 3256 2385 3312 οὐ
2422 3258 2590 3332 μικρᾶ
2621 3258 2680 3314 ἐκ
2706 3264 2902 3314 τοῦτου
2937 3259 3084 3332 Λύπη
3118 3263 3207 3316 τὸν
3243 3261 3372 3316 λαὸν
3427 3261 3515 3315 καὶ
3548 3260 3757 3335 ἀνάγκη

333 3351 964 3424 refrigerationemque
1017 3352 1173 3407 194
1222 3352 1442 3406 milites
1491 3352 1750 3423 capiant,
1795 3352 1994 3407 aestivo

334 3443 666 3513 praesertim
701 3448 992 3513 tempore,
1042 3441 1257 3513 jubeat
1308 3442 1369 3496 in
1431 3442 1699 3513 qualibet
1729 3443 2001 3498 centuria

335 3537 497 3586 utres
519 3548 649 3586 esse
668 3531 1121 3602 decem,quibus
1138 3535 1407 3602 portetur
1427 3537 1998 3602 aqua,temporeque

333 3637 546 3692 pugnae
575 3621 648 3674 iis
671 3621 772 3690 qui
796 3621 858 3674 in
884 3621 1008 3674 acie
1032 3625 1363 3685 versantur,
1389 3625 1564 3692 potus
1587 3621 1998 3691 refrigeriique

335 3725 516 3764 causa
540 3709 951 3764 distribuatur.
983 3711 1197 3764 Verum
1220 3709 1293 3764 de
1324 3710 1418 3778 iis,
1453 3726 1584 3780 quaa
1617 3709 1677 3764 in
1709 3710 1998 3781 angustiis

337 3800 618 3854 constitui
650 3798 973 3854 dimicandi
1005 3815 1186 3854 causa
1236 3797 1476 3863 debent,
1513 3798 1641 3854 haec
1672 3799 1995 3857 sufﬁciant.

337 3886 558 3952 Quodsi
593 3888 769 3942 etiam
801 3892 981 3942 noctu
1039 3887 1102 3940 in
1161 3887 1457 3958 ejusmodi
1515 3886 1663 3941 locis
1693 3887 1996 3959 impeditis

338 3991 586 4031 manum
609 3990 920 4029 conserere
944 3978 1311 4045 oporteat,ea
1332 3974 1461 4044 ipsa
1482 3973 1654 4029 utilia
1674 3975 1995 4030 admodum

340 4080 472 4118 esse
530 4067 830 4133 poterunt.
885 4065 1099 4117 Verum
1157 4061 1230 4116 de
1283 4061 1668 4118 dimicatione
1704 4069 1998 4120 nocturna

335 4169 629 4223 exponam
665 4153 780 4207 alio
815 4151 1028 4223 capite.
1057 4153 1221 4204 Nunc
1254 4167 1372 4221 qua
1400 4153 1630 4206 ratione
1663 4155 1994 4208 consectari

333 4243 533 4299 hostes
564 4244 802 4307 debeas,
836 4242 1034 4297 dicere
1061 4241 1262 4296 ordiar
1289 4257 1301 4295 :
1337 4259 1467 4313 quae
1499 4244 1649 4298 ratio
1680 4250 1746 4298 ut
1770 4245 1992 4316 peruti-

327 4333 403 4388 lis
435 4350 502 4389 ac
533 4333 873 4389 necessaria
901 4337 1012 4399 est,
1041 4333 1121 4386 ita
1153 4330 1354 4399 efﬁcit,
1413 4337 1480 4386 ut
1533 4333 1779 4404 parvula
1825 4334 1991 4388 infir-

327 4437 543 4493 maque
566 4421 800 4492 objecta
822 4419 1224 4492 manuingens
1248 4419 1509 4475 hostium
1530 4420 1847 4476 multitudo
1871 4439 1992 4477 non

327 4511 503 4566 modo
535 4509 688 4564 nihil
738 4509 1030 4581 proﬁciat,
1090 4509 1194 4564 sed
1253 4510 1433 4565 etiam
1482 4509 1837 4582 plerumque
1889 4511 1991 4566 Dei

328 4598 577 4654 numine
609 4598 895 4654 fundatur
922 4598 1298 4670 fugeturque.

331 4797 462 4849 CAP.
497 4795 588 4848 Vl.
622 4796 698 4848 De
725 4794 1084 4849 consectando
1114 4797 1353 4865 equestri
1381 4799 1620 4866 agmine,
1655 4797 1804 4867 quod
1829 4814 1985 4867 praa-

404 4867 597 4949 dutunz
623 4867 909 4950 .incurrut,
961 4872 1013 4921 et
1061 4883 1170 4938 quo
1213 4874 1379 4937 pacto
1424 4885 1714 4924 numerum
1741 4870 1987 4924 militum

403 4953 523 5007 ejus
552 4953 696 4992 imre
718 4954 916 5008 1308815.

400 5054 766 5110 Praedatoria
813 5055 1051 5128 agmina
1095 5056 1380 5124 hostium,
1442 5073 1574 5128 quae
1631 5072 1991 5112 monocursa

325 5150 612 5202 vocantur
642 5150 702 5200 et
729 5144 954 5217 absque
987 5145 1256 5218 peditatu
1300 5161 1331 5200 e
1382 5146 1506 5201 suis
1537 5145 1757 5200 ﬁnibus
1789 5161 1991 5200 erum-

2107 3341 2560 3418 ἐπισυμϐήσεται.
2593 3351 2786 3423 Πηγῆς
2842 3348 2900 3404 δέ
2946 3348 3166 3426 ἔγγιστα
3224 3351 3299 3421 μή
3361 3346 3549 3419 οὔσης,
3609 3349 3660 3419 ἐξ
3692 3352 3763 3419 ἧς

2101 3438 2200 3506 τήν
2253 3436 2410 3490 πόσιν
2469 3436 2560 3492 καὶ
2607 3439 2894 3515 ἀναψυχὴν
2922 3443 3010 3514 [Ρ.
3043 3445 3166 3512 125]
3197 3441 3225 3494 ὁ
3257 3437 3388 3502 λαὸς
3443 3439 3758 3518 ἐφευρίσκῃ,

2100 3524 2191 3580 καὶ
2227 3524 2464 3598 μάλιστα
2516 3529 2567 3581 ἐν
2620 3533 2797 3602 καιρῷ
2851 3530 3062 3603 θέρους,
3117 3528 3318 3592 ἀσκοὺς
3373 3526 3668 3604 διορισάτω
3696 3528 3756 3584 ἐν

2103 3613 2297 3688 ἑκάστῃ
2351 3615 2745 3692 ἑκατονταρχία
2803 3613 2930 3672 δέκα
2989 3617 3356 3692 ἐπιφέρεσθαι,
3408 3616 3496 3672 καὶ
3551 3614 3756 3671 διἀὑ-

2099 3707 2206 3758 τῶν
2233 3704 2295 3758 τὸ
2335 3701 2480 3778 ὕδωρ
2540 3704 2972 3779 ἐπικομίζεσθαι,
3031 3709 3119 3762 καὶ
3156 3707 3207 3762 έν
3238 3705 3355 3779 ὥρᾳ
3405 3713 3508 3775 τῆς
3569 3706 3757 3781 μάχης

2102 3791 2178 3856 εἷς
2207 3793 2365 3848 πόσιν
2397 3794 2488 3849 καὶ
2522 3797 2808 3870 ἀναψυχήν
2831 3800 2948 3856 τοῖς
2981 3794 3032 3849 ἐν
3065 3801 3145 3868 τῷ
3189 3796 3423 3868 πολέμῳ
3478 3795 3750 3868 ἀγωνιζοο

2103 3883 2286 3956 μένοις
2322 3882 2794 3959 έπιχορηγεῖσθαι.
2841 3882 3021 3941 Ἀλλᾶ
3044 3886 3168 3959 περί
3226 3888 3320 3956 μὲν
3377 3888 3485 3937 τῶν
3532 3883 3584 3937 ἐν
3631 3890 3751 3945 τοῖς

2100 3972 2408 4045 στενώμασι
2466 3971 2780 4046 μελλόντων
2867 3973 3000 4045 πρὸς
3056 3972 3307 4044 πόλεμον
3385 3971 3752 4045 ἐξαρτύεσθαι,

2101 4059 2298 4124 ἱκανῶς
2329 4061 2587 4137 εἰρήσθω.
2634 4060 2702 4118 Εἰ
2764 4059 2822 4115 δὲ
2877 4060 2967 4115 καὶ
3017 4060 3428 4134 νυκτοπὸλεμον
3489 4058 3752 4131 δεήσειέν

2097 4155 2219 4213 ταῖς
2242 4149 2523 4211 τοιαύταις
2577 4147 2914 4224 δυσχωρίαις
2947 4151 3212 4224 γενέσθαι,
3273 4150 3359 4204 καὶ
3418 4154 3580 4205 τοῦτο
3612 4150 3750 4205 πάνυ

2098 4239 2400 4316 ὠφέλιμον.
2434 4235 2612 4294 Ἀλλᾶ
2648 4238 2772 4312 περὶ
2809 4239 2902 4310 μέν
2935 4237 3142 4294 τούτων
3176 4237 3228 4293 ἐν
3283 4238 3440 4312 έτέρᾳ
3499 4236 3750 4314 διηγήσει

2099 4327 2361 4399 δηλώσω.
2393 4333 2500 4397 Τῆς
2531 4323 2587 4382 δὲ
2617 4325 2979 4403 παραδρομῆς
3019 4329 3250 4403 ἄρξομαι
3281 4329 3382 4398 τὴν
3441 4329 3750 4403 εἰσήγησιν

2095 4420 2220 4490 ἥτις
2250 4417 2546 4492 ἐπωφελὴς
2601 4419 2691 4473 καὶ
2740 4419 3002 4496 ἀναγκαία
3047 4421 3412 4496 τυγχάνουσα,
3456 4417 3524 4473 δι’
3557 4419 3751 4492 ὀλίγου

2097 4507 2186 4562 καὶ
2219 4506 2590 4579 εὐαριθμήτου
2622 4504 2758 4562 λαοῦ
2816 4506 3004 4564 πολλὰ
3056 4513 3165 4563 τῶν
3213 4506 3503 4578 πολεμίων
3554 4503 3745 4576 πλήθη

2100 4596 2392 4666 ἀπρακτεῖν
2477 4594 2894 4668 παρασκευάζει,
2976 4599 3110 4652 Θεοῦ
3191 4592 3250 4650 δὲ
3312 4593 3482 4649 νεύσει
3544 4593 3618 4656 ὡς
3683 4593 3754 4647 τὰ

2099 4682 2286 4739 πολλᾶ
2312 4683 2403 4739 xui
2429 4684 2875 4760 καταγωνίζεται.

2170 4807 2316 4876 ΚΕΦ
2351 4847 2364 4860 .
2443 4801 2502 4871 ζ’.
2566 4800 2693 4875 Περὶ
2752 4798 3127 4876 παραδρομῆς,
3173 4805 3281 4855 τῶν
3345 4799 3748 4876 μονοκούρσων.

2167 4873 2257 4928 καὶ
2297 4870 2616 4948 στοχασμοῦ
2642 4870 2747 4942 τῆς
2775 4870 2872 4928 τοῦ
2899 4870 3036 4928 λαοῦ
3068 4873 3246 4928 αὐτῶν
3276 4870 3602 4944 ποσότητοςξ

2169 5071 2245 5124 Τὰ
2299 5074 2408 5125 τῶν
2459 5067 3023 5143 πολεμίων--κοῢρσαλ
3104 5066 3521 5143 τίς-λεγόμενα
3582 5069 3748 5140 μονό-

2098 5161 2303 5217 κουρσα
2331 5144 2447 5213 (10)
2479 5142 2585 5196 ἀπὸ
2610 5137 2716 5211 ⁷τῆς
2750 5137 2891 5206 ἰδίας
2921 5137 3134 5216 ’χώρας
3191 5137 3544 5215 ἐξερχόμενα,
3577 5137 3754 5208 πεζῶν

1542 5297 1605 5355 C.
1648 5299 1709 5352 Β.
1753 5299 1944 5354 HASII
1973 5297 2535 5356 ANNOTATIONES.

398 5412 450 5449 ³⁸
474 5413 810 5483 παραστάσει
841 5414 974 5470 cod.

398 5541 474 5611 (9)
507 5540 871 5611 vocabulum
932 5539 1201 5596 nondum
1258 5542 1565 5609 receptum
1599 5538 1660 5593 in
1694 5539 1924 5604 Lexica.
1958 5557 1992 5597 a

327 5609 681 5684 παροπλίζω,
731 5628 978 5680 εωανηιο,
1039 5612 1197 5683 quod
1255 5614 1465 5665 notum
1525 5616 1632 5667 est.
1668 5611 1810 5668 Vide
1833 5613 1991 5670 infra

328 5682 388 5735 C.
422 5681 862 5736 παριππαοάτος.

376 5723 388 5735 .
422 5700 862 5808 παριππῖρατος.

402 5755 526 5835 κιο).
542 5760 652 5835 Mov
692 5773 921 5835 κουρσα,
944 5758 1193 5835 utpatet
1213 5771 1283 5835 ei;
1309 5752 1462 5835 serie
1486 5753 1797 5835 orationis,
1825 5761 1986 5835 sunt,

331 5825 567 5890 quando
599 5825 862 5880 hostium
893 5825 1123 5894 equites
1156 5826 1291 5894 soli,
1323 5825 1548 5897 absque
1580 5826 1868 5898 peditatu,
1894 5829 1984 5882 in-

2103 5539 2445 5597 cursionem
2475 5541 2717 5613 faciunt.
2756 5541 2858 5613 Est
2889 5539 3048 5613 enim
3081 5541 3335 5613 κοῦρσος,
3370 5555 3474 5613 seu
3520 5542 3752 5609 κοῦρσον

2100 5612 2414 5682 impressio
2447 5611 2755 5667 subitaria.
2779 5611 2945 5676 Quod
2977 5628 3098 5682 non
3131 5611 3428 5667 intellexit
3458 5611 3755 5682 interpres

2097 5679 2405 5740 Achmetis
2437 5684 2703 5740 Onirocr.
2737 5684 2861 5738 261.
2903 5687 2970 5738 Α.
3031 5679 3306 5737 ἐλεύσεται
3363 5682 3561 5754 ἐχθρὸς
3593 5679 3751 5752 δίκην

2097 5755 2352 5829 κούρτου,
2380 5755 2632 5829 ridicule
2672 5759 2928 5821 vertens,
2960 5755 3136 5812 instar
3193 5754 3519 5812 animatculi
3547 5754 3755 5812 vitibus

2097 5827 2309 5898 infesti,
2341 5827 2491 5900 quod
2511 5843 2729 5883 cereum
2756 5834 2977 5883 vocant.
