4118 6418
327 519 446 582 941

1637 515 2065 577 VELITA'I‘IO
2109 515 2464 578 BELLICA.

3649 527 3766 587 9H

330 651 476 722 ἄνευ,
533 644 658 715 ἔθος
715 649 902 712 αὐτοῖς
967 645 1180 723 σπουδῇ
1255 649 1358 718 τήν
1416 647 1637 723 πορείαν
1696 648 1987 718 ποιεῖσθαι,

2104 653 2275 720 punt,
2311 649 2523 704 itinere
2551 649 2860 706 confestim
2897 651 3071 719 facto,
3104 669 3406 724 nusquam
3457 657 3772 714 considere

330 746 421 801 καὶ
456 739 721 816 μηδαμοῦ
780 739 1195 812 ἀπληκεύοντας
1251 740 1352 808 τήν
1406 739 1544 810 ’ὀλην
1605 740 1772 794 νύκτα
1821 735 2002 793 διαϐι-

329 828 534 902 ϐάζειν·
568 830 718 887 ἀλλᾶ
774 830 911 905 πρὸς
977 829 1172 904 μικρὸν
1219 827 1350 891 τοὺς
1393 825 1600 891 ’ίππους
1631 826 1998 898 διαναπαύειν,

336 923 471 999 πρός
525 922 589 977 τὸ
645 920 744 983 τάς
800 919 971 995 ταγάς
1028 919 1118 974 καὶ
1183 919 1350 991 μόνον
1400 918 1620 980 τούτοις
1676 915 1998 974 ἀποδοῦναι.

334 1013 427 1074 Ὠς
457 1010 647 1066 ἐπίπαν
705 1011 809 1085 γὰρ
867 1010 934 1064 τὰ
994 1009 1341 1085 μονόκουρσα
1397 1010 1512 1081 μετ’
1573 1007 1868 1084 όλιγοστοῦ
1907 1005 1999 1062 καὶ

340 1099 592 1156 ἐκλεκτοῦ
651 1098 790 1154 λαοῦ
847 1101 945 1168 τήν
1006 1095 1271 1171 ἐξέλευσιν
1326 1101 1635 1154 ποιοῦνται.
1695 1095 1997 1151 Σπεύδουσι

335 1188 391 1245 δὲ
417 1191 653 1266 τάχιστα
681 1182 1036 1254 καταλαϐεῖν,
1098 1186 1152 1242 ἐν
1215 1189 1298 1248 οἷς
1353 1187 1587 1262 χωρίοις
1630 1193 1730 1256 τήν
1766 1185 1996 1240 ἐπίθεσιν

331 1279 423 1334 καὶ
455 1276 735 1354 ἐκδρομὴν
792 1272 1187 1333 ἐϐουλεύσαντο
1240 1283 1492 1346 ποιῆσαι.
1541 1277 1656 1332 Τοῦ
1705 1275 1794 1329 οὗν
1840 1295 2000 1349 στρα-

330 1374 504 1444 τηγοῦ
537 1370 686 1442 παρά
725 1389 785 1424 τε
825 1372 932 1422 τῶν
979 1360 1414 1441 καμινοϐιγλίων
1460 1365 1685 1420 καὶτῶν
1736 1364 1996 1440 βιγλατό-

333 1480 442 1534 ρων
492 1459 592 1526 τήν
650 1458 860 1512 τούτων
919 1455 1187 1526 ἐξέλευσιν
1242 1455 1735 1528 ἀναμανθάνοντος,
1784 1452 1996 1528 σπουδῇ

334 1546 524 1622 πολλῇ
583 1547 652 1602 τὰ
702 1544 756 1602 ἐν
815 1550 935 1608 ταῖς
996 1545 1185 1620 ἄκραις
1243 1538 1712 1618 καταλαμϐανέτω
1791 1543 1994 1619 χωρία,

334 1634 812 1712 προαποστέλλων
869 1634 1232 1710 τουρμάρχῃν
1306 1633 1414 1688 εἴτε
1489 1630 1672 1707 ἕτερον
1732 1630 1995 1708 ἄρχοντα,

327 1726 438 1784 τῶν
494 1725 906 1799 ἐμπειροτᾶτων
967 1723 1057 1779 καὶ
1140 1723 1458 1798 χρησίμων,
1535 1723 1670 1796 μετᾶ
1723 1722 1992 1778 ἐκλεκτῶν

334 1815 622 1891 ἀρχόντων
667 1816 714 1852 ’9
760 1814 851 1870 καὶ
907 1812 1398 1886 καλοϊππαράτων,
1455 1811 1553 1866 τοῦ
1610 1819 1994 1888 προσυπαντῆ·

331 1927 440 1976 σαι,
499 1906 592 1960 καὶ
655 1905 791 1978 μετά
864 1902 1154 1977 ἐμπειρίας
1233 1902 1460 1964 τούτους
1537 1903 1847 1970 θεάσασθαι,
1901 1902 1994 1956 καὶ

2108 743 2351 810 totaque
2422 745 2596 796 nocte
2670 741 3050 797 continenter
3127 743 3211 798 ire
3279 752 3766 803 consueverunt:

2098 827 2393 900 jumentis
2419 835 2651 885 tantum
2701 830 2984 900 requietis
3030 832 3440 900 concedentia,
3473 841 3766 905 quantum

2107 915 2250 970 satis
2282 915 2358 971 sit
2387 917 2461 972 ad
2491 917 2779 989 pabulum
2825 917 2945 972 illis
2995 917 3282 983 dandum,
3326 923 3470 976 Nam
3520 923 3766 980 omnino

2107 1024 2464 1065 monocursa
2484 1027 2621 1066 cum
2640 1010 2844 1082 paucis
2865 1010 3188 1066 admodum
3208 1012 3312 1066 sed
3335 1013 3579 1070 delectis
3601 1016 3768 1086 equi-

2105 1101 2263 1157 tibus
2296 1103 2576 1160 existunt.
2602 1104 2982 1160 Contendunt
3013 1110 3235 1174 autem,
3258 1111 3322 1161 ut
3343 1108 3418 1163 ad
3441 1107 3618 1177 vicos,
3649 1125 3766 1179 quo

2104 1194 2562 1267 impressionem
2595 1198 3003 1269 impetumque
3056 1199 3253 1254 facere
3302 1202 3763 1269 constituerunt,

2105 1283 2296 1354 primo
2328 1301 2566 1355 quoque
2615 1289 2882 1356 tempore
2932 1286 3300 1356 perveniant.
3344 1289 3488 1354 Dux,
3522 1306 3629 1360 per
3658 1305 3767 1342 cu-

2104 1372 2328 1427 stodias
2377 1373 2662 1429 itinerum
2713 1374 3207 1446 excubitoresque
3258 1376 3332 1432 de
3374 1394 3579 1432 eorum
3609 1378 3766 1431 irru-

2101 1463 2304 1533 ptione
2346 1463 2564 1518 certior
2609 1463 2820 1532 factus,
2872 1480 3088 1537 magna
3135 1464 3447 1538 diligentia
3492 1467 3565 1522 ad
3606 1466 3765 1522 vicos

2103 1550 2444 1608 limitaneos
2476 1553 2626 1609 195
2683 1571 2811 1609 sese
2851 1554 3136 1623 conferat,
3169 1556 3474 1627 praemisso
3507 1562 3766 1611 turmar-

2103 1643 2214 1698 cha
2243 1647 2348 1698 aut
2377 1643 2577 1714 aliquo
2609 1644 2910 1716 prmfecto,
2946 1661 3015 1699 ex
3046 1645 3429 1716 peritissimis
3461 1652 3520 1702 et
3547 1646 3767 1718 proba-

2103 1731 2199 1802 tis,
2227 1732 2326 1803 qui
2360 1733 2712 1804 praapositos
2735 1732 2998 1788 delectos
3022 1734 3315 1806 bonisque
3339 1737 3508 1807 equis
3540 1736 3768 1792 instru-

2102 1826 2225 1877 ctos
2257 1839 2459 1877 secum
2492 1822 2728 1887 habeat,
2781 1828 2845 1878 ut
2891 1823 3123 1878 obviam
3156 1824 3277 1879 illis
3307 1842 3659 1898 progressus
3691 1845 3761 1883 ex

2103 1927 2214 1965 usu
2242 1911 2486 1966 militari
2514 1928 2615 1966 eos
2639 1911 2998 1976 consideret,
3018 1912 3309 1984 juxtaque
3342 1931 3593 1970 manens
3625 1915 3763 1972 duci

331 1998 692 2070 παραμεῖναι,
749 1993 840 2048 καὶ
892 1996 972 2064 τῷ
1037 1995 1330 2068 στρατηγῷ
1405 1990 1776 2064 καταμηνύειν
1836 1989 1889 2045 ἐν
1948 1991 1987 2063 ᾧ

2108 2001 2430 2069 renuntiet,
2455 2017 2589 2055 cum
2612 2017 2791 2071 quem
2812 2001 3008 2056 locum
3037 2002 3325 2073 ceperint,
3353 2004 3556 2071 tum,si
3583 2004 3769 2076 dispi-

326 2083 480 2156 τόπῳ
508 2077 842 2151 κατέλαϐον,
894 2082 939 2137 εἰ
999 2079 1223 2136 δυνατὸν
1279 2078 1614 2150 διασκοπεῖν,
1646 2080 1736 2136 καὶ
1765 2082 1865 2150 τήν
1895 2085 1993 2135 τοό

329 2173 464 2230 λαοῦ
493 2172 672 2228 αὐτῶν
723 2169 1024 2242 ποσότητα.
1085 2170 1162 2228 Οὐ
1224 2171 1390 2244 μόνον
1449 2171 1554 2246 γὰρ
1607 2171 1711 2225 ἀπὸ
1739 2177 1841 2240 τῆς
1872 2172 1993 2233 θέας

328 2261 554 2319 δυνατόν
641 2261 785 2318 ἐστιν
867 2262 1168 2336 ἀριθμῆσαι
1245 2259 1441 2322 αὐτοὺς
1497 2260 1585 2315 καὶ
1644 2262 1989 2336 καταστοχά-

328 2355 542 2424 σασθαι,
599 2351 746 2407 ἄλλά
774 2351 866 2406 καὶ
897 2349 957 2405 ἐκ
1009 2356 1110 2420 τῆς
1156 2349 1369 2405 τούτων
1399 2348 1602 2418 ὁπλῆς.
1637 2351 1862 2420 Πλῆθος
1889 2349 1990 2426 γὰρ

329 2441 538 2517 χόρτου
568 2437 828 2516 ἐρημίαις
863 2436 1134 2514 ὑπάρχον,
1183 2435 1274 2492 καὶ
1317 2441 1435 2499 τοῖς
1476 2436 1604 2491 ποσὶ
1635 2440 1740 2490 τῶν
1773 2435 1987 2512 ἀλόγων

319 2528 830 2603 καταπατούμενον,
866 2530 918 2584 οὶ
963 2531 1073 2583 τῶν
1128 2524 1338 2603 ἀνδρῶν
1382 2524 1768 2602 ἐμπειρότατοι
1802 2524 1992 2582 δύναν-

322 2640 412 2673 ται
460 2617 520 2674 ἐκ
571 2619 771 2674 τούτου
824 2617 926 2686 τήν
983 2619 1082 2672 τοῦ
1137 2613 1274 2672 λαοῦ
1330 2617 1633 2686 ποσότητα,
1685 2615 1736 2670 εἷ’
1781 2618 1987 2690 καὶμὴ

329 2699 594 2777 ἀκριϐῶς,
650 2703 1185 2780 καταστοχάτασθαι.
1233 2702 1508 2766 Ὡσαύτως
1556 2700 1615 2758 δὲ
1660 2703 1751 2757 καὶ
1782 2702 1834 2756 ἐν
1866 2709 1988 2766 τοῖς

331 2798 441 2846 τῶν
497 2796 738 2868 [Ρ.126]
794 2797 1061 2866 ποταμῶν
1117 2792 1442 2870 περάμασιν·
1502 2788 1885 2869 ἀκριϐέστερον
1932 2791 1990 2848 δὲ

324 2883 414 2937 καί
448 2883 554 2938 ἀπὸ
602 2888 710 2938 τῶν
751 2881 962 2939 τούτων
1013 2880 1336 2953 ἀπλήκτων,
1384 2881 1547 2951 ἡνίκα
1581 2879 1782 2946 ἐκεῖθεν
1816 2881 1986 2937 ἀπαί-

323 2993 532 3048 ρουσιν.
565 2974 628 3030 Ὁ
659 2971 718 3029 δὶ
763 2973 1086 3048 στρατηγὸς,
1132 2977 1230 3027 τοῦ
1290 2973 1531 3048 κούρσου
1557 2977 1665 3027 τῶν
1699 2971 1985 3045 πολεμίων

319 3065 420 3132 τὴν
476 3061 657 3142 ἄφιξιν
711 3065 1124 3138 ἀναμανθάνων,
1181 3062 1273 3119 καὶ
1330 3066 1438 3118 τῶν
1498 3063 1746 3138 χωρίων,
1805 3061 1856 3118 ἐν
1905 3063 1985 3126 οἷς

318 3155 415 3216 τὰς
473 3152 752 3232 ἐκδρομὰς
810 3155 1141 3225 ποιήσασθαι
1209 3151 1500 3226 μέλλουσι,
1555 3152 1984 3229 στοχασάμενος,

317 3243 556 3313 πλησίον
617 3243 828 3299 τούτων
882 3243 1132 3319 γινέσθωο
1209 3243 1301 3298 καὶ
1360 3242 1412 3298 ἐν
1484 3241 1782 3316 ἐπιτηδείῳ
1828 3244 1985 3316 τόπῳ

319 3333 510 3390 ἐαυτόν
541 3331 870 3408 ἀποκρύψας
935 3335 1071 3406 μετά
1124 3336 1224 3388 τοῦ
1281 3329 1419 3387 λαοῦ
1471 3334 1665 3405 αὐτοῦ,
1702 3331 1898 3410 βίγλας
1924 3353 1985 3387 τε

317 3391 718 3498 καὸαλλαρίων
776 3391 1061 3499 παντάχοῦ
1112 3421 1462 3492 ἀποστείλας,
1517 3391 1853 3497 ἡνίκάιπέρὶ
1884 3391 1983 3478 αὖ·
2023 3391 2066 3456 C

322 3519 430 3570 τῶν
489 3514 932 3586 καταμηνυθείη,
989 3512 1080 3568 καὶ
1151 3514 1412 3567 Θεαθῶσιν
1468 3510 1839 3586 ἐξελαύνοντες
1894 3511 1985 3568 καὶ

321 3599 866 3678 διασκορπιζόμενοι,
901 3601 1093 3676 ἐξέλθῃ
1128 3601 1207 3664 εἷς
1253 3602 1318 3656 τὸ
1362 3602 1699 3673 σκόρπισμα,
1729 3600 1819 3658 καὶ
1847 3601 1984 3656 τούς

324 3711 444 3754 τοις
497 3691 842 3767 ἐντυγχάνων
903 3689 1122 3754 ἀπόνως
1178 3688 1375 3753 αὐτοὺς
1433 3691 1886 3766 καταγωνίσεται.
1920 3691 1982 3748 Εἰ

327 3777 384 3835 δέ
416 3776 591 3856 συμὸῃ
641 3801 794 3844 τινας
849 3783 958 3836 τῶν
1022 3784 1283 3856 χωριτῶν
1339 3787 1678 3856 κρατηθῆναι
1723 3782 1854 3856 παρ’
1884 3780 1980 3836 αὖ·

315 3875 425 3926 τῶν
482 3872 587 3946 πρὸ
642 3875 743 3930 τοῦ
800 3868 1071 3943 ἐξελάσαι,
1129 3869 1219 3924 καὶ
1279 3869 1578 3944 ἀναμαθεῖν
1635 3872 1739 3942 τήν
1795 3874 1982 3926 τετοῦ

2103 2105 2234 2144 cere
2257 2089 2316 2144 id
2338 2106 2574 2161 quoque
2606 2094 2820 2162 potest,
2847 2106 3051 2145 eorum
3075 2090 3394 2146 multitudo
3418 2099 3640 2163 quanta
3665 2095 3763 2150 sit.

2104 2180 2229 2233 Non
2263 2178 2457 2233 solum
2495 2179 2656 2233 enim
2711 2195 2782 2233 ex
2831 2179 2960 2234 visu
3016 2196 3336 2234 numerum
3367 2197 3574 2237 eorum
3614 2183 3766 2238 inire

2102 2272 2280 2339 atque
2300 2268 2596 2324 aastimare
2626 2268 2996 2336 licet,verum
3019 2269 3199 2324 etiam
3223 2287 3292 2324 ex
3317 2270 3626 2342 impressis
3648 2290 3728 2328 un
3745 2304 3764 2314 -

2101 2355 2375 2427 gularum
2401 2356 2682 2428 vestigiis.
2722 2358 2866 2412 Nam
2889 2373 3024 2411 cum
3045 2356 3132 2412 vis
3154 2357 3354 2412 herbas
3385 2359 3448 2413 in
3480 2360 3765 2416 solitudi-

2109 2444 2288 2500 nibus
2309 2445 2785 2517 sit,pedibusque
2803 2446 3222 2517 jumentorum
3243 2447 3763 2518 conculcetur,ho-

2099 2535 2475 2591 minesvalde
2501 2537 2805 2592 exercitati
2838 2537 3149 2608 copiarum
3170 2540 3753 2604 numerum,etiamsi

2099 2641 2222 2680 non
2235 2625 2878 2699 accurate,intelligere
2895 2631 3176 2698 possunt:
3198 2629 3341 2683 item
3358 2644 3428 2683 ex
3443 2629 3765 2686 ﬂuminum

2101 2714 2594 2786 trajectionibus:
2650 2720 2776 2770 tum
2835 2716 3172 2771 accuratius
3241 2717 3418 2772 etiam
3453 2735 3522 2774 ex
3561 2735 3770 2776 eorum

2099 2803 2857 2875 mansionibus,postquam
2880 2804 3022 2859 inde
3042 2812 3378 2861 moverunt.
3395 2808 3523 2862 Dux
3545 2814 3766 2875 autem,

2097 2891 2330 2964 cognito
2362 2891 2761 2963 praedatorum
2790 2892 3100 2948 hostilium
3125 2893 3402 2957 adventu,
3436 2895 3616 2960 vicos,
3648 2914 3766 2968 quo

2096 2980 2384 3051 irrupturi
2415 2981 2556 3049 sint,
2593 2980 2926 3052 suspicans,
2958 2982 3205 3053 propius
3259 2982 3333 3037 ad
3359 2983 3468 3039 hos
3498 2984 3762 3043 accedat.

2096 3069 2349 3141 locoque
2381 3069 2596 3125 idoneo
2627 3085 2764 3124 cum
2797 3085 2980 3125 manu
3011 3086 3120 3126 sua
3148 3070 3412 3142 abditus,
3433 3073 3541 3128 sia
3563 3074 3765 3130 statio-

2094 3158 2275 3214 nibus
2316 3158 2584 3230 equitum
2617 3175 3062 3230 quoquoversus
3094 3158 3358 3215 dimissis
3380 3161 3758 3229 admonetur,

2094 3247 2416 3318 hostesque
2449 3247 2669 3320 egressi
2703 3253 2880 3318 atque
2911 3247 3182 3319 dissipati
3213 3250 3759 3320 conspiciuntur,in

2094 3337 2396 3408 dispersos
2423 3342 2715 3408 erumpat,
2739 3336 2996 3408 illosque
3017 3336 3304 3393 invadens
3335 3339 3501 3394 nullo
3523 3341 3760 3412 negotio

2096 3425 2474 3498 expugnabit.
2510 3425 2610 3480 Sin
2643 3431 2842 3481 autem
2875 3425 3092 3481 accidit
3145 3431 3212 3480 ut
3240 3442 3311 3480 ex
3341 3427 3615 3498 agricolis
3648 3428 3759 3483 ali-

2097 3520 2244 3585 quot
2272 3530 2306 3570 a
2336 3531 2398 3570 se
2431 3514 2620 3586 captis
2651 3519 2974 3586 antequam
3006 3513 3408 3587 egrediantur,
3439 3514 3651 3570 ducem
3701 3521 3763 3572 et

2093 3604 2326 3660 venisse
2356 3609 2415 3659 et
2437 3619 2760 3676 occupasse
2791 3605 2951 3659 vicos
2977 3603 3336 3676 intelligant,
3353 3604 3608 3676 ideoque
3633 3622 3758 3661 non

2094 3693 2354 3750 audeant
2381 3709 2718 3758 excurrere,
2750 3693 2976 3748 infecta
3033 3709 3098 3749 re
3156 3693 3374 3765 raptim
3417 3710 3479 3750 se
3511 3694 3757 3751 domum

2091 3783 2407 3854 recipient,
2465 3782 2618 3837 nihil
2676 3787 2896 3854 praeter
2963 3781 3256 3849 laborem,
3310 3782 3755 3854 lassitudinem,

2092 3889 2388 3928 aerumnas
2411 3872 2742 3928 consecuti.

317 3966 623 4036 στρατηγοῦ
651 3960 955 4037 παρουσίαν
986 3959 1077 4015 καὶ
1107 3960 1207 4030 τὴν
1237 3964 1345 4016 τῶν
1379 3960 1606 4036 χωρίων
1657 3959 1959 4031 ἐπέλευσιν,
2008 3961 2099 4016 καὶ
2148 3961 2211 4016 ού
2263 3959 2629 4038 θαρῥήσουσιν
2674 3959 2940 4032 ἐξελασαι,
2973 3980 3242 4036 απρακτοι
3279 3959 3589 4025 σπουδαίως
3617 3963 3757 4033 πρὸς

312 4054 412 4121 τήν
447 4050 585 4107 ἰδίαν
616 4051 1017 4129 ὑποστρέφουσι
1049 4052 1264 4127 χώραν,
1299 4051 1465 4124 μόνον
1496 4052 1589 4106 τὸν
1620 4051 1790 4107 κόπον
1817 4052 1867 4088 ³ο
1895 4051 1986 4106 καὶ
2015 4051 2115 4120 τὴν
2146 4049 2438 4126 συντριϐἡν
2467 4052 2559 4106 καὶ
2586 4049 2964 4126 ταλαιπωρίαν
2997 4048 3339 4109 ὑποστᾶντει.

313 4183 476 4255 κω.
532 4177 604 4236 Ζ’.
665 4175 798 4255 ῌερὶ
835 4175 1252 4255 ⁸συναθροίσιειιιις
1314 4177 1418 4255 ,καὶ
1462 4179 1769 4255 ’κινήσεως
1829 4197 1981 4255 φωσ-

387 4247 571 4325 σάτου·
603 4249 696 4303 καὶ
727 4247 851 4325 περὶ
879 4253 979 4304 τοῦ
1008 4247 1363 4324 παραχωρεῖν
1392 4247 1521 4313 τοὺς
1559 4247 1978 4325 πραγματέυτάς

316 4319 662 4396 εἰσέρχεσθαι
692 4321 784 4376 καὶ
799 4319 1193 4378 ’κατασκοπεῖνξ

391 4437 749 4512 ῐῐαρασκευήν
810 4434 868 4492 δὶ
920 4435 1012 4493 καὶ
1091 4437 1306 4508 κίνησιν
1395 4437 1637 4511 μεγάλου
1693 4437 1980 4516 φωσσάτου

315 4526 553 4592 ἀκούων,
587 4525 640 4582 ἐν
677 4527 722 4599 ᾧ
747 4531 924 4601 καιρῷ
976 4524 1215 4600 μάλιστα
1263 4524 1426 4582 εἴωθε
1452 4528 1521 4582 τὰ
1553 4525 1768 4603 μεγάλα
1821 4549 1980 4584 συνα-

2090 4178 2245 4234 I90
2275 4179 2408 4235 CAP.
2447 4179 2560 4233 VII.
2608 4179 2686 4232 De
2713 4179 3088 4233 contractione
3143 4183 3197 4232 et
3236 4184 3396 4232 motu
3447 4180 3756 4235 exercitus:

2161 4256 2216 4305 et
2249 4250 2317 4305 de
2355 4266 2434 4316 eo,
2468 4255 2532 4304 ut
2561 4249 2955 4304 mercatoribus
2993 4251 3376 4320 permittatur,
3407 4251 3621 4304 intrare
3652 4250 3747 4306 ho-

2161 4324 2329 4376 stium
2355 4325 2509 4390 ﬁnes,
2538 4337 2602 4376 ac
2630 4320 2925 4391 speculari.

2163 4438 2220 4492 Si
2251 4436 2423 4493 audis
2453 4436 2671 4492 instrui
2718 4441 2778 4492 et
2832 4435 3056 4491 moveri
3087 4451 3372 4508 magnum
3400 4436 3748 4505 exercitum,

2092 4543 2208 4599 quo
2240 4527 2594 4599 plerumque
2625 4532 2895 4598 tempore
2944 4525 3157 4598 amplm
3189 4525 3376 4598 copias
3410 4529 3754 4601 congregari

317 4617 627 4690 οροίζεσθαι
686 4618 963 4695 φωσσάτα,
1021 4614 1192 4693 ἤγουν
1248 4621 1330 4690 τῷ
1385 4615 1686 4692 Αὐγούστῳ
1738 4617 1890 4690 μηνί·
1925 4617 1978 4674 ἐν

2100 4616 2422 4684 aolent,hoc
2455 4620 2545 4671 est
2573 4631 2781 4671 mense
2805 4617 3066 4685 Augusto
3091 4630 3103 4668 :
3128 4630 3198 4669 ea
3216 4614 3377 4670 enim
3399 4621 3755 4688 tempestate

314 4706 420 4782 γὰρ
449 4711 531 4778 τῷ
554 4707 790 4779 τοιούτῳ
817 4706 994 4781 καιρῷ
1028 4705 1133 4762 ἀπό
1171 4727 1230 4762 τε
1269 4705 1573 4781 Αἷγύπτου,
1607 4707 1979 4778 Παλαιστίνης

315 4815 375 4850 τε
440 4795 532 4850 καὶ
591 4795 879 4866 Φοινίκης,
933 4796 1025 4851 καὶ
1077 4802 1178 4867 τῆς
1230 4794 1444 4867 Κοίλης
1499 4795 1724 4868 Συρίας,
1783 4797 1972 4868 πλήθη

316 4884 630 4959 ἀνήρχοντο
689 4883 744 4939 ἐν
803 4883 1028 4955 Κιλικίᾳ
1081 4885 1172 4939 καὶ
1225 4883 1276 4939 ἐν
1335 4890 1457 4948 ταῖς
1513 4884 1726 4960 χώραις
1757 4887 1973 4943 Ἀντιο-

316 4972 494 5049 χείας,
525 4978 624 5029 τοῦ
655 4972 889 5040 Χάλεπε,
945 4973 1036 5029 καὶ
1093 4970 1616 5047 προσλαμϐάνοντες
1673 4974 1762 5030 καὶ
1811 4977 1978 5051 Ἀρα-

318 5058 418 5124 ϐας
471 5065 554 5135 τῷ
610 5057 962 5136 σεπτεμϐρίῳ
1025 5062 1158 5135 μηνὶ
1231 5063 1332 5131 τὴν
1384 5064 1521 5118 κατὰ
1574 5063 1862 5138 Ῥωμαίων
1923 5064 1977 5120 ἐ-

313 5154 577 5206 ποιοῦντο
607 5150 898 5224 ἐξέλευσιν·
926 5150 978 5206 ἐν
1000 5154 1081 5220 τῷ
1108 5149 1349 5224 τοιούτῳ
1377 5153 1564 5208 τοίνυν
1591 5158 1788 5230 καιρῷ,
1819 5154 1908 5210 ὅτε
1938 5155 1974 5224 ἡ

315 5243 666 5314 συνάθροισις
746 5244 846 5297 τοῦ
920 5242 1209 5320 φωσσάτου
1263 5245 1373 5297 τῶν
1430 5241 1718 5317 πολεμίων
1779 5241 1975 5318 μέλλει

313 5330 583 5408 γίνεσθαι,
686 5331 1058 5408 συνεγέστερον
1135 5335 1181 5372 ³¹
1257 5330 1388 5396 τοὺς
1458 5334 1785 5410 τραπεζίτας
1868 5337 1977 5409 (ll)

2087 4722 2159 4761 ex
2185 4707 2451 4777 Egypto,
2504 4704 2842 4759 Palwstina.
2888 4703 3209 4772 Phoenicia,
3265 4704 3609 4777 leesyria,
3651 4723 3750 4762 ca-

2087 4799 2260 4850 tervaa
2292 4793 2605 4849 hominum
2649 4793 2711 4849 in
2759 4793 3026 4848 Ciliciam
3080 4793 3351 4866 finesque
3395 4795 3750 4866 Antiochia),

2085 4886 2243 4942 circa
2275 4885 2548 4958 Alepum,
2583 4885 2969 4958 emergebant
2999 4889 3059 4939 et
3097 4886 3423 4958 assumptis
3456 4887 3750 4944 Arabibus

2085 4994 2290 5034 mense
2323 4977 2644 5049 septembri
2679 4977 2741 5032 in
2775 4979 3072 5033 Romanos
3109 4977 3412 5033 faciebant
3455 4979 3751 5035 incursio-

2084 5085 2257 5124 nem:
2295 5084 2383 5136 eo,
2418 5067 2687 5138 inquam,
2715 5072 3005 5139 tempore,
3027 5083 3143 5139 quo
3177 5067 3489 5136 exercitus,
3513 5068 3752 5125 hostilis

2086 5158 2351 5214 coiturus
2379 5161 2488 5225 est,
2522 5156 2763 5229 expedit
2786 5155 3056 5213 crebrius
3087 5171 3359 5211 cursores
3380 5155 3500 5209 sive
3532 5157 3748 5212 tasina-

2086 5247 2196 5312 cia,
2222 5245 2573 5318 iudicesque
2601 5245 2893 5318 plurimos
2926 5261 2997 5301 ex
3026 5245 3348 5318 proborum
3388 5248 3567 5316 atque
3599 5244 3749 5299 ﬁde-

2086 5335 2237 5392 lium
2266 5351 2542 5408 numero,
2576 5335 2872 5393 emittere.
2902 5336 3052 5391 Item
3090 5331 3520 5390 mercatoribus
3549 5338 3752 5405 potes-

1527 5517 1590 5572 Ο.
1631 5515 1694 5571 Β.
1737 5514 1930 5573 BASII
1977 5513 2545 5574 ANNOTATIONES.

392 5656 441 5694 ’9
469 5656 780 5733 ἀρχόντων.
813 5659 972 5716 Fort.
1005 5658 1376 5735 στρατιωτῶν.
1450 5657 1501 5695 ⁸ο
1531 5655 1734 5713 σκοπὸν
1765 5658 1940 5716 codd.

2100 5655 2516 5734 ωνερχέστερον
2550 5655 2722 5715 codd.

391 5828 505 5901 (il)
537 5828 620 5882 De
649 5827 968 5900 trapezitis,
1005 5843 1262 5900 quorum
1278 5829 1409 5901 jam
1441 5842 1622 5901 supra
1651 5829 1876 5885 mentio
1904 5830 2061 5887 facta
2089 5832 2181 5884 est
2202 5831 2322 5886 121.
2354 5829 2418 5884 D.
2452 5825 2596 5881 Vide
2628 5824 2997 5898 Ducangium
3056 5825 3354 5916 Glossario
3403 5827 3450 5883 II
3501 5828 3636 5882 1533
3680 5828 3744 5882 Β.
