4118 6428
341 492 461 553 943

1672 471 2101 538 NICEPHORI
2141 471 2424 535 PHOCuE

3655 477 3778 540 9M

339 632 524 684 tatem
552 625 746 680 facere
776 617 1157 676 introeundi:
1191 631 1322 673 cum
1368 613 1593 684 amiris,
1632 611 1733 684 qui
1763 609 1998 684 Oppidis

2130 604 2494 676 ἱποστέλλειν,
2552 606 2677 679 ἤτοι
2733 607 2802 664 τὰ
2870 608 3178 679 τασινάκια,
3243 608 3334 664 xui
3391 607 3775 672 κατασκόπους

349 718 500 773 ﬁnes
557 718 792 768 nostros
867 706 1279 781 adjacentibus
1334 708 1624 776 praesunt,
1681 700 2006 756 amicitiam

352 803 703 860 contrahere
729 817 742 854 :
775 798 1037 854 scribere
1067 796 1141 852 ad
1172 795 1330 863 illos,
1361 793 1635 848 homines
1667 806 1802 846 cum
1834 789 2008 844 donis

346 895 582 950 mittere
605 909 618 946 :
643 895 710 944 ut
730 889 824 944 his
844 887 1021 942 variis
1042 883 1380 941 actionibus
1402 899 1536 938 cum
1559 880 1809 937 consilia
1829 885 2006 950 atque

345 981 738 1055 cogitationes
798 977 1082 1043 hostium,
1143 980 1268 1030 tum
1321 987 1640 1028 numerum
1699 969 2008 1042 c0piarum

347 1070 716 1143 equestrium
749 1073 805 1123 et
835 1065 1203 1139 pedestrium
1245 1078 1376 1135 quae
1424 1066 1728 1134 cogantur,
1759 1058 2008 1132 praefec-

348 1166 557 1232 tosque
590 1174 816 1224 earum,
852 1160 911 1211 et
940 1155 1000 1209 in
1033 1169 1180 1226 quas
1222 1151 1555 1224 provincias
1603 1149 2008 1205 incursionem

347 1251 543 1305 facere
566 1245 960 1310 instituerint,
987 1243 1165 1315 plane
1190 1242 1308 1297 dux
1333 1241 1652 1313 perdiscat.
1676 1241 1764 1294 Ita
1794 1239 2012 1294 certior

347 1339 562 1407 factus,
593 1353 730 1392 cum
763 1335 835 1390 de
866 1338 1032 1389 motu
1063 1332 1376 1398 exercitus,
1398 1335 1524 1385 tum
1555 1329 1627 1385 de
1651 1329 2010 1398 itinere,quo

350 1431 413 1486 in
436 1430 588 1484 fines
608 1424 813 1498 populi
836 1425 1085 1480 Romani
1106 1422 1444 1494 irrupturus
1463 1418 1775 1484 est,debet,
1790 1417 2011 1473 coactis

352 1515 848 1587 omnibus,copiis
866 1513 940 1569 ad
961 1512 1214 1568 limitem
1236 1510 1598 1584 progredi,et
1618 1509 1738 1564 sive
1765 1514 2015 1564 turmar-

351 1611 526 1665 cham
556 1605 1012 1679 peritissimum,
1047 1602 1196 1657 197
1235 1601 1352 1655 sive
1385 1601 1647 1671 aliquem
1680 1616 1749 1653 ex
1780 1598 2011 1670 magnis

351 1695 738 1770 probatisque
752 1691 1046 1764 praefectis
1060 1687 1550 1762 praemittere,qui
1565 1704 1692 1743 cum
1711 1686 2013 1758 equitibus

355 1785 602 1842 delectis
633 1781 903 1837 hostibus
935 1783 1227 1846 occurrat,
1259 1783 1580 1849 antequam
1616 1777 2012 1849 irruptionem

354 1877 418 1932 in
451 1873 784 1947 provincias
815 1876 1051 1926 nostras
1079 1869 1368 1924 fecerint:
1423 1874 1489 1923 ut
1536 1873 1594 1922 et
1623 1868 2017 1939 insequantur

2115 693 2411 762 πλείστους
2464 703 2572 753 τῶν
2633 697 2926 774 χρησίμων
2987 696 3078 752 xui
3137 701 3367 754 πιστῶν.
3414 703 3777 773 Παραχωρεῖν

2118 781 2176 839 δὲ
2229 785 2320 840 καὶ
2377 786 2792 862 πραγματευτάς
2851 786 3211 862 εἰσέρχεσθαι·
3271 788 3688 861 προσποιεῖσθαι
3721 785 3780 842 δὲ

2115 875 2204 929 xui
2239 871 2428 952 φιλίαν
2469 877 2605 951 πρὸς
2632 875 2760 938 τοὺς
2822 881 3143 951 κρατοῦντες
3199 873 3488 950 ὰμηράδας
3518 877 3628 932 τῶν
3658 883 3779 939 ταῖς

2119 963 2309 1040 ἂκραις
2372 968 2534 1039 ἡμῶν
2595 969 3011 1041 παρακειμένων
3067 965 3337 1040 κάστρων·
3399 967 3488 1021 καὶ
3547 967 3776 1044 γράφειν

2117 1055 2254 1130 πρὸς
2315 1054 2534 1125 αὐτοὺς,
2590 1055 2681 1110 καὶ
2739 1055 3061 1132 ἀνθρώπους
3123 1057 3259 1128 μετά
3312 1055 3605 1110 κανισκίων
3639 1056 3778 1110 ἀπο.

2119 1143 2390 1200 στέλλειν’
2451 1143 2602 1207 ὅπως
2658 1142 2750 1200 διὰ
2803 1151 2906 1215 τῆς
2967 1141 3296 1207 πολυειδοῦς
3346 1144 3550 1216 ταύτης
3605 1146 3778 1201 πολυ·

2117 1233 2509 1310 πραγμοσόνης
2567 1231 2774 1307 δυνηθῇ
2829 1238 3014 1311 σαφῶς
3069 1231 3516 1290 ἀναδιδάσκεσθαι
3546 1235 3641 1297 τὰς
3669 1240 3778 1289 τῶν

2118 1321 2406 1396 πολεμίων
2472 1322 2674 1400 βουλὰς
2727 1321 2817 1377 καὶ
2883 1321 3136 1395 μελέτας,
3193 1324 3282 1378 xui
3337 1323 3406 1379 τά
3449 1323 3638 1395 πλήθη
3671 1329 3780 1380 τῶν

2119 1416 2208 1488 [Ρ.
2269 1417 2394 1485 127]
2446 1411 2934 1488 ἐπισωρευομένων
2991 1411 3289 1488 φωσσάτων
3351 1412 3562 1469 ἱππέων
3603 1434 3663 1468 τε
3693 1415 3784 1468 καὶ

2119 1507 2320 1572 πεζῶν,
2379 1501 2468 1557 καὶ
2525 1502 2658 1563 τοὺς
2713 1499 2922 1556 τούτων
2981 1501 3289 1578 ἀρχηγοὺς,
3346 1503 3437 1558 καὶ
3499 1502 3552 1558 ἐν
3597 1502 3784 1566 ποίαις

2119 1593 2334 1668 χώραις
2362 1593 2462 1661 τὴν
2505 1589 2784 1646 ἐπέλευσιν
2829 1595 3009 1646 ποιεῖν
3063 1588 3380 1666 βούλονται.
3414 1593 3788 1666 Καταμηνυό-

2125 1703 2280 1756 μενος
2338 1679 2396 1736 δὶ
2448 1681 2547 1750 τὴν
2603 1685 2697 1735 τοῦ
2781 1680 3068 1756 φωσσάτου
3129 1680 3477 1754 ἀποκίνησιν,
3537 1683 3628 1737 xui
3690 1679 3780 1738 διὰ

2121 1771 2283 1834 ποίας
2317 1768 2448 1826 ὀδοῦ
2484 1771 2584 1839 τήν
2649 1769 2916 1840 ἐξέλευσιν
2976 1769 3115 1825 κατὰ
3164 1769 3475 1843 Ῥωμανίας
3508 1778 3790 1836 ποιεῖσθαι

2125 1861 2343 1936 μέλλει,
2411 1860 2753 1935 ἐπισυνάγειν
2812 1861 3020 1915 ἅπαντα
3095 1861 3162 1914 τὰ
3237 1861 3636 1935 στρατεύματα,
3693 1864 3788 1918 καὶ

354 1940 516 2030 illos,
548 1967 607 2019 et
636 1960 1036 2034 speculentur,
1061 1964 1118 2015 et
1140 1963 1334 2014 motus
1354 1957 1594 2014 illorum
1622 1957 1758 2014 duci
1785 1973 2012 2014 renun-

2130 1957 2258 2030 πρὸς
2313 1953 2409 2017 τὰς
2473 1950 2640 2027 ἄκρας
2714 1949 3119 2026 παραγίνεσθαι,
3210 1950 3571 2007 ἀποστέλλειν
3629 1949 3687 2008 δὲ
3742 1940 3796 1988 ³²

359 2057 532 2112 tient.

2123 2043 2486 2122 τουρμάρχην
2555 2040 2972 2116 ἐμπειρότατον,
3052 2038 3161 2095 εἴτε
3235 2036 3420 2114 ’ἔτερόν
3503 2063 3625 2098 τινα
3679 2047 3788 2098 τῶν

365 2138 622 2217 μεγάλων
655 2138 744 2194 καὶ
777 2135 1073 2212 χρησίμων
1108 2134 1418 2210 ἀρχόντων,
1453 2135 1588 2208 μετά
1619 2135 1826 2192 ἱππέων
1861 2137 2160 2194 ἐπιλέκτων
2211 2135 2660 2208 προσυπαντῆσαι
2713 2133 2832 2190 τοῖς
2876 2127 3172 2201 πολεμίοις
3203 2127 3309 2204 πρὸ
3339 2133 3441 2184 τοῦ
3469 2131 3568 2199 τὴν
3605 2126 3788 2186 εἲσόο-

365 2232 470 2300 λήν
500 2230 576 2292 εἷς
603 2229 700 2291 τὰς
733 2231 894 2300 ἡμῶν
927 2226 1116 2301 χώρας
1150 2227 1502 2297 ποιήσασθαι·
1560 2226 1654 2280 ἳνα
1708 2226 1799 2282 καὶ
1858 2225 2304 2290 ἐπακολουθῶσιν
2352 2219 2557 2288 αὐτοῖς,
2613 2217 2705 2272 καὶ
2754 2218 3136 2292 παραμένωσι,
3187 2219 3279 2273 καὶ
3307 2220 3406 2282 τὰς
3438 2217 3794 2292 ἂποκινήσεις

367 2321 548 2375 αὐτῶν
577 2322 658 2390 τῷ
689 2319 981 2392 στρατηγῷ
1011 2314 1460 2390 καταμηνύωσιν.

363 2436 497 2493 CAP.
534 2435 678 2490 VIII.
720 2435 797 2489 De
839 2435 1055 2489 ratione
1111 2433 1435 2558 obstirvandi
1481 2439 1648 2504 atque
1694 2433 2026 2504 insequendi

1036 2521 1218 2558 exere:
1249 2521 1359 2558 um.

1036 2521 1359 2561 exercuum.

438 2613 799 2673 Observandi
829 2614 891 2669 hi
923 2618 1065 2669 sunt
1107 2613 1267 2668 hunc
1297 2613 1360 2667 in
1388 2613 1635 2669 modum
1661 2629 1674 2668 :
1731 2615 1879 2669 Dum
1907 2614 2028 2671 dux

366 2723 501 2763 cum
551 2706 828 2761 omnibus
880 2704 1068 2776 copiis
1119 2719 1226 2775 per
1282 2702 1481 2757 locum
1524 2709 1924 2776 opportunum
1958 2721 2026 2762 ac

364 2795 664 2851 munitum
688 2794 861 2864 juxta
891 2793 1005 2846 iter
1025 2790 1185 2858 facit,
1208 2791 1422 2862 pagani
1446 2795 1643 2846 autem
1677 2808 1811 2847 cum
1842 2792 2032 2846 omni-

364 2884 473 2939 bus
505 2884 628 2938 suis
655 2881 974 2954 pecoribus
1003 2880 1162 2934 intra
1186 2879 1424 2951 oppida,
1457 2885 1580 2947 aut,
1633 2881 1681 2935 si
1722 2881 1890 2937 nulla
1920 2899 2028 2953 op-

366 2973 507 3046 pida
524 2971 868 3038 subsunt,in
883 2974 1117 3025 montes
1135 2969 1498 3024 editissimos
1518 2975 1576 3024 et
1595 2970 2029 3026 munitissimos

366 3063 730 3132 eosdemque
767 3059 1001 3115 insidiis
1031 3059 1225 3114 minus
1257 3058 1566 3126 obnoxios,
1589 3059 1662 3114 ab
1686 3060 2034 3132 expilatori-

2277 2431 2442 2485 ΚΕΦ.
2477 2429 2555 2480 Η’.
2588 2455 2657 2466 -
2687 2421 2816 2498 Περὶ
2847 2428 3172 2498 παραμονῆς
3214 2427 3526 2497 φωσσάτου,
3569 2425 3659 2480 καὶ

2745 2493 3192 2566 ἀκολουθήσεως.

2205 2613 2269 2666 Ἠ
2331 2608 2390 2666 δὶ
2443 2609 2741 2685 παραμονή
2798 2608 2980 2663 αὐτῶν
3035 2606 3210 2671 οὕτως
3269 2607 3483 2687 ὀφείλει
3533 2611 3799 2687 γίνεσθαι’

2137 2705 2250 2759 Τοῦ
2281 2701 2586 2776 στρατηγοῦ
2650 2697 2786 2769 μετά
2842 2696 3044 2758 παντὸς
3095 2700 3194 2752 τοῦ
3255 2693 3394 2752 λαοῦ
3423 2695 3477 2753 ἐν
3508 2696 3808 2774 ἐπιτηδείῳ

2140 2791 2231 2846 xui
2290 2789 2481 2864 ὀχυρῷ
2543 2788 2699 2860 τόπῳ
2754 2785 3220 2862 παρατρέχοντος,
3279 2787 3370 2842 xui
3426 2793 3536 2844 τῶν
3582 2791 3809 2865 χωρίων

2141 2877 2232 2935 διὰ
2286 2877 2396 2934 τῶν
2453 2874 2878 2949 ἐκσπηλατόρων
2939 2873 3394 2953 φυγαδευομένων
3446 2875 3499 2932 ἐν
3554 2884 3673 2942 τοῖς
3708 2881 3802 2932 xi-

2141 2989 2348 3042 στροις,
2381 2968 2440 3037 ἢ,
2477 2968 2554 3040 μὴ
2588 2962 2770 3021 ὅπτων
2801 2963 3074 3038 κάστρων,
3108 2964 3160 3019 ἐν
3190 2964 3368 3041 ὄρεσιν
3433 2965 3660 3037 ὑκηλοῖς
3708 2967 3799 3022 xui

2143 3055 2521 3134 ὀχυρωτάτοις
2551 3056 2642 3111 xui
2703 3049 3210 3128 ἀνεπιϐουλεύτοις,
3265 3054 3474 3128 ὁμοίως
3502 3056 3589 3110 καὶ
3624 3055 3798 3111 πάντα

365 3152 478 3208 bus
510 3149 991 3222 compelluntur:
1038 3148 1178 3204 item
1237 3164 1394 3215 eum,
1429 3149 1530 3219 qui
1562 3148 1732 3204 lateri
1765 3149 2019 3206 hostium

2143 3146 2208 3200 τὰ
2237 3148 2410 3217 κτήνη
2444 3144 2643 3200 αὐτῶν·
2689 3141 2807 3199 δέον
2857 3141 3218 3199 ἀποστέλλειν
3267 3145 3357 3199 xui
3391 3144 3475 3200 τὸν
3508 3141 3802 3221 ὀφείλοντα

2341 3235 2351 3248 ο
2533 3235 2546 3251 ,
2605 3234 2619 3251 ι
2693 3231 2717 3251 ι.
2823 3233 2833 3251 .
3020 3231 3047 3251 ογ
3217 3233 3242 3251 υ.
3375 3232 3391 3251 ε
3524 3233 3534 3248 ο
3739 3240 3766 3251 ..

365 3242 689 3308 adhaereat,
736 3239 895 3294 circa
942 3238 1149 3293 horam
1195 3237 1314 3292 diei
1363 3238 1613 3294 alteram
1658 3239 1750 3294 vel
1791 3241 2026 3296 tertiam

365 3331 557 3387 emitti
588 3333 841 3401 oportet.
866 3329 942 3396 Is,
963 3333 1204 3399 accepta
1228 3327 1646 3383 benedictione
1671 3328 2028 3400 ducis,post-

367 3436 547 3492 quam
574 3417 900 3488 assumpsit
925 3423 1220 3472 catervam
1274 3432 1443 3471 suam
1475 3425 1652 3486 atque
1685 3417 2026 3488 equisones,

366 3510 635 3566 conferat
664 3525 726 3564 se
758 3507 832 3563 ad
863 3507 1036 3574 viam,
1070 3522 1188 3578 qua
1218 3506 1420 3562 hostes
1453 3512 1804 3563 transeunt:
1828 3509 2027 3580 impe—

365 3601 631 3656 dimenta
662 3615 770 3655 sua
815 3602 874 3653 et
920 3613 1208 3670 agasones
1255 3597 1413 3668 apud
1462 3596 1674 3652 ducem
1702 3598 2025 3669 relinquat,

359 3705 554 3760 neque
601 3688 930 3759 quidquam
981 3702 1182 3740 secum
1234 3685 1386 3740 ferat
1436 3692 1652 3758 praeter
1693 3687 1872 3743 unius
1904 3687 2025 3743 diei

361 3778 605 3844 cibaria,
634 3782 814 3846 atque
849 3791 918 3830 ea
947 3780 1214 3846 augusta,
1249 3773 1614 3831 bucellatum
1657 3776 1946 3832 duntaxat
1971 3783 2030 3834 et

366 3882 625 3926 caseum,
663 3869 764 3919 aut
795 3863 1180 3928 salsamenta,
1215 3869 1274 3918 et
1303 3881 1591 3935 equorum
1625 3883 1693 3922 ac
1725 3866 2026 3922 mulorum

368 3954 676 4028 pabula.Si
693 3953 751 4007 in
766 3953 959 4007 vicum
973 3953 1352 4024 pervenitubi
1367 3955 1582 4010 victum
1592 3956 2029 4026 jumentorum-

358 4060 474 4115 que
491 4043 905 4114 pabulationes
918 4043 1531 4109 inveniat,reficiatibi
1550 4044 1760 4099 milites
1773 4051 2026 4116 etequos

360 4149 550 4204 usque
565 4133 638 4188 ad
651 4133 856 4187 horam
875 4149 1093 4187 nonam
1109 4132 1226 4186 diei
1242 4133 1595 4187 stationibus
1611 4133 1859 4204 perloca
1873 4137 1909 4190 1
1923 4135 2023 4191 98

355 4223 608 4277 editiora
630 4222 958 4294 dispositis.
993 4223 1124 4294 Ipse
1154 4223 1408 4294 agminis
1435 4222 1772 4293 praefectus,
1805 4223 2022 4280 altissi-

354 4329 452 4368 ma
507 4312 752 4384 specula
813 4328 1164 4377 conscensa,
1229 4311 1544 4368 observare
1621 4315 2022 4385 aucuparique

356 4402 536 4459 debet
566 4402 838 4474 pulveres
884 4401 1146 4456 hostium
1194 4405 1252 4455 et
1297 4401 1531 4456 fumos:
1582 4401 1740 4457 unde
1786 4404 2025 4476 colligat

358 4492 939 4561 aastimationemque
970 4490 1168 4553 faciat,
1203 4506 1321 4560 qua
1352 4495 1662 4546 transeant
1693 4497 1749 4546 et
1779 4510 2020 4548 conses-

2138 3235 2465 3310 παραμένειν
2523 3234 2629 3289 ἀπὸ
2690 3231 2942 3308 δευτέρας
3009 3231 3152 3309 ὥρας
3209 3233 3242 3302 ἤ
3301 3232 3392 3288 καὶ
3447 3233 3639 3308 τρίτης
3697 3240 3804 3302 τῆς

2136 3323 2371 3402 ἡμέρας.
2432 3327 2532 3383 Καὶ
2593 3325 2786 3400 εὐχὴν
2849 3319 3230 3398 λαμϐάνοντας
3261 3324 3308 3360 ³³
3333 3328 3432 3380 τοῦ
3471 3329 3802 3401 στρατηγοῦ,

2136 3411 2610 3490 ἀναλαμϐάνεσθαι
2667 3415 2760 3470 τὸν
2820 3413 2953 3470 λαὸν
3009 3414 3196 3484 αὐτοῦ,
3241 3414 3490 3478 καὶτοὺς
3521 3435 3800 3491 παρασυρ-

2135 3508 2329 3567 τάτους
2387 3507 2523 3577 (12),
2582 3505 2672 3560 xui
2732 3505 2906 3580 ὁρμᾷν
2965 3504 3104 3578 πρὸς
3157 3506 3257 3574 τὴν
3313 3501 3464 3576 ὁδὸν,
3494 3506 3611 3568 καθ’
3644 3503 3710 3573 ἧν
3744 3505 3800 3558 oi

2137 3594 2400 3668 πολέμιοι
2455 3591 2792 3670 διέρχονται,
2849 3595 2948 3662 τήν
3009 3593 3319 3664 ἀποσκευὴν
3352 3593 3522 3649 αὐτοῦ
3546 3595 3634 3648 καὶ
3666 3593 3802 3657 τοὺς

2134 3685 2587 3761 παριππαράτους
2619 3688 2733 3757 (l3)
2763 3681 3196 3757 καταλιμπάνων
3257 3684 3393 3756 μετά
3431 3688 3528 3739 τοῦ
3560 3704 3802 3754 στρατη-

2132 3778 2251 3850 γοῦ,
2281 3771 2449 3847 μηδὲν
2475 3771 2614 3829 ἄλλο
2639 3773 3069 3849 ἐπιφερομένους
3101 3774 3136 3842 ἢ
3173 3778 3302 3846 μιᾶς
3331 3773 3543 3847 ἡμέρας
3561 3775 3795 3848 τροφὴν,

2133 3863 2222 3919 καὶ
2249 3863 2416 3933 αὐτὴν
2456 3862 2590 3936 μετά
2646 3859 2873 3928 ἐνδείας,
2935 3862 3131 3936 ἄρτους
3195 3863 3396 3935 μόνους
3425 3862 3514 3918 xui
3545 3863 3729 3938 τυρὸν,
3762 3865 3799 3931 ἢ

2132 3954 2222 4008 καὶ
2253 3953 2478 4028 τάριχα,
2511 3952 2600 4008 xui
2641 3953 2738 4014 τάς
2781 3956 2891 4006 τῶν
2949 3952 3136 4006 ἳππων
3186 3951 3277 4005 καὶ
3328 3951 3581 4024 ἡμιόνων
3608 3953 3796 4028 ταγάς.

2133 4042 2232 4105 Εἷς
2287 4041 2498 4118 χωρίον
2559 4039 2617 4096 δὲ
2674 4039 3026 4111 ἀπληκεύων,
3079 4039 3174 4101 τάς
3228 4059 3288 4094 τε
3345 4039 3538 4116 χρείας
3581 4042 3667 4096 καὶ
3699 4042 3800 4110 τὴν

2129 4143 2238 4193 τῶν
2337 4138 2557 4214 ἀλόγων
2643 4137 2852 4213 τροφὴν
2942 4135 3295 4214 ἐφευρίσκων,
3380 4135 3796 4194 διαναπαυσατω

2133 4226 2306 4283 ἐκεῖσε
2333 4228 2426 4283 τὸν
2461 4225 2592 4282 λαὸν
2653 4228 2820 4281 αὐτοῦ
2877 4225 2968 4281 καὶ
3025 4227 3118 4280 τὸν
3176 4227 3347 4281 ἳππον
3402 4229 3470 4296 ³⁴,
3515 4223 3618 4289 ἕως
3650 4227 3797 4302 ὥρας

2131 4317 2356 4388 ἐννάτης
2387 4319 2485 4382 τῆς
2517 4317 2750 4390 ἡμέρας,
2789 4314 2983 4391 βίγλάς
3043 4320 3258 4390 κρατῶν
3316 4315 3367 4370 ἐν
3429 4315 3800 4392 ὑψηλοτέροις

2129 4406 2344 4468 τόποις.
2400 4404 2501 4461 Καὶ
2563 4404 2725 4468 αὐτὸς
2781 4403 2982 4470 ἐκεῖνος
3041 4405 3068 4460 ὁ
3126 4410 3228 4461 τοῦ
3266 4404 3402 4460 λαοῦ
3431 4404 3709 4480 ἀρχηγὸς,
3745 4404 3799 4460 ἐν

2129 4496 2390 4568 περιωπῇ
2447 4493 2768 4569 ὑψηλοτάτη
2836 4495 3198 4570 ἀερχόμενος,
3257 4493 3587 4550 ἀποσκοπεῖν
3647 4492 3796 4567 ὀφεί-

359 4581 482 4636 suri
517 4581 654 4634 sint.
691 4581 922 4634 Etenim
946 4596 979 4634 a
1001 4580 1208 4651 peritis
1232 4580 1576 4636 hominibus
1602 4581 1731 4637 loca
1761 4599 2018 4655 quoque,

2131 4583 2216 4639 λει
2264 4585 2350 4638 xui
2410 4582 2631 4658 βλέπειν
2682 4584 2999 4657 κονιορτοὺς
3048 4589 3156 4640 τῶν
3210 4583 3503 4657 πολεμίων
3535 4583 3625 4637 xui
3656 4603 3797 4638 καπ-

355 4670 457 4724 ubi
492 4674 686 4723 castra
710 4669 840 4723 ﬁeri
865 4669 1160 4740 expediat,
1186 4669 1690 4726 internoscuntur.
1720 4671 1824 4726 Ubi
1850 4671 2022 4726 intel-

355 4757 616 4812 lexerint
646 4775 761 4828 quo
793 4757 923 4812 loco
957 4759 1277 4814 adversarii
1301 4762 1718 4826 constiterunt,
1746 4761 2024 4834 evestigio

357 4846 472 4902 hac
507 4847 578 4901 de
611 4863 674 4901 re
735 4847 948 4902 ducem
1007 4849 1323 4905 certiorem
1373 4849 1615 4906 faciant.
1658 4851 1713 4905 Is
1745 4867 1881 4905 cum
1917 4866 2024 4904 suo

2133 4672 2280 4736 νοός·
2340 4672 2431 4727 xui
2492 4672 2566 4735 ὠς
2629 4671 2688 4728 ἐκ
2741 4672 2938 4728 τούτου
2985 4679 3262 4728 κατανοεῖν
3295 4673 3384 4728 xui
3416 4670 3797 4746 στοχάζεσθαι,

2135 4759 2188 4814 ἐν
2249 4762 2332 4824 οἷς
2383 4757 2693 4836 διέρχονται
2751 4763 2838 4816 xui
2898 4760 3241 4833 ἀπληκεῦσαι
3300 4761 3620 4836 μέλλουσιν.
3662 4761 3794 4817 Ὑπὸ

2135 4849 2238 4925 γὰρ
2271 4855 2377 4904 τῶν
2406 4849 2679 4927 ἐμπείρων
2715 4847 2925 4925 ἀνδρῶν
2976 4850 3065 4906 καί
3117 4854 3170 4907 oi
3219 4852 3406 4924 τόποι,
3442 4851 3524 4928 ἐφ’
3550 4853 3636 4916 οἷς
3662 4871 3796 4925 προσ

1570 5031 1631 5083 C.
1676 5029 1738 5082 Β.
1781 5027 1973 5084 HASII
2011 5029 2570 5086 ANNOTATIONES.

420 5202 467 5238 ³³
493 5199 568 5262 δέ.
597 5205 754 5281 _FOI_‘t.
784 5223 864 5259 τε.
939 5205 984 5240 ³³
1013 5206 1169 5261 Fort.
1205 5198 1577 5277 Λαμὸἀνοντα.
1637 5205 1716 5260 De
1742 5222 1881 5262 voce
1940 5200 2019 5259 λαι

2189 5204 2361 5281 εὐχὴν
2413 5204 2674 5277 Ducang.
2718 5205 2978 5262 Glossar.
3013 5205 3060 5275 Ι,
3093 5207 3222 5273 451,
3253 5206 3314 5261 C.
3392 5206 3440 5242 δι
3466 5205 3562 5262 τὸν
3591 5205 3792 5279 ἳππον]

358 5275 516 5332 Fort.
554 5277 655 5346 τήν
685 5275 854 5331 ἳππον

423 5430 532 5498 (12)
562 5431 641 5484 De
690 5430 784 5484 his
817 5428 946 5484 vide
1011 5429 1267 5499 Ducang.
1330 5428 1520 5485 Gloss.
1585 5431 1742 5484 1494.
1777 5432 1840 5486 Α.
1877 5437 2017 5487 sunt

353 5501 455 5626 qui
515 5518 699 5571 equos
757 5500 1086 5555 dextrarios
1145 5499 1390 5582 ducunt.
1453 5502 1544 5556 Sic
1612 5501 2012 5573 παρασύρεσθαι

401 5578 662 5626 onstant.
698 5573 1141 5626 Pornhvrouen.
1166 5572 1396 5626 Camm.
1424 5573 1551 5626 sz.
1576 5575 1618 5626 Ι.
1645 5577 1768 5626 266.
1797 5577 1858 5626 Ι).
1885 5579 2008 5626 267.

401 5578 662 5645 onstant.
698 5573 1141 5645 Porphyrogen.
1166 5572 1551 5645 Cierim.iByz.
1576 5575 1618 5628 Ι.
1645 5572 1768 5627 266.
1797 5572 1858 5628 Ι).
1885 5579 2008 5631 267.

355 5646 420 5696 A.
480 5650 538 5698 et
589 5643 656 5696 τὰ
713 5641 1034 5716 παθάσυρτᾱ
1088 5641 1321 5716 ίππάρια
1354 5641 1520 5716 ibid.
1581 5646 1621 5700 Ι.
1673 5650 1796 5700 279.
1833 5648 1896 5701 Ι).
1931 5649 2012 5705 De

354 5716 522 5782 equis
552 5719 768 5787 συρτοῖς
803 5713 1062 5787 Ducang.
1096 5715 1169 5770 ad
1199 5713 1464 5772 Alexiad.
1498 5719 1620 5771 227.
1652 5717 1711 5772 C.

426 5788 720 5855 (1:5)Verti
753 5803 1036 5855 agasones,
1104 5793 1170 5842 ut
1234 5787 1358 5842 vult
1422 5787 1762 5862 Ducangius
1820 5789 2007 5847 Gloss.

2129 5432 2284 5486 1121.
2319 5430 2397 5486 C:
2431 5428 2535 5484 sed
2592 5429 2866 5489 suspicor
2921 5444 3125 5484 verum
3183 5429 3344 5486 vocis
3383 5447 3626 5487 sensum
3659 5450 3790 5489 esse

2125 5506 2278 5578 equis
2307 5502 2580 5578 destituti,
2633 5501 2740 5555 vel.
2803 5503 2958 5578 eqyis
3011 5501 3226 5578 detritis
3259 5506 3432 5578 (quos
3464 5503 3666 5578 πτωχὰ
3697 5503 3789 5578 ἰπ-

2125 5520 2278 5572 equis
2307 5520 2580 5570 aestuum,
2633 5520 2740 5555 νει.
2803 5520 2958 5572 equis
3011 5520 3226 5558 acinus
3259 5520 3432 5629 (gnos
3464 5522 3666 5578 πτωχα
3701 5520 3789 5557 ιπ-

2124 5574 2492 5657 πέριαηιςοοᾶι
2518 5574 2826 5657 gonstant.
2862 5573 3223 5657 Porphyrog.
3327 5577 3515 5657 ierim.
3547 5577 3692 5657 ‘Byz.
3751 5577 3791 5632 Ι.

2123 5641 2248 5704 280.
2281 5647 2366 5716 C.)
2413 5646 2594 5701 vecti:
2638 5649 2707 5699 ut
2755 5645 2885 5715 ejus
2935 5641 3308 5716 contrarium
3353 5648 3432 5703 sit
3473 5641 3794 5701 καλοῗππα-

2123 5718 2301 5794 ράτομς,
2348 5713 2606 5794 —l_25.__D.
2637 5713 2913 5794 -l39.__l3‘.
2971 5713 3399 5794 ya9t_1tttap&’toc
3450 5737 3497 5774 s.
3547 5729 3792 5794 παραϊπ-

2120 5786 2362 5865 παράτος
2392 5787 2609 5860 legitur
2633 5786 2778 5844 item
2813 5789 2932 5846 139.
2969 5789 3031 5846 Β.
3059 5786 3190 5846 147.
3213 5786 3282 5846 Α.
