4118 6456
377 374 496 436 947

381 507 770 580 conjungere,
805 523 1024 578 eosque
1058 505 1333 562 celeriter
1365 506 1451 562 vel
1483 507 1558 562 ad
1586 507 1819 574 ducem,
1851 507 1942 563 vel
1963 509 2037 563 ad

382 596 532 651 alios
565 602 938 668 susceptores
969 596 1317 667 perducere,
1352 597 1400 652 si
1451 597 1648 653 denuo
1703 598 1859 652 inter
1911 598 2038 652 haec

387 684 584 739 locum
612 685 728 740 dux
761 686 1094 741 mutaverit.
1130 687 1373 757 Oportet
1403 687 1563 742 enim
1587 687 1756 741 illum
1795 687 2040 757 majoris

385 775 720 829 securitatis
741 792 1021 846 causa,ne
1044 775 1115 830 ab
1131 776 1485 831 adversariis
1512 777 2038 842 circumveniatur,

383 863 502 918 sive
525 865 709 919 semel
731 865 850 920 sive
878 865 968 920 bis
992 871 1174 921 noctu
1195 865 1312 920 alio
1343 865 1697 938 transgredi,
1732 865 2040 921 excubias-

383 969 498 1022 que
520 953 737 1009 habere
751 953 1018 1025 duplices
1036 956 1300 1010 etﬁrmas
1313 955 1387 1009 ad
1401 955 1586 1026 ipsum
1599 953 2049 1010 custodiendum

1712 375 2135 437 NICEPHORI
2182 375 2461 436 PHOC/E

3695 373 3814 434 948

2145 506 2314 582 τηγὸς
2363 509 2450 576 [Ρ.
2488 507 2611 578 129]
2667 502 2895 574 δύνηται
2953 504 3348 580 στὸχάσασθαι,
3409 503 3460 559 έν
3516 502 3660 566 οἵοις
3695 523 3817 580 χω-

2151 594 2292 672 ρίοις
2320 591 2702 650 καταλάϐωσιν
2763 593 2894 670 ἄχρι
2955 595 3193 670 πρωῒας.
3233 595 3297 648 Οἱ
3365 593 3422 648 δὲ
3471 593 3813 650 ἀποστελλό-

2155 705 2309 757 μενοι
2403 684 2548 760 παρὰ
2629 689 2722 740 τοῦ
2806 686 3168 760 τουρμάρχου
3259 684 3643 757 καταμηνύσω.
3731 688 3811 755 τῷ

2155 778 2468 849 στρατηγῷ,
2499 772 2553 828 ἐν
2592 775 2637 846 ᾧ
2666 773 2820 846 τόπῳ
2849 774 2876 827 6
2905 773 3212 848 στρατηγὸς
3269 772 3549 842 ηὐλίζετο,
3581 775 3679 841 τὴν
3712 776 3810 827 τοῦ

2153 863 2388 938 κούρσου
2419 862 2764 932 ἀποκίνησιν.
2817 863 2981 919 Ἐπάν
3039 859 3084 916 δ’
3144 861 3251 937 οὐχ
3302 861 3602 937 εύρήσωσιν
3638 861 3811 916 ἐκεῖσε

2157 950 2341 1020 αὐτὸν,
2383 948 2510 1006 ἀλλ’
2572 948 2975 1026 ὑποδοχαρίους
3003 952 3046 986 ³⁷
3076 949 3204 1012 τοὺς
3236 952 3361 1025 παρ’
3420 949 3584 1005 αὐτοῦ
3643 971 3814 1005 κατα-

394 1036 736 1117 λειφθέντας,
769 1038 890 1096 δέον
919 1040 969 1096 ἐν
1003 1041 1190 1115 ἐκείνῳ
1221 1047 1298 1114 τῷ
1329 1041 1483 1114 τόπῳ
1511 1043 1838 1118 γενομένους
1897 1043 2167 1119 φωνῆσαι·
2230 1039 2356 1102 τοὺς
2415 1037 2472 1094 δὲ
2529 1037 2934 1116 ὑποδοχαρίους
2987 1035 3226 1114 ἀκριϐῶς
3287 1037 3811 1113 διασκοπουμένους,

387 1128 547 1198 ἡνίκα
576 1136 677 1199 τῆς
707 1136 894 1208 φωνῆς
917 1129 1192 1203 αἴθωνται,
1224 1129 1513 1202 ἕνωθῆναι,
1545 1133 1636 1185 καὶ
1670 1129 1759 1186 διὰ
1790 1133 1998 1206 τάχους
2028 1135 2108 1203 τῷ
2139 1130 2434 1205 στρατηίῷ
2471 1131 2700 1194 τούτους
2757 1131 3042 1205 προσάξαι,
3104 1127 3211 1184 εἷ’τε
3243 1129 3318 1190 εἷς
3375 1127 3588 1204 ἑτέρους
3645 1127 3812 1183 πάλιν

387 1219 609 1294 ἀγαγεῖν
641 1216 1070 1295 ύποδογαρίους,
1099 1225 1196 1275 τοῦ
1228 1225 1533 1296 στρατηγοῦ
1565 1219 1698 1283 ἴσως
1729 1221 1896 1276 πάλιν
1937 1223 2399 1294 μετακινήσαντος
2430 1220 2497 1278 ³⁸.
2540 1220 2660 1294 Χρὴ
2693 1219 2798 1296 γὰρ
2831 1218 3016 1291 αὐτὸν,
3075 1216 3183 1274 εἴτε
3239 1216 3399 1289 ἅπαξ,
3426 1217 3532 1274 εἴτε
3585 1217 3673 1273 καὶ
3709 1217 3816 1289 δὶς,

387 1307 441 1362 ἐν
479 1309 633 1363 νυκτὶ
677 1308 1110 1382 μεταπληκεύειν
1141 1307 1230 1365 διὰ
1250 1308 1470 1379 πολλὴν
1503 1309 1825 1388 ἀσφάλειαν,
1866 1311 2003 1386 πρὸς
2061 1310 2124 1365 τὸ
2154 1310 2232 1383 μή
2273 1309 2379 1364 ὐπὸ
2407 1313 2516 1364 τῶν
2572 1307 2858 1382 πολεμίων
2901 1304 3300 1384 ἐνεδρευθῆναι,
3355 1305 3504 1383 ’ἐχειν
3567 1305 3624 1362 δὲ
3657 1307 3815 1362 αὐτὸν

385 1397 479 1451 καὶ
511 1395 706 1472 βίγλας
737 1394 958 1469 διπλᾶς,
990 1397 1067 1460 εἰς
1097 1397 1348 1474 φυλακὴν
1379 1399 1549 1453 αὐτοῦ
1581 1397 1864 1476 ἀσφαλεῖς.

388 1518 520 1573 CAP.
552 1519 650 1572 IX.
679 1519 755 1574 De
784 1527 936 1575 motu
964 1520 1568 1647 mamispradatoriae,
1606 1518 1670 1576 ’σε
1720 1520 1786 1576 de
1830 1522 2047 1576 insecu-

1152 1609 1296 1647 zone.

1152 1609 1296 1648 ιοηε.

467 1709 592 1762 Dux
621 1709 840 1764 certior
894 1709 1084 1765 factus
1141 1710 1506 1782 praedatores
1565 1726 1833 1783 egressos
1895 1725 2046 1776 esse,

2266 1519 2432 1574 ΚΕΦ.
2467 1518 2541 1575 Θ’.
2583 1515 2715 1594 Περὶ
2743 1517 3138 1594 τῆς-κινήσεως
3184 1520 3282 1570 τυῦ
3321 1515 3581 1590 κούρσου,
3615 1516 3704 1572 καὶ

2758 1588 3176 1659 ἀκολουθήσεως
3198 1633 3212 1646 .

2231 1707 2345 1762 Τοῦ
2405 1708 2712 1780 στρατηγοῦ
2761 1705 2946 1759 τοίνυν
3003 1704 3103 1772 τὴν
3159 1703 3374 1773 κίνησιν
3427 1708 3524 1758 τοῦ
3576 1704 3814 1778 κούρσου

395 1798 673 1870 evestigio
689 1798 942 1854 alterum
957 1799 1302 1871 praefectum
1317 1817 1451 1856 cum
1466 1800 1768 1872 equitibus
1782 1799 2049 1865 delectis,

2160 1793 2652 1866 ἀναμανθάνοντος,
2680 1792 2988 1870 παραυτίκα
3033 1792 3123 1847 καὶ
3179 1789 3362 1866 ἕτερον
3419 1789 3662 1867 ἄρχοντα
3695 1794 3814 1866 μεθ’

397 1887 496 1958 qui
540 1888 860 1943 tumarchaa
900 1889 1260 1961 praedatores
1309 1890 1654 1961 insequenti
1708 1889 1919 1956 subsit,
1977 1889 2054 1944 ad

399 1993 535 2031 eum
568 1977 801 2032 mittat:
836 1979 937 2049 qui
969 1979 1246 2047 mittitur,
1277 1995 1481 2035 secum
1524 1979 1742 2035 habeat
1761 1995 1948 2034 unum
1979 1978 2052 2034 de

395 2065 538 2133 illis,
595 2067 763 2137 quia
803 2069 1114 2123 tumarcha
1175 2073 1466 2123 venerunt
1519 2069 1593 2124 ad
1651 2067 2053 2140 praedatorum

395 2155 824 2227 prefectionem
857 2157 992 2213 duci
1025 2158 1510 2231 signiﬁcandum,
1544 2175 1578 2213 a
1608 2175 1725 2229 quo
1779 2158 2051 2224 ducatur,

395 2251 463 2301 ut
491 2245 726 2302 facilius
781 2264 842 2302 se
893 2250 1254 2320 conjungere
1298 2249 1624 2304 tumarchae
1673 2254 1871 2318 queat.
1923 2250 2054 2319 Ipse

397 2334 535 2403 dux,
571 2352 706 2390 cum
752 2336 876 2391 suis
934 2337 1120 2408 cOpiis
1153 2354 1188 2392 a
1215 2342 1379 2410 tergo
1437 2337 1701 2409 praefecti
1759 2336 2054 2409 praemissi

399 2424 515 2479 iter
540 2425 866 2497 ingressus,
890 2426 964 2482 ad
996 2428 1370 2482 tumarcham
1400 2428 1711 2499 pervenire
1735 2432 2015 2499 properet
2039 2443 2052 2482 :

397 2519 466 2568 ut
487 2514 615 2585 ipse
643 2517 1222 2586 quoque,tumarcha
1237 2517 1653 2584 antecedente,
1694 2517 2056 2588 praedatores

399 2603 661 2657 hostium
695 2603 1064 2674 insequatur.
1099 2605 1360 2678 Diligens
1411 2605 1572 2660 enim
1627 2606 1924 2676 erratique
1956 2622 2055 2661 ex-

398 2708 536 2764 pers
559 2691 852 2748 insecutio
866 2710 900 2749 a
923 2699 1083 2766 tergo
1100 2695 1357 2750 hostium
1373 2695 1550 2750 debet
1564 2695 2054 2764 fieri,secundum

396 2782 644 2854 vestigia
701 2787 878 2854 atque
940 2784 1085 2839 item
1144 2801 1371 2840 eorum.
1459 2785 1790 2840 Tumarcha
1849 2801 2055 2840 eorum

396 2888 602 2927 versus
635 2873 782 2928 201
843 2889 1058 2945 agmen
1088 2873 1562 2930 adversariorum
1589 2874 1700 2929 tria
1730 2875 1915 2946 paria,
1949 2892 2057 2946 pe-

400 2961 533 3015 ritis
565 2966 743 3032 atque
775 2961 1007 3016 idoneis
1040 2962 1178 3017 viris
1211 2962 1481 3031 delectis,
1516 2969 1878 3035 promoveat,
1922 2981 2055 3034 qum

395 3049 459 3104 in
491 3050 644 3104 viam
678 3049 942 3106 hostium
976 3067 1038 3106 se
1069 3053 1482 3108 committant:
1518 3059 1577 3108 et
1620 3052 1830 3109 edocto
1862 3054 2056 3125 primo

2160 1882 2368 1937 ἱππέοιν
2420 1880 2714 1953 ἐκλεκτῶν,
2753 1881 3194 1956 ὑποτασσόμενον
3249 1887 3333 1954 τῷ
3383 1883 3711 1957 τουρμάρχῃ
3732 1886 3815 1954 τῷ

2157 1969 2665 2044 ἀκολουθούντιτῷ
2719 1969 2956 2047 κούρσῳ,
3013 1970 3374 2026 ἀποστέλλειν
3432 1971 3572 2044 πρὸς
3625 1971 3816 2033 αὐτὸν⁸

2155 2057 2306 2136 ἔχων
2341 2062 2456 2134 μεθ’
2513 2061 2704 2116 ἑαυτοῦ
2758 2061 2786 2115 ὁ
2845 2058 3324 2133 ἀποστελλόμενος
3382 2055 3474 2114 ἕνα
3503 2064 3609 2114 τῶν
3671 2061 3820 2135 παρὰ

2158 2153 2256 2204 τοῦ
2285 2151 2646 2226 τουρμάρχου
2705 2149 3085 2227 πεμφθέντων,
3145 2152 3529 2220 καταμηνῦσαι
3587 2149 3686 2216 τὴν
3720 2153 3818 2203 τοῦ

2159 2238 2396 2313 κούρσου
2427 2237 2640 2309 κίνησιν
2668 2242 2746 2310 τῷ
2777 2241 3085 2312 στρατηγῷ,
3132 2241 3228 2292 τοῦ
3286 2238 3413 2313 παρ’
3473 2238 3639 2292 αὐτοῦ
3671 2235 3816 2306 ὁδη-

2160 2337 2394 2405 γηθῆναι
2439 2329 2516 2392 εἰς
2558 2329 2623 2384 τὸ
2682 2329 2927 2404 εὐχερῶς
2986 2329 3272 2398 ὲνωθῆναι.
3323 2328 3429 2383 Καὶ
3478 2327 3638 2390 αὐτὸς
3699 2326 3756 2382 δὲ
3789 2331 3818 2384 6

2162 2419 2465 2496 στρατηγὸς
2522 2414 2742 2473 ὄπισθεν
2804 2423 2902 2473 τοῦ
2984 2414 3468 2490 ἀποστελλομένου
3548 2421 3820 2492 ἄρχοντος

2161 2508 2549 2579 ἀποκινησάτω
2585 2509 2718 2583 μετά
2741 2512 2837 2562 τοῦ
2880 2509 2968 2563 ὑπ’
3010 2507 3167 2564 αὐτὸν
3204 2507 3361 2578 λαοῦ,
3411 2510 3500 2563 καὶ
3535 2514 3818 2564 σπευσάτω

2162 2594 2488 2654 καταλαϐεῖν
2533 2599 2626 2654 τὸν
2682 2599 3069 2673 τουρμᾶρχην·
3120 2597 3269 2659 ὅπως
3327 2598 3546 2663 ὅπισθεν
3601 2600 3691 2654 καὶ
3722 2599 3818 2653 αύ-

2161 2690 2253 2749 τὸς
2281 2693 2378 2744 τοῦ
2419 2690 2782 2764 τουρμάρχου
2839 2693 2917 2760 τῷ
2966 2689 3184 2764 κούρσῳ
3230 2693 3337 2742 τῶν
3370 2686 3656 2762 πολεμίων
3685 2690 3817 2743 ἀκο-

2165 2775 2360 2850 λουθῇ.
2392 2778 2456 2832 Ἡ
2505 2777 2609 2853 γὰρ
2661 2771 2896 2851 ἀκριϐὴς
2951 2777 3040 2832 καὶ
3100 2774 3392 2838 ἄπταιστος
3449 2776 3822 2846 ἀκολούθησις

2163 2865 2224 2922 ἐκ
2243 2871 2352 2921 τῶν
2382 2865 2603 2922 ὄπισθεν
2633 2871 2740 2921 τῶν
2796 2864 3082 2940 πολεμίων
3118 2865 3326 2944 ὀφείλει
3357 2868 3620 2942 γίνεσθαι,
3680 2868 3818 2922 κατά

2161 2958 2229 3013 τα
2259 2958 2480 3014 ἐκείνων
2512 2953 2703 3032 ἔνιχνα
2725 2960 2835 3032 (15)
2853 2957 2942 3012 καὶ
2964 2958 3064 3026 τήν
3089 2955 3430 3034 ὁδοιπορίαν·
3458 2959 3521 3014 ’0
3547 2955 3604 3013 δὲ
3622 2979 3826 3032 τουρμ-

2167 3047 2346 3122 ἀρχης
2387 3046 2524 3102 κατὰ
2577 3047 2640 3101 τὸ
2698 3051 2928 3120 κοῦρσον
2995 3050 3104 3101 τῶν
3163 3045 3450 3119 πολεμίων
3514 3047 3824 3121 ἀποκιντξσῃ

394 3144 453 3194 et
479 3138 742 3194 secundo
789 3146 848 3194 et
902 3140 1076 3196 tertio
1136 3142 1286 3213 pari,
1344 3159 1460 3214 quo
1520 3148 1691 3214 pacto
1749 3142 2049 3198 ambulare

2164 3135 2290 3211 τρία
2337 3137 2549 3207 ζευκτὰ,
2609 3133 2902 3208 ἐμπείρους
2959 3134 3048 3189 καὶ
3098 3131 3436 3208 ἐριτηδείους
3469 3133 3661 3210 ἄνδρας
3695 3136 3820 3190 ἀνα-

392 3228 714 3299 hostesque
741 3228 976 3300 insequi
1000 3230 1359 3298 debeant,ad
1381 3249 1557 3287 suum
1585 3247 1797 3304 agmen
1827 3232 2050 3289 redeat.

392 3316 660 3372 Primum
693 3317 892 3389 itaque
944 3336 1070 3390 par,
1131 3337 1314 3391 prope
1377 3321 1578 3375 hostes
1635 3321 1748 3374 iter
1803 3320 2048 3389 faciens,

385 3405 694 3462 fremitum
768 3409 1172 3464 multitudinis
1258 3411 1575 3480 auscultet,
1635 3416 1695 3466 et
1751 3411 2053 3466 hinnitum

389 3505 701 3567 equorum.
739 3498 1075 3554 Secundum
1108 3515 1236 3571 par,
1271 3500 1575 3571 excipiens
1627 3500 1912 3571 primum,
1974 3506 2055 3556 Ita

393 3586 656 3654 incedat,
713 3592 780 3642 ut
839 3605 973 3644 cum
1025 3590 1372 3661 conspicere
1421 3590 1862 3663 antegrediens,
1925 3597 2050 3646 tum

391 3675 658 3746 conspici
690 3675 762 3730 ab
795 3676 899 3731 illo
945 3678 1170 3748 possit:
1230 3695 1426 3749 neque
1483 3681 1672 3752 magis
1729 3680 2054 3751 appropin-

398 3769 563 3833 quet,
596 3781 792 3835 neque
822 3781 1142 3822 remanens
1162 3767 1312 3822 visui
1339 3784 1399 3823 se
1420 3769 1747 3824 subtrahat.
1773 3771 1913 3824 Post
1941 3770 2055 3825 tria

403 3851 574 3922 paria
631 3857 750 3908 tres
808 3853 1126 3926 quadrigas
1187 3857 1529 3924 constituet,
1589 3858 1672 3913 ita
1700 3859 2055 3930 utaprima

405 3939 694 4012 quadriga
723 3942 966 3997 tertium
998 3959 1128 4015 par,
1163 3961 1197 4000 a
1238 3945 1499 4001 secunda
1546 3946 1834 4020 quadriga
1885 3947 2055 4002 simi-

402 4027 543 4084 liter
596 4030 792 4099 prima
847 4031 1112 4103 conspici
1167 4033 1395 4104 (possit,
1473 4035 1668 4090 Tertia
1743 4035 2050 4110 quadriga,

401 4117 726 4173 secundam
759 4119 1152 4190 subsequens,
1177 4139 1279 4177 sex
1296 4122 1512 4179 habere
1535 4125 1809 4180 homines
1832 4126 2007 4181 debet
2034 4144 2048 4194 ;

397 4211 464 4261 ut
492 4225 697 4264 eorum
726 4209 843 4265 duo
884 4228 1014 4282 quae
1071 4213 1452 4269 renuntiatur
1509 4215 1580 4269 ab
1639 4216 1838 4286 aliquo
1898 4217 2048 4288 pari,

393 4296 617 4353 referre
650 4301 977 4355 tumarchas
1008 4304 1258 4373 possint,
1314 4305 1623 4360 tumarcha
1669 4305 1826 4361 duci.
1877 4309 1948 4360 Et
2000 4305 2050 4360 si

391 4387 750 4444 concitatius
772 4391 857 4444 ire
877 4390 1176 4462 incipiunt
1193 4393 1416 4458 hostes,
1450 4394 1627 4450 debet
1653 4395 1912 4466 primum
1945 4412 2052 4467 par

2167 3222 2614 3298 λαμϐανόμενος,
2646 3223 3036 3301 παραγίνεσθαι
3063 3224 3110 3260 ³9
3136 3228 3205 3298 τῇ
3237 3221 3348 3296 ὁδῷ
3375 3229 3480 3279 τῶν
3512 3221 3814 3296 πολεμίων·

2161 3313 2252 3368 καὶ
2319 3314 2574 3377 τυπώσας
2639 3314 2704 3370 τὸ
2759 3319 2978 3390 πρῶτον
3037 3313 3127 3368 καὶ
3187 3311 3430 3388 δεύτερον
3488 3314 3577 3368 καὶ
3632 3313 3816 3386 τρίτον

2164 3405 2379 3472 ζευκτὸν
2439 3409 2556 3467 πῶς
2629 3403 2906 3483 ὀφείλουσι
2965 3410 3280 3480 περιπατεῖν
3333 3403 3423 3458 καὶ
3477 3408 3594 3467 τοῖς
3640 3402 3816 3458 πολε-

2163 3493 2317 3566 μίοις
2372 3492 2825 3565 κατακολουθεῖν,
2886 3495 3305 3572 ὁποστρεφέσθω
3361 3493 3496 3566 πρὸς
3554 3493 3644 3547 τὸν
3679 3491 3811 3548 λαὸν

2160 3584 2346 3641 αὐτοῦ.
2381 3586 2456 3643 Τὸ
2490 3583 2548 3640 δὲ
2572 3591 2792 3662 πρῶτον
2827 3585 3041 3654 ζευκτὸν
3085 3583 3318 3656 πλησίον
3380 3589 3486 3639 τῶν
3528 3583 3812 3658 πολεμίων

2157 3676 2547 3750 περιπατείτω,
2581 3676 2777 3731 ἀκοῦον
2806 3675 2896 3731 καὶ
2924 3678 3024 3745 τήν
3083 3679 3184 3730 τοῦ
3243 3675 3378 3732 λαοῦ
3438 3676 3818 3752 ὀχλαγωγίαν.

2157 3764 2246 3819 καὶ
2280 3764 2408 3828 τοὺς
2454 3763 2867 3840 χρεμετισμοὺς
2923 3769 3031 3819 τῶν
3061 3765 3271 3820 ἳππων·
3296 3767 3368 3820 Τὸ
3427 3763 3484 3820 δὲ
3543 3763 3817 3840 δεύτερον,

2157 3852 2221 3907 τὸ
2277 3858 2375 3908 τοῦ
2434 3855 2657 3929 πρώτου
2707 3853 3011 3918 ἀκόλουθον
3047 3898 3060 3923 ,
3121 3851 3508 3929 ὀδοιπορείτω,
3568 3857 3818 3929 [Ρ.13Ο]

2159 3939 2284 3997 ὅσον
2315 3944 2568 3999 δύνανται
2605 3945 2734 4018 ὁρᾷν
2764 3945 2827 3998 τὸ
2885 3938 3192 4020 ἔμπροσθεν
3223 3943 3408 4016 αὐτοῦ,
3451 3944 3542 3999 καὶ
3587 3947 3817 4017 ὁρᾶσθαι

2161 4032 2250 4088 ὑπ’
2302 4032 2488 4088 αὐτοῦ·
2549 4033 2641 4088 καὶ
2703 4035 2842 4107 μήτε
2901 4032 3142 4103 πλησίον
3201 4033 3466 4108 γίνεσθαι,
3539 4036 3679 4108 μήτε
3711 4057 3817 4107 μα-

2157 4121 2442 4196 κρύοεσθαι
2483 4168 2496 4191 ,
2554 4121 2695 4176 ὥστε
2755 4123 2832 4194 μή
2893 4123 3140 4197 ὁρᾶσθαι.
3223 4122 3360 4196 Τρία
3445 4119 3503 4176 δὲ
3561 4120 3817 4198 τετράδια

2159 4210 2381 4266 ὄπισθεν
2410 4215 2519 4266 τῶν
2545 4215 2711 4286 τριῶν
2761 4215 2994 4280 ζευκτῶν
3052 4209 3507 4282 ἀποκαταστήσει,
3569 4213 3711 4287 ὁρῶν
3751 4214 3817 4267 τὸ

2159 4305 2374 4375 πρῶτεν
2406 4297 2686 4376 τετράδιον
2718 4301 2782 4356 τὸ
2835 4301 3020 4377 τρίτον
3079 4301 3318 4371 ζευκτὸν,
3348 4304 3410 4356 τὸ
3470 4299 3527 4356 δὲ
3566 4300 3817 4376 δεύτερον

2159 4387 2438 4466 τετράδιον
2464 4391 2725 4455 ὡσαύτως
2777 4392 2920 4466 ὁρῶν
2977 4386 3042 4446 τό
3098 4395 3337 4466 πρῶτον.
3387 4392 3457 4446 Τὸ
3516 4388 3573 4446 δὲ
3626 4391 3813 4466 τρίτον

387 4477 734 4534 renuntiare
751 4479 823 4535 de
847 4481 957 4536 hac
979 4497 1077 4537 re:
1101 4487 1238 4537 utet
1261 4485 1574 4540 tumarcha
1587 4489 1645 4539 et
1660 4485 1776 4540 dux
1800 4490 2049 4540 conten-

2160 4483 2462 4557 τετράγιον,
2522 4481 2584 4536 τὸ
2641 4478 2980 4536 ἀκουλουθον
3027 4483 3126 4535 τοῦ
3188 4479 3460 4558 δευτέρου,
3519 4476 3570 4551 ἔξ
3637 4479 3815 4556 ἐχέτω

2163 4569 2254 4586 υκ
2427 4567 3448 4586 .....,-..,.....
3612 4574 3638 4586 ..

386 4566 504 4621 tius
535 4567 650 4638 ipsi
679 4586 918 4641 quoque
964 4571 1296 4639 ambulent,
1350 4590 1546 4645 neque
1592 4575 1830 4648 longius
1881 4591 1944 4631 se
1974 4574 2047 4630 ab

388 4654 660 4712 hostibus
692 4665 1055 4715 removeant.
1104 4662 1162 4716 Si
1216 4663 1420 4719 hostes
1478 4663 1674 4720 denuo
1733 4665 2044 4720 remissius

387 4744 740 4815 ingreditur,
772 4747 994 4804 lentius
1019 4751 1383 4822 procedant:
1415 4766 1482 4808 ut
1511 4771 1706 4826 neque
1737 4755 1918 4810 nimis
1949 4770 2047 4826 ap-

387 4834 815 4905 propiquantes
873 4847 1290 4913 agnoscantur,
1329 4859 1440 4899 nec
1475 4834 1708 4917 longius
1747 4844 2048 4916 progressi

387 4939 582 4995 neque
605 4926 1099 4998 subsequentium
1125 4933 1519 4988 statuminter
1539 4948 1927 5000 noscere,nec
1950 4933 2047 4987 in-

383 5017 638 5071 ternosci
653 5016 724 5072 ab
737 5017 859 5074 illis
868 5021 1283 5094 possint;quod
1298 5022 1678 5078 calamitatem
1689 5023 2053 5095 singularem

387 5105 539 5162 202
561 5107 753 5162 affert.
769 5109 1108 5166 Praesertim
1130 5117 1332 5167 autem
1349 5111 1816 5168 subsistentibus
1838 5112 2044 5168 adver-

2158 4569 2376 4647 ἄνδρας·
2427 4571 2522 4626 ’ίνα
2547 4572 2599 4626 οἱ
2649 4570 2701 4642 ἐξ
2759 4570 2936 4626 αὐτῶν
2994 4567 3090 4624 δύο
3128 4569 3195 4625 τὰ
3255 4571 3361 4626 ὑπὸ
3421 4574 3642 4641 ζευκτοῦ
3702 4593 3811 4644 μη-

2153 4661 2390 4735 νυόμενα
2421 4660 2802 4734 ἀποκομίζωσι
2833 4664 2912 4732 τῷ
2965 4661 3324 4736 τουρμάρχῃ,
3355 4662 3384 4716 6
3417 4657 3473 4716 δὲ
3527 4660 3806 4736 τουρμιὶρ⁴

2156 4771 2268 4827 χης
2295 4757 2374 4824 τῷ
2404 4755 2718 4827 στρατηγῷ.
2788 4751 2911 4808 Ἐὰν
2944 4751 3048 4826 γάρ
3105 4749 3354 4824 ὀξύτερον
3427 4748 3723 4826 βαδίζωσιν
3754 4751 3808 4805 οἱ

2156 4838 2444 4914 πολέμιοι,
2474 4838 2688 4918 ἀφείλει
2740 4838 2961 4912 μηνύειν
3017 4839 3080 4894 τὸ
3137 4843 3355 4914 πρῶτον
3412 4839 3628 4908 ζευκτὸν
3684 4839 3809 4915 περὶ

2157 4929 2373 4986 τούτου·
2417 4927 2504 4983 ἵνα
2547 4927 2639 4983 καὶ
2671 4929 2699 4982 6
2727 4927 3087 5004 τουρμάρχης
3146 4927 3234 4983 καὶ
3267 4929 3295 4982 6
3327 4929 3627 5005 στρατηγὸς
3689 4927 3813 4999 62'5-

2157 5041 2312 5092 τερον
2344 5020 2432 5074 καὶ
2468 5017 2620 5073 αὐτοὶ
2674 5015 2959 5093 βαδίζωσι,
2989 5016 3190 5090 καὶμὴ
3242 5016 3328 5072 ἐπὶ
3392 5017 3542 5072 πολὺ
3603 5018 3810 5092 μακρύ-

2158 5130 2294 5165 νωσι
2330 5113 2439 5164 τῶν
2470 5105 2775 5181 πολεμίων.
2831 5107 2898 5165 Εἴ
2945 5105 3003 5162 δὲ
3033 5104 3394 5182 σχολαίτερον
3451 5107 3621 5163 πάλεν
3656 5106 3810 5183 βαδίο

1590 5277 1649 5332 C.
1691 5274 1754 5328 B.
1797 5274 1988 5330 HASII
2026 5272 2585 5330 ANNNTATIONES.

445 5427 952 5509 ’_7_61to§oxap_iouc.
987 5435 1068 5488 De
1098 5433 1209 5509 hac
1257 5434 1572 5509 voce__vid.
1609 5437 1898 5509 _D_ucang.
1952 5436 2049 5509 Glo

2160 5451 2212 5491 .r.
2275 5434 2391 5491 col.
2426 5435 2630 5509 ⁵1644.-
2687 5434 2732 5468 ³⁸

2794 5429 3277 5505 μετακινήσαντος]
3350 5433 3438 5505 μή,
3484 5436 3804 5505 κινήσαντος

377 5505 548 5583 codd.
624 5505 672 5583 "f
771 5499 828 5561 δὲ
857 5537 927 5583 —_-
956 5504 1366 5583 παραγίνεσθαι.
1408 5506 1530 5583 γει,
1571 5507 1659 5583 οὶ)Δ
1685 5499 2049 5583 imperativui

2160 5503 2560 5583 ιποστρεφέσθω
2605 5503 2742 5563 fort.
2778 5499 2806 5558 6
2838 5499 2895 5557 δὶ
2924 5499 3313 5578 τουρμάρχης,
3344 5499 3514 5574 ἧνίκα
3577 5499 3640 5562 τὸ
3669 5528 3722 5563 κ.
3755 5499 3809 5566 τί.

373 5595 434 5632 π.
469 5577 547 5645 ἀ.,
575 5575 701 5653 τρία
725 5577 938 5647 ζευκτὰ,
971 5572 1190 5649 ἐμίπξκ.
1215 5576 1260 5634 ἐ.
1295 5574 1372 5648 5L,
1405 5572 1952 5652 ἀναλαμϐανόμενος,
1984 5572 2385 5652 παραγινέσθω.

453 5721 563 5796 (16)
594 5721 760 5779 Idem
791 5720 950 5795 quod
978 5717 1132 5796 ἵχην.
1164 5722 1286 5778 Vox
1315 5720 1509 5779 adhuc
1540 5739 1736 5796 neque
1769 5724 1832 5781 in
1864 5723 2163 5782 Glossaria
2191 5727 2451 5796 recepta,
2484 5738 2680 5798 neque
2711 5723 2773 5780 in
2813 5721 3043 5779 Lexica.
