  <div class='ocr_page' id='page_1' title='image "/cluster/home/n/w/nwhite01/storage/ocr_20150623/117/coo.31924054870211/486.png"; bbox 0 0 4118 6422; ppageno 0'>
   <div class='ocr_carea' id='block_1_1' title="bbox 363 350 483 412">
    <p class='ocr_par' dir='ltr' id='par_1_1' title="bbox 363 350 483 412">
     <span class='ocr_line' id='line_1_1' title="bbox 363 350 483 412; baseline 0 -2"><span class='ocrx_word' id='word_1_1' title='bbox 363 350 483 412; x_wconf 71' lang='grc'>949</span> 
     </span>
    </p>
   </div>
   <div class='ocr_carea' id='block_1_2' title="bbox 1653 358 2484 427">
    <p class='ocr_par' dir='ltr' id='par_1_2' title="bbox 1653 358 2484 427">
     <span class='ocr_line' id='line_1_2' title="bbox 1653 358 2484 427; baseline 0.008 -9"><span class='ocrx_word' id='word_1_2' title='bbox 1653 358 2083 422; x_wconf 83' lang='lat' dir='ltr'>VELITATIO</span> <span class='ocrx_word' id='word_1_3' title='bbox 2123 362 2484 427; x_wconf 83' lang='lat' dir='ltr'>BELLICA.</span> 
     </span>
    </p>
   </div>
   <div class='ocr_carea' id='block_1_3' title="bbox 3670 383 3793 442">
    <p class='ocr_par' dir='ltr' id='par_1_3' title="bbox 3670 383 3793 442">
     <span class='ocr_line' id='line_1_3' title="bbox 3670 383 3793 442; baseline 0.016 -2"><span class='ocrx_word' id='word_1_4' title='bbox 3670 383 3793 442; x_wconf 80' lang='grc'>950</span> 
     </span>
    </p>
   </div>
   <div class='ocr_carea' id='block_1_4' title="bbox 367 480 2006 577">
    <p class='ocr_par' dir='ltr' id='par_1_4' title="bbox 367 480 2006 568">
     <span class='ocr_line' id='line_1_4' title="bbox 367 480 2006 568; baseline 0.008 -32"><span class='ocrx_word' id='word_1_5' title='bbox 367 486 552 552; x_wconf 84' lang='grc' dir='ltr'>ζουσιν</span> <span class='ocrx_word' id='word_1_6' title='bbox 583 482 635 537; x_wconf 74' lang='grc' dir='ltr'>οἳ</span> <span class='ocrx_word' id='word_1_7' title='bbox 664 480 950 557; x_wconf 82' lang='grc' dir='ltr'>πολέμιοι.</span> <span class='ocrx_word' id='word_1_8' title='bbox 1009 483 1102 542; x_wconf 80' lang='grc' dir='ltr'>καί</span> <span class='ocrx_word' id='word_1_9' title='bbox 1133 487 1162 542; x_wconf 90' lang='lat'>6</span> <span class='ocrx_word' id='word_1_10' title='bbox 1191 490 1554 565; x_wconf 85' lang='grc' dir='ltr'>τουρμάρχης</span> <span class='ocrx_word' id='word_1_11' title='bbox 1610 490 1700 546; x_wconf 84' lang='grc' dir='ltr'>καὶ</span> <span class='ocrx_word' id='word_1_12' title='bbox 1733 492 1762 546; x_wconf 93' lang='lat'>6</span> <span class='ocrx_word' id='word_1_13' title='bbox 1789 512 2006 568; x_wconf 82' lang='grc' dir='ltr'>στρατη·</span> 
     </span>
    </p>
   </div>
   <div class='ocr_carea' id='block_1_5' title="bbox 2119 480 3790 577">
    <p class='ocr_par' dir='ltr' id='par_1_5' title="bbox 2139 498 3790 577">
     <span class='ocr_line' id='line_1_5' title="bbox 2139 498 3790 577; baseline 0.012 -25"><span class='ocrx_word' id='word_1_14' title='bbox 2139 498 2335 568; x_wconf 89' lang='lat' dir='ltr'>sariis,</span> <span class='ocrx_word' id='word_1_15' title='bbox 2353 498 2427 554; x_wconf 90' lang='lat' dir='ltr'>ad</span> <span class='ocrx_word' id='word_1_16' title='bbox 2442 499 2726 572; x_wconf 82' lang='lat' dir='ltr'>pabulum</span> <span class='ocrx_word' id='word_1_17' title='bbox 2743 505 2913 577; x_wconf 90' lang='lat' dir='ltr'>equis</span> <span class='ocrx_word' id='word_1_18' title='bbox 2927 505 3341 576; x_wconf 89' lang='lat' dir='ltr'>dandum,dux</span> <span class='ocrx_word' id='word_1_19' title='bbox 3360 510 3472 567; x_wconf 90' lang='lat' dir='ltr'>hac</span> <span class='ocrx_word' id='word_1_20' title='bbox 3489 510 3563 568; x_wconf 89' lang='lat' dir='ltr'>de</span> <span class='ocrx_word' id='word_1_21' title='bbox 3576 529 3639 569; x_wconf 89' lang='lat' dir='ltr'>re</span> <span class='ocrx_word' id='word_1_22' title='bbox 3663 531 3790 570; x_wconf 91' lang='lat' dir='ltr'>cer-</span> 
     </span>
    </p>
   </div>
   <div class='ocr_carea' id='block_1_6' title="bbox 365 571 2030 655">
    <p class='ocr_par' dir='ltr' id='par_1_6' title="bbox 365 571 2030 655">
     <span class='ocr_line' id='line_1_6' title="bbox 365 571 2030 655; baseline 0.008 -31"><span class='ocrx_word' id='word_1_23' title='bbox 365 572 465 646; x_wconf 81' lang='grc' dir='ltr'>γὸς</span> <span class='ocrx_word' id='word_1_24' title='bbox 497 571 762 636; x_wconf 79' lang='grc' dir='ltr'>ὡσαύτως</span> <span class='ocrx_word' id='word_1_25' title='bbox 793 573 1161 649; x_wconf 75' lang='grc' dir='ltr'>σχολαίτερον</span> <span class='ocrx_word' id='word_1_26' title='bbox 1221 578 1709 651; x_wconf 71' lang='grc' dir='ltr'>περιπατείτωσανυ</span> <span class='ocrx_word' id='word_1_27' title='bbox 1749 577 1837 636; x_wconf 68' lang='grc' dir='ltr'>’ίνα</span> <span class='ocrx_word' id='word_1_28' title='bbox 1889 587 2030 655; x_wconf 77' lang='grc' dir='ltr'>μήτε</span> 
     </span>
    </p>
   </div>
   <div class='ocr_carea' id='block_1_7' title="bbox 363 660 2027 746">
    <p class='ocr_par' dir='ltr' id='par_1_7' title="bbox 363 660 2027 746">
     <span class='ocr_line' id='line_1_7' title="bbox 363 660 2027 746; baseline 0.007 -31"><span class='ocrx_word' id='word_1_29' title='bbox 363 660 606 732; x_wconf 76' lang='grc' dir='ltr'>πλησίον</span> <span class='ocrx_word' id='word_1_30' title='bbox 664 663 949 736; x_wconf 77' lang='grc' dir='ltr'>γινόμενοι</span> <span class='ocrx_word' id='word_1_31' title='bbox 1009 661 1497 740; x_wconf 86' lang='grc' dir='ltr'>διαγινώσκωνται,</span> <span class='ocrx_word' id='word_1_32' title='bbox 1554 671 1695 742; x_wconf 81' lang='grc' dir='ltr'>μήτε</span> <span class='ocrx_word' id='word_1_33' title='bbox 1753 672 2027 746; x_wconf 87' lang='grc' dir='ltr'>μακρυνό-</span> 
     </span>
    </p>
   </div>
   <div class='ocr_carea' id='block_1_8' title="bbox 367 747 2028 837">
    <p class='ocr_par' dir='ltr' id='par_1_8' title="bbox 367 747 2028 837">
     <span class='ocr_line' id='line_1_8' title="bbox 367 747 2028 837; baseline 0.007 -33"><span class='ocrx_word' id='word_1_34' title='bbox 367 771 523 824; x_wconf 89' lang='grc' dir='ltr'>μενοι</span> <span class='ocrx_word' id='word_1_35' title='bbox 555 747 680 806; x_wconf 72' lang='grc' dir='ltr'>οὔτε</span> <span class='ocrx_word' id='word_1_36' title='bbox 706 753 808 821; x_wconf 80' lang='grc' dir='ltr'>τήν</span> <span class='ocrx_word' id='word_1_37' title='bbox 840 756 954 808; x_wconf 89' lang='grc' dir='ltr'>τῶν</span> <span class='ocrx_word' id='word_1_38' title='bbox 995 753 1486 822; x_wconf 85' lang='grc' dir='ltr'>ἐπακολουθούντω</span> <span class='ocrx_word' id='word_1_39' title='bbox 1521 754 1793 830; x_wconf 88' lang='grc' dir='ltr'>διοίκησιν</span> <span class='ocrx_word' id='word_1_40' title='bbox 1850 759 2028 837; x_wconf 82' lang='grc' dir='ltr'>ἐπιγι-</span> 
     </span>
    </p>
   </div>
   <div class='ocr_carea' id='block_1_9' title="bbox 364 838 2022 924">
    <p class='ocr_par' dir='ltr' id='par_1_9' title="bbox 364 838 2022 924">
     <span class='ocr_line' id='line_1_9' title="bbox 364 838 2022 924; baseline 0.006 -30"><span class='ocrx_word' id='word_1_41' title='bbox 364 838 670 910; x_wconf 84' lang='grc' dir='ltr'>τώσκωσιν,</span> <span class='ocrx_word' id='word_1_42' title='bbox 711 839 836 896; x_wconf 74' lang='grc' dir='ltr'>οὕτε</span> <span class='ocrx_word' id='word_1_43' title='bbox 895 845 1021 916; x_wconf 89' lang='grc' dir='ltr'>παρ’</span> <span class='ocrx_word' id='word_1_44' title='bbox 1071 843 1289 900; x_wconf 81' lang='grc' dir='ltr'>ἐκείνων</span> <span class='ocrx_word' id='word_1_45' title='bbox 1352 845 1837 923; x_wconf 75' lang='grc' dir='ltr'>ἐπιγινώσκωνταιο</span> <span class='ocrx_word' id='word_1_46' title='bbox 1892 848 2022 924; x_wconf 84' lang='grc' dir='ltr'>ὅπερ</span> 
     </span>
    </p>
   </div>
   <div class='ocr_carea' id='block_1_10' title="bbox 369 927 2022 1009">
    <p class='ocr_par' dir='ltr' id='par_1_10' title="bbox 369 927 2022 1009">
     <span class='ocr_line' id='line_1_10' title="bbox 369 927 2022 1009; baseline 0.004 -26"><span class='ocrx_word' id='word_1_47' title='bbox 369 927 432 983; x_wconf 80' lang='grc' dir='ltr'>ού</span> <span class='ocrx_word' id='word_1_48' title='bbox 459 930 555 998; x_wconf 77' lang='grc' dir='ltr'>τὴν</span> <span class='ocrx_word' id='word_1_49' title='bbox 585 933 858 1004; x_wconf 77' lang='grc' dir='ltr'>τυχοῦσαν</span> <span class='ocrx_word' id='word_1_50' title='bbox 917 930 1108 1008; x_wconf 91' lang='grc' dir='ltr'>ἐπάγει</span> <span class='ocrx_word' id='word_1_51' title='bbox 1151 929 1389 1009; x_wconf 75' lang='grc' dir='ltr'>βλάϐην.</span> <span class='ocrx_word' id='word_1_52' title='bbox 1440 933 1663 998; x_wconf 84' lang='grc' dir='ltr'>Ἀλλως</span> <span class='ocrx_word' id='word_1_53' title='bbox 1709 957 1769 992; x_wconf 81' lang='grc' dir='ltr'>τε</span> <span class='ocrx_word' id='word_1_54' title='bbox 1825 933 1883 992; x_wconf 72' lang='grc' dir='ltr'>δὲ</span> <span class='ocrx_word' id='word_1_55' title='bbox 1933 937 2022 993; x_wconf 85' lang='grc' dir='ltr'>καὶ</span> 
     </span>
    </p>
   </div>
   <div class='ocr_carea' id='block_1_11' title="bbox 367 1016 2021 1102">
    <p class='ocr_par' dir='ltr' id='par_1_11' title="bbox 367 1016 2021 1102">
     <span class='ocr_line' id='line_1_11' title="bbox 367 1016 2021 1102; baseline 0.005 -30"><span class='ocrx_word' id='word_1_56' title='bbox 367 1022 476 1073; x_wconf 89' lang='grc' dir='ltr'>τῶν</span> <span class='ocrx_word' id='word_1_57' title='bbox 512 1016 797 1091; x_wconf 80' lang='grc' dir='ltr'>πολεμίων</span> <span class='ocrx_word' id='word_1_58' title='bbox 845 1016 1269 1091; x_wconf 79' lang='grc' dir='ltr'>ἀπληκευόντων</span> <span class='ocrx_word' id='word_1_59' title='bbox 1320 1025 1458 1098; x_wconf 89' lang='grc' dir='ltr'>πρὸς</span> <span class='ocrx_word' id='word_1_60' title='bbox 1504 1026 1568 1080; x_wconf 82' lang='grc' dir='ltr'>τὸ</span> <span class='ocrx_word' id='word_1_61' title='bbox 1618 1024 1838 1102; x_wconf 85' lang='grc' dir='ltr'>ταγίσαι</span> <span class='ocrx_word' id='word_1_62' title='bbox 1891 1025 2021 1088; x_wconf 82' lang='grc' dir='ltr'>τοὺς</span> 
     </span>
    </p>
   </div>
   <div class='ocr_carea' id='block_1_12' title="bbox 364 1105 2024 1188">
    <p class='ocr_par' dir='ltr' id='par_1_12' title="bbox 364 1105 2024 1188">
     <span class='ocr_line' id='line_1_12' title="bbox 364 1105 2024 1188; baseline 0.006 -27"><span class='ocrx_word' id='word_1_63' title='bbox 364 1105 586 1173; x_wconf 70' lang='grc' dir='ltr'>ῖππους,</span> <span class='ocrx_word' id='word_1_64' title='bbox 618 1109 707 1163; x_wconf 86' lang='grc' dir='ltr'>καὶ</span> <span class='ocrx_word' id='word_1_65' title='bbox 767 1109 890 1184; x_wconf 81' lang='grc' dir='ltr'>περὶ</span> <span class='ocrx_word' id='word_1_66' title='bbox 949 1109 1148 1166; x_wconf 88' lang='grc' dir='ltr'>τούτου</span> <span class='ocrx_word' id='word_1_67' title='bbox 1202 1113 1695 1186; x_wconf 82' lang='grc' dir='ltr'>καταμηνυόμενος</span> <span class='ocrx_word' id='word_1_68' title='bbox 1731 1115 1758 1168; x_wconf 98' lang='lat'>6</span> <span class='ocrx_word' id='word_1_69' title='bbox 1787 1134 2024 1188; x_wconf 90' lang='grc' dir='ltr'>στρατη-</span> 
     </span>
    </p>
   </div>
   <div class='ocr_carea' id='block_1_13' title="bbox 363 1195 2022 1279">
    <p class='ocr_par' dir='ltr' id='par_1_13' title="bbox 363 1195 2022 1279">
     <span class='ocr_line' id='line_1_13' title="bbox 363 1195 2022 1279; baseline 0.005 -29"><span class='ocrx_word' id='word_1_70' title='bbox 363 1196 481 1269; x_wconf 80' lang='grc' dir='ltr'>γὸς,</span> <span class='ocrx_word' id='word_1_71' title='bbox 509 1197 599 1252; x_wconf 87' lang='grc' dir='ltr'>καὶ</span> <span class='ocrx_word' id='word_1_72' title='bbox 629 1196 792 1260; x_wconf 82' lang='grc' dir='ltr'>αὐτὸς</span> <span class='ocrx_word' id='word_1_73' title='bbox 818 1195 870 1252; x_wconf 87' lang='grc' dir='ltr'>ἐν</span> <span class='ocrx_word' id='word_1_74' title='bbox 917 1197 1215 1274; x_wconf 73' lang='grc' dir='ltr'>ἐπιτηδείῳ</span> <span class='ocrx_word' id='word_1_75' title='bbox 1259 1201 1417 1271; x_wconf 87' lang='grc' dir='ltr'>τόπῳ</span> <span class='ocrx_word' id='word_1_76' title='bbox 1468 1201 1828 1273; x_wconf 85' lang='grc' dir='ltr'>ἀπληκευέτω</span> <span class='ocrx_word' id='word_1_77' title='bbox 1883 1203 2022 1279; x_wconf 89' lang='grc' dir='ltr'>πρὸς</span> 
     </span>
    </p>
   </div>
   <div class='ocr_carea' id='block_1_14' title="bbox 357 1283 2017 1366">
    <p class='ocr_par' dir='ltr' id='par_1_14' title="bbox 357 1283 2017 1366">
     <span class='ocr_line' id='line_1_14' title="bbox 357 1283 2017 1366; baseline 0.005 -28"><span class='ocrx_word' id='word_1_78' title='bbox 357 1286 422 1339; x_wconf 87' lang='grc' dir='ltr'>τὸ</span> <span class='ocrx_word' id='word_1_79' title='bbox 450 1283 582 1348; x_wconf 76' lang='grc' dir='ltr'>τοὺς</span> <span class='ocrx_word' id='word_1_80' title='bbox 643 1284 845 1350; x_wconf 69' lang='grc' dir='ltr'>ἵππους</span> <span class='ocrx_word' id='word_1_81' title='bbox 896 1287 1132 1364; x_wconf 84' lang='grc' dir='ltr'>ταγίσαι,</span> <span class='ocrx_word' id='word_1_82' title='bbox 1194 1285 1468 1366; x_wconf 76' lang='grc' dir='ltr'>ἐξώόιγλα</span> <span class='ocrx_word' id='word_1_83' title='bbox 1521 1289 1878 1347; x_wconf 71' lang='grc' dir='ltr'>ἀποστέλλων</span> <span class='ocrx_word' id='word_1_84' title='bbox 1941 1291 2017 1355; x_wconf 74' lang='grc' dir='ltr'>εἷς</span> 
     </span>
    </p>
   </div>
   <div class='ocr_carea' id='block_1_15' title="bbox 358 1373 2019 1451">
    <p class='ocr_par' dir='ltr' id='par_1_15' title="bbox 358 1373 2019 1451">
     <span class='ocr_line' id='line_1_15' title="bbox 358 1373 2019 1451; baseline 0.005 -23"><span class='ocrx_word' id='word_1_85' title='bbox 358 1373 608 1448; x_wconf 74' lang='grc' dir='ltr'>φυλακὴν</span> <span class='ocrx_word' id='word_1_86' title='bbox 641 1375 854 1434; x_wconf 74' lang='grc' dir='ltr'>ἑαυτοῦ.</span> <span class='ocrx_word' id='word_1_87' title='bbox 888 1376 992 1434; x_wconf 84' lang='grc' dir='ltr'>Καὶ</span> <span class='ocrx_word' id='word_1_88' title='bbox 1031 1379 1198 1448; x_wconf 75' lang='grc' dir='ltr'>ἡνίκα</span> <span class='ocrx_word' id='word_1_89' title='bbox 1254 1379 1422 1436; x_wconf 76' lang='grc' dir='ltr'>πάλιν</span> <span class='ocrx_word' id='word_1_90' title='bbox 1482 1381 1581 1449; x_wconf 77' lang='grc' dir='ltr'>τὴν</span> <span class='ocrx_word' id='word_1_91' title='bbox 1641 1378 1856 1451; x_wconf 87' lang='grc' dir='ltr'>κίνησιν</span> <span class='ocrx_word' id='word_1_92' title='bbox 1909 1385 2019 1436; x_wconf 89' lang='grc' dir='ltr'>τῶν</span> 
     </span>
    </p>
   </div>
   <div class='ocr_carea' id='block_1_16' title="bbox 353 1461 2018 1543">
    <p class='ocr_par' dir='ltr' id='par_1_16' title="bbox 353 1461 2018 1543">
     <span class='ocr_line' id='line_1_16' title="bbox 353 1461 2018 1543; baseline 0.005 -27"><span class='ocrx_word' id='word_1_93' title='bbox 353 1461 643 1536; x_wconf 86' lang='grc' dir='ltr'>πολεμίων</span> <span class='ocrx_word' id='word_1_94' title='bbox 673 1468 1108 1538; x_wconf 87' lang='grc' dir='ltr'>καταμηνυθείη,</span> <span class='ocrx_word' id='word_1_95' title='bbox 1151 1467 1457 1543; x_wconf 73' lang='grc' dir='ltr'>παραυτίκα</span> <span class='ocrx_word' id='word_1_96' title='bbox 1507 1469 1598 1524; x_wconf 82' lang='grc' dir='ltr'>καὶ</span> <span class='ocrx_word' id='word_1_97' title='bbox 1647 1469 1809 1532; x_wconf 80' lang='grc' dir='ltr'>αὐτὸς</span> <span class='ocrx_word' id='word_1_98' title='bbox 1864 1471 2018 1540; x_wconf 76' lang='grc' dir='ltr'>κινή-</span> 
     </span>
    </p>
   </div>
   <div class='ocr_carea' id='block_1_17' title="bbox 353 1549 2012 1621">
    <p class='ocr_par' dir='ltr' id='par_1_17' title="bbox 353 1549 2012 1621">
     <span class='ocr_line' id='line_1_17' title="bbox 353 1549 2012 1621; baseline 0.005 -15"><span class='ocrx_word' id='word_1_99' title='bbox 353 1573 432 1607; x_wconf 92' lang='grc' dir='ltr'>σει</span> <span class='ocrx_word' id='word_1_100' title='bbox 465 1551 878 1621; x_wconf 75' lang='grc' dir='ltr'>ἐπακολουθῶν,</span> <span class='ocrx_word' id='word_1_101' title='bbox 911 1549 1058 1611; x_wconf 77' lang='grc' dir='ltr'>ἔνθεν</span> <span class='ocrx_word' id='word_1_102' title='bbox 1111 1557 1357 1612; x_wconf 85' lang='grc' dir='ltr'>κάκείθεν</span> <span class='ocrx_word' id='word_1_103' title='bbox 1416 1557 1609 1614; x_wconf 73' lang='grc' dir='ltr'>ἑαυτοῦ</span> <span class='ocrx_word' id='word_1_104' title='bbox 1657 1556 2012 1614; x_wconf 71' lang='grc' dir='ltr'>ἀποστέλλων</span> 
     </span>
    </p>
   </div>
   <div class='ocr_carea' id='block_1_18' title="bbox 350 1641 2012 1724">
    <p class='ocr_par' dir='ltr' id='par_1_18' title="bbox 350 1641 2012 1724">
     <span class='ocr_line' id='line_1_18' title="bbox 350 1641 2012 1724; baseline 0.004 -28"><span class='ocrx_word' id='word_1_105' title='bbox 350 1641 453 1696; x_wconf 85' lang='grc' dir='ltr'>ἀνά</span> <span class='ocrx_word' id='word_1_106' title='bbox 502 1641 794 1717; x_wconf 88' lang='grc' dir='ltr'>τριάκοντα</span> <span class='ocrx_word' id='word_1_107' title='bbox 852 1643 1056 1714; x_wconf 81' lang='grc' dir='ltr'>ἱππεῖς,</span> <span class='ocrx_word' id='word_1_108' title='bbox 1121 1647 1198 1720; x_wconf 78' lang='grc' dir='ltr'>μὴ</span> <span class='ocrx_word' id='word_1_109' title='bbox 1257 1646 1470 1724; x_wconf 75' lang='grc' dir='ltr'>πόῤῥω,</span> <span class='ocrx_word' id='word_1_110' title='bbox 1538 1646 1684 1704; x_wconf 79' lang='grc' dir='ltr'>ἀλλὰ</span> <span class='ocrx_word' id='word_1_111' title='bbox 1737 1649 2012 1724; x_wconf 87' lang='grc' dir='ltr'>σύνεγγυς,</span> 
     </span>
    </p>
   </div>
   <div class='ocr_carea' id='block_1_19' title="bbox 349 1731 2014 1812">
    <p class='ocr_par' dir='ltr' id='par_1_19' title="bbox 349 1731 2014 1812">
     <span class='ocr_line' id='line_1_19' title="bbox 349 1731 2014 1812; baseline 0.004 -26"><span class='ocrx_word' id='word_1_112' title='bbox 349 1731 448 1792; x_wconf 73' lang='grc' dir='ltr'>τὰς</span> <span class='ocrx_word' id='word_1_113' title='bbox 484 1737 581 1788; x_wconf 88' lang='grc' dir='ltr'>τοῦ</span> <span class='ocrx_word' id='word_1_114' title='bbox 613 1733 750 1789; x_wconf 87' lang='grc' dir='ltr'>λαοῦ</span> <span class='ocrx_word' id='word_1_115' title='bbox 781 1734 949 1790; x_wconf 81' lang='grc' dir='ltr'>αὐτοῦ</span> <span class='ocrx_word' id='word_1_116' title='bbox 1007 1735 1189 1812; x_wconf 64' lang='grc' dir='ltr'>φωνὰς</span> <span class='ocrx_word' id='word_1_117' title='bbox 1233 1734 1679 1811; x_wconf 82' lang='grc' dir='ltr'>ἐνωτιζομένους.</span> <span class='ocrx_word' id='word_1_118' title='bbox 1735 1738 1838 1796; x_wconf 82' lang='grc' dir='ltr'>Καὶ</span> <span class='ocrx_word' id='word_1_119' title='bbox 1887 1739 2014 1794; x_wconf 78' lang='lat' dir='ltr'>8m-</span> 
     </span>
    </p>
   </div>
   <div class='ocr_carea' id='block_1_20' title="bbox 2143 587 3793 672">
    <p class='ocr_par' dir='ltr' id='par_1_20' title="bbox 2143 587 3793 672">
     <span class='ocr_line' id='line_1_20' title="bbox 2143 587 3793 672; baseline 0.012 -32"><span class='ocrx_word' id='word_1_120' title='bbox 2143 587 2256 642; x_wconf 91' lang='lat' dir='ltr'>tior</span> <span class='ocrx_word' id='word_1_121' title='bbox 2275 589 2661 663; x_wconf 79' lang='lat' dir='ltr'>conjungere,</span> <span class='ocrx_word' id='word_1_122' title='bbox 2681 608 2901 664; x_wconf 89' lang='lat' dir='ltr'>eosque</span> <span class='ocrx_word' id='word_1_123' title='bbox 2930 597 3206 653; x_wconf 83' lang='lat' dir='ltr'>celeriter</span> <span class='ocrx_word' id='word_1_124' title='bbox 3225 599 3315 654; x_wconf 91' lang='lat' dir='ltr'>vel</span> <span class='ocrx_word' id='word_1_125' title='bbox 3339 599 3414 655; x_wconf 89' lang='lat' dir='ltr'>ad</span> <span class='ocrx_word' id='word_1_126' title='bbox 3434 600 3669 672; x_wconf 90' lang='lat' dir='ltr'>ducem,</span> <span class='ocrx_word' id='word_1_127' title='bbox 3701 606 3793 661; x_wconf 91' lang='lat' dir='ltr'>vel</span> 
     </span>
    </p>
   </div>
   <div class='ocr_carea' id='block_1_21' title="bbox 2138 677 3791 756">
    <p class='ocr_par' dir='ltr' id='par_1_21' title="bbox 2138 677 3791 756">
     <span class='ocr_line' id='line_1_21' title="bbox 2138 677 3791 756; baseline 0.01 -24"><span class='ocrx_word' id='word_1_128' title='bbox 2138 677 2213 732; x_wconf 87' lang='lat' dir='ltr'>ad</span> <span class='ocrx_word' id='word_1_129' title='bbox 2234 677 2384 734; x_wconf 90' lang='lat' dir='ltr'>alios</span> <span class='ocrx_word' id='word_1_130' title='bbox 2407 687 2781 753; x_wconf 87' lang='lat' dir='ltr'>susceptores</span> <span class='ocrx_word' id='word_1_131' title='bbox 2804 686 3149 756; x_wconf 81' lang='lat' dir='ltr'>perducere,</span> <span class='ocrx_word' id='word_1_132' title='bbox 3185 689 3444 744; x_wconf 90' lang='lat' dir='ltr'>sidenuo</span> <span class='ocrx_word' id='word_1_133' title='bbox 3477 691 3635 747; x_wconf 90' lang='lat' dir='ltr'>inter</span> <span class='ocrx_word' id='word_1_134' title='bbox 3662 695 3791 751; x_wconf 74' lang='lat' dir='ltr'>hmo</span> 
     </span>
    </p>
   </div>
   <div class='ocr_carea' id='block_1_22' title="bbox 2134 765 3787 852">
    <p class='ocr_par' dir='ltr' id='par_1_22' title="bbox 2134 765 3787 852">
     <span class='ocr_line' id='line_1_22' title="bbox 2134 765 3787 852; baseline 0.011 -32"><span class='ocrx_word' id='word_1_135' title='bbox 2134 765 2326 822; x_wconf 88' lang='lat' dir='ltr'>factus</span> <span class='ocrx_word' id='word_1_136' title='bbox 2357 768 2582 840; x_wconf 84' lang='lat' dir='ltr'>itidem,</span> <span class='ocrx_word' id='word_1_137' title='bbox 2620 771 2821 842; x_wconf 85' lang='lat' dir='ltr'>pabuli</span> <span class='ocrx_word' id='word_1_138' title='bbox 2853 773 3030 830; x_wconf 82' lang='lat' dir='ltr'>dandi</span> <span class='ocrx_word' id='word_1_139' title='bbox 3067 793 3266 846; x_wconf 90' lang='lat' dir='ltr'>causa,</span> <span class='ocrx_word' id='word_1_140' title='bbox 3289 778 3420 834; x_wconf 93' lang='lat' dir='ltr'>loco</span> <span class='ocrx_word' id='word_1_141' title='bbox 3451 786 3787 852; x_wconf 89' lang='lat' dir='ltr'>opportuno</span> 
     </span>
    </p>
   </div>
   <div class='ocr_carea' id='block_1_23' title="bbox 2137 855 3788 933">
    <p class='ocr_par' dir='ltr' id='par_1_23' title="bbox 2137 855 3788 933">
     <span class='ocr_line' id='line_1_23' title="bbox 2137 855 3788 933; baseline 0.011 -23"><span class='ocrx_word' id='word_1_142' title='bbox 2137 855 2441 926; x_wconf 86' lang='lat' dir='ltr'>subsistat,</span> <span class='ocrx_word' id='word_1_143' title='bbox 2475 859 2872 933; x_wconf 82' lang='lat' dir='ltr'>excubiasque</span> <span class='ocrx_word' id='word_1_144' title='bbox 2894 869 3169 921; x_wconf 86' lang='lat' dir='ltr'>externas</span> <span class='ocrx_word' id='word_1_145' title='bbox 3198 866 3457 924; x_wconf 78' lang='lat' dir='ltr'>dimittat</span> <span class='ocrx_word' id='word_1_146' title='bbox 3483 870 3558 924; x_wconf 92' lang='lat' dir='ltr'>ad</span> <span class='ocrx_word' id='word_1_147' title='bbox 3589 887 3651 926; x_wconf 92' lang='lat' dir='ltr'>se</span> <span class='ocrx_word' id='word_1_148' title='bbox 3683 889 3788 927; x_wconf 88' lang='lat' dir='ltr'>cu-</span> 
     </span>
    </p>
   </div>
   <div class='ocr_carea' id='block_1_24' title="bbox 2135 946 3784 1029">
    <p class='ocr_par' dir='ltr' id='par_1_24' title="bbox 2135 946 3784 1029">
     <span class='ocr_line' id='line_1_24' title="bbox 2135 946 3784 1029; baseline 0.01 -29"><span class='ocrx_word' id='word_1_149' title='bbox 2135 946 2536 1004; x_wconf 90' lang='lat' dir='ltr'>stodiendum.</span> <span class='ocrx_word' id='word_1_150' title='bbox 2563 949 2670 1005; x_wconf 86' lang='lat' dir='ltr'>Ubi</span> <span class='ocrx_word' id='word_1_151' title='bbox 2702 953 2973 1024; x_wconf 78' lang='lat' dir='ltr'>cognovit</span> <span class='ocrx_word' id='word_1_152' title='bbox 3001 953 3202 1010; x_wconf 82' lang='lat' dir='ltr'>hostes</span> <span class='ocrx_word' id='word_1_153' title='bbox 3255 956 3450 1013; x_wconf 90' lang='lat' dir='ltr'>denuo</span> <span class='ocrx_word' id='word_1_154' title='bbox 3507 961 3784 1029; x_wconf 88' lang='lat' dir='ltr'>movisse,</span> 
     </span>
    </p>
   </div>
   <div class='ocr_carea' id='block_1_25' title="bbox 2132 1033 3788 1116">
    <p class='ocr_par' dir='ltr' id='par_1_25' title="bbox 2132 1033 3788 1116">
     <span class='ocr_line' id='line_1_25' title="bbox 2132 1033 3788 1116; baseline 0.01 -27"><span class='ocrx_word' id='word_1_155' title='bbox 2132 1033 2258 1106; x_wconf 90' lang='lat' dir='ltr'>ipse</span> <span class='ocrx_word' id='word_1_156' title='bbox 2293 1053 2530 1109; x_wconf 91' lang='lat' dir='ltr'>quoque</span> <span class='ocrx_word' id='word_1_157' title='bbox 2573 1040 2849 1113; x_wconf 90' lang='lat' dir='ltr'>evestigio</span> <span class='ocrx_word' id='word_1_158' title='bbox 2910 1043 3115 1098; x_wconf 89' lang='lat' dir='ltr'>exiens</span> <span class='ocrx_word' id='word_1_159' title='bbox 3164 1044 3538 1116; x_wconf 86' lang='lat' dir='ltr'>insequatur,</span> <span class='ocrx_word' id='word_1_160' title='bbox 3588 1048 3670 1104; x_wconf 89' lang='lat' dir='ltr'>ita</span> <span class='ocrx_word' id='word_1_161' title='bbox 3721 1055 3788 1105; x_wconf 93' lang='lat' dir='ltr'>ut</span> 
     </span>
    </p>
   </div>
   <div class='ocr_carea' id='block_1_26' title="bbox 2131 1130 3783 1210">
    <p class='ocr_par' dir='ltr' id='par_1_26' title="bbox 2131 1130 3783 1210">
     <span class='ocr_line' id='line_1_26' title="bbox 2131 1130 3783 1210; baseline 0.01 -32"><span class='ocrx_word' id='word_1_162' title='bbox 2131 1130 2386 1196; x_wconf 90' lang='lat' dir='ltr'>utroque</span> <span class='ocrx_word' id='word_1_163' title='bbox 2425 1144 2667 1184; x_wconf 87' lang='lat' dir='ltr'>versum</span> <span class='ocrx_word' id='word_1_164' title='bbox 2699 1130 2960 1187; x_wconf 88' lang='lat' dir='ltr'>tricenos</span> <span class='ocrx_word' id='word_1_165' title='bbox 2983 1133 3215 1204; x_wconf 88' lang='lat' dir='ltr'>equites</span> <span class='ocrx_word' id='word_1_166' title='bbox 3248 1133 3544 1192; x_wconf 81' lang='lat' dir='ltr'>dimittat:</span> <span class='ocrx_word' id='word_1_167' title='bbox 3583 1155 3783 1210; x_wconf 90' lang='lat' dir='ltr'>neque</span> 
     </span>
    </p>
   </div>
   <div class='ocr_carea' id='block_1_27' title="bbox 2131 1211 3782 1300">
    <p class='ocr_par' dir='ltr' id='par_1_27' title="bbox 2131 1211 3782 1300">
     <span class='ocr_line' id='line_1_27' title="bbox 2131 1211 3782 1300; baseline 0.009 -32"><span class='ocrx_word' id='word_1_168' title='bbox 2131 1211 2369 1286; x_wconf 80' lang='lat' dir='ltr'>longius</span> <span class='ocrx_word' id='word_1_169' title='bbox 2393 1218 2727 1286; x_wconf 89' lang='lat' dir='ltr'>tamen,sed</span> <span class='ocrx_word' id='word_1_170' title='bbox 2752 1225 2873 1276; x_wconf 88' lang='lat' dir='ltr'>tam</span> <span class='ocrx_word' id='word_1_171' title='bbox 2898 1221 3261 1294; x_wconf 88' lang='lat' dir='ltr'>propinque,</span> <span class='ocrx_word' id='word_1_172' title='bbox 3287 1231 3352 1279; x_wconf 90' lang='lat' dir='ltr'>ut</span> <span class='ocrx_word' id='word_1_173' title='bbox 3367 1226 3620 1298; x_wconf 76' lang='lat' dir='ltr'>agminis</span> <span class='ocrx_word' id='word_1_174' title='bbox 3652 1229 3782 1300; x_wconf 86' lang='lat' dir='ltr'>ejus</span> 
     </span>
    </p>
   </div>
   <div class='ocr_carea' id='block_1_28' title="bbox 2129 1307 3779 1384">
    <p class='ocr_par' dir='ltr' id='par_1_28' title="bbox 2129 1307 3779 1384">
     <span class='ocr_line' id='line_1_28' title="bbox 2129 1307 3779 1384; baseline 0.008 -26"><span class='ocrx_word' id='word_1_175' title='bbox 2129 1320 2302 1360; x_wconf 89' lang='lat' dir='ltr'>voces</span> <span class='ocrx_word' id='word_1_176' title='bbox 2326 1307 2604 1362; x_wconf 85' lang='lat' dir='ltr'>exaudire</span> <span class='ocrx_word' id='word_1_177' title='bbox 2637 1315 2878 1379; x_wconf 86' lang='lat' dir='ltr'>queant.</span> <span class='ocrx_word' id='word_1_178' title='bbox 2909 1312 2954 1365; x_wconf 91' lang='lat' dir='ltr'><strong>A</strong></span> <span class='ocrx_word' id='word_1_179' title='bbox 2981 1317 3144 1383; x_wconf 91' lang='lat' dir='ltr'>tergo</span> <span class='ocrx_word' id='word_1_180' title='bbox 3177 1313 3522 1384; x_wconf 64' lang='lat' dir='ltr'>praefectum</span> <span class='ocrx_word' id='word_1_181' title='bbox 3563 1316 3779 1372; x_wconf 87' lang='lat' dir='ltr'>habeat</span> 
     </span>
    </p>
   </div>
   <div class='ocr_carea' id='block_1_29' title="bbox 2128 1397 3777 1472">
    <p class='ocr_par' dir='ltr' id='par_1_29' title="bbox 2128 1397 3777 1472">
     <span class='ocr_line' id='line_1_29' title="bbox 2128 1397 3777 1472; baseline 0.008 -24"><span class='ocrx_word' id='word_1_182' title='bbox 2128 1411 2264 1450; x_wconf 91' lang='lat' dir='ltr'>cum</span> <span class='ocrx_word' id='word_1_183' title='bbox 2297 1397 2597 1468; x_wconf 89' lang='lat' dir='ltr'>equitibus</span> <span class='ocrx_word' id='word_1_184' title='bbox 2650 1398 3092 1471; x_wconf 89' lang='lat' dir='ltr'>insequentem,</span> <span class='ocrx_word' id='word_1_185' title='bbox 3149 1420 3298 1472; x_wconf 89' lang='lat' dir='ltr'>quos</span> <span class='ocrx_word' id='word_1_186' title='bbox 3357 1421 3493 1460; x_wconf 89' lang='lat' dir='ltr'>saca</span> <span class='ocrx_word' id='word_1_187' title='bbox 3543 1414 3777 1463; x_wconf 87' lang='lat' dir='ltr'>vocant.</span> 
     </span>
    </p>
   </div>
   <div class='ocr_carea' id='block_1_30' title="bbox 2127 1485 3778 1564">
    <p class='ocr_par' dir='ltr' id='par_1_30' title="bbox 2127 1485 3778 1564">
     <span class='ocr_line' id='line_1_30' title="bbox 2127 1485 3778 1564; baseline 0.008 -26"><span class='ocrx_word' id='word_1_188' title='bbox 2127 1485 2332 1556; x_wconf 88' lang='lat' dir='ltr'>Magno</span> <span class='ocrx_word' id='word_1_189' title='bbox 2361 1491 2560 1542; x_wconf 91' lang='lat' dir='ltr'>autem</span> <span class='ocrx_word' id='word_1_190' title='bbox 2582 1487 2655 1542; x_wconf 90' lang='lat' dir='ltr'>ab</span> <span class='ocrx_word' id='word_1_191' title='bbox 2678 1488 2950 1544; x_wconf 87' lang='lat' dir='ltr'>hostibus</span> <span class='ocrx_word' id='word_1_192' title='bbox 2971 1491 3286 1548; x_wconf 88' lang='lat' dir='ltr'>intervallo</span> <span class='ocrx_word' id='word_1_193' title='bbox 3309 1493 3423 1549; x_wconf 92' lang='lat' dir='ltr'>dux</span> <span class='ocrx_word' id='word_1_194' title='bbox 3444 1495 3558 1551; x_wconf 85' lang='lat' dir='ltr'>iter</span> <span class='ocrx_word' id='word_1_195' title='bbox 3579 1495 3778 1564; x_wconf 85' lang='lat' dir='ltr'>faciat,</span> 
     </span>
    </p>
   </div>
   <div class='ocr_carea' id='block_1_31' title="bbox 2125 1574 3781 1654">
    <p class='ocr_par' dir='ltr' id='par_1_31' title="bbox 2125 1574 3781 1654">
     <span class='ocr_line' id='line_1_31' title="bbox 2125 1574 3781 1654; baseline 0.009 -27"><span class='ocrx_word' id='word_1_196' title='bbox 2125 1575 2288 1628; x_wconf 90' lang='lat' dir='ltr'>omni</span> <span class='ocrx_word' id='word_1_197' title='bbox 2323 1574 2635 1649; x_wconf 86' lang='lat' dir='ltr'>diligentia</span> <span class='ocrx_word' id='word_1_198' title='bbox 2665 1578 2953 1646; x_wconf 88' lang='lat' dir='ltr'>adhibita,</span> <span class='ocrx_word' id='word_1_199' title='bbox 2988 1597 3063 1636; x_wconf 90' lang='lat' dir='ltr'>ne</span> <span class='ocrx_word' id='word_1_200' title='bbox 3120 1583 3618 1654; x_wconf 88' lang='lat' dir='ltr'>animadvertant,</span> <span class='ocrx_word' id='word_1_201' title='bbox 3653 1603 3714 1641; x_wconf 90' lang='lat' dir='ltr'>se</span> <span class='ocrx_word' id='word_1_202' title='bbox 3745 1603 3781 1642; x_wconf 89' lang='lat' dir='ltr'>a</span> 
     </span>
    </p>
   </div>
   <div class='ocr_carea' id='block_1_32' title="bbox 2125 1664 3779 1745">
    <p class='ocr_par' dir='ltr' id='par_1_32' title="bbox 2125 1664 3779 1745">
     <span class='ocr_line' id='line_1_32' title="bbox 2125 1664 3779 1745; baseline 0.007 -29"><span class='ocrx_word' id='word_1_203' title='bbox 2125 1667 2286 1736; x_wconf 91' lang='lat' dir='ltr'>tergo</span> <span class='ocrx_word' id='word_1_204' title='bbox 2318 1664 2479 1735; x_wconf 90' lang='lat' dir='ltr'>ipsos</span> <span class='ocrx_word' id='word_1_205' title='bbox 2511 1667 2678 1738; x_wconf 90' lang='lat' dir='ltr'>sequi</span> <span class='ocrx_word' id='word_1_206' title='bbox 2708 1684 2721 1722; x_wconf 89' lang='lat'><strong>:</strong></span> <span class='ocrx_word' id='word_1_207' title='bbox 2755 1668 2896 1722; x_wconf 90' lang='lat' dir='ltr'>item</span> <span class='ocrx_word' id='word_1_208' title='bbox 2929 1675 3099 1725; x_wconf 88' lang='lat' dir='ltr'>caute</span> <span class='ocrx_word' id='word_1_209' title='bbox 3143 1671 3533 1744; x_wconf 86' lang='lat' dir='ltr'>ingrediatur,</span> <span class='ocrx_word' id='word_1_210' title='bbox 3589 1679 3647 1730; x_wconf 90' lang='lat' dir='ltr'>ct</span> <span class='ocrx_word' id='word_1_211' title='bbox 3676 1675 3779 1745; x_wconf 92' lang='lat' dir='ltr'>qui</span> 
     </span>
    </p>
   </div>
   <div class='ocr_carea' id='block_1_33' title="bbox 2121 1753 3779 1834">
    <p class='ocr_par' dir='ltr' id='par_1_33' title="bbox 2121 1753 3779 1834">
     <span class='ocr_line' id='line_1_33' title="bbox 2121 1753 3779 1834; baseline 0.008 -29"><span class='ocrx_word' id='word_1_212' title='bbox 2121 1753 2389 1824; x_wconf 84' lang='lat' dir='ltr'>proxime</span> <span class='ocrx_word' id='word_1_213' title='bbox 2421 1754 2650 1809; x_wconf 89' lang='lat' dir='ltr'>hostem</span> <span class='ocrx_word' id='word_1_214' title='bbox 2708 1756 3102 1828; x_wconf 88' lang='lat' dir='ltr'>insequantur</span> <span class='ocrx_word' id='word_1_215' title='bbox 3158 1767 3433 1817; x_wconf 88' lang='lat' dir='ltr'>accurate</span> <span class='ocrx_word' id='word_1_216' title='bbox 3483 1761 3779 1834; x_wconf 90' lang='lat' dir='ltr'>dispicere</span> 
     </span>
    </p>
   </div>
   <div class='ocr_carea' id='block_1_34' title="bbox 351 1822 2006 1926">
    <p class='ocr_par' dir='ltr' id='par_1_34' title="bbox 351 1822 2006 1902">
     <span class='ocr_line' id='line_1_34' title="bbox 351 1822 2006 1902; baseline 0.004 -27"><span class='ocrx_word' id='word_1_217' title='bbox 351 1823 474 1876; x_wconf 86' lang='grc' dir='ltr'>σθεν</span> <span class='ocrx_word' id='word_1_218' title='bbox 531 1822 696 1878; x_wconf 77' lang='grc' dir='ltr'>αὐτοῦ</span> <span class='ocrx_word' id='word_1_219' title='bbox 780 1823 1256 1890; x_wconf 77' lang='grc' dir='ltr'>ἐπακολουθοῦντα</span> <span class='ocrx_word' id='word_1_220' title='bbox 1313 1823 1556 1902; x_wconf 80' lang='grc' dir='ltr'>ἄρχοντα</span> <span class='ocrx_word' id='word_1_221' title='bbox 1638 1825 1814 1902; x_wconf 85' lang='grc' dir='ltr'>ἐχέτω</span> <span class='ocrx_word' id='word_1_222' title='bbox 1893 1829 2006 1901; x_wconf 82' lang='grc' dir='ltr'>μεθ’</span> 
     </span>
    </p>
   </div>
   <div class='ocr_carea' id='block_1_35' title="bbox 2119 1822 3774 1926">
    <p class='ocr_par' dir='ltr' id='par_1_35' title="bbox 2119 1822 3774 1923">
     <span class='ocr_line' id='line_1_35' title="bbox 2119 1822 3774 1923; baseline 0.007 -27"><span class='ocrx_word' id='word_1_223' title='bbox 2119 1822 2342 1912; x_wconf 58' lang='lat' dir='ltr'>iubeat,</span> <span class='ocrx_word' id='word_1_224' title='bbox 2376 1859 2452 1898; x_wconf 90' lang='lat' dir='ltr'>ne</span> <span class='ocrx_word' id='word_1_225' title='bbox 2481 1843 2633 1899; x_wconf 87' lang='lat' dir='ltr'>forte</span> <span class='ocrx_word' id='word_1_226' title='bbox 2665 1822 2952 1916; x_wconf 80' lang='lat' dir='ltr'>quasdam</span> <span class='ocrx_word' id='word_1_227' title='bbox 2984 1847 3235 1904; x_wconf 90' lang='lat' dir='ltr'>insidias</span> <span class='ocrx_word' id='word_1_228' title='bbox 3268 1850 3470 1906; x_wconf 90' lang='lat' dir='ltr'>hostes</span> <span class='ocrx_word' id='word_1_229' title='bbox 3516 1822 3774 1923; x_wconf 77' lang='lat' dir='ltr'>relique-</span> 
     </span>
    </p>
   </div>
   <div class='ocr_carea' id='block_1_36' title="bbox 356 1910 2010 1991">
    <p class='ocr_par' dir='ltr' id='par_1_36' title="bbox 356 1910 2010 1991">
     <span class='ocr_line' id='line_1_36' title="bbox 356 1910 2010 1991; baseline 0.006 -28"><span class='ocrx_word' id='word_1_230' title='bbox 356 1910 591 1981; x_wconf 62' lang='grc' dir='ltr'>ῗππέων,</span> <span class='ocrx_word' id='word_1_231' title='bbox 622 1912 716 1975; x_wconf 73' lang='grc' dir='ltr'>οὕς</span> <span class='ocrx_word' id='word_1_232' title='bbox 746 1910 814 1982; x_wconf 77' lang='grc' dir='ltr'>δὴ</span> <span class='ocrx_word' id='word_1_233' title='bbox 847 1915 983 1969; x_wconf 89' lang='grc' dir='ltr'>σάκα</span> <span class='ocrx_word' id='word_1_234' title='bbox 1040 1915 1370 1989; x_wconf 84' lang='grc' dir='ltr'>ὀνομάζουσι</span> <span class='ocrx_word' id='word_1_235' title='bbox 1413 1918 1549 1990; x_wconf 78' lang='grc'>(17).</span> <span class='ocrx_word' id='word_1_236' title='bbox 1601 1917 1849 1987; x_wconf 77' lang='grc' dir='ltr'>Μήκοθεν</span> <span class='ocrx_word' id='word_1_237' title='bbox 1900 1920 2010 1991; x_wconf 88' lang='grc'>(18)</span> 
     </span>
    </p>
   </div>
   <div class='ocr_carea' id='block_1_37' title="bbox 353 1997 2009 2080">
    <p class='ocr_par' dir='ltr' id='par_1_37' title="bbox 353 1997 2009 2080">
     <span class='ocr_line' id='line_1_37' title="bbox 353 1997 2009 2080; baseline 0.003 -25"><span class='ocrx_word' id='word_1_238' title='bbox 353 1997 412 2056; x_wconf 73' lang='grc' dir='ltr'>δὲ</span> <span class='ocrx_word' id='word_1_239' title='bbox 465 1998 829 2078; x_wconf 79' lang='grc' dir='ltr'>ὁδοιπορείτω</span> <span class='ocrx_word' id='word_1_240' title='bbox 887 2004 916 2058; x_wconf 93' lang='lat'>6</span> <span class='ocrx_word' id='word_1_241' title='bbox 974 2005 1297 2080; x_wconf 87' lang='grc' dir='ltr'>στρατηγὸς,</span> <span class='ocrx_word' id='word_1_242' title='bbox 1384 2005 1475 2060; x_wconf 84' lang='grc' dir='ltr'>καὶ</span> <span class='ocrx_word' id='word_1_243' title='bbox 1533 2009 1705 2060; x_wconf 85' lang='grc' dir='ltr'>πᾶσαν</span> <span class='ocrx_word' id='word_1_244' title='bbox 1782 2006 2009 2061; x_wconf 88' lang='grc' dir='ltr'>ποιείτω</span> 
     </span>
    </p>
   </div>
   <div class='ocr_carea' id='block_1_38' title="bbox 350 2089 2012 2169">
    <p class='ocr_par' dir='ltr' id='par_1_38' title="bbox 350 2089 2012 2169">
     <span class='ocr_line' id='line_1_38' title="bbox 350 2089 2012 2169; baseline 0.004 -25"><span class='ocrx_word' id='word_1_245' title='bbox 350 2089 648 2169; x_wconf 80' lang='grc' dir='ltr'>ἀσφάλειαν</span> <span class='ocrx_word' id='word_1_246' title='bbox 675 2096 773 2148; x_wconf 88' lang='grc' dir='ltr'>τοῦ</span> <span class='ocrx_word' id='word_1_247' title='bbox 818 2093 897 2166; x_wconf 82' lang='grc' dir='ltr'>μὴ</span> <span class='ocrx_word' id='word_1_248' title='bbox 957 2090 1358 2168; x_wconf 82' lang='grc' dir='ltr'>διαγνωσθῆναι</span> <span class='ocrx_word' id='word_1_249' title='bbox 1409 2094 1485 2157; x_wconf 87' lang='grc' dir='ltr'>ὡς</span> <span class='ocrx_word' id='word_1_250' title='bbox 1543 2089 1764 2160; x_wconf 74' lang='grc' dir='ltr'>ὄπισθεν</span> <span class='ocrx_word' id='word_1_251' title='bbox 1824 2095 2012 2159; x_wconf 81' lang='grc' dir='ltr'>αὐτοῖς</span> 
     </span>
    </p>
   </div>
   <div class='ocr_carea' id='block_1_39' title="bbox 347 2178 2010 2259">
    <p class='ocr_par' dir='ltr' id='par_1_39' title="bbox 347 2178 2010 2259">
     <span class='ocr_line' id='line_1_39' title="bbox 347 2178 2010 2259; baseline 0.001 -24"><span class='ocrx_word' id='word_1_252' title='bbox 347 2178 732 2237; x_wconf 78' lang='grc' dir='ltr'>ἐπακολουθεῖ·</span> <span class='ocrx_word' id='word_1_253' title='bbox 787 2179 916 2236; x_wconf 84' lang='grc' dir='ltr'>ἀλλ’</span> <span class='ocrx_word' id='word_1_254' title='bbox 983 2181 1244 2259; x_wconf 79' lang='grc' dir='ltr'>ἀσφαλῶς</span> <span class='ocrx_word' id='word_1_255' title='bbox 1333 2185 1429 2258; x_wconf 61' lang='grc' dir='ltr'>μὲν</span> <span class='ocrx_word' id='word_1_256' title='bbox 1512 2190 1853 2259; x_wconf 87' lang='grc' dir='ltr'>περιπατεῖν,</span> <span class='ocrx_word' id='word_1_257' title='bbox 1919 2184 2010 2240; x_wconf 83' lang='grc' dir='ltr'>καὶ</span> 
     </span>
    </p>
   </div>
   <div class='ocr_carea' id='block_1_40' title="bbox 342 2268 2012 2350">
    <p class='ocr_par' dir='ltr' id='par_1_40' title="bbox 342 2268 2012 2350">
     <span class='ocr_line' id='line_1_40' title="bbox 342 2268 2012 2350; baseline 0.002 -25"><span class='ocrx_word' id='word_1_258' title='bbox 342 2269 473 2334; x_wconf 83' lang='grc' dir='ltr'>τοὺς</span> <span class='ocrx_word' id='word_1_259' title='bbox 501 2268 741 2341; x_wconf 85' lang='grc' dir='ltr'>πλησίον</span> <span class='ocrx_word' id='word_1_260' title='bbox 784 2268 1072 2344; x_wconf 89' lang='grc' dir='ltr'>πολεμίων</span> <span class='ocrx_word' id='word_1_261' title='bbox 1130 2270 1648 2336; x_wconf 80' lang='grc' dir='ltr'>ἐπακολουθοῦντας</span> <span class='ocrx_word' id='word_1_262' title='bbox 1702 2272 2012 2350; x_wconf 72' lang='grc' dir='ltr'>παραγγέλ-</span> 
     </span>
    </p>
   </div>
   <div class='ocr_carea' id='block_1_41' title="bbox 344 2364 2010 2448">
    <p class='ocr_par' dir='ltr' id='par_1_41' title="bbox 344 2364 2010 2448">
     <span class='ocr_line' id='line_1_41' title="bbox 344 2364 2010 2448; baseline 0.002 -24"><span class='ocrx_word' id='word_1_263' title='bbox 344 2367 460 2424; x_wconf 91' lang='grc' dir='ltr'>λειν</span> <span class='ocrx_word' id='word_1_264' title='bbox 489 2364 732 2444; x_wconf 76' lang='grc' dir='ltr'>ἀκριϐῶς</span> <span class='ocrx_word' id='word_1_265' title='bbox 764 2371 1122 2439; x_wconf 84' lang='grc' dir='ltr'>ἀποσκοπεῖν,</span> <span class='ocrx_word' id='word_1_266' title='bbox 1157 2373 1235 2445; x_wconf 76' lang='grc' dir='ltr'>μὴ</span> <span class='ocrx_word' id='word_1_267' title='bbox 1279 2373 1489 2448; x_wconf 79' lang='grc' dir='ltr'>λόχους</span> <span class='ocrx_word' id='word_1_268' title='bbox 1541 2374 1692 2435; x_wconf 81' lang='grc' dir='ltr'>τινὰς</span> <span class='ocrx_word' id='word_1_269' title='bbox 1742 2374 1794 2428; x_wconf 75' lang='grc' dir='ltr'>οἱ</span> <span class='ocrx_word' id='word_1_270' title='bbox 1841 2371 2010 2428; x_wconf 87' lang='grc' dir='ltr'>πολέ-</span> 
     </span>
    </p>
   </div>
   <div class='ocr_carea' id='block_1_42' title="bbox 347 2459 2010 2535">
    <p class='ocr_par' dir='ltr' id='par_1_42' title="bbox 347 2459 2010 2535">
     <span class='ocr_line' id='line_1_42' title="bbox 347 2459 2010 2535; baseline 0 -20"><span class='ocrx_word' id='word_1_271' title='bbox 347 2481 467 2532; x_wconf 89' lang='grc' dir='ltr'>μιοι</span> <span class='ocrx_word' id='word_1_272' title='bbox 528 2459 932 2535; x_wconf 83' lang='grc' dir='ltr'>καταλείψωσιν</span> <span class='ocrx_word' id='word_1_273' title='bbox 986 2461 1062 2524; x_wconf 83' lang='grc' dir='ltr'>είς</span> <span class='ocrx_word' id='word_1_274' title='bbox 1118 2459 1336 2534; x_wconf 82' lang='grc' dir='ltr'>ἔνεδραν</span> <span class='ocrx_word' id='word_1_275' title='bbox 1382 2467 1492 2518; x_wconf 90' lang='grc' dir='ltr'>τῶν</span> <span class='ocrx_word' id='word_1_276' title='bbox 1549 2461 2010 2534; x_wconf 79' lang='grc' dir='ltr'>ιέπακολουθούν-</span> 
     </span>
    </p>
   </div>
   <div class='ocr_carea' id='block_1_43' title="bbox 342 2549 2012 2628">
    <p class='ocr_par' dir='ltr' id='par_1_43' title="bbox 342 2549 2012 2628">
     <span class='ocr_line' id='line_1_43' title="bbox 342 2549 2012 2628; baseline 0.001 -24"><span class='ocrx_word' id='word_1_277' title='bbox 342 2570 451 2604; x_wconf 92' lang='grc' dir='ltr'>των</span> <span class='ocrx_word' id='word_1_278' title='bbox 480 2549 667 2613; x_wconf 83' lang='grc' dir='ltr'>αὐτοῖς</span> <span class='ocrx_word' id='word_1_279' title='bbox 706 2549 800 2606; x_wconf 84' lang='grc' dir='ltr'>καὶ</span> <span class='ocrx_word' id='word_1_280' title='bbox 863 2550 1031 2606; x_wconf 70' lang='grc' dir='ltr'>αὐτοῦ</span> <span class='ocrx_word' id='word_1_281' title='bbox 1089 2556 1186 2606; x_wconf 91' lang='grc' dir='ltr'>τοῦ</span> <span class='ocrx_word' id='word_1_282' title='bbox 1245 2556 1572 2628; x_wconf 78' lang='grc' dir='ltr'>στρατηγοῦ.</span> <span class='ocrx_word' id='word_1_283' title='bbox 1633 2553 1805 2626; x_wconf 87' lang='grc' dir='ltr'>Ὅπερ</span> <span class='ocrx_word' id='word_1_284' title='bbox 1864 2551 2012 2627; x_wconf 85' lang='grc' dir='ltr'>παρᾶ</span> 
     </span>
    </p>
   </div>
   <div class='ocr_carea' id='block_1_44' title="bbox 346 2639 2007 2718">
    <p class='ocr_par' dir='ltr' id='par_1_44' title="bbox 346 2639 2007 2718">
     <span class='ocr_line' id='line_1_44' title="bbox 346 2639 2007 2718; baseline 0.002 -27"><span class='ocrx_word' id='word_1_285' title='bbox 346 2643 457 2692; x_wconf 87' lang='grc' dir='ltr'>τῶν</span> <span class='ocrx_word' id='word_1_286' title='bbox 490 2641 776 2714; x_wconf 83' lang='grc' dir='ltr'>Ταρσιτῶν</span> <span class='ocrx_word' id='word_1_287' title='bbox 807 2639 1084 2704; x_wconf 80' lang='grc' dir='ltr'>πολλάκις</span> <span class='ocrx_word' id='word_1_288' title='bbox 1132 2643 1343 2718; x_wconf 82' lang='grc' dir='ltr'>γέγονε.</span> <span class='ocrx_word' id='word_1_289' title='bbox 1405 2641 1507 2698; x_wconf 86' lang='grc' dir='ltr'>Καὶ</span> <span class='ocrx_word' id='word_1_290' title='bbox 1568 2641 2007 2697; x_wconf 81' lang='grc' dir='ltr'>ἐπακολουθοῦν-</span> 
     </span>
    </p>
   </div>
   <div class='ocr_carea' id='block_1_45' title="bbox 352 2727 2010 2808">
    <p class='ocr_par' dir='ltr' id='par_1_45' title="bbox 352 2727 2010 2808">
     <span class='ocr_line' id='line_1_45' title="bbox 352 2727 2010 2808; baseline 0.003 -26"><span class='ocrx_word' id='word_1_291' title='bbox 352 2748 447 2789; x_wconf 87' lang='grc' dir='ltr'>τος</span> <span class='ocrx_word' id='word_1_292' title='bbox 476 2727 656 2792; x_wconf 77' lang='grc' dir='ltr'>αὖτοῖς</span> <span class='ocrx_word' id='word_1_293' title='bbox 703 2734 800 2786; x_wconf 91' lang='grc' dir='ltr'>τοῦ</span> <span class='ocrx_word' id='word_1_294' title='bbox 852 2731 1234 2808; x_wconf 81' lang='grc' dir='ltr'>τουρμάρχου,</span> <span class='ocrx_word' id='word_1_295' title='bbox 1294 2732 1384 2789; x_wconf 85' lang='grc' dir='ltr'>καὶ</span> <span class='ocrx_word' id='word_1_296' title='bbox 1448 2734 1523 2806; x_wconf 83' lang='grc' dir='ltr'>μὴ</span> <span class='ocrx_word' id='word_1_297' title='bbox 1585 2729 1824 2808; x_wconf 79' lang='grc' dir='ltr'>ἀκριϐῶς</span> <span class='ocrx_word' id='word_1_298' title='bbox 1883 2731 2010 2794; x_wconf 78' lang='grc' dir='ltr'>τοὺς</span> 
     </span>
    </p>
   </div>
   <div class='ocr_carea' id='block_1_46' title="bbox 353 2811 2010 2898">
    <p class='ocr_par' dir='ltr' id='par_1_46' title="bbox 353 2811 2010 2898">
     <span class='ocr_line' id='line_1_46' title="bbox 353 2811 2010 2898; baseline 0.004 -27"><span class='ocrx_word' id='word_1_299' title='bbox 353 2811 658 2893; x_wconf 77' lang='grc' dir='ltr'>ἔμπροσθεν</span> <span class='ocrx_word' id='word_1_300' title='bbox 686 2825 1024 2886; x_wconf 86' lang='grc' dir='ltr'>σκοποῦντος</span> <span class='ocrx_word' id='word_1_301' title='bbox 1055 2822 1256 2898; x_wconf 78' lang='grc' dir='ltr'>ῥύακας</span> <span class='ocrx_word' id='word_1_302' title='bbox 1312 2823 1402 2878; x_wconf 83' lang='grc' dir='ltr'>καὶ</span> <span class='ocrx_word' id='word_1_303' title='bbox 1451 2821 1579 2885; x_wconf 80' lang='grc' dir='ltr'>τοὺς</span> <span class='ocrx_word' id='word_1_304' title='bbox 1632 2822 1834 2885; x_wconf 88' lang='grc' dir='ltr'>τόπους</span> <span class='ocrx_word' id='word_1_305' title='bbox 1881 2821 2010 2887; x_wconf 78' lang='grc' dir='ltr'>τοὺς</span> 
     </span>
    </p>
   </div>
   <div class='ocr_carea' id='block_1_47' title="bbox 349 2903 2012 2987">
    <p class='ocr_par' dir='ltr' id='par_1_47' title="bbox 349 2903 2012 2987">
     <span class='ocr_line' id='line_1_47' title="bbox 349 2903 2012 2987; baseline 0.003 -26"><span class='ocrx_word' id='word_1_306' title='bbox 349 2903 686 2980; x_wconf 79' lang='grc' dir='ltr'>δυναμένους</span> <span class='ocrx_word' id='word_1_307' title='bbox 719 2905 850 2964; x_wconf 87' lang='grc' dir='ltr'>λαὸν</span> <span class='ocrx_word' id='word_1_308' title='bbox 884 2908 1276 2985; x_wconf 83' lang='grc' dir='ltr'>ἀποκρύπτειν,</span> <span class='ocrx_word' id='word_1_309' title='bbox 1329 2910 1657 2986; x_wconf 86' lang='grc' dir='ltr'>άπροόπτως</span> <span class='ocrx_word' id='word_1_310' title='bbox 1708 2915 1778 2985; x_wconf 78' lang='grc' dir='ltr'>τῇ</span> <span class='ocrx_word' id='word_1_311' title='bbox 1823 2909 2012 2987; x_wconf 71' lang='grc' dir='ltr'>ἐνέδρᾳ</span> 
     </span>
    </p>
   </div>
   <div class='ocr_carea' id='block_1_48' title="bbox 343 2994 2007 3074">
    <p class='ocr_par' dir='ltr' id='par_1_48' title="bbox 343 2994 2007 3074">
     <span class='ocr_line' id='line_1_48' title="bbox 343 2994 2007 3074; baseline 0.003 -23"><span class='ocrx_word' id='word_1_312' title='bbox 343 2994 555 3052; x_wconf 88' lang='grc' dir='ltr'>τούτων</span> <span class='ocrx_word' id='word_1_313' title='bbox 611 2999 1084 3074; x_wconf 87' lang='grc' dir='ltr'>περιπεπτώκασι·</span> <span class='ocrx_word' id='word_1_314' title='bbox 1171 2999 1270 3055; x_wconf 87' lang='grc' dir='ltr'>Διά</span> <span class='ocrx_word' id='word_1_315' title='bbox 1318 3004 1486 3055; x_wconf 90' lang='grc' dir='ltr'>ταῦτα</span> <span class='ocrx_word' id='word_1_316' title='bbox 1555 2999 1778 3069; x_wconf 83' lang='grc' dir='ltr'>πολλῆς</span> <span class='ocrx_word' id='word_1_317' title='bbox 1837 2998 2007 3057; x_wconf 82' lang='grc' dir='ltr'>δεῖται</span> 
     </span>
    </p>
   </div>
   <div class='ocr_carea' id='block_1_49' title="bbox 343 3084 2007 3164">
    <p class='ocr_par' dir='ltr' id='par_1_49' title="bbox 343 3084 2007 3164">
     <span class='ocr_line' id='line_1_49' title="bbox 343 3084 2007 3164; baseline 0.003 -24"><span class='ocrx_word' id='word_1_318' title='bbox 343 3085 634 3162; x_wconf 85' lang='grc' dir='ltr'>ἀγχινοίας</span> <span class='ocrx_word' id='word_1_319' title='bbox 687 3089 780 3142; x_wconf 79' lang='grc' dir='ltr'>καὶ</span> <span class='ocrx_word' id='word_1_320' title='bbox 837 3084 1118 3158; x_wconf 74' lang='grc' dir='ltr'>ἀκριϐείας</span> <span class='ocrx_word' id='word_1_321' title='bbox 1176 3091 1205 3146; x_wconf 88' lang='lat'>6</span> <span class='ocrx_word' id='word_1_322' title='bbox 1285 3089 1694 3160; x_wconf 80' lang='grc' dir='ltr'>ἐπακολουθῶν,</span> <span class='ocrx_word' id='word_1_323' title='bbox 1777 3091 1869 3145; x_wconf 86' lang='grc' dir='ltr'>ἳνα</span> <span class='ocrx_word' id='word_1_324' title='bbox 1931 3092 2007 3164; x_wconf 86' lang='grc' dir='ltr'>μή</span> 
     </span>
    </p>
   </div>
   <div class='ocr_carea' id='block_1_50' title="bbox 340 3177 2003 3260">
    <p class='ocr_par' dir='ltr' id='par_1_50' title="bbox 340 3177 2003 3260">
     <span class='ocr_line' id='line_1_50' title="bbox 340 3177 2003 3260; baseline 0.002 -23"><span class='ocrx_word' id='word_1_325' title='bbox 340 3181 593 3238; x_wconf 87' lang='grc' dir='ltr'>τοιοῦτόν</span> <span class='ocrx_word' id='word_1_326' title='bbox 627 3202 679 3236; x_wconf 91' lang='grc' dir='ltr'>τι</span> <span class='ocrx_word' id='word_1_327' title='bbox 713 3177 898 3258; x_wconf 76' lang='grc' dir='ltr'>συμϐῇ</span> <span class='ocrx_word' id='word_1_328' title='bbox 947 3185 1214 3260; x_wconf 76' lang='grc' dir='ltr'>γενέσθαι.</span> <span class='ocrx_word' id='word_1_329' title='bbox 1273 3185 1390 3258; x_wconf 81' lang='grc' dir='ltr'>Πρὸ</span> <span class='ocrx_word' id='word_1_330' title='bbox 1449 3182 1507 3240; x_wconf 78' lang='grc' dir='ltr'>δὶ</span> <span class='ocrx_word' id='word_1_331' title='bbox 1560 3187 1658 3240; x_wconf 89' lang='grc' dir='ltr'>τοῦ</span> <span class='ocrx_word' id='word_1_332' title='bbox 1718 3181 2003 3260; x_wconf 89' lang='grc' dir='ltr'>διαυγάσαι</span> 
     </span>
    </p>
   </div>
   <div class='ocr_carea' id='block_1_51' title="bbox 343 3268 2006 3349">
    <p class='ocr_par' dir='ltr' id='par_1_51' title="bbox 343 3268 2006 3349">
     <span class='ocr_line' id='line_1_51' title="bbox 343 3268 2006 3349; baseline 0.003 -24"><span class='ocrx_word' id='word_1_333' title='bbox 343 3268 426 3325; x_wconf 86' lang='grc' dir='ltr'>δεῖ</span> <span class='ocrx_word' id='word_1_334' title='bbox 451 3272 548 3326; x_wconf 84' lang='grc' dir='ltr'>τὸν</span> <span class='ocrx_word' id='word_1_335' title='bbox 581 3271 908 3347; x_wconf 88' lang='grc' dir='ltr'>στρατηγὸν,</span> <span class='ocrx_word' id='word_1_336' title='bbox 941 3271 1055 3328; x_wconf 82' lang='grc' dir='ltr'>ἐπεὶ</span> <span class='ocrx_word' id='word_1_337' title='bbox 1106 3271 1300 3349; x_wconf 83' lang='grc' dir='ltr'>διέγνω</span> <span class='ocrx_word' id='word_1_338' title='bbox 1330 3275 1376 3312; x_wconf 85' lang='grc'>⁴⁰</span> <span class='ocrx_word' id='word_1_339' title='bbox 1403 3275 1465 3329; x_wconf 88' lang='grc' dir='ltr'>τὸ</span> <span class='ocrx_word' id='word_1_340' title='bbox 1495 3272 1548 3329; x_wconf 85' lang='grc' dir='ltr'>ἐν</span> <span class='ocrx_word' id='word_1_341' title='bbox 1580 3274 1763 3336; x_wconf 91' lang='grc' dir='ltr'>ποίοις</span> <span class='ocrx_word' id='word_1_342' title='bbox 1812 3274 2006 3339; x_wconf 87' lang='grc' dir='ltr'>τόποις</span> 
     </span>
    </p>
   </div>
   <div class='ocr_carea' id='block_1_52' title="bbox 343 3359 2002 3438">
    <p class='ocr_par' dir='ltr' id='par_1_52' title="bbox 343 3359 2002 3438">
     <span class='ocr_line' id='line_1_52' title="bbox 343 3359 2002 3438; baseline 0.004 -24"><span class='ocrx_word' id='word_1_343' title='bbox 343 3363 428 3432; x_wconf 83' lang='grc' dir='ltr'>[Ρ.</span> <span class='ocrx_word' id='word_1_344' title='bbox 473 3362 601 3436; x_wconf 87' lang='grc'>131]</span> <span class='ocrx_word' id='word_1_345' title='bbox 634 3359 724 3415; x_wconf 80' lang='grc' dir='ltr'>καὶ</span> <span class='ocrx_word' id='word_1_346' title='bbox 761 3361 996 3436; x_wconf 88' lang='grc' dir='ltr'>χωρίοις</span> <span class='ocrx_word' id='word_1_347' title='bbox 1054 3361 1300 3434; x_wconf 82' lang='grc' dir='ltr'>ἐξελάσαι</span> <span class='ocrx_word' id='word_1_348' title='bbox 1364 3362 1662 3438; x_wconf 70' lang='grc' dir='ltr'>μέλλουσιν</span> <span class='ocrx_word' id='word_1_349' title='bbox 1723 3364 1775 3419; x_wconf 77' lang='grc' dir='ltr'>οἳ</span> <span class='ocrx_word' id='word_1_350' title='bbox 1833 3362 2002 3420; x_wconf 84' lang='grc' dir='ltr'>πολὲ-</span> 
     </span>
    </p>
   </div>
   <div class='ocr_carea' id='block_1_53' title="bbox 344 3441 2001 3528">
    <p class='ocr_par' dir='ltr' id='par_1_53' title="bbox 344 3441 2001 3528">
     <span class='ocr_line' id='line_1_53' title="bbox 344 3441 2001 3528; baseline 0.002 -23"><span class='ocrx_word' id='word_1_351' title='bbox 344 3471 483 3522; x_wconf 85' lang='grc' dir='ltr'>μιοι,</span> <span class='ocrx_word' id='word_1_352' title='bbox 518 3441 801 3528; x_wconf 76' lang='grc' dir='ltr'>εἴτεδεξιά</span> <span class='ocrx_word' id='word_1_353' title='bbox 860 3449 967 3507; x_wconf 75' lang='grc' dir='ltr'>εἴτε</span> <span class='ocrx_word' id='word_1_354' title='bbox 1024 3451 1280 3526; x_wconf 77' lang='grc' dir='ltr'>εὐώνυμα</span> <span class='ocrx_word' id='word_1_355' title='bbox 1336 3453 1514 3509; x_wconf 82' lang='grc' dir='ltr'>αὐτῶν</span> <span class='ocrx_word' id='word_1_356' title='bbox 1585 3449 1885 3523; x_wconf 82' lang='grc' dir='ltr'>ἐπικλῖναι,</span> <span class='ocrx_word' id='word_1_357' title='bbox 1947 3453 2001 3509; x_wconf 89' lang='grc' dir='ltr'>ἐν</span> 
     </span>
    </p>
   </div>
   <div class='ocr_carea' id='block_1_54' title="bbox 343 3539 1998 3619">
    <p class='ocr_par' dir='ltr' id='par_1_54' title="bbox 343 3539 1998 3619">
     <span class='ocr_line' id='line_1_54' title="bbox 343 3539 1998 3619; baseline 0.004 -25"><span class='ocrx_word' id='word_1_358' title='bbox 343 3541 396 3594; x_wconf 82' lang='grc' dir='ltr'>οἴ</span> <span class='ocrx_word' id='word_1_359' title='bbox 451 3540 804 3616; x_wconf 80' lang='grc' dir='ltr'>ὀχυρώτερος</span> <span class='ocrx_word' id='word_1_360' title='bbox 856 3539 1002 3614; x_wconf 72' lang='grc' dir='ltr'>αὐτῷ</span> <span class='ocrx_word' id='word_1_361' title='bbox 1052 3543 1224 3605; x_wconf 90' lang='grc' dir='ltr'>τόπος</span> <span class='ocrx_word' id='word_1_362' title='bbox 1275 3549 1594 3619; x_wconf 78' lang='grc' dir='ltr'>καθορᾶται.</span> <span class='ocrx_word' id='word_1_363' title='bbox 1651 3546 1753 3601; x_wconf 82' lang='grc' dir='ltr'>Καὶ</span> <span class='ocrx_word' id='word_1_364' title='bbox 1817 3543 1998 3615; x_wconf 76' lang='grc' dir='ltr'>ὀξύτε-</span> 
     </span>
    </p>
   </div>
   <div class='ocr_carea' id='block_1_55' title="bbox 349 3629 1998 3709">
    <p class='ocr_par' dir='ltr' id='par_1_55' title="bbox 349 3629 1998 3709">
     <span class='ocr_line' id='line_1_55' title="bbox 349 3629 1998 3709; baseline 0.004 -27"><span class='ocrx_word' id='word_1_365' title='bbox 349 3649 438 3703; x_wconf 80' lang='grc' dir='ltr'>ρον</span> <span class='ocrx_word' id='word_1_366' title='bbox 502 3629 728 3705; x_wconf 83' lang='grc' dir='ltr'>βαδίσας</span> <span class='ocrx_word' id='word_1_367' title='bbox 788 3633 877 3688; x_wconf 78' lang='grc' dir='ltr'>καὶ</span> <span class='ocrx_word' id='word_1_368' title='bbox 933 3629 995 3688; x_wconf 87' lang='grc' dir='ltr'>ἐκ</span> <span class='ocrx_word' id='word_1_369' title='bbox 1051 3631 1287 3709; x_wconf 89' lang='grc' dir='ltr'>πλαγίου</span> <span class='ocrx_word' id='word_1_370' title='bbox 1349 3631 1526 3688; x_wconf 78' lang='grc' dir='ltr'>αὐτῶν</span> <span class='ocrx_word' id='word_1_371' title='bbox 1575 3633 1871 3709; x_wconf 87' lang='grc' dir='ltr'>γενόμενος</span> <span class='ocrx_word' id='word_1_372' title='bbox 1923 3635 1998 3697; x_wconf 85' lang='grc' dir='ltr'>ὡς</span> 
     </span>
    </p>
   </div>
   <div class='ocr_carea' id='block_1_56' title="bbox 351 3717 2000 3798">
    <p class='ocr_par' dir='ltr' id='par_1_56' title="bbox 351 3717 2000 3798">
     <span class='ocr_line' id='line_1_56' title="bbox 351 3717 2000 3798; baseline 0.004 -26"><span class='ocrx_word' id='word_1_373' title='bbox 351 3717 455 3773; x_wconf 85' lang='grc' dir='ltr'>ἀπὸ</span> <span class='ocrx_word' id='word_1_374' title='bbox 489 3719 682 3791; x_wconf 90' lang='grc' dir='ltr'>μιλίων</span> <span class='ocrx_word' id='word_1_375' title='bbox 718 3717 836 3794; x_wconf 85' lang='grc' dir='ltr'>δύο,</span> <span class='ocrx_word' id='word_1_376' title='bbox 869 3722 975 3796; x_wconf 85' lang='grc' dir='ltr'>πρὸ</span> <span class='ocrx_word' id='word_1_377' title='bbox 1006 3724 1104 3777; x_wconf 88' lang='grc' dir='ltr'>τοῦ</span> <span class='ocrx_word' id='word_1_378' title='bbox 1159 3722 1260 3790; x_wconf 81' lang='grc' dir='ltr'>τὴν</span> <span class='ocrx_word' id='word_1_379' title='bbox 1304 3721 1538 3797; x_wconf 61' lang='grc' dir='ltr'>ἡμέραν,</span> <span class='ocrx_word' id='word_1_380' title='bbox 1590 3722 1664 3784; x_wconf 83' lang='grc' dir='ltr'>ὡς</span> <span class='ocrx_word' id='word_1_381' title='bbox 1723 3721 2000 3798; x_wconf 72' lang='grc' dir='ltr'>λέλεκται,</span> 
     </span>
    </p>
   </div>
   <div class='ocr_carea' id='block_1_57' title="bbox 351 3803 2000 3887">
    <p class='ocr_par' dir='ltr' id='par_1_57' title="bbox 351 3803 2000 3887">
     <span class='ocr_line' id='line_1_57' title="bbox 351 3803 2000 3887; baseline 0.004 -26"><span class='ocrx_word' id='word_1_382' title='bbox 351 3803 649 3884; x_wconf 87' lang='grc' dir='ltr'>διαυγάσαι,</span> <span class='ocrx_word' id='word_1_383' title='bbox 680 3811 776 3865; x_wconf 85' lang='grc' dir='ltr'>ἳνα</span> <span class='ocrx_word' id='word_1_384' title='bbox 806 3811 884 3884; x_wconf 80' lang='grc' dir='ltr'>μὴ</span> <span class='ocrx_word' id='word_1_385' title='bbox 914 3809 1006 3866; x_wconf 83' lang='grc' dir='ltr'>τὸν</span> <span class='ocrx_word' id='word_1_386' title='bbox 1065 3810 1348 3887; x_wconf 88' lang='grc' dir='ltr'>κονιορτὸν</span> <span class='ocrx_word' id='word_1_387' title='bbox 1403 3812 1724 3884; x_wconf 82' lang='grc' dir='ltr'>θεασάμενοι</span> <span class='ocrx_word' id='word_1_388' title='bbox 1783 3813 1835 3867; x_wconf 80' lang='grc' dir='ltr'>οἱ</span> <span class='ocrx_word' id='word_1_389' title='bbox 1896 3833 2000 3868; x_wconf 86' lang='grc' dir='ltr'>πο-</span> 
     </span>
    </p>
   </div>
   <div class='ocr_carea' id='block_1_58' title="bbox 347 3893 1998 3977">
    <p class='ocr_par' dir='ltr' id='par_1_58' title="bbox 347 3893 1998 3977">
     <span class='ocr_line' id='line_1_58' title="bbox 347 3893 1998 3977; baseline 0.003 -26"><span class='ocrx_word' id='word_1_390' title='bbox 347 3893 533 3970; x_wconf 73' lang='grc' dir='ltr'>λέμιοι</span> <span class='ocrx_word' id='word_1_391' title='bbox 587 3900 689 3969; x_wconf 79' lang='grc' dir='ltr'>τὴν</span> <span class='ocrx_word' id='word_1_392' title='bbox 739 3898 1038 3974; x_wconf 86' lang='grc' dir='ltr'>παρουσίαν</span> <span class='ocrx_word' id='word_1_393' title='bbox 1093 3903 1190 3955; x_wconf 91' lang='grc' dir='ltr'>τοῦ</span> <span class='ocrx_word' id='word_1_394' title='bbox 1269 3904 1575 3977; x_wconf 74' lang='grc' dir='ltr'>στρατηγοῦ</span> <span class='ocrx_word' id='word_1_395' title='bbox 1633 3899 1998 3976; x_wconf 84' lang='grc' dir='ltr'>ἐπιγνώσωσι,</span> 
     </span>
    </p>
   </div>
   <div class='ocr_carea' id='block_1_59' title="bbox 339 3985 1997 4065">
    <p class='ocr_par' dir='ltr' id='par_1_59' title="bbox 339 3985 1997 4065">
     <span class='ocr_line' id='line_1_59' title="bbox 339 3985 1997 4065; baseline 0.002 -25"><span class='ocrx_word' id='word_1_396' title='bbox 339 3986 432 4040; x_wconf 86' lang='grc' dir='ltr'>τὸν</span> <span class='ocrx_word' id='word_1_397' title='bbox 486 3985 692 4064; x_wconf 82' lang='grc' dir='ltr'>ὀχυρὸν</span> <span class='ocrx_word' id='word_1_398' title='bbox 749 3986 918 4044; x_wconf 89' lang='grc' dir='ltr'>τόπον</span> <span class='ocrx_word' id='word_1_399' title='bbox 977 3989 1006 4044; x_wconf 93' lang='lat'>6</span> <span class='ocrx_word' id='word_1_400' title='bbox 1064 3989 1366 4065; x_wconf 89' lang='grc' dir='ltr'>στρατηγὸς</span> <span class='ocrx_word' id='word_1_401' title='bbox 1411 3985 1850 4063; x_wconf 79' lang='grc' dir='ltr'>καταλαμϐάνων</span> <span class='ocrx_word' id='word_1_402' title='bbox 1905 3991 1997 4046; x_wconf 88' lang='grc' dir='ltr'>τὸν</span> 
     </span>
    </p>
   </div>
   <div class='ocr_carea' id='block_1_60' title="bbox 337 4072 1998 4156">
    <p class='ocr_par' dir='ltr' id='par_1_60' title="bbox 337 4072 1998 4156">
     <span class='ocr_line' id='line_1_60' title="bbox 337 4072 1998 4156; baseline 0.003 -27"><span class='ocrx_word' id='word_1_403' title='bbox 337 4072 482 4130; x_wconf 81' lang='grc' dir='ltr'>ἳδιον</span> <span class='ocrx_word' id='word_1_404' title='bbox 565 4077 937 4152; x_wconf 79' lang='grc' dir='ltr'>ἀποκρυψάτω</span> <span class='ocrx_word' id='word_1_405' title='bbox 1004 4077 1155 4135; x_wconf 91' lang='grc' dir='ltr'>λαόν.</span> <span class='ocrx_word' id='word_1_406' title='bbox 1243 4078 1510 4141; x_wconf 85' lang='grc' dir='ltr'>Κάκεῖνος</span> <span class='ocrx_word' id='word_1_407' title='bbox 1598 4079 1714 4152; x_wconf 86' lang='grc' dir='ltr'>μετ’</span> <span class='ocrx_word' id='word_1_408' title='bbox 1792 4078 1998 4156; x_wconf 83' lang='grc' dir='ltr'>ὀλίγων</span> 
     </span>
    </p>
   </div>
   <div class='ocr_carea' id='block_1_61' title="bbox 338 4163 2001 4246">
    <p class='ocr_par' dir='ltr' id='par_1_61' title="bbox 338 4163 2001 4246">
     <span class='ocr_line' id='line_1_61' title="bbox 338 4163 2001 4246; baseline 0.002 -25"><span class='ocrx_word' id='word_1_409' title='bbox 338 4163 550 4222; x_wconf 77' lang='grc' dir='ltr'>ἱππέων</span> <span class='ocrx_word' id='word_1_410' title='bbox 605 4166 1002 4245; x_wconf 83' lang='grc' dir='ltr'>πλησιέστερον</span> <span class='ocrx_word' id='word_1_411' title='bbox 1080 4170 1315 4246; x_wconf 84' lang='grc' dir='ltr'>γενέσθω</span> <span class='ocrx_word' id='word_1_412' title='bbox 1368 4174 1482 4225; x_wconf 87' lang='grc' dir='ltr'>τῶν</span> <span class='ocrx_word' id='word_1_413' title='bbox 1547 4167 1854 4244; x_wconf 86' lang='grc' dir='ltr'>πολεμίων·</span> <span class='ocrx_word' id='word_1_414' title='bbox 1909 4169 2001 4225; x_wconf 81' lang='grc' dir='ltr'>καὶ</span> 
     </span>
    </p>
   </div>
   <div class='ocr_carea' id='block_1_62' title="bbox 339 4256 2003 4336">
    <p class='ocr_par' dir='ltr' id='par_1_62' title="bbox 339 4256 2003 4336">
     <span class='ocr_line' id='line_1_62' title="bbox 339 4256 2003 4336; baseline 0.002 -26"><span class='ocrx_word' id='word_1_415' title='bbox 339 4256 416 4318; x_wconf 87' lang='grc' dir='ltr'>είς</span> <span class='ocrx_word' id='word_1_416' title='bbox 475 4257 702 4332; x_wconf 78' lang='grc' dir='ltr'>ὑψηλὴν</span> <span class='ocrx_word' id='word_1_417' title='bbox 759 4259 1047 4334; x_wconf 76' lang='grc' dir='ltr'>περιωπήν</span> <span class='ocrx_word' id='word_1_418' title='bbox 1106 4258 1494 4336; x_wconf 89' lang='grc' dir='ltr'>ἀνερχόμενος,</span> <span class='ocrx_word' id='word_1_419' title='bbox 1567 4263 1818 4336; x_wconf 84' lang='grc' dir='ltr'>καθαρῶς</span> <span class='ocrx_word' id='word_1_420' title='bbox 1874 4259 2003 4335; x_wconf 80' lang='grc' dir='ltr'>ὁρᾷν</span> 
     </span>
    </p>
   </div>
   <div class='ocr_carea' id='block_1_63' title="bbox 335 4345 1999 4422">
    <p class='ocr_par' dir='ltr' id='par_1_63' title="bbox 335 4345 1999 4422">
     <span class='ocr_line' id='line_1_63' title="bbox 335 4345 1999 4422; baseline 0.001 -20"><span class='ocrx_word' id='word_1_421' title='bbox 335 4345 466 4411; x_wconf 76' lang='grc' dir='ltr'>τοὺς</span> <span class='ocrx_word' id='word_1_422' title='bbox 499 4345 808 4422; x_wconf 85' lang='grc' dir='ltr'>πολεμίους</span> <span class='ocrx_word' id='word_1_423' title='bbox 837 4349 1144 4407; x_wconf 84' lang='grc' dir='ltr'>σπευσάτω.</span> <span class='ocrx_word' id='word_1_424' title='bbox 1179 4350 1281 4408; x_wconf 84' lang='grc' dir='ltr'>Καὶ</span> <span class='ocrx_word' id='word_1_425' title='bbox 1337 4349 1544 4406; x_wconf 89' lang='grc' dir='ltr'>τούτων</span> <span class='ocrx_word' id='word_1_426' title='bbox 1596 4348 1674 4412; x_wconf 79' lang='grc' dir='ltr'>είς</span> <span class='ocrx_word' id='word_1_427' title='bbox 1732 4347 1999 4420; x_wconf 83' lang='grc' dir='ltr'>ἐξέλευσιν</span> 
     </span>
    </p>
   </div>
   <div class='ocr_carea' id='block_1_64' title="bbox 2117 1930 3776 2008">
    <p class='ocr_par' dir='ltr' id='par_1_64' title="bbox 2117 1930 3776 2008">
     <span class='ocr_line' id='line_1_64' title="bbox 2117 1930 3776 2008; baseline 0.007 -24"><span class='ocrx_word' id='word_1_428' title='bbox 2117 1930 2260 1998; x_wconf 89' lang='lat' dir='ltr'>rint,</span> <span class='ocrx_word' id='word_1_429' title='bbox 2294 1931 2370 1988; x_wconf 90' lang='lat' dir='ltr'>ad</span> <span class='ocrx_word' id='word_1_430' title='bbox 2400 1933 2785 2004; x_wconf 89' lang='lat' dir='ltr'>insequentes</span> <span class='ocrx_word' id='word_1_431' title='bbox 2816 1936 3132 2008; x_wconf 92' lang='lat' dir='ltr'>ipsumque</span> <span class='ocrx_word' id='word_1_432' title='bbox 3187 1938 3404 1994; x_wconf 92' lang='lat' dir='ltr'>ducem</span> <span class='ocrx_word' id='word_1_433' title='bbox 3448 1940 3776 1996; x_wconf 88' lang='lat' dir='ltr'>circumve-</span> 
     </span>
    </p>
   </div>
   <div class='ocr_carea' id='block_1_65' title="bbox 2118 2019 3767 2099">
    <p class='ocr_par' dir='ltr' id='par_1_65' title="bbox 2118 2019 3767 2099">
     <span class='ocr_line' id='line_1_65' title="bbox 2118 2019 3767 2099; baseline 0.007 -25"><span class='ocrx_word' id='word_1_434' title='bbox 2118 2019 2425 2077; x_wconf 90' lang='lat' dir='ltr'>niendum.</span> <span class='ocrx_word' id='word_1_435' title='bbox 2461 2023 2628 2088; x_wconf 92' lang='lat' dir='ltr'>Quod</span> <span class='ocrx_word' id='word_1_436' title='bbox 2659 2024 2722 2078; x_wconf 92' lang='lat' dir='ltr'>in</span> <span class='ocrx_word' id='word_1_437' title='bbox 2772 2025 3159 2082; x_wconf 90' lang='lat' dir='ltr'>Tarsensibus</span> <span class='ocrx_word' id='word_1_438' title='bbox 3218 2045 3373 2099; x_wconf 65' lang='lat' dir='ltr'>saepe</span> <span class='ocrx_word' id='word_1_439' title='bbox 3427 2045 3540 2084; x_wconf 92' lang='lat' dir='ltr'>usu</span> <span class='ocrx_word' id='word_1_440' title='bbox 3587 2031 3767 2087; x_wconf 90' lang='lat' dir='ltr'>venit.</span> 
     </span>
    </p>
   </div>
   <div class='ocr_carea' id='block_1_66' title="bbox 2117 2110 3766 2190">
    <p class='ocr_par' dir='ltr' id='par_1_66' title="bbox 2117 2110 3766 2190">
     <span class='ocr_line' id='line_1_66' title="bbox 2117 2110 3766 2190; baseline 0.007 -27"><span class='ocrx_word' id='word_1_441' title='bbox 2117 2110 2349 2164; x_wconf 91' lang='lat' dir='ltr'>Etenim</span> <span class='ocrx_word' id='word_1_442' title='bbox 2389 2112 2732 2168; x_wconf 90' lang='lat' dir='ltr'>turmarcha</span> <span class='ocrx_word' id='word_1_443' title='bbox 2787 2112 2922 2169; x_wconf 92' lang='lat' dir='ltr'>illos</span> <span class='ocrx_word' id='word_1_444' title='bbox 2979 2115 3304 2186; x_wconf 90' lang='lat' dir='ltr'>insequens</span> <span class='ocrx_word' id='word_1_445' title='bbox 3363 2133 3496 2172; x_wconf 91' lang='lat' dir='ltr'>cum</span> <span class='ocrx_word' id='word_1_446' title='bbox 3554 2136 3766 2190; x_wconf 90' lang='lat' dir='ltr'>parum</span> 
     </span>
    </p>
   </div>
   <div class='ocr_carea' id='block_1_67' title="bbox 2117 2197 3764 2277">
    <p class='ocr_par' dir='ltr' id='par_1_67' title="bbox 2117 2197 3764 2277">
     <span class='ocr_line' id='line_1_67' title="bbox 2117 2197 3764 2277; baseline 0.008 -25"><span class='ocrx_word' id='word_1_447' title='bbox 2117 2197 2436 2272; x_wconf 82' lang='lat' dir='ltr'>diligenter</span> <span class='ocrx_word' id='word_1_448' title='bbox 2482 2201 2636 2256; x_wconf 88' lang='lat' dir='ltr'>rivos</span> <span class='ocrx_word' id='word_1_449' title='bbox 2693 2207 2831 2258; x_wconf 91' lang='lat' dir='ltr'>ante</span> <span class='ocrx_word' id='word_1_450' title='bbox 2889 2220 2951 2259; x_wconf 90' lang='lat' dir='ltr'>se</span> <span class='ocrx_word' id='word_1_451' title='bbox 3007 2205 3255 2276; x_wconf 89' lang='lat' dir='ltr'>locaque</span> <span class='ocrx_word' id='word_1_452' title='bbox 3313 2223 3444 2277; x_wconf 73' lang='lat' dir='ltr'>quaa</span> <span class='ocrx_word' id='word_1_453' title='bbox 3501 2214 3764 2265; x_wconf 88' lang='lat' dir='ltr'>armatos</span> 
     </span>
    </p>
   </div>
   <div class='ocr_carea' id='block_1_68' title="bbox 2117 2288 3770 2365">
    <p class='ocr_par' dir='ltr' id='par_1_68' title="bbox 2117 2288 3770 2365">
     <span class='ocr_line' id='line_1_68' title="bbox 2117 2288 3770 2365; baseline 0.007 -23"><span class='ocrx_word' id='word_1_454' title='bbox 2117 2288 2310 2344; x_wconf 90' lang='lat' dir='ltr'>celare</span> <span class='ocrx_word' id='word_1_455' title='bbox 2335 2290 2983 2363; x_wconf 88' lang='lat' dir='ltr'>possentexplorasset,</span> <span class='ocrx_word' id='word_1_456' title='bbox 3010 2292 3080 2347; x_wconf 90' lang='lat' dir='ltr'>de</span> <span class='ocrx_word' id='word_1_457' title='bbox 3102 2294 3418 2365; x_wconf 89' lang='lat' dir='ltr'>improviso</span> <span class='ocrx_word' id='word_1_458' title='bbox 3440 2296 3502 2351; x_wconf 90' lang='lat' dir='ltr'>in</span> <span class='ocrx_word' id='word_1_459' title='bbox 3528 2296 3770 2354; x_wconf 90' lang='lat' dir='ltr'>illorum</span> 
     </span>
    </p>
   </div>
   <div class='ocr_carea' id='block_1_69' title="bbox 2116 2377 3775 2449">
    <p class='ocr_par' dir='ltr' id='par_1_69' title="bbox 2116 2377 3775 2449">
     <span class='ocr_line' id='line_1_69' title="bbox 2116 2377 3775 2449; baseline 0.007 -17"><span class='ocrx_word' id='word_1_460' title='bbox 2116 2377 2364 2434; x_wconf 87' lang='lat' dir='ltr'>insidias</span> <span class='ocrx_word' id='word_1_461' title='bbox 2396 2379 2740 2436; x_wconf 75' lang='lat' dir='ltr'>inolderunt</span> <span class='ocrx_word' id='word_1_462' title='bbox 2788 2383 2997 2438; x_wconf 88' lang='lat' dir='ltr'>nostri.</span> <span class='ocrx_word' id='word_1_463' title='bbox 3069 2384 3468 2449; x_wconf 88' lang='lat' dir='ltr'>Quamobrem</span> <span class='ocrx_word' id='word_1_464' title='bbox 3528 2387 3775 2444; x_wconf 89' lang='lat' dir='ltr'>solertia</span> 
     </span>
    </p>
   </div>
   <div class='ocr_carea' id='block_1_70' title="bbox 2115 2467 3772 2547">
    <p class='ocr_par' dir='ltr' id='par_1_70' title="bbox 2115 2467 3772 2547">
     <span class='ocr_line' id='line_1_70' title="bbox 2115 2467 3772 2547; baseline 0.007 -26"><span class='ocrx_word' id='word_1_465' title='bbox 2115 2473 2292 2538; x_wconf 90' lang='lat' dir='ltr'>atque</span> <span class='ocrx_word' id='word_1_466' title='bbox 2325 2467 2634 2541; x_wconf 88' lang='lat' dir='ltr'>diligentia</span> <span class='ocrx_word' id='word_1_467' title='bbox 2663 2487 2879 2542; x_wconf 89' lang='lat' dir='ltr'>magna</span> <span class='ocrx_word' id='word_1_468' title='bbox 2910 2471 2964 2525; x_wconf 62' lang='lat' dir='ltr'>ei</span> <span class='ocrx_word' id='word_1_469' title='bbox 2995 2473 3095 2543; x_wconf 90' lang='lat' dir='ltr'>qui</span> <span class='ocrx_word' id='word_1_470' title='bbox 3119 2473 3457 2544; x_wconf 89' lang='lat' dir='ltr'>insequitur</span> <span class='ocrx_word' id='word_1_471' title='bbox 3478 2492 3627 2547; x_wconf 91' lang='lat' dir='ltr'>opus</span> <span class='ocrx_word' id='word_1_472' title='bbox 3659 2483 3772 2547; x_wconf 89' lang='lat' dir='ltr'>est,</span> 
     </span>
    </p>
   </div>
   <div class='ocr_carea' id='block_1_71' title="bbox 2115 2557 3774 2634">
    <p class='ocr_par' dir='ltr' id='par_1_71' title="bbox 2115 2557 3774 2634">
     <span class='ocr_line' id='line_1_71' title="bbox 2115 2557 3774 2634; baseline 0.005 -24"><span class='ocrx_word' id='word_1_473' title='bbox 2115 2573 2190 2611; x_wconf 92' lang='lat' dir='ltr'>ne</span> <span class='ocrx_word' id='word_1_474' title='bbox 2224 2557 2519 2629; x_wconf 90' lang='lat' dir='ltr'>ejusmodi</span> <span class='ocrx_word' id='word_1_475' title='bbox 2579 2557 2724 2629; x_wconf 92' lang='lat' dir='ltr'>quid</span> <span class='ocrx_word' id='word_1_476' title='bbox 2777 2559 3028 2616; x_wconf 90' lang='lat' dir='ltr'>accidat.</span> <span class='ocrx_word' id='word_1_477' title='bbox 3089 2563 3429 2634; x_wconf 85' lang='lat' dir='ltr'>Antequam</span> <span class='ocrx_word' id='word_1_478' title='bbox 3489 2564 3774 2621; x_wconf 82' lang='lat' dir='ltr'>diluxerit</span> 
     </span>
    </p>
   </div>
   <div class='ocr_carea' id='block_1_72' title="bbox 2116 2637 3773 2726">
    <p class='ocr_par' dir='ltr' id='par_1_72' title="bbox 2116 2637 3773 2726">
     <span class='ocr_line' id='line_1_72' title="bbox 2116 2637 3773 2726; baseline 0.005 -27"><span class='ocrx_word' id='word_1_479' title='bbox 2116 2644 2328 2700; x_wconf 91' lang='lat' dir='ltr'>ducem</span> <span class='ocrx_word' id='word_1_480' title='bbox 2359 2651 2614 2718; x_wconf 86' lang='lat' dir='ltr'>oportet,</span> <span class='ocrx_word' id='word_1_481' title='bbox 2647 2637 2766 2702; x_wconf 19' lang='lat' dir='ltr'>ubi.</span> <span class='ocrx_word' id='word_1_482' title='bbox 2787 2649 2916 2720; x_wconf 82' lang='lat' dir='ltr'>jam</span> <span class='ocrx_word' id='word_1_483' title='bbox 2965 2651 3239 2721; x_wconf 79' lang='lat' dir='ltr'>cognovit</span> <span class='ocrx_word' id='word_1_484' title='bbox 3287 2669 3437 2723; x_wconf 91' lang='lat' dir='ltr'>quos</span> <span class='ocrx_word' id='word_1_485' title='bbox 3488 2653 3549 2708; x_wconf 91' lang='lat' dir='ltr'>in</span> <span class='ocrx_word' id='word_1_486' title='bbox 3603 2670 3773 2726; x_wconf 90' lang='lat' dir='ltr'>agros</span> 
     </span>
    </p>
   </div>
   <div class='ocr_carea' id='block_1_73' title="bbox 2114 2735 3774 2807">
    <p class='ocr_par' dir='ltr' id='par_1_73' title="bbox 2114 2735 3774 2807">
     <span class='ocr_line' id='line_1_73' title="bbox 2114 2735 3774 2807; baseline 0.005 -19"><span class='ocrx_word' id='word_1_487' title='bbox 2114 2735 2346 2790; x_wconf 87' lang='lat' dir='ltr'>vicosve</span> <span class='ocrx_word' id='word_1_488' title='bbox 2369 2737 2674 2791; x_wconf 90' lang='lat' dir='ltr'>excursuri</span> <span class='ocrx_word' id='word_1_489' title='bbox 2696 2737 2897 2793; x_wconf 89' lang='lat' dir='ltr'>hostes</span> <span class='ocrx_word' id='word_1_490' title='bbox 2919 2739 3060 2807; x_wconf 85' lang='lat' dir='ltr'>sint,</span> <span class='ocrx_word' id='word_1_491' title='bbox 3091 2740 3164 2795; x_wconf 90' lang='lat' dir='ltr'>ad</span> <span class='ocrx_word' id='word_1_492' title='bbox 3195 2739 3463 2796; x_wconf 87' lang='lat' dir='ltr'>dextram</span> <span class='ocrx_word' id='word_1_493' title='bbox 3495 2742 3774 2798; x_wconf 75' lang='lat' dir='ltr'>laavamve</span> 
     </span>
    </p>
   </div>
   <div class='ocr_carea' id='block_1_74' title="bbox 2117 2825 3777 2902">
    <p class='ocr_par' dir='ltr' id='par_1_74' title="bbox 2117 2825 3777 2902">
     <span class='ocr_line' id='line_1_74' title="bbox 2117 2825 3777 2902; baseline 0.004 -23"><span class='ocrx_word' id='word_1_494' title='bbox 2117 2841 2322 2880; x_wconf 91' lang='lat' dir='ltr'>eorum</span> <span class='ocrx_word' id='word_1_495' title='bbox 2355 2842 2418 2880; x_wconf 88' lang='lat' dir='ltr'>se</span> <span class='ocrx_word' id='word_1_496' title='bbox 2449 2825 2786 2894; x_wconf 88' lang='lat' dir='ltr'>deﬂectere,</span> <span class='ocrx_word' id='word_1_497' title='bbox 2817 2844 2936 2897; x_wconf 90' lang='lat' dir='ltr'>qua</span> <span class='ocrx_word' id='word_1_498' title='bbox 2965 2827 3164 2884; x_wconf 91' lang='lat' dir='ltr'>locum</span> <span class='ocrx_word' id='word_1_499' title='bbox 3196 2831 3383 2902; x_wconf 90' lang='lat' dir='ltr'>magis</span> <span class='ocrx_word' id='word_1_500' title='bbox 3414 2836 3628 2886; x_wconf 90' lang='lat' dir='ltr'>natura</span> <span class='ocrx_word' id='word_1_501' title='bbox 3649 2848 3777 2886; x_wconf 88' lang='lat' dir='ltr'>mu-</span> 
     </span>
    </p>
   </div>
   <div class='ocr_carea' id='block_1_75' title="bbox 2117 2915 3771 2990">
    <p class='ocr_par' dir='ltr' id='par_1_75' title="bbox 2117 2915 3771 2990">
     <span class='ocr_line' id='line_1_75' title="bbox 2117 2915 3771 2990; baseline 0.004 -21"><span class='ocrx_word' id='word_1_502' title='bbox 2117 2915 2310 2970; x_wconf 91' lang='lat' dir='ltr'>nitum</span> <span class='ocrx_word' id='word_1_503' title='bbox 2341 2915 2737 2986; x_wconf 88' lang='lat' dir='ltr'>conspicatur.</span> <span class='ocrx_word' id='word_1_504' title='bbox 2768 2917 2838 2970; x_wconf 88' lang='lat' dir='ltr'>Et</span> <span class='ocrx_word' id='word_1_505' title='bbox 2867 2917 3116 2974; x_wconf 90' lang='lat' dir='ltr'>citatum</span> <span class='ocrx_word' id='word_1_506' title='bbox 3143 2934 3358 2990; x_wconf 87' lang='lat' dir='ltr'>agmen</span> <span class='ocrx_word' id='word_1_507' title='bbox 3390 2919 3543 2975; x_wconf 73' lang='lat'><strong>203</strong></span> <span class='ocrx_word' id='word_1_508' title='bbox 3578 2920 3650 2975; x_wconf 92' lang='lat' dir='ltr'>ad</span> <span class='ocrx_word' id='word_1_509' title='bbox 3684 2921 3771 2976; x_wconf 92' lang='lat' dir='ltr'>la-</span> 
     </span>
    </p>
   </div>
   <div class='ocr_carea' id='block_1_76' title="bbox 2119 3003 3771 3076">
    <p class='ocr_par' dir='ltr' id='par_1_76' title="bbox 2119 3003 3771 3076">
     <span class='ocr_line' id='line_1_76' title="bbox 2119 3003 3771 3076; baseline 0.003 -18"><span class='ocrx_word' id='word_1_510' title='bbox 2119 3009 2211 3058; x_wconf 91' lang='lat' dir='ltr'>tus</span> <span class='ocrx_word' id='word_1_511' title='bbox 2238 3020 2443 3058; x_wconf 92' lang='lat' dir='ltr'>eorum</span> <span class='ocrx_word' id='word_1_512' title='bbox 2474 3003 2861 3074; x_wconf 89' lang='lat' dir='ltr'>detorquens,</span> <span class='ocrx_word' id='word_1_513' title='bbox 2897 3011 3219 3076; x_wconf 89' lang='lat' dir='ltr'>antequam</span> <span class='ocrx_word' id='word_1_514' title='bbox 3276 3007 3622 3071; x_wconf 90' lang='lat' dir='ltr'>dilucescat,</span> <span class='ocrx_word' id='word_1_515' title='bbox 3655 3009 3771 3064; x_wconf 86' lang='lat' dir='ltr'>sic-</span> 
     </span>
    </p>
   </div>
   <div class='ocr_carea' id='block_1_77' title="bbox 2117 3092 3771 3167">
    <p class='ocr_par' dir='ltr' id='par_1_77' title="bbox 2117 3092 3771 3167">
     <span class='ocr_line' id='line_1_77' title="bbox 2117 3092 3771 3167; baseline 0.004 -21"><span class='ocrx_word' id='word_1_516' title='bbox 2117 3092 2202 3147; x_wconf 89' lang='lat' dir='ltr'>uti</span> <span class='ocrx_word' id='word_1_517' title='bbox 2235 3092 2514 3163; x_wconf 86' lang='lat' dir='ltr'>diximus,</span> <span class='ocrx_word' id='word_1_518' title='bbox 2538 3109 2612 3148; x_wconf 90' lang='lat' dir='ltr'>ne</span> <span class='ocrx_word' id='word_1_519' title='bbox 2635 3093 3046 3150; x_wconf 87' lang='lat' dir='ltr'>animadverso</span> <span class='ocrx_word' id='word_1_520' title='bbox 3074 3095 3314 3167; x_wconf 85' lang='lat' dir='ltr'>pulvere</span> <span class='ocrx_word' id='word_1_521' title='bbox 3342 3097 3544 3152; x_wconf 91' lang='lat' dir='ltr'>hostes</span> <span class='ocrx_word' id='word_1_522' title='bbox 3557 3097 3771 3154; x_wconf 90' lang='lat' dir='ltr'>ducem</span> 
     </span>
    </p>
   </div>
   <div class='ocr_carea' id='block_1_78' title="bbox 2119 3180 3772 3257">
    <p class='ocr_par' dir='ltr' id='par_1_78' title="bbox 2119 3180 3772 3257">
     <span class='ocr_line' id='line_1_78' title="bbox 2119 3180 3772 3257; baseline 0.004 -22"><span class='ocrx_word' id='word_1_523' title='bbox 2119 3180 2326 3236; x_wconf 85' lang='lat' dir='ltr'>adesse</span> <span class='ocrx_word' id='word_1_524' title='bbox 2359 3180 2718 3253; x_wconf 83' lang='lat' dir='ltr'>intelligant,</span> <span class='ocrx_word' id='word_1_525' title='bbox 2776 3181 2908 3239; x_wconf 91' lang='lat' dir='ltr'>loco</span> <span class='ocrx_word' id='word_1_526' title='bbox 2967 3183 3199 3239; x_wconf 92' lang='lat' dir='ltr'>munito</span> <span class='ocrx_word' id='word_1_527' title='bbox 3257 3191 3543 3257; x_wconf 91' lang='lat' dir='ltr'>occupato</span> <span class='ocrx_word' id='word_1_528' title='bbox 3603 3203 3772 3242; x_wconf 88' lang='lat' dir='ltr'>suam</span> 
     </span>
    </p>
   </div>
   <div class='ocr_carea' id='block_1_79' title="bbox 2118 3270 3772 3348">
    <p class='ocr_par' dir='ltr' id='par_1_79' title="bbox 2118 3270 3772 3348">
     <span class='ocr_line' id='line_1_79' title="bbox 2118 3270 3772 3348; baseline 0.005 -24"><span class='ocrx_word' id='word_1_529' title='bbox 2118 3270 2199 3325; x_wconf 91' lang='lat' dir='ltr'>ibi</span> <span class='ocrx_word' id='word_1_530' title='bbox 2225 3286 2472 3326; x_wconf 91' lang='lat' dir='ltr'>manum</span> <span class='ocrx_word' id='word_1_531' title='bbox 2503 3271 2700 3327; x_wconf 91' lang='lat' dir='ltr'>abdat.</span> <span class='ocrx_word' id='word_1_532' title='bbox 2733 3271 2875 3328; x_wconf 90' lang='lat' dir='ltr'>Inde</span> <span class='ocrx_word' id='word_1_533' title='bbox 2906 3289 3042 3328; x_wconf 90' lang='lat' dir='ltr'>cum</span> <span class='ocrx_word' id='word_1_534' title='bbox 3071 3275 3276 3345; x_wconf 86' lang='lat' dir='ltr'>paucis</span> <span class='ocrx_word' id='word_1_535' title='bbox 3298 3275 3600 3347; x_wconf 89' lang='lat' dir='ltr'>equitibus</span> <span class='ocrx_word' id='word_1_536' title='bbox 3631 3293 3772 3348; x_wconf 85' lang='lat' dir='ltr'>pro-</span> 
     </span>
    </p>
   </div>
   <div class='ocr_carea' id='block_1_80' title="bbox 2111 3360 3772 3437">
    <p class='ocr_par' dir='ltr' id='par_1_80' title="bbox 2111 3360 3772 3437">
     <span class='ocr_line' id='line_1_80' title="bbox 2111 3360 3772 3437; baseline 0.005 -23"><span class='ocrx_word' id='word_1_537' title='bbox 2111 3360 2246 3432; x_wconf 90' lang='lat' dir='ltr'>pius</span> <span class='ocrx_word' id='word_1_538' title='bbox 2277 3360 2646 3417; x_wconf 83' lang='lat' dir='ltr'>adversarios</span> <span class='ocrx_word' id='word_1_539' title='bbox 2703 3361 2968 3430; x_wconf 84' lang='lat' dir='ltr'>accedat,</span> <span class='ocrx_word' id='word_1_540' title='bbox 3028 3369 3088 3420; x_wconf 93' lang='lat' dir='ltr'>et</span> <span class='ocrx_word' id='word_1_541' title='bbox 3145 3381 3474 3421; x_wconf 90' lang='lat' dir='ltr'>conscensa</span> <span class='ocrx_word' id='word_1_542' title='bbox 3530 3366 3772 3437; x_wconf 88' lang='lat' dir='ltr'>specula</span> 
     </span>
    </p>
   </div>
   <div class='ocr_carea' id='block_1_81' title="bbox 2113 3450 3766 3527">
    <p class='ocr_par' dir='ltr' id='par_1_81' title="bbox 2113 3450 3766 3527">
     <span class='ocr_line' id='line_1_81' title="bbox 2113 3450 3766 3527; baseline 0.003 -20"><span class='ocrx_word' id='word_1_543' title='bbox 2113 3450 2272 3507; x_wconf 90' lang='lat' dir='ltr'>edita</span> <span class='ocrx_word' id='word_1_544' title='bbox 2302 3450 2402 3506; x_wconf 92' lang='lat' dir='ltr'>det</span> <span class='ocrx_word' id='word_1_545' title='bbox 2432 3468 2697 3524; x_wconf 91' lang='lat' dir='ltr'>operam,</span> <span class='ocrx_word' id='word_1_546' title='bbox 2730 3457 2798 3507; x_wconf 91' lang='lat' dir='ltr'>ut</span> <span class='ocrx_word' id='word_1_547' title='bbox 2829 3451 3121 3524; x_wconf 89' lang='lat' dir='ltr'>dispicere</span> <span class='ocrx_word' id='word_1_548' title='bbox 3154 3454 3311 3510; x_wconf 86' lang='lat' dir='ltr'>clare</span> <span class='ocrx_word' id='word_1_549' title='bbox 3341 3455 3542 3512; x_wconf 90' lang='lat' dir='ltr'>hostes</span> <span class='ocrx_word' id='word_1_550' title='bbox 3565 3461 3766 3527; x_wconf 89' lang='lat' dir='ltr'>queat.</span> 
     </span>
    </p>
   </div>
   <div class='ocr_carea' id='block_1_82' title="bbox 2112 3543 3769 3619">
    <p class='ocr_par' dir='ltr' id='par_1_82' title="bbox 2112 3543 3769 3619">
     <span class='ocr_line' id='line_1_82' title="bbox 2112 3543 3769 3619; baseline 0.004 -21"><span class='ocrx_word' id='word_1_551' title='bbox 2112 3543 2335 3610; x_wconf 88' lang='lat' dir='ltr'>Quibus</span> <span class='ocrx_word' id='word_1_552' title='bbox 2348 3543 2422 3599; x_wconf 93' lang='lat' dir='ltr'>ad</span> <span class='ocrx_word' id='word_1_553' title='bbox 2438 3544 2850 3600; x_wconf 91' lang='lat' dir='ltr'>excursionem</span> <span class='ocrx_word' id='word_1_554' title='bbox 2867 3545 3121 3617; x_wconf 88' lang='lat' dir='ltr'>egressis</span> <span class='ocrx_word' id='word_1_555' title='bbox 3145 3546 3574 3619; x_wconf 65' lang='lat' dir='ltr'>praedandique</span> <span class='ocrx_word' id='word_1_556' title='bbox 3587 3564 3769 3604; x_wconf 91' lang='lat' dir='ltr'>causa</span> 
     </span>
    </p>
   </div>
   <div class='ocr_carea' id='block_1_83' title="bbox 2112 3631 3770 3706">
    <p class='ocr_par' dir='ltr' id='par_1_83' title="bbox 2112 3631 3770 3706">
     <span class='ocr_line' id='line_1_83' title="bbox 2112 3631 3770 3706; baseline 0.002 -19"><span class='ocrx_word' id='word_1_557' title='bbox 2112 3631 2436 3704; x_wconf 88' lang='lat' dir='ltr'>dissipatis,</span> <span class='ocrx_word' id='word_1_558' title='bbox 2468 3631 2586 3687; x_wconf 90' lang='lat' dir='ltr'>dux</span> <span class='ocrx_word' id='word_1_559' title='bbox 2617 3648 2723 3687; x_wconf 91' lang='lat' dir='ltr'>suo</span> <span class='ocrx_word' id='word_1_560' title='bbox 2786 3649 2848 3688; x_wconf 89' lang='lat' dir='ltr'>se</span> <span class='ocrx_word' id='word_1_561' title='bbox 2904 3633 3034 3688; x_wconf 93' lang='lat' dir='ltr'>loco</span> <span class='ocrx_word' id='word_1_562' title='bbox 3093 3634 3397 3690; x_wconf 88' lang='lat' dir='ltr'>contineat</span> <span class='ocrx_word' id='word_1_563' title='bbox 3448 3651 3636 3706; x_wconf 91' lang='lat' dir='ltr'>usque</span> <span class='ocrx_word' id='word_1_564' title='bbox 3692 3636 3770 3692; x_wconf 91' lang='lat' dir='ltr'>ad</span> 
     </span>
    </p>
   </div>
   <div class='ocr_carea' id='block_1_84' title="bbox 2112 3721 3771 3792">
    <p class='ocr_par' dir='ltr' id='par_1_84' title="bbox 2112 3721 3771 3792">
     <span class='ocr_line' id='line_1_84' title="bbox 2112 3721 3771 3792; baseline 0.003 -16"><span class='ocrx_word' id='word_1_565' title='bbox 2112 3721 2351 3777; x_wconf 91' lang='lat' dir='ltr'>tertiam</span> <span class='ocrx_word' id='word_1_566' title='bbox 2376 3721 2468 3777; x_wconf 87' lang='lat' dir='ltr'>vel</span> <span class='ocrx_word' id='word_1_567' title='bbox 2501 3728 2774 3792; x_wconf 89' lang='lat' dir='ltr'>quartam</span> <span class='ocrx_word' id='word_1_568' title='bbox 2808 3721 2924 3777; x_wconf 90' lang='lat' dir='ltr'>diei</span> <span class='ocrx_word' id='word_1_569' title='bbox 2956 3723 3188 3792; x_wconf 90' lang='lat' dir='ltr'>horam,</span> <span class='ocrx_word' id='word_1_570' title='bbox 3223 3724 3304 3780; x_wconf 91' lang='lat' dir='ltr'>ita</span> <span class='ocrx_word' id='word_1_571' title='bbox 3328 3730 3394 3780; x_wconf 87' lang='lat' dir='ltr'>ut</span> <span class='ocrx_word' id='word_1_572' title='bbox 3415 3725 3602 3782; x_wconf 90' lang='lat' dir='ltr'>aciem</span> <span class='ocrx_word' id='word_1_573' title='bbox 3626 3743 3771 3781; x_wconf 89' lang='lat' dir='ltr'>con-</span> 
     </span>
    </p>
   </div>
   <div class='ocr_carea' id='block_1_85' title="bbox 2113 3810 3770 3885">
    <p class='ocr_par' dir='ltr' id='par_1_85' title="bbox 2113 3810 3770 3885">
     <span class='ocr_line' id='line_1_85' title="bbox 2113 3810 3770 3885; baseline 0.002 -20"><span class='ocrx_word' id='word_1_574' title='bbox 2113 3810 2336 3866; x_wconf 89' lang='lat' dir='ltr'>sideret</span> <span class='ocrx_word' id='word_1_575' title='bbox 2388 3811 2628 3879; x_wconf 67' lang='lat' dir='ltr'>Amiraa,</span> <span class='ocrx_word' id='word_1_576' title='bbox 2689 3828 3127 3884; x_wconf 88' lang='lat' dir='ltr'>numerumque</span> <span class='ocrx_word' id='word_1_577' title='bbox 3186 3813 3493 3885; x_wconf 92' lang='lat' dir='ltr'>copiarum</span> <span class='ocrx_word' id='word_1_578' title='bbox 3546 3819 3770 3870; x_wconf 77' lang='lat' dir='ltr'>attento</span> 
     </span>
    </p>
   </div>
   <div class='ocr_carea' id='block_1_86' title="bbox 2113 3899 3771 3976">
    <p class='ocr_par' dir='ltr' id='par_1_86' title="bbox 2113 3899 3771 3976">
     <span class='ocr_line' id='line_1_86' title="bbox 2113 3899 3771 3976; baseline 0.003 -22"><span class='ocrx_word' id='word_1_579' title='bbox 2113 3899 2390 3955; x_wconf 67' lang='lat' dir='ltr'>mstimet.</span> <span class='ocrx_word' id='word_1_580' title='bbox 2417 3899 2527 3954; x_wconf 91' lang='lat' dir='ltr'>Sed</span> <span class='ocrx_word' id='word_1_581' title='bbox 2551 3899 2651 3955; x_wconf 93' lang='lat' dir='ltr'>ubi</span> <span class='ocrx_word' id='word_1_582' title='bbox 2678 3915 3026 3956; x_wconf 90' lang='lat' dir='ltr'>excursores</span> <span class='ocrx_word' id='word_1_583' title='bbox 3053 3901 3289 3974; x_wconf 89' lang='lat' dir='ltr'>longius</span> <span class='ocrx_word' id='word_1_584' title='bbox 3319 3919 3353 3958; x_wconf 94' lang='lat' dir='ltr'>a</span> <span class='ocrx_word' id='word_1_585' title='bbox 3379 3903 3563 3976; x_wconf 85' lang='lat' dir='ltr'>signis</span> <span class='ocrx_word' id='word_1_586' title='bbox 3600 3904 3771 3959; x_wconf 64' lang='lat' dir='ltr'>aemi-</span> 
     </span>
    </p>
   </div>
   <div class='ocr_carea' id='block_1_87' title="bbox 2112 3989 3771 4064">
    <p class='ocr_par' dir='ltr' id='par_1_87' title="bbox 2112 3989 3771 4064">
     <span class='ocr_line' id='line_1_87' title="bbox 2112 3989 3771 4064; baseline 0.001 -19"><span class='ocrx_word' id='word_1_587' title='bbox 2112 4009 2192 4046; x_wconf 70' lang='grc' dir='ltr'>τω</span> <span class='ocrx_word' id='word_1_588' title='bbox 2226 3989 2667 4045; x_wconf 91' lang='lat' dir='ltr'>discesserunt:</span> <span class='ocrx_word' id='word_1_589' title='bbox 2700 3991 2938 4062; x_wconf 89' lang='lat' dir='ltr'>quando</span> <span class='ocrx_word' id='word_1_590' title='bbox 2966 3991 3094 4045; x_wconf 84' lang='lat' dir='ltr'>fieri</span> <span class='ocrx_word' id='word_1_591' title='bbox 3127 4009 3248 4046; x_wconf 90' lang='lat' dir='ltr'>non</span> <span class='ocrx_word' id='word_1_592' title='bbox 3294 3997 3510 4064; x_wconf 88' lang='lat' dir='ltr'>potest,</span> <span class='ocrx_word' id='word_1_593' title='bbox 3560 3999 3627 4047; x_wconf 91' lang='lat' dir='ltr'>ut</span> <span class='ocrx_word' id='word_1_594' title='bbox 3677 3993 3771 4047; x_wconf 91' lang='lat' dir='ltr'>vel</span> 
     </span>
    </p>
   </div>
   <div class='ocr_carea' id='block_1_88' title="bbox 2111 4079 3772 4152">
    <p class='ocr_par' dir='ltr' id='par_1_88' title="bbox 2111 4079 3772 4152">
     <span class='ocr_line' id='line_1_88' title="bbox 2111 4079 3772 4152; baseline 0.001 -18"><span class='ocrx_word' id='word_1_595' title='bbox 2111 4079 2328 4151; x_wconf 84' lang='lat' dir='ltr'>redire,</span> <span class='ocrx_word' id='word_1_596' title='bbox 2361 4079 2452 4136; x_wconf 88' lang='lat' dir='ltr'>vel</span> <span class='ocrx_word' id='word_1_597' title='bbox 2475 4079 2735 4151; x_wconf 91' lang='lat' dir='ltr'>denique</span> <span class='ocrx_word' id='word_1_598' title='bbox 2758 4080 3033 4152; x_wconf 64' lang='lat' dir='ltr'>praelium</span> <span class='ocrx_word' id='word_1_599' title='bbox 3055 4097 3190 4136; x_wconf 89' lang='lat' dir='ltr'>cum</span> <span class='ocrx_word' id='word_1_600' title='bbox 3213 4081 3338 4136; x_wconf 90' lang='lat' dir='ltr'>acie</span> <span class='ocrx_word' id='word_1_601' title='bbox 3360 4082 3578 4136; x_wconf 70' lang='lat' dir='ltr'>Amirae</span> <span class='ocrx_word' id='word_1_602' title='bbox 3606 4099 3772 4137; x_wconf 92' lang='lat' dir='ltr'>com-</span> 
     </span>
    </p>
   </div>
   <div class='ocr_carea' id='block_1_89' title="bbox 2113 4168 3772 4240">
    <p class='ocr_par' dir='ltr' id='par_1_89' title="bbox 2113 4168 3772 4240">
     <span class='ocr_line' id='line_1_89' title="bbox 2113 4168 3772 4240; baseline 0.001 -16"><span class='ocrx_word' id='word_1_603' title='bbox 2113 4170 2365 4225; x_wconf 91' lang='lat' dir='ltr'>missum</span> <span class='ocrx_word' id='word_1_604' title='bbox 2383 4168 2855 4224; x_wconf 87' lang='lat' dir='ltr'>animadvertere</span> <span class='ocrx_word' id='word_1_605' title='bbox 2883 4175 3124 4240; x_wconf 91' lang='lat' dir='ltr'>queant,</span> <span class='ocrx_word' id='word_1_606' title='bbox 3149 4170 3418 4240; x_wconf 90' lang='lat' dir='ltr'>quolibet</span> <span class='ocrx_word' id='word_1_607' title='bbox 3438 4176 3670 4238; x_wconf 92' lang='lat' dir='ltr'>ruente,</span> <span class='ocrx_word' id='word_1_608' title='bbox 3703 4177 3772 4226; x_wconf 92' lang='lat' dir='ltr'>ut</span> 
     </span>
    </p>
   </div>
   <div class='ocr_carea' id='block_1_90' title="bbox 2112 4258 3768 4330">
    <p class='ocr_par' dir='ltr' id='par_1_90' title="bbox 2112 4258 3768 4330">
     <span class='ocr_line' id='line_1_90' title="bbox 2112 4258 3768 4330; baseline 0.001 -17"><span class='ocrx_word' id='word_1_609' title='bbox 2112 4260 2256 4314; x_wconf 88' lang='lat' dir='ltr'>vicis</span> <span class='ocrx_word' id='word_1_610' title='bbox 2295 4258 2598 4330; x_wconf 89' lang='lat' dir='ltr'>occupatis</span> <span class='ocrx_word' id='word_1_611' title='bbox 2651 4258 2915 4330; x_wconf 71' lang='lat' dir='ltr'>praedam</span> <span class='ocrx_word' id='word_1_612' title='bbox 2974 4259 3482 4330; x_wconf 86' lang='lat' dir='ltr'>quamplurimam</span> <span class='ocrx_word' id='word_1_613' title='bbox 3534 4259 3768 4330; x_wconf 83' lang='lat' dir='ltr'>capiat;</span> 
     </span>
    </p>
   </div>
   <div class='ocr_carea' id='block_1_91' title="bbox 2114 4347 3769 4423">
    <p class='ocr_par' dir='ltr' id='par_1_91' title="bbox 2114 4347 3769 4423">
     <span class='ocr_line' id='line_1_91' title="bbox 2114 4347 3769 4423; baseline -0.001 -18"><span class='ocrx_word' id='word_1_614' title='bbox 2114 4351 2236 4406; x_wconf 90' lang='lat' dir='ltr'>suis</span> <span class='ocrx_word' id='word_1_615' title='bbox 2262 4348 2472 4405; x_wconf 88' lang='lat' dir='ltr'>turmis</span> <span class='ocrx_word' id='word_1_616' title='bbox 2487 4348 2910 4405; x_wconf 87' lang='lat' dir='ltr'>convenienter</span> <span class='ocrx_word' id='word_1_617' title='bbox 2921 4347 3231 4404; x_wconf 83' lang='lat' dir='ltr'>instructis</span> <span class='ocrx_word' id='word_1_618' title='bbox 3249 4348 3310 4402; x_wconf 92' lang='lat' dir='ltr'>in</span> <span class='ocrx_word' id='word_1_619' title='bbox 3323 4347 3512 4404; x_wconf 90' lang='lat' dir='ltr'>aciem</span> <span class='ocrx_word' id='word_1_620' title='bbox 3527 4347 3769 4423; x_wconf 69' lang='lat' dir='ltr'>Amiraa,</span> 
     </span>
    </p>
   </div>
   <div class='ocr_carea' id='block_1_92' title="bbox 1554 4527 2549 4588">
    <p class='ocr_par' dir='ltr' id='par_1_92' title="bbox 1554 4527 2549 4588">
     <span class='ocr_line' id='line_1_92' title="bbox 1554 4527 2549 4588; baseline -0.001 -1"><span class='ocrx_word' id='word_1_621' title='bbox 1554 4530 1615 4588; x_wconf 92' lang='lat' dir='ltr'>C.</span> <span class='ocrx_word' id='word_1_622' title='bbox 1658 4530 1723 4586; x_wconf 89' lang='grc' dir='ltr'>Β.</span> <span class='ocrx_word' id='word_1_623' title='bbox 1763 4529 1951 4586; x_wconf 85' lang='lat' dir='ltr'><strong>HASII</strong></span> <span class='ocrx_word' id='word_1_624' title='bbox 1989 4527 2549 4586; x_wconf 78' lang='lat' dir='ltr'>ANNOTATIONES.</span> 
     </span>
    </p>
   </div>
   <div class='ocr_carea' id='block_1_93' title="bbox 410 4696 1464 4778">
    <p class='ocr_par' dir='ltr' id='par_1_93' title="bbox 410 4696 1464 4778">
     <span class='ocr_line' id='line_1_93' title="bbox 410 4696 1464 4778; baseline 0.001 -20"><span class='ocrx_word' id='word_1_625' title='bbox 410 4702 460 4740; x_wconf 81' lang='grc'><strong>⁴⁰</strong></span> <span class='ocrx_word' id='word_1_626' title='bbox 489 4699 607 4759; x_wconf 83' lang='grc' dir='ltr'>ἐπεὶ</span> <span class='ocrx_word' id='word_1_627' title='bbox 640 4697 863 4778; x_wconf 78' lang='grc' dir='ltr'>διέγνω.</span> <span class='ocrx_word' id='word_1_628' title='bbox 894 4703 1052 4760; x_wconf 88' lang='lat' dir='ltr'>Fort.</span> <span class='ocrx_word' id='word_1_629' title='bbox 1085 4698 1275 4772; x_wconf 78' lang='grc' dir='ltr'>ἐπειδὴ</span> <span class='ocrx_word' id='word_1_630' title='bbox 1307 4696 1464 4777; x_wconf 77' lang='grc' dir='ltr'>ἔγνω.</span> 
     </span>
    </p>
   </div>
   <div class='ocr_carea' id='block_1_94' title="bbox 409 4852 2006 4929">
    <p class='ocr_par' dir='ltr' id='par_1_94' title="bbox 409 4854 1986 4929">
     <span class='ocr_line' id='line_1_94' title="bbox 409 4854 1986 4929; baseline -0.002 -17"><span class='ocrx_word' id='word_1_631' title='bbox 409 4857 522 4928; x_wconf 68' lang='grc'>(17)</span> <span class='ocrx_word' id='word_1_632' title='bbox 555 4858 634 4912; x_wconf 90' lang='lat' dir='ltr'>De</span> <span class='ocrx_word' id='word_1_633' title='bbox 667 4872 806 4929; x_wconf 80' lang='lat' dir='ltr'>voce</span> <span class='ocrx_word' id='word_1_634' title='bbox 837 4854 971 4910; x_wconf 78' lang='grc' dir='ltr'>σάκα</span> <span class='ocrx_word' id='word_1_635' title='bbox 1009 4855 1142 4912; x_wconf 88' lang='lat' dir='ltr'>vide</span> <span class='ocrx_word' id='word_1_636' title='bbox 1191 4857 1558 4929; x_wconf 89' lang='lat' dir='ltr'>Ducangium</span> <span class='ocrx_word' id='word_1_637' title='bbox 1607 4854 1865 4912; x_wconf 85' lang='lat' dir='ltr'>Glossar.</span> <span class='ocrx_word' id='word_1_638' title='bbox 1915 4854 1986 4909; x_wconf 89' lang='lat' dir='ltr'>II.</span> 
     </span>
    </p>
   </div>
   <div class='ocr_carea' id='block_1_95' title="bbox 2119 4852 3756 4929">
    <p class='ocr_par' dir='ltr' id='par_1_95' title="bbox 2119 4852 3756 4929">
     <span class='ocr_line' id='line_1_95' title="bbox 2119 4852 3756 4929; baseline 0.005 -20"><span class='ocrx_word' id='word_1_639' title='bbox 2119 4867 2235 4925; x_wconf 72' lang='grc' dir='ltr'>ιιιες,</span> <span class='ocrx_word' id='word_1_640' title='bbox 2267 4858 2333 4909; x_wconf 83' lang='grc' dir='ltr'>ιιι</span> <span class='ocrx_word' id='word_1_641' title='bbox 2362 4852 2461 4929; x_wconf 88' lang='lat' dir='ltr'>hic</span> <span class='ocrx_word' id='word_1_642' title='bbox 2490 4852 2701 4929; x_wconf 47' lang='lat'>«4132.</span> <span class='ocrx_word' id='word_1_643' title='bbox 2735 4854 2803 4929; x_wconf 69' lang='grc' dir='ltr'>Α,</span> <span class='ocrx_word' id='word_1_644' title='bbox 2839 4854 2962 4909; x_wconf 84' lang='grc'>136.</span> <span class='ocrx_word' id='word_1_645' title='bbox 2998 4855 3065 4929; x_wconf 84' lang='lat' dir='ltr'>n_.</span> <span class='ocrx_word' id='word_1_646' title='bbox 3097 4857 3219 4929; x_wconf 70' lang='grc'>146.</span> <span class='ocrx_word' id='word_1_647' title='bbox 3264 4862 3328 4911; x_wconf 74' lang='grc' dir='ltr'>Α.</span> <span class='ocrx_word' id='word_1_648' title='bbox 3365 4857 3489 4913; x_wconf 79' lang='lat' dir='ltr'>m.</span> <span class='ocrx_word' id='word_1_649' title='bbox 3524 4859 3592 4914; x_wconf 84' lang='lat' dir='ltr'>A.</span> <span class='ocrx_word' id='word_1_650' title='bbox 3628 4857 3756 4917; x_wconf 63' lang='lat'>149.</span> 
     </span>
    </p>
   </div>
   <div class='ocr_carea' id='block_1_96' title="bbox 335 4928 1989 5000">
    <p class='ocr_par' dir='ltr' id='par_1_96' title="bbox 335 4928 1989 5000">
     <span class='ocr_line' id='line_1_96' title="bbox 335 4928 1989 5000; baseline -0.001 -17"><span class='ocrx_word' id='word_1_651' title='bbox 335 4931 498 4984; x_wconf 83' lang='grc'>1319.</span> <span class='ocrx_word' id='word_1_652' title='bbox 534 4930 594 4982; x_wconf 91' lang='grc' dir='ltr'>Β.</span> <span class='ocrx_word' id='word_1_653' title='bbox 627 4928 730 4983; x_wconf 92' lang='lat' dir='ltr'>ubi</span> <span class='ocrx_word' id='word_1_654' title='bbox 761 4932 885 4983; x_wconf 89' lang='lat' dir='ltr'>tota</span> <span class='ocrx_word' id='word_1_655' title='bbox 908 4929 1039 4998; x_wconf 59' lang='lat' dir='ltr'>hinc</span> <span class='ocrx_word' id='word_1_656' title='bbox 1067 4928 1522 5000; x_wconf 84' lang='lat' dir='ltr'>comprehensio</span> <span class='ocrx_word' id='word_1_657' title='bbox 1582 4933 1866 4999; x_wconf 89' lang='lat' dir='ltr'>tanquam</span> <span class='ocrx_word' id='word_1_658' title='bbox 1912 4943 1989 5000; x_wconf 85' lang='lat' dir='ltr'>ex</span> 
     </span>
    </p>
   </div>
   <div class='ocr_carea' id='block_1_97' title="bbox 333 4999 1987 5072">
    <p class='ocr_par' dir='ltr' id='par_1_97' title="bbox 333 4999 1987 5072">
     <span class='ocr_line' id='line_1_97' title="bbox 333 4999 1987 5072; baseline -0.002 -16"><span class='ocrx_word' id='word_1_659' title='bbox 333 5007 576 5056; x_wconf 90' lang='lat' dir='ltr'>auctore</span> <span class='ocrx_word' id='word_1_660' title='bbox 608 5016 907 5072; x_wconf 86' lang='lat' dir='ltr'>anonymo</span> <span class='ocrx_word' id='word_1_661' title='bbox 938 4999 1236 5072; x_wconf 85' lang='lat' dir='ltr'>descripta</span> <span class='ocrx_word' id='word_1_662' title='bbox 1267 5006 1376 5056; x_wconf 89' lang='lat' dir='ltr'>est.</span> <span class='ocrx_word' id='word_1_663' title='bbox 1411 5002 1492 5054; x_wconf 87' lang='lat' dir='ltr'>Ex</span> <span class='ocrx_word' id='word_1_664' title='bbox 1510 5000 1656 5055; x_wconf 90' lang='lat' dir='ltr'>locis</span> <span class='ocrx_word' id='word_1_665' title='bbox 1686 5005 1885 5055; x_wconf 90' lang='lat' dir='ltr'>autem</span> <span class='ocrx_word' id='word_1_666' title='bbox 1907 4999 1987 5072; x_wconf 82' lang='lat' dir='ltr'>ibi</span> 
     </span>
    </p>
   </div>
   <div class='ocr_carea' id='block_1_98' title="bbox 336 5070 1996 5154">
    <p class='ocr_par' dir='ltr' id='par_1_98' title="bbox 336 5070 1996 5154">
     <span class='ocr_line' id='line_1_98' title="bbox 336 5070 1996 5154; baseline -0.001 -28"><span class='ocrx_word' id='word_1_667' title='bbox 336 5072 536 5154; x_wconf 70' lang='lat' dir='ltr'>allatis</span> <span class='ocrx_word' id='word_1_668' title='bbox 567 5070 906 5154; x_wconf 79' lang='lat' dir='ltr'>nostrisque</span> <span class='ocrx_word' id='word_1_669' title='bbox 1097 5070 1156 5126; x_wconf 66' lang='grc' dir='ltr'>Β.</span> <span class='ocrx_word' id='word_1_670' title='bbox 1196 5074 1316 5126; x_wconf 78' lang='grc'>147.</span> <span class='ocrx_word' id='word_1_671' title='bbox 1352 5073 1570 5154; x_wconf 53' lang='lat'>8.166.</span> <span class='ocrx_word' id='word_1_672' title='bbox 1605 5072 1665 5128; x_wconf 93' lang='lat' dir='ltr'>C.</span> <span class='ocrx_word' id='word_1_673' title='bbox 1700 5070 1996 5154; x_wconf 47' lang='lat' dir='ltr'>D.“int_el-</span> 
     </span>
    </p>
   </div>
   <div class='ocr_carea' id='block_1_99' title="bbox 336 5143 1998 5216">
    <p class='ocr_par' dir='ltr' id='par_1_99' title="bbox 336 5143 1998 5216">
     <span class='ocr_line' id='line_1_99' title="bbox 336 5143 1998 5216; baseline -0.001 -17"><span class='ocrx_word' id='word_1_674' title='bbox 336 5145 506 5216; x_wconf 87' lang='lat' dir='ltr'>liges,</span> <span class='ocrx_word' id='word_1_675' title='bbox 535 5144 620 5198; x_wconf 89' lang='lat' dir='ltr'>sic</span> <span class='ocrx_word' id='word_1_676' title='bbox 651 5143 953 5216; x_wconf 83' lang='lat' dir='ltr'>nominari</span> <span class='ocrx_word' id='word_1_677' title='bbox 995 5149 1253 5216; x_wconf 79' lang='lat' dir='ltr'>turmam</span> <span class='ocrx_word' id='word_1_678' title='bbox 1271 5143 1560 5214; x_wconf 89' lang='lat' dir='ltr'>equitum,</span> <span class='ocrx_word' id='word_1_679' title='bbox 1585 5143 1881 5198; x_wconf 85' lang='lat' dir='ltr'>exercitus</span> <span class='ocrx_word' id='word_1_680' title='bbox 1905 5143 1998 5197; x_wconf 90' lang='lat' dir='ltr'>in-</span> 
     </span>
    </p>
   </div>
   <div class='ocr_carea' id='block_1_100' title="bbox 336 5214 1994 5288">
    <p class='ocr_par' dir='ltr' id='par_1_100' title="bbox 336 5214 1994 5288">
     <span class='ocr_line' id='line_1_100' title="bbox 336 5214 1994 5288; baseline -0.001 -17"><span class='ocrx_word' id='word_1_681' title='bbox 336 5214 607 5288; x_wconf 80' lang='lat' dir='ltr'>cedentis</span> <span class='ocrx_word' id='word_1_682' title='bbox 638 5231 851 5288; x_wconf 89' lang='lat' dir='ltr'>agmen</span> <span class='ocrx_word' id='word_1_683' title='bbox 900 5214 1300 5288; x_wconf 87' lang='lat' dir='ltr'>claudentem,</span> <span class='ocrx_word' id='word_1_684' title='bbox 1361 5215 1444 5288; x_wconf 79' lang='lat' dir='ltr'>ita</span> <span class='ocrx_word' id='word_1_685' title='bbox 1478 5221 1737 5288; x_wconf 28' lang='lat' dir='ltr'>autem,‘</span> <span class='ocrx_word' id='word_1_686' title='bbox 1761 5220 1831 5288; x_wconf 79' lang='lat' dir='ltr'>ut</span> <span class='ocrx_word' id='word_1_687' title='bbox 1867 5221 1994 5288; x_wconf 84' lang='lat' dir='ltr'>rato</span> 
     </span>
    </p>
   </div>
   <div class='ocr_carea' id='block_1_101' title="bbox 335 5285 1997 5367">
    <p class='ocr_par' dir='ltr' id='par_1_101' title="bbox 335 5285 1997 5367">
     <span class='ocr_line' id='line_1_101' title="bbox 335 5285 1997 5367; baseline -0.001 -25"><span class='ocrx_word' id='word_1_688' title='bbox 335 5287 654 5367; x_wconf 84' lang='lat' dir='ltr'>inte_rva_l_lo</span> <span class='ocrx_word' id='word_1_689' title='bbox 681 5285 719 5343; x_wconf 77' lang='lat' dir='ltr'>a</span> <span class='ocrx_word' id='word_1_690' title='bbox 750 5287 1073 5367; x_wconf 66' lang='lat' dir='ltr'>novissimo</span> <span class='ocrx_word' id='word_1_691' title='bbox 1104 5287 1340 5367; x_wconf 76' lang='lat' dir='ltr'>agmine</span> <span class='ocrx_word' id='word_1_692' title='bbox 1363 5286 1537 5342; x_wconf 91' lang='lat' dir='ltr'>absit.</span> <span class='ocrx_word' id='word_1_693' title='bbox 1575 5285 1743 5358; x_wconf 82' lang='lat' dir='ltr'>Apud</span> <span class='ocrx_word' id='word_1_694' title='bbox 1794 5286 1997 5367; x_wconf 73' lang='lat' dir='ltr'>Conti-</span> 
     </span>
    </p>
   </div>
   <div class='ocr_carea' id='block_1_102' title="bbox 338 5359 1996 5430">
    <p class='ocr_par' dir='ltr' id='par_1_102' title="bbox 338 5359 1996 5430">
     <span class='ocr_line' id='line_1_102' title="bbox 338 5359 1996 5430; baseline -0.001 -17"><span class='ocrx_word' id='word_1_695' title='bbox 338 5365 510 5414; x_wconf 90' lang='lat' dir='ltr'>nuat.</span> <span class='ocrx_word' id='word_1_696' title='bbox 549 5359 907 5430; x_wconf 77' lang='lat' dir='ltr'>Theophan.</span> <span class='ocrx_word' id='word_1_697' title='bbox 934 5359 1058 5412; x_wconf 85' lang='lat'>298.</span> <span class='ocrx_word' id='word_1_698' title='bbox 1092 5359 1401 5414; x_wconf 33' lang='lat' dir='ltr'>A’videtur</span> <span class='ocrx_word' id='word_1_699' title='bbox 1439 5375 1568 5414; x_wconf 90' lang='lat' dir='ltr'>esse</span> <span class='ocrx_word' id='word_1_700' title='bbox 1600 5374 1795 5427; x_wconf 86' lang='lat' dir='ltr'>agmen</span> <span class='ocrx_word' id='word_1_701' title='bbox 1815 5359 1996 5413; x_wconf 83' lang='lat' dir='ltr'>subsi-</span> 
     </span>
    </p>
   </div>
   <div class='ocr_carea' id='block_1_103' title="bbox 338 5429 1994 5503">
    <p class='ocr_par' dir='ltr' id='par_1_103' title="bbox 338 5429 1994 5503">
     <span class='ocr_line' id='line_1_103' title="bbox 338 5429 1994 5503; baseline -0.002 -16"><span class='ocrx_word' id='word_1_702' title='bbox 338 5433 603 5487; x_wconf 76' lang='lat' dir='ltr'>diarium.</span> <span class='ocrx_word' id='word_1_703' title='bbox 645 5429 1022 5503; x_wconf 78' lang='lat' dir='ltr'>Contrarium</span> <span class='ocrx_word' id='word_1_704' title='bbox 1050 5434 1148 5503; x_wconf 89' lang='grc' dir='ltr'>τοῦ</span> <span class='ocrx_word' id='word_1_705' title='bbox 1188 5429 1322 5484; x_wconf 73' lang='grc' dir='ltr'>σάκα</span> <span class='ocrx_word' id='word_1_706' title='bbox 1370 5437 1462 5485; x_wconf 91' lang='lat' dir='ltr'>est</span> <span class='ocrx_word' id='word_1_707' title='bbox 1508 5446 1722 5503; x_wconf 83' lang='lat' dir='ltr'>agmen</span> <span class='ocrx_word' id='word_1_708' title='bbox 1770 5430 1994 5503; x_wconf 76' lang='lat' dir='ltr'>antesi-</span> 
     </span>
    </p>
   </div>
   <div class='ocr_carea' id='block_1_104' title="bbox 380 5501 1993 5570">
    <p class='ocr_par' dir='ltr' id='par_1_104' title="bbox 380 5501 1993 5570">
     <span class='ocr_line' id='line_1_104' title="bbox 380 5501 1993 5570; baseline -0.002 -11"><span class='ocrx_word' id='word_1_709' title='bbox 380 5519 696 5570; x_wconf 88' lang='lat' dir='ltr'>nanorum,</span> <span class='ocrx_word' id='word_1_710' title='bbox 765 5519 800 5558; x_wconf 87' lang='lat' dir='ltr'>a</span> <span class='ocrx_word' id='word_1_711' title='bbox 854 5502 1163 5558; x_wconf 86' lang='lat' dir='ltr'>Saracenis</span> <span class='ocrx_word' id='word_1_712' title='bbox 1246 5501 1635 5558; x_wconf 80' lang='lat' dir='ltr'>Tarsensibus</span> <span class='ocrx_word' id='word_1_713' title='bbox 1717 5501 1993 5570; x_wconf 82' lang='lat' dir='ltr'>veredum,</span> 
     </span>
    </p>
   </div>
   <div class='ocr_carea' id='block_1_105' title="bbox 385 5569 1509 5648">
    <p class='ocr_par' dir='ltr' id='par_1_105' title="bbox 385 5569 1509 5648">
     <span class='ocr_line' id='line_1_105' title="bbox 385 5569 1509 5648; baseline -0.002 -20"><span class='ocrx_word' id='word_1_714' title='bbox 385 5569 588 5648; x_wconf 72' lang='grc' dir='ltr'>ἐρεδον,</span> <span class='ocrx_word' id='word_1_715' title='bbox 619 5569 914 5648; x_wconf 83' lang='lat' dir='ltr'>vocatum,</span> <span class='ocrx_word' id='word_1_716' title='bbox 948 5575 1069 5628; x_wconf 81' lang='grc'>136.</span> <span class='ocrx_word' id='word_1_717' title='bbox 1101 5575 1161 5648; x_wconf 85' lang='lat' dir='ltr'>C,</span> <span class='ocrx_word' id='word_1_718' title='bbox 1195 5579 1254 5648; x_wconf 78' lang='lat' dir='ltr'>e_t</span> <span class='ocrx_word' id='word_1_719' title='bbox 1284 5576 1405 5648; x_wconf 60' lang='grc' dir='ltr'>13Ἰ.</span> <span class='ocrx_word' id='word_1_720' title='bbox 1448 5575 1509 5648; x_wconf 86' lang='grc' dir='ltr'>Β.</span> 
     </span>
    </p>
   </div>
   <div class='ocr_carea' id='block_1_106' title="bbox 415 5643 1996 5718">
    <p class='ocr_par' dir='ltr' id='par_1_106' title="bbox 415 5643 1996 5718">
     <span class='ocr_line' id='line_1_106' title="bbox 415 5643 1996 5718; baseline -0.003 -16"><span class='ocrx_word' id='word_1_721' title='bbox 415 5643 529 5718; x_wconf 86' lang='grc'>(18)</span> <span class='ocrx_word' id='word_1_722' title='bbox 546 5647 705 5718; x_wconf 74' lang='lat' dir='ltr'>Ibid.</span> <span class='ocrx_word' id='word_1_723' title='bbox 739 5646 841 5702; x_wconf 82' lang='lat' dir='ltr'>lin.</span> <span class='ocrx_word' id='word_1_724' title='bbox 905 5648 989 5718; x_wconf 73' lang='grc'>10.</span> <span class='ocrx_word' id='word_1_725' title='bbox 1048 5643 1303 5718; x_wconf 14' lang='grc' dir='ltr'>Μήκοίθεν</span> <span class='ocrx_word' id='word_1_726' title='bbox 1332 5645 1550 5718; x_wconf 20' lang='grc' dir='ltr'>γΗιῄιιε</span> <span class='ocrx_word' id='word_1_727' title='bbox 1581 5643 1766 5718; x_wconf 82' lang='lat' dir='ltr'>_vocis</span> <span class='ocrx_word' id='word_1_728' title='bbox 1816 5643 1996 5718; x_wconf 80' lang='lat' dir='ltr'>paulo</span> 
     </span>
    </p>
   </div>
   <div class='ocr_carea' id='block_1_107' title="bbox 341 5715 1995 5792">
    <p class='ocr_par' dir='ltr' id='par_1_107' title="bbox 341 5715 1995 5792">
     <span class='ocr_line' id='line_1_107' title="bbox 341 5715 1995 5792; baseline -0.004 -17"><span class='ocrx_word' id='word_1_729' title='bbox 341 5715 591 5776; x_wconf 78' lang='lat' dir='ltr'>rarioris</span> <span class='ocrx_word' id='word_1_730' title='bbox 620 5716 1159 5792; x_wconf 85' lang='lat' dir='ltr'>antepenultimam</span> <span class='ocrx_word' id='word_1_731' title='bbox 1188 5717 1373 5776; x_wconf 85' lang='lat' dir='ltr'>Codd.</span> <span class='ocrx_word' id='word_1_732' title='bbox 1403 5715 1595 5775; x_wconf 83' lang='lat' dir='ltr'>nostri</span> <span class='ocrx_word' id='word_1_733' title='bbox 1623 5721 1846 5774; x_wconf 82' lang='lat' dir='ltr'>acuunt</span> <span class='ocrx_word' id='word_1_734' title='bbox 1865 5715 1995 5772; x_wconf 81' lang='lat' dir='ltr'>ubi-</span> 
     </span>
    </p>
   </div>
   <div class='ocr_carea' id='block_1_108' title="bbox 2100 4925 3760 5002">
    <p class='ocr_par' dir='ltr' id='par_1_108' title="bbox 2100 4925 3760 5002">
     <span class='ocr_line' id='line_1_108' title="bbox 2100 4925 3760 5002; baseline 0.002 -21"><span class='ocrx_word' id='word_1_735' title='bbox 2100 4930 2162 4981; x_wconf 85' lang='lat' dir='ltr'>A.</span> <span class='ocrx_word' id='word_1_736' title='bbox 2195 4929 2316 4981; x_wconf 81' lang='grc'>152.</span> <span class='ocrx_word' id='word_1_737' title='bbox 2349 4927 2416 5002; x_wconf 56' lang='grc' dir='ltr'>ᾼ.</span> <span class='ocrx_word' id='word_1_738' title='bbox 2443 4925 2574 5002; x_wconf 72' lang='lat' dir='ltr'>_l_t_3l.</span> <span class='ocrx_word' id='word_1_739' title='bbox 2608 4928 2678 4982; x_wconf 83' lang='grc' dir='ltr'>Α.</span> <span class='ocrx_word' id='word_1_740' title='bbox 2711 4925 2807 5002; x_wconf 73' lang='lat' dir='ltr'>cui</span> <span class='ocrx_word' id='word_1_741' title='bbox 2839 4931 2899 4980; x_wconf 92' lang='lat' dir='ltr'>et</span> <span class='ocrx_word' id='word_1_742' title='bbox 2926 4927 3201 5002; x_wconf 82' lang='lat' dir='ltr'>analogia</span> <span class='ocrx_word' id='word_1_743' title='bbox 3227 4929 3544 5002; x_wconf 76' lang='lat' dir='ltr'>suffragari</span> <span class='ocrx_word' id='word_1_744' title='bbox 3587 4930 3760 4985; x_wconf 89' lang='lat' dir='ltr'>vide-</span> 
     </span>
    </p>
   </div>
   <div class='ocr_carea' id='block_1_109' title="bbox 2108 4997 3763 5069">
    <p class='ocr_par' dir='ltr' id='par_1_109' title="bbox 2108 4997 3763 5069">
     <span class='ocr_line' id='line_1_109' title="bbox 2108 4997 3763 5069; baseline 0.002 -17"><span class='ocrx_word' id='word_1_745' title='bbox 2108 5007 2202 5052; x_wconf 89' lang='lat' dir='ltr'>tur</span> <span class='ocrx_word' id='word_1_746' title='bbox 2233 4997 2409 5065; x_wconf 84' lang='lat' dir='ltr'>(conf.</span> <span class='ocrx_word' id='word_1_747' title='bbox 2443 4998 2695 5069; x_wconf 85' lang='lat' dir='ltr'>Wagner</span> <span class='ocrx_word' id='word_1_748' title='bbox 2710 4997 2884 5052; x_wconf 84' lang='lat' dir='ltr'>Lehre</span> <span class='ocrx_word' id='word_1_749' title='bbox 2913 5015 3016 5053; x_wconf 88' lang='lat' dir='ltr'>von</span> <span class='ocrx_word' id='word_1_750' title='bbox 3046 4997 3167 5054; x_wconf 63' lang='lat' dir='ltr'>dein</span> <span class='ocrx_word' id='word_1_751' title='bbox 3195 4997 3563 5056; x_wconf 42' lang='lat' dir='ltr'>Accentfl29.</span> <span class='ocrx_word' id='word_1_752' title='bbox 3595 5002 3678 5069; x_wconf 89' lang='grc' dir='ltr'>Β.)</span> <span class='ocrx_word' id='word_1_753' title='bbox 3703 5008 3763 5056; x_wconf 93' lang='lat' dir='ltr'>et</span> 
     </span>
    </p>
   </div>
   <div class='ocr_carea' id='block_1_110' title="bbox 2149 5069 3760 5143">
    <p class='ocr_par' dir='ltr' id='par_1_110' title="bbox 2149 5069 3760 5143">
     <span class='ocr_line' id='line_1_110' title="bbox 2149 5069 3760 5143; baseline 0.003 -19"><span class='ocrx_word' id='word_1_754' title='bbox 2149 5069 2562 5143; x_wconf 83' lang='lat' dir='ltr'>atrocinantur</span> <span class='ocrx_word' id='word_1_755' title='bbox 2579 5069 3183 5143; x_wconf 88' lang='lat' dir='ltr'>Codd.editionesque</span> <span class='ocrx_word' id='word_1_756' title='bbox 3206 5072 3261 5128; x_wconf 93' lang='lat' dir='ltr'>S.</span> <span class='ocrx_word' id='word_1_757' title='bbox 3278 5071 3590 5143; x_wconf 88' lang='lat' dir='ltr'>Epiphanii</span> <span class='ocrx_word' id='word_1_758' title='bbox 3613 5072 3760 5130; x_wconf 84' lang='lat' dir='ltr'>Adv.</span> 
     </span>
    </p>
   </div>
   <div class='ocr_carea' id='block_1_111' title="bbox 2144 5142 3757 5205">
    <p class='ocr_par' dir='ltr' id='par_1_111' title="bbox 2144 5142 3757 5205">
     <span class='ocr_line' id='line_1_111' title="bbox 2144 5142 3757 5205; baseline 0.002 -9"><span class='ocrx_word' id='word_1_759' title='bbox 2144 5157 2239 5196; x_wconf 77' lang='lat' dir='ltr'>aer.</span> <span class='ocrx_word' id='word_1_760' title='bbox 2273 5142 2316 5205; x_wconf 89' lang='grc' dir='ltr'>Ι,</span> <span class='ocrx_word' id='word_1_761' title='bbox 2358 5143 2512 5196; x_wconf 82' lang='grc'>1076.</span> <span class='ocrx_word' id='word_1_762' title='bbox 2545 5142 2609 5196; x_wconf 89' lang='lat' dir='ltr'>D.</span> <span class='ocrx_word' id='word_1_763' title='bbox 2639 5143 2793 5195; x_wconf 86' lang='grc'>1106.</span> <span class='ocrx_word' id='word_1_764' title='bbox 2830 5143 2896 5196; x_wconf 84' lang='grc' dir='ltr'>Α.</span> <span class='ocrx_word' id='word_1_765' title='bbox 2931 5142 2986 5198; x_wconf 93' lang='lat' dir='ltr'>S.</span> <span class='ocrx_word' id='word_1_766' title='bbox 3023 5143 3255 5198; x_wconf 83' lang='lat' dir='ltr'>Macarii</span> <span class='ocrx_word' id='word_1_767' title='bbox 3317 5142 3532 5198; x_wconf 39' lang='lat' dir='ltr'>Ho&#39;mil.</span> <span class='ocrx_word' id='word_1_768' title='bbox 3566 5159 3757 5199; x_wconf 83' lang='lat' dir='ltr'>xxvm.</span> 
     </span>
    </p>
   </div>
   <div class='ocr_carea' id='block_1_112' title="bbox 2109 5212 3761 5284">
    <p class='ocr_par' dir='ltr' id='par_1_112' title="bbox 2109 5212 3761 5284">
     <span class='ocr_line' id='line_1_112' title="bbox 2109 5212 3761 5284; baseline 0.001 -16"><span class='ocrx_word' id='word_1_769' title='bbox 2109 5215 2180 5268; x_wconf 87' lang='lat' dir='ltr'>De</span> <span class='ocrx_word' id='word_1_770' title='bbox 2209 5212 2515 5268; x_wconf 76' lang='lat' dir='ltr'>calamitat.</span> <span class='ocrx_word' id='word_1_771' title='bbox 2549 5215 2746 5268; x_wconf 69' lang='lat' dir='ltr'>anima:</span> <span class='ocrx_word' id='word_1_772' title='bbox 2769 5213 2892 5266; x_wconf 86' lang='lat'>385.</span> <span class='ocrx_word' id='word_1_773' title='bbox 2924 5220 2991 5269; x_wconf 84' lang='grc' dir='ltr'>Δ.</span> <span class='ocrx_word' id='word_1_774' title='bbox 3027 5214 3362 5284; x_wconf 86' lang='lat' dir='ltr'>Incertique</span> <span class='ocrx_word' id='word_1_775' title='bbox 3416 5216 3490 5268; x_wconf 82' lang='lat' dir='ltr'>Ue</span> <span class='ocrx_word' id='word_1_776' title='bbox 3524 5213 3761 5269; x_wconf 89' lang='lat' dir='ltr'>Persica</span> 
     </span>
    </p>
   </div>
   <div class='ocr_carea' id='block_1_113' title="bbox 2107 5284 3762 5356">
    <p class='ocr_par' dir='ltr' id='par_1_113' title="bbox 2107 5284 3762 5356">
     <span class='ocr_line' id='line_1_113' title="bbox 2107 5284 3762 5356; baseline -0.001 -16"><span class='ocrx_word' id='word_1_777' title='bbox 2107 5284 2368 5356; x_wconf 89' lang='lat' dir='ltr'>captivit.</span> <span class='ocrx_word' id='word_1_778' title='bbox 2411 5286 2536 5340; x_wconf 82' lang='lat'>329.</span> <span class='ocrx_word' id='word_1_779' title='bbox 2573 5285 2632 5339; x_wconf 90' lang='grc' dir='ltr'>Β.</span> <span class='ocrx_word' id='word_1_780' title='bbox 2667 5285 2882 5340; x_wconf 86' lang='lat' dir='ltr'>Contra</span> <span class='ocrx_word' id='word_1_781' title='bbox 2913 5285 3306 5356; x_wconf 89' lang='lat' dir='ltr'>penultimam</span> <span class='ocrx_word' id='word_1_782' title='bbox 3333 5285 3492 5339; x_wconf 91' lang='lat' dir='ltr'>acuit</span> <span class='ocrx_word' id='word_1_783' title='bbox 3517 5285 3762 5356; x_wconf 86' lang='lat' dir='ltr'>Schnei-</span> 
     </span>
    </p>
   </div>
   <div class='ocr_carea' id='block_1_114' title="bbox 2107 5355 3758 5412">
    <p class='ocr_par' dir='ltr' id='par_1_114' title="bbox 2107 5355 3758 5412">
     <span class='ocr_line' id='line_1_114' title="bbox 2107 5355 3758 5412; baseline 0.001 -2"><span class='ocrx_word' id='word_1_784' title='bbox 2107 5356 2286 5411; x_wconf 90' lang='lat' dir='ltr'>derus</span> <span class='ocrx_word' id='word_1_785' title='bbox 2316 5356 2401 5409; x_wconf 87' lang='lat' dir='ltr'>vir</span> <span class='ocrx_word' id='word_1_786' title='bbox 2431 5373 2702 5411; x_wconf 90' lang='lat' dir='ltr'>summus</span> <span class='ocrx_word' id='word_1_787' title='bbox 2733 5356 2794 5410; x_wconf 91' lang='lat' dir='ltr'>in</span> <span class='ocrx_word' id='word_1_788' title='bbox 2827 5355 3016 5412; x_wconf 80' lang='lat' dir='ltr'>Lexic.</span> <span class='ocrx_word' id='word_1_789' title='bbox 3049 5358 3118 5410; x_wconf 87' lang='lat' dir='ltr'>ll.</span> <span class='ocrx_word' id='word_1_790' title='bbox 3151 5358 3240 5410; x_wconf 90' lang='lat'>73.</span> <span class='ocrx_word' id='word_1_791' title='bbox 3275 5357 3333 5409; x_wconf 90' lang='lat' dir='ltr'>C.</span> <span class='ocrx_word' id='word_1_792' title='bbox 3371 5372 3440 5410; x_wconf 90' lang='lat' dir='ltr'>ex</span> <span class='ocrx_word' id='word_1_793' title='bbox 3463 5355 3665 5411; x_wconf 84' lang='lat' dir='ltr'>fabula</span> <span class='ocrx_word' id='word_1_794' title='bbox 3697 5357 3758 5411; x_wconf 93' lang='lat' dir='ltr'>in</span> 
     </span>
    </p>
   </div>
   <div class='ocr_carea' id='block_1_115' title="bbox 2107 5425 3758 5498">
    <p class='ocr_par' dir='ltr' id='par_1_115' title="bbox 2107 5425 3758 5498">
     <span class='ocr_line' id='line_1_115' title="bbox 2107 5425 3758 5498; baseline 0 -16"><span class='ocrx_word' id='word_1_795' title='bbox 2107 5428 2404 5498; x_wconf 77' lang='lat' dir='ltr'>Tyrwhitti</span> <span class='ocrx_word' id='word_1_796' title='bbox 2440 5427 2591 5482; x_wconf 86' lang='lat' dir='ltr'>Diss.</span> <span class='ocrx_word' id='word_1_797' title='bbox 2626 5427 2696 5482; x_wconf 91' lang='lat' dir='ltr'>de</span> <span class='ocrx_word' id='word_1_798' title='bbox 2731 5427 2940 5483; x_wconf 88' lang='lat' dir='ltr'>Babrio</span> <span class='ocrx_word' id='word_1_799' title='bbox 2973 5446 3026 5498; x_wconf 92' lang='lat' dir='ltr'>p.</span> <span class='ocrx_word' id='word_1_800' title='bbox 3083 5431 3164 5498; x_wconf 16' lang='lat' dir='ltr'>l2,</span> <span class='ocrx_word' id='word_1_801' title='bbox 3199 5425 3528 5498; x_wconf 89' lang='lat' dir='ltr'>eodemque</span> <span class='ocrx_word' id='word_1_802' title='bbox 3583 5427 3758 5482; x_wconf 89' lang='lat' dir='ltr'>modo</span> 
     </span>
    </p>
   </div>
   <div class='ocr_carea' id='block_1_116' title="bbox 2109 5497 3758 5554">
    <p class='ocr_par' dir='ltr' id='par_1_116' title="bbox 2109 5497 3758 5554">
     <span class='ocr_line' id='line_1_116' title="bbox 2109 5497 3758 5554; baseline 0.001 -1"><span class='ocrx_word' id='word_1_803' title='bbox 2109 5497 2317 5553; x_wconf 84' lang='lat' dir='ltr'>scribit</span> <span class='ocrx_word' id='word_1_804' title='bbox 2345 5499 2694 5554; x_wconf 88' lang='lat' dir='ltr'>Ammonius</span> <span class='ocrx_word' id='word_1_805' title='bbox 2718 5498 2795 5552; x_wconf 91' lang='lat' dir='ltr'>De</span> <span class='ocrx_word' id='word_1_806' title='bbox 2813 5498 2907 5552; x_wconf 93' lang='lat' dir='ltr'>SS.</span> <span class='ocrx_word' id='word_1_807' title='bbox 2936 5497 3245 5553; x_wconf 82' lang='lat' dir='ltr'>monachis</span> <span class='ocrx_word' id='word_1_808' title='bbox 3264 5497 3505 5553; x_wconf 89' lang='lat' dir='ltr'>Sinaitis</span> <span class='ocrx_word' id='word_1_809' title='bbox 3536 5499 3659 5554; x_wconf 76' lang='grc'>409.</span> <span class='ocrx_word' id='word_1_810' title='bbox 3693 5501 3758 5554; x_wconf 93' lang='lat' dir='ltr'>C.</span> 
     </span>
    </p>
   </div>
   <div class='ocr_carea' id='block_1_117' title="bbox 2106 5564 3764 5644">
    <p class='ocr_par' dir='ltr' id='par_1_117' title="bbox 2106 5564 3764 5644">
     <span class='ocr_line' id='line_1_117' title="bbox 2106 5564 3764 5644; baseline 0.001 -20"><span class='ocrx_word' id='word_1_811' title='bbox 2106 5569 2650 5644; x_wconf 24' lang='lat' dir='ltr'>Certehadverbium</span> <span class='ocrx_word' id='word_1_812' title='bbox 2685 5564 2949 5644; x_wconf 73' lang='grc' dir='ltr'>μακρόθεν</span> <span class='ocrx_word' id='word_1_813' title='bbox 2997 5569 3371 5641; x_wconf 68' lang='grc' dir='ltr'>Ρωηδουίιυι*</span> <span class='ocrx_word' id='word_1_814' title='bbox 3415 5569 3509 5624; x_wconf 86' lang='lat' dir='ltr'>vel</span> <span class='ocrx_word' id='word_1_815' title='bbox 3559 5570 3621 5626; x_wconf 91' lang='lat' dir='ltr'>in</span> <span class='ocrx_word' id='word_1_816' title='bbox 3651 5586 3764 5626; x_wconf 87' lang='lat' dir='ltr'>no-</span> 
     </span>
    </p>
   </div>
   <div class='ocr_carea' id='block_1_118' title="bbox 2061 5642 2912 5704">
    <p class='ocr_par' dir='ltr' id='par_1_118' title="bbox 2061 5642 2912 5704">
     <span class='ocr_line' id='line_1_118' title="bbox 2061 5642 2912 5704; baseline -0.001 -7"><span class='ocrx_word' id='word_1_817' title='bbox 2061 5699 2066 5704; x_wconf 54' lang='lat'>,</span> <span class='ocrx_word' id='word_1_818' title='bbox 2108 5647 2230 5698; x_wconf 91' lang='lat' dir='ltr'>stro</span> <span class='ocrx_word' id='word_1_819' title='bbox 2259 5642 2402 5702; x_wconf 91' lang='lat' dir='ltr'>Cod.</span> <span class='ocrx_word' id='word_1_820' title='bbox 2437 5643 2559 5697; x_wconf 85' lang='grc'>128.</span> <span class='ocrx_word' id='word_1_821' title='bbox 2593 5643 2660 5697; x_wconf 93' lang='lat' dir='ltr'>D.</span> <span class='ocrx_word' id='word_1_822' title='bbox 2696 5642 2818 5696; x_wconf 78' lang='grc'>131.</span> <span class='ocrx_word' id='word_1_823' title='bbox 2851 5642 2912 5696; x_wconf 92' lang='lat' dir='ltr'>C.</span> 
     </span>
    </p>
   </div>
  </div>
