4096 6428
365 383 479 443 951

1691 378 2126 442 NICEPHORI
2170 376 2452 438 PHOG/E

3674 371 3794 432 952

360 517 489 589 jam
520 516 976 586 infrequentem,
1005 514 1462 587 impressionem
1510 515 1752 572 faciens.
1785 514 1887 572 Dei
1912 531 2022 586 ope

2143 511 2439 584 ὁρμώντων
2497 507 2590 564 καὶ
2648 505 3186 584 διασκορπιζομένων
3235 507 3372 581 πρὸς
3430 503 3599 575 λείαν,
3660 525 3794 579 καρ-

370 607 620 660 victoria
648 605 926 676 potietur,
959 610 1018 660 et
1038 606 1461 663 internecivam
1491 606 1723 662 cladem
1750 605 2021 661 hostibus

374 695 607 749 inferet.
645 694 753 748 Sed
786 694 833 748 si
875 711 999 749 non
1057 697 1237 752 audet
1293 698 1482 753 aciem
1543 695 1800 770 aggredi,
1862 694 2021 766 quod

371 782 592 837 multas
625 787 682 838 et
711 782 1025 841 bellicosas
1048 788 1248 858 copias
1280 789 1524 860 suisque
1553 788 1846 843 ﬁrmiores
1868 787 1929 840 in
1954 802 2024 841 ea

367 871 561 926 videt:
594 889 624 926 e
657 878 989 929 transverso
1021 892 1088 930 ac
1120 876 1375 949 longius,
1405 878 1638 932 occulta
1697 882 1755 930 et
1806 892 2023 948 oppor—

367 967 511 1017 tuna
540 963 651 1033 via,
685 965 1041 1036 agmineque
1073 974 1362 1038 quantum
1395 985 1542 1040 opus
1574 973 1664 1023 est
1693 967 1869 1022 citato
1919 965 2024 1020 ab-

369 1057 485 1118 eat,
518 1052 592 1108 ad
625 1070 973 1111 excursores
1004 1057 1306 1129 dispersos
1337 1058 1783 1130 opprimendos.
1809 1060 1887 1113 Ac
1917 1074 2025 1128 per

370 1146 559 1197 totum
601 1144 759 1200 diem
821 1147 1117 1220 exagitare
1176 1148 1311 1204 illos
1373 1150 1691 1222 dissipatos
1750 1149 2020 1216 studens,

371 1232 657 1302 praeclare
686 1252 834 1301 rem,
865 1237 1112 1292 numine
1143 1237 1610 1308 obsecundante,
1664 1243 1880 1312 egeret.
1915 1239 2022 1293 De-

375 1321 476 1375 bet
501 1330 789 1393 praaterea
819 1327 1165 1398 praefectum
1197 1328 1511 1400 probatum
1563 1345 1698 1384 cum
1752 1327 2024 1401 pauculis

376 1411 676 1481 equitibus
706 1431 741 1470 a
773 1421 934 1488 tergo
967 1417 1206 1485 habere,
1239 1419 1395 1474 204
1424 1419 1525 1490 qui
1566 1418 1784 1473 Amiraa
1837 1419 2025 1473 aciem

375 1500 572 1558 videat
592 1519 659 1559 ac
682 1506 1040 1577 speculetur,
1077 1513 1137 1563 et
1165 1508 1238 1563 de
1270 1509 1394 1578 illa,
1427 1508 1935 1580 quemadmodum
1964 1525 2026 1563 se

373 1599 626 1662 moveat,
651 1595 764 1650 sibi
787 1597 1443 1670 renunciet.Siglobum
1466 1615 1715 1654 numero
1747 1599 2026 1669 frequen-

376 1685 498 1735 tem
529 1681 646 1736 dux
673 1685 942 1753 oil‘endit,
975 1687 1073 1756 qui
1100 1687 1371 1742 hostibus
1393 1687 1723 1760 praedatum
1742 1687 2027 1758 dispersis

381 1770 660 1840 praesidio
687 1773 782 1844 sit,
816 1773 1090 1830 bifariam
1150 1776 1369 1831 dividat
1423 1793 1668 1832 manum
1722 1794 1913 1844 suam,
1972 1781 2030 1831 et

384 1861 599 1930 partim
633 1864 974 1934 praemittat,
1017 1865 1118 1936 qui
1178 1883 1311 1921 cum
1371 1867 1481 1922 hoc
1537 1866 1710 1939 globo
1767 1882 2028 1939 pugnam

390 1949 615 2005 ineant.
645 1953 869 2017 Quibus
897 1955 1332 2026 praeliautibus,
1366 1957 1642 2029 evestigio
1661 1955 1778 2012 dux
1799 1972 2035 2028 quoque

389 2055 523 2094 cum
555 2057 662 2096 sua
691 2043 815 2098 acie
841 2044 1110 2116 proxime
1160 2045 1533 2117 subsequens
1592 2048 1810 2102 acriter
1860 2052 2036 2118 atque

386 2127 653 2184 animose
684 2146 820 2186 cum
853 2131 1113 2188 clamore
1145 2138 1204 2188 et
1233 2133 1464 2189 barritu
1512 2135 1734 2190 cursim
1788 2136 1850 2190 in
1900 2135 2036 2190 illos

380 2235 442 2272 se
471 2217 700 2291 lucitet,
738 2237 957 2293 eosque
978 2223 1079 2278 Dei
1104 2223 1327 2279 auxilio
1349 2224 1512 2280 fusos
1545 2231 1939 2296 persequetur
1968 2243 2035 2281 ac

377 2307 646 2365 funditus
679 2310 921 2366 delebit.
956 2313 1120 2378 Quod
1180 2314 1250 2383 si,
1285 2315 1534 2370 numine
1565 2315 2035 2382 obsecundante,

383 2397 502 2451 dux
534 2397 686 2453 bene
713 2415 839 2454 rem
870 2402 1070 2473 gessit,
1105 2403 1465 2474 compressis
1497 2403 1851 2458 adversariis
1882 2421 2037 2476 prae-

383 2485 588 2540 datum
623 2489 873 2560 egressis
907 2490 954 2545 si
987 2507 1269 2562 magnum
1302 2497 1480 2563 atque
1539 2492 1771 2565 insigne
1805 2493 2036 2549 facinus

387 2575 606 2644 effecit,
635 2577 996 2634 credendum
1029 2586 1120 2636 est
1150 2581 1352 2636 hostes
1372 2598 1507 2636 cum
1539 2581 1756 2653 probro
1790 2581 2037 2637 domum

387 2665 703 2721 redituros.
737 2668 851 2723 Sed
875 2669 923 2723 si
952 2671 1210 2742 amplius
1232 2671 1295 2725 in
1317 2671 1545 2726 ditione
1567 2678 1769 2727 nostra
1782 2689 2038 2728 commo-

383 2755 500 2809 rari
533 2761 888 2826 statuerunt,
923 2758 1040 2814 dux
1071 2767 1375 2832 assumpto
1408 2778 1513 2817 suo
1546 2763 1780 2834 agmine
1802 2762 2038 2835 longius

378 2843 449 2898 ab
483 2843 603 2900 illis
633 2845 920 2915 discedat,
943 2849 1056 2904 hoc
1080 2855 1170 2904 est
1191 2851 1252 2904 in
1275 2850 1406 2906 loca
1428 2851 1665 2919 idonea,
1689 2852 1790 2907 ubi
1814 2852 2038 2908 milites

375 2949 515 2988 suos
547 2933 900 3009 defatigatos
932 2955 1040 3010 per
1074 2939 1339 2995 triduum
1371 2942 1907 3013 reﬁciat,solosque
1936 2943 2037 3014 qui

375 3025 670 3094 speculari
704 3026 945 3100 debent,
980 3030 1152 3085 sicuti
1179 3031 1307 3102 jam
1339 3033 1745 3104 exposuimus,
1771 3032 2037 3104 quotidie

377 3112 626 3170 emittat.
661 3118 899 3172 Atenim
932 3118 1033 3172 ubi
1068 3121 1361 3192 cognovit,
1414 3138 1515 3176 eos
1565 3122 1732 3194 signa
1779 3122 2036 3178 movisse

375 3202 665 3259 redeundi
689 3222 889 3276 causa,
914 3209 1195 3280 evestigio
1217 3227 1325 3282 per
1345 3210 1693 3283 praefectum
1719 3212 2036 3284 probatum

380 3308 596 3366 magna
626 3295 932 3353 celeritate
963 3299 1216 3354 missum
1248 3301 1308 3355 in
1341 3302 1762 3372 asperitatibus
1810 3302 2038 3358 viarum
2070 3271 2114 3335 D

378 3383 688 3455 pedestres
718 3388 920 3458 copias
950 3395 1305 3462 congreget:
1335 3390 1580 3462 ipseque
1613 3391 1731 3446 dux
1761 3392 2033 3447 connita-

379 3478 496 3539 tur,
533 3479 599 3528 ut
623 3491 817 3547 neque
844 3481 1016 3532 nocte
1050 3494 1245 3548 neque
1277 3478 1539 3534 interdiu
1577 3485 1808 3552 partem
1845 3481 2034 3536 ullam

383 3567 579 3638 capiat
605 3569 848 3639 quietis,
884 3569 988 3625 sed
1020 3571 1323 3627 celeritate
1355 3572 1614 3628 maxima
1640 3590 1742 3629 eos
1772 3590 2033 3645 praecur-

380 3662 493 3726 rat,
527 3658 895 3714 etuniversis
916 3659 1292 3731 pedestribus
1324 3663 1822 3735 equestribusque
1844 3663 2033 3736 copiis

378 3745 533 3802 bene
565 3751 912 3820 praeparatis
943 3749 1388 3806 dimicationem
1435 3752 1716 3809 adversus
1747 3753 1884 3808 illos
1941 3753 2038 3808 in-

383 3841 592 3903 struat,
625 3839 1132 3908 quemadmodum
1165 3841 1314 3898 205
1353 3843 1626 3914 superius
1684 3843 2036 3916 singillatim

381 3927 956 3996 exposuimus.Quod
979 3930 1027 3985 si
1042 3930 1123 3985 ita
1143 3930 1565 4005 fecerit,gratia
1587 3933 2038 4001 Christi,aucto-

376 4015 551 4070 ritate
582 4033 718 4072 vero
750 4024 927 4091 atque
963 4018 1395 4077 intercessione
1426 4023 1796 4078 intemerata)
1827 4023 2034 4078 matris

379 4105 528 4176 ejus,
563 4107 768 4178 praelia
801 4126 935 4165 cum
969 4110 1239 4166 hostibus
1287 4113 1608 4167 commisso
1641 4129 1769 4167 rem
1801 4111 2035 4167 obtine-

375 4194 478 4249 bit.
504 4198 694 4268 Atque
725 4197 853 4253 haec
887 4199 1129 4271 quidem
1164 4201 1249 4256 sic
1284 4219 1345 4257 se
1377 4201 1620 4257 habent.

2131 598 2414 673 τερησάτω
2446 598 2473 652 ὁ
2508 597 2812 672 στρατηγὸς
2843 596 2896 651 ἐν
2921 596 3109 670 ἐκείνῳ
3163 599 3243 668 τῷ
3292 596 3448 667 τόπῳ
3494 593 3626 669 ἄχρι
3675 593 3794 662 τρί·

2135 685 2418 758 τηςῆκαὶ
2483 687 2746 762 τετάρτης
2806 688 2950 762 ὥρας
3006 693 3105 755 τῆς
3165 686 3395 759 ἡμέρας,
3455 685 3558 752 τὴν
3617 689 3794 755 παρὰ·

2133 780 2280 850 ταξιν
2312 781 2414 832 τοῦ
2437 780 2658 851 Ἀμηρᾶ
2723 781 2967 851 θεωρῶν,
3026 775 3117 830 καὶ
3164 770 3406 850 ἀκριϐῶς
3453 774 3515 827 τὸ
3574 771 3790 840 πλῆθος

2132 871 2230 923 τοῦ
2261 870 2404 922 λαοῦ
2436 866 2864 941 στοχαζόμενος.
2900 865 3051 922 Ἐπεὶ
3085 864 3128 919 δ’
3162 867 3213 919 οἱ
3280 862 3576 937 μέλλοντες
3608 860 3794 932 ἐξελά-

2136 978 2222 1012 σαι
2255 955 2445 1034 πόῤῥω
2475 976 2580 1010 που
2637 963 2737 1026 τῆς
2794 955 3141 1030 παρατάξεως
3199 958 3298 1009 τοῦ
3357 955 3577 1027 Ἀμηρᾶ
3635 950 3797 1026 γεγό-

2133 1067 2307 1101 νασινο
2344 1047 2418 1108 ὡς
2453 1046 2529 1120 μή
2565 1044 2787 1100 δυνατόν
2818 1044 2930 1100 ἐστι
2960 1044 3127 1100 πάλιν
3156 1044 3383 1105 τούτους
3413 1042 3794 1117 ὑποστρέφειν,

2141 1138 2176 1206 ἢ
2211 1135 2503 1210 ἐπιγνῶναι
2533 1141 2626 1190 τὸν
2669 1133 2805 1190 κατᾶ
2861 1141 2960 1198 τῆς
3009 1135 3355 1208 παρατάξεως
3413 1135 3512 1186 τοῦ
3569 1132 3797 1205 Ἀμηρᾶ

2139 1226 2432 1304 ἀναφθέντα
2493 1223 2769 1298 πόλεμον,
2827 1221 3050 1279 ἕκαστον
3111 1222 3413 1277 σπεύδοντα
3492 1222 3560 1275 τὰ
3613 1219 3800 1295 χωρία

2136 1311 2486 1384 καταλαϐεῖν,
2519 1313 2609 1369 γαὶ
2643 1313 2794 1370 λείαν
2835 1315 2919 1369 ὅτι
2980 1311 3244 1383 πλείστην
3299 1311 3646 1385 πορίσασθαι·
3698 1311 3798 1370 τας

2142 1402 2283 1467 ἰδίας
2333 1403 2648 1480 παραταγᾶς
2686 1404 2760 1466 ὡς
2818 1401 2902 1457 δεῖ
2958 1401 3300 1477 εὐτρεπίσας,
3347 1401 3484 1456 κατὰ
3539 1406 3640 1469 τῆς
3698 1403 3799 1454 τοῦ

2143 1503 2364 1578 ’Δμηρᾶ
2419 1503 2768 1577 παρατάξεως
2859 1497 3298 1577 ὀλιγανδρούσης
3355 1500 3455 1568 τήν
3515 1495 3797 1552 ἐπέλευσιν

2141 1594 2450 1663 ποιησάτω,
2507 1593 2597 1647 καὶ
2657 1595 2790 1646 Θεοῦ
2851 1589 3096 1666 συνεργίᾳ
3151 1593 3249 1659 τῆς
3305 1590 3459 1658 νίκης
3517 1589 3798 1663 κρατήσει,

2141 1681 2230 1736 καὶ
2272 1680 2487 1738 τελείαν
2538 1679 2903 1757 πανολεθρίαν
2959 1685 3078 1741 τοῖς
3135 1678 3430 1752 πολεμίοις
3489 1676 3796 1753 ἐργάσεται.

2144 1771 2210 1830 Εἰ
2243 1768 2299 1826 δὲ
2329 1771 2465 1826 κατά
2519 1778 2620 1841 τῆς
2673 1770 3024 1847 παρατάξεως
3082 1768 3326 1824 ἐπελθεῖν
3389 1767 3454 1822 οὺ
3515 1765 3798 1842 θαῤῥγςσει,

2143 1859 2365 1930 πολλὴν
2395 1861 2485 1915 καὶ
2537 1859 2828 1935 ἀξιόλογον
2889 1855 3117 1932 δύναμιν
3176 1859 3318 1932 ὁρῶν
3351 1857 3404 1911 ἐν
3447 1855 3606 1930 αὐτῇ,
3664 1855 3800 1927 ὑπὲρ

2142 1951 2243 2019 τήν
2277 1946 2438 2004 ἰδίαν·
2472 1948 2594 2004 τότε
2626 1948 2685 2004 ἐκ
2715 1948 2950 2025 πλαγίου
2979 1948 3069 2002 καὶ
3105 1944 3372 2021 μακρόθεν
3396 1943 3506 2018 λδιά
3552 1950 3803 2019 κρυπτῆς

2145 2040 2233 2094 καὶ
2267 2035 2578 2110 ἐπιτηδείας
2609 2035 2738 2094 ὁδοῦ
2797 2036 3022 2112 ὁρμάτω
3064 2035 3156 2091 σὺν
3217 2035 3412 2106 ἐλασίᾳ
3463 2038 3530 2108 τῇ
3589 2053 3802 2108 προσης

2143 2129 2332 2202 κούσῃ,
2391 2123 2716 2183 καταλαϐεῖν
2796 2128 2857 2182 τὸ
2933 2127 3249 2202 σκόρπισμα
3303 2129 3410 2179 τῶν
3489 2121 3803 2195 πολεμίων.

2146 2219 2244 2273 Καὶ
2278 2215 2348 2272 δι’
2380 2217 2519 2289 ὅλης
2549 2224 2649 2287 τῆς
2677 2217 2890 2292 ἡμέρας
2924 2213 3242 2291 ἐπιδραμεῖν
3304 2215 3493 2277 αὐτοῖς
3541 2211 3804 2287 ἄγω-μίσει

2143 2329 2254 2377 ται,
2285 2304 2756 2380 διεσκεδασμένοις
2786 2307 2926 2378 οὖσι,
2959 2306 3050 2360 καὶ
3109 2304 3395 2378 ἀξιόλογον
3445 2300 3625 2377 ἔργον,
3667 2305 3802 2356 Θεοῦ

2146 2399 2458 2474 συμμαχίᾳ,
2554 2396 2872 2454 ἐπιτελέσει.
2961 2395 3202 2473 Ὀφείλει
3261 2394 3352 2448 οὗν
3412 2393 3499 2448 val
3559 2390 3802 2468 ἄρχοντα

2142 2492 2253 2543 τῶν
2283 2487 2579 2564 χρησίμων
2618 2488 2752 2560 μετά
2785 2485 3092 2562 ὀλιγοστῶν
3125 2484 3334 2538 ἱππέων
3371 2479 3594 2538 ὄπισθεν
3625 2478 3798 2557 ἔχειν,

2149 2577 2420 2652 βλέποντα
2449 2577 2541 2632 καὶ
2571 2577 2991 2633 ἀποσκοποῦντα
3035 2576 3135 2645 τήν
3189 2578 3287 2629 τοῦ
3344 2574 3566 2647 Ἀμηρᾶ
3615 2571 3798 2646 παρά-

2143 2666 2312 2736 ταξιν,
2345 2666 2435 2722 καὶ
2464 2667 2533 2722 τά
2561 2665 2688 2742 περὶ
2729 2666 2917 2736 αὐτῆς,
2978 2665 3052 2727 ὡς
3114 2665 3174 2718 ἂν
3233 2659 3576 2737 ὁδοιπορείη,
3632 2681 3800 2715 κατα-

2150 2756 2374 2830 μηνύειν
2407 2757 2575 2831 αὐτῷ.
2617 2757 2682 2813 Εἰ
2715 2754 2772 2811 δὲ
2826 2756 2917 2811 καὶ
2970 2752 3236 2832 φοῦλκον,
3297 2750 3353 2807 δὲ
3413 2751 3488 2814 εἰς
3549 2749 3799 2829 φυλακην

2145 2852 2252 2902 τῶν
2283 2845 2830 2922 διασκορπιζομένων
2861 2846 2995 2918 πρὸς
3054 2842 3204 2899 λείαν
3270 2839 3558 2912 πολεμίων
3624 2841 3801 2915 ὑπάρ-

2145 2955 2271 3011 χον,
2307 2938 2623 3007 συναντήσει
2657 2937 2685 2991 ὁ
2717 2935 3014 3008 στρατηγὸς
3051 2930 3268 3003 πλῆθος
3325 2929 3477 3006 ἔχον,
3530 2927 3663 3005 διχῆ
3707 2931 3800 2983 τὸν

2147 3034 2278 3089 λαὸν
2336 3033 2500 3089 αὐτοῦ
2559 3031 2739 3108 διέλῃ,
2798 3033 2885 3087 καὶ
2951 3030 3254 3106 ἔμπροσθεν
3346 3029 3440 3102 μὶν
3499 3027 3798 3100 ἀποστείλῃ

2145 3122 2274 3186 τοὺς
2310 3122 2632 3201 ὀφείλοντας
2666 3123 2801 3195 μετά
2823 3125 2921 3177 τοῦ
2952 3118 3198 3199 φούλκου
3252 3121 3476 3192 συνάψαι
3527 3115 3793 3187 πόλεμον.

2147 3212 2370 3271 Τούτων
2431 3211 2488 3268 δὲ
2546 3209 2940 3290 συρραγέντων,
3024 3209 3182 3275 εὐθὺς
3267 3210 3354 3264 καὶ
3415 3209 3442 3262 ὁ
3501 3205 3798 3280 στρατηγὸς

2155 3305 2288 3378 μετᾶ
2329 3311 2429 3374 τῆς
2486 3303 2833 3379 παρατάξεως
2893 3302 3059 3358 αὐτοῦ
3117 3301 3354 3372 πλησίον
3409 3296 3794 3353 ἐπακολουθῶν

2151 3395 2318 3465 ὀξέως
2348 3394 2437 3449 καὶ
2486 3393 2776 3467 εὐτόλμως
2835 3394 2968 3467 μετά
3023 3395 3262 3469 κραυγῆς
3317 3389 3407 3445 καὶ
3463 3383 3796 3460 ἀλαλαγμοῦ

2143 3483 2235 3539 σὺν
2272 3483 2464 3554 ἐλασίᾳ
2493 3485 2611 3539 κατ’
2641 3483 2820 3539 αὐτῶν
2854 3481 3177 3556 ὁρμησάτω,
3208 3481 3298 3535 καὶ
3355 3477 3602 3538 τούτους.
3662 3478 3796 3529 Θεοῦ

2147 3573 2394 3649 βοηθείᾳ,
2427 3572 2853 3650 τροπωσάμενος
2880 3569 3201 3642 καταδιώξει
3261 3571 3340 3643 [Ρ.
3397 3571 3519 3641 132]
3573 3565 3663 3620 καὶ
3714 3585 3797 3618 τε-

2143 3663 2308 3723 λείως
2337 3661 2781 3739 καταγωνίσεται.
2814 3660 2880 3719 Εἴ
2913 3661 3006 3716 οὗν
3064 3664 3197 3716 Θεοῦ
3249 3657 3502 3734 συνεργίᾳ
3552 3651 3799 3726 εὐοδωθῇ

2144 3751 2648 3825 ὁστρατηγὸς,καὶ
2687 3751 2815 3813 τοὺς
2871 3749 2948 3812 εἷς
3002 3748 3154 3805 λείαν
3210 3745 3585 3820 ἐκδραμόντας
3641 3741 3805 3798 πολε-

2147 3840 2306 3914 μίους
2335 3841 2858 3916 κατατροπώσηται,
2892 3839 2939 3894 εἱ
2965 3839 3060 3912 μὲν
3093 3836 3341 3911 μεγάλην
3373 3835 3463 3890 καὶ
3514 3831 3800 3905 ἀξιόλογον

2143 3928 2398 3986 δουλείαν
2430 3929 2746 4006 ἐργάσηται,
2779 3929 2924 3992 εῗκός
2957 3927 3068 3984 ἐστι
3098 3927 3226 3990 τοὺς
3255 3924 3489 4002 ἐχθροὺς
3535 3922 3673 3999 πρὸς
3703 3923 3805 3991 τὴν

2144 4017 2282 4075 ἰδίαν
2325 4021 2514 4096 χώραν
2577 4019 2909 4096 ὑποστρέψαι
2962 4019 3076 4092 μετ’
3136 4016 3425 4093 αἰσχύνης.
3484 4014 3552 4071 Εἰ
3611 4009 3668 4067 δέ
3725 4009 3802 4066 ἔτι

2143 4111 2198 4166 ἐν
2229 4114 2298 4185 τῇ
2331 4112 2574 4186 ἡμετέρᾳ
2603 4111 2858 4186 χρονίσαι
2920 4109 3210 4183 μελετῶσι,
3267 4107 3358 4162 τὸν
3417 4103 3554 4159 ἴδιον
3607 4101 3738 4158 λαὸν
3774 4101 3802 4155 ὁ

2143 4201 2449 4278 στρατηγὸς
2506 4198 3023 4276 ἀναλαμϐανόμενος
3108 4200 3344 4274 μήκοθεν
3399 4194 3636 4272 γενέσθω
3689 4196 3799 4246 τῶν

369 4277 678 4356 πολεμίων,
711 4282 762 4340 ἐν
796 4283 1131 4357 ἐπιτηδείοις
1186 4285 1449 4359 δηλονότι
1504 4287 1763 4365 χωρίοις,
1812 4287 1903 4344 καὶ
1960 4289 2052 4346 τὸν
2110 4277 2242 4346 λαὸν
2301 4277 2465 4345 αὐτοῦ
2521 4289 2833 4345 κατάκοπον
2866 4292 2908 4328 ³¹
2942 4287 3070 4344 ὄντα
3127 4287 3214 4342 ἐπὶ
3272 4286 3483 4361 ἡμέρας
3536 4287 3684 4358 τρεῖς
3730 4278 3801 4335 δι’

374 4390 758 4463 αναπαυσάτω,
802 4393 1002 4466 μόνους
1061 4393 1188 4457 τοὺς
1248 4394 1580 4468 παραμένειν
1641 4393 1982 4470 ὀφείλοντας,
2044 4396 2122 4460 ὡς
2175 4394 2285 4467 ἤδη
2351 4396 2657 4471 ἐξεθέμεθα,
2717 4393 3074 4494 ἀποστέλλων
3133 4392 3332 4494 ἑκάστῃ
3391 4389 3593 4494 ἡμέρᾳ.
3653 4387 3799 4494 Πρὸξ

393 4479 741 4559 ὑποστροφὴν
795 4479 853 4536 δὲ
912 4484 1201 4558 ὁρμῶντας
1249 4483 1480 4548 τούτους
1535 4485 1564 4538 ὁ
1621 4486 1928 4561 στρατηγὸς
1986 4485 2266 4563 ἐπιγνοὺς,
2324 4488 2631 4563 παραυτίκα
2685 4488 2848 4561 τάχει
2898 4484 3098 4557 πολλῷ
3156 4482 3400 4558 ἄρχοντα
3445 4484 3554 4535 τῶν
3606 4479 3805 4552 χρησί-

382 4590 497 4641 μων
565 4570 917 4645 ἀποστείλας,
971 4573 1034 4627 τὸ
1088 4573 1308 4642 πεζικὸν
1365 4572 1670 4650 στράτευμα
1731 4575 1808 4638 είς
1863 4577 1959 4639 τὰς
2021 4573 2333 4653 δυσχωρίας
2388 4580 2496 4631 τῶν
2559 4573 2700 4631 ὁδῶν
2786 4574 3224 4650 ἐπισωρευσάτω·
3283 4572 3371 4626 καὶ
3433 4569 3596 4630 αὐτὸς
3655 4565 3712 4622 δὲ
3772 4566 3802 4620 ὸ

374 4661 681 4738 στρατηγὸς
713 4662 1019 4734 σπευσάτω,
1063 4664 1138 4736 μή
1193 4661 1246 4717 ἐν
1290 4664 1445 4719 νυκτὶ
1507 4663 1648 4738 μηδὲ
1699 4663 1750 4720 ἐν
1806 4668 1989 4741 ἡμέρᾳ
2048 4667 2234 4722 ἑαυτὸν
2290 4671 2474 4730 ποσῶς
2535 4668 2594 4722 ἄν
2649 4667 2974 4735 ἀναπαῦσαι,
3029 4662 3176 4720 ἀλλὰ
3205 4662 3297 4718 σὺν
3360 4661 3517 4737 τάχει
3568 4655 3800 4728 πολλῷ-

374 4746 678 4824 ἔμπροσθεν
745 4751 920 4808 αὐτῶν
979 4751 1234 4828 γενέσθω.
1294 4753 1386 4809 καὶ
1443 4753 1630 4819 καλῶς
1712 4755 2121 4833 παρασκευάσας
2203 4755 2340 4814 ἅπαν
2399 4757 2462 4812 τὸ
2507 4761 2614 4812 τῶν
2686 4761 2864 4826 πεζῶν
2943 4754 3035 4810 καὶ
3111 4753 3320 4808 ἱππέων
3397 4753 3564 4806 αὐτοῦ
3641 4746 3800 4823 στρά-

371 4859 568 4914 τευμα,
642 4842 732 4897 τὸν
789 4843 906 4898 κατ’
963 4843 1142 4898 αὐτῶν
1199 4841 1447 4918 πόλεμον
1508 4841 1773 4916 διάθοιτο,

1860 4847 2042 4909 καθὼς
2119 4845 2374 4921 ἀνωτέρω
2454 4845 2765 4908 ἐπιλεπτῶς
2843 4844 3145 4918 ἐξεθέμεθα.
3209 4841 3312 4900 Καὶ
3367 4840 3540 4902 οὕτως
3600 4842 3799 4908 ποιῶν,

371 4930 560 5003 χάριτι
589 4931 843 5006 Χριστοῦ,
869 4931 960 4986 καὶ
989 4929 1218 5006 δυνάμει
1251 4932 1338 4988 καὶ
1368 4929 1683 5010 πρεσϐείαις
1714 4942 1814 5005 τῆς
1877 4937 2265 5012 παναχράντου
2323 4937 2492 4992 αὐτοῦ
2549 4936 2795 5012 Μητρὸς,
2842 4942 2944 5007 τῆς
2995 4936 3133 4991 κατά
3178 4939 3287 4989 τῶν
3341 4930 3556 5008 ἐχθρῶν
3611 4927 3798 5003 μᾶχης

367 5022 646 5094 κρατήσει.
681 5020 784 5078 Καὶ
815 5025 983 5076 ταῦτα
1014 5021 1108 5095 μὶν
1141 5020 1338 5086 οὕτως.

368 5148 502 5208 CAP.
534 5151 603 5206 X.
634 5153 713 5206 De
767 5151 1116 5226 seiunctione
1165 5168 1358 5226 manus
1412 5153 1796 5224 pradatorz'w,
1852 5155 2026 5226 deque

717 5225 982 5294 peditatu
1011 5240 1047 5280 a
1077 5231 1230 5294 tergo
1267 5225 1646 5296 subsequente.

444 5350 579 5419 Nec,
615 5365 747 5422 quae
778 5351 892 5423 ipsi
921 5351 1194 5417 vidimus,
1223 5367 1520 5423 exponere
1541 5352 2021 5426 pigebit.'ldenti-

378 5435 512 5496 dem
537 5440 830 5497 exercitus
856 5441 1138 5510 hostium,
1167 5446 1594 5514 equestresque
1622 5459 1689 5498 ac
1719 5443 2025 5515 pedestres

373 5531 558 5604 capias
591 5547 622 5586 e
654 5530 872 5588 finibus
902 5531 1256 5604 oppidisque
1288 5530 1411 5588 suis
1443 5531 1622 5588 simul
1644 5532 1925 5590 exibant:
1959 5551 2027 5590 ac

2136 5157 2298 5212 ΚΕΦ.
2341 5154 2397 5211 Γ.
2462 5187 2527 5196 -
2588 5152 2718 5227 ῌερὶ
2775 5157 2874 5227 τοῦ
2934 5149 3323 5227 διαχωρισᾲμοῢ
3377 5154 3477 5205 τοῦ
3537 5150 3800 5224 κούρσου,

2357 5232 2450 5281 καῖ
2477 5229 2575 5281 τοῦ
2606 5223 2745 5282 λαοῦ
2779 5226 3001 5290 ὑπισθεν
3031 5223 3566 5287 ἐπακολουθοῦντος.

2211 5353 2278 5408 Ἀ
2310 5349 2368 5406 δὲ
2393 5353 2558 5425 ἡμεῖς
2610 5350 2968 5425 ἐθεασάμεθα,
3027 5349 3273 5406 ἐκθέσθαι
3332 5348 3589 5424 οὐδαμῶς
3645 5369 3802 5404 κατοο

2135 5443 2434 5516 κνησομεν⁸
2493 5443 2556 5496 τὸ
2611 5446 2720 5497 τῶν
2781 5439 3068 5514 πολεμίων
3148 5442 3430 5519 φωσσάτον
3500 5437 3799 5516 διαφόρως,

2139 5529 2191 5586 ο⁹ί
2218 5552 2275 5587 τε
2307 5532 2492 5594 ἱππεῖς
2525 5531 2617 5587 σὺν
2648 5534 2727 5604 τῷ
2753 5529 2903 5604 πεζῷ
2961 5531 3104 5607 ὁμοῦ
3157 5533 3258 5601 τῆς
3307 5531 3498 5609 χώρας
3547 5529 3636 5585 καὶ
3685 5532 3797 5584 τῶν

1577 5651 1640 5710 C.
1683 5652 1746 5711 Β.
1787 5651 1980 5710 HASII
2015 5650 2574 5709 ΔΝΝΟΤΑΤΙΟΝΕΒ.

441 5745 490 5786 ⁴¹
522 5748 830 5805 κατάκοπον
863 5745 1009 5806 ὄντα.
1041 5746 1170 5805 Vid.
1204 5763 1386 5821 supra
1414 5749 1538 5806 124.
