4096 6476
394 369 512 429 953

1681 359 2114 424 VELITATIO
2157 359 2511 423 BELLICA.

3705 357 3823 422 954

393 497 613 553 πόλεων
671 494 851 552 αὐτῶν
906 494 1324 570 συνεξήρχοντο·
1383 495 1473 548 καὶ
1559 493 1647 549 ἐπὶ
1705 492 1856 548 δυσὶν
1913 493 2039 566 ἠμέ-

2168 494 2671 566 pertriduum,vel
2699 493 3001 550 interdum
3033 492 3823 561 diutius,itinereunafacto,

396 609 514 664 ραις
559 588 700 659 ὁμοῦ
761 587 1365 660 συμπιριπατήσαντες,
1415 580 1522 639 ἔσθ’
1580 578 1669 638 ὅτε
1716 582 1804 637 καὶ
1862 581 2055 638 πλείο-

393 699 501 745 σιν,
535 676 627 731 ἀπ’
661 673 933 745 ἀλλήλων
967 672 1378 749 διεχωρίζοντο.
1414 673 1516 730 Καὶ
1572 672 1623 727 οἱ
1687 673 1781 746 μὶν
1843 672 2053 740 ἱππεῖς,

401 770 454 824 οἱ
491 769 588 831 τὰς
643 766 918 841 ἡμετέρας
971 767 1162 841 χώρας
1209 760 1563 841 κατατρέχειν
1619 763 1710 818 καὶ
1764 763 2051 834 λεηλατεῖν

400 859 759 936 βουλόμενοι,
788 853 1221 934 προῦλάμϐανον
1281 858 1507 931 ἡμερῶν
1562 876 1728 911 τινων
1759 851 2052 926 διάστημα,

394 955 495 1006 τοῦ
523 951 748 1018 πεζικοῦ
803 946 944 1002 λαοῦ
984 948 1164 1003 αὐτῶν
1214 946 1606 1023 ἀφεστηκότος·
1655 943 1744 1000 διὰ
1799 947 1862 999 τὸ
1893 943 2052 998 σπεύ-

405 1039 514 1094 δειν
563 1037 760 1100 αὐτοὺς
816 1037 1056 1111 ἀμηνυτὶ
1112 1034 1242 1100 τοὺς
1300 1035 1595 1110 οἰκήτορας
1659 1039 1766 1090 τῶν
1825 1032 2050 1110 χωρίων

399 1123 748 1196 καταλαϐεῖν,
779 1125 923 1182 οἷ’κοι
959 1128 1240 1200 μένοντας.
1273 1127 1349 1183 Τὸ
1383 1123 1440 1180 δὲ
1473 1122 1706 1180 τοῦλδον
1765 1124 1899 1197 μετᾶ
1941 1129 2050 1178 τῶν

390 1222 570 1287 πεζῶν
597 1219 688 1272 καὶ
716 1223 821 1286 τῆς
849 1216 1060 1272 τούτων
1087 1215 1421 1286 ἀποσκευῆς,
1484 1211 1704 1270 ὄπισθεν
1761 1213 2050 1286 ἑπόμενον,

388 1308 555 1378 ἡνίκα
582 1307 680 1370 τὰς
713 1305 1029 1382 δυσχωρίας
1060 1307 1148 1361 καὶ
1209 1307 1278 1360 τὰ
1330 1306 1488 1360 στενᾶ
1541 1302 1790 1375 διῆλθεν,
1850 1303 2050 1374 ἐπιτή-

391 1395 538 1452 δειον
571 1394 944 1465 διασκοπῆσαν
998 1394 1170 1450 τόπον
1231 1393 1368 1469 πρὸς
1427 1393 1676 1472 φυλακὴν
1735 1393 1910 1449 αὐτῶν
1960 1391 2050 1446 καὶ

391 1485 716 1564 ἀσφάλειαν,
776 1485 874 1547 τὰς
929 1484 1132 1555 σκηνὰς
1189 1483 1495 1557 πηξάμενοι
1553 1483 1605 1538 ἐν
1656 1483 1829 1555 αὐτῷ,
1886 1478 2054 1553 ηὐλί-

394 1583 578 1647 ζοντο,
610 1576 738 1638 τοὺς
817 1575 894 1638 εἷς
944 1579 1180 1650 κοῦρσον
1233 1573 1606 1649 ἐκδραμόντας
1645 1575 1832 1635 ἱππεῖς
1879 1573 2052 1628 ἐκεῖσε

383 1663 918 1741 προσεκδεχόμενοι’
973 1663 1067 1719 ’ίνα
1094 1663 1221 1719 τοὺν
1276 1663 1712 1740 ὑποστρέφοντας
1741 1659 1925 1724 καλῶς
1956 1661 2051 1726 τὰς

381 1752 701 1831 δυσχωρίας
781 1749 1212 1811 διαϐιϐάσωσιν.
1268 1754 1331 1811 Ὁ
1407 1752 1496 1807 οὗν
1563 1752 1890 1828 στρατηγὸς,
1944 1751 2046 1819 τήν

2163 600 2198 640 a
2229 600 2291 640 se
2322 583 2730 640 discedebant.
2761 585 3026 658 Equites,
3062 583 3354 640 ditionem
3415 587 3680 638 nostram
3723 583 3814 635 in-

2162 675 2439 730 cursione
2476 675 2627 730 facta
2650 674 3011 747 populaturi,
3043 675 3274 746 aliquot
3315 673 3551 728 dierum
3599 672 3817 726 itinere

2164 763 2735 836 praagrediebantur,
2790 764 3118 836 peditatum
3150 769 3308 818 retro
3355 761 3769 832 relinquentes
3807 776 3821 814 :

2164 855 2323 926 quod
2351 856 2688 927 opprimere
2722 855 3086 910 habitatores
3117 854 3382 909 vicorum
3411 869 3533 908 non
3564 868 3814 924 priamo-

2163 945 2322 1000 nitos
2353 947 2626 1018 casisque
2657 947 3018 1002 inhaarentes
3073 944 3495 1017 properabant.
3557 941 3814 1013 Impedi-

2161 1042 2366 1092 menta
2398 1040 2469 1091 et‘
2485 1037 2716 1108 pedites
2748 1053 2883 1091 cum
2916 1035 3040 1091 suis
3068 1034 3388 1102 sarcinis,a
3417 1038 3580 1104 tergo
3606 1029 3818 1085 subse-

2162 1129 2436 1196 quentes,
2470 1133 2787 1198 postquam
2829 1126 3015 1182 saltus
3033 1131 3210 1196 atque
3237 1123 3538 1196 angustias
3571 1121 3816 1176 transie-

2160 1221 2317 1283 rant,
2351 1216 2548 1272 locum
2588 1216 2873 1272 idoneum
2902 1215 2976 1272 ad
3030 1232 3160 1271 sese
3183 1211 3604 1270 custodiendos
3626 1215 3820 1265 tutan-

2160 1306 2390 1377 dosque
2420 1307 2840 1379 conspicati,iu
2854 1324 2922 1363 eo
2942 1306 3247 1362 collocatis
3264 1301 3664 1359 tabernaculis
3678 1317 3814 1355 con-

2160 1395 2694 1469 sidebant,equites
2713 1397 3044 1470 praadatum
3069 1411 3338 1468 egressos
3361 1393 3440 1448 ibi
3462 1389 3814 1463 praestolan-

2158 1489 2279 1540 tes:
2303 1492 2370 1540 ut
2399 1491 2766 1543 revertentes
2797 1487 3130 1542 incolumes
3169 1501 3277 1556 per
3309 1483 3440 1537 loca
3471 1481 3679 1551 iniqua
3696 1485 3815 1533 tra-

2159 1572 2542 1631 ducerent.ld
2560 1576 2608 1631 si
2626 1592 2738 1630 usu
2750 1573 3434 1644 venit,dux,excursione
3448 1586 3653 1626 eorum
3666 1584 3816 1622 nun-

2160 1663 2739 1737 tiata,speculatores
2753 1665 3005 1731 emittat,
3040 1670 3100 1719 et
3125 1663 3328 1718 omnia
3336 1661 3508 1733 juxta
3533 1658 3811 1730 superius

2156 1754 2570 1826 praescriptum
2615 1754 2814 1810 faciat.
2849 1757 2931 1810 Ac
2952 1755 3000 1810 si
3023 1770 3200 1826 parvo
3223 1751 3461 1824 negotio
3482 1748 3812 1822 praedatum

375 1844 653 1916 ἐξέλευσιν
743 1845 919 1900 αὐτῶν
1006 1843 1524 1919 καταμηνυόμενος,
1583 1843 1678 1906 τὰς
1730 1843 2039 1918 παραμονὰς

2159 1859 2426 1916 egressos
2447 1844 2714 1900 nancisci
2761 1844 3086 1915 dispersos,
3118 1841 3488 1912 fundereque
3522 1838 3679 1896 206
3711 1853 3818 1908 po-

375 1934 798 2006 ἀποστελλέτω,
829 1936 921 1990 καὶ
957 1937 1137 1990 πάντα
1197 1934 1428 1990 ποιείτω
1474 1935 1610 1990 κατὰ
1660 1935 1760 2004 τήν
1793 1932 2049 2009 ἀνωτέρω

381 2023 639 2097 διάταξιν.
699 2023 803 2082 Καί
860 2023 907 2079 εἰ
983 2025 1077 2099 μὲν
1133 2024 1360 2102 εὐχερές
1428 2024 1540 2080 ἐστι
1589 2028 1669 2096 τῷ
1739 2027 2048 2098 στρατηγῷ,

378 2113 514 2179 τοὺς
591 2115 668 2177 εἷς
726 2117 828 2186 τήν
890 2113 1042 2169 λείαν
1122 2111 1492 2190 ἐκδραμόντας
1566 2111 2047 2186 διεσκεδασμένους

383 2200 736 2275 καταλαϐεῖν,
767 2203 858 2259 καὶ
879 2203 1112 2266 τούτους
1171 2206 1262 2277 [Ρ.
1319 2208 1444 2278 133]
1500 2204 2044 2278 κατατροπώσασθαι,

374 2291 527 2370 ’ἔργῳ
584 2297 751 2349 τοῦτο
810 2295 1092 2349 σπευσάτω
1143 2293 1458 2370 πληρῶσαι.
1519 2293 1583 2350 Ei
1671 2291 1730 2348 δὲ
1786 2291 1874 2348 διά
1929 2313 2049 2347 τινα

373 2383 669 2458 σφάλματα
697 2384 790 2439 καῖ
859 2383 956 2446 τὰς
1015 2379 1423 2457 συμϐαινούσας
1475 2382 1817 2447 ἐναντιώσεις
1872 2381 2046 2456 ἐμπό-

385 2471 503 2529 διον
533 2476 978 2549 προσυπαντήσει
1013 2473 1181 2546 αὐτῷ,
1241 2474 1317 2536 εἰς
1371 2474 1464 2529 τὸν
1497 2475 1633 2528 κατὰ
1689 2477 1786 2528 τοῦ
1826 2473 2046 2550 φωσσά-

377 2583 481 2618 του
554 2559 804 2637 πόλεμον
863 2565 1383 2639 παρασκευασθήτωο
1443 2562 1535 2617 καὶ
1590 2562 1683 2618 τὸν
1738 2560 1935 2632 τόπον,
1991 2560 2044 2616 ἐν

382 2653 542 2724 ᾦτᾶς
582 2653 789 2724 σκηνὰς
815 2651 1104 2726 ἐπήξαντο,
1137 2648 1378 2728 ἀκριϐῶς
1435 2651 1878 2723 διασκοπησάτω,
1966 2652 2042 2724 μή

395 2761 531 2795 ποτε
583 2743 827 2816 ποταμός
886 2741 1026 2798 ἐστιν
1085 2740 1380 2820 ἀσφάλειαν
1437 2742 1618 2805 αὐτοῖς
1655 2743 1951 2818 προξενῶν,
2006 2741 2043 2811 ἢ

388 2826 543 2904 ῥόαξ.
586 2830 690 2886 Καὶ
713 2832 845 2906 πρὸς
871 2831 972 2900 τὴν
1019 2831 1164 2896 θέσιν
1226 2835 1324 2887 τοῦ
1379 2831 1552 2887 τόπου
1606 2831 1688 2887 δεῖ
1737 2831 1828 2886 καὶ
1880 2829 2040 2885 αὐτὸν

381 2928 912 2994 παρασκευασθῆναι,
973 2923 1063 2976 καὶ
1146 2918 1358 2996 σπουδῇ
1417 2919 1607 2996 πολλῇ
1664 2921 1802 2992 πρὸς
1853 2918 2040 2975 ἑαυτὸν

379 3008 444 3062 τὸ
501 3011 724 3078 πεζικὸν
781 3013 1106 3087 στράτευμα,
1166 3011 1212 3066 εἰ
1298 3008 1543 3081 δυνατὸν,
1603 3010 2038 3086 ἐπισυναγαγεῖν.

378 3097 811 3173 Προσδοκῶντος
845 3097 904 3156 δὲ
930 3105 1029 3156 τοῦ
1062 3104 1369 3178 στρατηγοῦ
1417 3102 1520 3170 τὴν
1577 3099 1787 3156 τούτων
1846 3099 2038 3155 ἀποκί-

370 3209 528 3260 νησιν
561 3188 654 3244 καὶ
686 3189 738 3244 ἐν
763 3191 931 3266 ἑτέρῳ
957 3191 1227 3263 ἀπλήκτῳ
1291 3186 1612 3264 μετάϐασιν,
1670 3189 1707 3260 ἢ
1764 3191 1934 3265 τυχὸν
1965 3185 2038 3244 δι’

374 3277 704 3352 αὖτομόλων
741 3285 904 3336 τοῦτο
961 3283 1396 3355 πυνθαναμένου,
1450 3279 1571 3337 δέον
1619 3282 1806 3344 ἱππεῖς
1860 3281 2033 3335 ἀποσ-

369 3369 553 3425 τεῖλαι
614 3371 828 3441 νυκτὸς,
909 3371 1198 3448 ἀρχηγοὺς
1282 3369 1516 3436 ἔχοντας
1593 3376 1704 3427 τῶν
1762 3370 2036 3446 ἐμπείρων

375 3457 588 3533 ἀνδρῶν
637 3459 731 3516 καὶ
789 3461 1112 3537 ἀξιολόγων,
1173 3461 1262 3518 καὶ
1323 3460 1419 3517 δύο
1477 3461 1834 3539 ἐγκρύμματα
1871 3482 2041 3536 παρα-

375 3550 629 3606 σκευάσαι
659 3549 804 3607 ἔνθεν
828 3553 1076 3608 κάκεῖθεν
1129 3559 1232 3623 τῆς
1291 3551 1444 3623 ὁδοῦ,
1506 3551 1577 3608 δι’
1635 3555 1701 3623 ἧς
1753 3556 2035 3628 γενήσεται

377 3641 546 3708 ἡτῶν
576 3639 862 3716 πολεμίων
898 3639 1188 3706 διέλευσις.
1249 3643 1337 3714 ’EE
1381 3641 1558 3698 αὐτῶν
1618 3641 1677 3698 δέ
1731 3647 1839 3698 τῶν
1899 3644 2038 3698 ἄπο·

385 3727 680 3787 σταλέντων
735 3731 925 3787 ἑκατὸν
1002 3731 1201 3808 ἃνδρας
1259 3731 1667 3806 ἐπιΛεεάμενος,
1719 3731 1799 3796 εἷς
1859 3731 2033 3808 λόχον

385 3822 796 3895 καταστησάτω,
851 3821 1032 3898 χωρία
1063 3819 1440 3898 φυλάττοντας
1490 3823 1557 3878 τὰ
1638 3823 1878 3894 πλησίον
1932 3829 2036 3892 τῆς

384 3907 624 3981 παρόδου
679 3915 788 3966 τῶν
839 3910 1122 3985 πολεμίων
1183 3909 1517 3985 διακείμενα.
1573 3911 1673 3967 Καὶ
1723 3911 1885 3968 αὐτὸν
1939 3913 2032 3968 τὸν

372 4002 680 4076 στρατηγὸν
714 4003 828 4076 χρὴ
862 4002 915 4056 ἐν
966 3999 1266 4076 ἐπιτηδείῳ
1289 4002 1446 4076 τόπῳ
1491 4004 1627 4077 μετά
1678 4004 1876 4067 παντὸς
1933 4007 2033 4058 τοῦ

366 4087 504 4145 λαοῦ
536 4090 704 4146 αὐτοῦ
730 4090 984 4157 ’ίστασθαι
1016 4092 1419 4168 κεκρυμμένον,
1476 4093 1568 4149 καὶ
1628 4093 1688 4148 ἐκ
1743 4100 2030 4168 περιωπῆς

363 4179 651 4256 ἐφορῶντα
677 4183 780 4251 τήν
806 4187 916 4238 τῶν
946 4181 1237 4252 πολεμίων
1273 4177 1541 4240 διάϐασιν.
1597 4184 1665 4241 Οἱ
1725 4184 1818 4239 οὗν
1848 4184 2034 4248 ἱππεῖς

361 4274 470 4324 τῶν
502 4269 811 4344 πολεμίων,
844 4272 897 4326 οἱ
929 4271 1008 4336 εἷς
1055 4270 1438 4346 συλΛογισμόν
1469 4274 1676 4349 χρειῶν
1724 4275 1792 4328 τὰ
1849 4273 2033 4350 Χωρία

368 4357 890 4435 διερευνώμενοιτά
947 4361 1190 4433 πλησίον
1249 4364 1467 4426 τούτοις
1522 4363 2029 4439 συμπαρακείμενα,

365 4451 526 4519 ἡνίκα
558 4451 613 4506 ἐν
644 4456 764 4515 τοῖς
798 4451 1232 4529 φυλαττομένοις
1271 4453 1510 4530 χωρίοις
1568 4452 1876 4524 εἰσέλθωσι,
1938 4456 2028 4511 καὶ

365 4545 472 4595 τῶν
529 4539 717 4596 ἳππων
764 4537 1066 4604 ἀποϐάντες
1120 4543 1216 4606 τὰς
1275 4543 1448 4606 οἰκίας
1493 4542 1894 4621 ἀναψηλαφῶσι
1923 4549 2032 4600 τῶν

370 4635 651 4704 χωριτῶν,
681 4633 800 4687 κατ’
830 4632 1008 4688 αὐτῶν
1041 4633 1088 4670 ⁴²
1114 4633 1167 4689 οἱ
1225 4631 1305 4696 εἷς
1361 4633 1456 4689 τὸν
1514 4629 1688 4689 λόχον
1749 4631 2028 4708 ἱστάμενοι

368 4720 558 4776 ἑκατὸν
644 4722 836 4785 ’ἱππεῖς
910 4723 1335 4799 ὁρμησάτωσαν,
1420 4723 1510 4778 καὶ
1600 4724 1760 4786 ὅσους
1819 4722 2028 4781 ἀνελεῖν

373 4807 704 4882 δυνηθῶσιν,
764 4811 872 4868 ἐῖτε
931 4817 1233 4889 ζωγρῆσαι,
1300 4812 1605 4889 παραυτίκα
1657 4815 1797 4890 πρὸς
1854 4817 2028 4892 φυγὴν

367 4902 714 4976 ὁρμήσωσιν,
748 4901 1148 4981 ὑποφεύγοντες
1171 4904 1272 4973 τὴν
1306 4901 1431 4959 ὁδὸν
1461 4904 1562 4972 τὴν
1587 4903 1891 4977 ἆναμεταξὺ
1917 4909 2026 4962 τῶν

365 4988 462 5046 δύο
495 4991 896 5068 ἐγκρυμμάτων
923 4991 1318 5070 διερχομένην,
1374 4992 1735 5070 ἐφελκόμενοι
1789 5015 1849 5050 τε
1898 4995 2030 5061 τοὺς

362 5077 668 5155 πολεμίους
743 5083 880 5155 πρὸς
966 5081 1171 5154 δίωξιν.
1233 5081 1710 5158 Καταδιωκόμενοι
1771 5081 1830 5139 δὲ
1905 5085 2026 5148 ταὶς

360 5167 605 5246 ἐνέδραις
633 5177 947 5246 περιπεσεῖν
976 5170 1104 5235 τοὺς
1157 5170 1466 5248 πολεμίους
1525 5175 2020 5248 παρασκευάσουσι.

363 5261 504 5318 Τότε
581 5261 672 5317 οὗν
733 5260 1140 5338 ἐξερχέσθωσαν
1197 5265 1266 5318 τὰ
1349 5263 1674 5340 ἑκατέρωθεν
1759 5264 2021 5340 ἱστάμενα

360 5350 749 5427 ἐγκρίνμματα,
813 5353 905 5408 καὶ
955 5350 1209 5430 σφοδρῶς
1266 5354 1365 5424 τὴν
1423 5355 1541 5410 κατ’
1600 5354 1776 5410 αὐτῶν
1831 5356 2013 5431 ὁρμὴν

357 5441 746 5514 ποιησάτωσαν
775 5441 869 5498 καὶ
892 5440 1142 5508 πολλοὺς
1167 5447 1278 5500 τῶν
1332 5441 1624 5518 πολεμίων
1684 5443 1845 5520 ἔργον
1909 5466 2017 5520 μα-

2158 1937 2294 2001 test,
2327 1949 2391 1988 re
2423 1935 2666 2006 exsequi
2698 1934 2756 1988 id
2779 1935 3020 2006 quidem
3051 1937 3350 2004 properet.
3385 1930 3487 1984 Sin
3517 1933 3717 1984 autem
3740 1925 3814 1980 ob

2159 2024 2489 2079 errationes
2511 2024 2802 2095 quasdam
2837 2023 3319 2092 oﬂ‘ensionesque
3349 2017 3814 2074 intervenientes

2156 2113 2653 2184 impedimentum
2677 2113 2791 2186 ipsi
2822 2111 3178 2181 infertur,ad
3208 2115 3402 2166 castra
3418 2105 3818 2180 oppugnanda

2157 2217 2220 2255 se
2242 2207 2547 2274 comparet
2574 2219 2588 2257 :
2621 2202 2841 2273 locum,
2873 2201 2975 2256 ubi
3033 2198 3416 2256 tabernaculo
3459 2199 3811 2269 posuerunt,

2156 2289 2475 2364 diligenter
2503 2293 2928 2365 perspiciat,ne
2961 2291 3115 2347 forte
3145 2290 3372 2346 ﬂumen
3403 2285 3812 2344 amniculusve

2157 2383 2718 2457 subsit,prresidium
2741 2386 2829 2441 illi
2863 2384 3156 2458 praebens.
3189 2385 3277 2438 Ita
3294 2383 3469 2454 juxta
3490 2380 3672 2436 situm
3695 2377 3811 2433 loci

2154 2477 2452 2535 instruere
2485 2497 2546 2536 se
2578 2485 2831 2551 Oportet,
2858 2495 3190 2552 magnaque
3222 2471 3814 2550 diligentiaadhibita

2153 2571 2565 2642 peditatum,si
2596 2573 2724 2628 ﬁeri
2756 2578 2970 2646 potest,
2996 2587 3226 2645 cogere.
3260 2569 3580 2641 Suspicans
3611 2571 3811 2621 autem

2153 2660 2271 2716 dux
2288 2661 2656 2719 discessuros
2670 2664 2874 2719 hostes
2889 2664 2949 2718 in
2963 2663 3200 2734 aliaque
3214 2665 3410 2717 castra
3427 2657 3682 2714 transitu
3691 2672 3785 2710 ros
3796 2697 3809 2721 ,

2153 2751 2277 2806 sive
2335 2769 2441 2823 per
2483 2753 2818 2826 transfugas
2876 2753 3129 2808 fortasse
3159 2752 3270 2806 hoc
3328 2749 3598 2814 eductus,
3631 2744 3810 2801 debet

2152 2845 2333 2895 noctu
2364 2842 2595 2913 equites
2617 2843 2979 2914 praemittere
3013 2859 3146 2898 cum
3178 2839 3473 2912 praefectis
3502 2835 3712 2908 peritis
3750 2838 3808 2888 et

2150 2929 2435 3001 probatis,
2467 2931 2840 3003 insidiasque
2883 2948 3094 3004 parare
3151 2929 3324 2985 binas
3376 2927 3450 2982 ad
3481 2930 3801 2993 utrumque

2149 3019 2306 3075 latus
2341 3019 2466 3087 vim,
2502 3037 2619 3092 qua
2643 3021 2846 3076 hostes
2879 3018 3188 3076 transituri
3221 3018 3358 3073 sint.
3387 3015 3468 3070 Ex
3496 3014 3619 3069 illis
3649 3030 3800 3084 prm-

2148 3109 2350 3164 missis
2380 3110 2684 3181 equitibus
2713 3115 2955 3166 centum
2987 3108 3324 3166 delectosin
3356 3103 3606 3161 latibulo
3620 3102 3805 3158 collo-

2149 3201 2371 3272 cet,qui
2401 3201 2560 3257 vicos
2582 3201 2902 3258 observent
2930 3199 3129 3255 itineri
3164 3196 3637 3255 adversariorum
3663 3193 3804 3248 sub-

2141 3291 2766 3363 jacentestsumque
2798 3291 3012 3346 ducem
3029 3293 3265 3362 oportet
3284 3288 3414 3343 loco
3429 3285 3643 3342 idoneo
3667 3299 3803 3339 cum

2149 3382 2427 3437 omnibus
2459 3383 2645 3453 copiis
2677 3383 2739 3437 in
2795 3379 3028 3436 occulto
3088 3378 3435 3444 subsistere,
3471 3392 3500 3430 e
3559 3373 3804 3447 specula

2147 3471 2349 3526 hostes
2380 3475 2762 3527 transeuntes
2792 3469 3227 3525 observantem.
3259 3467 3504 3537 Equites
3528 3464 3804 3520 adversa-

2144 3561 2391 3628 riorum,
2427 3561 2528 3632 qui
2561 3559 2968 3616 frumentandi
2991 3575 3171 3614 causa
3189 3557 3347 3612 vicos
3379 3554 3622 3627 prOpius
3654 3553 3801 3608 sitos

2143 3650 2529 3721 perlustrant,
2564 3648 2744 3704 simul
2795 3655 2972 3721 atque
3019 3649 3178 3704 vicos
3237 3645 3514 3704 obsessos
3545 3642 3797 3716 ingressi

2145 3756 2215 3795 ex
2248 3741 2417 3812 equis
2444 3739 2887 3808 descenderint,
2921 3755 3209 3810 casasque
3247 3736 3609 3792 rusticorum
3631 3749 3797 3789 scru-

2143 3831 2255 3886 tari
2286 3830 2883 3903 inceperint,equites
2914 3835 3157 3886 centum
3181 3828 3242 3882 in
3269 3826 3502 3882 insidiis
3521 3823 3796 3880 collocati

2141 3919 2606 3992 impressionem
2653 3920 2713 3975 in
2745 3921 2883 3976 illos
2914 3920 3156 3986 faciant,
3192 3923 3268 3986 et,
3303 3917 3422 3973 sive
3464 3911 3795 3970 interfectis

2140 4011 2260 4066 sive
2318 4011 2507 4083 captis
2534 4015 2829 4083 quotquot
2857 4014 3201 4083 potuerunt,
3235 4005 3512 4079 evestigio
3543 4005 3694 4074 fugai
3735 4018 3798 4057 se

2139 4100 2432 4156 mandent
2455 4117 2467 4156 :
2487 4105 2852 4172 ruentesque
2876 4117 2983 4172 per
3006 4099 3158 4155 viam
3182 4096 3520 4153 interbinas
3537 4093 3798 4151 201m-

2141 4190 2324 4246 sidias
2350 4195 2766 4246 transeuntem
2827 4191 3028 4245 hostes
3069 4187 3143 4244 ad
3200 4186 3682 4259 persecutionem
3709 4187 3796 4237 at-

2140 4279 2494 4335 trahant.lta
2513 4278 2823 4352 peragitati
2847 4277 3202 4344 efﬁcient,ut
3219 4273 3540 4331 adversarii
3561 4271 3799 4326 insidiis

2141 4390 2202 4429 se
2225 4371 2667 4428 induant.Tunc
2689 4388 2825 4426 vero
2847 4375 3243 4442 prorumpant
3267 4368 3369 4441 qui
3399 4365 3718 4436 utrobique
3733 4365 3796 4421 in

2137 4461 2406 4518 latibulis
2437 4462 2618 4517 locati
2651 4465 2810 4529 sunt,
2837 4467 2894 4516 et
2923 4459 3260 4514 vehementi
3318 4458 3546 4529 impetu
3601 4456 3663 4509 in
3687 4471 3790 4510 eos

2137 4551 2293 4606 facto
2309 4567 2589 4623 magnum
2603 4550 2864 4606 hostium
2878 4565 3195 4605 numerum
3215 4547 3428 4620 gladiis
3449 4543 3791 4602 conficient.

2063 4605 2108 4670 Β
2306 4605 2765 4706 ubiuduxvidet,
2780 4640 3064 4696 continuo
3096 4605 3493 4710 ipseuquoque
3515 4652 3651 4692 cum
3674 4650 3794 4690 ma-

2135 4729 2256 4802 jori
2287 4735 2454 4802 parte
2487 4729 2579 4786 sui
2610 4730 2864 4803 agminis
2890 4728 3181 4785 acerrimo
3215 4728 3460 4783 incursu
3490 4726 3552 4781 in
3601 4725 3790 4781 aciem

2141 4819 2402 4875 hostium
2418 4836 2482 4875 se
2495 4820 2705 4876 incitet
2727 4837 2739 4875 ε
2756 4819 3022 4891 reliquos
3043 4835 3285 4874 suorum
3304 4817 3564 4873 militum
3581 4815 3792 4888 jubeat

2140 4910 2201 4964 in
2227 4915 2393 4982 terga
2407 4910 2668 4965 hostium
2697 4910 3125 4966 circumvectos
3149 4926 3217 4965 eo
3245 4909 3414 4981 signa
3437 4907 3678 4963 inferre.
3708 4907 3791 4961 Ac

2139 4999 2257 5055 nisi
2299 5005 2679 5072 peccatorum
2701 5006 3044 5056 nostrorum
3083 5016 3260 5056 causa
3289 4997 3786 5070 impedimentum

2136 5089 2385 5161 aliquod
2430 5091 2776 5157 intervenit,
2809 5090 3235 5164 expugnabunt
3290 5089 3509 5145 hostes.
3546 5088 3787 5154 Tamen,

2136 5180 2185 5234 si
2245 5179 2656 5237 vehementius
2712 5181 3055 5253 praaliantes
3121 5176 3443 5236 adversarii
3501 5174 3789 5230 obsistere

2133 5275 2474 5342 possunt,et
2504 5271 2715 5327 eodem
2746 5271 2878 5328 loco
2898 5271 3262 5327 consistente
3287 5265 3582 5339 jumentis
3605 5279 3791 5319 onera

2132 5359 2462 5433 deponunt,
2547 5363 2878 5434 etTectoque
2954 5360 3161 5416 multis
3219 5355 3467 5413 sarcinis
3537 5352 3790 5426 objectis

2128 5449 2284 5506 vallo
2302 5451 2492 5507 aciem
2515 5451 2816 5510 instruere
2829 5447 3210 5518 conantur,id
3237 5445 3478 5518 quidem
3509 5458 3789 5517 magnam

1573 5591 1636 5649 C.
1680 5591 1744 5648 B.
1791 5591 1984 5650 HASII
2011 5585 2568 5653 ANNOTATIONES.

431 5709 480 5748 ⁸³
505 5707 625 5766 κατ’
657 5704 855 5782 αὐτῶν]
885 5705 979 5763 καὶ
996 5707 1192 5765 ταυτὸν
1233 5709 1407 5770 codd.
