  <div class='ocr_page' id='page_1' title='image "/cluster/home/n/w/nwhite01/storage/ocr_20150623/117/coo.31924054870211/489.png"; bbox 0 0 4096 6440; ppageno 0'>
   <div class='ocr_carea' id='block_1_1' title="bbox 292 302 408 363">
    <p class='ocr_par' dir='ltr' id='par_1_1' title="bbox 292 302 408 363">
     <span class='ocr_line' id='line_1_1' title="bbox 292 302 408 363; baseline 0.009 -2"><span class='ocrx_word' id='word_1_1' title='bbox 292 302 408 363; x_wconf 77' lang='lat'>955</span> 
     </span>
    </p>
   </div>
   <div class='ocr_carea' id='block_1_2' title="bbox 1613 301 2368 367">
    <p class='ocr_par' dir='ltr' id='par_1_2' title="bbox 1613 301 2368 367">
     <span class='ocr_line' id='line_1_2' title="bbox 1613 301 2368 367; baseline -0.005 -1"><span class='ocrx_word' id='word_1_2' title='bbox 1613 302 2043 367; x_wconf 83' lang='lat' dir='ltr'>NICEPHORI</span> <span class='ocrx_word' id='word_1_3' title='bbox 2085 301 2368 363; x_wconf 66' lang='lat' dir='ltr'>PHOCIE</span> 
     </span>
    </p>
   </div>
   <div class='ocr_carea' id='block_1_3' title="bbox 3595 307 3715 380">
    <p class='ocr_par' dir='ltr' id='par_1_3' title="bbox 3595 307 3715 380">
     <span class='ocr_line' id='line_1_3' title="bbox 3595 307 3715 380; baseline 0 0"><span class='ocrx_word' id='word_1_4' title='bbox 3595 307 3715 380; x_wconf 78' lang='lat'><strong>956</strong></span> 
     </span>
    </p>
   </div>
   <div class='ocr_carea' id='block_1_4' title="bbox 292 433 1962 518">
    <p class='ocr_par' dir='ltr' id='par_1_4' title="bbox 292 433 1951 510">
     <span class='ocr_line' id='line_1_4' title="bbox 292 433 1951 510; baseline 0.002 -21"><span class='ocrx_word' id='word_1_5' title='bbox 292 433 710 491; x_wconf 82' lang='lat' dir='ltr'>difﬁcultatem</span> <span class='ocrx_word' id='word_1_6' title='bbox 735 435 1163 510; x_wconf 80' lang='lat' dir='ltr'>oppugnationi</span> <span class='ocrx_word' id='word_1_7' title='bbox 1183 439 1536 496; x_wconf 79' lang='lat' dir='ltr'>aﬂ‘eret.Sed</span> <span class='ocrx_word' id='word_1_8' title='bbox 1557 438 1951 496; x_wconf 86' lang='lat' dir='ltr'>nihilominus</span> 
     </span>
    </p>
   </div>
   <div class='ocr_carea' id='block_1_5' title="bbox 2070 433 3714 518">
    <p class='ocr_par' dir='ltr' id='par_1_5' title="bbox 2070 434 3714 518">
     <span class='ocr_line' id='line_1_5' title="bbox 2070 434 3714 518; baseline -0.003 -20"><span class='ocrx_word' id='word_1_9' title='bbox 2070 444 2264 518; x_wconf 89' lang='grc' dir='ltr'>χαίρας</span> <span class='ocrx_word' id='word_1_10' title='bbox 2295 442 2644 512; x_wconf 69' lang='grc' dir='ltr'>ποιήσονται.</span> <span class='ocrx_word' id='word_1_11' title='bbox 2682 439 2791 495; x_wconf 77' lang='grc' dir='ltr'>Τοῦ</span> <span class='ocrx_word' id='word_1_12' title='bbox 2823 434 2882 493; x_wconf 73' lang='grc' dir='ltr'>δὶ</span> <span class='ocrx_word' id='word_1_13' title='bbox 2910 439 3220 514; x_wconf 88' lang='grc' dir='ltr'>στρατηγοῦ</span> <span class='ocrx_word' id='word_1_14' title='bbox 3245 439 3415 493; x_wconf 78' lang='grc' dir='ltr'>ταῦτα</span> <span class='ocrx_word' id='word_1_15' title='bbox 3447 437 3714 514; x_wconf 70' lang='grc' dir='ltr'>δρῶντος,</span> 
     </span>
    </p>
   </div>
   <div class='ocr_carea' id='block_1_6' title="bbox 299 523 1952 603">
    <p class='ocr_par' dir='ltr' id='par_1_6' title="bbox 299 523 1952 603">
     <span class='ocr_line' id='line_1_6' title="bbox 299 523 1952 603; baseline 0.002 -25"><span class='ocrx_word' id='word_1_16' title='bbox 299 523 479 578; x_wconf 87' lang='lat' dir='ltr'>debet</span> <span class='ocrx_word' id='word_1_17' title='bbox 508 524 625 579; x_wconf 92' lang='lat' dir='ltr'>dux</span> <span class='ocrx_word' id='word_1_18' title='bbox 657 541 877 580; x_wconf 84' lang='lat' dir='ltr'>corona</span> <span class='ocrx_word' id='word_1_19' title='bbox 907 525 1063 582; x_wconf 88' lang='lat' dir='ltr'>facta</span> <span class='ocrx_word' id='word_1_20' title='bbox 1091 527 1358 600; x_wconf 91' lang='lat' dir='ltr'>undique</span> <span class='ocrx_word' id='word_1_21' title='bbox 1385 530 1552 603; x_wconf 88' lang='lat' dir='ltr'>signa</span> <span class='ocrx_word' id='word_1_22' title='bbox 1574 529 1882 596; x_wconf 90' lang='lat' dir='ltr'>inferre,et</span> <span class='ocrx_word' id='word_1_23' title='bbox 1903 528 1952 582; x_wconf 88' lang='lat' dir='ltr'>si</span> 
     </span>
    </p>
   </div>
   <div class='ocr_carea' id='block_1_7' title="bbox 301 614 1953 690">
    <p class='ocr_par' dir='ltr' id='par_1_7' title="bbox 301 614 1953 690">
     <span class='ocr_line' id='line_1_7' title="bbox 301 614 1953 690; baseline 0.002 -22"><span class='ocrx_word' id='word_1_24' title='bbox 301 630 419 684; x_wconf 90' lang='lat' dir='ltr'>qua</span> <span class='ocrx_word' id='word_1_25' title='bbox 441 631 574 685; x_wconf 86' lang='lat' dir='ltr'>spes</span> <span class='ocrx_word' id='word_1_26' title='bbox 605 614 1047 686; x_wconf 84' lang='lat' dir='ltr'>est,peditatum</span> <span class='ocrx_word' id='word_1_27' title='bbox 1090 617 1304 674; x_wconf 81' lang='lat' dir='ltr'>itinere</span> <span class='ocrx_word' id='word_1_28' title='bbox 1335 620 1610 675; x_wconf 78' lang='lat' dir='ltr'>celeriter</span> <span class='ocrx_word' id='word_1_29' title='bbox 1637 619 1793 674; x_wconf 89' lang='lat' dir='ltr'>facto</span> <span class='ocrx_word' id='word_1_30' title='bbox 1824 620 1953 690; x_wconf 89' lang='lat' dir='ltr'>ipso</span> 
     </span>
    </p>
   </div>
   <div class='ocr_carea' id='block_1_8' title="bbox 302 703 1954 778">
    <p class='ocr_par' dir='ltr' id='par_1_8' title="bbox 302 703 1954 778">
     <span class='ocr_line' id='line_1_8' title="bbox 302 703 1954 778; baseline 0.003 -20"><span class='ocrx_word' id='word_1_31' title='bbox 302 704 396 759; x_wconf 89' lang='lat' dir='ltr'>die</span> <span class='ocrx_word' id='word_1_32' title='bbox 421 705 607 776; x_wconf 67' lang='lat' dir='ltr'>praelii</span> <span class='ocrx_word' id='word_1_33' title='bbox 635 703 915 761; x_wconf 83' lang='lat' dir='ltr'>advenire</span> <span class='ocrx_word' id='word_1_34' title='bbox 947 709 1208 778; x_wconf 90' lang='lat' dir='ltr'>posse,id</span> <span class='ocrx_word' id='word_1_35' title='bbox 1234 717 1300 764; x_wconf 91' lang='lat' dir='ltr'>ut</span> <span class='ocrx_word' id='word_1_36' title='bbox 1331 711 1436 766; x_wconf 80' lang='lat' dir='ltr'>fiat</span> <span class='ocrx_word' id='word_1_37' title='bbox 1469 709 1882 775; x_wconf 91' lang='lat' dir='ltr'>curare.Quod</span> <span class='ocrx_word' id='word_1_38' title='bbox 1904 709 1954 764; x_wconf 87' lang='lat' dir='ltr'>si</span> 
     </span>
    </p>
   </div>
   <div class='ocr_carea' id='block_1_9' title="bbox 303 793 1954 872">
    <p class='ocr_par' dir='ltr' id='par_1_9' title="bbox 303 793 1954 872">
     <span class='ocr_line' id='line_1_9' title="bbox 303 793 1954 872; baseline 0.004 -26"><span class='ocrx_word' id='word_1_39' title='bbox 303 793 428 847; x_wconf 83' lang='lat' dir='ltr'>ﬁeri</span> <span class='ocrx_word' id='word_1_40' title='bbox 453 809 573 848; x_wconf 91' lang='lat' dir='ltr'>non</span> <span class='ocrx_word' id='word_1_41' title='bbox 605 799 800 865; x_wconf 78' lang='lat' dir='ltr'>potest</span> <span class='ocrx_word' id='word_1_42' title='bbox 829 803 1074 868; x_wconf 87' lang='lat' dir='ltr'>propter</span> <span class='ocrx_word' id='word_1_43' title='bbox 1097 797 1872 872; x_wconf 89' lang='lat' dir='ltr'>longinquitatem,idoneos</span> <span class='ocrx_word' id='word_1_44' title='bbox 1885 816 1954 854; x_wconf 85' lang='lat' dir='ltr'>ex</span> 
     </span>
    </p>
   </div>
   <div class='ocr_carea' id='block_1_10' title="bbox 299 883 1956 963">
    <p class='ocr_par' dir='ltr' id='par_1_10' title="bbox 299 883 1956 963">
     <span class='ocr_line' id='line_1_10' title="bbox 299 883 1956 963; baseline 0.004 -25"><span class='ocrx_word' id='word_1_45' title='bbox 299 883 601 954; x_wconf 86' lang='lat' dir='ltr'>equitibus</span> <span class='ocrx_word' id='word_1_46' title='bbox 617 885 979 942; x_wconf 89' lang='lat' dir='ltr'>descendere</span> <span class='ocrx_word' id='word_1_47' title='bbox 995 889 1066 943; x_wconf 89' lang='lat' dir='ltr'>de</span> <span class='ocrx_word' id='word_1_48' title='bbox 1081 889 1820 963; x_wconf 82' lang='lat' dir='ltr'>equisjubeat,etpedibus</span> <span class='ocrx_word' id='word_1_49' title='bbox 1836 906 1956 945; x_wconf 87' lang='lat' dir='ltr'>una</span> 
     </span>
    </p>
   </div>
   <div class='ocr_carea' id='block_1_11' title="bbox 298 974 1956 1048">
    <p class='ocr_par' dir='ltr' id='par_1_11' title="bbox 298 974 1956 1048">
     <span class='ocr_line' id='line_1_11' title="bbox 298 974 1956 1048; baseline 0.004 -20"><span class='ocrx_word' id='word_1_50' title='bbox 298 989 431 1028; x_wconf 90' lang='lat' dir='ltr'>cum</span> <span class='ocrx_word' id='word_1_51' title='bbox 455 974 723 1044; x_wconf 89' lang='lat' dir='ltr'>equitatu</span> <span class='ocrx_word' id='word_1_52' title='bbox 743 975 1018 1046; x_wconf 71' lang='lat' dir='ltr'>prmlium</span> <span class='ocrx_word' id='word_1_53' title='bbox 1052 995 1188 1034; x_wconf 91' lang='lat' dir='ltr'>cum</span> <span class='ocrx_word' id='word_1_54' title='bbox 1214 980 1568 1037; x_wconf 89' lang='lat' dir='ltr'>adversariis</span> <span class='ocrx_word' id='word_1_55' title='bbox 1589 981 1764 1048; x_wconf 91' lang='lat' dir='ltr'>inire,</span> <span class='ocrx_word' id='word_1_56' title='bbox 1789 996 1956 1036; x_wconf 87' lang='lat' dir='ltr'>arcu-</span> 
     </span>
    </p>
   </div>
   <div class='ocr_carea' id='block_1_12' title="bbox 303 1061 1954 1142">
    <p class='ocr_par' dir='ltr' id='par_1_12' title="bbox 303 1061 1954 1142">
     <span class='ocr_line' id='line_1_12' title="bbox 303 1061 1954 1142; baseline 0.005 -26"><span class='ocrx_word' id='word_1_57' title='bbox 303 1061 1067 1140; x_wconf 70' lang='lat' dir='ltr'>bus,fundis,hastis,scutis</span> <span class='ocrx_word' id='word_1_58' title='bbox 1097 1071 1605 1142; x_wconf 89' lang='lat' dir='ltr'>utentes.0portet</span> <span class='ocrx_word' id='word_1_59' title='bbox 1627 1075 1825 1126; x_wconf 87' lang='lat' dir='ltr'>autem</span> <span class='ocrx_word' id='word_1_60' title='bbox 1842 1069 1954 1124; x_wconf 85' lang='lat' dir='ltr'>du-</span> 
     </span>
    </p>
   </div>
   <div class='ocr_carea' id='block_1_13' title="bbox 300 1154 1954 1230">
    <p class='ocr_par' dir='ltr' id='par_1_13' title="bbox 300 1154 1954 1230">
     <span class='ocr_line' id='line_1_13' title="bbox 300 1154 1954 1230; baseline 0.005 -25"><span class='ocrx_word' id='word_1_61' title='bbox 300 1169 429 1206; x_wconf 87' lang='lat' dir='ltr'>cem</span> <span class='ocrx_word' id='word_1_62' title='bbox 453 1157 511 1207; x_wconf 93' lang='lat' dir='ltr'>et</span> <span class='ocrx_word' id='word_1_63' title='bbox 541 1154 806 1210; x_wconf 85' lang='lat' dir='ltr'>sarcinas</span> <span class='ocrx_word' id='word_1_64' title='bbox 823 1171 983 1226; x_wconf 91' lang='lat' dir='ltr'>suas,</span> <span class='ocrx_word' id='word_1_65' title='bbox 1018 1162 1078 1211; x_wconf 90' lang='lat' dir='ltr'>et</span> <span class='ocrx_word' id='word_1_66' title='bbox 1096 1159 1543 1230; x_wconf 86' lang='lat' dir='ltr'>impedimenta,</span> <span class='ocrx_word' id='word_1_67' title='bbox 1563 1161 1612 1216; x_wconf 90' lang='lat' dir='ltr'>si</span> <span class='ocrx_word' id='word_1_68' title='bbox 1640 1158 1748 1214; x_wconf 87' lang='lat' dir='ltr'>sub</span> <span class='ocrx_word' id='word_1_69' title='bbox 1771 1174 1954 1214; x_wconf 91' lang='lat' dir='ltr'>manu</span> 
     </span>
    </p>
   </div>
   <div class='ocr_carea' id='block_1_14' title="bbox 301 1242 1952 1320">
    <p class='ocr_par' dir='ltr' id='par_1_14' title="bbox 301 1242 1952 1320">
     <span class='ocr_line' id='line_1_14' title="bbox 301 1242 1952 1320; baseline 0.003 -23"><span class='ocrx_word' id='word_1_70' title='bbox 301 1242 653 1310; x_wconf 91' lang='lat' dir='ltr'>sint,secum</span> <span class='ocrx_word' id='word_1_71' title='bbox 685 1243 1374 1320; x_wconf 89' lang='lat' dir='ltr'>adducere,propiusque</span> <span class='ocrx_word' id='word_1_72' title='bbox 1397 1250 1598 1305; x_wconf 89' lang='lat' dir='ltr'>hostes</span> <span class='ocrx_word' id='word_1_73' title='bbox 1619 1249 1952 1317; x_wconf 88' lang='lat' dir='ltr'>considere,</span> 
     </span>
    </p>
   </div>
   <div class='ocr_carea' id='block_1_15' title="bbox 298 1333 1953 1410">
    <p class='ocr_par' dir='ltr' id='par_1_15' title="bbox 298 1333 1953 1410">
     <span class='ocr_line' id='line_1_15' title="bbox 298 1333 1953 1410; baseline 0.003 -22"><span class='ocrx_word' id='word_1_74' title='bbox 298 1339 366 1388; x_wconf 92' lang='lat' dir='ltr'>ut</span> <span class='ocrx_word' id='word_1_75' title='bbox 389 1333 768 1389; x_wconf 84' lang='lat' dir='ltr'>formidinem</span> <span class='ocrx_word' id='word_1_76' title='bbox 798 1335 918 1390; x_wconf 88' lang='lat' dir='ltr'>illis</span> <span class='ocrx_word' id='word_1_77' title='bbox 942 1353 1009 1392; x_wconf 92' lang='lat' dir='ltr'>ac</span> <span class='ocrx_word' id='word_1_78' title='bbox 1039 1337 1517 1410; x_wconf 84' lang='lat' dir='ltr'>desperationem</span> <span class='ocrx_word' id='word_1_79' title='bbox 1550 1341 1703 1397; x_wconf 73' lang='lat'><strong>208</strong></span> <span class='ocrx_word' id='word_1_80' title='bbox 1725 1341 1953 1396; x_wconf 73' lang='lat' dir='ltr'>afferat.</span> 
     </span>
    </p>
   </div>
   <div class='ocr_carea' id='block_1_16' title="bbox 298 1422 1958 1497">
    <p class='ocr_par' dir='ltr' id='par_1_16' title="bbox 298 1422 1958 1497">
     <span class='ocr_line' id='line_1_16' title="bbox 298 1422 1958 1497; baseline 0.004 -20"><span class='ocrx_word' id='word_1_81' title='bbox 298 1423 462 1488; x_wconf 90' lang='lat' dir='ltr'>Quod</span> <span class='ocrx_word' id='word_1_82' title='bbox 495 1422 543 1478; x_wconf 91' lang='lat' dir='ltr'>si</span> <span class='ocrx_word' id='word_1_83' title='bbox 577 1438 645 1478; x_wconf 91' lang='lat' dir='ltr'>eo</span> <span class='ocrx_word' id='word_1_84' title='bbox 676 1423 739 1478; x_wconf 92' lang='lat' dir='ltr'>in</span> <span class='ocrx_word' id='word_1_85' title='bbox 773 1423 902 1480; x_wconf 92' lang='lat' dir='ltr'>loco</span> <span class='ocrx_word' id='word_1_86' title='bbox 934 1443 1104 1497; x_wconf 69' lang='lat' dir='ltr'>aquae</span> <span class='ocrx_word' id='word_1_87' title='bbox 1136 1428 1302 1485; x_wconf 90' lang='lat' dir='ltr'>nulla</span> <span class='ocrx_word' id='word_1_88' title='bbox 1336 1431 1580 1485; x_wconf 89' lang='lat' dir='ltr'>omnino</span> <span class='ocrx_word' id='word_1_89' title='bbox 1604 1429 1853 1486; x_wconf 84' lang='lat' dir='ltr'>facultas</span> <span class='ocrx_word' id='word_1_90' title='bbox 1867 1433 1958 1483; x_wconf 91' lang='lat' dir='ltr'>est</span> 
     </span>
    </p>
   </div>
   <div class='ocr_carea' id='block_1_17' title="bbox 300 1513 1954 1591">
    <p class='ocr_par' dir='ltr' id='par_1_17' title="bbox 300 1513 1954 1591">
     <span class='ocr_line' id='line_1_17' title="bbox 300 1513 1954 1591; baseline 0.002 -23"><span class='ocrx_word' id='word_1_91' title='bbox 300 1513 358 1568; x_wconf 91' lang='lat' dir='ltr'>id</span> <span class='ocrx_word' id='word_1_92' title='bbox 393 1531 630 1586; x_wconf 91' lang='lat' dir='ltr'>quoque</span> <span class='ocrx_word' id='word_1_93' title='bbox 657 1531 777 1569; x_wconf 92' lang='lat' dir='ltr'>non</span> <span class='ocrx_word' id='word_1_94' title='bbox 810 1515 1194 1572; x_wconf 90' lang='lat' dir='ltr'>mediocriter</span> <span class='ocrx_word' id='word_1_95' title='bbox 1224 1520 1456 1575; x_wconf 87' lang='lat' dir='ltr'>animos</span> <span class='ocrx_word' id='word_1_96' title='bbox 1486 1536 1692 1575; x_wconf 92' lang='lat' dir='ltr'>eorum</span> <span class='ocrx_word' id='word_1_97' title='bbox 1723 1524 1954 1591; x_wconf 91' lang='lat' dir='ltr'>pertur-</span> 
     </span>
    </p>
   </div>
   <div class='ocr_carea' id='block_1_18' title="bbox 295 1603 1955 1678">
    <p class='ocr_par' dir='ltr' id='par_1_18' title="bbox 295 1603 1955 1678">
     <span class='ocr_line' id='line_1_18' title="bbox 295 1603 1955 1678; baseline 0.004 -20"><span class='ocrx_word' id='word_1_98' title='bbox 295 1603 495 1660; x_wconf 92' lang='lat' dir='ltr'>babit:</span> <span class='ocrx_word' id='word_1_99' title='bbox 529 1609 587 1660; x_wconf 93' lang='lat' dir='ltr'>et</span> <span class='ocrx_word' id='word_1_100' title='bbox 627 1603 675 1659; x_wconf 90' lang='lat' dir='ltr'>si</span> <span class='ocrx_word' id='word_1_101' title='bbox 705 1621 826 1660; x_wconf 92' lang='lat' dir='ltr'>non</span> <span class='ocrx_word' id='word_1_102' title='bbox 855 1605 1124 1663; x_wconf 90' lang='lat' dir='ltr'>funditus</span> <span class='ocrx_word' id='word_1_103' title='bbox 1151 1609 1287 1665; x_wconf 92' lang='lat' dir='ltr'>illos</span> <span class='ocrx_word' id='word_1_104' title='bbox 1317 1609 1496 1678; x_wconf 88' lang='lat' dir='ltr'>delet,</span> <span class='ocrx_word' id='word_1_105' title='bbox 1519 1615 1579 1666; x_wconf 91' lang='lat' dir='ltr'>at</span> <span class='ocrx_word' id='word_1_106' title='bbox 1614 1615 1774 1666; x_wconf 91' lang='lat' dir='ltr'>certe</span> <span class='ocrx_word' id='word_1_107' title='bbox 1803 1609 1955 1664; x_wconf 85' lang='lat' dir='ltr'>mul-</span> 
     </span>
    </p>
   </div>
   <div class='ocr_carea' id='block_1_19' title="bbox 292 1695 1961 1770">
    <p class='ocr_par' dir='ltr' id='par_1_19' title="bbox 292 1695 1961 1770">
     <span class='ocr_line' id='line_1_19' title="bbox 292 1695 1961 1770; baseline 0.002 -21"><span class='ocrx_word' id='word_1_108' title='bbox 292 1699 384 1749; x_wconf 89' lang='lat' dir='ltr'>tos</span> <span class='ocrx_word' id='word_1_109' title='bbox 407 1710 614 1750; x_wconf 90' lang='lat' dir='ltr'>eorum</span> <span class='ocrx_word' id='word_1_110' title='bbox 635 1695 896 1766; x_wconf 90' lang='lat' dir='ltr'>captivos</span> <span class='ocrx_word' id='word_1_111' title='bbox 926 1696 1122 1763; x_wconf 88' lang='lat' dir='ltr'>faciet,</span> <span class='ocrx_word' id='word_1_112' title='bbox 1146 1699 1348 1770; x_wconf 89' lang='lat' dir='ltr'>plures</span> <span class='ocrx_word' id='word_1_113' title='bbox 1371 1702 1552 1756; x_wconf 91' lang='lat' dir='ltr'>etiam</span> <span class='ocrx_word' id='word_1_114' title='bbox 1579 1706 1705 1756; x_wconf 92' lang='lat' dir='ltr'>tum</span> <span class='ocrx_word' id='word_1_115' title='bbox 1730 1700 1961 1756; x_wconf 85' lang='lat' dir='ltr'>interfi-</span> 
     </span>
    </p>
   </div>
   <div class='ocr_carea' id='block_1_20' title="bbox 2059 524 3716 611">
    <p class='ocr_par' dir='ltr' id='par_1_20' title="bbox 2059 524 3716 611">
     <span class='ocr_line' id='line_1_20' title="bbox 2059 524 3716 611; baseline -0.008 -18"><span class='ocrx_word' id='word_1_116' title='bbox 2059 535 2370 611; x_wconf 77' lang='grc' dir='ltr'>παραυτίκα</span> <span class='ocrx_word' id='word_1_117' title='bbox 2424 529 2515 586; x_wconf 80' lang='grc' dir='ltr'>καὶ</span> <span class='ocrx_word' id='word_1_118' title='bbox 2572 528 2732 590; x_wconf 85' lang='grc' dir='ltr'>αὐτὸς</span> <span class='ocrx_word' id='word_1_119' title='bbox 2797 529 2933 601; x_wconf 81' lang='grc' dir='ltr'>μετὰ</span> <span class='ocrx_word' id='word_1_120' title='bbox 2984 530 3092 582; x_wconf 90' lang='grc' dir='ltr'>τῶν</span> <span class='ocrx_word' id='word_1_121' title='bbox 3145 524 3415 582; x_wconf 87' lang='grc' dir='ltr'>πλειόνων</span> <span class='ocrx_word' id='word_1_122' title='bbox 3459 531 3557 582; x_wconf 82' lang='grc' dir='ltr'>τοῦ</span> <span class='ocrx_word' id='word_1_123' title='bbox 3621 529 3716 584; x_wconf 77' lang='grc' dir='ltr'>σὺν</span> 
     </span>
    </p>
   </div>
   <div class='ocr_carea' id='block_1_21' title="bbox 2059 613 3713 698">
    <p class='ocr_par' dir='ltr' id='par_1_21' title="bbox 2059 613 3713 698">
     <span class='ocr_line' id='line_1_21' title="bbox 2059 613 3713 698; baseline -0.007 -15"><span class='ocrx_word' id='word_1_124' title='bbox 2059 627 2206 698; x_wconf 86' lang='grc' dir='ltr'>αὐτῷ</span> <span class='ocrx_word' id='word_1_125' title='bbox 2229 623 2368 679; x_wconf 78' lang='grc' dir='ltr'>λαοῦ</span> <span class='ocrx_word' id='word_1_126' title='bbox 2398 619 2451 676; x_wconf 83' lang='grc' dir='ltr'>έν</span> <span class='ocrx_word' id='word_1_127' title='bbox 2488 620 2777 693; x_wconf 81' lang='grc' dir='ltr'>ὁρμήματι</span> <span class='ocrx_word' id='word_1_128' title='bbox 2837 615 3192 695; x_wconf 76' lang='grc' dir='ltr'>σφοδροτάτῳ</span> <span class='ocrx_word' id='word_1_129' title='bbox 3240 619 3338 686; x_wconf 74' lang='grc' dir='ltr'>τήν</span> <span class='ocrx_word' id='word_1_130' title='bbox 3389 613 3713 693; x_wconf 75' lang='grc' dir='ltr'>προσϐολὴν</span> 
     </span>
    </p>
   </div>
   <div class='ocr_carea' id='block_1_22' title="bbox 2059 707 3716 787">
    <p class='ocr_par' dir='ltr' id='par_1_22' title="bbox 2059 707 3716 787">
     <span class='ocr_line' id='line_1_22' title="bbox 2059 707 3716 787; baseline -0.001 -21"><span class='ocrx_word' id='word_1_131' title='bbox 2059 716 2136 779; x_wconf 81' lang='grc' dir='ltr'>εἰς</span> <span class='ocrx_word' id='word_1_132' title='bbox 2163 716 2264 782; x_wconf 79' lang='grc' dir='ltr'>τὴν</span> <span class='ocrx_word' id='word_1_133' title='bbox 2297 711 2590 787; x_wconf 79' lang='grc' dir='ltr'>παράταξιν</span> <span class='ocrx_word' id='word_1_134' title='bbox 2648 711 2755 762; x_wconf 91' lang='grc' dir='ltr'>τῶν</span> <span class='ocrx_word' id='word_1_135' title='bbox 2815 707 3102 780; x_wconf 87' lang='grc' dir='ltr'>πολεμίων</span> <span class='ocrx_word' id='word_1_136' title='bbox 3157 707 3407 763; x_wconf 84' lang='grc' dir='ltr'>ποιείτω⁶</span> <span class='ocrx_word' id='word_1_137' title='bbox 3466 709 3596 772; x_wconf 81' lang='grc' dir='ltr'>τοὺς</span> <span class='ocrx_word' id='word_1_138' title='bbox 3658 708 3716 765; x_wconf 87' lang='grc' dir='ltr'>δέ</span> 
     </span>
    </p>
   </div>
   <div class='ocr_carea' id='block_1_23' title="bbox 2059 797 3714 882">
    <p class='ocr_par' dir='ltr' id='par_1_23' title="bbox 2059 797 3714 882">
     <span class='ocr_line' id='line_1_23' title="bbox 2059 797 3714 882; baseline -0.004 -21"><span class='ocrx_word' id='word_1_139' title='bbox 2059 828 2121 882; x_wconf 87' lang='grc' dir='ltr'>γε</span> <span class='ocrx_word' id='word_1_140' title='bbox 2155 801 2493 862; x_wconf 81' lang='grc' dir='ltr'>ὑπολοίπους</span> <span class='ocrx_word' id='word_1_141' title='bbox 2522 803 2619 854; x_wconf 79' lang='grc' dir='ltr'>τοῦ</span> <span class='ocrx_word' id='word_1_142' title='bbox 2651 797 2790 852; x_wconf 80' lang='grc' dir='ltr'>λαοῦ</span> <span class='ocrx_word' id='word_1_143' title='bbox 2819 797 2985 852; x_wconf 74' lang='grc' dir='ltr'>αὐτοῦ</span> <span class='ocrx_word' id='word_1_144' title='bbox 3015 798 3151 853; x_wconf 74' lang='grc' dir='ltr'>κατὰ</span> <span class='ocrx_word' id='word_1_145' title='bbox 3179 801 3356 854; x_wconf 84' lang='grc' dir='ltr'>νώτου</span> <span class='ocrx_word' id='word_1_146' title='bbox 3397 802 3503 853; x_wconf 90' lang='grc' dir='ltr'>τῶν</span> <span class='ocrx_word' id='word_1_147' title='bbox 3537 799 3714 855; x_wconf 89' lang='grc' dir='ltr'>πολε-</span> 
     </span>
    </p>
   </div>
   <div class='ocr_carea' id='block_1_24' title="bbox 2065 887 3716 970">
    <p class='ocr_par' dir='ltr' id='par_1_24' title="bbox 2065 887 3716 970">
     <span class='ocr_line' id='line_1_24' title="bbox 2065 887 3716 970; baseline -0.001 -21"><span class='ocrx_word' id='word_1_148' title='bbox 2065 895 2202 970; x_wconf 88' lang='grc' dir='ltr'>μίων</span> <span class='ocrx_word' id='word_1_149' title='bbox 2237 893 2502 968; x_wconf 85' lang='grc' dir='ltr'>γενέσθαι,</span> <span class='ocrx_word' id='word_1_150' title='bbox 2528 889 2618 944; x_wconf 80' lang='grc' dir='ltr'>καὶ</span> <span class='ocrx_word' id='word_1_151' title='bbox 2651 887 2878 962; x_wconf 80' lang='grc' dir='ltr'>συνάψαι</span> <span class='ocrx_word' id='word_1_152' title='bbox 2928 887 3178 960; x_wconf 87' lang='grc' dir='ltr'>πόλεμον</span> <span class='ocrx_word' id='word_1_153' title='bbox 3233 889 3716 963; x_wconf 86' lang='grc' dir='ltr'>παρασκευασάτω.</span> 
     </span>
    </p>
   </div>
   <div class='ocr_carea' id='block_1_25' title="bbox 2061 973 3718 1056">
    <p class='ocr_par' dir='ltr' id='par_1_25' title="bbox 2061 973 3718 1056">
     <span class='ocr_line' id='line_1_25' title="bbox 2061 973 3718 1056; baseline -0.005 -15"><span class='ocrx_word' id='word_1_154' title='bbox 2061 984 2166 1042; x_wconf 85' lang='grc' dir='ltr'>Καὶ</span> <span class='ocrx_word' id='word_1_155' title='bbox 2200 982 2246 1038; x_wconf 81' lang='grc' dir='ltr'>εί</span> <span class='ocrx_word' id='word_1_156' title='bbox 2281 983 2357 1056; x_wconf 75' lang='grc' dir='ltr'>μή</span> <span class='ocrx_word' id='word_1_157' title='bbox 2390 1002 2443 1036; x_wconf 91' lang='grc' dir='ltr'>τι</span> <span class='ocrx_word' id='word_1_158' title='bbox 2471 975 2738 1053; x_wconf 77' lang='grc' dir='ltr'>ἐμπόδιον</span> <span class='ocrx_word' id='word_1_159' title='bbox 2771 976 2822 1051; x_wconf 76' lang='grc' dir='ltr'>ἐξ</span> <span class='ocrx_word' id='word_1_160' title='bbox 2854 973 3136 1053; x_wconf 75' lang='grc' dir='ltr'>ἡμετέρων</span> <span class='ocrx_word' id='word_1_161' title='bbox 3162 979 3444 1052; x_wconf 79' lang='grc' dir='ltr'>ἁμαρτιῶν</span> <span class='ocrx_word' id='word_1_162' title='bbox 3466 979 3718 1054; x_wconf 87' lang='grc' dir='ltr'>γένηται,</span> 
     </span>
    </p>
   </div>
   <div class='ocr_carea' id='block_1_26' title="bbox 2058 1067 3722 1146">
    <p class='ocr_par' dir='ltr' id='par_1_26' title="bbox 2058 1067 3722 1146">
     <span class='ocr_line' id='line_1_26' title="bbox 2058 1067 3722 1146; baseline -0.002 -18"><span class='ocrx_word' id='word_1_163' title='bbox 2058 1078 2166 1129; x_wconf 92' lang='grc' dir='ltr'>τῶν</span> <span class='ocrx_word' id='word_1_164' title='bbox 2213 1069 2501 1144; x_wconf 77' lang='grc' dir='ltr'>πολεμίων</span> <span class='ocrx_word' id='word_1_165' title='bbox 2566 1067 3052 1143; x_wconf 80' lang='grc' dir='ltr'>ὑπερισχύσουσιν,</span> <span class='ocrx_word' id='word_1_166' title='bbox 3117 1069 3175 1126; x_wconf 86' lang='lat' dir='ltr'>Ei</span> <span class='ocrx_word' id='word_1_167' title='bbox 3237 1067 3295 1124; x_wconf 84' lang='grc' dir='ltr'>δέ</span> <span class='ocrx_word' id='word_1_168' title='bbox 3352 1091 3417 1146; x_wconf 92' lang='grc' dir='ltr'>γε</span> <span class='ocrx_word' id='word_1_169' title='bbox 3475 1069 3722 1145; x_wconf 78' lang='grc' dir='ltr'>ἰσχυρῶς</span> 
     </span>
    </p>
   </div>
   <div class='ocr_carea' id='block_1_27' title="bbox 2064 1155 3718 1238">
    <p class='ocr_par' dir='ltr' id='par_1_27' title="bbox 2064 1155 3718 1238">
     <span class='ocr_line' id='line_1_27' title="bbox 2064 1155 3718 1238; baseline -0.004 -20"><span class='ocrx_word' id='word_1_170' title='bbox 2064 1163 2373 1238; x_wconf 87' lang='grc' dir='ltr'>μαχόμενοι</span> <span class='ocrx_word' id='word_1_171' title='bbox 2406 1160 2458 1215; x_wconf 77' lang='grc' dir='ltr'>οἱ</span> <span class='ocrx_word' id='word_1_172' title='bbox 2488 1156 2754 1231; x_wconf 84' lang='grc' dir='ltr'>πολέμιοι</span> <span class='ocrx_word' id='word_1_173' title='bbox 2785 1158 3062 1233; x_wconf 84' lang='grc' dir='ltr'>ἀντισχεῖν</span> <span class='ocrx_word' id='word_1_174' title='bbox 3097 1155 3396 1230; x_wconf 78' lang='grc' dir='ltr'>δυνηθῶσι,</span> <span class='ocrx_word' id='word_1_175' title='bbox 3451 1158 3543 1215; x_wconf 87' lang='grc' dir='ltr'>καὶ</span> <span class='ocrx_word' id='word_1_176' title='bbox 3577 1163 3718 1213; x_wconf 85' lang='grc' dir='ltr'>στῶ-</span> 
     </span>
    </p>
   </div>
   <div class='ocr_carea' id='block_1_28' title="bbox 2063 1247 3719 1328">
    <p class='ocr_par' dir='ltr' id='par_1_28' title="bbox 2063 1247 3719 1328">
     <span class='ocr_line' id='line_1_28' title="bbox 2063 1247 3719 1328; baseline -0.002 -20"><span class='ocrx_word' id='word_1_177' title='bbox 2063 1275 2144 1308; x_wconf 90' lang='grc' dir='ltr'>σιν</span> <span class='ocrx_word' id='word_1_178' title='bbox 2179 1252 2230 1308; x_wconf 80' lang='grc' dir='ltr'>έν</span> <span class='ocrx_word' id='word_1_179' title='bbox 2263 1256 2343 1324; x_wconf 75' lang='grc' dir='ltr'>τῷ</span> <span class='ocrx_word' id='word_1_180' title='bbox 2372 1251 2518 1321; x_wconf 85' lang='grc' dir='ltr'>αὑτῷ</span> <span class='ocrx_word' id='word_1_181' title='bbox 2573 1248 2729 1321; x_wconf 83' lang='grc' dir='ltr'>τόπῳ</span> <span class='ocrx_word' id='word_1_182' title='bbox 2785 1248 2851 1303; x_wconf 86' lang='grc' dir='ltr'>τά</span> <span class='ocrx_word' id='word_1_183' title='bbox 2908 1247 3194 1325; x_wconf 79' lang='grc' dir='ltr'>ἀχθοφόρα</span> <span class='ocrx_word' id='word_1_184' title='bbox 3250 1254 3362 1319; x_wconf 86' lang='grc' dir='ltr'>ζῶα</span> <span class='ocrx_word' id='word_1_185' title='bbox 3417 1251 3719 1328; x_wconf 78' lang='grc' dir='ltr'>ἀποφορτί-</span> 
     </span>
    </p>
   </div>
   <div class='ocr_carea' id='block_1_29' title="bbox 2063 1335 3720 1413">
    <p class='ocr_par' dir='ltr' id='par_1_29' title="bbox 2063 1335 3720 1413">
     <span class='ocr_line' id='line_1_29' title="bbox 2063 1335 3720 1413; baseline -0.004 -15"><span class='ocrx_word' id='word_1_186' title='bbox 2063 1364 2273 1413; x_wconf 87' lang='grc' dir='ltr'>σαντες,</span> <span class='ocrx_word' id='word_1_187' title='bbox 2361 1338 2641 1410; x_wconf 82' lang='grc' dir='ltr'>ἄπληκτον</span> <span class='ocrx_word' id='word_1_188' title='bbox 2695 1335 2856 1408; x_wconf 82' lang='grc' dir='ltr'>δῆθεν</span> <span class='ocrx_word' id='word_1_189' title='bbox 2916 1339 3002 1410; x_wconf 89' lang='grc' dir='ltr'>[Ρ.</span> <span class='ocrx_word' id='word_1_190' title='bbox 3067 1341 3188 1413; x_wconf 79' lang='grc'><strong>134]</strong></span> <span class='ocrx_word' id='word_1_191' title='bbox 3273 1337 3597 1411; x_wconf 79' lang='grc' dir='ltr'>ποιούμενοι</span> <span class='ocrx_word' id='word_1_192' title='bbox 3657 1335 3720 1392; x_wconf 78' lang='grc' dir='ltr'>ἐκ</span> 
     </span>
    </p>
   </div>
   <div class='ocr_carea' id='block_1_30' title="bbox 2060 1425 3716 1502">
    <p class='ocr_par' dir='ltr' id='par_1_30' title="bbox 2060 1425 3716 1502">
     <span class='ocr_line' id='line_1_30' title="bbox 2060 1425 3716 1502; baseline -0.004 -13"><span class='ocrx_word' id='word_1_193' title='bbox 2060 1431 2282 1502; x_wconf 84' lang='grc' dir='ltr'>πολλῆς</span> <span class='ocrx_word' id='word_1_194' title='bbox 2315 1427 2704 1502; x_wconf 79' lang='grc' dir='ltr'>περιστάσεως,</span> <span class='ocrx_word' id='word_1_195' title='bbox 2763 1425 2854 1482; x_wconf 83' lang='grc' dir='ltr'>καὶ</span> <span class='ocrx_word' id='word_1_196' title='bbox 2912 1431 3208 1498; x_wconf 85' lang='grc' dir='ltr'>πειρῶνται</span> <span class='ocrx_word' id='word_1_197' title='bbox 3264 1431 3362 1483; x_wconf 69' lang='grc' dir='ltr'>τοῦ</span> <span class='ocrx_word' id='word_1_198' title='bbox 3419 1427 3716 1502; x_wconf 83' lang='grc' dir='ltr'>ἀντιπαρα·</span> 
     </span>
    </p>
   </div>
   <div class='ocr_carea' id='block_1_31' title="bbox 2059 1514 3716 1594">
    <p class='ocr_par' dir='ltr' id='par_1_31' title="bbox 2059 1514 3716 1594">
     <span class='ocr_line' id='line_1_31' title="bbox 2059 1514 3716 1594; baseline -0.004 -17"><span class='ocrx_word' id='word_1_199' title='bbox 2059 1520 2337 1594; x_wconf 75' lang='grc' dir='ltr'>τάξασθαι,</span> <span class='ocrx_word' id='word_1_200' title='bbox 2371 1516 2590 1586; x_wconf 74' lang='grc' dir='ltr'>πολλὴν</span> <span class='ocrx_word' id='word_1_201' title='bbox 2629 1515 2690 1571; x_wconf 75' lang='grc' dir='ltr'>ἐκ</span> <span class='ocrx_word' id='word_1_202' title='bbox 2743 1517 2945 1571; x_wconf 89' lang='grc' dir='ltr'>τούτου</span> <span class='ocrx_word' id='word_1_203' title='bbox 3001 1515 3358 1593; x_wconf 77' lang='grc' dir='ltr'>έφευρήσουσι</span> <span class='ocrx_word' id='word_1_204' title='bbox 3386 1517 3485 1586; x_wconf 78' lang='grc' dir='ltr'>τὴν</span> <span class='ocrx_word' id='word_1_205' title='bbox 3518 1514 3716 1590; x_wconf 84' lang='grc' dir='ltr'>δυσχέ-</span> 
     </span>
    </p>
   </div>
   <div class='ocr_carea' id='block_1_32' title="bbox 2065 1605 3717 1688">
    <p class='ocr_par' dir='ltr' id='par_1_32' title="bbox 2065 1605 3717 1688">
     <span class='ocr_line' id='line_1_32' title="bbox 2065 1605 3717 1688; baseline -0.004 -22"><span class='ocrx_word' id='word_1_206' title='bbox 2065 1607 2407 1688; x_wconf 86' lang='grc' dir='ltr'>ρειαν.Ἀλλ’</span> <span class='ocrx_word' id='word_1_207' title='bbox 2439 1605 2596 1680; x_wconf 76' lang='grc' dir='ltr'>ὅμως</span> <span class='ocrx_word' id='word_1_208' title='bbox 2626 1606 2738 1681; x_wconf 74' lang='grc' dir='ltr'>χρὴ</span> <span class='ocrx_word' id='word_1_209' title='bbox 2770 1607 2858 1660; x_wconf 82' lang='grc' dir='ltr'>καὶ</span> <span class='ocrx_word' id='word_1_210' title='bbox 2918 1606 3010 1660; x_wconf 91' lang='grc' dir='ltr'>τὸν</span> <span class='ocrx_word' id='word_1_211' title='bbox 3045 1606 3344 1682; x_wconf 85' lang='grc' dir='ltr'>στρατηγὸν</span> <span class='ocrx_word' id='word_1_212' title='bbox 3377 1606 3568 1678; x_wconf 89' lang='grc' dir='ltr'>κύκλῳ</span> <span class='ocrx_word' id='word_1_213' title='bbox 3595 1606 3717 1660; x_wconf 89' lang='grc' dir='ltr'>κατ’</span> 
     </span>
    </p>
   </div>
   <div class='ocr_carea' id='block_1_33' title="bbox 2063 1692 3715 1773">
    <p class='ocr_par' dir='ltr' id='par_1_33' title="bbox 2063 1692 3715 1773">
     <span class='ocr_line' id='line_1_33' title="bbox 2063 1692 3715 1773; baseline -0.005 -17"><span class='ocrx_word' id='word_1_214' title='bbox 2063 1701 2238 1756; x_wconf 78' lang='grc' dir='ltr'>αὐτῶν</span> <span class='ocrx_word' id='word_1_215' title='bbox 2273 1697 2563 1773; x_wconf 74' lang='grc' dir='ltr'>ἐπαγαγεῖν</span> <span class='ocrx_word' id='word_1_216' title='bbox 2621 1695 2714 1750; x_wconf 91' lang='grc' dir='ltr'>τὸν</span> <span class='ocrx_word' id='word_1_217' title='bbox 2769 1692 3039 1768; x_wconf 89' lang='grc' dir='ltr'>πόλεμον,</span> <span class='ocrx_word' id='word_1_218' title='bbox 3071 1694 3186 1767; x_wconf 73' lang='lat' dir='ltr'>xui,</span> <span class='ocrx_word' id='word_1_219' title='bbox 3244 1694 3294 1750; x_wconf 75' lang='lat' dir='ltr'>ei</span> <span class='ocrx_word' id='word_1_220' title='bbox 3341 1692 3590 1764; x_wconf 86' lang='grc' dir='ltr'>δυνατὸν,</span> <span class='ocrx_word' id='word_1_221' title='bbox 3623 1695 3715 1749; x_wconf 84' lang='grc' dir='ltr'>καὶ</span> 
     </span>
    </p>
   </div>
   <div class='ocr_carea' id='block_1_34' title="bbox 297 1779 1962 1875">
    <p class='ocr_par' dir='ltr' id='par_1_34' title="bbox 297 1785 1951 1863">
     <span class='ocr_line' id='line_1_34' title="bbox 297 1785 1951 1863; baseline 0.004 -25"><span class='ocrx_word' id='word_1_222' title='bbox 297 1785 412 1839; x_wconf 90' lang='lat' dir='ltr'>ciet</span> <span class='ocrx_word' id='word_1_223' title='bbox 431 1790 558 1839; x_wconf 89' lang='lat' dir='ltr'>tum</span> <span class='ocrx_word' id='word_1_224' title='bbox 608 1785 918 1854; x_wconf 87' lang='lat' dir='ltr'>sauciabit,</span> <span class='ocrx_word' id='word_1_225' title='bbox 952 1788 1316 1860; x_wconf 89' lang='lat' dir='ltr'>spiritusque</span> <span class='ocrx_word' id='word_1_226' title='bbox 1351 1807 1557 1846; x_wconf 91' lang='lat' dir='ltr'>eorum</span> <span class='ocrx_word' id='word_1_227' title='bbox 1607 1795 1951 1863; x_wconf 79' lang='lat' dir='ltr'>arrogantes</span> 
     </span>
    </p>
   </div>
   <div class='ocr_carea' id='block_1_35' title="bbox 2070 1779 3713 1875">
    <p class='ocr_par' dir='ltr' id='par_1_35' title="bbox 2070 1779 3713 1875">
     <span class='ocr_line' id='line_1_35' title="bbox 2070 1779 3713 1875; baseline -0.005 -29"><span class='ocrx_word' id='word_1_228' title='bbox 2070 1791 2280 1860; x_wconf 84' lang='grc' dir='ltr'>πεζικὸν</span> <span class='ocrx_word' id='word_1_229' title='bbox 2313 1787 2446 1844; x_wconf 88' lang='grc' dir='ltr'>λαὸν</span> <span class='ocrx_word' id='word_1_230' title='bbox 2477 1791 2546 1861; x_wconf 80' lang='grc' dir='ltr'>τῇ</span> <span class='ocrx_word' id='word_1_231' title='bbox 2578 1787 2718 1860; x_wconf 80' lang='grc' dir='ltr'>αὐτῇ</span> <span class='ocrx_word' id='word_1_232' title='bbox 2749 1789 2844 1841; x_wconf 77' lang='grc' dir='ltr'>τοῦ</span> <span class='ocrx_word' id='word_1_233' title='bbox 2875 1785 3127 1860; x_wconf 84' lang='grc' dir='ltr'>πολέμου</span> <span class='ocrx_word' id='word_1_234' title='bbox 3175 1784 3357 1862; x_wconf 84' lang='grc' dir='ltr'>ἡμέρᾳ</span> <span class='ocrx_word' id='word_1_235' title='bbox 3384 1779 3713 1875; x_wconf 75' lang='grc' dir='ltr'>καταλαϐεῖν</span> 
     </span>
    </p>
   </div>
   <div class='ocr_carea' id='block_1_36' title="bbox 295 1874 1948 1952">
    <p class='ocr_par' dir='ltr' id='par_1_36' title="bbox 295 1874 1948 1952">
     <span class='ocr_line' id='line_1_36' title="bbox 295 1874 1948 1952; baseline 0.005 -25"><span class='ocrx_word' id='word_1_236' title='bbox 295 1874 526 1947; x_wconf 81' lang='lat' dir='ltr'>franget</span> <span class='ocrx_word' id='word_1_237' title='bbox 551 1893 563 1942; x_wconf 94' lang='lat'>;</span> <span class='ocrx_word' id='word_1_238' title='bbox 589 1880 654 1929; x_wconf 94' lang='lat' dir='ltr'>ut</span> <span class='ocrx_word' id='word_1_239' title='bbox 669 1891 789 1930; x_wconf 91' lang='lat' dir='ltr'>non</span> <span class='ocrx_word' id='word_1_240' title='bbox 812 1877 1072 1948; x_wconf 89' lang='lat' dir='ltr'>amplius</span> <span class='ocrx_word' id='word_1_241' title='bbox 1086 1879 1287 1934; x_wconf 89' lang='lat' dir='ltr'>ausuri</span> <span class='ocrx_word' id='word_1_242' title='bbox 1311 1881 1434 1936; x_wconf 90' lang='lat' dir='ltr'>sint</span> <span class='ocrx_word' id='word_1_243' title='bbox 1452 1880 1679 1952; x_wconf 88' lang='lat' dir='ltr'>absque</span> <span class='ocrx_word' id='word_1_244' title='bbox 1699 1885 1863 1936; x_wconf 91' lang='lat' dir='ltr'>metu</span> <span class='ocrx_word' id='word_1_245' title='bbox 1886 1880 1948 1935; x_wconf 92' lang='lat' dir='ltr'>in</span> 
     </span>
    </p>
   </div>
   <div class='ocr_carea' id='block_1_37' title="bbox 297 1966 1953 2036">
    <p class='ocr_par' dir='ltr' id='par_1_37' title="bbox 297 1966 1953 2036">
     <span class='ocr_line' id='line_1_37' title="bbox 297 1966 1953 2036; baseline 0.004 -17"><span class='ocrx_word' id='word_1_246' title='bbox 297 1980 477 2036; x_wconf 83' lang='lat' dir='ltr'>pagos</span> <span class='ocrx_word' id='word_1_247' title='bbox 494 1966 894 2021; x_wconf 84' lang='lat' dir='ltr'>Romanorum</span> <span class='ocrx_word' id='word_1_248' title='bbox 919 1967 1293 2025; x_wconf 87' lang='lat' dir='ltr'>incursiones</span> <span class='ocrx_word' id='word_1_249' title='bbox 1314 1969 1508 2027; x_wconf 84' lang='lat' dir='ltr'>facere</span> <span class='ocrx_word' id='word_1_250' title='bbox 1523 1971 1598 2027; x_wconf 93' lang='lat' dir='ltr'>.Si</span> <span class='ocrx_word' id='word_1_251' title='bbox 1612 1976 1810 2026; x_wconf 89' lang='lat' dir='ltr'>autem</span> <span class='ocrx_word' id='word_1_252' title='bbox 1833 1969 1953 2025; x_wconf 90' lang='lat' dir='ltr'>dux</span> 
     </span>
    </p>
   </div>
   <div class='ocr_carea' id='block_1_38' title="bbox 297 2053 1950 2132">
    <p class='ocr_par' dir='ltr' id='par_1_38' title="bbox 297 2053 1950 2132">
     <span class='ocr_line' id='line_1_38' title="bbox 297 2053 1950 2132; baseline 0.004 -25"><span class='ocrx_word' id='word_1_253' title='bbox 297 2053 614 2109; x_wconf 88' lang='lat' dir='ltr'>transitum</span> <span class='ocrx_word' id='word_1_254' title='bbox 638 2071 844 2110; x_wconf 87' lang='lat' dir='ltr'>eorum</span> <span class='ocrx_word' id='word_1_255' title='bbox 872 2058 1128 2113; x_wconf 92' lang='lat' dir='ltr'>ecastris</span> <span class='ocrx_word' id='word_1_256' title='bbox 1149 2057 1210 2114; x_wconf 87' lang='lat' dir='ltr'>in</span> <span class='ocrx_word' id='word_1_257' title='bbox 1230 2065 1424 2116; x_wconf 88' lang='lat' dir='ltr'>castra</span> <span class='ocrx_word' id='word_1_258' title='bbox 1454 2077 1576 2116; x_wconf 92' lang='lat' dir='ltr'>non</span> <span class='ocrx_word' id='word_1_259' title='bbox 1598 2059 1950 2132; x_wconf 70' lang='lat' dir='ltr'>prmscierit,</span> 
     </span>
    </p>
   </div>
   <div class='ocr_carea' id='block_1_39' title="bbox 295 2143 1952 2222">
    <p class='ocr_par' dir='ltr' id='par_1_39' title="bbox 295 2143 1952 2222">
     <span class='ocr_line' id='line_1_39' title="bbox 295 2143 1952 2222; baseline 0.004 -24"><span class='ocrx_word' id='word_1_260' title='bbox 295 2143 414 2199; x_wconf 87' lang='lat' dir='ltr'>sive</span> <span class='ocrx_word' id='word_1_261' title='bbox 434 2160 503 2198; x_wconf 86' lang='lat' dir='ltr'>ex</span> <span class='ocrx_word' id='word_1_262' title='bbox 521 2143 804 2217; x_wconf 81' lang='lat' dir='ltr'>perfugis,</span> <span class='ocrx_word' id='word_1_263' title='bbox 838 2150 905 2200; x_wconf 91' lang='lat' dir='ltr'>ut</span> <span class='ocrx_word' id='word_1_264' title='bbox 926 2146 1068 2217; x_wconf 84' lang='lat' dir='ltr'>dixi,</span> <span class='ocrx_word' id='word_1_265' title='bbox 1105 2149 1233 2204; x_wconf 81' lang='lat' dir='ltr'>sive</span> <span class='ocrx_word' id='word_1_266' title='bbox 1259 2166 1328 2204; x_wconf 86' lang='lat' dir='ltr'>ex</span> <span class='ocrx_word' id='word_1_267' title='bbox 1351 2151 1631 2222; x_wconf 89' lang='lat' dir='ltr'>captivis;</span> <span class='ocrx_word' id='word_1_268' title='bbox 1655 2155 1721 2205; x_wconf 92' lang='lat' dir='ltr'>ut</span> <span class='ocrx_word' id='word_1_269' title='bbox 1770 2155 1952 2204; x_wconf 91' lang='lat' dir='ltr'>noctu</span> 
     </span>
    </p>
   </div>
   <div class='ocr_carea' id='block_1_40' title="bbox 295 2233 1950 2311">
    <p class='ocr_par' dir='ltr' id='par_1_40' title="bbox 295 2233 1950 2311">
     <span class='ocr_line' id='line_1_40' title="bbox 295 2233 1950 2311; baseline 0.004 -24"><span class='ocrx_word' id='word_1_270' title='bbox 295 2233 634 2304; x_wconf 67' lang='lat' dir='ltr'>praemissas</span> <span class='ocrx_word' id='word_1_271' title='bbox 658 2233 910 2290; x_wconf 88' lang='lat' dir='ltr'>insidias</span> <span class='ocrx_word' id='word_1_272' title='bbox 941 2236 1002 2291; x_wconf 91' lang='lat' dir='ltr'>in</span> <span class='ocrx_word' id='word_1_273' title='bbox 1025 2236 1116 2292; x_wconf 85' lang='lat' dir='ltr'>via</span> <span class='ocrx_word' id='word_1_274' title='bbox 1137 2237 1380 2294; x_wconf 91' lang='lat' dir='ltr'>illorum</span> <span class='ocrx_word' id='word_1_275' title='bbox 1413 2239 1706 2296; x_wconf 91' lang='lat' dir='ltr'>collocare</span> <span class='ocrx_word' id='word_1_276' title='bbox 1724 2239 1914 2311; x_wconf 91' lang='lat' dir='ltr'>possit</span> <span class='ocrx_word' id='word_1_277' title='bbox 1937 2255 1950 2294; x_wconf 92' lang='lat'>:</span> 
     </span>
    </p>
   </div>
   <div class='ocr_carea' id='block_1_41' title="bbox 295 2322 1952 2401">
    <p class='ocr_par' dir='ltr' id='par_1_41' title="bbox 295 2322 1952 2401">
     <span class='ocr_line' id='line_1_41' title="bbox 295 2322 1952 2401; baseline 0.003 -24"><span class='ocrx_word' id='word_1_278' title='bbox 295 2322 690 2378; x_wconf 89' lang='lat' dir='ltr'>nihilominus</span> <span class='ocrx_word' id='word_1_279' title='bbox 713 2323 973 2380; x_wconf 88' lang='lat' dir='ltr'>interdiu</span> <span class='ocrx_word' id='word_1_280' title='bbox 991 2326 1272 2384; x_wconf 89' lang='lat' dir='ltr'>adversus</span> <span class='ocrx_word' id='word_1_281' title='bbox 1286 2328 1488 2383; x_wconf 90' lang='lat' dir='ltr'>hostes</span> <span class='ocrx_word' id='word_1_282' title='bbox 1519 2329 1632 2383; x_wconf 92' lang='lat' dir='ltr'>iter</span> <span class='ocrx_word' id='word_1_283' title='bbox 1653 2329 1952 2401; x_wconf 89' lang='lat' dir='ltr'>ingressos</span> 
     </span>
    </p>
   </div>
   <div class='ocr_carea' id='block_1_42' title="bbox 294 2413 1952 2488">
    <p class='ocr_par' dir='ltr' id='par_1_42' title="bbox 294 2413 1952 2488">
     <span class='ocr_line' id='line_1_42' title="bbox 294 2413 1952 2488; baseline 0.003 -22"><span class='ocrx_word' id='word_1_284' title='bbox 294 2413 493 2484; x_wconf 91' lang='lat' dir='ltr'>palam</span> <span class='ocrx_word' id='word_1_285' title='bbox 543 2413 834 2468; x_wconf 91' lang='lat' dir='ltr'>instructo</span> <span class='ocrx_word' id='word_1_286' title='bbox 899 2415 1164 2471; x_wconf 89' lang='lat' dir='ltr'>exercitu</span> <span class='ocrx_word' id='word_1_287' title='bbox 1212 2417 1489 2488; x_wconf 69' lang='lat' dir='ltr'>prmlium</span> <span class='ocrx_word' id='word_1_288' title='bbox 1538 2417 1952 2486; x_wconf 84' lang='lat' dir='ltr'>administret;</span> 
     </span>
    </p>
   </div>
   <div class='ocr_carea' id='block_1_43' title="bbox 294 2511 1954 2586">
    <p class='ocr_par' dir='ltr' id='par_1_43' title="bbox 294 2511 1954 2586">
     <span class='ocr_line' id='line_1_43' title="bbox 294 2511 1954 2586; baseline 0.003 -22"><span class='ocrx_word' id='word_1_289' title='bbox 294 2515 694 2582; x_wconf 65' lang='lat' dir='ltr'>praeterquam</span> <span class='ocrx_word' id='word_1_290' title='bbox 726 2511 774 2566; x_wconf 90' lang='lat' dir='ltr'>si</span> <span class='ocrx_word' id='word_1_291' title='bbox 806 2511 1127 2569; x_wconf 89' lang='lat' dir='ltr'>admodum</span> <span class='ocrx_word' id='word_1_292' title='bbox 1185 2514 1595 2586; x_wconf 86' lang='lat' dir='ltr'>infrequentes</span> <span class='ocrx_word' id='word_1_293' title='bbox 1627 2520 1954 2585; x_wconf 90' lang='lat' dir='ltr'>tenuesque</span> 
     </span>
    </p>
   </div>
   <div class='ocr_carea' id='block_1_44' title="bbox 298 2599 1954 2676">
    <p class='ocr_par' dir='ltr' id='par_1_44' title="bbox 298 2599 1954 2676">
     <span class='ocr_line' id='line_1_44' title="bbox 298 2599 1954 2676; baseline 0.004 -23"><span class='ocrx_word' id='word_1_294' title='bbox 298 2599 477 2654; x_wconf 87' lang='lat' dir='ltr'>habet</span> <span class='ocrx_word' id='word_1_295' title='bbox 497 2601 722 2672; x_wconf 90' lang='lat' dir='ltr'>copias.</span> <span class='ocrx_word' id='word_1_296' title='bbox 760 2602 926 2670; x_wconf 88' lang='lat' dir='ltr'>Nam,</span> <span class='ocrx_word' id='word_1_297' title='bbox 949 2603 1192 2658; x_wconf 91' lang='lat' dir='ltr'>utbrevi</span> <span class='ocrx_word' id='word_1_298' title='bbox 1218 2603 1954 2676; x_wconf 84' lang='lat' dir='ltr'>expediam,impedimen-</span> 
     </span>
    </p>
   </div>
   <div class='ocr_carea' id='block_1_45' title="bbox 299 2691 1954 2765">
    <p class='ocr_par' dir='ltr' id='par_1_45' title="bbox 299 2691 1954 2765">
     <span class='ocr_line' id='line_1_45' title="bbox 299 2691 1954 2765; baseline 0.003 -22"><span class='ocrx_word' id='word_1_299' title='bbox 299 2693 493 2744; x_wconf 90' lang='lat' dir='ltr'>torum</span> <span class='ocrx_word' id='word_1_300' title='bbox 511 2691 832 2762; x_wconf 84' lang='lat' dir='ltr'>aggressio,</span> <span class='ocrx_word' id='word_1_301' title='bbox 855 2693 996 2762; x_wconf 92' lang='lat' dir='ltr'>quia</span> <span class='ocrx_word' id='word_1_302' title='bbox 1014 2694 1187 2764; x_wconf 90' lang='lat' dir='ltr'>pauci</span> <span class='ocrx_word' id='word_1_303' title='bbox 1210 2693 1499 2749; x_wconf 83' lang='lat' dir='ltr'>duntaxat</span> <span class='ocrx_word' id='word_1_304' title='bbox 1529 2693 1741 2748; x_wconf 90' lang='lat' dir='ltr'>armati</span> <span class='ocrx_word' id='word_1_305' title='bbox 1775 2693 1954 2765; x_wconf 91' lang='lat' dir='ltr'>equi-</span> 
     </span>
    </p>
   </div>
   <div class='ocr_carea' id='block_1_46' title="bbox 297 2779 1956 2854">
    <p class='ocr_par' dir='ltr' id='par_1_46' title="bbox 297 2779 1956 2854">
     <span class='ocr_line' id='line_1_46' title="bbox 297 2779 1956 2854; baseline 0.002 -21"><span class='ocrx_word' id='word_1_306' title='bbox 297 2785 384 2834; x_wconf 86' lang='lat' dir='ltr'>tes</span> <span class='ocrx_word' id='word_1_307' title='bbox 407 2779 683 2851; x_wconf 67' lang='lat' dir='ltr'>praesidio</span> <span class='ocrx_word' id='word_1_308' title='bbox 717 2779 838 2836; x_wconf 86' lang='lat' dir='ltr'>illis</span> <span class='ocrx_word' id='word_1_309' title='bbox 868 2781 1316 2852; x_wconf 91' lang='lat' dir='ltr'>relinquuntur,</span> <span class='ocrx_word' id='word_1_310' title='bbox 1335 2798 1646 2854; x_wconf 90' lang='lat' dir='ltr'>nunquam</span> <span class='ocrx_word' id='word_1_311' title='bbox 1670 2781 1956 2838; x_wconf 79' lang='lat' dir='ltr'>offensio-</span> 
     </span>
    </p>
   </div>
   <div class='ocr_carea' id='block_1_47' title="bbox 300 2869 1956 2949">
    <p class='ocr_par' dir='ltr' id='par_1_47' title="bbox 300 2869 1956 2949">
     <span class='ocr_line' id='line_1_47' title="bbox 300 2869 1956 2949; baseline 0.003 -26"><span class='ocrx_word' id='word_1_312' title='bbox 300 2885 440 2924; x_wconf 89' lang='lat' dir='ltr'>nem</span> <span class='ocrx_word' id='word_1_313' title='bbox 462 2869 983 2949; x_wconf 85' lang='lat' dir='ltr'>incommodumve</span> <span class='ocrx_word' id='word_1_314' title='bbox 1043 2872 1327 2928; x_wconf 79' lang='lat' dir='ltr'>exercitui</span> <span class='ocrx_word' id='word_1_315' title='bbox 1383 2879 1586 2928; x_wconf 88' lang='lat' dir='ltr'>nostro</span> <span class='ocrx_word' id='word_1_316' title='bbox 1643 2872 1816 2927; x_wconf 89' lang='lat' dir='ltr'>tulit:</span> <span class='ocrx_word' id='word_1_317' title='bbox 1849 2872 1956 2928; x_wconf 89' lang='lat' dir='ltr'>sed</span> 
     </span>
    </p>
   </div>
   <div class='ocr_carea' id='block_1_48' title="bbox 299 2958 1957 3033">
    <p class='ocr_par' dir='ltr' id='par_1_48' title="bbox 299 2958 1957 3033">
     <span class='ocr_line' id='line_1_48' title="bbox 299 2958 1957 3033; baseline 0.002 -21"><span class='ocrx_word' id='word_1_318' title='bbox 299 2958 534 3029; x_wconf 90' lang='lat' dir='ltr'>quoties</span> <span class='ocrx_word' id='word_1_319' title='bbox 563 2958 868 3015; x_wconf 89' lang='lat' dir='ltr'>dimicatio</span> <span class='ocrx_word' id='word_1_320' title='bbox 914 2960 1184 3017; x_wconf 90' lang='lat' dir='ltr'>confecta</span> <span class='ocrx_word' id='word_1_321' title='bbox 1223 2968 1431 3017; x_wconf 90' lang='lat' dir='ltr'>contra</span> <span class='ocrx_word' id='word_1_322' title='bbox 1452 2961 1556 3018; x_wconf 91' lang='lat' dir='ltr'>illa</span> <span class='ocrx_word' id='word_1_323' title='bbox 1577 2966 1684 3030; x_wconf 90' lang='lat' dir='ltr'>est,</span> <span class='ocrx_word' id='word_1_324' title='bbox 1720 2978 1957 3033; x_wconf 88' lang='lat' dir='ltr'>semper</span> 
     </span>
    </p>
   </div>
   <div class='ocr_carea' id='block_1_49' title="bbox 299 3048 1953 3122">
    <p class='ocr_par' dir='ltr' id='par_1_49' title="bbox 299 3048 1953 3122">
     <span class='ocr_line' id='line_1_49' title="bbox 299 3048 1953 3122; baseline 0.001 -18"><span class='ocrx_word' id='word_1_325' title='bbox 299 3048 593 3104; x_wconf 83' lang='lat' dir='ltr'>exercitus</span> <span class='ocrx_word' id='word_1_326' title='bbox 613 3048 916 3105; x_wconf 85' lang='lat' dir='ltr'>Romanus</span> <span class='ocrx_word' id='word_1_327' title='bbox 939 3050 1142 3106; x_wconf 88' lang='lat' dir='ltr'>hostes</span> <span class='ocrx_word' id='word_1_328' title='bbox 1169 3049 1320 3106; x_wconf 91' lang='lat' dir='ltr'>bene</span> <span class='ocrx_word' id='word_1_329' title='bbox 1343 3050 1566 3106; x_wconf 89' lang='lat' dir='ltr'>multos</span> <span class='ocrx_word' id='word_1_330' title='bbox 1593 3068 1730 3106; x_wconf 92' lang='lat' dir='ltr'>cum</span> <span class='ocrx_word' id='word_1_331' title='bbox 1774 3051 1953 3122; x_wconf 87' lang='lat' dir='ltr'>cepit,</span> 
     </span>
    </p>
   </div>
   <div class='ocr_carea' id='block_1_50' title="bbox 2060 1873 3715 1955">
    <p class='ocr_par' dir='ltr' id='par_1_50' title="bbox 2060 1873 3715 1955">
     <span class='ocr_line' id='line_1_50' title="bbox 2060 1873 3715 1955; baseline -0.005 -19"><span class='ocrx_word' id='word_1_332' title='bbox 2060 1878 2220 1955; x_wconf 71' lang='grc' dir='ltr'>τάχει</span> <span class='ocrx_word' id='word_1_333' title='bbox 2253 1875 2454 1951; x_wconf 78' lang='grc' dir='ltr'>πολλῷ</span> <span class='ocrx_word' id='word_1_334' title='bbox 2479 1876 2892 1951; x_wconf 72' lang='grc' dir='ltr'>παραγενέσθαι,</span> <span class='ocrx_word' id='word_1_335' title='bbox 2950 1880 3116 1931; x_wconf 81' lang='grc' dir='ltr'>τοῦτο</span> <span class='ocrx_word' id='word_1_336' title='bbox 3165 1876 3586 1952; x_wconf 83' lang='grc' dir='ltr'>παρασκευάσαι.</span> <span class='ocrx_word' id='word_1_337' title='bbox 3649 1873 3715 1931; x_wconf 80' lang='grc' dir='ltr'>Εἰ</span> 
     </span>
    </p>
   </div>
   <div class='ocr_carea' id='block_1_51' title="bbox 2062 1962 3719 2041">
    <p class='ocr_par' dir='ltr' id='par_1_51' title="bbox 2062 1962 3719 2041">
     <span class='ocr_line' id='line_1_51' title="bbox 2062 1962 3719 2041; baseline -0.005 -16"><span class='ocrx_word' id='word_1_338' title='bbox 2062 1968 2119 2025; x_wconf 72' lang='grc' dir='ltr'>δὲ</span> <span class='ocrx_word' id='word_1_339' title='bbox 2148 1973 2310 2025; x_wconf 77' lang='grc' dir='ltr'>τοῦτο</span> <span class='ocrx_word' id='word_1_340' title='bbox 2344 1965 2600 2022; x_wconf 85' lang='grc' dir='ltr'>ἀδύνατόν</span> <span class='ocrx_word' id='word_1_341' title='bbox 2632 1964 2768 2035; x_wconf 72' lang='grc' dir='ltr'>ἐστι,</span> <span class='ocrx_word' id='word_1_342' title='bbox 2801 1962 2892 2020; x_wconf 79' lang='grc' dir='ltr'>διὰ</span> <span class='ocrx_word' id='word_1_343' title='bbox 2918 1965 2983 2020; x_wconf 86' lang='grc' dir='ltr'>τὸ</span> <span class='ocrx_word' id='word_1_344' title='bbox 3031 1963 3223 2041; x_wconf 86' lang='grc' dir='ltr'>πόρρω</span> <span class='ocrx_word' id='word_1_345' title='bbox 3251 1965 3479 2025; x_wconf 77' lang='grc' dir='ltr'>τούτους</span> <span class='ocrx_word' id='word_1_346' title='bbox 3507 1962 3719 2038; x_wconf 75' lang='grc' dir='ltr'>τυγχά-</span> 
     </span>
    </p>
   </div>
   <div class='ocr_carea' id='block_1_52' title="bbox 2059 2051 3721 2131">
    <p class='ocr_par' dir='ltr' id='par_1_52' title="bbox 2059 2051 3721 2131">
     <span class='ocr_line' id='line_1_52' title="bbox 2059 2051 3721 2131; baseline -0.006 -16"><span class='ocrx_word' id='word_1_347' title='bbox 2059 2081 2190 2130; x_wconf 85' lang='grc' dir='ltr'>νειν,</span> <span class='ocrx_word' id='word_1_348' title='bbox 2247 2057 2377 2120; x_wconf 79' lang='grc' dir='ltr'>τοὺς</span> <span class='ocrx_word' id='word_1_349' title='bbox 2430 2057 2808 2131; x_wconf 81' lang='grc' dir='ltr'>προσήκοντας</span> <span class='ocrx_word' id='word_1_350' title='bbox 2895 2058 3004 2109; x_wconf 93' lang='grc' dir='ltr'>τῶν</span> <span class='ocrx_word' id='word_1_351' title='bbox 3071 2055 3282 2110; x_wconf 78' lang='grc' dir='ltr'>ἱππέων</span> <span class='ocrx_word' id='word_1_352' title='bbox 3365 2057 3472 2109; x_wconf 89' lang='grc' dir='ltr'>τῶν</span> <span class='ocrx_word' id='word_1_353' title='bbox 3533 2051 3721 2106; x_wconf 81' lang='grc' dir='ltr'>ἳππων</span> 
     </span>
    </p>
   </div>
   <div class='ocr_carea' id='block_1_53' title="bbox 2063 2141 3726 2222">
    <p class='ocr_par' dir='ltr' id='par_1_53' title="bbox 2063 2141 3726 2222">
     <span class='ocr_line' id='line_1_53' title="bbox 2063 2141 3726 2222; baseline -0.005 -17"><span class='ocrx_word' id='word_1_354' title='bbox 2063 2143 2332 2214; x_wconf 78' lang='grc' dir='ltr'>ἀποϐῆναι</span> <span class='ocrx_word' id='word_1_355' title='bbox 2367 2143 2684 2222; x_wconf 88' lang='grc' dir='ltr'>διορισάτω,</span> <span class='ocrx_word' id='word_1_356' title='bbox 2714 2145 2802 2199; x_wconf 84' lang='grc' dir='ltr'>καὶ</span> <span class='ocrx_word' id='word_1_357' title='bbox 2865 2147 3003 2217; x_wconf 78' lang='grc' dir='ltr'>πεζῇ</span> <span class='ocrx_word' id='word_1_358' title='bbox 3062 2148 3180 2206; x_wconf 91' lang='grc' dir='ltr'>τοῖς</span> <span class='ocrx_word' id='word_1_359' title='bbox 3238 2141 3535 2216; x_wconf 89' lang='grc' dir='ltr'>πολεμίοις</span> <span class='ocrx_word' id='word_1_360' title='bbox 3587 2141 3726 2215; x_wconf 87' lang='grc' dir='ltr'>μετά</span> 
     </span>
    </p>
   </div>
   <div class='ocr_carea' id='block_1_54' title="bbox 2059 2229 3725 2310">
    <p class='ocr_par' dir='ltr' id='par_1_54' title="bbox 2059 2229 3725 2310">
     <span class='ocr_line' id='line_1_54' title="bbox 2059 2229 3725 2310; baseline -0.007 -16"><span class='ocrx_word' id='word_1_361' title='bbox 2059 2244 2169 2295; x_wconf 91' lang='grc' dir='ltr'>τῶν</span> <span class='ocrx_word' id='word_1_362' title='bbox 2209 2239 2457 2292; x_wconf 72' lang='grc' dir='ltr'>ἱπποτῶν</span> <span class='ocrx_word' id='word_1_363' title='bbox 2517 2235 2811 2310; x_wconf 88' lang='grc' dir='ltr'>μάχεσθαι,</span> <span class='ocrx_word' id='word_1_364' title='bbox 2863 2233 3046 2303; x_wconf 86' lang='grc' dir='ltr'>τόξοις</span> <span class='ocrx_word' id='word_1_365' title='bbox 3112 2233 3202 2287; x_wconf 92' lang='lat' dir='ltr'>xui</span> <span class='ocrx_word' id='word_1_366' title='bbox 3262 2229 3574 2310; x_wconf 78' lang='grc' dir='ltr'>σφενδόναις</span> <span class='ocrx_word' id='word_1_367' title='bbox 3633 2229 3725 2284; x_wconf 87' lang='grc' dir='ltr'>καὶ</span> 
     </span>
    </p>
   </div>
   <div class='ocr_carea' id='block_1_55' title="bbox 2064 2318 3724 2403">
    <p class='ocr_par' dir='ltr' id='par_1_55' title="bbox 2064 2318 3724 2403">
     <span class='ocr_line' id='line_1_55' title="bbox 2064 2318 3724 2403; baseline -0.006 -20"><span class='ocrx_word' id='word_1_368' title='bbox 2064 2326 2251 2403; x_wconf 86' lang='grc' dir='ltr'>δόρασι</span> <span class='ocrx_word' id='word_1_369' title='bbox 2284 2325 2376 2380; x_wconf 83' lang='grc' dir='ltr'>σὺν</span> <span class='ocrx_word' id='word_1_370' title='bbox 2407 2321 2590 2380; x_wconf 86' lang='grc' dir='ltr'>ἀσπίσι</span> <span class='ocrx_word' id='word_1_371' title='bbox 2621 2324 2972 2398; x_wconf 83' lang='grc' dir='ltr'>χρωμένους.</span> <span class='ocrx_word' id='word_1_372' title='bbox 3005 2327 3098 2377; x_wconf 87' lang='grc' dir='ltr'>Δεῖ</span> <span class='ocrx_word' id='word_1_373' title='bbox 3123 2320 3213 2376; x_wconf 77' lang='grc' dir='ltr'>οὖν</span> <span class='ocrx_word' id='word_1_374' title='bbox 3270 2321 3362 2376; x_wconf 88' lang='grc' dir='ltr'>τὸν</span> <span class='ocrx_word' id='word_1_375' title='bbox 3418 2318 3724 2395; x_wconf 84' lang='grc' dir='ltr'>στρατηγὸν</span> 
     </span>
    </p>
   </div>
   <div class='ocr_carea' id='block_1_56' title="bbox 2062 2405 3734 2488">
    <p class='ocr_par' dir='ltr' id='par_1_56' title="bbox 2062 2405 3734 2488">
     <span class='ocr_line' id='line_1_56' title="bbox 2062 2405 3734 2488; baseline -0.006 -15"><span class='ocrx_word' id='word_1_376' title='bbox 2062 2417 2154 2474; x_wconf 86' lang='grc' dir='ltr'>καὶ</span> <span class='ocrx_word' id='word_1_377' title='bbox 2186 2418 2288 2486; x_wconf 80' lang='grc' dir='ltr'>τήν</span> <span class='ocrx_word' id='word_1_378' title='bbox 2321 2416 2494 2471; x_wconf 80' lang='grc' dir='ltr'>αὐτοῦ</span> <span class='ocrx_word' id='word_1_379' title='bbox 2523 2414 2831 2482; x_wconf 73' lang='grc' dir='ltr'>ἀποσκευὴν</span> <span class='ocrx_word' id='word_1_380' title='bbox 2864 2413 3109 2488; x_wconf 83' lang='grc' dir='ltr'>ἀγαγεῖν,</span> <span class='ocrx_word' id='word_1_381' title='bbox 3141 2412 3229 2467; x_wconf 88' lang='lat' dir='ltr'>xui</span> <span class='ocrx_word' id='word_1_382' title='bbox 3267 2412 3329 2466; x_wconf 86' lang='grc' dir='ltr'>τὸ</span> <span class='ocrx_word' id='word_1_383' title='bbox 3357 2407 3618 2479; x_wconf 78' lang='grc' dir='ltr'>τοῦλδον,</span> <span class='ocrx_word' id='word_1_384' title='bbox 3671 2405 3734 2463; x_wconf 82' lang='grc' dir='ltr'>εἶ’</span> 
     </span>
    </p>
   </div>
   <div class='ocr_carea' id='block_1_57' title="bbox 2063 2497 3728 2584">
    <p class='ocr_par' dir='ltr' id='par_1_57' title="bbox 2063 2497 3728 2584">
     <span class='ocr_line' id='line_1_57' title="bbox 2063 2497 3728 2584; baseline -0.008 -20"><span class='ocrx_word' id='word_1_385' title='bbox 2063 2529 2127 2584; x_wconf 86' lang='grc' dir='ltr'>γε</span> <span class='ocrx_word' id='word_1_386' title='bbox 2175 2505 2416 2578; x_wconf 81' lang='grc' dir='ltr'>πλησίον</span> <span class='ocrx_word' id='word_1_387' title='bbox 2474 2502 2758 2580; x_wconf 87' lang='grc' dir='ltr'>τυγχάνει,</span> <span class='ocrx_word' id='word_1_388' title='bbox 2817 2501 2908 2557; x_wconf 83' lang='grc' dir='ltr'>καὶ</span> <span class='ocrx_word' id='word_1_389' title='bbox 2968 2501 3228 2576; x_wconf 90' lang='grc' dir='ltr'>σύνεγγυς</span> <span class='ocrx_word' id='word_1_390' title='bbox 3286 2504 3394 2556; x_wconf 90' lang='grc' dir='ltr'>τῶν</span> <span class='ocrx_word' id='word_1_391' title='bbox 3439 2497 3728 2572; x_wconf 81' lang='grc' dir='ltr'>πολεμίων</span> 
     </span>
    </p>
   </div>
   <div class='ocr_carea' id='block_1_58' title="bbox 2066 2586 3727 2666">
    <p class='ocr_par' dir='ltr' id='par_1_58' title="bbox 2066 2586 3727 2666">
     <span class='ocr_line' id='line_1_58' title="bbox 2066 2586 3727 2666; baseline -0.007 -14"><span class='ocrx_word' id='word_1_392' title='bbox 2066 2594 2435 2666; x_wconf 82' lang='grc' dir='ltr'>ἀπληκεῦσαι,</span> <span class='ocrx_word' id='word_1_393' title='bbox 2471 2591 2550 2658; x_wconf 70' lang='grc' dir='ltr'>εἲς</span> <span class='ocrx_word' id='word_1_394' title='bbox 2577 2589 2839 2662; x_wconf 76' lang='grc' dir='ltr'>ἔκπληξιν</span> <span class='ocrx_word' id='word_1_395' title='bbox 2896 2590 3071 2647; x_wconf 84' lang='grc' dir='ltr'>αὐτῶν</span> <span class='ocrx_word' id='word_1_396' title='bbox 3130 2591 3218 2646; x_wconf 84' lang='grc' dir='ltr'>καὶ</span> <span class='ocrx_word' id='word_1_397' title='bbox 3276 2589 3606 2664; x_wconf 37' lang='grc' dir='ltr'>ἀπόγνωσιν.</span> <span class='ocrx_word' id='word_1_398' title='bbox 3660 2586 3727 2643; x_wconf 77' lang='lat' dir='ltr'>Ei</span> 
     </span>
    </p>
   </div>
   <div class='ocr_carea' id='block_1_59' title="bbox 2067 2676 3724 2758">
    <p class='ocr_par' dir='ltr' id='par_1_59' title="bbox 2067 2676 3724 2758">
     <span class='ocr_line' id='line_1_59' title="bbox 2067 2676 3724 2758; baseline -0.007 -15"><span class='ocrx_word' id='word_1_399' title='bbox 2067 2685 2124 2743; x_wconf 67' lang='grc' dir='ltr'>δὲ</span> <span class='ocrx_word' id='word_1_400' title='bbox 2159 2687 2210 2742; x_wconf 83' lang='grc' dir='ltr'>έν</span> <span class='ocrx_word' id='word_1_401' title='bbox 2243 2685 2390 2757; x_wconf 79' lang='grc' dir='ltr'>αὐτῷ</span> <span class='ocrx_word' id='word_1_402' title='bbox 2414 2689 2494 2757; x_wconf 83' lang='grc' dir='ltr'>τῷ</span> <span class='ocrx_word' id='word_1_403' title='bbox 2537 2683 2697 2756; x_wconf 84' lang='grc' dir='ltr'>τόπῳ</span> <span class='ocrx_word' id='word_1_404' title='bbox 2753 2679 2900 2758; x_wconf 76' lang='grc' dir='ltr'>ὕδωρ</span> <span class='ocrx_word' id='word_1_405' title='bbox 2956 2682 3274 2756; x_wconf 87' lang='grc' dir='ltr'>τοπαράπαν</span> <span class='ocrx_word' id='word_1_406' title='bbox 3309 2680 3412 2734; x_wconf 75' lang='grc' dir='ltr'>οὐκ</span> <span class='ocrx_word' id='word_1_407' title='bbox 3439 2676 3573 2747; x_wconf 79' lang='grc' dir='ltr'>ἔστι,</span> <span class='ocrx_word' id='word_1_408' title='bbox 3633 2677 3724 2733; x_wconf 82' lang='grc' dir='ltr'>καὶ</span> 
     </span>
    </p>
   </div>
   <div class='ocr_carea' id='block_1_60' title="bbox 2063 2765 3727 2845">
    <p class='ocr_par' dir='ltr' id='par_1_60' title="bbox 2063 2765 3727 2845">
     <span class='ocr_line' id='line_1_60' title="bbox 2063 2765 3727 2845; baseline -0.007 -13"><span class='ocrx_word' id='word_1_409' title='bbox 2063 2781 2227 2832; x_wconf 79' lang='grc' dir='ltr'>τοῦτο</span> <span class='ocrx_word' id='word_1_410' title='bbox 2299 2772 2524 2843; x_wconf 68' lang='grc' dir='ltr'>πολλὴν</span> <span class='ocrx_word' id='word_1_411' title='bbox 2585 2771 2820 2845; x_wconf 78' lang='grc' dir='ltr'>ἀθυμίαν</span> <span class='ocrx_word' id='word_1_412' title='bbox 2879 2770 3066 2826; x_wconf 79' lang='grc' dir='ltr'>αὐτοῖς</span> <span class='ocrx_word' id='word_1_413' title='bbox 3125 2770 3468 2844; x_wconf 75' lang='grc' dir='ltr'>προξενήσει·</span> <span class='ocrx_word' id='word_1_414' title='bbox 3528 2766 3618 2822; x_wconf 85' lang='grc' dir='ltr'>καὶ</span> <span class='ocrx_word' id='word_1_415' title='bbox 3679 2765 3727 2821; x_wconf 69' lang='lat' dir='ltr'>ei</span> 
     </span>
    </p>
   </div>
   <div class='ocr_carea' id='block_1_61' title="bbox 2069 2856 3728 2940">
    <p class='ocr_par' dir='ltr' id='par_1_61' title="bbox 2069 2856 3728 2940">
     <span class='ocr_line' id='line_1_61' title="bbox 2069 2856 3728 2940; baseline -0.007 -18"><span class='ocrx_word' id='word_1_416' title='bbox 2069 2867 2146 2940; x_wconf 84' lang='grc' dir='ltr'>μή</span> <span class='ocrx_word' id='word_1_417' title='bbox 2176 2863 2382 2927; x_wconf 88' lang='grc' dir='ltr'>τελέως</span> <span class='ocrx_word' id='word_1_418' title='bbox 2413 2864 2638 2926; x_wconf 83' lang='grc' dir='ltr'>τούτους</span> <span class='ocrx_word' id='word_1_419' title='bbox 2671 2859 3136 2937; x_wconf 87' lang='grc' dir='ltr'>καταγωνίσηται,</span> <span class='ocrx_word' id='word_1_420' title='bbox 3170 2859 3294 2916; x_wconf 84' lang='grc' dir='ltr'>ἀλλ’</span> <span class='ocrx_word' id='word_1_421' title='bbox 3354 2858 3447 2914; x_wconf 86' lang='grc' dir='ltr'>οὗν</span> <span class='ocrx_word' id='word_1_422' title='bbox 3481 2856 3728 2920; x_wconf 83' lang='grc' dir='ltr'>πολλούς</span> 
     </span>
    </p>
   </div>
   <div class='ocr_carea' id='block_1_62' title="bbox 2064 2947 3724 3032">
    <p class='ocr_par' dir='ltr' id='par_1_62' title="bbox 2064 2947 3724 3032">
     <span class='ocr_line' id='line_1_62' title="bbox 2064 2947 3724 3032; baseline -0.007 -19"><span class='ocrx_word' id='word_1_423' title='bbox 2064 2979 2127 3032; x_wconf 92' lang='grc' dir='ltr'>γε</span> <span class='ocrx_word' id='word_1_424' title='bbox 2155 2959 2201 2994; x_wconf 72' lang='grc'>⁸⁸</span> <span class='ocrx_word' id='word_1_425' title='bbox 2227 2956 2436 3012; x_wconf 88' lang='grc' dir='ltr'>τούτων</span> <span class='ocrx_word' id='word_1_426' title='bbox 2489 2950 2892 3029; x_wconf 83' lang='grc' dir='ltr'>ἀνδραποδίσει,</span> <span class='ocrx_word' id='word_1_427' title='bbox 2945 2949 3237 3013; x_wconf 79' lang='grc' dir='ltr'>πλείστους</span> <span class='ocrx_word' id='word_1_428' title='bbox 3294 2947 3352 3004; x_wconf 71' lang='grc' dir='ltr'>δὲ</span> <span class='ocrx_word' id='word_1_429' title='bbox 3410 2949 3501 3004; x_wconf 86' lang='lat' dir='ltr'>xui</span> <span class='ocrx_word' id='word_1_430' title='bbox 3561 2960 3724 3012; x_wconf 83' lang='grc' dir='ltr'>θανα-</span> 
     </span>
    </p>
   </div>
   <div class='ocr_carea' id='block_1_63' title="bbox 2065 3038 3724 3118">
    <p class='ocr_par' dir='ltr' id='par_1_63' title="bbox 2065 3038 3724 3118">
     <span class='ocr_line' id='line_1_63' title="bbox 2065 3038 3724 3118; baseline -0.007 -17"><span class='ocrx_word' id='word_1_431' title='bbox 2065 3047 2251 3118; x_wconf 86' lang='grc' dir='ltr'>τώσει,</span> <span class='ocrx_word' id='word_1_432' title='bbox 2293 3045 2384 3100; x_wconf 83' lang='grc' dir='ltr'>καὶ</span> <span class='ocrx_word' id='word_1_433' title='bbox 2441 3043 2779 3118; x_wconf 85' lang='grc' dir='ltr'>τραυματίας</span> <span class='ocrx_word' id='word_1_434' title='bbox 2836 3039 3142 3118; x_wconf 69' lang='grc' dir='ltr'>ἐργάσεται,</span> <span class='ocrx_word' id='word_1_435' title='bbox 3199 3038 3290 3095; x_wconf 87' lang='lat' dir='ltr'>xui</span> <span class='ocrx_word' id='word_1_436' title='bbox 3347 3039 3411 3094; x_wconf 84' lang='grc' dir='ltr'>τὸ</span> <span class='ocrx_word' id='word_1_437' title='bbox 3469 3039 3724 3107; x_wconf 86' lang='grc' dir='ltr'>ἀΑαζονι-</span> 
     </span>
    </p>
   </div>
   <div class='ocr_carea' id='block_1_64' title="bbox 303 3125 1962 3237">
    <p class='ocr_par' dir='ltr' id='par_1_64' title="bbox 303 3137 1954 3210">
     <span class='ocr_line' id='line_1_64' title="bbox 303 3137 1954 3210; baseline 0.003 -19"><span class='ocrx_word' id='word_1_438' title='bbox 303 3137 740 3192; x_wconf 89' lang='lat' dir='ltr'>tuminterfecit</span> <span class='ocrx_word' id='word_1_439' title='bbox 758 3158 772 3206; x_wconf 88' lang='lat'><strong>;</strong></span> <span class='ocrx_word' id='word_1_440' title='bbox 791 3138 1068 3210; x_wconf 90' lang='lat' dir='ltr'>jumenta</span> <span class='ocrx_word' id='word_1_441' title='bbox 1085 3145 1142 3194; x_wconf 86' lang='lat' dir='ltr'>et</span> <span class='ocrx_word' id='word_1_442' title='bbox 1164 3141 1358 3196; x_wconf 90' lang='lat' dir='ltr'>mulas</span> <span class='ocrx_word' id='word_1_443' title='bbox 1380 3145 1624 3196; x_wconf 89' lang='lat' dir='ltr'>onustas</span> <span class='ocrx_word' id='word_1_444' title='bbox 1650 3158 1770 3196; x_wconf 94' lang='lat' dir='ltr'>non</span> <span class='ocrx_word' id='word_1_445' title='bbox 1801 3157 1954 3196; x_wconf 87' lang='lat' dir='ltr'>unas</span> 
     </span>
    </p>
   </div>
   <div class='ocr_carea' id='block_1_65' title="bbox 2070 3125 3721 3237">
    <p class='ocr_par' dir='ltr' id='par_1_65' title="bbox 2070 3125 3721 3237">
     <span class='ocr_line' id='line_1_65' title="bbox 2070 3125 3721 3209; baseline -0.008 -17"><span class='ocrx_word' id='word_1_446' title='bbox 2070 3137 2162 3192; x_wconf 86' lang='grc' dir='ltr'>κὸν</span> <span class='ocrx_word' id='word_1_447' title='bbox 2198 3134 2374 3190; x_wconf 80' lang='grc' dir='ltr'>αὐτῶν</span> <span class='ocrx_word' id='word_1_448' title='bbox 2405 3127 2707 3189; x_wconf 78' lang='grc' dir='ltr'>καταϐαλεῖ</span> <span class='ocrx_word' id='word_1_449' title='bbox 2754 3130 3032 3209; x_wconf 76' lang='grc' dir='ltr'>φρόνημα·</span> <span class='ocrx_word' id='word_1_450' title='bbox 3095 3128 3234 3185; x_wconf 81' lang='grc' dir='ltr'>ὥστε</span> <span class='ocrx_word' id='word_1_451' title='bbox 3289 3129 3366 3203; x_wconf 80' lang='grc' dir='ltr'>μὴ</span> <span class='ocrx_word' id='word_1_452' title='bbox 3423 3125 3593 3189; x_wconf 82' lang='grc' dir='ltr'>ἀδεῶς</span> <span class='ocrx_word' id='word_1_453' title='bbox 3624 3146 3721 3180; x_wconf 90' lang='grc' dir='ltr'>κα-</span> 
     </span>
     <span class='ocr_line' id='line_1_66' title="bbox 2209 3214 3717 3237; baseline 0 0"><span class='ocrx_word' id='word_1_454' title='bbox 2209 3225 2227 3237; x_wconf 65' lang='grc' dir='ltr'>ι</span> <span class='ocrx_word' id='word_1_455' title='bbox 2296 3231 2323 3237; x_wconf 76' lang='grc'>.-</span> <span class='ocrx_word' id='word_1_456' title='bbox 2497 3223 2510 3237; x_wconf 69' lang='grc' dir='ltr'>ο</span> <span class='ocrx_word' id='word_1_457' title='bbox 2589 3227 2615 3237; x_wconf 75' lang='grc'>.-</span> <span class='ocrx_word' id='word_1_458' title='bbox 2680 3224 2737 3237; x_wconf 66' lang='grc' dir='ltr'>..ι</span> <span class='ocrx_word' id='word_1_459' title='bbox 2873 3232 2898 3237; x_wconf 84' lang='grc'>-.</span> <span class='ocrx_word' id='word_1_460' title='bbox 2940 3226 2966 3236; x_wconf 65' lang='grc' dir='ltr'><strong><em>ο</em></strong></span> <span class='ocrx_word' id='word_1_461' title='bbox 3205 3218 3218 3237; x_wconf 76' lang='grc' dir='ltr'><strong><em>Ι</em></strong></span> <span class='ocrx_word' id='word_1_462' title='bbox 3387 3219 3403 3237; x_wconf 60' lang='grc' dir='ltr'><strong>ς</strong></span> <span class='ocrx_word' id='word_1_463' title='bbox 3497 3215 3512 3237; x_wconf 64' lang='grc' dir='ltr'><strong><em>Ἰ</em></strong></span> <span class='ocrx_word' id='word_1_464' title='bbox 3573 3214 3620 3237; x_wconf 56' lang='grc'>10</span> <span class='ocrx_word' id='word_1_465' title='bbox 3711 3236 3717 3237; x_wconf 59' lang='lat'><strong><em>,</em></strong></span> 
     </span>
    </p>
   </div>
   <div class='ocr_carea' id='block_1_66' title="bbox 303 3227 1953 3301">
    <p class='ocr_par' dir='ltr' id='par_1_66' title="bbox 303 3227 1953 3301">
     <span class='ocr_line' id='line_1_67' title="bbox 303 3227 1953 3301; baseline 0.002 -20"><span class='ocrx_word' id='word_1_466' title='bbox 303 3229 364 3282; x_wconf 92' lang='lat' dir='ltr'>in</span> <span class='ocrx_word' id='word_1_467' title='bbox 387 3232 741 3300; x_wconf 89' lang='lat' dir='ltr'>potestatem</span> <span class='ocrx_word' id='word_1_468' title='bbox 765 3227 1011 3300; x_wconf 87' lang='lat' dir='ltr'>redegit.</span> <span class='ocrx_word' id='word_1_469' title='bbox 1043 3229 1209 3294; x_wconf 88' lang='lat' dir='ltr'>Quod</span> <span class='ocrx_word' id='word_1_470' title='bbox 1238 3230 1285 3284; x_wconf 91' lang='lat' dir='ltr'>si</span> <span class='ocrx_word' id='word_1_471' title='bbox 1312 3235 1602 3301; x_wconf 63' lang='lat' dir='ltr'>praeterea</span> <span class='ocrx_word' id='word_1_472' title='bbox 1633 3229 1953 3301; x_wconf 89' lang='lat' dir='ltr'>peditatus,</span> 
     </span>
    </p>
   </div>
   <div class='ocr_carea' id='block_1_67' title="bbox 305 3317 1963 3391">
    <p class='ocr_par' dir='ltr' id='par_1_67' title="bbox 305 3317 1963 3391">
     <span class='ocr_line' id='line_1_68' title="bbox 305 3317 1963 3391; baseline 0.001 -18"><span class='ocrx_word' id='word_1_473' title='bbox 305 3321 570 3373; x_wconf 89' lang='lat' dir='ltr'>armatus</span> <span class='ocrx_word' id='word_1_474' title='bbox 602 3317 702 3373; x_wconf 92' lang='lat' dir='ltr'>ille</span> <span class='ocrx_word' id='word_1_475' title='bbox 721 3317 966 3388; x_wconf 90' lang='lat' dir='ltr'>quidem</span> <span class='ocrx_word' id='word_1_476' title='bbox 982 3323 1042 3373; x_wconf 92' lang='lat' dir='ltr'>et</span> <span class='ocrx_word' id='word_1_477' title='bbox 1071 3321 1429 3375; x_wconf 84' lang='lat' dir='ltr'>exercitatus</span> <span class='ocrx_word' id='word_1_478' title='bbox 1447 3319 1520 3375; x_wconf 90' lang='lat' dir='ltr'>ad</span> <span class='ocrx_word' id='word_1_479' title='bbox 1543 3319 1963 3391; x_wconf 68' lang='lat' dir='ltr'>praeliandum,</span> 
     </span>
    </p>
   </div>
   <div class='ocr_carea' id='block_1_68' title="bbox 307 3407 1963 3482">
    <p class='ocr_par' dir='ltr' id='par_1_68' title="bbox 307 3407 1963 3482">
     <span class='ocr_line' id='line_1_69' title="bbox 307 3407 1963 3482; baseline 0.001 -20"><span class='ocrx_word' id='word_1_480' title='bbox 307 3408 402 3463; x_wconf 91' lang='lat' dir='ltr'>die</span> <span class='ocrx_word' id='word_1_481' title='bbox 425 3407 827 3464; x_wconf 90' lang='lat' dir='ltr'>dimicationis</span> <span class='ocrx_word' id='word_1_482' title='bbox 844 3414 1060 3481; x_wconf 71' lang='lat' dir='ltr'>praesto</span> <span class='ocrx_word' id='word_1_483' title='bbox 1095 3426 1226 3466; x_wconf 90' lang='lat' dir='ltr'>esse</span> <span class='ocrx_word' id='word_1_484' title='bbox 1244 3415 1460 3482; x_wconf 90' lang='lat' dir='ltr'>potest,</span> <span class='ocrx_word' id='word_1_485' title='bbox 1487 3410 1548 3464; x_wconf 93' lang='lat' dir='ltr'>in</span> <span class='ocrx_word' id='word_1_486' title='bbox 1567 3408 1963 3480; x_wconf 85' lang='lat' dir='ltr'>adversarios,</span> 
     </span>
    </p>
   </div>
   <div class='ocr_carea' id='block_1_69' title="bbox 308 3499 1964 3573">
    <p class='ocr_par' dir='ltr' id='par_1_69' title="bbox 308 3499 1964 3573">
     <span class='ocr_line' id='line_1_70' title="bbox 308 3499 1964 3573; baseline 0.001 -19"><span class='ocrx_word' id='word_1_487' title='bbox 308 3499 802 3571; x_wconf 90' lang='lat' dir='ltr'>coronaundique</span> <span class='ocrx_word' id='word_1_488' title='bbox 817 3499 1583 3573; x_wconf 88' lang='lat' dir='ltr'>cinctos,impugnationem</span> <span class='ocrx_word' id='word_1_489' title='bbox 1597 3499 1715 3555; x_wconf 84' lang='lat' dir='ltr'>dux</span> <span class='ocrx_word' id='word_1_490' title='bbox 1737 3517 1843 3572; x_wconf 89' lang='lat' dir='ltr'>pro</span> <span class='ocrx_word' id='word_1_491' title='bbox 1859 3516 1964 3555; x_wconf 90' lang='lat' dir='ltr'>suo</span> 
     </span>
    </p>
   </div>
   <div class='ocr_carea' id='block_1_70' title="bbox 307 3590 1967 3662">
    <p class='ocr_par' dir='ltr' id='par_1_70' title="bbox 307 3590 1967 3662">
     <span class='ocr_line' id='line_1_71' title="bbox 307 3590 1967 3662; baseline 0.002 -17"><span class='ocrx_word' id='word_1_492' title='bbox 307 3590 504 3645; x_wconf 88' lang='lat' dir='ltr'>officio</span> <span class='ocrx_word' id='word_1_493' title='bbox 526 3591 997 3662; x_wconf 89' lang='lat' dir='ltr'>instruat,eoque</span> <span class='ocrx_word' id='word_1_494' title='bbox 1019 3608 1263 3662; x_wconf 91' lang='lat' dir='ltr'>prorsus</span> <span class='ocrx_word' id='word_1_495' title='bbox 1285 3591 1359 3647; x_wconf 94' lang='lat' dir='ltr'>ad</span> <span class='ocrx_word' id='word_1_496' title='bbox 1381 3591 1858 3648; x_wconf 88' lang='lat' dir='ltr'>internecionem</span> <span class='ocrx_word' id='word_1_497' title='bbox 1879 3609 1967 3648; x_wconf 89' lang='lat' dir='ltr'>re-</span> 
     </span>
    </p>
   </div>
   <div class='ocr_carea' id='block_1_71' title="bbox 310 3680 1968 3754">
    <p class='ocr_par' dir='ltr' id='par_1_71' title="bbox 310 3680 1968 3754">
     <span class='ocr_line' id='line_1_72' title="bbox 310 3680 1968 3754; baseline 0.002 -20"><span class='ocrx_word' id='word_1_498' title='bbox 310 3680 486 3751; x_wconf 86' lang='lat' dir='ltr'>digat.</span> <span class='ocrx_word' id='word_1_499' title='bbox 521 3680 682 3736; x_wconf 89' lang='lat' dir='ltr'>Talia</span> <span class='ocrx_word' id='word_1_500' title='bbox 705 3680 866 3735; x_wconf 90' lang='lat' dir='ltr'>enim</span> <span class='ocrx_word' id='word_1_501' title='bbox 888 3697 1023 3734; x_wconf 93' lang='lat' dir='ltr'>cum</span> <span class='ocrx_word' id='word_1_502' title='bbox 1044 3680 1333 3737; x_wconf 90' lang='lat' dir='ltr'>adversus</span> <span class='ocrx_word' id='word_1_503' title='bbox 1375 3682 1807 3754; x_wconf 88' lang='lat' dir='ltr'>impedimenta</span> <span class='ocrx_word' id='word_1_504' title='bbox 1827 3683 1968 3738; x_wconf 90' lang='lat' dir='ltr'>hos-</span> 
     </span>
    </p>
   </div>
   <div class='ocr_carea' id='block_1_72' title="bbox 311 3768 1969 3845">
    <p class='ocr_par' dir='ltr' id='par_1_72' title="bbox 311 3768 1969 3845">
     <span class='ocr_line' id='line_1_73' title="bbox 311 3768 1969 3845; baseline 0.002 -23"><span class='ocrx_word' id='word_1_505' title='bbox 311 3769 482 3837; x_wconf 88' lang='lat' dir='ltr'>tium,</span> <span class='ocrx_word' id='word_1_506' title='bbox 517 3773 641 3824; x_wconf 92' lang='lat' dir='ltr'>tum</span> <span class='ocrx_word' id='word_1_507' title='bbox 667 3769 847 3823; x_wconf 89' lang='lat' dir='ltr'>etiam</span> <span class='ocrx_word' id='word_1_508' title='bbox 866 3768 1149 3825; x_wconf 88' lang='lat' dir='ltr'>adversus</span> <span class='ocrx_word' id='word_1_509' title='bbox 1173 3777 1376 3827; x_wconf 90' lang='lat' dir='ltr'>nostra</span> <span class='ocrx_word' id='word_1_510' title='bbox 1402 3771 1524 3826; x_wconf 91' lang='lat' dir='ltr'>illis</span> <span class='ocrx_word' id='word_1_511' title='bbox 1548 3772 1969 3845; x_wconf 88' lang='lat' dir='ltr'>ingruentibus</span> 
     </span>
    </p>
   </div>
   <div class='ocr_carea' id='block_1_73' title="bbox 319 3857 1969 3933">
    <p class='ocr_par' dir='ltr' id='par_1_73' title="bbox 319 3857 1969 3933">
     <span class='ocr_line' id='line_1_74' title="bbox 319 3857 1969 3933; baseline 0.002 -20"><span class='ocrx_word' id='word_1_512' title='bbox 319 3857 608 3925; x_wconf 89' lang='lat' dir='ltr'>evenisse,</span> <span class='ocrx_word' id='word_1_513' title='bbox 632 3858 786 3913; x_wconf 72' lang='lat'><strong>200</strong></span> <span class='ocrx_word' id='word_1_514' title='bbox 811 3875 930 3912; x_wconf 92' lang='lat' dir='ltr'>non</span> <span class='ocrx_word' id='word_1_515' title='bbox 957 3858 1210 3914; x_wconf 89' lang='lat' dir='ltr'>vidimus</span> <span class='ocrx_word' id='word_1_516' title='bbox 1247 3859 1447 3930; x_wconf 90' lang='lat' dir='ltr'>modo,</span> <span class='ocrx_word' id='word_1_517' title='bbox 1480 3878 1684 3916; x_wconf 91' lang='lat' dir='ltr'>verum</span> <span class='ocrx_word' id='word_1_518' title='bbox 1718 3861 1969 3933; x_wconf 89' lang='lat' dir='ltr'>legimus</span> 
     </span>
    </p>
   </div>
   <div class='ocr_carea' id='block_1_74' title="bbox 321 3946 1968 4022">
    <p class='ocr_par' dir='ltr' id='par_1_74' title="bbox 321 3946 1968 4022">
     <span class='ocr_line' id='line_1_75' title="bbox 321 3946 1968 4022; baseline 0.001 -21"><span class='ocrx_word' id='word_1_519' title='bbox 321 3947 502 4001; x_wconf 86' lang='lat' dir='ltr'>etiam</span> <span class='ocrx_word' id='word_1_520' title='bbox 534 3946 692 4016; x_wconf 90' lang='lat' dir='ltr'>apud</span> <span class='ocrx_word' id='word_1_521' title='bbox 725 3946 1065 4018; x_wconf 90' lang='lat' dir='ltr'>scriptores,</span> <span class='ocrx_word' id='word_1_522' title='bbox 1099 3953 1157 4002; x_wconf 91' lang='lat' dir='ltr'>et</span> <span class='ocrx_word' id='word_1_523' title='bbox 1185 3965 1219 4004; x_wconf 89' lang='lat' dir='ltr'>a</span> <span class='ocrx_word' id='word_1_524' title='bbox 1247 3949 1578 4022; x_wconf 88' lang='lat' dir='ltr'>majoribus</span> <span class='ocrx_word' id='word_1_525' title='bbox 1627 3948 1968 4004; x_wconf 90' lang='lat' dir='ltr'>didicimus.</span> 
     </span>
    </p>
   </div>
   <div class='ocr_carea' id='block_1_75' title="bbox 320 4035 1974 4111">
    <p class='ocr_par' dir='ltr' id='par_1_75' title="bbox 320 4035 1974 4111">
     <span class='ocr_line' id='line_1_76' title="bbox 320 4035 1974 4111; baseline 0.002 -21"><span class='ocrx_word' id='word_1_526' title='bbox 320 4035 580 4107; x_wconf 90' lang='lat' dir='ltr'>Ideoque</span> <span class='ocrx_word' id='word_1_527' title='bbox 605 4052 818 4106; x_wconf 86' lang='lat' dir='ltr'>magno</span> <span class='ocrx_word' id='word_1_528' title='bbox 831 4037 963 4091; x_wconf 91' lang='lat' dir='ltr'>usui</span> <span class='ocrx_word' id='word_1_529' title='bbox 989 4043 1078 4093; x_wconf 91' lang='lat' dir='ltr'>est</span> <span class='ocrx_word' id='word_1_530' title='bbox 1094 4037 1658 4110; x_wconf 89' lang='lat' dir='ltr'>impedimentorum</span> <span class='ocrx_word' id='word_1_531' title='bbox 1673 4055 1974 4111; x_wconf 85' lang='lat' dir='ltr'>oppugna-</span> 
     </span>
    </p>
   </div>
   <div class='ocr_carea' id='block_1_76' title="bbox 321 4125 1973 4196">
    <p class='ocr_par' dir='ltr' id='par_1_76' title="bbox 321 4125 1973 4196">
     <span class='ocr_line' id='line_1_77' title="bbox 321 4125 1973 4196; baseline 0.002 -17"><span class='ocrx_word' id='word_1_532' title='bbox 321 4125 592 4196; x_wconf 91' lang='lat' dir='ltr'>tio,quod</span> <span class='ocrx_word' id='word_1_533' title='bbox 606 4125 1030 4181; x_wconf 90' lang='lat' dir='ltr'>detrimentum</span> <span class='ocrx_word' id='word_1_534' title='bbox 1048 4127 1563 4184; x_wconf 90' lang='lat' dir='ltr'>incommodumve</span> <span class='ocrx_word' id='word_1_535' title='bbox 1581 4129 1826 4184; x_wconf 90' lang='lat' dir='ltr'>omnino</span> <span class='ocrx_word' id='word_1_536' title='bbox 1844 4127 1973 4182; x_wconf 90' lang='lat' dir='ltr'>nul-</span> 
     </span>
    </p>
   </div>
   <div class='ocr_carea' id='block_1_77' title="bbox 319 4213 1973 4289">
    <p class='ocr_par' dir='ltr' id='par_1_77' title="bbox 319 4213 1973 4289">
     <span class='ocr_line' id='line_1_78' title="bbox 319 4213 1973 4289; baseline 0.002 -20"><span class='ocrx_word' id='word_1_537' title='bbox 319 4213 466 4282; x_wconf 90' lang='lat' dir='ltr'>lum,</span> <span class='ocrx_word' id='word_1_538' title='bbox 499 4215 805 4272; x_wconf 90' lang='lat' dir='ltr'>victoriam</span> <span class='ocrx_word' id='word_1_539' title='bbox 827 4221 1025 4272; x_wconf 92' lang='lat' dir='ltr'>autem</span> <span class='ocrx_word' id='word_1_540' title='bbox 1056 4217 1427 4289; x_wconf 89' lang='lat' dir='ltr'>gloriamque</span> <span class='ocrx_word' id='word_1_541' title='bbox 1460 4218 1730 4289; x_wconf 90' lang='lat' dir='ltr'>apprime</span> <span class='ocrx_word' id='word_1_542' title='bbox 1761 4219 1973 4273; x_wconf 68' lang='lat' dir='ltr'>afferre</span> 
     </span>
    </p>
   </div>
   <div class='ocr_carea' id='block_1_78' title="bbox 318 4306 1972 4376">
    <p class='ocr_par' dir='ltr' id='par_1_78' title="bbox 318 4306 1972 4376">
     <span class='ocr_line' id='line_1_79' title="bbox 318 4306 1972 4376; baseline 0.001 -17"><span class='ocrx_word' id='word_1_543' title='bbox 318 4306 683 4376; x_wconf 88' lang='lat' dir='ltr'>potest.Nam</span> <span class='ocrx_word' id='word_1_544' title='bbox 702 4306 998 4362; x_wconf 88' lang='lat' dir='ltr'>exercitus</span> <span class='ocrx_word' id='word_1_545' title='bbox 1012 4309 1315 4362; x_wconf 85' lang='lat' dir='ltr'>Romanus</span> <span class='ocrx_word' id='word_1_546' title='bbox 1331 4324 1400 4362; x_wconf 92' lang='lat' dir='ltr'>ea</span> <span class='ocrx_word' id='word_1_547' title='bbox 1421 4307 1972 4375; x_wconf 89' lang='lat' dir='ltr'>invadens,etiamsi</span> 
     </span>
    </p>
   </div>
   <div class='ocr_carea' id='block_1_79' title="bbox 317 4394 1971 4461">
    <p class='ocr_par' dir='ltr' id='par_1_79' title="bbox 317 4394 1971 4461">
     <span class='ocr_line' id='line_1_80' title="bbox 317 4394 1971 4461; baseline 0.002 -13"><span class='ocrx_word' id='word_1_548' title='bbox 317 4411 443 4450; x_wconf 92' lang='lat' dir='ltr'>rem</span> <span class='ocrx_word' id='word_1_549' title='bbox 465 4411 585 4450; x_wconf 93' lang='lat' dir='ltr'>non</span> <span class='ocrx_word' id='word_1_550' title='bbox 601 4394 851 4461; x_wconf 89' lang='lat' dir='ltr'>obtinet,</span> <span class='ocrx_word' id='word_1_551' title='bbox 886 4401 947 4450; x_wconf 90' lang='lat' dir='ltr'>at</span> <span class='ocrx_word' id='word_1_552' title='bbox 963 4401 1121 4451; x_wconf 91' lang='lat' dir='ltr'>certe</span> <span class='ocrx_word' id='word_1_553' title='bbox 1163 4395 1364 4451; x_wconf 90' lang='lat' dir='ltr'>damni</span> <span class='ocrx_word' id='word_1_554' title='bbox 1388 4396 1540 4450; x_wconf 92' lang='lat' dir='ltr'>nihil</span> <span class='ocrx_word' id='word_1_555' title='bbox 1572 4401 1663 4451; x_wconf 92' lang='lat' dir='ltr'>est</span> <span class='ocrx_word' id='word_1_556' title='bbox 1685 4396 1971 4452; x_wconf 89' lang='lat' dir='ltr'>facturus.</span> 
     </span>
    </p>
   </div>
   <div class='ocr_carea' id='block_1_80' title="bbox 316 4483 1972 4558">
    <p class='ocr_par' dir='ltr' id='par_1_80' title="bbox 316 4483 1972 4558">
     <span class='ocr_line' id='line_1_81' title="bbox 316 4483 1972 4558; baseline 0.001 -20"><span class='ocrx_word' id='word_1_557' title='bbox 316 4483 464 4539; x_wconf 92' lang='lat' dir='ltr'>Item</span> <span class='ocrx_word' id='word_1_558' title='bbox 496 4485 568 4551; x_wconf 91' lang='lat' dir='ltr'>si,</span> <span class='ocrx_word' id='word_1_559' title='bbox 603 4501 720 4555; x_wconf 92' lang='lat' dir='ltr'>quo</span> <span class='ocrx_word' id='word_1_560' title='bbox 750 4484 882 4540; x_wconf 92' lang='lat' dir='ltr'>loco</span> <span class='ocrx_word' id='word_1_561' title='bbox 919 4484 1047 4556; x_wconf 89' lang='lat' dir='ltr'>jam</span> <span class='ocrx_word' id='word_1_562' title='bbox 1097 4484 1505 4541; x_wconf 91' lang='lat' dir='ltr'>consederunt</span> <span class='ocrx_word' id='word_1_563' title='bbox 1551 4485 1774 4558; x_wconf 88' lang='lat' dir='ltr'>hostes,</span> <span class='ocrx_word' id='word_1_564' title='bbox 1810 4503 1878 4542; x_wconf 92' lang='lat' dir='ltr'>eo</span> <span class='ocrx_word' id='word_1_565' title='bbox 1910 4502 1972 4541; x_wconf 93' lang='lat' dir='ltr'>se</span> 
     </span>
    </p>
   </div>
   <div class='ocr_carea' id='block_1_81' title="bbox 319 4575 1971 4651">
    <p class='ocr_par' dir='ltr' id='par_1_81' title="bbox 319 4575 1971 4651">
     <span class='ocr_line' id='line_1_82' title="bbox 319 4575 1971 4651; baseline 0.001 -21"><span class='ocrx_word' id='word_1_566' title='bbox 319 4575 851 4647; x_wconf 88' lang='lat' dir='ltr'>continent,neque</span> <span class='ocrx_word' id='word_1_567' title='bbox 883 4575 956 4631; x_wconf 92' lang='lat' dir='ltr'>ob</span> <span class='ocrx_word' id='word_1_568' title='bbox 991 4577 1120 4648; x_wconf 88' lang='lat' dir='ltr'>ejus</span> <span class='ocrx_word' id='word_1_569' title='bbox 1149 4575 1592 4632; x_wconf 90' lang='lat' dir='ltr'>munimentum</span> <span class='ocrx_word' id='word_1_570' title='bbox 1615 4577 1755 4634; x_wconf 90' lang='lat' dir='ltr'>inde</span> <span class='ocrx_word' id='word_1_571' title='bbox 1779 4577 1971 4651; x_wconf 87' lang='lat' dir='ltr'>digre-</span> 
     </span>
    </p>
   </div>
   <div class='ocr_carea' id='block_1_82' title="bbox 323 4665 1974 4738">
    <p class='ocr_par' dir='ltr' id='par_1_82' title="bbox 323 4665 1974 4738">
     <span class='ocr_line' id='line_1_83' title="bbox 323 4665 1974 4738; baseline 0.001 -19"><span class='ocrx_word' id='word_1_572' title='bbox 323 4665 592 4732; x_wconf 91' lang='lat' dir='ltr'>diuntur,</span> <span class='ocrx_word' id='word_1_573' title='bbox 644 4666 1131 4737; x_wconf 72' lang='lat' dir='ltr'>praedatoresque</span> <span class='ocrx_word' id='word_1_574' title='bbox 1179 4672 1545 4738; x_wconf 89' lang='lat' dir='ltr'>exspectant,</span> <span class='ocrx_word' id='word_1_575' title='bbox 1578 4667 1974 4724; x_wconf 91' lang='lat' dir='ltr'>nihilominus</span> 
     </span>
    </p>
   </div>
   <div class='ocr_carea' id='block_1_83' title="bbox 323 4754 1975 4829">
    <p class='ocr_par' dir='ltr' id='par_1_83' title="bbox 323 4754 1975 4829">
     <span class='ocr_line' id='line_1_84' title="bbox 323 4754 1975 4829; baseline 0.002 -20"><span class='ocrx_word' id='word_1_576' title='bbox 323 4754 502 4810; x_wconf 90' lang='lat' dir='ltr'>debet</span> <span class='ocrx_word' id='word_1_577' title='bbox 529 4755 643 4810; x_wconf 86' lang='lat' dir='ltr'>dux</span> <span class='ocrx_word' id='word_1_578' title='bbox 699 4756 869 4829; x_wconf 87' lang='lat' dir='ltr'>signa</span> <span class='ocrx_word' id='word_1_579' title='bbox 897 4755 1118 4811; x_wconf 88' lang='lat' dir='ltr'>inferre</span> <span class='ocrx_word' id='word_1_580' title='bbox 1150 4771 1163 4810; x_wconf 91' lang='lat'><strong>:</strong></span> <span class='ocrx_word' id='word_1_581' title='bbox 1216 4772 1292 4811; x_wconf 92' lang='lat' dir='ltr'>ne</span> <span class='ocrx_word' id='word_1_582' title='bbox 1325 4762 1640 4826; x_wconf 82' lang='lat' dir='ltr'>cunctante</span> <span class='ocrx_word' id='word_1_583' title='bbox 1674 4757 1797 4826; x_wconf 90' lang='lat' dir='ltr'>illo,</span> <span class='ocrx_word' id='word_1_584' title='bbox 1831 4757 1975 4812; x_wconf 89' lang='lat' dir='ltr'>dum</span> 
     </span>
    </p>
   </div>
   <div class='ocr_carea' id='block_1_84' title="bbox 320 4843 1976 4919">
    <p class='ocr_par' dir='ltr' id='par_1_84' title="bbox 320 4843 1976 4919">
     <span class='ocr_line' id='line_1_85' title="bbox 320 4843 1976 4919; baseline 0.001 -21"><span class='ocrx_word' id='word_1_585' title='bbox 320 4843 621 4915; x_wconf 88' lang='lat' dir='ltr'>peditatus</span> <span class='ocrx_word' id='word_1_586' title='bbox 651 4846 1160 4919; x_wconf 81' lang='lat' dir='ltr'>congregatus,vel</span> <span class='ocrx_word' id='word_1_587' title='bbox 1191 4845 1264 4900; x_wconf 91' lang='lat' dir='ltr'>ob</span> <span class='ocrx_word' id='word_1_588' title='bbox 1287 4845 1468 4902; x_wconf 90' lang='lat' dir='ltr'>aliam</span> <span class='ocrx_word' id='word_1_589' title='bbox 1500 4864 1679 4919; x_wconf 90' lang='lat' dir='ltr'>quam</span> <span class='ocrx_word' id='word_1_590' title='bbox 1711 4863 1976 4912; x_wconf 89' lang='lat' dir='ltr'>causam,</span> 
     </span>
    </p>
   </div>
   <div class='ocr_carea' id='block_1_85' title="bbox 321 4934 1975 5009">
    <p class='ocr_par' dir='ltr' id='par_1_85' title="bbox 321 4934 1975 5009">
     <span class='ocr_line' id='line_1_86' title="bbox 321 4934 1975 5009; baseline 0.001 -21"><span class='ocrx_word' id='word_1_591' title='bbox 321 4935 480 4990; x_wconf 90' lang='lat' dir='ltr'>inter</span> <span class='ocrx_word' id='word_1_592' title='bbox 501 4934 626 4991; x_wconf 66' lang='lat' dir='ltr'>hac</span> <span class='ocrx_word' id='word_1_593' title='bbox 673 4936 868 4992; x_wconf 86' lang='lat' dir='ltr'>omnis</span> <span class='ocrx_word' id='word_1_594' title='bbox 916 4953 1130 4992; x_wconf 89' lang='lat' dir='ltr'>manus</span> <span class='ocrx_word' id='word_1_595' title='bbox 1186 4937 1543 5009; x_wconf 61' lang='lat' dir='ltr'>praedatoria</span> <span class='ocrx_word' id='word_1_596' title='bbox 1574 4941 1863 5004; x_wconf 87' lang='lat' dir='ltr'>recurrat,</span> <span class='ocrx_word' id='word_1_597' title='bbox 1886 4943 1975 4991; x_wconf 87' lang='lat' dir='ltr'>to-</span> 
     </span>
    </p>
   </div>
   <div class='ocr_carea' id='block_1_86' title="bbox 322 5025 1978 5099">
    <p class='ocr_par' dir='ltr' id='par_1_86' title="bbox 322 5025 1978 5099">
     <span class='ocr_line' id='line_1_87' title="bbox 322 5025 1978 5099; baseline 0.001 -21"><span class='ocrx_word' id='word_1_598' title='bbox 322 5029 568 5096; x_wconf 91' lang='lat' dir='ltr'>tumque</span> <span class='ocrx_word' id='word_1_599' title='bbox 621 5025 694 5081; x_wconf 91' lang='lat' dir='ltr'>de</span> <span class='ocrx_word' id='word_1_600' title='bbox 754 5025 1204 5099; x_wconf 76' lang='lat' dir='ltr'>impugnatione</span> <span class='ocrx_word' id='word_1_601' title='bbox 1260 5027 1578 5084; x_wconf 90' lang='lat' dir='ltr'>consilium</span> <span class='ocrx_word' id='word_1_602' title='bbox 1624 5027 1859 5081; x_wconf 89' lang='lat' dir='ltr'>irritum</span> <span class='ocrx_word' id='word_1_603' title='bbox 1890 5026 1978 5080; x_wconf 83' lang='lat' dir='ltr'>fa-</span> 
     </span>
    </p>
   </div>
   <div class='ocr_carea' id='block_1_87' title="bbox 319 5113 1976 5188">
    <p class='ocr_par' dir='ltr' id='par_1_87' title="bbox 319 5113 1976 5188">
     <span class='ocr_line' id='line_1_88' title="bbox 319 5113 1976 5188; baseline 0.002 -22"><span class='ocrx_word' id='word_1_604' title='bbox 319 5113 456 5167; x_wconf 88' lang='lat' dir='ltr'>ciat.</span> <span class='ocrx_word' id='word_1_605' title='bbox 491 5114 584 5170; x_wconf 92' lang='lat' dir='ltr'>Sic</span> <span class='ocrx_word' id='word_1_606' title='bbox 616 5121 815 5170; x_wconf 91' lang='lat' dir='ltr'>autem</span> <span class='ocrx_word' id='word_1_607' title='bbox 851 5113 1026 5170; x_wconf 92' lang='lat' dir='ltr'>debet</span> <span class='ocrx_word' id='word_1_608' title='bbox 1055 5115 1174 5172; x_wconf 87' lang='lat' dir='ltr'>dux</span> <span class='ocrx_word' id='word_1_609' title='bbox 1222 5134 1324 5172; x_wconf 92' lang='lat' dir='ltr'>eos</span> <span class='ocrx_word' id='word_1_610' title='bbox 1356 5115 1617 5188; x_wconf 84' lang='lat' dir='ltr'>aggredi.</span> <span class='ocrx_word' id='word_1_611' title='bbox 1652 5115 1824 5170; x_wconf 89' lang='lat' dir='ltr'>Vicos</span> <span class='ocrx_word' id='word_1_612' title='bbox 1847 5132 1976 5186; x_wconf 85' lang='lat' dir='ltr'>pro-</span> 
     </span>
    </p>
   </div>
   <div class='ocr_carea' id='block_1_88' title="bbox 323 5203 1978 5278">
    <p class='ocr_par' dir='ltr' id='par_1_88' title="bbox 323 5203 1978 5278">
     <span class='ocr_line' id='line_1_89' title="bbox 323 5203 1978 5278; baseline 0.001 -21"><span class='ocrx_word' id='word_1_613' title='bbox 323 5203 581 5274; x_wconf 90' lang='lat' dir='ltr'>pinquos</span> <span class='ocrx_word' id='word_1_614' title='bbox 612 5205 823 5260; x_wconf 92' lang='lat' dir='ltr'>castris</span> <span class='ocrx_word' id='word_1_615' title='bbox 857 5205 1119 5260; x_wconf 87' lang='lat' dir='ltr'>hostium</span> <span class='ocrx_word' id='word_1_616' title='bbox 1143 5206 1520 5278; x_wconf 87' lang='lat' dir='ltr'>subjacentes</span> <span class='ocrx_word' id='word_1_617' title='bbox 1547 5221 1654 5276; x_wconf 90' lang='lat' dir='ltr'>per</span> <span class='ocrx_word' id='word_1_618' title='bbox 1675 5204 1978 5260; x_wconf 85' lang='lat' dir='ltr'>excubito-</span> 
     </span>
    </p>
   </div>
   <div class='ocr_carea' id='block_1_89' title="bbox 324 5291 1979 5366">
    <p class='ocr_par' dir='ltr' id='par_1_89' title="bbox 324 5291 1979 5366">
     <span class='ocr_line' id='line_1_90' title="bbox 324 5291 1979 5366; baseline 0.002 -21"><span class='ocrx_word' id='word_1_619' title='bbox 324 5308 419 5346; x_wconf 86' lang='lat' dir='ltr'>res</span> <span class='ocrx_word' id='word_1_620' title='bbox 449 5291 728 5348; x_wconf 91' lang='lat' dir='ltr'>dimissos</span> <span class='ocrx_word' id='word_1_621' title='bbox 757 5294 1060 5366; x_wconf 89' lang='lat' dir='ltr'>exploret:</span> <span class='ocrx_word' id='word_1_622' title='bbox 1107 5294 1191 5348; x_wconf 91' lang='lat' dir='ltr'>ibi</span> <span class='ocrx_word' id='word_1_623' title='bbox 1247 5294 1476 5365; x_wconf 90' lang='lat' dir='ltr'>equites</span> <span class='ocrx_word' id='word_1_624' title='bbox 1533 5292 1796 5348; x_wconf 86' lang='lat' dir='ltr'>delectos</span> <span class='ocrx_word' id='word_1_625' title='bbox 1844 5309 1979 5348; x_wconf 91' lang='lat' dir='ltr'>cum</span> 
     </span>
    </p>
   </div>
   <div class='ocr_carea' id='block_1_90' title="bbox 324 5381 1980 5456">
    <p class='ocr_par' dir='ltr' id='par_1_90' title="bbox 324 5381 1980 5456">
     <span class='ocr_line' id='line_1_91' title="bbox 324 5381 1980 5456; baseline 0.001 -20"><span class='ocrx_word' id='word_1_626' title='bbox 324 5381 688 5451; x_wconf 89' lang='lat' dir='ltr'>peritissimo</span> <span class='ocrx_word' id='word_1_627' title='bbox 720 5400 788 5440; x_wconf 92' lang='lat' dir='ltr'>ac</span> <span class='ocrx_word' id='word_1_628' title='bbox 807 5382 1240 5456; x_wconf 82' lang='lat' dir='ltr'>fortipraefecto</span> <span class='ocrx_word' id='word_1_629' title='bbox 1262 5382 1393 5438; x_wconf 90' lang='lat' dir='ltr'>loco</span> <span class='ocrx_word' id='word_1_630' title='bbox 1416 5386 1753 5455; x_wconf 89' lang='lat' dir='ltr'>opportuno</span> <span class='ocrx_word' id='word_1_631' title='bbox 1777 5382 1980 5438; x_wconf 89' lang='lat' dir='ltr'>occul-</span> 
     </span>
    </p>
   </div>
   <div class='ocr_carea' id='block_1_91' title="bbox 2068 3214 3722 3300">
    <p class='ocr_par' dir='ltr' id='par_1_91' title="bbox 2068 3214 3722 3300">
     <span class='ocr_line' id='line_1_92' title="bbox 2068 3214 3722 3300; baseline -0.008 -16"><span class='ocrx_word' id='word_1_632' title='bbox 2068 3225 2354 3300; x_wconf 79' lang='grc' dir='ltr'>τατολμᾷν</span> <span class='ocrx_word' id='word_1_633' title='bbox 2385 3223 2522 3280; x_wconf 82' lang='grc' dir='ltr'>κατά</span> <span class='ocrx_word' id='word_1_634' title='bbox 2548 3227 2658 3279; x_wconf 89' lang='grc' dir='ltr'>τῶν</span> <span class='ocrx_word' id='word_1_635' title='bbox 2680 3224 3010 3296; x_wconf 80' lang='grc' dir='ltr'>Ῥωμαϊκῶν</span> <span class='ocrx_word' id='word_1_636' title='bbox 3070 3218 3296 3298; x_wconf 86' lang='grc' dir='ltr'>χωρίων</span> <span class='ocrx_word' id='word_1_637' title='bbox 3345 3219 3439 3283; x_wconf 78' lang='grc' dir='ltr'>τὰς</span> <span class='ocrx_word' id='word_1_638' title='bbox 3494 3214 3722 3296; x_wconf 72' lang='grc' dir='ltr'>ἐφόδους</span> 
     </span>
    </p>
   </div>
   <div class='ocr_carea' id='block_1_92' title="bbox 2069 3305 3723 3388">
    <p class='ocr_par' dir='ltr' id='par_1_92' title="bbox 2069 3305 3723 3388">
     <span class='ocr_line' id='line_1_93' title="bbox 2069 3305 3723 3388; baseline -0.007 -16"><span class='ocrx_word' id='word_1_639' title='bbox 2069 3321 2365 3380; x_wconf 90' lang='grc' dir='ltr'>ποιεῖσθαι.</span> <span class='ocrx_word' id='word_1_640' title='bbox 2395 3314 2457 3372; x_wconf 85' lang='grc' dir='ltr'>Εἰ</span> <span class='ocrx_word' id='word_1_641' title='bbox 2520 3311 2579 3368; x_wconf 71' lang='grc' dir='ltr'>δὲ</span> <span class='ocrx_word' id='word_1_642' title='bbox 2639 3313 2716 3386; x_wconf 80' lang='grc' dir='ltr'>μή</span> <span class='ocrx_word' id='word_1_643' title='bbox 2755 3313 3021 3388; x_wconf 89' lang='grc' dir='ltr'>πρότερον</span> <span class='ocrx_word' id='word_1_644' title='bbox 3080 3312 3108 3366; x_wconf 82' lang='grc' dir='ltr'>ὁ</span> <span class='ocrx_word' id='word_1_645' title='bbox 3164 3309 3460 3387; x_wconf 85' lang='grc' dir='ltr'>στρατηγὸς</span> <span class='ocrx_word' id='word_1_646' title='bbox 3518 3305 3723 3383; x_wconf 75' lang='grc' dir='ltr'>ἐπιγνῷ</span> 
     </span>
    </p>
   </div>
   <div class='ocr_carea' id='block_1_93' title="bbox 2067 3395 3729 3478">
    <p class='ocr_par' dir='ltr' id='par_1_93' title="bbox 2067 3395 3729 3478">
     <span class='ocr_line' id='line_1_94' title="bbox 2067 3395 3729 3478; baseline -0.007 -15"><span class='ocrx_word' id='word_1_647' title='bbox 2067 3409 2171 3476; x_wconf 80' lang='grc' dir='ltr'>τήν</span> <span class='ocrx_word' id='word_1_648' title='bbox 2226 3406 2331 3461; x_wconf 78' lang='grc' dir='ltr'>ἀπὸ</span> <span class='ocrx_word' id='word_1_649' title='bbox 2387 3407 2485 3460; x_wconf 72' lang='grc' dir='ltr'>τοῦ</span> <span class='ocrx_word' id='word_1_650' title='bbox 2543 3400 2832 3473; x_wconf 76' lang='grc' dir='ltr'>ἀπλήκτου</span> <span class='ocrx_word' id='word_1_651' title='bbox 2889 3401 3066 3456; x_wconf 77' lang='grc' dir='ltr'>αὐτῶν</span> <span class='ocrx_word' id='word_1_652' title='bbox 3117 3399 3169 3456; x_wconf 83' lang='grc' dir='ltr'>ἐν</span> <span class='ocrx_word' id='word_1_653' title='bbox 3234 3395 3404 3476; x_wconf 68' lang='grc' dir='ltr'>έτέρῳ</span> <span class='ocrx_word' id='word_1_654' title='bbox 3460 3395 3729 3478; x_wconf 72' lang='grc' dir='ltr'>ἀπλήκτῳ</span> 
     </span>
    </p>
   </div>
   <div class='ocr_carea' id='block_1_94' title="bbox 2077 3483 3726 3570">
    <p class='ocr_par' dir='ltr' id='par_1_94' title="bbox 2077 3483 3726 3570">
     <span class='ocr_line' id='line_1_95' title="bbox 2077 3483 3726 3570; baseline -0.007 -19"><span class='ocrx_word' id='word_1_655' title='bbox 2077 3491 2391 3570; x_wconf 76' lang='grc' dir='ltr'>μετάϐασιν,</span> <span class='ocrx_word' id='word_1_656' title='bbox 2425 3494 2480 3564; x_wconf 79' lang='grc' dir='ltr'>ἢ,</span> <span class='ocrx_word' id='word_1_657' title='bbox 2512 3493 2587 3556; x_wconf 75' lang='grc' dir='ltr'>ὥς</span> <span class='ocrx_word' id='word_1_658' title='bbox 2619 3490 2776 3570; x_wconf 71' lang='grc' dir='ltr'>ἔφην,</span> <span class='ocrx_word' id='word_1_659' title='bbox 2807 3489 2876 3546; x_wconf 87' lang='grc' dir='ltr'>δι’</span> <span class='ocrx_word' id='word_1_660' title='bbox 2909 3489 3260 3564; x_wconf 84' lang='grc' dir='ltr'>αὐτομόλων,</span> <span class='ocrx_word' id='word_1_661' title='bbox 3289 3488 3324 3558; x_wconf 72' lang='grc' dir='ltr'><strong>ἢ</strong></span> <span class='ocrx_word' id='word_1_662' title='bbox 3376 3486 3466 3544; x_wconf 81' lang='grc' dir='ltr'>διὰ</span> <span class='ocrx_word' id='word_1_663' title='bbox 3514 3483 3726 3561; x_wconf 78' lang='grc' dir='ltr'>δεσμωο</span> 
     </span>
    </p>
   </div>
   <div class='ocr_carea' id='block_1_95' title="bbox 2071 3587 3729 3664">
    <p class='ocr_par' dir='ltr' id='par_1_95' title="bbox 2071 3587 3729 3664">
     <span class='ocr_line' id='line_1_96' title="bbox 2071 3587 3729 3664; baseline -0.007 -13"><span class='ocrx_word' id='word_1_664' title='bbox 2071 3600 2203 3651; x_wconf 81' lang='grc' dir='ltr'>τῶν’</span> <span class='ocrx_word' id='word_1_665' title='bbox 2236 3592 2386 3656; x_wconf 76' lang='grc' dir='ltr'>ὅπως</span> <span class='ocrx_word' id='word_1_666' title='bbox 2432 3590 2486 3648; x_wconf 77' lang='grc' dir='ltr'>ἐν</span> <span class='ocrx_word' id='word_1_667' title='bbox 2539 3591 2688 3648; x_wconf 87' lang='grc' dir='ltr'>νυκτὶ</span> <span class='ocrx_word' id='word_1_668' title='bbox 2749 3589 3077 3656; x_wconf 85' lang='grc' dir='ltr'>ἀποστείλας</span> <span class='ocrx_word' id='word_1_669' title='bbox 3134 3587 3518 3664; x_wconf 78' lang='grc' dir='ltr'>παρασκευάσῃ</span> <span class='ocrx_word' id='word_1_670' title='bbox 3551 3588 3603 3642; x_wconf 82' lang='grc' dir='ltr'>έν</span> <span class='ocrx_word' id='word_1_671' title='bbox 3657 3589 3729 3660; x_wconf 83' lang='grc' dir='ltr'>τῇ</span> 
     </span>
    </p>
   </div>
   <div class='ocr_carea' id='block_1_96' title="bbox 2073 3674 3730 3761">
    <p class='ocr_par' dir='ltr' id='par_1_96' title="bbox 2073 3674 3730 3761">
     <span class='ocr_line' id='line_1_97' title="bbox 2073 3674 3730 3761; baseline -0.007 -20"><span class='ocrx_word' id='word_1_672' title='bbox 2073 3681 2301 3761; x_wconf 86' lang='grc' dir='ltr'>παρόδῳ</span> <span class='ocrx_word' id='word_1_673' title='bbox 2332 3683 2508 3738; x_wconf 74' lang='grc' dir='ltr'>αὐτῶν</span> <span class='ocrx_word' id='word_1_674' title='bbox 2563 3682 2632 3738; x_wconf 80' lang='grc' dir='ltr'>τὰ</span> <span class='ocrx_word' id='word_1_675' title='bbox 2683 3679 3064 3756; x_wconf 79' lang='grc' dir='ltr'>ἐγκρύμματα·</span> <span class='ocrx_word' id='word_1_676' title='bbox 3125 3695 3216 3736; x_wconf 82' lang='grc' dir='ltr'>και</span> <span class='ocrx_word' id='word_1_677' title='bbox 3259 3679 3312 3735; x_wconf 81' lang='grc' dir='ltr'>έν</span> <span class='ocrx_word' id='word_1_678' title='bbox 3345 3680 3530 3754; x_wconf 89' lang='grc' dir='ltr'>ἡμέρᾳ</span> <span class='ocrx_word' id='word_1_679' title='bbox 3582 3674 3730 3732; x_wconf 85' lang='grc' dir='ltr'>ὁδοι-</span> 
     </span>
    </p>
   </div>
   <div class='ocr_carea' id='block_1_97' title="bbox 2074 3765 3730 3849">
    <p class='ocr_par' dir='ltr' id='par_1_97' title="bbox 2074 3765 3730 3849">
     <span class='ocr_line' id='line_1_98' title="bbox 2074 3765 3730 3849; baseline -0.005 -20"><span class='ocrx_word' id='word_1_680' title='bbox 2074 3773 2387 3849; x_wconf 90' lang='grc' dir='ltr'>πορούντων</span> <span class='ocrx_word' id='word_1_681' title='bbox 2460 3775 2569 3826; x_wconf 91' lang='grc' dir='ltr'>τῶν</span> <span class='ocrx_word' id='word_1_682' title='bbox 2653 3770 2939 3843; x_wconf 86' lang='grc' dir='ltr'>πολεμίων</span> <span class='ocrx_word' id='word_1_683' title='bbox 2995 3773 3240 3845; x_wconf 77' lang='grc' dir='ltr'>φανερῶς</span> <span class='ocrx_word' id='word_1_684' title='bbox 3321 3765 3730 3842; x_wconf 86' lang='grc' dir='ltr'>παρασκευασά-</span> 
     </span>
    </p>
   </div>
   <div class='ocr_carea' id='block_1_98' title="bbox 2080 3850 3731 3934">
    <p class='ocr_par' dir='ltr' id='par_1_98' title="bbox 2080 3850 3731 3934">
     <span class='ocr_line' id='line_1_99' title="bbox 2080 3850 3731 3934; baseline -0.005 -20"><span class='ocrx_word' id='word_1_685' title='bbox 2080 3880 2240 3934; x_wconf 88' lang='grc' dir='ltr'>μενος</span> <span class='ocrx_word' id='word_1_686' title='bbox 2297 3858 2390 3914; x_wconf 90' lang='grc' dir='ltr'>τὸν</span> <span class='ocrx_word' id='word_1_687' title='bbox 2448 3857 2567 3913; x_wconf 88' lang='grc' dir='ltr'>κατ’</span> <span class='ocrx_word' id='word_1_688' title='bbox 2624 3855 2800 3912; x_wconf 66' lang='grc' dir='ltr'>αὐτῶν</span> <span class='ocrx_word' id='word_1_689' title='bbox 2863 3853 3116 3926; x_wconf 87' lang='grc' dir='ltr'>διάθηται</span> <span class='ocrx_word' id='word_1_690' title='bbox 3172 3852 3439 3928; x_wconf 61' lang='grc' dir='ltr'>πόλεμον</span> <span class='ocrx_word' id='word_1_691' title='bbox 3475 3853 3527 3909; x_wconf 85' lang='grc' dir='ltr'>εἷ’</span> <span class='ocrx_word' id='word_1_692' title='bbox 3549 3875 3611 3928; x_wconf 92' lang='grc' dir='ltr'>γε</span> <span class='ocrx_word' id='word_1_693' title='bbox 3669 3850 3731 3906; x_wconf 84' lang='grc' dir='ltr'>οὐ</span> 
     </span>
    </p>
   </div>
   <div class='ocr_carea' id='block_1_99' title="bbox 2075 3944 3735 4024">
    <p class='ocr_par' dir='ltr' id='par_1_99' title="bbox 2075 3944 3735 4024">
     <span class='ocr_line' id='line_1_100' title="bbox 2075 3944 3735 4024; baseline -0.005 -20"><span class='ocrx_word' id='word_1_694' title='bbox 2075 3950 2251 4018; x_wconf 88' lang='grc' dir='ltr'>πάντη</span> <span class='ocrx_word' id='word_1_695' title='bbox 2314 3946 2600 4024; x_wconf 83' lang='grc' dir='ltr'>ὀλιγοστὸν</span> <span class='ocrx_word' id='word_1_696' title='bbox 2659 3944 2749 4000; x_wconf 91' lang='lat' dir='ltr'>xui</span> <span class='ocrx_word' id='word_1_697' title='bbox 2840 3944 3204 4021; x_wconf 85' lang='grc' dir='ltr'>εὐαρίθμητον</span> <span class='ocrx_word' id='word_1_698' title='bbox 3258 3945 3515 4014; x_wconf 86' lang='grc' dir='ltr'>κέκτηται</span> <span class='ocrx_word' id='word_1_699' title='bbox 3569 3944 3735 4017; x_wconf 76' lang='grc' dir='ltr'>στρά-</span> 
     </span>
    </p>
   </div>
   <div class='ocr_carea' id='block_1_100' title="bbox 2076 4031 3734 4111">
    <p class='ocr_par' dir='ltr' id='par_1_100' title="bbox 2076 4031 3734 4111">
     <span class='ocr_line' id='line_1_101' title="bbox 2076 4031 3734 4111; baseline -0.005 -16"><span class='ocrx_word' id='word_1_700' title='bbox 2076 4059 2272 4111; x_wconf 89' lang='grc' dir='ltr'>τευμα.</span> <span class='ocrx_word' id='word_1_701' title='bbox 2332 4038 2392 4090; x_wconf 72' lang='grc' dir='ltr'><strong>Ὀ</strong></span> <span class='ocrx_word' id='word_1_702' title='bbox 2448 4036 2548 4111; x_wconf 85' lang='grc' dir='ltr'>γὰρ</span> <span class='ocrx_word' id='word_1_703' title='bbox 2608 4035 2748 4090; x_wconf 88' lang='grc' dir='ltr'>κατά</span> <span class='ocrx_word' id='word_1_704' title='bbox 2800 4040 2864 4090; x_wconf 86' lang='grc' dir='ltr'>το</span> <span class='ocrx_word' id='word_1_705' title='bbox 2933 4031 3166 4090; x_wconf 78' lang='grc' dir='ltr'>τοῦΛδον</span> <span class='ocrx_word' id='word_1_706' title='bbox 3224 4034 3400 4089; x_wconf 85' lang='grc' dir='ltr'>αὐτῶν</span> <span class='ocrx_word' id='word_1_707' title='bbox 3459 4031 3734 4105; x_wconf 86' lang='grc' dir='ltr'>πόλεμος,</span> 
     </span>
    </p>
   </div>
   <div class='ocr_carea' id='block_1_101' title="bbox 2080 4121 3733 4201">
    <p class='ocr_par' dir='ltr' id='par_1_101' title="bbox 2080 4121 3733 4201">
     <span class='ocr_line' id='line_1_102' title="bbox 2080 4121 3733 4201; baseline -0.005 -17"><span class='ocrx_word' id='word_1_708' title='bbox 2080 4128 2390 4201; x_wconf 86' lang='grc' dir='ltr'>συντόμως,</span> <span class='ocrx_word' id='word_1_709' title='bbox 2418 4123 2684 4181; x_wconf 79' lang='grc' dir='ltr'>οὐδέποτε</span> <span class='ocrx_word' id='word_1_710' title='bbox 2739 4123 3048 4180; x_wconf 79' lang='grc' dir='ltr'>ἐναντίωσιν</span> <span class='ocrx_word' id='word_1_711' title='bbox 3101 4123 3138 4194; x_wconf 72' lang='grc' dir='ltr'><strong>ἢ</strong></span> <span class='ocrx_word' id='word_1_712' title='bbox 3191 4121 3405 4200; x_wconf 75' lang='grc' dir='ltr'>βλάϐην</span> <span class='ocrx_word' id='word_1_713' title='bbox 3455 4126 3534 4195; x_wconf 79' lang='grc' dir='ltr'>τῷ</span> <span class='ocrx_word' id='word_1_714' title='bbox 3590 4123 3733 4195; x_wconf 83' lang='grc' dir='ltr'>ἡμε-</span> 
     </span>
    </p>
   </div>
   <div class='ocr_carea' id='block_1_102' title="bbox 2076 4209 3738 4295">
    <p class='ocr_par' dir='ltr' id='par_1_102' title="bbox 2076 4209 3738 4295">
     <span class='ocr_line' id='line_1_103' title="bbox 2076 4209 3738 4295; baseline -0.007 -20"><span class='ocrx_word' id='word_1_715' title='bbox 2076 4221 2220 4295; x_wconf 87' lang='grc' dir='ltr'>τέρῳ</span> <span class='ocrx_word' id='word_1_716' title='bbox 2261 4221 2474 4291; x_wconf 86' lang='grc' dir='ltr'>στρατῷ</span> <span class='ocrx_word' id='word_1_717' title='bbox 2531 4210 2917 4289; x_wconf 80' lang='grc' dir='ltr'>προύξένησεν,</span> <span class='ocrx_word' id='word_1_718' title='bbox 2976 4212 3203 4289; x_wconf 81' lang='grc' dir='ltr'>ὀλίγους</span> <span class='ocrx_word' id='word_1_719' title='bbox 3261 4209 3390 4289; x_wconf 82' lang='grc' dir='ltr'>ἔχον</span> <span class='ocrx_word' id='word_1_720' title='bbox 3454 4211 3738 4286; x_wconf 87' lang='grc' dir='ltr'>μαχίμους</span> 
     </span>
    </p>
   </div>
   <div class='ocr_carea' id='block_1_103' title="bbox 2079 4300 3738 4384">
    <p class='ocr_par' dir='ltr' id='par_1_103' title="bbox 2079 4300 3738 4384">
     <span class='ocr_line' id='line_1_104' title="bbox 2079 4300 3738 4384; baseline -0.006 -19"><span class='ocrx_word' id='word_1_721' title='bbox 2079 4311 2267 4370; x_wconf 75' lang='grc' dir='ltr'>ἱππεῖς</span> <span class='ocrx_word' id='word_1_722' title='bbox 2321 4306 2400 4370; x_wconf 77' lang='grc' dir='ltr'>εἴς</span> <span class='ocrx_word' id='word_1_723' title='bbox 2460 4303 2708 4384; x_wconf 74' lang='grc' dir='ltr'>φυλακὴν</span> <span class='ocrx_word' id='word_1_724' title='bbox 2779 4306 2992 4360; x_wconf 70' lang='grc' dir='ltr'>ἑαυτοῦο</span> <span class='ocrx_word' id='word_1_725' title='bbox 3074 4301 3204 4360; x_wconf 82' lang='grc' dir='ltr'>ἀλλ’</span> <span class='ocrx_word' id='word_1_726' title='bbox 3261 4305 3448 4365; x_wconf 83' lang='grc' dir='ltr'>ὁσάκις</span> <span class='ocrx_word' id='word_1_727' title='bbox 3500 4300 3559 4358; x_wconf 77' lang='grc' dir='ltr'>ἄν</span> <span class='ocrx_word' id='word_1_728' title='bbox 3617 4300 3738 4356; x_wconf 85' lang='grc' dir='ltr'>κατ’</span> 
     </span>
    </p>
   </div>
   <div class='ocr_carea' id='block_1_104' title="bbox 2081 4391 3734 4472">
    <p class='ocr_par' dir='ltr' id='par_1_104' title="bbox 2081 4391 3734 4472">
     <span class='ocr_line' id='line_1_105' title="bbox 2081 4391 3734 4472; baseline -0.007 -18"><span class='ocrx_word' id='word_1_729' title='bbox 2081 4397 2610 4472; x_wconf 69' lang='grc' dir='ltr'>αὐτῶν⁴⁴συνήφθη</span> <span class='ocrx_word' id='word_1_730' title='bbox 2669 4393 2940 4468; x_wconf 87' lang='grc' dir='ltr'>πόλεμος,</span> <span class='ocrx_word' id='word_1_731' title='bbox 2999 4391 3250 4456; x_wconf 79' lang='grc' dir='ltr'>πολλοὺς</span> <span class='ocrx_word' id='word_1_732' title='bbox 3304 4392 3480 4446; x_wconf 82' lang='grc' dir='ltr'>αὐτῶν</span> <span class='ocrx_word' id='word_1_733' title='bbox 3538 4391 3566 4445; x_wconf 81' lang='grc' dir='ltr'><strong>ὁ</strong></span> <span class='ocrx_word' id='word_1_734' title='bbox 3623 4391 3734 4444; x_wconf 87' lang='grc' dir='ltr'>τῶν</span> 
     </span>
    </p>
   </div>
   <div class='ocr_carea' id='block_1_105' title="bbox 2083 4478 3735 4562">
    <p class='ocr_par' dir='ltr' id='par_1_105' title="bbox 2083 4478 3735 4562">
     <span class='ocr_line' id='line_1_106' title="bbox 2083 4478 3735 4562; baseline -0.007 -19"><span class='ocrx_word' id='word_1_735' title='bbox 2083 4487 2372 4562; x_wconf 81' lang='grc' dir='ltr'>Ῥωμαίων</span> <span class='ocrx_word' id='word_1_736' title='bbox 2457 4484 2686 4561; x_wconf 86' lang='grc' dir='ltr'>στρατὸς</span> <span class='ocrx_word' id='word_1_737' title='bbox 2737 4482 2829 4539; x_wconf 87' lang='grc' dir='ltr'>καὶ</span> <span class='ocrx_word' id='word_1_738' title='bbox 2881 4478 3319 4558; x_wconf 82' lang='grc' dir='ltr'>ἠνδραποδίσατο</span> <span class='ocrx_word' id='word_1_739' title='bbox 3376 4479 3465 4536; x_wconf 88' lang='grc' dir='ltr'>καὶ</span> <span class='ocrx_word' id='word_1_740' title='bbox 3531 4479 3735 4534; x_wconf 76' lang='grc' dir='ltr'>ἀνεῖλε·</span> 
     </span>
    </p>
   </div>
   <div class='ocr_carea' id='block_1_106' title="bbox 2081 4569 3738 4648">
    <p class='ocr_par' dir='ltr' id='par_1_106' title="bbox 2081 4569 3738 4648">
     <span class='ocr_line' id='line_1_107' title="bbox 2081 4569 3738 4648; baseline -0.007 -14"><span class='ocrx_word' id='word_1_741' title='bbox 2081 4575 2386 4634; x_wconf 86' lang='grc' dir='ltr'>καὶπολλά</span> <span class='ocrx_word' id='word_1_742' title='bbox 2425 4579 2533 4630; x_wconf 87' lang='grc' dir='ltr'>τῶν</span> <span class='ocrx_word' id='word_1_743' title='bbox 2591 4573 2898 4648; x_wconf 86' lang='grc' dir='ltr'>ὑποζυγίων</span> <span class='ocrx_word' id='word_1_744' title='bbox 2953 4572 3044 4628; x_wconf 82' lang='grc' dir='ltr'>καὶ</span> <span class='ocrx_word' id='word_1_745' title='bbox 3100 4572 3353 4646; x_wconf 75' lang='grc' dir='ltr'>ἡμιόνων</span> <span class='ocrx_word' id='word_1_746' title='bbox 3404 4569 3581 4626; x_wconf 79' lang='grc' dir='ltr'>αὐτῶν</span> <span class='ocrx_word' id='word_1_747' title='bbox 3639 4588 3738 4622; x_wconf 85' lang='grc' dir='ltr'>πε-</span> 
     </span>
    </p>
   </div>
   <div class='ocr_carea' id='block_1_107' title="bbox 2085 4656 3740 4746">
    <p class='ocr_par' dir='ltr' id='par_1_107' title="bbox 2085 4656 3740 4746">
     <span class='ocr_line' id='line_1_108' title="bbox 2085 4656 3740 4746; baseline -0.007 -22"><span class='ocrx_word' id='word_1_748' title='bbox 2085 4665 2422 4746; x_wconf 81' lang='grc' dir='ltr'>φορτισμένα</span> <span class='ocrx_word' id='word_1_749' title='bbox 2452 4660 2802 4720; x_wconf 77' lang='grc' dir='ltr'>ἀνελάϐοντο.</span> <span class='ocrx_word' id='word_1_750' title='bbox 2837 4661 2900 4720; x_wconf 78' lang='lat' dir='ltr'>Ei</span> <span class='ocrx_word' id='word_1_751' title='bbox 2939 4659 2996 4717; x_wconf 76' lang='grc' dir='ltr'>δὶ</span> <span class='ocrx_word' id='word_1_752' title='bbox 3051 4661 3141 4717; x_wconf 84' lang='grc' dir='ltr'>καὶ</span> <span class='ocrx_word' id='word_1_753' title='bbox 3197 4662 3261 4717; x_wconf 86' lang='grc' dir='ltr'>τὸ</span> <span class='ocrx_word' id='word_1_754' title='bbox 3319 4660 3540 4730; x_wconf 87' lang='grc' dir='ltr'>πεζικὸν</span> <span class='ocrx_word' id='word_1_755' title='bbox 3573 4656 3740 4733; x_wconf 80' lang='grc' dir='ltr'>στρά-</span> 
     </span>
    </p>
   </div>
   <div class='ocr_carea' id='block_1_108' title="bbox 2083 4746 3740 4832">
    <p class='ocr_par' dir='ltr' id='par_1_108' title="bbox 2083 4746 3740 4832">
     <span class='ocr_line' id='line_1_109' title="bbox 2083 4746 3740 4832; baseline -0.006 -19"><span class='ocrx_word' id='word_1_756' title='bbox 2083 4778 2262 4831; x_wconf 89' lang='grc' dir='ltr'>τευμα</span> <span class='ocrx_word' id='word_1_757' title='bbox 2286 4755 2338 4811; x_wconf 77' lang='grc' dir='ltr'>ἐν</span> <span class='ocrx_word' id='word_1_758' title='bbox 2367 4756 2553 4832; x_wconf 86' lang='grc' dir='ltr'>ἡμέρᾳ</span> <span class='ocrx_word' id='word_1_759' title='bbox 2577 4752 2830 4827; x_wconf 66' lang='grc' dir='ltr'>πολέμου</span> <span class='ocrx_word' id='word_1_760' title='bbox 2859 4751 3030 4828; x_wconf 74' lang='grc' dir='ltr'>τύχῃ,</span> <span class='ocrx_word' id='word_1_761' title='bbox 3060 4751 3123 4807; x_wconf 88' lang='grc' dir='ltr'>τὸ</span> <span class='ocrx_word' id='word_1_762' title='bbox 3155 4749 3503 4825; x_wconf 83' lang='grc' dir='ltr'>ὡπλισμένον</span> <span class='ocrx_word' id='word_1_763' title='bbox 3537 4746 3740 4820; x_wconf 83' lang='grc' dir='ltr'>δηλον-</span> 
     </span>
    </p>
   </div>
   <div class='ocr_carea' id='block_1_109' title="bbox 2087 4838 3740 4920">
    <p class='ocr_par' dir='ltr' id='par_1_109' title="bbox 2087 4838 3740 4920">
     <span class='ocr_line' id='line_1_110' title="bbox 2087 4838 3740 4920; baseline -0.007 -18"><span class='ocrx_word' id='word_1_764' title='bbox 2087 4847 2171 4903; x_wconf 93' lang='grc' dir='ltr'>ότι</span> <span class='ocrx_word' id='word_1_765' title='bbox 2207 4847 2296 4902; x_wconf 90' lang='grc' dir='ltr'>καὶ</span> <span class='ocrx_word' id='word_1_766' title='bbox 2329 4845 2466 4920; x_wconf 88' lang='grc' dir='ltr'>πρὸς</span> <span class='ocrx_word' id='word_1_767' title='bbox 2529 4842 2812 4915; x_wconf 86' lang='grc' dir='ltr'>πολέμους</span> <span class='ocrx_word' id='word_1_768' title='bbox 2868 4841 3331 4918; x_wconf 81' lang='grc' dir='ltr'>γεγυμνασμένον,</span> <span class='ocrx_word' id='word_1_769' title='bbox 3372 4838 3562 4912; x_wconf 87' lang='grc' dir='ltr'>κύκλῳ</span> <span class='ocrx_word' id='word_1_770' title='bbox 3620 4838 3740 4893; x_wconf 86' lang='grc' dir='ltr'>κατ’</span> 
     </span>
    </p>
   </div>
   <div class='ocr_carea' id='block_1_110' title="bbox 2089 4926 3742 5010">
    <p class='ocr_par' dir='ltr' id='par_1_110' title="bbox 2089 4926 3742 5010">
     <span class='ocr_line' id='line_1_111' title="bbox 2089 4926 3742 5010; baseline -0.006 -19"><span class='ocrx_word' id='word_1_771' title='bbox 2089 4935 2265 4992; x_wconf 78' lang='grc' dir='ltr'>αὐτῶν</span> <span class='ocrx_word' id='word_1_772' title='bbox 2310 4937 2686 5010; x_wconf 80' lang='grc' dir='ltr'>στρατηγικῶς</span> <span class='ocrx_word' id='word_1_773' title='bbox 2739 4933 3119 5008; x_wconf 75' lang='grc' dir='ltr'>παρασκευάσῃ</span> <span class='ocrx_word' id='word_1_774' title='bbox 3174 4931 3266 4986; x_wconf 87' lang='grc' dir='ltr'>τὸν</span> <span class='ocrx_word' id='word_1_775' title='bbox 3321 4926 3595 5003; x_wconf 77' lang='grc' dir='ltr'>πόλεμον,</span> <span class='ocrx_word' id='word_1_776' title='bbox 3651 4927 3742 4982; x_wconf 81' lang='grc' dir='ltr'>καὶ</span> 
     </span>
    </p>
   </div>
   <div class='ocr_carea' id='block_1_111' title="bbox 2085 5018 3747 5099">
    <p class='ocr_par' dir='ltr' id='par_1_111' title="bbox 2085 5018 3747 5099">
     <span class='ocr_line' id='line_1_112' title="bbox 2085 5018 3747 5099; baseline -0.005 -18"><span class='ocrx_word' id='word_1_777' title='bbox 2085 5024 2282 5097; x_wconf 83' lang='grc' dir='ltr'>τελείῳ</span> <span class='ocrx_word' id='word_1_778' title='bbox 2305 5022 2535 5084; x_wconf 88' lang='grc' dir='ltr'>τούτους</span> <span class='ocrx_word' id='word_1_779' title='bbox 2567 5022 2860 5099; x_wconf 72' lang='grc' dir='ltr'>ἀφανισμῷ</span> <span class='ocrx_word' id='word_1_780' title='bbox 2889 5018 3140 5096; x_wconf 75' lang='grc' dir='ltr'>παραδῷ.</span> <span class='ocrx_word' id='word_1_781' title='bbox 3181 5023 3414 5074; x_wconf 77' lang='grc' dir='ltr'>Τοιαῦτα</span> <span class='ocrx_word' id='word_1_782' title='bbox 3461 5021 3567 5094; x_wconf 80' lang='grc' dir='ltr'>γάρ</span> <span class='ocrx_word' id='word_1_783' title='bbox 3599 5018 3747 5092; x_wconf 87' lang='grc' dir='ltr'>γενέ-</span> 
     </span>
    </p>
   </div>
   <div class='ocr_carea' id='block_1_112' title="bbox 2089 5105 3747 5186">
    <p class='ocr_par' dir='ltr' id='par_1_112' title="bbox 2089 5105 3747 5186">
     <span class='ocr_line' id='line_1_113' title="bbox 2089 5105 3747 5186; baseline -0.005 -17"><span class='ocrx_word' id='word_1_784' title='bbox 2089 5126 2213 5179; x_wconf 89' lang='grc' dir='ltr'>σθαι</span> <span class='ocrx_word' id='word_1_785' title='bbox 2244 5113 2298 5168; x_wconf 79' lang='grc' dir='ltr'>ἐν</span> <span class='ocrx_word' id='word_1_786' title='bbox 2332 5117 2412 5186; x_wconf 81' lang='grc' dir='ltr'>τῷ</span> <span class='ocrx_word' id='word_1_787' title='bbox 2441 5108 2663 5184; x_wconf 80' lang='grc' dir='ltr'>τοόλδῳ</span> <span class='ocrx_word' id='word_1_788' title='bbox 2692 5115 2801 5166; x_wconf 90' lang='grc' dir='ltr'>τῶν</span> <span class='ocrx_word' id='word_1_789' title='bbox 2834 5108 3142 5184; x_wconf 87' lang='grc' dir='ltr'>πολεμίων,</span> <span class='ocrx_word' id='word_1_790' title='bbox 3177 5107 3325 5164; x_wconf 85' lang='grc' dir='ltr'>ἀλλά</span> <span class='ocrx_word' id='word_1_791' title='bbox 3371 5107 3460 5163; x_wconf 89' lang='grc' dir='ltr'>καὶ</span> <span class='ocrx_word' id='word_1_792' title='bbox 3493 5108 3618 5182; x_wconf 86' lang='grc' dir='ltr'>παρ’</span> <span class='ocrx_word' id='word_1_793' title='bbox 3654 5105 3747 5160; x_wconf 72' lang='grc' dir='ltr'>αύο</span> 
     </span>
    </p>
   </div>
   <div class='ocr_carea' id='block_1_113' title="bbox 2088 5197 3749 5275">
    <p class='ocr_par' dir='ltr' id='par_1_113' title="bbox 2088 5197 3749 5275">
     <span class='ocr_line' id='line_1_114' title="bbox 2088 5197 3749 5275; baseline -0.006 -15"><span class='ocrx_word' id='word_1_794' title='bbox 2088 5209 2196 5260; x_wconf 89' lang='grc' dir='ltr'>τῶν</span> <span class='ocrx_word' id='word_1_795' title='bbox 2231 5202 2282 5258; x_wconf 86' lang='grc' dir='ltr'>ἐν</span> <span class='ocrx_word' id='word_1_796' title='bbox 2317 5207 2396 5275; x_wconf 80' lang='grc' dir='ltr'>τῷ</span> <span class='ocrx_word' id='word_1_797' title='bbox 2426 5200 2706 5275; x_wconf 84' lang='grc' dir='ltr'>ἡμετέρῳ,</span> <span class='ocrx_word' id='word_1_798' title='bbox 2737 5199 2827 5255; x_wconf 80' lang='grc' dir='ltr'>καὶ</span> <span class='ocrx_word' id='word_1_799' title='bbox 2852 5199 3206 5272; x_wconf 82' lang='grc' dir='ltr'>ἐθεασάμεθα,</span> <span class='ocrx_word' id='word_1_800' title='bbox 3238 5197 3327 5254; x_wconf 84' lang='grc' dir='ltr'>καὶ</span> <span class='ocrx_word' id='word_1_801' title='bbox 3359 5197 3410 5252; x_wconf 81' lang='grc' dir='ltr'>έν</span> <span class='ocrx_word' id='word_1_802' title='bbox 3443 5198 3749 5271; x_wconf 79' lang='grc' dir='ltr'>ἱστορικοῖς</span> 
     </span>
    </p>
   </div>
   <div class='ocr_carea' id='block_1_114' title="bbox 2090 5288 3748 5370">
    <p class='ocr_par' dir='ltr' id='par_1_114' title="bbox 2090 5288 3748 5370">
     <span class='ocr_line' id='line_1_115' title="bbox 2090 5288 3748 5370; baseline -0.003 -23"><span class='ocrx_word' id='word_1_803' title='bbox 2090 5293 2422 5370; x_wconf 86' lang='grc' dir='ltr'>ἀνέγνωμεν,</span> <span class='ocrx_word' id='word_1_804' title='bbox 2451 5290 2543 5346; x_wconf 89' lang='lat' dir='ltr'>xui</span> <span class='ocrx_word' id='word_1_805' title='bbox 2575 5290 2721 5367; x_wconf 89' lang='grc' dir='ltr'>παρά</span> <span class='ocrx_word' id='word_1_806' title='bbox 2747 5293 2855 5346; x_wconf 89' lang='grc' dir='ltr'>τῶν</span> <span class='ocrx_word' id='word_1_807' title='bbox 2889 5289 3267 5364; x_wconf 86' lang='grc' dir='ltr'>ἀρχαιοτέρων</span> <span class='ocrx_word' id='word_1_808' title='bbox 3324 5288 3748 5361; x_wconf 65' lang='grc' dir='ltr'>μεμαθήκαμεν.</span> 
     </span>
    </p>
   </div>
   <div class='ocr_carea' id='block_1_115' title="bbox 2095 5374 3751 5460">
    <p class='ocr_par' dir='ltr' id='par_1_115' title="bbox 2095 5374 3751 5460">
     <span class='ocr_line' id='line_1_116' title="bbox 2095 5374 3751 5460; baseline -0.004 -22"><span class='ocrx_word' id='word_1_809' title='bbox 2095 5383 2194 5438; x_wconf 80' lang='grc' dir='ltr'>Διὰ</span> <span class='ocrx_word' id='word_1_810' title='bbox 2219 5386 2388 5438; x_wconf 79' lang='grc' dir='ltr'>ταῦτα</span> <span class='ocrx_word' id='word_1_811' title='bbox 2448 5383 2544 5458; x_wconf 70' lang='grc' dir='ltr'>μὲν</span> <span class='ocrx_word' id='word_1_812' title='bbox 2603 5381 2696 5438; x_wconf 83' lang='grc' dir='ltr'>οὗν</span> <span class='ocrx_word' id='word_1_813' title='bbox 2750 5377 3035 5460; x_wconf 76' lang='grc' dir='ltr'>ὣςρέλιμος</span> <span class='ocrx_word' id='word_1_814' title='bbox 3092 5381 3121 5434; x_wconf 81' lang='grc' dir='ltr'>ὁ</span> <span class='ocrx_word' id='word_1_815' title='bbox 3175 5378 3314 5434; x_wconf 85' lang='grc' dir='ltr'>κατά</span> <span class='ocrx_word' id='word_1_816' title='bbox 3360 5383 3456 5436; x_wconf 79' lang='grc' dir='ltr'>τοῦ</span> <span class='ocrx_word' id='word_1_817' title='bbox 3510 5374 3751 5434; x_wconf 89' lang='grc' dir='ltr'>τούλδου</span> 
     </span>
    </p>
   </div>
   <div class='ocr_carea' id='block_1_116' title="bbox 1535 5535 2490 5596">
    <p class='ocr_par' dir='ltr' id='par_1_116' title="bbox 1535 5535 2490 5596">
     <span class='ocr_line' id='line_1_117' title="bbox 1535 5535 2490 5596; baseline 0.003 -5"><span class='ocrx_word' id='word_1_818' title='bbox 1535 5537 1598 5591; x_wconf 90' lang='lat' dir='ltr'>C.</span> <span class='ocrx_word' id='word_1_819' title='bbox 1624 5535 1686 5592; x_wconf 89' lang='grc' dir='ltr'><strong>Β.</strong></span> <span class='ocrx_word' id='word_1_820' title='bbox 1717 5535 1909 5594; x_wconf 82' lang='lat' dir='ltr'><strong>HASII</strong></span> <span class='ocrx_word' id='word_1_821' title='bbox 1927 5537 2490 5596; x_wconf 74' lang='lat' dir='ltr'>ANNOTATIONES.</span> 
     </span>
    </p>
   </div>
   <div class='ocr_carea' id='block_1_117' title="bbox 404 5660 1532 5744">
    <p class='ocr_par' dir='ltr' id='par_1_117' title="bbox 404 5660 1532 5744">
     <span class='ocr_line' id='line_1_118' title="bbox 404 5660 1532 5744; baseline -0.004 -21"><span class='ocrx_word' id='word_1_822' title='bbox 404 5667 452 5704; x_wconf 67' lang='grc'>*³</span> <span class='ocrx_word' id='word_1_823' title='bbox 480 5673 565 5744; x_wconf 88' lang='grc' dir='ltr'>γε]</span> <span class='ocrx_word' id='word_1_824' title='bbox 591 5663 681 5722; x_wconf 81' lang='grc' dir='ltr'>καὶ</span> <span class='ocrx_word' id='word_1_825' title='bbox 715 5665 846 5724; x_wconf 88' lang='lat' dir='ltr'>cod.</span> <span class='ocrx_word' id='word_1_826' title='bbox 879 5661 927 5702; x_wconf 86' lang='grc'><strong>⁴⁴</strong></span> <span class='ocrx_word' id='word_1_827' title='bbox 956 5662 1156 5738; x_wconf 73' lang='grc' dir='ltr'>αὐτῶν]</span> <span class='ocrx_word' id='word_1_828' title='bbox 1188 5665 1346 5724; x_wconf 78' lang='lat' dir='ltr'>Fort.</span> <span class='ocrx_word' id='word_1_829' title='bbox 1378 5660 1532 5719; x_wconf 86' lang='grc' dir='ltr'>αύτό.</span> 
     </span>
    </p>
   </div>
  </div>
