4096 6474
394 372 512 432 957

1727 366 2010 429 VELlTA
2022 366 2152 428 T10
2196 365 2526 430 BELLICA

3707 369 3824 429 958

393 500 667 576 πόλεμος,
699 503 789 572 [Ρ.
824 503 950 575 135]
983 501 1058 562 ὡς
1094 500 1170 572 μὴ
1206 499 1384 575 φέρων
1434 499 1558 554 τινὰ
1590 494 1804 574 βλάϐην
1837 497 1872 569 ἤ
1905 497 2058 554 ἐναν-

2170 500 2618 573 tat.Hi,quando
2630 499 3093 556 frumentatores
3112 499 3377 555 hostium
3399 500 3556 555 vicos
3570 500 3824 573 ingressi

393 592 603 660 τίωσιν,
638 589 855 664 μᾶλλον
888 587 946 645 δὲ
993 591 1151 660 νίκην
1218 589 1309 644 καὶ
1368 586 1642 660 εὔκλειαν,
1701 587 1746 644 εί
1805 589 1908 664 γὰρ
1966 586 2058 643 καὶ

402 683 480 756 μὴ
511 682 613 750 τὴν
641 685 880 735 νικῶσαν
915 676 1046 756 εὕρῃ
1107 678 1184 742 εἲς
1220 680 1311 736 τὸν
1370 681 1487 734 κατ’
1545 677 1674 734 αὐτὸ
1733 676 1978 749 πόλεμον
2030 678 2058 731 ὁ

399 776 501 826 τῶ·
529 768 816 843 Ῥωμαίων
878 769 1126 846 στρατὸς,
1187 767 1314 824 ἀλλ’
1373 769 1462 823 οὗν
1525 764 1787 842 οὐδεμίαν
1847 761 2061 842 βλάϐην

406 861 792 930 ὑποστήσεται.
828 858 890 916 Εἰ
922 856 980 914 δὲ
1009 857 1061 914 ἐν
1113 858 1160 930 ᾦ
1207 857 1360 930 τόπῳ
1415 858 1682 932 πρότερον
1739 855 2058 926 ηὐλίζοντο,

406 945 675 1020 διέμειναν
709 944 762 1000 ἐν
796 946 968 1018 αὐτῷ,
1024 941 1298 1018 μηδαμῶς
1357 949 1466 999 τῶν
1527 942 1700 998 ἐκεῖσε
1757 943 2058 1018 ἀπάραντες

406 1031 497 1088 διὰ
522 1035 618 1103 τήν
645 1037 746 1088 τοῖ’)
773 1033 949 1088 τόπου
983 1032 1320 1107 ὀχυρότητα,
1353 1033 1416 1086 τὸ
1459 1034 1691 1105 κοῦρσον
1750 1026 2059 1104 ἀπεκδεχό-

406 1145 580 1197 μενοι,
607 1127 698 1180 καὶ
731 1122 992 1187 ὡσαύτως
1037 1125 1065 1177 ὁ
1119 1122 1425 1198 στρατηγὸς
1479 1123 1597 1178 κατ’
1648 1123 1827 1177 αὐτῶν
1881 1119 2059 1194 ἐπάξει

396 1214 488 1268 τὸν
512 1213 783 1287 πόλεμον·
847 1215 922 1287 μή
983 1233 1118 1268 ποτε.
1173 1207 1613 1286 ἐμϐραδύνοντος
1669 1209 1758 1267 διὰ
1809 1212 1908 1280 τὴν
1964 1214 2060 1265 τοῦ

393 1307 622 1373 πεζικοῦ
653 1300 796 1358 ἰδίου
827 1302 965 1359 λαοῦ
1015 1303 1400 1378 ἐπισώρευσιν,
1454 1301 1490 1372 ἢ
1551 1299 1642 1356 διὰ
1699 1301 1879 1372 ἄλλην
1940 1299 2062 1355 τινὰ

389 1393 686 1469 πρόφασιν,
741 1390 1053 1468 ὑποστρέψῃ
1141 1391 1206 1447 τὸ
1287 1395 1544 1466 κοῦρσον,
1597 1392 1685 1446 καὶ
1739 1387 2058 1464 διακωλύσῃ

393 1482 488 1537 τὸν
541 1479 814 1554 πόλεμον.
877 1480 1064 1543 Οὕτως
1123 1479 1182 1536 δὲ
1242 1481 1355 1556 χρὴ
1429 1481 1523 1537 τὸν
1584 1481 1886 1558 στρατηγὸν
1943 1480 2060 1534 κατ’

397 1571 578 1626 αὐτῶν
663 1569 933 1635 ἐπελθεῖν.
995 1574 1367 1640 Διασκοπῆσαι
1428 1568 1518 1625 διὰ
1588 1575 1697 1626 τῶν
1781 1566 2060 1625 ἀποστελ-

404 1659 659 1733 λομένων
725 1659 1068 1736 βιγλατόρων
1149 1661 1218 1717 τὰ
1301 1660 1781 1737 συμπαρακείμενα
1858 1658 2060 1736 χωρία,

396 1750 492 1804 καὶ
553 1749 807 1826 σύνεγγυς
895 1745 1024 1806 ὅντα
1077 1754 1175 1806 τοῦ
1233 1749 1520 1821 ἀπλήκτου
1581 1754 1688 1805 τῶν
1748 1747 2059 1821 πολεμίων·

395 1840 616 1894 κάκεῖσε
674 1840 990 1914 ἀποκρύψαι
1067 1840 1257 1904 ἱππεῖς
1322 1839 1612 1902 ἐκλεκτοὺς
1653 1839 1707 1895 ἐν
1768 1835 2063 1911 ἐπιτηδείῳ
2093 1869 2140 1934 Β

389 1930 571 2003 τόπῳ,
637 1929 772 2002 μετά
832 1928 1102 2005 ἄρχοντος
1163 1929 1559 2005 ἐμπειροτάτου
1625 1929 1713 1984 καὶ
1785 1926 2060 2004 ἀνδρείου.

391 2019 492 2074 Καὶ
552 2017 670 2073 ἐπεὶ
756 2017 808 2074 ἐν
900 2017 1086 2081 αὐτοῖς
1146 2017 1490 2095 εἴσέρχονται
1575 2018 1783 2096 τροφάς
1863 2015 2063 2092 διερευ-

384 2112 649 2181 νώμενοι,
708 2108 796 2162 καὶ
888 2107 1062 2163 αὐτῶν
1149 2108 1575 2183 ὁρμησάτωσαν.
1658 2108 1915 2182 Ἐτέρους
2003 2105 2063 2162 δὲ

391 2202 582 2259 ἱππεῖς
635 2195 716 2259 εἷς
748 2195 922 2272 λόχον
956 2197 1249 2272 ἀπαρτίσαι
1309 2196 1388 2260 εἷς
1452 2198 1706 2273 βοήθειαν
1763 2198 1857 2252 καὶ
1915 2193 2063 2251 ἐκδί-

391 2308 556 2358 κησιν
611 2289 722 2342 τῶν
810 2284 1120 2361 ἔμπροσθεν
1184 2285 1628 2343 ἀποσταλέντων·
1714 2287 1804 2342 καὶ
1886 2286 1938 2340 εἷ’
2000 2307 2063 2361 γε

394 2377 627 2438 τούτους
716 2375 1066 2450 βουληθῶσιν
1163 2374 1447 2450 ἐπιδιῶξαι
1498 2377 1551 2433 οἱ
1613 2380 1721 2432 τῶν
1775 2374 2060 2450 πολεμίων

390 2466 607 2536 ἱππεῖς,
639 2465 986 2537 ἐπιθήσονται
1043 2467 1160 2522 κατ’
1193 2466 1393 2540 αὐτῶν,
1451 2466 1541 2522 καὶ
1597 2467 1914 2541 τρέψονται,
1969 2464 2062 2521 καὶ

400 2553 819 2626 καταδιώξουσι·
871 2553 962 2610 διὰ
1011 2557 1074 2612 τὸ
1105 2556 1187 2612 ἀεί
1229 2578 1360 2612 ποτε
1392 2556 1718 2633 ὀλιγοστοὺς
1752 2557 1886 2611 εἶναι
1935 2557 2064 2618 τοὺς

403 2647 616 2718 ἱππεῖς,
674 2645 804 2708 τοὺς
855 2644 931 2709 εἷς
988 2644 1239 2724 φυλακὴν
1287 2651 1385 2703 τοῦ
1442 2643 1707 2703 τούλδου.
1739 2651 1860 2702 Τῶν
1892 2644 2064 2700 πολε-

420 2735 557 2807 μίων
616 2733 666 2788 ἐν
724 2741 841 2800 τοῖς
901 2736 1135 2812 χωρίοις
1197 2737 1272 2811 μὴ
1360 2735 1786 2811 εἷσερχομένων,
1865 2734 1911 2790 εί
1971 2734 2060 2790 καὶ

406 2823 665 2883 ἀδύνατον
715 2831 880 2883 τοῦτο
939 2827 1226 2902 τυγχάνει,
1286 2824 1579 2902 διορισάτω
1667 2826 1695 2880 ὁ
1757 2826 2058 2899 στρατηγὸς

398 2914 534 2978 τοὺς
612 2913 1126 2991 ἀποστελλομένους
1183 2917 1312 2992 παρ’
1383 2916 1551 2971 αὐτοῦ
1614 2921 1725 2971 τῶν
1783 2914 2056 2993 ἐμπείρων

389 3001 606 3079 ἀνδρῶν
643 3003 979 3081 βιγλάτορας
1022 3004 1115 3059 καὶ
1175 3001 1703 3069 διασκοπησάτωσαν
1757 3005 1823 3072 ⁴⁸,
1902 3002 1954 3058 ἐν
2012 3003 2057 3075 ᾧ

393 3095 546 3169 μέρει
574 3099 674 3150 τοῦ
705 3093 992 3166 ἀπλήκτου
1023 3093 1202 3149 αὐτῶν
1233 3093 1332 3156 τὰς
1366 3092 1661 3168 καμήλους
1708 3095 1762 3149 οἱ
1791 3092 2057 3168 πολέμιοι

390 3183 469 3245 εἰς
526 3185 706 3258 νομὴν
764 3181 1034 3259 ἐξάγουσι.
1095 3185 1197 3241 Καὶ
1262 3181 1654 3260 διαχωρισάτω
1686 3185 1796 3240 εἳτε
1853 3204 2054 3257 τουρμ-

389 3274 594 3348 ἀρχην,
688 3270 795 3328 εἷ’τε
873 3273 1268 3349 τοποτηρητὴν
1357 3274 1660 3349 χρήσιμον,
1773 3274 1890 3346 μεθ’
1970 3274 2058 3328 ἱπ-

392 3367 543 3417 πέων
578 3359 868 3438 ἀνδρείων·
902 3362 993 3417 καὶ
1021 3361 1452 3434 σκοπησάτωσάν
1507 3361 1703 3439 ῥύακα,
1731 3362 1776 3417 εἷ
1835 3362 2064 3439 εὕρηται

401 3448 452 3504 ἐν
535 3453 617 3521 τῷ
695 3450 852 3523 τόπῳ
925 3447 1254 3521 ἐπιτήδειος·
1337 3450 1429 3505 καὶ
1515 3451 1934 3526 παρασυρθῶσιν
2011 3450 2062 3504 ἐν

403 3540 554 3614 αὐτῷ
608 3541 1006 3616 κεκρυμμένοι,
1047 3538 1150 3604 ἕως
1206 3541 1269 3596 οὗ
1338 3539 1579 3612 πλησίον
1635 3539 1919 3617 γένωνται·
1973 3541 2062 3596 καὶ

411 3634 532 3689 τότε
589 3635 836 3711 φανερῶς
920 3631 1056 3686 κατά
1109 3634 1218 3685 τῶν
1295 3629 1566 3702 καμήλων
1649 3629 1751 3699 τὴν
1827 3627 2062 3683 ἐπίθεσιν

421 3726 776 3794 ποιήσωνται.
807 3719 901 3784 Εἷς
934 3718 1031 3776 δύο
1083 3717 1142 3776 δὲ
1196 3720 1286 3776 τὸν
1344 3717 1476 3774 λαὸν
1537 3719 1591 3774 οἱ
1670 3717 2066 3780 ἀποσταλέντες

418 3811 903 3890 διαμερισάτωσαν·
955 3811 1047 3866 καὶ
1131 3810 1184 3865 οἱ
1271 3809 1369 3884 μὲν
1453 3807 1676 3882 ἡμίσεις
1748 3809 1845 3871 τὰς
1901 3829 2065 3882 νεμο-

413 3905 572 3978 μένας
651 3900 946 3977 καμήλους
1002 3900 1095 3956 καὶ
1163 3899 1295 3963 τοὺς
1390 3896 1546 3962 ὄνους
1606 3894 2068 3973 ἆναλαμϐανέτω-

407 4015 525 4066 σαν,
559 3995 611 4049 οἳ
645 3991 704 4049 δὲ
733 3989 901 4048 ἄλλοι
958 3990 1036 4054 εἰς
1068 3990 1319 4066 φυλακὴν
1352 3990 1442 4045 καὶ
1493 3987 1769 4059 ἐκδίκησιν
1801 3990 1890 4046 καὶ
1935 3991 2068 4066 βοή-

415 4096 562 4148 θειαν
586 4083 764 4138 αὐτῶν
798 4076 1056 4137 ἔστωσαν.
1091 4079 1195 4137 Καὶ
1254 4079 1301 4135 εί
1349 4079 1493 4156 τύχῃ
1549 4079 1791 4156 φοῦλκον
1841 4077 1942 4153 ἔξω
1968 4083 2067 4135 τοῦ

406 4175 698 4251 φωσσάτου
727 4175 836 4226 τῶν
879 4168 1170 4243 πολεμίων
1202 4169 1508 4242 ἱστάμενον,
1536 4168 1628 4224 καὶ
1670 4168 1876 4244 ἐπέλθῃ
1930 4167 2069 4224 κατά

404 4269 514 4318 τῶν
562 4263 640 4326 εἰς
699 4262 796 4324 τὰς
851 4259 1142 4334 καμήλους
1197 4257 1559 4334 ἐπιθεμένων,
1615 4258 1650 4329 ἥ
1709 4258 1802 4314 καὶ
1860 4260 1920 4314 ἐκ
1968 4263 2067 4314 τοῦ

406 4352 695 4433 φωσσάτου
730 4351 1022 4425 ἐξέλθωσιν
1076 4351 1264 4413 ἱππεῖς
1313 4346 1769 4422 καταδιώκοντες,
1823 4350 1881 4404 οἱ
1938 4343 2066 4403 3m-

405 4456 526 4510 σθεν
589 4441 742 4506 ὄντες
813 4442 1042 4505 τούτους
1102 4443 1591 4518 καταγωνίσονται.
1641 4442 1956 4517 Παραυτίκα
2011 4437 2068 4497 δὲ

402 4533 495 4589 καὶ
526 4533 555 4589 ὀ
589 4537 916 4609 στρατηγὸς,
948 4531 1010 4587 οὗ
1041 4529 1232 4610 πόρῥω
1263 4528 1362 4600 ὢν,
1423 4528 1570 4586 ἀλλὰ
1606 4529 1870 4601 πλησίον,
1901 4529 1954 4585 ἐν
1984 4534 2066 4602 τῷ

2167 591 2622 662 sunt,impetum
2639 591 2701 645 in
2718 589 2854 646 illos
2870 589 3235 646 faciant.Alii
3251 590 3481 660 equites
3494 589 3553 644 in
3573 589 3822 644 latibulo

2167 679 2402 751 disponi
2427 679 2846 751 debent,opem
2869 679 3279 750 auxiliumque
3302 679 3477 734 laturi
3492 679 3822 750 prwmissis

2168 769 2292 824 illis
2320 787 2332 824 :
2356 787 2504 841 quos
2531 771 2579 824 si
2601 770 2881 826 insectari
2927 770 3130 826 hostes
3172 770 3395 837 volunt,
3423 770 3537 842 ipsi
3570 770 3727 824 ultro
3760 769 3822 823 in

2169 859 2306 915 illos
2340 877 2402 914 se
2433 859 2941 931 inferent,eosque
2972 860 3134 915 fusos
3164 865 3604 932 persequentur
3629 902 3642 926 ,
3665 858 3826 929 quod

2169 951 2489 1022 perexiguo
2524 967 2762 1022 semper
2792 966 3042 1006 numero
3101 956 3240 1005 sunt
3288 951 3542 1020 equites,
3583 949 3682 1020 qui
3750 948 3824 1003 ad

2169 1039 2741 1110 impedimentorum
2775 1038 3107 1096 custodiam
3149 1039 3594 1111 relinquuntur.
3630 1039 3827 1093 Hosti-

2169 1127 2279 1183 bus
2311 1129 2557 1184 omnino
2577 1130 2639 1184 in
2671 1130 2829 1184 vicos
2860 1146 2981 1184 non
3004 1127 3744 1201 ingredientibus,tametsi
3771 1125 3831 1179 id

2170 1217 2415 1287 quidem
2446 1219 2578 1274 fieri
2609 1218 3355 1291 nonpotest,imperetdux
3387 1215 3831 1272 excubitoribus

2173 1308 2329 1364 210
2359 1308 2568 1380 peritis
2600 1308 2740 1363 viris
2772 1325 2808 1364 a
2837 1325 2899 1364 se
2959 1308 3216 1375 emissis,
3249 1313 3314 1364 ut
3358 1307 3688 1379 explorent,
3713 1321 3832 1376 qua

2169 1402 2338 1468 parte
2373 1403 2708 1453 castrorum
2739 1398 3061 1453 adversarii
3125 1397 3385 1452 camelos
3432 1401 3669 1469 pastum
3721 1396 3829 1450 du-

2172 1491 2329 1542 cant.
2364 1488 2512 1542 Tum
2543 1487 2816 1560 designet
2845 1488 2937 1543 vel
2971 1488 3398 1555 turmarcham,
3432 1487 3522 1541 vel
3545 1487 3829 1542 vicarium

2170 1574 2562 1642 bonum,cum
2588 1577 2892 1648 equitibus
2918 1577 3179 1633 strenuis
3204 1594 3216 1632 :
3240 1577 3403 1648 iique
3425 1577 3616 1631 rivum
3640 1576 3827 1642 nacti,

2172 1663 2220 1717 si
2251 1663 2383 1719 loco
2417 1665 2520 1720 illo
2552 1663 2806 1721 idoneus
2830 1665 3053 1732 subest,
3091 1667 3153 1720 in
3185 1682 3252 1720 eo
3285 1664 3622 1720 absconditi
3659 1664 3827 1719 adre-

2171 1759 2335 1824 pant,
2361 1753 2552 1810 donec
2599 1755 2844 1826 prOpius
2875 1755 3276 1810 accesserint:
3313 1761 3439 1810 tum
3471 1759 3829 1826 apparentes

2171 1841 2462 1913 impetum
2494 1842 2556 1898 in
2573 1842 2834 1898 camelos
2863 1842 3516 1898 faciant.Debetautem
3542 1842 3827 1897 emissum

2173 1947 2383 2004 agmen
2417 1931 2692 1987 bifariam
2723 1932 2978 1988 divisum
3009 1949 3174 1988 esse:
3201 1938 3268 1987 ut
3298 1932 3547 1987 dimidia
3570 1948 3706 2003 pars
3731 1947 3829 1986 ca—

2174 2022 2699 2093 melosasinosque
2725 2028 3037 2094 pascentes
3059 2022 3274 2093 abigat,
3298 2023 3487 2077 altera
3516 2021 3589 2076 ad
3612 2020 3828 2091 prioris

2172 2111 2507 2167 custodiam
2539 2128 2607 2167 ac
2637 2111 3049 2167 defensionem
3104 2128 3277 2184 opem
3335 2111 3474 2166 huic
3523 2110 3718 2165 latura
3764 2109 3826 2163 in

2173 2202 2430 2257 statione
2464 2202 2734 2267 sit.Quod
2769 2202 2816 2257 si
2845 2201 3055 2274 globus
3086 2201 3348 2257 hostium
3371 2218 3476 2273 pro
3500 2200 3712 2256 castris
3735 2215 3829 2253 ex-

2173 2291 2378 2347 cubias
2408 2308 2588 2364 agens
2612 2291 2673 2346 in
2703 2291 3011 2347 abactores
3041 2291 3405 2347 camelorum
3429 2289 3702 2353 incurrit,
3735 2287 3824 2342 vel

2172 2395 2202 2434 e
2232 2380 2440 2436 castris
2463 2381 2695 2451 equites
2725 2381 3042 2452 provolant
3070 2385 3428 2452 nostrosque
3453 2394 3829 2451 persequun-

2171 2471 2399 2542 tur,qui
2434 2471 2494 2526 in
2527 2471 2809 2527 subsidiis
2837 2477 2998 2526 stant
3019 2471 3153 2526 illos
3169 2467 3832 2543 expugnabunt.Simu1-

2171 2577 2286 2630 que
2315 2560 2566 2632 dux,qui
2601 2578 2722 2616 non
2755 2561 2965 2632 procul
2988 2560 3126 2616 inde
3158 2561 3220 2615 in
3252 2558 3500 2615 latibulo
3534 2557 3832 2614 subsidia-

2171 2655 2503 2718 tur,contra
2535 2650 2678 2705 illos
2711 2649 2999 2722 prodeat:
3035 2656 3093 2705 et
3120 2649 3371 2721 perinde
3403 2653 3469 2703 ut
3499 2647 3654 2702 videt
3685 2664 3830 2718 prce-

2167 2737 2316 2794 lium
2349 2739 2591 2808 fieri,ita
2620 2756 2747 2795 rem
2780 2739 3254 2808 administret,ut
3281 2739 3370 2794 vel
3394 2739 3579 2793 eﬂ‘use
3610 2738 3673 2792 in
3699 2736 3835 2791 hos-

2169 2832 2257 2883 tes
2288 2834 2444 2893 ruat,
2475 2829 2586 2895 vel,
2621 2829 2669 2883 si
2701 2831 2996 2900 praamissi
3029 2829 3101 2884 de
3131 2845 3316 2884 manu
3348 2845 3456 2883 sua
3487 2827 3828 2899 superiores

2166 2918 2412 2988 fuerint,
2445 2919 2716 2975 ordinate
2749 2921 3136 2991 confertaque
3163 2921 3290 2976 acie
3315 2920 3389 2975 ad
3425 2917 3824 2991 oppugnanda

2165 3015 2362 3066 castra
2391 3009 2690 3066 succedat.
2721 3012 2809 3066 Ita
2841 3011 3146 3082 productis
3204 3011 3497 3065 universis
3549 3008 3819 3079 equitum

2163 3101 2544 3172 militumque
2570 3101 2781 3172 copiis,
2814 3106 3126 3172 perspecto
3184 3101 3446 3174 regionis
3506 3101 3646 3167 situ,
3690 3099 3822 3153 loca

2165 3195 2328 3246 certa
2357 3190 2571 3262 cuique
2602 3190 2890 3246 attribuat
2949 3191 3220 3262 equitum
3270 3189 3656 3262 peditumque
3703 3206 3818 3243 nu-

2170 3281 2990 3352 mero,oppugnationemque
3004 3297 3225 3336 corona
3236 3279 3677 3347 circumdata,si
3694 3278 3823 3333 ﬁeri

2170 3369 2751 3441 potest,instituat.Si
2783 3369 3008 3425 ﬂumen
3039 3369 3264 3438 subest,
3290 3375 3393 3425 aut
3420 3370 3600 3440 rivus,
3634 3373 3700 3423 ut
3726 3384 3822 3422 su-

2169 3460 2373 3531 perius
2403 3459 2682 3526 diximus,
2707 3459 2810 3530 qui
2845 3459 3021 3515 fossae
3080 3459 3271 3514 instar
3317 3459 3590 3513 hostibus
3621 3457 3821 3512 muni-

2170 3556 2374 3605 menta
2400 3549 2664 3621 prmbeat
2684 3550 2733 3605 si
2765 3556 3069 3621 utcunque
3101 3550 3364 3606 admittit
3394 3549 3824 3617 transitum,ea

2171 3656 2412 3711 quoque
2444 3644 2706 3695 armatos
2737 3639 3001 3696 inducat.
3035 3643 3212 3694 Curet
3241 3639 3406 3706 item,
3439 3645 3506 3694 ut
3563 3637 3822 3693 tentoria

2172 3729 2466 3785 exercitus
2487 3728 2858 3784 collocentur
2877 3729 2951 3784 ad
2971 3728 3421 3799 declarandum,
3455 3729 3548 3785 2|
3569 3730 3603 3783 Ι
3631 3732 3826 3782 castra

2172 3837 2234 3875 se
2267 3819 2348 3873 ibi
2373 3835 2594 3890 ponere
2628 3817 2924 3889 velle,quo
2941 3824 3160 3874 terreat
3182 3818 3583 3874 adversarios:
3607 3815 3824 3888 quibus

2171 3908 2350 3964 rebus
2381 3907 2971 3976 constitutis,inferat
2999 3908 3271 3980 signa.Ac
3303 3908 3352 3963 si
3383 3912 3565 3973 recte,
3585 3904 3826 3960 ordina-

2173 3999 2302 4067 tim,
2336 4004 2578 4053 strenue
2618 3998 3126 4070 oppugnationem
3164 3997 3564 4064 administrat,
3592 3995 3826 4068 magni-

2174 4089 2284 4144 fice
2316 4086 2704 4151 vincet.Quod
2734 4087 2782 4141 si
2813 4087 3004 4158 primo
3028 4086 3124 4142 die
3152 4086 3404 4142 fundere
3434 4086 3572 4141 illos
3594 4084 3825 4156 nequit,

2173 4175 2334 4247 quod
2365 4181 2424 4231 et
2453 4175 2746 4230 industrie
2777 4177 3085 4243 resistunt,
3120 4181 3178 4230 et
3206 4175 3472 4247 peditatu
3502 4174 3722 4240 valent,
3755 4173 3828 4227 si-

2172 4266 2298 4322 mul
2313 4265 2752 4337 quodlocorum
2767 4265 2884 4320 situ
2907 4265 3002 4338 adj
3012 4269 3494 4330 uvantur,tamen
3512 4263 3824 4319 considere

2165 4356 2341 4426 juxta
2372 4357 2630 4426 oportet,
2664 4354 3043 4425 majoresque
3066 4353 3372 4424 pedestres
3403 4353 3605 4423 copias
3622 4368 3824 4407 accer-

2171 4444 2518 4500 sere.Noctu
2545 4460 2702 4499 cura:
2735 4443 2846 4497 sibi
2864 4442 3033 4510 sit,ut
3046 4459 3180 4497 cum
3207 4443 3351 4498 levis
3373 4447 3674 4497 armatura
3695 4447 3821 4497 tum

2171 4531 2506 4586 tunditores
2538 4530 2658 4586 tela
2688 4530 2748 4584 in
2782 4530 2984 4586 hostes
3014 4529 3340 4602 conjiciant
3364 4530 3536 4584 :item
3568 4535 3633 4584 ut
3653 4528 3822 4600 ignes

401 4604 773 4700 ἐγκρύμματι,
809 4604 938 4679 κατ’
1005 4604 1181 4678 αὐτῶν
1250 4620 1528 4694 ἐξελθέτω·
1579 4620 1668 4676 καὶ
1727 4623 1907 4686 καθὼς
1965 4623 2061 4697 ὁρᾷ

2175 4622 2605 4694 quamplurimi
2637 4622 2700 4677 in
2732 4621 2874 4677 orbe
2905 4622 3062 4678 circa
3108 4621 3246 4677 illos
3277 4622 3460 4678 ﬁant:
3494 4621 3820 4692 leviterque

402 4713 736 4793 συναφθέντα
764 4713 856 4768 τὸν
910 4712 1185 4785 πόλεμον,
1247 4714 1329 4785 [Ρ.
1373 4713 1500 4786 136]
1541 4709 1686 4766 οὕτω
1739 4710 1827 4766 καὶ
1885 4708 2057 4766 διατι-

403 4803 564 4871 θέτω,
596 4805 633 4874 ἢ
667 4799 920 4879 σφοδρῶς
947 4801 1085 4857 κατά
1111 4806 1221 4858 τῶν
1275 4799 1565 4874 πολεμίων
1597 4796 1827 4875 ἐπέλθῃ,
1875 4801 1910 4870 ἢ
1952 4805 2059 4856 τῶν

400 4893 821 4950 ἀποσταλέντων
919 4895 1017 4946 τοῦ
1104 4889 1242 4947 λαοῦ
1344 4889 1510 4946 αὐτοῦ
1597 4889 2057 4966 ἐπικρατεστέρων

401 4979 675 5054 ὄντων,ἐν
705 4982 851 5053 τάξει
888 4979 980 5036 καὶ
1041 4981 1117 5054 μὴ
1153 4977 1620 5054 διεσκεδασμένως
1674 4981 1776 5048 τήν
1835 4978 2058 5036 ἐπέλευ-

401 5095 487 5128 σιν
515 5074 652 5129 κατά
688 5075 787 5127 τοῦ
817 5069 1108 5141 ἀπλήκτου
1163 5071 1487 5140 ποιήσηται.
1550 5069 1650 5124 Καὶ
1711 5070 1920 5124 ἅπαντα
1965 5075 2058 5126 τὸν

401 5161 536 5219 λαὸν
569 5161 758 5232 αὐτοῦ,
782 5161 970 5224 ἱππεῖς
996 5181 1055 5215 τε
1080 5158 1170 5214 καὶ
1228 5160 1428 5228 πεζοὺς
1487 5157 1736 5235 ἀγαγὼν,
1791 5157 1907 5214 ἐπεὶ
1957 5161 2059 5231 τήν

394 5255 494 5308 τοῦ
521 5252 694 5307 τόπου
723 5252 868 5306 θέσιν
927 5249 1288 5321 ἐξεπίσταται,
1350 5247 1650 5323 διαμερίσῃ
1706 5250 1775 5304 τὰ
1829 5248 2063 5305 κατατύ-

395 5363 518 5412 πια,
544 5346 666 5404 ταῖς
696 5340 877 5412 τάξεσι
931 5341 1128 5403 πάσαις
1172 5344 1282 5394 τῶν
1335 5358 1395 5394 τε
1442 5336 1654 5394 ἱππέων
1719 5339 1812 5393 καὶ
1864 5342 2061 5412 πεζῶν,

396 5431 486 5488 καὶ
532 5433 628 5488 τὸν
660 5431 779 5486 κατ’
839 5429 1018 5485 αὐτῶν
1078 5425 1334 5501 διάθηται
1394 5429 1666 5502 πόλεμον,
1726 5427 1774 5483 εἰ
1833 5427 1944 5484 οἶόν
2003 5450 2064 5486 τε

2167 4719 2429 4771 armatos
2441 4713 2515 4770 ad
2527 4713 2937 4769 fortitudinem
2952 4719 3128 4786 atque
3142 4713 3446 4770 audaciam
3457 4713 3825 4782 exhortetur,

2171 4804 2464 4876 utprmlio
2487 4803 2765 4860 manibus
2783 4808 3057 4859 conserto
3090 4805 3152 4859 in
3189 4803 3516 4860 discrimen
3565 4821 3627 4860 se
3677 4803 3825 4858 offe-

2169 4898 2327 4961 rant,
2359 4892 2550 4948 donec
2577 4892 2640 4947 in
2663 4897 2857 4948 castra
2891 4893 3156 4948 hostium
3178 4894 3580 4966 perruperint,
3615 4909 3821 4964 equos,

2169 4983 2390 5052 mulos,
2418 4982 2700 5038 facultate
2741 4987 2922 5038 noctu
2954 4983 3204 5054 praedati
3241 4984 3382 5053 sint,
3414 4983 3825 5039 vulneratione

2170 5089 2386 5146 magna
2406 5089 2475 5128 ac
2506 5071 2667 5127 caade
2698 5071 2961 5128 hostium
2992 5074 3166 5129 facta.
3199 5079 3274 5131 Et
3301 5075 3567 5138 omnino,
3602 5073 3648 5127 si
3682 5070 3826 5143 quid

2173 5161 2608 5235 ejusmodi,ope
2630 5161 2834 5230 Dei,ex
2866 5179 2986 5217 una
3003 5169 3170 5235 parte
3201 5162 3436 5231 accidit,
3461 5161 3826 5233 conspicitur

2172 5257 2374 5307 autem
2404 5250 2499 5305 vel
2520 5249 2880 5324 intelligitur
2907 5269 2943 5308 a
2965 5253 3216 5325 reliquis
3248 5251 3514 5320 aciebus,
3564 5251 3654 5305 hae
3676 5267 3826 5319 quo-

2174 5359 2290 5415 que
2347 5342 2558 5398 mortis
2611 5343 3055 5415 contemptione
3114 5343 3187 5398 ad
3245 5341 3474 5414 praedas
3521 5340 3825 5397 faciendas

2171 5435 2487 5504 ruent,spe
2516 5431 2671 5486 lucri
2693 5431 2974 5503 incensae,
3007 5433 3328 5504 hostesque
3357 5428 3827 5505 gratianuminis

1612 5586 1674 5642 C.
1696 5585 1762 5642 B.
1783 5585 1976 5642 HASII
2003 5586 2569 5645 ANNOTATIONES.

471 5715 520 5753 ⁸³
549 5711 1094 5786 διασκοπησάτωσαν]
1128 5707 1667 5790 διαπορπισάτωσαν
1691 5709 1824 5771 cod.
