4096 6502
273 414 392 473 959

1609 403 2039 466 NICEPHORI
2084 401 2372 462 PHOCIE

3585 411 3705 471 960

277 562 455 618 parvo
514 542 748 616 negotio
833 539 1273 612 expugnabunt.
1335 538 1500 606 Quod
1569 538 1616 594 si
1675 538 1926 594 fortasse

2051 531 2184 602 ἐστὶ,
2253 532 2463 606 κύκλῳ.
2519 531 2591 591 Ei
2645 531 2703 591 δὲ
2768 538 3017 611 ποταμός
3076 537 3242 610 ἐστιν,
3291 536 3327 608 ἥ
3391 535 3541 614 ῥύαξ,
3629 541 3705 603 ὡς

278 639 522 707 propter
553 637 747 688 errata
801 629 1075 701 quaedam
1125 629 1525 701 adversosque
1583 645 1756 684 casus
1813 643 1933 682 non

278 723 546 779 funditus
565 721 700 776 illos
723 719 1015 791 disperdit
1035 719 1175 788 dux,
1209 726 1270 775 at
1317 724 1476 774 certe
1500 718 1694 773 mulos
1725 732 1935 771 eorum

282 829 416 868 cum
447 810 708 881 captivos
740 807 917 864 faciet
949 815 1074 863 tum
1123 808 1582 876 contrucidabit,
1615 805 1934 878 praedaque

280 901 539 973 plurima
570 900 791 954 milites
821 900 1148 970 potientur.
1205 900 1355 953 Dum
1413 899 1542 952 hmc
1602 895 1720 950 dux
1779 894 1938 949 circa

276 990 781 1064 oppugnationem
836 993 1168 1044 castrorum
1237 987 1640 1051 administrat,
1702 988 1938 1056 Oportet

277 1080 621 1151 praefectum
637 1097 706 1134 ex
727 1078 1050 1150 proborum
1069 1078 1517 1150 peritorumque
1531 1090 1782 1130 numero
1800 1088 1937 1129 cum

279 1169 578 1241 equitibus
631 1168 1028 1241 quadraginta
1083 1166 1319 1238 longius
1375 1165 1589 1231 emitti,
1635 1164 1736 1235 qui
1779 1163 1934 1218 viam

281 1259 572 1327 obsideat,
609 1275 726 1329 qua
781 1257 1138 1330 praedatoria
1193 1256 1456 1312 hostium
1516 1255 1670 1310 212
1720 1269 1936 1308 manus

280 1347 546 1402 reditura
577 1352 685 1402 est.
721 1347 908 1412 Quam
943 1346 991 1401 si
1028 1362 1233 1401 versus
1285 1343 1527 1399 illorum
1585 1347 1781 1398 castra
1835 1358 1933 1397 re-

281 1443 605 1505 meantem,
638 1435 1280 1510 pregredientemque,
1313 1440 1380 1489 ut
1409 1449 1538 1488 mos
1568 1437 1658 1488 est
1685 1434 1934 1488 Tarsen-

278 1526 453 1592 sium,
481 1531 776 1582 catervam
809 1542 988 1597 quam
1017 1524 1298 1580 veredum
1329 1527 1563 1588 vocant,
1595 1521 1839 1593 propius
1873 1536 1935 1575 se

279 1615 607 1670 accessisse
651 1615 1051 1687 conspicatur,
1113 1618 1179 1668 ut
1230 1612 1558 1668 exercitum
1617 1610 1934 1666 certiorem

279 1705 460 1761 faciat
492 1705 813 1761 adventare
881 1704 1282 1777 praedatores:
1316 1701 1376 1757 id
1400 1700 1678 1774 evestigio
1722 1699 1933 1771 praefe-

283 1801 414 1850 ctus
442 1795 781 1850 excubitum
807 1794 1028 1850 missus
1059 1792 1194 1848 duci
1216 1790 1662 1847 renunciet.Hic
1685 1789 1734 1844 si
1753 1789 1934 1856 videt,

285 1884 564 1940 veredum
595 1884 770 1958 longe
791 1889 927 1940 ante
959 1899 1170 1953 agmen
1187 1881 1588 1954 praedatorum
1620 1878 1931 1952 praegredi,

283 1974 633 2045 praefectum
664 1973 918 2046 probum
948 1973 1148 2028 mittat
1179 1988 1314 2028 cum
1347 1970 1648 2042 equitibus
1667 1969 1940 2034 delectis,

283 2063 406 2134 qui,
444 2063 492 2118 si
535 2064 661 2118 ﬁeri
695 2068 910 2135 potest,
973 2079 1086 2118 nec
1143 2062 1385 2133 opinato
1445 2061 1737 2131 impetum
1786 2059 1850 2112 in
1883 2056 1944 2111 id

280 2153 479 2221 faciat,
503 2154 883 2225 potieturque
935 2154 1065 2225 ejus
1098 2152 1266 2207 nullo
1317 2151 1574 2223 negotio.
1611 2149 1667 2204 Si
1700 2149 1944 2221 propius

284 2243 637 2314 minoreque
649 2242 960 2298 intervallo
975 2241 1196 2313 agmini
1210 2240 1610 2312 praedatorum
1624 2237 1944 2305 antecedit,

286 2332 592 2387 neminem
606 2332 841 2387 emittat
860 2335 1070 2386 contra
1089 2329 1372 2384 veredum
1398 2345 1412 2383 :
1436 2344 1639 2383 verum
1658 2344 1728 2382 ea
1747 2326 1945 2399 potius

286 2421 432 2476 satis
449 2420 688 2489 habeat,
722 2437 854 2491 quas
873 2421 1028 2475 Deus
1051 2419 1140 2473 illi
1163 2420 1226 2473 in
1245 2417 1687 2490 oppugnatione
1717 2421 1946 2471 castro-

287 2526 423 2564 rum
445 2508 700 2564 contulit
725 2525 738 2563 :
763 2525 900 2564 cum
921 2507 1202 2562 omnibus
1225 2507 1412 2579 c0piis
1434 2507 1619 2580 signis
1642 2505 1944 2562 conversis

285 2598 418 2654 loca
447 2605 782 2670 opportuna
829 2603 888 2654 et
933 2598 1260 2653 munitiora
1299 2597 1516 2668 capiat.
1579 2596 1802 2652 Deinde
1844 2595 1945 2651 ubi

292 2688 586 2743 exercitus
619 2688 880 2744 hostium
897 2705 966 2744 eo
984 2687 1236 2743 consilio
1260 2687 1390 2742 loca
1408 2687 1617 2759 iniqua
1647 2686 1943 2753 transivit,

286 2777 701 2842 ut,adventum
723 2777 1126 2850 praedatorum
1147 2775 1522 2848 prmstolans,
1556 2793 1688 2846 quae
1718 2776 1790 2830 ab
1823 2775 1944 2830 illis

284 2873 455 2942 rapta
478 2873 637 2939 sunt,
664 2868 784 2923 sive
804 2867 1104 2938 mancipia
1125 2866 1243 2922 sive
1265 2882 1501 2938 pecora,
1536 2869 1663 2921 tuta
1684 2881 1752 2920 ac
1785 2863 1946 2920 salva

285 2975 392 3031 per
439 2959 571 3014 loca
629 2957 918 3029 impedita
977 2956 1323 3012 transducat
1373 2974 1386 3010 :
1439 2959 1674 3027 oportet
1729 2953 1943 3010 ducem

287 3064 530 3119 operam
560 3047 721 3112 dare,
757 3051 841 3114 ut,
874 3046 1014 3101 illos
1045 3049 1429 3118 praavertens,
1463 3060 1600 3099 cum
1661 3043 1944 3099 omnibus

284 3137 548 3193 militum
595 3137 984 3208 equitumque
1040 3134 1226 3206 c0piis
1294 3133 1599 3206 angustias
1655 3133 1942 3188 itinerum

287 3232 556 3298 occupet,
590 3226 984 3298 praeliumque
1033 3224 1310 3280 adversus
1342 3222 1498 3291 illos,
1562 3223 1942 3294 quemadmo-

287 3314 430 3370 dum
464 3315 740 3386 superius
770 3313 1627 3381 demonstravimus,solertius
1659 3313 1945 3369 adminis-

285 3410 421 3460 tret.
457 3406 656 3475 Neque
709 3421 976 3476 unquam
1027 3405 1176 3460 citra
1228 3403 1680 3460 dimicationem
1730 3403 1948 3460 reverti

288 3493 848 3564 sinantur.Etenim,
881 3495 930 3550 si
963 3494 1025 3550 in
1058 3493 1348 3567 angustiis
1371 3499 1538 3549 recte
1569 3493 1796 3549 bellum
1830 3494 1949 3551 dux

288 3583 552 3656 instruit,
575 3584 847 3641 funditus
873 3602 975 3641 eos
1007 3584 1219 3640 vincet.
1251 3585 1354 3641 Sin
1385 3600 1600 3656 magno
1659 3589 1716 3638 et
1775 3585 1947 3640 ﬁrmo

285 3673 551 3745 peditatu
602 3675 922 3731 destitutus
971 3673 1289 3747 proﬂigare
1340 3673 1494 3729 218
1554 3673 1793 3744 penitus
1845 3691 1947 3731 eos

288 3765 519 3834 nequit,
548 3770 608 3820 at
633 3765 893 3835 denique
925 3781 1075 3835 quos
1113 3765 1175 3819 in
1223 3763 1566 3819 servitutem
1617 3763 1943 3834 abducunt,

289 3852 352 3907 in
377 3852 713 3909 libertatem
735 3853 994 3925 (etiamsi
1016 3853 1267 3908 fortasse
1321 3867 1444 3906 non
1477 3855 1703 3920 omnes)
1748 3853 1945 3908 vindi-

291 3941 469 4010 cabit,
518 3942 905 4014 hostiumque
935 3959 1056 3998 non
1079 3959 1322 4014 paucos,
1355 3956 1492 3996 cum
1534 3939 1846 4010 sauciabit,
1881 3948 1948 3998 ut

289 4032 552 4102 captivos
583 4032 780 4088 faciet.

2043 621 2300 692 ἀνωτέρω
2337 621 2655 697 εἰρήκαμεν,
2712 625 2826 681 ἀντὶ
2882 630 3128 702 χάρακος
3210 625 3338 690 τοὺς
3398 626 3704 702 πολεμίους

2046 711 2357 787 φυλάττων,
2417 711 2466 768 εἲ
2523 715 2617 787 μὲν
2679 716 2930 771 ὁπωσοῦν
2991 719 3160 793 πόρον
3232 714 3473 787 δέχεται,
3530 720 3709 774 κάκεῖο

2044 803 2129 856 θεν
2190 801 2323 868 λαὸν
2381 800 2670 878 ἐπιστήσῃ.
2758 809 3150 882 Παρασκευάσῃ
3217 804 3275 862 δὲ
3329 808 3418 862 καὶ
3499 809 3702 878 σκηνὰς

2046 891 2226 946 αὐτῶν
2257 891 2448 962 πῆξαι,
2481 894 2618 968 πρὸς
2677 894 2740 949 τὸ
2798 893 3154 969 ἐνδείξασθαι,
3221 895 3496 969 μέλλοντα
3545 896 3705 951 αὐτὸν

2043 978 2389 1050 ἀπλκηκεῦσαι
2420 980 2613 1050 ἐκεῖσε,
2648 983 2725 1044 εἰς
2784 983 3072 1060 έκθρόησιν
3125 986 3329 1041 αὐτῶν·
3382 985 3472 1040 καὶ
3531 985 3703 1049 οὕτως

2044 1071 2321 1124 ποιεῖσθαι
2351 1070 2444 1126 τὸν
2472 1071 2742 1146 πόλεμον.
2777 1074 2885 1129 Καὶ
2945 1073 2989 1129 εἷ
3048 1074 3234 1138 καλῶς
3282 1076 3370 1131 καὶ
3432 1075 3705 1139 εὐτάκτως

2044 1159 2134 1215 καὶ
2159 1157 2419 1235 ἀνδρείως
2442 1158 2697 1233 διάθηται
2727 1165 2792 1218 τὰ
2825 1163 2949 1239 περὶ
3001 1169 3104 1219 τοῦ
3135 1163 3409 1240 πολέμου,
3447 1164 3706 1241 μεγάλως

2046 1246 2472 1321 εύοδωθήσεται.
2504 1253 2570 1308 Εἰ
2598 1251 2656 1307 δέ
2685 1275 2748 1329 γε
2778 1257 2845 1329 τῇ
2877 1256 3072 1331 πρώτῃ
3105 1254 3290 1331 ἡμέρᾳ
3321 1255 3383 1311 ού
3416 1253 3704 1328 δυνήσεται

2042 1339 2271 1403 τούτους
2349 1343 2896 1415 κατατροπώσασθαι,
2978 1345 3221 1422 ἰσχυρῶς
3301 1345 3480 1401 αὐτῶν
3577 1345 3705 1400 ἀνθ-

2048 1428 2370 1504 ισταμένων,
2410 1431 2500 1486 καὶ
2559 1435 2788 1502 πεζικὴν
2839 1434 3080 1509 ἑχόντων
3145 1433 3392 1508 δύναμιν,
3451 1435 3542 1490 καὶ
3599 1435 3706 1490 ἀπὸ

2043 1526 2146 1589 τῆς
2174 1523 2273 1574 τοῦ
2302 1519 2473 1575 τόπου
2505 1520 2700 1584 θέσεως
2735 1522 3148 1598 βοηθουμένων,
3209 1521 3331 1579 δέον
3388 1524 3478 1579 καὶ
3531 1545 3707 1599 παρα-

2049 1614 2230 1682 μεῖναι
2271 1611 2480 1682 αὐτοῖς,
2540 1611 2630 1666 καὶ
2691 1611 2885 1667 πλεῖον
2931 1613 3152 1683 πεζικὸν
3208 1613 3706 1688 προσκαλέσασθαι.

2048 1700 2159 1756 Καὶ
2194 1699 2246 1754 ἐν
2277 1703 2345 1774 τῇ
2377 1702 2528 1756 νυκτὶ
2585 1700 2715 1764 τοὺς
2774 1699 2976 1776 ψιλοὺς
3033 1705 3152 1758 κατ’
3190 1703 3366 1758 αὐτῶν
3416 1703 3506 1758 καὶ
3577 1701 3704 1765 τοὺς

2047 1787 2414 1868 σφενδονήτας
2470 1787 2696 1867 βάλλειν
2753 1795 3158 1868 παρασκευάσῃ·
3207 1794 3295 1848 καὶ
3355 1793 3500 1870 πυρά
3543 1791 3702 1848 πλεῖ-

1966 1900 2144 1975 Βστα
2220 1877 2470 1935 ἀνάπτειν
2529 1879 2759 1956 γύροθεν
2845 1881 3040 1937 αὐτῶν·
3128 1881 3218 1936 καὶ
3285 1880 3549 1960 ἀνδρείως
3610 1879 3700 1937 καὶ

2053 1967 2341 2042 εὐτόλμως
2369 1970 2687 2044 παραινέσαι
2744 1975 2862 2032 τοῖς
2916 1968 3106 2044 ψιλοῖς
3133 1971 3231 2026 τοῦ
3263 1970 3322 2026 ἐκ
3369 1973 3560 2047 χειρὸς
3594 1971 3700 2043 μά-

2053 2068 2243 2134 χεσθαι
2275 2057 2365 2112 καὶ
2397 2057 2862 2133 προκινδυνεύειν,
2901 2056 3008 2124 ἕως
3063 2061 3124 2115 ἅν
3187 2059 3503 2125 εἰσέλθωσιν
3556 2056 3709 2113 ἔνδον

2051 2153 2148 2204 τοῦ
2179 2148 2467 2220 ἀπλήκτου
2497 2154 2606 2205 τῶν
2638 2148 2950 2224 πολεμίων,
2978 2152 3069 2206 καὶ
3127 2153 3334 2214 ἳππους
3393 2150 3485 2206 καὶ
3542 2149 3712 2222 ἡμιό-

2052 2259 2178 2302 νους
2207 2236 2297 2293 καί
2326 2259 2449 2294 τινα
2478 2239 2770 2316 πράγματα
2816 2240 3006 2301 νυκτὸς
3069 2234 3473 2309 ἀναλάὸωνται,
3531 2237 3714 2308 πλήτ-

2051 2347 2236 2389 τοντες
2322 2331 2568 2404 συνεχῶς
2626 2328 2715 2383 καὶ
2774 2328 3124 2405 ἀναιροῦντες
3198 2327 3328 2393 τοὺς
3383 2327 3713 2401 πολεμίους.

2053 2417 2159 2472 Καὶ
2187 2415 2233 2471 εἷ
2265 2415 2412 2480 ὅλως
2445 2421 2581 2473 Θεοῦ
2635 2417 2868 2492 βοηθείᾳ
2922 2422 3172 2473 τοιοῦτον
3233 2418 3371 2491 πρὸς
3427 2413 3480 2471 ἓν
3545 2416 3713 2489 μέρος

2053 2506 2302 2581 γένηται,
2333 2504 2422 2562 καὶ
2455 2507 2619 2581 θεαθῇ
2661 2505 2750 2562 καὶ
2810 2506 3120 2582 ἐπιγνωσθῇ
3167 2506 3267 2561 ὑπὸ
3324 2510 3435 2561 τῶν
3522 2502 3713 2559 ἄλλων

2052 2595 2276 2667 τάξεων,
2336 2597 2644 2672 ὁρμήσουσι
2675 2597 2764 2652 καὶ
2830 2595 2982 2652 αὐτοὶ
3039 2597 3088 2632 ⁴⁶
3148 2595 3380 2660 θανᾶτου
3437 2614 3715 2669 καταφρο-

2054 2689 2276 2747 νοῦντες
2318 2685 2395 2748 είς
2457 2685 2710 2762 ἀρπαγὴν
2779 2689 2889 2740 τῶν
2946 2684 3238 2762 λαφύρων,
3299 2683 3389 2740 διά
3463 2685 3561 2754 τήν
3617 2686 3717 2738 τοῦ

2053 2771 2280 2851 κέρδους
2312 2772 2530 2845 ἐλπίδα,
2563 2774 2651 2830 καὶ
2683 2776 3136 2851 περιγενήσονται
3191 2773 3426 2846 τούτων,
3484 2777 3552 2848 τῇ
3612 2776 3714 2827 τοῦ

2055 2867 2190 2918 Θεοῦ
2222 2867 2433 2940 χάριτι,
2469 2862 2694 2941 ῥᾳδίως.
2727 2863 2792 2920 Εἰ
2826 2861 2883 2919 δὲ
2935 2864 3025 2919 καὶ
3087 2865 3163 2938 μή
3222 2864 3428 2927 τελέως
3484 2863 3712 2926 τούτους

2053 2955 2536 3030 κατατροπώσεται
2592 2951 2681 3009 διά
2716 2975 2838 3009 τινα
2889 2955 3060 3032 τυχὸν
3095 2953 3388 3033 σφάλματα
3424 2955 3512 3011 καὶ
3575 2954 3714 3010 ἀπο-

2053 3043 2276 3119 τυχίαν,
2305 3042 2431 3100 me
2483 3045 2573 3099 οὖν
2606 3042 2859 3107 πολλοὺς
2885 3051 3094 3100 τούτων
3123 3046 3212 3101 καὶ
3245 3045 3572 3122 χειρώσεται
3623 3043 3713 3100 καὶ

2054 3132 2362 3208 ἀναιρήσει,
2394 3133 2485 3189 καὶ
2517 3131 2736 3208 λάφυρα
2762 3130 3000 3189 πλεῖστα
3042 3134 3070 3189 ὁ
3125 3131 3263 3198 λαὸς
3316 3135 3485 3190 αὐτοῦ
3539 3133 3712 3208 λήψε-

2058 3244 2170 3281 ται.
2203 3222 2391 3286 Οὕτως
2427 3221 2484 3278 δὲ
2511 3227 2610 3278 τοῦ
2639 3227 2946 3300 στρατηγοῦ
3004 3222 3072 3279 τά
3125 3225 3252 3300 περὶ
3309 3229 3418 3280 τῶν
3448 3222 3710 3297 πολέμων

2059 3317 2156 3368 τοῦ
2179 3314 2467 3391 φωσσάτου
2513 3311 2942 3388 διενεργοῦντος,
3003 3313 3116 3388 χρὴ
3168 3313 3259 3369 καὶ
3319 3312 3563 3389 ἄρχοντα
3606 3317 3714 3368 τῶν

2061 3403 2358 3478 χρησίμων
2387 3402 2479 3457 καὶ
2531 3399 2806 3477 ἐμπείρων
2873 3402 3008 3476 μετὰ
3053 3403 3451 3478 τεσσαράκοντα
3506 3402 3717 3458 ἱππέων

2061 3493 2300 3566 μήκοθεν
2341 3489 2685 3561 ἀποστεῖλαι,
2741 3490 3028 3569 φυλάττειν
3087 3493 3187 3562 τήν
3250 3489 3394 3566 ὁδὸν,
3451 3491 3517 3562 ἥν
3581 3493 3719 3548 ὑπο-

2058 3584 2302 3657 στρέφειν
2340 3580 2533 3655 μέλλει
2559 3581 2622 3636 τὸ
2649 3585 2758 3637 τῶν
2787 3580 3074 3656 πολεμίων
3109 3587 3364 3657 κοῦρσον.
3413 3584 3520 3639 Καὶ
3553 3585 3720 3654 ἡνίκα

2054 3672 2282 3734 τούτους
2310 3671 2565 3744 θεάσηται
2595 3672 2732 3747 πρὸς
2774 3673 2837 3727 τὸ
2897 3672 3188 3751 φωσσάτον
3247 3672 3425 3728 αὐτῶν
3481 3673 3724 3748 ἐρχομέ-

2054 3785 2180 3827 νους
2209 3763 2301 3819 καὶ
2333 3759 2636 3839 ἔμπροσθεν
2671 3761 2872 3832 αὐτῶν,
2924 3763 3002 3826 ὡς
3059 3761 3182 3826 ἔθος
3233 3761 3345 3819 ἐστὶ
3403 3769 3527 3829 τοῖς
3580 3766 3722 3840 Ταρ-

2056 3854 2256 3922 σίταις,
2282 3853 2345 3908 τὸ
2375 3851 2680 3928 λεγόμενον
2709 3853 2838 3928 παρ’
2871 3851 3061 3912 αὐτοῖς
3127 3851 3368 3929 βέρεδον,
3414 3853 3720 3931 ἐρχόμενον

2055 3943 2314 4019 σύνεγγυς
2397 3941 2602 4008 αὑτῶν,
2684 3939 3063 4014 καταμηνύσαι
3117 3945 3198 4013 τῷ
3256 3942 3526 4020 φωσσάτῳ
3612 3943 3715 4013 τήν

2055 4036 2153 4088 τοῦ
2203 4029 2441 4106 κούρσου
2517 4029 2696 4084 αὐτῶν
2755 4030 3080 4104 παρουσίανο
3139 4029 3343 4095 εὐθέως
3400 4033 3428 4087 ὁ
3488 4031 3562 4094 εἷς
3619 4033 3687 4102 τή

295 4124 493 4202 βίγλαν
526 4129 612 4201 [Ρ.
651 4129 774 4202 137]
801 4127 1132 4191 ἀποσταλεὶς
1161 4124 1350 4203 ἅρχων
1387 4127 1747 4200 μηνυέτωτῷ
1779 4135 2088 4206 στρατηγῷ.
2138 4129 2242 4186 Καὶ
2307 4126 2357 4183 εἴ
2416 4127 2512 4202 μὶν
2569 4125 2659 4203 ἴδῃ
2713 4128 2774 4182 τὸ
2829 4124 3046 4205 βέρεδον
3100 4130 3339 4202 μήκοθεν
3404 4129 3551 4186 πολὺ
3603 4135 3707 4200 τῆς

290 4213 637 4290 παρατάξεως
716 4221 814 4273 τοῦ
877 4217 1113 4294 κούρσου
1170 4215 1504 4294 ἐρχόμενον,
1567 4215 1860 4274 ἀποστελεῖ
1918 4217 2162 4296 ἄρχοντα
2217 4223 2324 4274 τῶν
2385 4216 2682 4293 χρησίμων
2745 4218 2863 4290 μετ’
2919 4217 3188 4273 εκλεκτῶν
3256 4219 3487 4291 ἱππέων,
3537 4217 3717 4274 ἐπιθέ-

293 4315 413 4369 σθαι
472 4308 588 4362 κατ’
644 4306 840 4378 αύτῶν,
904 4306 948 4362 εἷ
1005 4305 1254 4378 δυνατὸν,
1313 4304 1618 4378 ἀδοκήτως,
1679 4307 1768 4362 καὶ
1826 4310 2233 4384 κατακυριεύσει
2282 4306 2489 4363 τούτων
2545 4303 2766 4384 ῥᾳδίως.
2799 4306 2864 4364 Εἰ
2897 4303 2955 4361 δὲ
3009 4305 3252 4378 πλησίον
3310 4309 3397 4364 καὶ
3449 4308 3720 4386 σύνεγγυς

285 4401 388 4464 τῆς
444 4397 793 4471 παρατάξεως
850 4402 946 4454 τοῦ
1003 4397 1242 4474 κούρσου
1296 4394 1601 4473 ἔμπροσθεν
1665 4397 1837 4454 αὐτῶν
1897 4404 2205 4474 περιπατεῖ,
2269 4400 2344 4473 μὴ
2427 4395 2809 4453 ἄποστειλάτω
2859 4398 2974 4452 κατ’
3033 4396 3234 4452 αὐτῶν·
3294 4396 3442 4454 ἀλλὰ
3496 4397 3713 4472 μᾶλλον

291 4483 610 4559 ἀρκεσθήτω
640 4488 776 4564 πρὸς
835 4484 870 4542 ἄ
926 4488 954 4543 ὁ
1014 4487 1146 4551 Θεὸς
1176 4487 1328 4560 αὐτῳ
1358 4487 1694 4562 συνήργησεν
1725 4486 1802 4550 εἷς
1832 4488 1924 4543 τὸν
1957 4490 2094 4544 κατὰ
2149 4492 2246 4544 τοῦ
2308 4488 2597 4562 φωσσάτου
2647 4485 2915 4561 πόλεμον·
2974 4487 3064 4542 καὶ
3101 4487 3522 4562 ὑποστρεφέσθω
3572 4489 3707 4561 μετᾶ

286 4577 486 4639 παντὸς
544 4582 642 4633 τοῦ
699 4575 836 4633 λαοῦ
924 4573 1439 4652 ἐπιλαμϐανόμενος
1491 4581 1603 4632 τῶν
1665 4575 1993 4650 ἐπιτηδείων
2043 4578 2134 4634 καὶ
2193 4577 2560 4655 ὀχυρωτέρων
2597 4578 2808 4634 τόπων.
2870 4576 3022 4634 Ἐπεὶ
3054 4573 3202 4632 δὲτὸ
3258 4581 3366 4632 τῶν
3421 4575 3709 4650 πολεμίων

289 4667 571 4743 φωσσάτον
607 4665 696 4722 διά
725 4672 888 4723 τοῦτο
950 4666 1144 4738 διῆλθε
1174 4667 1345 4730 πάσας
1404 4668 1500 4731 τὰς
1558 4664 1893 4744 δυσχωρίας,
1950 4666 2314 4744 ἐκδεχόμενον
2370 4671 2470 4738 τήν
2528 4671 2626 4723 τοῦ
2677 4667 2914 4742 κούρσου
2949 4665 3391 4739 παρουσίαν,⁹ίνα
3443 4667 3508 4722 τά
3565 4669 3713 4744 παρὰ

287 4758 383 4808 τοῦ
442 4754 677 4829 κούρσου
718 4758 1157 4832 κατασχεθέντα,
1218 4757 1324 4811 εἷ’τε
1383 4753 1695 4836 ἀνδράποδα
1746 4757 1848 4812 εἶεν
1911 4757 2018 4814 εἷ’τε
2066 4760 2265 4830 κτήνη,
2320 4757 2507 4814 καλῶν
2573 4756 2666 4812 σὺν
2728 4756 2916 4820 αὐτοῖς
2945 4753 3190 4830 διασώσῃ
3243 4751 3560 4826 διαϐιϐάζον
3616 4756 3715 4820 τὰς

295 4842 626 4920 δυσχωρίας·
673 4842 792 4899 δέον
846 4845 940 4901 τὸν
999 4845 1299 4922 στρατηγὸν
1359 4845 1726 4922 ἀγωνίσασθαι
1787 4843 2096 4924 ἔμπροσθεν
2148 4847 2325 4904 αὐτῶν
2383 4846 2651 4924 γενέσθαι,
2710 4847 2798 4902 καὶ
2862 4845 2988 4909 τοὺς
3049 4845 3359 4907 στενωποὺς
3415 4853 3714 4922 κατασχεῖν

296 4933 432 5008 μετά
461 4933 663 4996 παντὸς
691 4937 789 4989 τοῦ
818 4933 957 4990 λαοῦ
1010 4939 1188 5005 πεζῶν
1246 4935 1334 4990 καὶ
1394 4935 1628 5007 ἱππέων,
1685 4935 1774 4992 καὶ
1832 4938 1925 4992 τὸν
1984 4939 2101 4993 κατ’
2155 4938 2333 4993 αὐτῶν
2366 4935 2614 5011 πόλεμον
2657 4933 3079 5011 ἐπιμελέστερον
3137 4935 3450 5011 ἀπαρτίσαι,
3530 4938 3712 5002 καθὼς

292 5023 550 5098 ἀνωτέρω
581 5020 914 5096 δεδήλωται.
976 5025 1084 5080 Καὶ
1138 5022 1417 5098 μηδέποτε
1470 5025 1900 5103 ὑποστρέφοντες
1959 5027 2113 5083 αὐτοὶ
2173 5025 2522 5101 ἀπολέμητοι
2579 5025 3042 5095 καταλειφθῶσιν.
3098 5025 3165 5082 Εἰ
3241 5026 3347 5102 γὰρ
3404 5023 3589 5089 καλῶς
3642 5026 3711 5082 τὰ

285 5118 384 5169 τοῦ
413 5112 667 5189 πολέμου
698 5113 751 5170 ἐν
782 5119 904 5178 ταῖς
935 5111 1276 5190 δυσχωρίαις
1308 5111 1575 5189 διάθοιτο,
1635 5116 1894 5192 μεγάλως
1943 5115 2144 5182 αὐτοὺς
2201 5117 2702 5192 κατατροπώσεται.
2736 5115 2803 5173 Εὶ
2861 5112 2941 5185 δὲ,
3003 5112 3094 5170 διὰ
3147 5114 3210 5170 τὸ
3245 5116 3322 5189 μή
3381 5113 3530 5191 ἔχειν
3559 5115 3715 5172 πλεί-

291 5223 422 5272 στην
453 5201 544 5258 καὶ
577 5201 864 5279 ἀξιόλογον
901 5203 1131 5272 πεζικὴν
1158 5199 1410 5276 δύναμιν,
1471 5200 1723 5258 ἀδυνατεῖ
1749 5205 1886 5279 πρὸς
1944 5206 2006 5261 τὸ
2069 5203 2327 5282 μεγάλως
2383 5204 2580 5270 αὐτοὺς
2658 5203 3205 5280 κατατροπώσασθαὶ,
3240 5200 3387 5259 ἀλλὰ
3443 5204 3534 5260 οὗν
3573 5205 3712 5270 τέως

289 5291 487 5368 οὕσπερ
517 5291 962 5368 ᾑχμαλώτευσαν
996 5290 1067 5366 (εἰ
1097 5291 1188 5347 καὶ
1223 5291 1300 5365 μή
1333 5289 1557 5366 πάντας)
1588 5289 1937 5369 ἀναρῥύσεται
1969 5295 2087 5350 κατ’
2118 5295 2322 5366 αὐτῶν,
2353 5293 2445 5350 καὶ
2487 5293 2588 5350 ούκ
2616 5292 2846 5370 ὀλίγους
2872 5297 2986 5348 τῶν
3021 5291 3308 5368 πολεμίων
3355 5293 3446 5349 καὶ
3471 5313 3712 5371 τραυμα-

287 5380 423 5437 τίσει
456 5380 548 5438 καὶ
579 5379 971 5459 δορυαλώτους
1000 5383 1311 5453 ποιήσεται.

1498 5553 1560 5611 G.
1591 5555 1655 5612 B.
1684 5555 1872 5613 HASII
1896 5556 2460 5617 ANNOTATIONES.

361 5745 408 5782 ⁸⁸
431 5742 607 5809 αὐτοί.
633 5745 729 5806 Sic
746 5744 922 5806 codd.
