2048 3216
168 225 230 257 961

207 292 290 320 ΚΕΦ.
306 291 362 320 IA'.
382 290 449 328 Περῇ
460 292 511 328 τοῦ
527 288 602 323 ἔνθεν
622 290 748 328 κάκεῖθεν
759 289 885 323 ἵστασθαι
901 288 964 322 τοὺς

369 325 470 362 πεζοὺς
493 326 519 354 ἓν
540 330 603 358 ταῖς
623 325 805 366 δυσχωρίαις.

210 386 272 424 Κρή
288 384 335 413 τὸν
352 385 505 423 στρατηγὸν
534 385 580 413 καὶ
605 383 700 417 ἄλλως
730 384 913 423 ἀγωνίσασθαι
937 384 1004 416 τοὶς

174 433 328 471 πολεμίους
342 432 545 471 τροπώσασθάι,
573 433 597 461 εἰ
625 432 670 461 καὶ
697 432 792 471 ὀλίγος
821 432 892 460 ἐστὶν
908 432 922 460 ὁ
942 431 1004 470 περὶ

176 478 254 507 αὐτὸν
287 477 369 509 λαός.
398 478 489 507 Τόπον
518 476 755 513 κατασκοπησάτω
784 475 939 513 ἐπιτήδειον
959 475 1004 504 καὶ

180 523 365 561 ὀχυρώτατον,
396 523 414 558 ἢ
444 533 472 550 τι
498 521 692 561 παραπλήσιον
708 523 834 561 κάστρον·
860 522 898 554 ὡς
913 520 1003 549 ἑπιδέ-

180 567 274 600 χεσθαι
301 568 352 602 τὴν
382 568 432 595 τοῦ
461 566 566 605 ὀχυροῦ
593 566 680 595 τόπου
708 566 779 595 Θέσιν
819 566 887 604 μετὰ
915 568 1004 601 πεζῶν

175 614 343 651 κρατεῖσθαι,
363 612 410 640 καὶ
425 609 498 645 ἔνθεν
511 612 635 640 κάκεῖθεν
663 615 713 647 τῆς
738 610 804 640 ὀδοῦ
833 612 871 643 εἰς
899 611 1004 649 λόχους

174 659 205 687 τὸ
221 658 332 694 πεζικὸν
348 657 532 696 ἀποκρύπτειν
562 657 726 695 στράτευμα.
749 659 807 687 Τοῦ
836 656 865 685 δὲ
893 658 1005 692 πιζικοῦ

175 704 286 736 ὄπισθεν
319 703 333 730 ὁ
363 703 513 740 στρατηγὸς
545 702 675 740 σύνεγγυς
714 702 781 739 μετὰ
818 704 865 730 τοῦ
892 702 1005 729 ἱππικοῦ

177 747 379 786 στρατεύματος
411 748 513 783 στήτω,
549 746 619 774 πάνυ
660 749 714 774 τῶν
758 749 846 781 πεζῶν
886 744 1004 784 ἔγγιστα.

174 793 269 830 Ἐχειν
284 802 314 820 τε
328 791 373 819 καὶ
389 792 421 819 τὸ
443 791 555 819 ἱππικὸν
584 790 728 829 ἔγκρυμμα
743 791 788 818 καὶ
816 791 913 825 πεζοὺς
931 790 1005 825 πλη-

177 837 234 865 σίον
261 837 357 872 αὐτοῦ,
386 836 430 864 καὶ
461 835 559 874 σχεδὸν
577 836 774 871 συνηνωμὲνως
804 836 917 863 κατὰτὸ
942 833 1004 862 ὅπι-

178 888 238 914 σθεν
269 883 352 919 μὲρος
378 881 507 913 ἱστάσθω.
534 879 783 915 ’Δποσταλήτωσαν
800 881 823 898 ⁴⁷
853 880 881 907 δὲ
908 881 950 907 καὶ
969 880 1007 912 εἰς

180 927 239 961 τήν
251 925 360 963 ἐνέδραν
390 926 464 962 παρὰ
490 927 538 952 τοῦ
565 927 719 962 στρατηγοῦ
749 923 843 962 ἄνδρες
866 924 1005 952 ἐπίλεκτοι

833 222 1042 256 VELITATIO
1063 221 1226 253 BELLIGA

1828 228 1889 258 963

1017 290 1044 325 Α
1058 290 1124 318 CAP.
1139 289 1186 318 X1.
1200 291 1235 318 1n
1249 290 1387 331 angustiis
1397 292 1556 327 peditatum
1581 292 1619 320 ad
1641 296 1792 331 utrumque
1815 294 1889 324 latus

1307 328 1363 355 vim
1395 330 1469 356 stare
1497 331 1635 364 oportere.

1093 385 1186 414 Debet
1199 385 1258 414 alio
1288 394 1408 422 quoque
1433 387 1522 415 modo
1547 396 1669 424 operam
1692 390 1763 418 dare
1778 391 1836 421 dux
1852 395 1886 421 ut

1058 430 1159 459 hostes
1174 431 1290 465 fundet,
1304 432 1329 460 si
1338 433 1450 469 exiguae
1461 433 1540 461 circa
1551 442 1583 462 se
1598 435 1691 471 copim
1710 439 1790 465 sunt.
1801 438 1889 466 Inve-

1058 476 1147 512 stiget
1162 476 1262 505 locum
1272 476 1415 505 idoneum
1427 480 1457 505 et
1470 479 1885 514 munitissimum,velcastel-

1058 519 1217 557 lum,quod
1226 529 1319 557 prope
1330 522 1518 550 sit:utliceat
1526 531 1580 559 per
1588 526 1726 553 naturam
1734 527 1885 556 munitum

1058 565 1145 593 illum
1155 566 1255 594 locum
1266 566 1417 602 peditibus
1429 568 1578 604 occupari,
1594 569 1756 606 copiasque
1772 572 1884 607 pedes-

1057 612 1118 638 tres
1134 610 1170 639 ab
1186 613 1313 646 utroque
1333 611 1387 640 vias
1414 612 1508 640 latere
1526 612 1557 640 in
1586 613 1704 643 insidiis
1732 617 1887 645 occultari.

1056 656 1081 683 Α
1096 655 1231 691 peditum
1241 658 1323 693 tergo
1339 656 1399 685 dux
1412 665 1481 685 cum
1496 657 1630 694 equitatu
1646 668 1736 695 quam
1752 662 1887 697 proxime

1058 700 1250 728 subsidietur.
1276 702 1326 728 Ha)
1354 705 1507 737 equestres
1523 703 1651 738 insidiae,
1667 705 1738 740 ipsa:
1766 715 1885 742 quoque

1058 744 1174 781 pedites
1200 754 1292 781 prope
1308 746 1387 781 ipsas
1402 747 1559 781 habentes,
1573 757 1648 784 pene
1675 751 1886 787 contingentes

1058 790 1151 817 aciem
1166 792 1232 825 post
1246 790 1331 826 signa
1345 792 1520 820 consistant.
1538 793 1660 828 Oportet
1675 798 1784 829 autem,
1799 800 1832 823 ut
1854 797 1883 824 in

1059 835 1182 862 insidias
1198 835 1296 863 mittat
1307 836 1367 863 dux
1381 837 1519 865 homines
1536 838 1887 874 lectos,equisvelocilms

1060 879 1365 913 insidentes,numero
1380 881 1417 908 ad
1433 885 1564 915 centum,
1582 891 1650 910 cum
1666 885 1805 919 prmfecto
1818 886 1887 913 forti

1060 927 1089 951 et
1117 925 1308 959 peritissimo,
1335 930 1532 960 cognoscente
1548 927 1647 955 locum
1675 933 1887 964 opportunum,

177 970 222 998 καὶ
235 970 338 1003 ἳππους
351 969 476 1008 τραχεῖς,
503 971 527 988 ⁸⁸
552 971 609 1006 (19)
635 968 757 1007 ἔχοντες,
774 968 840 1007 ἄχρι
869 971 922 996 τῶν
940 970 1002 996 ἑκα-

1063 977 1119 1004 quo
1136 977 1219 996 suam
1239 977 1362 997 manum
1391 971 1530 998 occultet.
1558 972 1642 999 Hunc
1670 972 1768 1001 locum
1797 978 1887 1002 noctu

176 1015 232 1050 τὸν,
246 1015 372 1054 ἀρχηγὸν
387 1013 496 1053 ἔχοντες
513 1014 635 1052 ἀνδρεῖον
662 1015 706 1042 καὶ
735 1013 943 1051 ἐμπειρότατον,
960 1014 1005 1041 καὶ

174 1061 343 1098 γινώσκοντα
359 1060 465 1097 χωρίον
482 1058 649 1094 ἐπιτήδειον,
665 1059 691 1086 ἐν
721 1059 744 1095 ᾦ
759 1059 850 1096 κρύψῃ
874 1059 919 1086 τὸν
938 1057 1006 1085 ἴδιον

178 1105 257 1136 λαόν.
278 1104 386 1136 Νυκτὸς
403 1103 432 1132 δὲ
443 1104 490 1132 τὸν
514 1106 637 1131 τοιοῦτον
664 1104 748 1131 τόπον
764 1100 1006 1139 καταλαμϐανὲτω.

178 1149 224 1177 καὶ
236 1148 330 1181 καλῶς
348 1148 446 1180 αὐτοὺς
468 1148 665 1186 ἀποκρυψάτω.
682 1148 776 1177 Ἡνίκα
807 1147 836 1176 δὲ
865 1147 1006 1185 διαυγάσῃ,

181 1193 219 1226 εἷς
245 1194 392 1232 περιωπήν
422 1192 540 1221 ἀνελθὼν
581 1193 706 1231 βλεπέτω
730 1194 763 1227 ⁸⁸,
789 1195 843 1220 τῶν
864 1192 1006 1229 πολεμίοιν

180 1238 415 1276 περιπατούντων,
429 1239 479 1273 τὴν
494 1238 598 1266 τούτων
616 1236 749 1266 διάϐασιν.
768 1239 809 1275 [Ρ.
827 1239 889 1275 138]
919 1239 1006 1275 Ὁρῶν

182 1283 210 1312 Si
223 1283 288 1316 τοὺς
304 1283 344 1315 είς
359 1283 435 1312 λείαν
452 1283 633 1321 ἐκτρέχοντας
655 1283 700 1310 καὶ
723 1284 757 1310 τὰ
787 1283 878 1321 χωρία
905 1282 1007 1321 διερευ-

179 1330 293 1364 νῶντας,
307 1329 377 1366 πρὸς
390 1329 422 1356 τὸ
437 1328 640 1366 ἐπισυναγαγεῖν
669 1327 776 1365 λάφυρά
804 1338 833 1355 τε
861 1328 905 1355 καὶ
936 1329 1008 1365 χρή-

189 1382 269 1408 ματα,
284 1373 328 1400 καὶ
343 1372 366 1401 εἲ
394 1383 420 1400 τι
448 1371 540 1411 ἓτερον
558 1372 678 1412 ἐφευρεῖν
710 1372 858 1407 δυνηθῶσι,
878 1382 1008 1410 καρτερη-

186 1417 259 1446 σάτω
273 1416 325 1450 ἕως
339 1416 368 1445 ἄν
384 1419 512 1454 θεάσηται
527 1418 625 1449 αὐτοὺς
641 1420 694 1445 τῶν
724 1418 815 1445 ’ἰππων
846 1415 1005 1445 ἀποϐαίνον-

182 1472 241 1497 τας,
257 1463 301 1490 καὶ
315 1462 379 1494 τοὺς
393 1463 496 1494 ἳππους
512 1464 536 1481 ⁸ο
550 1465 604 1490 τῶν
620 1463 732 1500 χωρίων
760 1461 1005 1499 ἆνερευνωμένους.

181 1507 249 1536 Τότε
271 1510 326 1536 τῶν
358 1509 416 1545 μετ1
444 1509 528 1536 αὐτοῦ
556 1507 660 1535 ἱππέων
691 1508 745 1535 εἶτε
775 1506 963 1544 ἑϐδομήκοντα
992 1509 1008 1542 ἦ

179 1552 324 1589 ἑξήκοντα,
337 1552 450 1585 πλείους
466 1552 593 1586 δηλονότι
615 1552 679 1584 τοὺς
709 1552 826 1584 οἰκείους
842 1555 896 1579 τῶν
921 1552 1006 1579 πολε-

180 1597 250 1634 μίων
263 1595 342 1629 ὄντας
355 1597 491 1634 (πλείονες
505 1598 556 1636 γὰρ
572 1600 625 1625 τῶν
660 1597 803 1634 πολεμίων
832 1600 872 1633 τῷ
898 1598 1006 1634 ἀριθμῷ

178 1642 247 1670 εἶναι
264 1642 421 1682 ὀφείλουσιν
433 1643 459 1670 οἱ
489 1645 536 1670 τοῦ
566 1645 741 1680 στρατηγοῦ),
757 1641 921 1680 ὃιορισάσθω
941 1642 1005 1669 τού-

174 1698 240 1719 τους
265 1686 384 1724 ἀνδρείῳ
414 1688 558 1725 ὁρμήματι
588 1687 634 1714 σὺν
676 1687 791 1724 ὀξυτάτῃ
820 1689 874 1714 τῶν
915 1686 1008 1714 ἳππων

176 1733 252 1770 ὁρμῇ
268 1731 409 1764 ὶπιθὲσθαι
422 1735 481 1764 τοῖς
499 1732 671 1767 ἀντιπάλοις,
701 1732 745 1759 καὶ
776 1734 843 1759 Θεοῦ
871 1732 1010 1769 συνεργείᾳ

175 1776 387 1812 εὖοόωθήσεται.
417 1777 451 1806 Εἰ
485 1776 514 1805 δὲ
543 1775 637 1814 συμϐῇ
664 1777 780 1809 τούτους
807 1775 1010 1813 ἐπιδιὼχθῆναι

178 1822 252 1859 παρὰ
261 1824 315 1850 τῶν
330 1821 488 1858 πολεμίων,
506 1821 566 1849 δέον
583 1825 792 1859 προαπαντῆσαι
820 1821 913 1852 αὐτοῖς
944 1822 1010 1857 μετᾶ

184 1866 238 1893 τῶν
254 1865 470 1902 ὑπολειφθέντων
487 1866 559 1902 αύτῷ
582 1866 792 1903 τεσσαράκοντα,
808 1864 853 1892 καὶ
882 1864 945 1896 τοὺς
963 1865 1010 1901 μὲν

185 1913 394 1950 κατασχεθέντας
423 1911 597 1949 δεσμώτας-ἤ
625 1913 781 1949 ἀναιρῆσαι,
810 1912 826 1946 ἥ
858 1910 1009 1948 ἔμπροσθεν

183 1956 354 1992 ἀποστεῖλαι,
371 1956 498 1989 ἀπελθεῖν
514 1958 627 1995 τάχιον,
652 1956 697 1984 καὶ
726 1957 757 1984 τὸ
782 1956 918 1993 ὀχύρωμα
933 1966 1012 1983 κατα-

181 1998 285 2030 λαϐεῖν.
303 2001 433 2032 Κάκεῖνος
449 2001 588 2039 ἐμπείρως
622 2001 782 2039 μαχόμενος
811 2001 855 2027 καί
886 1999 1010 2027 ἀνθιστά-

184 2056 268 2083 μενος
280 2048 340 2079 τοῖς
354 2046 512 2084 πολεμίοις,
526 2047 571 2074 καὶ
591 2047 660 2074 ποτὶ
677 2047 724 2082 μὶν
753 2044 929 2084 ὑποστρέφων
953 2046 1012 2072 κατ’

183 2090 285 2125 αὐτῶν,
312 2095 381 2119 ποτε
410 2090 438 2119 δὲ
468 2091 641 2131 ὑποφεύγων,
672 2090 787 2129 ἐρεθίσει
817 2090 914 2121 αὐτοὺς
944 2091 1011 2126 πρὸς

183 2134 286 2171 δίωξιν.
299 2136 352 2165 Καὶ
369 2136 391 2163 εἰ
408 2135 475 2174 ἄχρι
490 2138 544 2164 τῶν
571 2137 665 2163 τόπων
693 2134 909 2171 καταδιώξωσιν,
927 2134 952 2162 ἐν
970 2136 1011 2165 οἷς

185 2181 211 2208 οἱ
226 2181 305 2216 πεζοὶ
321 2180 552 2218 ἀποκρύπτονται,
567 2181 612 2208 καὶ
627 2180 741 2211 τούτους
755 2181 827 2211 τινὲς
855 2182 909 2206 τῶν
925 2178 1011 2206 πολε-

184 2225 254 2262 μίων
271 2223 413 2260 διέλθωσι,
426 2226 489 2253 τότε
504 2226 530 2254 οἱ
546 2226 624 2260 πεζοὶ
638 2228 692 2253 τῶν
720 2225 922 2263 ἐγκρυμμάτων
939 2224 1011 2261 ἐξερ-

181 2269 300 2307 χόμενοι
315 2269 522 2306 ἀντιστήσονται
541 2273 600 2302 τοῖς
631 2269 762 2297 διώκουσι
791 2269 951 2306 ποΛεμίοις,
966 2269 1011 2296 καὶ

180 2314 384 2350 ἀπωθήσονται.
401 2315 435 2344 Οἱ
449 2314 478 2342 δὲ
491 2314 556 2346 τοὺς
571 2314 669 2349 πεζοὺς
693 2313 848 2346 διελθόντες
878 2313 1010 2350 πολέμιοι

1063 1017 1196 1049 occupet,
1214 1023 1282 1041 suos
1298 1015 1374 1042 bene
1390 1015 1487 1042 abdat.
1516 1016 1614 1044 Prima
1634 1017 1700 1044 luce
1725 1027 1889 1047 conscensa

1063 1059 1193 1093 specula,
1206 1059 1230 1086 si
1247 1059 1347 1087 hostes
1376 1062 1504 1094 movent,
1523 1069 1580 1096 quo
1606 1062 1730 1090 tendant
1740 1063 1888 1099 dispiciat.

1064 1103 1091 1130 Si
1109 1103 1273 1139 praedatum
1286 1105 1447 1139 procedere
1459 1105 1689 1142 videt,vicosque
1696 1110 1889 1144 perscrutari,

1063 1148 1181 1183 prmdaa,
1198 1149 1342 1184 pecuniae,
1361 1152 1390 1176 et
1407 1150 1430 1176 si
1447 1151 1518 1185 quid
1544 1152 1622 1179 214
1644 1152 1726 1179 aliud
1754 1154 1889 1181 invenire

1062 1193 1187 1228 possint,
1204 1194 1410 1229 comportandi
1433 1202 1534 1228 causa,
1551 1204 1581 1223 se
1604 1197 1765 1232 contineat,
1796 1199 1890 1227 donec

1063 1237 1277 1265 descendentes
1292 1246 1326 1265 ex
1339 1239 1423 1274 equis
1436 1239 1576 1274 jumenta
1591 1249 1606 1268 e
1624 1242 1696 1269 vicis
1712 1244 1888 1278 conquirere

1062 1283 1260 1318 conspexerit.
1274 1284 1345 1310 Tum
1364 1292 1399 1311 ex
1429 1285 1590 1320 equitibus,
1611 1287 1661 1321 qui
1691 1287 1803 1315 circum
1821 1297 1888 1317 eum

1063 1330 1142 1360 sunt,
1156 1327 1345 1364 septuaginta
1373 1328 1418 1356 vel
1444 1330 1606 1366 sexaginta,
1624 1331 1680 1359 hoc
1705 1335 1759 1366 est,
1788 1333 1889 1368 plures

1062 1380 1152 1406 quam
1168 1372 1246 1407 apud
1263 1373 1363 1400 hostes
1380 1382 1445 1401 esse
1475 1377 1592 1403 constat
1607 1376 1786 1411 (necessario
1808 1379 1889 1406 enim

1062 1416 1243 1451 equitumin
1258 1420 1374 1445 caterva
1389 1418 1473 1446 ducis
1501 1413 1645 1447 numerus
1672 1422 1770 1457 major
1798 1431 1887 1457 quam

1062 1461 1299 1489 adversariorum
1313 1470 1377 1490 esse
1394 1462 1566 1499 debet),hos
1578 1465 1683 1500 jubeat
1698 1466 1758 1493 acri
1774 1467 1887 1503 impetu

1062 1506 1271 1534 incitatissimo
1298 1515 1443 1542 equorum
1473 1517 1561 1536 cursu
1591 1509 1691 1537 hostes
1720 1511 1840 1545 adoriri,
1859 1516 1888 1540 et

1062 1551 1241 1586 suffragante
1258 1551 1381 1579 numine
1396 1561 1460 1579 rem
1476 1552 1552 1580 bene
1566 1554 1691 1589 geret.Si
1704 1557 1804 1583 tamen
1812 1557 1887 1584 acci-

1062 1595 1115 1628 dit,
1132 1598 1165 1622 ut
1182 1595 1217 1622 ab
1234 1596 1412 1624 adversariis
1423 1597 1618 1633 repellantur,
1635 1601 1807 1635 oportethis
1819 1610 1887 1629 cum

1063 1639 1299 1668 subsidiantibus
1315 1641 1511 1678 quadraginta
1528 1643 1677 1678 equitibus
1705 1645 1821 1673 obviam
1834 1646 1888 1679 ire,

1065 1685 1266 1720 captivosque,
1284 1685 1396 1720 siquos
1422 1687 1541 1719 feceris,
1573 1688 1618 1715 vel
1647 1689 1815 1717 interﬁcere
1843 1691 1890 1718 vel

1064 1730 1272 1762 amandare,ut
1288 1731 1444 1758 confestim
1460 1731 1624 1767 discedant,
1638 1733 1728 1768 inque
1740 1735 1890 1762 munitum

1064 1774 1162 1801 locum
1180 1775 1418 1804 introducantur.
1436 1777 1498 1803 Dux
1524 1780 1623 1804 autem
1651 1779 1745 1813 perite
1760 1787 1889 1815 pugnam

1065 1819 1278 1847 administrans
1306 1820 1502 1856 hostibusque
1514 1821 1672 1856 obsistens,
1691 1826 1719 1850 et
1742 1824 1831 1852 modo
1859 1833 1890 1852 se

1064 1867 1240 1899 retorquens
1256 1864 1294 1891 ad
1310 1864 1388 1898 illos,
1402 1865 1489 1892 modo
1506 1866 1691 1902 confugiens,
1705 1876 1755 1895 eos
1771 1868 1807 1895 ad
1823 1877 1891 1904 per-

1066 1908 1251 1943 sequendum
1268 1909 1404 1937 lacessat.
1422 1910 1505 1942 Quod
1517 1911 1540 1937 si
1557 1911 1593 1938 ad
1614 1912 1679 1939 loca
1694 1920 1789 1948 usque
1805 1914 1891 1941 insti—

1065 1954 1165 1987 terint,
1179 1954 1230 1981 ubi
1246 1954 1361 1989 pedites
1373 1955 1476 1990 latent,
1495 1965 1587 1991 eaque
1603 1957 1667 1984 loca
1684 1958 1822 1986 nonnulli
1839 1959 1893 1986 ho-

1066 1999 1157 2026 stium
1169 1999 1329 2034 trangressi
1343 2000 1487 2033 sint,tunc
1498 2001 1614 2036 pedites
1626 2010 1660 2029 ex
1672 2002 1792 2031 insidiis
1800 2005 1892 2031 coorti

1066 2043 1243 2071 adversariis
1256 2044 1484 2079 insequentibus
1497 2049 1664 2080 occurrent,
1676 2055 1787 2083 eosque
1798 2049 1892 2084 repri~

1067 2091 1159 2117 ment.
1177 2089 1282 2116 Hostes
1299 2092 1398 2117 autem
1423 2094 1570 2126 quotquot
1585 2095 1672 2119 erunt
1685 2092 1763 2121 ultra
1778 2094 1894 2129 pedites

1066 2134 1204 2169 provecti,
1236 2135 1266 2161 in
1282 2134 1407 2162 insidias
1423 2136 1557 2170 equitum
1580 2137 1747 2166 incidentes
1762 2138 1893 2166 universi

1067 2178 1364 2206 contrucidabuntur.
1378 2179 1444 2207 Loci
1457 2180 1538 2207 enim
1547 2184 1654 2208 natura
1669 2181 1764 2218 adjuti
1778 2183 1894 2218 pedites

1066 2224 1286 2258 introrumpere
1309 2227 1523 2259 persequentes
1535 2233 1595 2252 non
1612 2226 1713 2253 sinent
1730 2235 1736 2254 :
1752 2227 1892 2263 ideoque,

1065 2267 1565 2301 intermissainsectatione,inl‘ecta
1572 2278 1603 2296 re
1610 2269 1767 2298 discedent
1777 2280 1892 2306 omnes,

1066 2312 1184 2340 amissis
1200 2311 1235 2338 de
1251 2312 1313 2339 suis
1329 2315 1475 2348 quotquot
1486 2314 1565 2341 intra
1579 2315 1731 2350 angustias
1742 2316 1806 2351 jam
1823 2321 1895 2345 sunt

179 2358 360 2396 ἐμπεσοῦνται
379 2361 419 2396 τῷ
443 2359 614 2397 ἐγκρύμματι
629 2361 683 2386 τῶν
714 2359 832 2393 ἱππέων,
859 2358 903 2386 καὶ
920 2357 1004 2394 ἄρδην

1064 2356 1269 2387 circumventi.

180 2403 293 2435 ἅπαντες
320 2404 497 2433 ἀπολοῦνται.
526 2405 591 2432 Ὑπὸ
618 2404 668 2441 γὰρ
697 2406 745 2431 τοῦ
773 2404 858 2431 τόπου
889 2403 914 2431 οἱ
942 2404 1019 2438 πεζοί
1052 2401 1237 2441 βοηθούμενοι
1277 2400 1328 2428 οὐκ
1356 2400 1464 2428 ὲάσουσι
1492 2402 1555 2434 τοὺς
1586 2402 1735 2437 διώκοντας
1761 2405 1890 2439 διελθεῖν.

178 2447 254 2476 ἀλλὰ
266 2449 316 2483 τήν
333 2447 424 2484 δίωξιν
450 2448 645 2486 καταλείψουσι
668 2449 714 2476 καὶ
742 2449 876 2486 ἄπρακτοι
905 2449 1003 2480 πάντες
1020 2449 1041 2467 ⁸¹
1067 2446 1276 2483 ὑποστρέφουσι,
1314 2446 1379 2478 τοὺς
1416 2445 1471 2482 ἤδη
1521 2450 1792 2487 προκατασχεθέντας

178 2492 290 2521 οἰκείων
305 2492 500 2526 ἀπολέσαντες.

175 2551 264 2590 ΚΕΦἶ
278 2551 331 2581 ιε’,
350 2552 417 2590 ῌερὶ
443 2551 544 2590 ᾄθρᾴας
572 2551 734 2590 ἐξελεύσεως
761 2554 814 2579 τῶν
845 2550 1006 2588 πολεμίων,

215 2587 270 2650 πρέ
314 2589 364 2615 τοῦ
391 2587 396 2590 ⁷
421 2588 456 2616 τὰ
478 2587 638 2625 ’Ῥωμαϊκὰ
683 2587 898 2626 ἐπισυναχθῆναι
928 2597 1007 2625 στρομ

216 2633 246 2651 τε
266 2633 348 2660 ματα.

214 2685 246 2715 El
273 2684 302 2714 δὲ
330 2690 362 2724 γὲ
376 2688 430 2714 τῶν
446 2685 589 2724 πολεμίων
602 2685 737 2724 ἐξὲλευσις
753 2685 837 2725 ἀθρόα
845 2685 891 2714 καὶ
908 2685 1003 2713 σύντο-

1838 2454 1892 2479 τῶν

1064 2550 1140 2579 215
1156 2550 1222 2578 CAP.
1239 2549 1361 2588 XlI._De
1374 2550 1466 2578 subita
1490 2551 1648 2581 incursione
1668 2553 1799 2588 hostium,
1814 2557 1893 2583 ante-

1206 2594 1292 2621 quam
1307 2586 1436 2614 Bomanaz
1451 2589 1537 2623 copia:
1559 2590 1620 2624 cogi
1630 2590 1748 2624 possint.

1095 2685 1124 2712 Si
1135 2685 1169 2712 ﬁt
1183 2684 1281 2712 subita
1290 2687 1320 2712 et
1333 2684 1409 2712 acris
1424 2685 1556 2714 hostium
1580 2687 1806 2724 incursio,quod
1814 2689 1893 2725 apud

802 2751 834 2779 C.
856 2750 887 2776 Β.
905 2749 998 2776 HASII
1024 2747 1303 2776 ANNOTATIONES.

211 2807 233 2847 ξ’
244 2806 485 2836 ἆποσταλείτωσαν
502 2809 590 2839 codd.
606 2809 629 2827 ⁴⁸
638 2810 761 2847 τραχεῖς.
780 2809 803 2826 ⁴⁹
818 2805 955 2845 βλεπέτω]
970 2805 1005 2845 βλ

1063 2815 1127 2833 ντων
1144 2805 1231 2834 codd.
1248 2813 1364 2834 omnes.
1393 2806 1418 2824 5°
1432 2805 1537 2843 ἳππων]
1553 2805 1658 2834 ἱππέων
1681 2808 1748 2837 cod.
1762 2809 1785 2829 ⁶¹
1812 2810 1892 2839 Fort.

177 2842 297 2875 πάπως.

211 2897 269 2933 (19)
280 2897 344 2926 Sive
357 2898 457 2935 potius
471 2900 580 2936 ταχεῖς.
594 2899 676 2927 Infra
690 2906 809 2935 quoque
825 2898 890 2927 147.
907 2897 940 2925 Α.
956 2895 1007 2924 ἳππ

1074 2893 1179 2924 ταχεῖς.
