4096 6426
350 476 470 536 963

1685 457 2115 522 NICEPHORI
2158 457 2445 521 PHOCE

3664 462 3788 523 964

355 610 494 666 illos
519 625 671 679 smpe
703 622 812 660 usu
835 601 1015 666 venit,
1049 617 1244 673 neque
1274 599 1417 658 dum
1437 597 1731 655 exercitus
1752 596 2003 652 Cmsarei

2127 613 2227 667 μος
2255 591 2501 668 γένηταί,
2561 591 2648 648 οἳα
2704 589 2978 656 πολλάκις
3033 595 3163 667 παρ⁹
3193 591 3371 650 αύτῶν
3420 591 3580 660 εἵωθε
3635 595 3785 672 γίνε-

357 717 545 754 unum
569 699 628 752 in
651 697 848 750 locum
902 691 1089 748 coacti
1123 696 1282 760 sunt,
1313 690 1596 762 solusque
1625 689 1743 743 dux
1788 691 2004 758 praesto

354 794 445 844 est
470 805 482 841 :
506 801 700 856 neque
717 782 818 838 ille
835 788 1079 854 propter
1100 782 1478 852 repentinam
1493 779 1735 835 illorum
1750 777 2008 832 invasio-

353 893 491 932 nem
511 873 858 930 facultatem
893 875 1103 926 nactus
1149 876 1241 925 est
1296 869 1496 941 copias
1535 885 1657 923 sua
1686 866 2008 938 provincia)

353 962 770 1037 congregandi,
803 960 1198 1032 parvulasque
1240 959 1418 1014 habet
1447 964 1623 1028 atque
1657 955 1932 1028 exiguas:
1958 955 2006 1010 si

353 1055 511 1110 videt
531 1055 730 1108 hostes
751 1051 825 1106 ad
857 1049 1119 1122 praedam
1167 1048 1308 1104 ferri
1359 1065 1427 1103 ac
1483 1046 1766 1102 festinare
1816 1061 1829 1100 :
1898 1044 2014 1100 scit

353 1149 574 1208 autem,
608 1141 935 1211 regionem,
970 1154 1086 1209 quo
1120 1138 1410 1209 impetum
1464 1135 1706 1202 faciant,
1740 1131 2008 1188 nondum

355 1231 732 1298 exinanitam,
764 1228 1158 1298 fortunasque
1190 1226 1252 1281 in
1284 1224 1501 1298 Oppida
1533 1224 1731 1279 locave
1778 1222 2011 1277 munita

353 1324 753 1393 comportatas
776 1334 906 1373 esse
933 1333 946 1371 :
975 1321 1210 1388 Oportet
1257 1317 1319 1370 in
1376 1313 1674 1386 ejusmodi
1704 1311 2009 1384 regionem

355 1413 472 1467 sive
497 1408 902 1464 turmarcham
926 1406 1046 1460 sive
1069 1405 1219 1460 alios
1241 1403 1552 1476 praafectos
1575 1417 1789 1474 magna
1806 1399 2012 1454 celeri-

353 1506 472 1556 tate
503 1497 772 1553 adhibita
829 1494 1258 1559 transmittere,
1294 1494 1400 1564 qui
1443 1491 1716 1548 hostibus
1774 1488 2008 1544 obviam

357 1591 612 1658 fiant,et,
639 1591 930 1659 quantum
949 1584 1185 1640 efficere
1208 1584 1459 1656 possint,
1494 1597 1755 1654 paganos
1773 1594 2010 1634 eorum-

358 1698 472 1752 que
505 1695 720 1751 pecora
750 1695 819 1733 ex
852 1676 1006 1750 agris
1034 1677 1291 1731 excitent
1320 1679 1500 1745 atque
1518 1672 1841 1744 expellant.
1867 1672 1938 1724 At
1960 1668 2009 1723 si

357 1771 476 1825 dux
506 1769 684 1835 videt,
717 1768 920 1822 hostes
933 1767 1061 1838 jam
1101 1765 1164 1820 in
1198 1781 1266 1820 eo
1317 1779 1469 1832 esse,
1503 1768 1570 1818 ut
1597 1761 1756 1818 circa
1775 1760 2011 1815 dilucu-

356 1863 481 1916 lum
513 1861 574 1915 in
605 1861 762 1914 vicos
794 1859 1084 1929 impetum
1117 1856 1357 1923 faciant,
1390 1855 1628 1919 debet.a
1659 1859 1822 1926 tergo
1849 1853 2010 1924 ipsos

2124 689 2265 758 σθαι,
2304 688 2473 760 μήπω
2498 690 2608 742 τῶν
2671 686 2972 749 Βασιλικῶν
3034 685 3452 762 στρατευμάτων
3487 687 3786 763 ἐπισωρεύ-

2123 777 2346 844 θέντων,
2405 773 2552 831 ἀλλὰ
2639 776 2808 850 μόνου
2863 780 2961 830 τοῦ
3021 780 3350 850 στρατηγοῦ·
3409 775 3550 850 μηδὲ
3620 777 3787 833 αὐτοῦ

2124 865 2444 937 δυνηθέντος
2506 863 2597 921 διά
2660 866 2722 921 τὸ
2781 865 3050 939 σύντομον
3109 873 3213 936 τῆς
3246 868 3426 924 αὐτῶν
3459 865 3783 938 έξελεύσεως

2120 957 2213 1011 τὸν
2244 955 2429 1030 ὀλίγον
2461 953 2592 1011 λαὸν
2625 957 2672 993 ⁸⁸
2700 959 2798 1010 τοῦ
2846 952 2991 1011 ἲδίου
3052 956 3287 1029 θέματος
3339 956 3778 1032 ἐπισυναγαγεῖν·

2125 1043 2272 1100 ἀλλά
2327 1043 2512 1120 ὀλίγον
2571 1039 2676 1120 ἔχῃ
2763 1043 2856 1100 καὶ
2935 1045 3322 1119 εὐαρίθμητον·
3385 1047 3486 1122 ὁρᾷ
3540 1045 3616 1101 δὲ·
3653 1046 3785 1108 τοὺς

2122 1135 2428 1209 πολεμίους
2514 1136 2652 1212 πρὸς
2728 1133 2876 1191 λείαν
2963 1135 3296 1201 σπεύδοντας
3349 1136 3442 1192 καὶ
3489 1136 3782 1212 ἐπειγομὲ-

2121 1245 2267 1288 νουςο
2299 1223 2504 1301 ἐπιγνῷ
2535 1222 2593 1280 δέ
2620 1226 2721 1294 τήν
2777 1225 2990 1300 χώραν,
3047 1225 3100 1280 ἐν
3157 1225 3193 1300 ᾖ
3243 1227 3343 1295 τὴν
3403 1227 3582 1300 ὁρμὴν
3645 1248 3782 1281 ποι-

2123 1317 2331 1384 οῦνται,
2423 1317 2593 1390 μήπω
2676 1312 3160 1385 ἐκσπηλευθεῖσαν,
3227 1316 3318 1371 καὶ
3401 1316 3477 1379 εἷς
3561 1316 3629 1372 τὰ
3683 1316 3782 1372 κά-

2125 1425 2279 1481 στρα,
2310 1402 2347 1474 ἥ
2380 1404 2462 1468 εἲς
2497 1405 2565 1461 τά
2622 1405 2963 1481 ὀχυρώματα
3018 1403 3466 1482 φυγαδευθεῖσαν·
3516 1406 3628 1480 χρὴ
3678 1413 3782 1476 τῆς

2119 1515 2379 1564 τοιαύτης
2464 1495 2654 1570 χώρας
2739 1491 2846 1548 ε’ίτε
2896 1494 2988 1548 τὸν
3046 1497 3410 1570 τουρμάρχην
3477 1495 3586 1550 εἳτε
3666 1495 3778 1550 ἒτέ-

2124 1604 2250 1660 ρους
2281 1580 2551 1658 ἄρχοντας
2607 1579 2818 1656 σπουδῇ
2884 1581 3074 1655 πολλῇ
3138 1584 3484 1651 ἀποστεῖλαι,
3540 1583 3630 1638 καὶ
3679 1580 3779 1656 ἔμ-

2121 1675 2351 1749 προσθεν
2377 1676 2488 1727 τῶν
2519 1670 2806 1745 πολεμίων
2835 1672 3078 1748 γενέσθαι
3107 1671 3222 1738 καὶ,
3254 1672 3329 1734 ὡς
3387 1674 3502 1726 οἷόν
3557 1693 3616 1727 τε
3647 1670 3772 1742 ὦσι,

2120 1762 2210 1818 καὶ
2239 1760 2367 1823 τοὺς
2397 1765 2505 1816 τῶν
2537 1761 2763 1836 χωρίων
2792 1761 3084 1838 οἰκήτορας
3115 1759 3206 1815 καὶ
3236 1760 3304 1815 τά
3357 1761 3567 1816 τούτων
3599 1763 3776 1832 κτήνη

2123 1849 2453 1926 φυγαδεῦσαι
2483 1851 2574 1904 καὶ
2602 1849 2993 1920 ἐκσπηλεῦσαι.
3051 1852 3295 1927 Ὀρῶντα
3353 1849 3411 1905 δὲ
3465 1850 3559 1907 τὸν
3617 1871 3780 1924 στρα-

358 1951 703 2020 insequens,
735 1945 1241 2018 quemadmodum
1272 1943 1545 2016 superius
1574 1939 2005 1998 demonstravi-

2126 1941 2292 2017 τηγὸν
2321 1939 2448 2002 τοὺς
2479 1936 2903 2013 πολεμίουςῆδη
2940 1938 3247 2011 μέλλοντας
3263 1939 3399 2012 πρὸς
3427 1939 3490 1994 τὸ
3517 1940 3620 2008 τῆς
3639 1938 3782 2011 ἠμέ-

356 2055 509 2103 mus,
545 2036 650 2091 illa
679 2036 808 2106 ipsa
829 2039 1002 2090 nocte
1035 2033 1109 2088 ad
1142 2031 1412 2104 pralium
1447 2033 1798 2101 instructus,
1822 2032 2006 2087 hosti-

354 2127 466 2182 bus
501 2142 563 2182 se
594 2123 946 2180 ostendere:
971 2128 1037 2177 ut
1066 2124 1150 2178 sic
1173 2123 1567 2194 comprimere
1595 2137 1799 2177 eorum
1823 2122 2012 2192 impe-

358 2215 936 2286 tum,regionemque
956 2211 1319 2267 incolumem
1342 2216 1626 2283 praestare
1650 2213 1938 2282 queat.Ac
1962 2210 2010 2263 si

357 2303 572 2359 ﬂuvius
589 2307 680 2358 est
711 2302 773 2357 in
805 2302 1040 2368 itinere,
1074 2317 1252 2372 quem
1275 2300 1582 2356 transituri
1616 2305 1755 2354 sunt
1786 2299 2008 2363 hostes,

355 2393 714 2465 angustiaave
755 2395 857 2446 aut
913 2389 1238 2446 difﬁcultas
1286 2389 1417 2459 vim,
1457 2388 1558 2442 ubi
1617 2387 1814 2458 major
1871 2403 2010 2458 pars

357 2498 558 2538 eorum
582 2481 807 2536 flumen
827 2479 1152 2545 transierit,
1176 2478 1268 2533 vel
1299 2495 1362 2534 se
1404 2478 1467 2532 in
1500 2475 2014 2549 angustiasimpli-

353 2571 561 2638 cuerit,
586 2569 878 2641 quosdam
900 2569 1054 2626 216
1078 2569 1140 2623 in
1163 2567 1444 2622 ultimum
1465 2582 1678 2638 agmen
1700 2566 2007 2620 immittat.

354 2664 676 2732 Ipsumque
707 2659 920 2714 ducem
950 2657 1198 2729 propius
1253 2655 1534 2710 accedere
1589 2655 1828 2726 expedit
1873 2671 2009 2709 cum

354 2749 670 2822 praefectis,
695 2748 867 2803 lectis
898 2746 1020 2801 illis
1051 2744 1296 2815 quidem
1327 2748 1387 2798 et
1435 2742 1637 2814 probis
1671 2743 1841 2813 equis
1863 2741 2008 2796 insi-

351 2838 852 2908 dentibus,'seque
887 2837 949 2890 in
983 2839 1369 2906 conspectum
1401 2832 1541 2887 dare
1566 2833 1918 2898 hostium,et
1937 2829 2011 2885 ad

350 2929 800 2985 dimicationem
823 2925 1108 2983 adversus
1130 2924 1268 2979 illos
1301 2939 1363 2978 se
1382 2919 2010 2994 comparare,perinde

351 3018 522 3090 quasi
537 3018 796 3090 jamjam
831 3020 990 3070 esset
1019 3013 1294 3085 prmlium
1345 3012 1815 3068 commissurus:
1841 3011 2008 3082 equi-

348 3124 525 3163 sones
545 3113 746 3163 autem
803 3110 983 3175 atque
1040 3103 1425 3175 pabulatores
1480 3101 1786 3173 disjungat
1841 3117 1875 3156 a
1922 3117 2007 3168 se,

350 3199 531 3269 inque
561 3198 694 3253 loca
727 3195 958 3251 munita
1014 3194 1104 3249 vel
1158 3195 1220 3248 in
1277 3192 1561 3264 oppidum
1602 3189 1904 3257 amandet,
1959 3191 2010 3246 si

346 3288 497 3343 forte
531 3287 751 3342 subest.
775 3285 878 3339 Sin
904 3285 1129 3339 flumen
1160 3299 1281 3338 non
1315 3287 1406 3338 est
1436 3281 1499 3336 in
1531 3282 1767 3343 itinere.
1802 3297 1999 3352 neque

349 3376 672 3432 difficultas
741 3375 991 3440 viarum,
1061 3373 1457 3428 nihilominus
1505 3375 1742 3442 oportet
1779 3369 2000 3426 audere

351 3464 817 3536 aliquantulum,
849 3463 1325 3532 comminarique
1357 3462 1670 3532 impetum,
1703 3459 1894 3515 donec
1931 3459 2004 3514 ab

347 3557 441 3611 his
472 3561 644 3611 nocte
670 3555 762 3610 vel
820 3555 1186 3610 insectetur:
1220 3557 1287 3607 ut
1343 3551 1546 3605 hostes
1570 3549 1671 3604 ubi
1720 3549 2005 3620 praaclare

345 3646 775 3701 intellexerunt
803 3643 1014 3698 ducem
1073 3639 1381 3710 subsequi,
1439 3638 1603 3709 pleni
1661 3637 2003 3694 formidinis

345 3752 540 3806 neque
567 3735 802 3807 longius
823 3733 1325 3805 progredi,neque
1341 3731 1400 3784 in
1423 3729 1582 3784 vicos
1599 3730 2004 3785 incursionem

346 3826 542 3880 facere
563 3823 842 3878 audeant.
875 3822 940 3876 ld
974 3822 1024 3875 si
1083 3819 1321 3885 accidit,
1362 3819 1435 3874 ab
1465 3819 1807 3873 imminenti
1840 3821 2006 3874 inva-

347 3915 515 3969 sione
544 3913 724 3977 vicos,
757 3927 792 3964 a
851 3910 1130 3964 servitute
1183 3925 1321 3963 suos
1379 3906 1704 3962 vindicabit
1749 3907 1888 3972 dux,
1949 3912 2008 3962 et

351 4002 642 4058 liberavit.
703 3999 1177 4054 Ostentationem
1204 4002 1406 4052 autem
1439 4002 1498 4051 et
1542 3997 2001 4067 impressionem

354 4107 491 4147 cum
518 4087 828 4162 diligentia
857 4093 1034 4158 atque
1056 4085 1867 4158 providentiamagnafaciat,
1899 4101 2006 4156 per

348 4197 572 4254 paucos
602 4184 662 4234 et
690 4178 899 4245 lectos,
930 4183 998 4232 ut
1017 4177 1352 4243 docuimus,
1387 4175 1640 4246 equites,
1675 4174 1776 4246 qui
1825 4175 2004 4230 celeri

342 4271 484 4338 fuga
513 4269 585 4325 ad
617 4268 830 4324 ducem
886 4267 1205 4336 locumque
1258 4266 1558 4321 munitum
1610 4269 2002 4334 revertantur,

345 4377 540 4431 neque
571 4361 756 4416 effuse
780 4362 838 4414 et
857 4357 994 4430 plus
1014 4372 1195 4429 quam
1213 4356 1426 4411 attinet
1456 4355 1518 4409 in
1544 4355 1780 4410 hostem
1798 4361 1994 4410 ruant.

342 4453 486 4506 Nam
521 4449 693 4521 copia
721 4465 828 4520 pro
861 4449 1130 4514 ipsorum
1152 4445 1372 4501 viribus
1403 4445 1586 4500 nimis
1631 4461 1848 4517 magna
1907 4445 2002 4501 in-

342 4538 805 4603 cumbente,cito
831 4536 1082 4593 fortasse
1105 4535 1342 4590 hostilis
1366 4550 1580 4590 manus
1611 4534 1812 4607 prmda
1827 4535 1995 4591 fient:

344 4628 523 4698 idque
547 4627 828 4694 maxime,
861 4627 909 4681 si
941 4623 1160 4681 accidit
1177 4629 1246 4679 ut
1269 4624 1348 4678 sit
1381 4623 1526 4679 luna
1547 4640 1795 4695 pernox.
1829 4626 1903 4679 At
1950 4625 1999 4680 si

2130 2052 2223 2107 ρας
2254 2028 2567 2102 διάφαυσμα
2593 2034 2712 2085 τοῖς
2745 2030 2895 2102 [139]
2926 2027 3160 2103 χωρίοις
3223 2027 3524 2096 ἐπιθέσθαι,
3559 2029 3778 2091 ὄπισθεν

2119 2119 2313 2174 αὐτοὺς
2348 2117 2845 2183 ἐπακολουθοῦντα,
2905 2117 3087 2180 καθὼς
3134 2114 3392 2191 ἀνωτέρω
3449 2115 3775 2189 εἰρήκαμεν,

2117 2215 2185 2284 τῇ
2219 2211 2354 2284 αὐτῇ
2381 2209 2532 2264 νυκτῖ
2567 2205 2649 2262 δεῖ
2676 2206 3076 2286 ἐμφανισθῆναι
3126 2211 3244 2268 τοῖς
3293 2204 3608 2279 πολεμίοις,
3640 2205 3778 2276 πρὸς

2117 2300 2365 2373 πόλεμον
2399 2297 2559 2364 δῆθεν
2591 2297 3164 2374 παρασκευαζόμενον.
3218 2298 3311 2355 Ἴν’
3363 2298 3437 2360 ὡς
3471 2297 3532 2353 ἐκ
3576 2297 3777 2352 τούτου

2119 2386 2321 2462 δυνηθῇ
2393 2388 2492 2457 τήν
2553 2387 2733 2461 ὁρμὴν
2787 2384 2964 2440 αὐτῶν
3024 2386 3358 2453 ἀναστεῖλαι,
3421 2383 3510 2438 καὶ
3557 2375 3777 2448 ἀϐλαϐῆ

2116 2480 2214 2547 τὴν
2247 2481 2434 2554 χώραν
2469 2474 2817 2550 διατηρῆσαι.
2852 2474 2958 2531 Καὶ
2991 2474 3036 2529 εί
3099 2475 3194 2547 μὶν
3255 2472 3504 2546 ποταμός
3543 2472 3687 2527 ἐστιν
3719 2470 3772 2526 έν

2114 2570 2184 2640 τῇ
2217 2563 2330 2637 ὁδῷ
2361 2562 2714 2640 δυσπέρατος,
2746 2563 2836 2618 καὶ
2872 2561 3139 2635 μέλλουσι
3191 2566 3385 2617 τοῦτον
3427 2559 3686 2631 διαπερᾷν
3719 2561 3773 2615 oi

2115 2654 2400 2727 πολέμιοι,
2434 2655 2468 2724 ἦ
2503 2653 2757 2728 στέρωμα
2786 2654 2821 2722 ἢ
2847 2649 3130 2726 δυσχωρία
3187 2650 3238 2705 ἐν
3291 2655 3360 2726 τῇ
3420 2648 3552 2723 ὁδῷ,
3612 2649 3777 2719 ἡνίκα

2113 2746 2208 2800 τὸν
2240 2745 2489 2817 ποταμὸν
2509 2743 2563 2798 οἱ
2587 2742 2816 2804 πλείους
2849 2739 3264 2816 διαπεράσωσιν,
3323 2742 3359 2810 ἣ
3415 2739 3493 2802 είς
3530 2740 3594 2795 τὸ
3656 2741 3774 2794 στέ-

2114 2855 2274 2907 νωμα
2305 2835 2660 2909 χωρηθῶσιν,
2715 2831 2793 2894 εἲς
2849 2831 2940 2886 τὸν
2975 2826 3193 2894 ὄπισθεν
3229 2829 3361 2886 λαὸν
3396 2831 3576 2886 αὐτῶν
3627 2829 3763 2884 ἀπο-

2116 2927 2347 2985 στεῖλαι.
2392 2927 2497 2983 Καὶ
2557 2924 2716 2980 αὐτὸν
2773 2923 2979 2980 ἐκεῖνον
3033 2923 3126 2979 τὸν
3179 2925 3482 3000 στρατηγὸν
3538 2943 3778 2998 παραγεο

2115 3018 2295 3071 νέσθαι
2332 3015 2466 3089 μετά
2489 3012 2756 3070 ἐκλεκτῶν
2791 3012 3072 3089 ἀρχόντων
3127 3012 3218 3067 καὶ
3276 3011 3780 3087 καλοῖππαράτων,

2114 3107 2206 3162 καὶ
2237 3106 2632 3184 ἐμφανισθῆναι
2665 3109 2783 3166 τοῖς
2814 3102 3132 3176 πολεμίοις,
3164 3103 3254 3158 καὶ
3286 3102 3423 3177 πρὸς
3459 3104 3646 3177 μάχην
3672 3099 3775 3170 8'7,-

2117 3208 2202 3260 θεν
2230 3197 2346 3251 κατ’
2374 3196 2553 3250 αὐτῶν
2586 3194 3118 3270 παρασκευασθῆναι,
3149 3196 3246 3247 τοῦ
3305 3186 3608 3265 συμϐαλεῖν
3667 3191 3774 3246 πό·-

2115 3284 2308 3359 λεμον·
2337 3283 2464 3346 τοὺς
2515 3283 2969 3358 παριππαράτους
3024 3279 3114 3336 καὶ
3173 3281 3620 3355 ένταγιστράτους
3659 3282 3774 3352 (20)

2116 3373 2469 3450 διαχωρίζων
2557 3372 2607 3446 ἐξ
2668 3371 2857 3438 αὐτοῦ,
2941 3372 3031 3425 καὶ
3089 3369 3170 3432 εἷς
3245 3371 3608 3445 ὀχυρώματα,
3667 3370 3776 3424 εἳτε

2107 3463 2339 3535 κάστρον
2373 3460 2755 3532 ἀποστέλλων,
2789 3459 2835 3515 εί
2864 3459 3010 3535 τύχῃ
3043 3457 3302 3530 πλησίον,
3340 3457 3405 3514 Ei
3436 3455 3493 3513 δὲ
3522 3459 3774 3531 ποταμὸς

2109 3553 2209 3609 οὐκ
2264 3550 2407 3609 ἔστιν
2468 3549 2594 3607 ούδέ
2641 3548 2926 3625 δυσχωρία
2998 3549 3052 3604 ἐν
3101 3552 3170 3622 τῇ
3203 3546 3338 3620 ὀδῷ,
3387 3549 3478 3603 καὶ
3513 3548 3776 3604 ὡσαύτως

2109 3640 2192 3698 δεῖ
2249 3641 2443 3716 μικρόν
2492 3663 2545 3696 τι
2602 3635 3156 3714 παραϐουλεύσασθαι
3212 3637 3304 3692 καὶ
3385 3637 3521 3713 πρὸς
3582 3638 3770 3709 μάχην

2108 3732 2376 3806 ὁρμῆσαι,
2407 3727 2513 3792 ἕως
2543 3727 2606 3784 οὗ
2661 3728 2751 3783 καὶ
2812 3725 3126 3802 ἐπιδιωχθῇ
3174 3727 3222 3762 ⁵³
3275 3726 3402 3800 παρ’
3457 3725 3634 3781 αὐτῶν
3701 3729 3773 3799 τῇ

2108 3821 2283 3875 νυκτί·
2327 3817 2421 3874 ’ίνα
2483 3817 2930 3894 διαγινώσκοντες
2989 3821 3173 3892 σαφῶς
3231 3816 3284 3870 οἱ
3341 3814 3609 3888 πολέμιοι
3671 3817 3766 3870 τὸν

2109 3910 2412 3983 στρατηγὸν
2443 3908 2946 3978 ἐπακολουθοῦντα,
2980 3904 3314 3975 συσταλῶσι,
3365 3905 3457 3961 καὶ
3496 3903 3774 3979 μηδαμῶς

2108 3995 2356 4067 ἐξελάσαι
2413 3995 2762 4070 τολμήσωσι,
2817 3995 2908 4051 καὶ
2985 3996 3085 4064 τὴν
3147 3994 3384 4050 ἐπίθεσιν
3466 3997 3604 4051 κατά
3657 4001 3768 4050 τῶν

2110 4087 2335 4161 χωρίων
2390 4088 2753 4157 ποιήσωνται.
2843 4086 2939 4140 Καὶ
2997 4084 3195 4140 τούτου
3276 4086 3601 4160 γενομένου,
3669 4092 3774 4154 τῆς

2111 4175 2426 4250 μελλούσης
2459 4177 2703 4252 γενέσθαι
2733 4173 3045 4250 ἐπιδρομῆς
3104 4173 3156 4228 ἐν
3216 4179 3334 4229 τοῖς
3383 4174 3623 4250 χωρίοις
3680 4175 3775 4229 καὶ

2107 4265 2496 4342 αἰχμαλωσίας
2528 4265 2743 4342 ῥύσεται
2774 4264 2994 4338 αὐτοὺς,
3037 4264 3127 4320 καὶ
3185 4263 3560 4340 ἐλευθερώσει.
3623 4263 3776 4320 Μετά

2106 4353 2329 4424 πολλῆς
2390 4353 2448 4411 δὲ
2504 4350 2782 4430 ἀκριϐείας
2840 4354 2928 4411 καὶ
2990 4352 3322 4428 διασκέψεως
3379 4353 3608 4409 ποιείτω
3665 4355 3767 4430 τήν

2107 4442 2326 4516 ἔνδειξιν
2357 4445 2448 4500 καὶ
2477 4446 2595 4500 κατ’
2644 4445 2823 4500 αὐτῶν
2879 4439 3226 4518 προσϐολὴν,
3282 4440 3353 4497 δι’
3410 4441 3614 4517 ὀλίγων
3677 4426 3772 4496 καὶ

2105 4535 2399 4603 ἐκλεκτῶν,
2432 4535 2507 4597 ὡς
2539 4529 2772 4612 ἔφημεν,
2807 4532 3042 4599 ἱππέων,
3099 4532 3192 4588 καὶ
3252 4531 3455 4600 εὐθέως
3504 4533 3773 4605 ὑποστρε-

2106 4625 2384 4699 φέσθωσαν
2435 4623 2726 4702 φεύγοντες
2781 4622 2920 4699 πρὸς
2999 4622 3090 4677 τὸν
3151 4622 3454 4696 στρατηγὸν
3540 4620 3629 4676 καὶ
3706 4621 3770 4674 τὸ

342 4733 461 4771 nox
485 4715 691 4770 illunis
714 4719 805 4769 est
824 4719 883 4768 et
901 4713 1175 4776 obscura.
1191 4713 1322 4767 sine
1344 4712 1467 4768 ullo
1492 4712 1871 4768 incommodo
1886 4731 1991 4769 suo

2115 4711 2405 4790 Ξχύρωμα,
2437 4714 2526 4768 καὶ
2565 4715 2641 4786 μὴ
2676 4711 2926 4786 ἀμέτρως
2966 4712 3057 4766 καὶ
3096 4709 3244 4786 παρά
3301 4711 3363 4766 τὸ
3423 4706 3543 4765 δέον
3597 4708 3772 4787 ἐφορ-

342 4821 472 4860 rem
503 4803 835 4876 perficient,
894 4819 1044 4873 eque
1073 4801 1304 4857 duabus
1352 4801 1530 4856 rebus
1561 4794 1810 4858 alteram
1837 4809 1996 4860 certe

342 4892 743 4947 obtinebunt:
776 4896 878 4946 aut
897 4892 1058 4946 enim
1110 4889 1473 4954 efficient,ut
1501 4891 1702 4946 hostes
1751 4892 1996 4947 omnino

343 4981 678 5054 praedatum
702 4997 821 5036 non
855 4981 1001 5036 217
1040 4985 1272 5044 exeant,
1306 4984 1429 5047 aut,
1473 4979 1518 5034 si
1545 4979 1603 5035 id
1661 4979 1900 5048 faciant,
1934 4987 2002 5036 ut

344 5076 502 5128 certe
526 5076 663 5126 ante
687 5069 896 5126 albens
925 5069 1164 5140 penitus
1184 5067 1397 5123 caelum
1417 5084 1538 5123 non
1562 5074 1761 5125 autem
1777 5069 1999 5142 egredi,

342 5167 604 5234 tuncque
636 5161 808 5232 pauci
840 5157 1428 5228 duntaxat.Plerique
1463 5157 1648 5226 enim,
1685 5158 1855 5214 ducis
1884 5159 1999 5212 im-

2110 4803 2368 4875 μάτωσαν
2424 4803 2562 4857 κατά
2610 4805 2720 4856 τῶν
2779 4800 3016 4876 ἐχθρῶν.
3077 4803 3224 4854 Λαοῦ
3280 4800 3385 4874 γάρ
3439 4796 3577 4862 ’ίσως
3625 4798 3774 4873 παρά

2106 4893 2208 4962 τήν
2243 4893 2423 4947 αὐτῶν
2453 4889 2682 4964 δύναμιν
2714 4890 2900 4952 αὐτοῖς
2955 4889 3455 4968 ἐπιφορτισθέντος,
3497 4886 3773 4961 πολεμίας

2107 4984 2300 5061 χειρὸς
2334 4990 2528 5048 θᾶττον
2555 4987 2876 5059 γενήσονται
2906 4982 3307 5058 παρανάλωμα·
3361 4982 3454 5038 καὶ
3506 4981 3768 5055 μάλιστα,

2111 5070 2158 5126 εἰ
2188 5070 2335 5146 τύχῃ
2369 5069 2706 5142 πανσέληνον
2740 5070 2875 5126 εἶναι
2925 5072 3024 5140 τήν
3081 5067 3264 5125 νύκτα.
3299 5067 3368 5127 Ei
3426 5067 3484 5124 δὲ
3522 5070 3768 5148 ἀφεγγής

2113 5158 2223 5216 ἐστι
2276 5160 2368 5215 καὶ
2424 5158 2702 5236 ζοφώδης,
2759 5155 3024 5222 ἀϐλαϐῶς
3081 5160 3182 5230 τὴν
3250 5159 3510 5230 τοιαύτην
3569 5159 3764 5236 πρᾶξιν

1598 5356 1658 5408 C.
1692 5354 1755 5410 Β.
1801 5355 1992 5413 HASII
2019 5359 2582 5420 ANNOTATIONES.

410 5548 460 5632 ξ’
498 5546 591 5632 τρν
629 5541 820 5632 ἀλίγον
849 5541 1001 5632 λαύν.
1036 5545 1308 5632 Fortasse
1329 5541 2005 5632 induc‘endauvox‘ﬁltyp‘

2115 5551 2614 5632 uas-exsubjecta
2650 5550 2811 5608 linea
2871 5551 2933 5609 in
2989 5551 3148 5612 hanc
3187 5565 3496 5624 emergere
3554 5548 3771 5622 potuit.

341 5619 390 5654 ⁵³
424 5614 748 5692 ἐπιδωχθῇῘ
768 5619 1041 5674 Insectare
1068 5623 1136 5673 ut
1165 5617 1427 5673 activum
1453 5614 1748 5686 adhibuit,
1783 5614 1975 5676 Plauti
2005 5614 2720 5680 auctoritatem-secutus.

438 5791 550 5862 (20)
578 5791 660 5846 De
688 5783 1132 5862 παριππαράτοις
1161 5786 1282 5844 dixi
1307 5787 1436 5845 266.
1467 5787 1530 5846 C.
1574 5787 1788 5846 Vocem
1825 5787 2005 5866 ἐνταγι

2115 5790 2236 5848 άτοι
2264 5795 2509 5868 exponit
2531 5794 2871 5868 Ducangius
2899 5793 3089 5852 Gloss.
3125 5793 3196 5852 ll.
3232 5793 3390 5848 1523.
3421 5791 3487 5848 Β.
