4096 6432
290 521 415 583 965

1607 514 2034 576 VELITATIO
2076 515 2180 575 ΒΕ
2192 514 2416 576 LLICA

3607 518 3727 578 966

293 653 639 730 ἒργάσονται,
692 649 784 707 καὶ
852 647 1002 706 δυοῖν
1063 651 1286 725 θάτερον
1341 647 1542 711 πάντος
1601 653 1813 725 φανεῖεν
1863 669 1957 704 κα-

2085 653 2278 721 petum
2310 648 2500 720 veriti,
2532 665 2567 704 a
2596 649 2780 723 signis
2811 651 3064 706 Amariaa
3094 668 3215 707 non
3246 651 3572 708 discedent.
3615 655 3724 718 Ita,

205 775 208 777 λ
291 743 673 819 τωρθωκότες·
734 740 772 811 ἢ
835 737 1100 814 μηδόλως
1157 736 1405 811 ἐξελάσαι
1461 738 1600 814 πρὸς
1655 737 1804 794 λείαν
1831 737 1964 800 τοὺς

295 832 603 906 πολεμίους
663 829 1190 908 παρασκευάσαντες,
1256 831 1309 901 ἢ,
1371 828 1520 902 εἷ’περ
1579 827 1668 883 καὶ
1701 826 1848 890 ὅλως
1874 825 1965 882 έκ-

2075 739 2123 794 si
2155 739 2240 794 sic
2271 755 2332 794 se
2363 739 2615 812 gesserit
2643 739 2780 811 dux,
2815 741 3028 812 pagani
3061 741 3123 796 in
3153 741 3284 797 loca
3313 743 3544 799 monita
3574 749 3633 798 et
3663 743 3724 798 in

2075 828 2294 900 Oppida
2319 828 2504 900 elapsi
2535 828 2868 885 incolumes
2898 831 3306 886 servabuntur.

297 923 602 1000 δράμῶσιν,
650 922 784 997 ἄχρι
823 924 924 975 τοῦ
968 919 1195 996 αὐγάσαι
1254 920 1352 989 τὴν
1413 917 1624 995 ἡμέραν
1690 938 1893 993 τεγεως
1969 913 2227 989 ουδαμως
2304 915 2547 990 ἐξελασαι
2623 915 3040 990 καττολμήσοσι
3118 921 3201 993 [Ρ.
3265 921 3412 994 140],
3478 921 3568 975 καὶ
3598 920 3723 977 τότε

305 1014 482 1090 ὀλίγοι
511 1011 678 1074 τινές.
721 1011 785 1065 οἱ
850 1011 952 1085 γάρ
1019 1007 1244 1071 πλείους
1311 1008 1402 1063 τὸν
1471 1007 1618 1082 παρὰ
1679 1011 1777 1062 τοῦ
1843 1010 2150 1081 στρατηγοῦ
2183 1005 2430 1079 πόλεμον
2464 1005 2810 1083 ὑφορώμενοι
2840 1013 2941 1076 τῆς
2971 1012 3069 1062 τοῦ
3095 1009 3322 1083 ’Δμηρᾶ
3371 1011 3720 1086 παρατάξεως

310 1102 407 1159 ούκ
457 1101 878 1172 ἀποστήσονται.
950 1097 1050 1154 Καὶ
1117 1097 1290 1160 οὕτως
1357 1102 1648 1163 ποιοῦντος
1708 1093 1806 1152 τοῦ
1872 1098 2202 1170 στρατηγοῦ,
2244 1093 2542 1172 ἐκφύγωσιν
2596 1095 2648 1149 o't
2693 1099 2804 1149 τῶν
2835 1095 3059 1170 χωρίων
3115 1095 3404 1174 οἷκήτορες
3467 1097 3543 1160 εἴς
3575 1119 3631 1153 τε
3659 1099 3726 1154 τά

302 1191 642 1267 ὀχυρώματα
672 1187 763 1244 καὶ
792 1189 862 1244 τὰ
889 1190 1114 1264 κάπρα,
1140 1189 1232 1242 καί
1261 1182 1526 1251 ἀϐλαϐεῖς
1556 1183 1986 1263 διατηρηθῶσιν.

297 1319 462 1375 ΚΕΦ.
506 1316 604 1372 ll".
641 1314 770 1390 Περὶ
816 1317 920 1390 τοῦ
967 1310 1278 1390 ἐνεδρεῦσαι
1320 1311 1608 1390 κατάΑτῶν
1643 1309 1955 1385 λεγομένων

591 1383 1035 1462 μινσουρατόρων
1084 1383 1135 1440 ἓν
1187 1389 1307 1447 τοῖς
1340 1383 1669 1455 ἀπλήκτοις.

366 1497 486 1551 Τῶν
548 1489 608 1548 δὶ
665 1490 948 1565 πολεμίων
1011 1494 1368 1566 φωσσατικῶς
1425 1490 1522 1552 τὰς
1571 1490 1760 1566 χώρας
1797 1489 1958 1561 ἡμῶν

296 1581 598 1658 δῃούντων,
629 1582 716 1636 καὶ
755 1585 965 1656 κοῦρσα
1011 1579 1292 1657 πορῥωθεν
1347 1580 1424 1653 μὴ
1479 1576 1955 1644 ἀποστελλόντων,

296 1672 422 1728 ἀλλ’
482 1669 708 1736 ἑαυτοὺς
764 1669 1239 1746 ἂσφαλιζομένων,
1300 1665 1590 1724 σπουδάσει
1649 1665 1721 1722 δι’
1776 1667 1957 1742 ἑτέρας

301 1767 564 1837 μηχανῆς
615 1759 979 1837 τραυματίσαι
1037 1757 1251 1821 αὐτούς.
1312 1764 1687 1828 Διασκοπῆσαι
1738 1755 1797 1812 δὲ
1842 1757 1956 1832 χρὴ

297 1851 390 1906 καὶ
445 1850 841 1926 στοχάσασθαι,
897 1848 987 1926 ἀφ’
1046 1847 1108 1903 οὗ
1159 1849 1331 1903 τόπου
1384 1847 1448 1903 τὸ
1503 1851 1612 1902 τῶν
1670 1845 1956 1920 πολεμίων

2067 1311 2202 1366 CAP.
2232 1310 2349 1366 XII.
2381 1311 2453 1366 De
2483 1310 2728 1387 insidiis,
2760 1327 2881 1382 quae
2912 1318 3103 1369 contra
3134 1323 3561 1387 mensuratores,
3595 1333 3730 1387 quos

2352 1399 2628 1450 vocamus,
2663 1386 2722 1438 in
2772 1390 3082 1440 castrorum
3127 1385 3258 1442 locis
3285 1391 3444 1458 ﬁant-

2144 1489 2356 1544 Hostes
2389 1489 2438 1544 si
2470 1489 2682 1545 castris
2712 1491 2884 1546 factis
2911 1492 3244 1563 provincias
3284 1500 3520 1551 nostras
3554 1514 3732 1568 popu-

2067 1577 2290 1648 lantur,
2319 1595 2515 1651 neque
2569 1579 2802 1653 longius
2859 1583 3223 1653 praedatores
3266 1584 3594 1654 dimittunt,
3629 1588 3732 1642 sed

2069 1684 2199 1723 sese
2230 1668 2598 1737 custodiunt,
2633 1687 2879 1742 operam
2911 1671 3097 1739 dabit,
3131 1679 3196 1729 ut
3229 1673 3346 1730 alio
3391 1683 3729 1732 commento

2070 1773 2171 1812 eos
2201 1757 2355 1812 male
2380 1757 2614 1814 habeat.
2639 1759 2939 1831 Dispicere
2963 1767 3198 1833 oportet
3225 1769 3404 1834 atque
3434 1766 3734 1837 conjectu-

2069 1862 2463 1918 ram,capere,
2498 1852 2622 1902 tum
2652 1865 2772 1918 qua
2799 1865 2868 1904 ex
2900 1855 3068 1920 parte
3091 1852 3351 1908 hostium
3375 1860 3568 1909 castra
3589 1856 3730 1925 sint,

302 1939 536 2016 ὑπάρχει
587 1938 894 2010 ἄπληκτον,
947 1937 1038 1993 καὶ
1073 1937 1124 1993 έν
1185 1936 1330 2010 ποίῳ
1384 1940 1453 2012 τῇ
1509 1936 1734 2011 ἐπιούσῃ
1767 1932 1964 2009 μέλλει

2085 1952 2196 1990 .um
2218 1935 2318 1989 ubi
2350 1935 2636 2007 postridie
2667 1937 2796 2008 ejus
2818 1937 2935 1993 diei
2962 1939 3083 1994 sint
3109 1942 3410 1996 metaturi.
3435 1944 3541 2007 Qui
3566 1943 3732 1998 locus

303 2028 658 2100 ἀπληκεύειν.
719 2027 822 2084 Καὶ
883 2025 930 2081 εί
1001 2025 1338 2100 μακρότατόν
1399 2025 1508 2081 ἐστι
1560 2027 1623 2080 τὸ
1691 2023 1968 2098 διάστημα

301 2123 398 2175 τοῦ
456 2118 771 2189 ἀπλήκτου,
829 2115 956 2172 ὡσεὶ
1018 2115 1219 2190 μιλίων
1269 2111 1324 2187 ἕξ
1379 2116 1450 2183 ⁵⁴,
1515 2116 1606 2170 καὶ
1667 2110 1817 2184 δέκα,
1875 2113 1965 2168 καὶ

302 2207 569 2277 ὖπέκεινα,
621 2204 762 2260 ὥστε
798 2205 863 2260 τὸ
917 2211 1019 2274 τῆς
1078 2202 1209 2259 ὀδοῦ
1267 2210 1446 2276 μῆκος
1503 2200 1756 2258 δύνασθαι
1804 2224 1967 2258 κατα-

302 2297 509 2353 κόπους
540 2294 740 2358 αύτοὺς
795 2315 856 2349 τε
910 2293 1000 2348 καὶ
1055 2293 1184 2356 τοὺς
1231 2293 1442 2355 ἳππους
1498 2293 1679 2348 αὐτῶν
1736 2292 1966 2368 ἐργάσα-

304 2400 444 2452 dear
478 2385 720 2456 πλησίον
747 2388 844 2439 τοῦ
889 2384 1085 2454 τόπου,
1147 2383 1200 2438 έν
1248 2383 1294 2456 ᾦ
1356 2382 1623 2452 μέλλουσι
1654 2381 1967 2452 καταλύειν,

306 2474 701 2546 διασκοπήσας,
731 2474 822 2528 καὶ
874 2473 1044 2547 εὑρὼν
1096 2471 1271 2548 λόχον
1317 2469 1650 2542 ἐπιτήδειον,
1685 2471 1968 2547 μαχίμους

302 2565 394 2622 καὶ
452 2562 747 2626 ἐκλεκτοὺς
804 2560 1003 2637 ἄνδρας
1061 2562 1297 2624 ἱππότας
1356 2563 1727 2638 τριακοσίους,
1781 2561 1816 2632 ἢ
1876 2562 1964 2616 καὶ

307 2653 513 2710 τούτων
541 2649 790 2722 ἔλαττον,
844 2650 1274 2724 ἀπολεξάμενος,
1325 2649 1378 2706 έν
1429 2651 1579 2724 αύτῷ
1609 2649 1966 2724 ἀποκρύψεις.

314 2743 679 2812 Καταστήσεις
747 2739 805 2797 δὲ
874 2741 964 2796 καὶ
1046 2741 1231 2817 έσέραν
1309 2737 1524 2814 ἐνέδραν
1585 2739 1719 2814 μετά
1771 2739 1968 2802 παντὸς

313 2834 412 2885 τοῦ
471 2829 606 2885 λαοῦ
668 2851 760 2885 σου
810 2829 862 2885 ἐν
916 2827 1212 2902 ἐπιτηδείῳ
1269 2830 1444 2902 τόπῳ,
1493 2825 1678 2904 ἔχοντι
1709 2829 1799 2884 καὶ
1832 2827 1973 2904 ὀχύ-

311 2940 476 2996 ρωμα
531 2919 607 2984 είς
688 2919 985 2994 ἀσφάλειαν
1064 2917 1248 2976 αὐτοῦ.
1335 2917 1400 2976 Εἰ
1459 2916 1518 2973 δὲ
1593 2918 1682 2973 καὶ
1738 2918 1967 2994 κάστρον

309 3009 551 3082 πλησίον
607 3008 777 3086 τύχῃ,
835 3008 947 3064 ἐστὶ
1004 3010 1092 3064 καὶ
1154 3007 1284 3064 αὐτὸ
1343 3007 1418 3070 είς
1456 3003 1840 3083 περισσοτέραν
1874 3029 1969 3062 σου

306 3098 583 3174 σωτηρίαν
628 3098 720 3153 καὶ
779 3097 1068 3173 ὠφέλειαν.
1126 3098 1222 3152 Καὶ
1287 3096 1337 3152 εἲ
1392 3096 1552 3173 χρεία
1606 3097 1830 3172 γένηται
1860 3102 1967 3152 τῶν

304 3193 506 3261 πεζῶν,
569 3187 928 3261 ὲξελθέτωσαν
986 3187 1076 3243 καὶ
1146 3187 1296 3242 αὐτοὶ
1359 3190 1462 3241 τοῦ
1519 3187 1775 3260 κάστρου,
1835 3209 1972 3260 συμ-

307 3282 617 3356 μαχοῦντες
643 3279 734 3332 καὶ
793 3273 1216 3348 έπιϐοηθοῦντές
1278 3297 1385 3334 σοι,
1437 3278 1506 3334 Οἱ
1538 3275 1595 3331 δὲ
1624 3277 1967 3353 προτρέχον-

300 3389 387 3430 τες
441 3372 541 3422 τοῦ
599 3365 738 3422 λαοῦ
795 3371 902 3422 τῶν
959 3366 1243 3440 πολεμίων
1303 3362 1634 3422 καταλαϐεῖν
1674 3367 1766 3422 τὸν
1797 3363 1964 3422 τόπον

303 3457 440 3532 πρὸς
470 3455 536 3509 τὸ
569 3454 879 3527 εὐτρεπίσαι
939 3454 1006 3509 τὰ
1059 3454 1262 3509 ἑαυτῶν
1321 3451 1598 3525 ἅπληκτα,
1646 3454 1722 3516 ώς
1767 3453 1968 3523 εῗώθει,

308 3545 400 3610 οῦς
463 3543 908 3619 μινσουμάτορας
966 3543 1194 3608 εἴθισται
1252 3543 1554 3616 Ῥωμαίοις
1613 3542 1826 3616 καλεῖν,
1886 3555 1977 3608 καὶ

315 3632 744 3708 ἀσχολουμένων
792 3632 843 3688 έν
905 3633 1114 3705 αὐτοῖς,
1176 3631 1537 3706 ἐξελθέτωσαν
1565 3634 1685 3688 κατ’
1717 3631 1891 3688 αὐτῶν
1925 3628 1976 3687 οἱ

319 3723 469 3798 παρὰ
513 3727 604 3778 σοῦ
637 3721 690 3777 ἐν
720 3727 802 3794 τῷ
858 3722 1063 3798 πρώτῳ
1119 3721 1270 3798 λόγῳ
1300 3721 1533 3792 πλησίον
1561 3719 1658 3776 τοῦ
1689 3721 1977 3792 ἀπλήκτου

323 3810 779 3883 προκαταστάντες
840 3809 1004 3882 ὀξέως
1058 3809 1151 3865 σὺν
1211 3807 1402 3882 ἐλασίᾳ
1452 3807 1666 3885 πολλῇ,
1707 3811 1976 3866 τοῦτού-

317 3921 442 3963 τους
474 3899 704 3976 βοηθείᾳ
734 3904 869 3956 Θεοῦ
921 3899 1307 3975 χειρώσονται.
1363 3899 1467 3956 Καὶ
1499 3897 1553 3954 εἷ’
1576 3921 1640 3975 γε
1667 3899 1894 3963 τούτους
1926 3903 1978 3956 οἱ

319 3989 512 4065 ἐχθροὶ
543 3988 970 4061 καταδιώξουσιν
998 3986 1104 4052 ἕως
1151 3994 1250 4045 τοῦ
1293 3990 1487 4060 τόπου,
1533 3989 1585 4044 ἐν
1637 3990 1787 4066 ᾧπερ
1821 3988 1976 4045 δυνα-

315 4081 408 4134 τὸν
465 4076 759 4155 ἔγκρυμμα
812 4079 1169 4150 κατέστησας,
1223 4077 1584 4154 ἐξερχόμενος
1643 4080 1760 4134 κατ’
1805 4081 1977 4135 αὐτῶν

316 4166 558 4244 ἀνδρικῷ
613 4168 704 4222 καὶ
757 4167 988 4242 γενναίῳ
1075 4168 1359 4240 ὁρμήματι
1434 4168 1815 4244 ὑπερισχύσεις
1874 4173 1979 4225 τῶν

317 4255 654 4330 διωκόντων,
714 4255 804 4312 καὶ
861 4258 1125 4332 τρόπαιον
1190 4258 1419 4331 μνήμης
1478 4255 1626 4328 ἄξιον
1683 4258 1978 4334 ἀνεγερεῖς.

315 4347 422 4404 Καὶ
451 4345 565 4422 εἷ’γε
597 4340 782 4420 συμϐῇ
817 4343 1092 4420 δυνάμειςο
1151 4349 1261 4400 τῶν
1315 4344 1602 4419 πολεμίων
1627 4343 1981 4420 καταλαϐεῖν,

2076 2021 2126 2076 si
2158 2021 2393 2094 longius
2424 2022 2592 2078 abest
2621 2039 2656 2078 a
2686 2025 2916 2092 castris,
2950 2025 3025 2080 ad
3074 2033 3304 2082 sextum
3357 2029 3729 2094 milliarium,

2074 2117 2178 2166 aut
2208 2111 2530 2181 decimum,
2557 2118 2661 2168 aut
2688 2113 2865 2181 ultra,
2895 2120 2960 2169 ut
3009 2115 3240 2170 itineris
3265 2117 3572 2190 longitudo
3602 2119 3734 2174 lan—

2073 2207 2323 2272 guentes
2352 2201 2515 2272 ipsos
2539 2201 2936 2274 jumentaque
2981 2220 3186 2260 eorum
3235 2207 3472 2262 efﬁcere
3503 2209 3686 2279 possit
3716 2223 3730 2264 :

2067 2290 2242 2362 juxta
2266 2290 2439 2346 illum
2471 2290 2690 2360 locum,
2747 2291 2848 2346 ubi
2909 2293 3186 2348 metaturi
3245 2301 3404 2364 sunt,
3438 2296 3486 2350 si
3535 2298 3733 2368 inspe-

2074 2382 2273 2437 ctione
2329 2383 2486 2438 facta
2552 2382 2868 2439 latibulum
2945 2391 3347 2457 opportunum
3414 2387 3734 2454 inveneris,

2078 2472 2308 2543 equites
2368 2472 2555 2528 lectos
2613 2472 2996 2546 valentesque
3055 2481 3374 2544 trecentos,
3433 2476 3522 2532 vel
3557 2477 3736 2532 etiam

2076 2561 2411 2634 pauciores,
2446 2560 2726 2633 dimissos
2784 2563 2865 2618 ibi
2919 2563 3122 2619 abdes.
3170 2566 3236 2619 In
3267 2565 3472 2621 alteris
3504 2567 3738 2622 insidiis

2078 2655 2268 2706 totum
2300 2651 2628 2706 exercitum
2658 2657 2827 2706 tuum
2857 2652 3180 2709 collocabis
3206 2654 3335 2710 loco
3367 2655 3604 2724 idoneo,
3637 2656 3738 2727 qui

2078 2739 2440 2794 ﬁrmamenti
2468 2756 2648 2795 causa
2677 2741 3075 2798 munitionem
3103 2742 3337 2799 habeat.
3371 2744 3428 2798 Si
3455 2745 3740 2816 Oppidum

2078 2828 2301 2897 subest,
2329 2828 2389 2882 id
2421 2845 2658 2900 quoque
2681 2830 2755 2884 ad
2777 2831 3031 2887 salutem
3049 2833 3550 2905 commodumque
3573 2840 3741 2890 tuum

2078 2917 2406 2989 plurimum
2455 2918 2704 2977 confert.
2737 2920 2806 2974 Et
2856 2919 2904 2975 si
2938 2921 3168 2992 pedites
3196 2939 3344 2993 opus
3377 2925 3741 2996 sunt,egredi

2078 3005 2168 3061 illi
2200 3013 2454 3078 possunt
2483 3023 2552 3062 ex
2584 3007 2822 3080 oppido,
2851 3010 3170 3082 pugnaturi
3203 3028 3326 3066 una
3357 3017 3553 3067 tecum
3586 3014 3740 3069 218

2079 3103 2139 3153 et
2168 3113 2342 3169 opem
2373 3097 2573 3153 laturi.
2602 3098 2660 3152 Si
2689 3099 2791 3170 qui
2819 3105 3019 3154 autem
3050 3105 3118 3155 ut
3140 3101 3225 3168 ﬁt,
3256 3107 3648 3158 antecurrunt
3670 3103 3740 3158 de

2081 3187 2344 3242 exercitu
2364 3185 2792 3255 hostili,locum
2811 3187 3063 3259 capturi,
3082 3188 3182 3243 ubi
3207 3194 3402 3245 castra
3423 3190 3744 3256 instruant,

2081 3295 2232 3350 quos
2256 3283 2698 3334 mensuratores
2749 3295 2956 3334 vocare
2983 3279 3235 3335 Romani
3289 3289 3744 3350 consueverunt,

2082 3367 2177 3422 his
2208 3367 2270 3422 in
2299 3383 2478 3440 opere
2509 3367 2833 3439 occupatis,
2867 3369 2968 3438 qui
3000 3369 3106 3424 abs
3157 3373 3213 3424 te
3244 3386 3430 3441 prope
3461 3377 3655 3426 castra
3683 3372 3746 3426 in

2083 3457 2294 3529 primis
2343 3457 2579 3513 insidiis
2639 3459 2945 3514 constituti
3007 3464 3168 3529 sunt,
3200 3459 3476 3516 celeriter
3518 3462 3577 3516 in
3611 3462 3748 3518 illos

2088 3566 2299 3623 magno
2327 3549 2552 3620 impetu
2575 3555 2915 3621 erumpant,
2943 3556 3000 3605 et
3025 3549 3472 3606 obsecundante
3499 3553 3747 3608 numine

2088 3655 2190 3694 eos
2225 3638 2583 3709 oppriment.
2614 3639 2850 3706 Contra,
2874 3639 2923 3694 si
2947 3639 3148 3695 hostes
3173 3657 3274 3695 eos
3303 3647 3750 3712 prosequuntur

2085 3743 2276 3798 usque
2309 3727 2382 3782 ad
2414 3727 2632 3796 locum,
2664 3727 2766 3783 ubi
2812 3728 3108 3784 ﬁrmiores
3139 3729 3387 3785 insidias
3418 3730 3748 3801 collocasti,

2088 3816 2372 3878 invadens
2401 3817 2537 3873 illos
2568 3819 2962 3890 impressione
2986 3819 3142 3874 virili
3170 3835 3238 3875 ac
3268 3820 3404 3876 forti
3439 3821 3749 3894 superabis

2086 3912 2537 3978 persequentes,
2580 3912 2988 3980 tropaeumque
3039 3909 3342 3965 memoria;
3392 3910 3636 3983 dignum
3676 3910 3750 3965 de

2087 3996 2209 4050 illis
2233 3997 2537 4052 excitabis.
2564 3998 2830 4068 Denique
2853 3998 2903 4052 si
2925 3998 3161 4066 accidit,
3177 4005 3243 4054 ut
3267 4001 3543 4055 maximas
3566 4001 3749 4072 copim

2089 4087 2353 4142 hostium
2386 4089 2690 4162 ingruant,
2723 4089 2948 4160 tibique
2979 4089 3298 4158 obsistant,
3329 4092 3751 4159 nihilominus,

2088 4177 2251 4248 quod
2283 4194 2419 4232 cum
2445 4195 2480 4234 a
2511 4179 2848 4234 munitione
2898 4185 3023 4234 tum
3052 4196 3087 4235 a
3116 4181 3384 4251 peditatu
3429 4182 3614 4236 habes
3645 4183 3750 4237 ad-

2079 4266 2446 4338 jumentum,
2479 4284 2580 4322 eos
2612 4267 2964 4333 confundes,
3018 4269 3384 4339 efﬁciesque,
3435 4275 3500 4324 ut
3545 4269 3749 4325 multis

2089 4371 2334 4410 suorum
2365 4355 2621 4423 amissis,
2655 4372 2718 4411 re
2741 4356 2958 4411 infecta
2989 4356 3259 4413 redeant.

314 4435 767 4512 ἀντιμαχομένας
801 4457 910 4506 σοι,
943 4434 1090 4511 ἔχων
1115 4436 1214 4504 τὴν
1242 4439 1339 4490 τοῦ
1381 4435 1748 4511 ὀχυρώματος
1797 4438 2054 4513 βοήθειαν
2097 4443 2184 4498 καὶ
2228 4447 2338 4498 τῶν
2383 4448 2586 4514 πεζῶν,
2619 4443 2795 4506 οὕτως
2833 4449 3216 4518 καταισχυνεῖς
3249 4446 3332 4518 [Ρ.
3370 4447 3491 4518 141]
3529 4445 3751 4517 αὐτους,

313 4525 408 4580 καὶ
439 4523 692 4588 πολλοὺς
720 4529 829 4579 τῶν
865 4523 1082 4580 οίκείων
1113 4519 1497 4588 ἀποϐαλόντας
1524 4525 1833 4602 ἀπράκτους
1860 4532 2285 4602 παρασκευάσεις
2332 4532 2683 4608 ὑποστρέψαι.

317 4659 492 4716 ΚΒΦ.
529 4659 626 4717 ΙΔ’.
691 4657 822 4733 Περὶ
878 4664 980 4728 σῆς
1028 4659 1455 4734 ῥποχωρήσεως
1483 4662 1591 4734 τῶν
1623 4659 1835 4715 ἱππέων
1866 4660 1971 4716 ἀπὸ

2090 4651 2222 4708 CAP.
2261 4651 2403 4706 XIV.
2437 4651 2511 4706 De
2553 4651 2787 4734 discessit
2843 4654 3154 4734 equitum};
3181 4653 3461 4724 peditatu,
3519 4671 3756 4728 quocum

644 4734 754 4786 τῶν
768 4728 984 4800 πεζῶν,
1019 4728 1462 4807 ὁδοιπορούντων
1497 4731 1661 4804 ὁμοῦ.

395 4848 514 4923 Χρή
548 4848 639 4903 οὖν
669 4848 760 4903 καὶ
805 4847 973 4904 τοῦτό
1032 4869 1092 4904 σε
1147 4843 1414 4926 ἀκριϐῶς,
1443 4849 1490 4902 ὦ
1521 4849 1812 4925 στρατηγέ,
1845 4870 1981 4904 σκο-

317 4943 468 5006 πεῖν,
497 4937 727 4993 καὶτῶν
777 4936 1066 5012 πολεμίων
1124 4937 1547 5013 ἀγωνιζομένων
1592 4935 1870 4994 διαλαθεῖν
1903 4959 1981 5011 σε,

318 5027 414 5083 κάὶ
444 5031 650 5102 κοῦρσα
677 5025 1065 5095 ἀποστέλλειν,
1098 5027 1190 5082 καὶ
1236 5028 1332 5090 τὰς
1367 5026 1554 5103 χώρας
1593 5028 1756 5102 ἡμῶν
1787 5025 1986 5100 ληΐσα-

323 5127 471 5185 σθαι,
502 5113 776 5192 ἄγρυπνον
805 5113 955 5192 ἔχειν
1001 5117 1095 5172 τὸν
1143 5120 1292 5172 νοῦν·
1331 5119 1405 5189 μή
1454 5118 1589 5173 ποτέ
1619 5137 1678 5172 σε
1705 5119 1741 5187 ἡ
1773 5115 1986 5173 ἐπίνοια

321 5207 418 5262 καὶ
452 5207 680 5282 μηχανὴ
713 5206 893 5262 αὐτῶν
953 5203 1213 5282 διαλάθῃ.
1247 5206 1420 5282 Ὅπερ
1477 5207 1579 5281 γὰρ
1611 5205 1774 5280 λέξω,
1806 5207 1899 5263 καὶ
1929 5206 1981 5262 ἐν

324 5291 525 5357 ἄλλοις
555 5295 608 5350 οἱ
635 5293 788 5350 αὐτοὶ
819 5293 1220 5371 ἐξειργάσαντο.
1249 5294 1425 5368 Ὁμοῦ
1450 5293 1552 5371 γὰρ
1584 5295 1764 5351 αὐτῶν
1796 5296 1904 5351 τῶν
1927 5315 1988 5350 τε

322 5383 540 5440 ἱππέων
569 5384 662 5440 καὶ
689 5388 867 5454 πεζῶν
927 5383 1022 5439 σὺν
1079 5387 1150 5459 τῇ
1207 5383 1484 5460 ἀποσκευῇ
1515 5385 1562 5421 ⁵⁵
1591 5381 1986 5456 ὁδοιπούντων,

322 5477 511 5542 καθὼς
540 5481 662 5541 ταῖς
691 5471 912 5541 ὄπισθεν
938 5475 1029 5532 καὶ
1061 5472 1406 5540 διελθούσαις
1426 5475 1664 5551 ἡμέραις
1691 5476 1910 5532 ὶποίουν
1935 5475 1987 5531 οἱ

2723 4725 2830 4779 iter
2854 4727 3121 4793 fecerant.

2165 4847 2318 4904 lllud
2361 4864 2621 4921 quoque,
2652 4865 2686 4904 0
2717 4849 2856 4921 dux,
2915 4850 3235 4923 diligenter
3284 4854 3666 4912 considerare
3700 4862 3755 4911 te

2095 4943 2351 5012 oportet,
2382 4945 2460 5007 et,
2495 4939 2543 4994 si
2569 4939 2770 4994 hostes
2791 4940 3084 4996 insciente
3109 4947 3164 4996 te
3192 4943 3554 5014 praedatores
3583 4947 3758 5000 emit-

2096 5034 2243 5096 tere,
2276 5028 2729 5100 provinciasque
2772 5035 3008 5086 nostras
3062 5032 3335 5104 populari
3370 5033 3630 5097 student,
3665 5033 3755 5088 in-

2094 5123 2323 5173 tentam
2356 5117 2574 5173 habere
2607 5123 2912 5174 mentem:
2970 5135 3046 5175 ne
3102 5120 3254 5176 forte
3299 5121 3405 5175 tibi
3435 5122 3755 5177 consilium

2097 5213 2623 5279 commentumque
2655 5224 2862 5264 eorum
2892 5208 3092 5265 lateat.
3126 5211 3272 5265 Nam
3303 5208 3462 5281 quod
3486 5210 3756 5267 dicturus

2097 5312 2254 5361 sum,
2305 5295 2488 5352 iidem
2544 5295 2689 5351 alibi
2749 5313 2987 5368 quoque
3044 5302 3445 5368 patraverunt.
3474 5298 3756 5369 Equitatu

2097 5393 2276 5459 atque
2305 5387 2572 5459 peditatu
2605 5403 2813 5444 eorum
2843 5404 2980 5444 cum
3009 5387 3455 5460 impedimentis
3495 5404 3616 5444 una
3641 5390 3757 5445 iter

2096 5476 2373 5545 faciente,
2402 5475 2910 5548 quemadmodum
2939 5480 3116 5532 antea
3135 5475 3464 5548 diebusque
3486 5478 3755 5549 superio-

1657 5645 1719 5703 ῦ.
1759 5647 1823 5703 Β.
1875 5645 2436 5704 ANNOTATIONES.

331 5862 510 5921 codd.

405 5787 686 5866 ‘fpcltmv
716 5787 794 5863 ἓξ,
824 5790 920 5848 καὶ
948 5788 1095 5851 δέκα.
1121 5793 1292 5849 Forte
1325 5791 1559 5850 sublato
1590 5785 1889 5851 commate
1918 5792 1971 5849 in

2085 5781 2246 5864 meo,
2287 5791 2362 5848 ad
2405 5791 2483 5847 Μ.
2530 5790 2683 5860 XVI,
2725 5795 2826 5846 aut
2862 5789 3036 5848 ultra.
3110 5789 3161 5826 ⁸⁵
3196 5789 3292 5846 τὸν
3310 5795 3412 5860 τῆς
3451 5791 3758 5860 ἀποσκευῆς
