4096 6452
331 434 455 499 969

1607 421 2036 489 VELITATIO
2077 419 2443 483 BELLIGA.

3640 429 3762 491 970

330 585 446 638 ται,
495 557 800 640 ἔμπροσθεν
857 560 1101 639 γενέσθαι
1155 565 1263 618 τῶν
1321 558 1633 636 πολεμίων,
1691 557 1980 632 ἀφιπαμὲ·

2108 555 2188 612 lia
2218 571 2533 627 equorum,
2565 554 2700 628 plus
2731 556 2952 612 minus.
2987 559 3245 627 Etenim,
3270 559 3531 635 vestigiis
3562 566 3648 619 tot
3667 564 3772 635 ju-

333 676 460 720 νους
517 659 630 711 τῶν
692 658 908 726 σκηνῶν
965 652 1158 728 μιλίου
1211 653 1275 710 τὸ
1331 650 1528 727 ἥμισυ·
1559 651 1652 708 καὶ
1695 645 1998 724 ἔμπροσθεν

333 746 666 823 γενομὲνους
718 739 962 821 ἀκριϐῶς
1018 743 1322 819 ἐρευνῆσαι,
1380 743 1471 798 καὶ
1526 742 1624 806 τὰς
1681 738 1841 801 ὀδοὺς
1873 739 2001 794 ἀνα-

333 840 689 910 ψηλαφῆσαι.
748 833 847 889 Καὶ
907 833 958 888 εἴ
1009 830 1113 909 ἄρα
1167 833 1220 888 οἱ
1292 835 1401 887 τῶν
1463 830 1752 905 πολεμίων
1810 829 2000 889 ἱππεῖς

336 923 593 996 διῆλθον,
621 923 714 978 καὶ
755 921 887 1001 ἄχρι
935 927 1047 979 τῶν
1106 919 1402 978 διακοσίων
1459 922 1738 995 ὑπῆρχον,
1765 915 1998 991 διαγνώ-

337 1033 492 1068 σουσι
518 1013 613 1081 τὴν
671 1009 882 1066 τούτων
941 1004 1191 1065 διάϐασιν
1247 1010 1300 1064 οἱ
1357 1006 1779 1076 ἀποσταλέντες,
1828 1007 1997 1078 μήτοι

340 1103 406 1177 γέ
434 1103 561 1176 ἄχρι
600 1105 708 1156 τῶν
773 1097 986 1155 δώδεκα
1037 1095 1312 1175 χιλιάδων
1338 1096 1529 1168 ἵπποι,
1561 1095 1726 1152 πλέον
1757 1093 1794 1166 ἤ
1823 1093 1994 1151 ἔλασ-

336 1211 450 1249 σον.
507 1190 584 1248 Τά
636 1191 739 1266 γὰρ
794 1189 934 1264 ἳχνη
1003 1193 1112 1244 τῶν
1169 1186 1444 1243 τοσούτων
1473 1188 1685 1258 ἳππων,
1718 1186 1792 1248 ὡς
1822 1205 1996 1260 προσ-

329 1283 511 1360 φάτως
551 1277 902 1352 διελθόντων,
959 1283 1144 1357 σαφῶς
1199 1279 1252 1334 οἱ
1309 1276 1702 1338 ἀποσταλέντες
1758 1273 1994 1348 διαγνώο

329 1390 536 1440 σονται,
567 1369 658 1425 καὶ
687 1369 849 1446 τάχει
879 1367 1081 1441 πολλῷ
1129 1367 1267 1444 πρὸς
1316 1369 1410 1423 τὸν
1450 1367 1815 1441 τουρμάρχην
1852 1365 1994 1419 ὑπο-

327 1458 651 1536 στρέφοντες
727 1457 852 1534 περὶ
927 1457 1128 1514 τούτου
1184 1456 1696 1535 ἀπαγγειλάτωσαν,
1756 1453 1845 1508 καὶ
1903 1451 1992 1508 διὰ

327 1548 489 1611 ποίας
521 1545 653 1604 ὁδοῦ
681 1548 780 1618 τὴν
833 1548 1014 1622 ὁρμὴν
1058 1547 1407 1620 ἐποιήσαντο.
1441 1547 1504 1604 Ὁ
1537 1542 1595 1602 δὲ
1623 1542 1991 1618 τουρμάρχης

325 1637 634 1714 παραυτίκα
663 1635 876 1713 σπουδῇ
905 1636 1096 1713 πολλῇ
1122 1641 1204 1709 τῷ
1233 1639 1522 1713 στρατηγῷ
1551 1631 1988 1708 καταμηνυσάτω

323 1727 450 1804 περὶ
508 1727 732 1799 τούτου,
787 1726 882 1784 καὶ
937 1724 1027 1782 διὰ
1081 1726 1241 1789 ποίας
1288 1725 1419 1782 ὁδοῦ
1451 1723 1843 1801 ἐπορεύθησαν.
1896 1728 1989 1778 Δεῖ

323 1814 416 1872 οὖν
473 1816 568 1872 τὸν
627 1817 931 1894 στρατηγὸν
985 1816 1124 1893 πρὸς
1173 1820 1343 1872 ταῦτα
1403 1813 1798 1891 βουλεύσασθαι
1851 1813 1987 1886 μετά

321 1911 433 1961 τῶν
492 1900 764 1962 συνόντων
819 1906 967 1979 αύτῷ
1017 1909 1358 1982 στρατηγῶν,
1411 1904 1501 1960 καὶ
1550 1903 1763 1960 λοιπῶν
1793 1901 1984 1976 ἐμπείο
2017 1933 2065 1998 Β

322 2016 459 2072 ρων.
521 1995 620 2051 Καὶ
677 1995 724 2052 εί
789 1995 884 2070 μὲν
918 1997 1019 2070 ὁρᾷ
1063 1995 1127 2051 τὸ
1171 1996 1364 2050 ἑαυτοῦ
1419 1993 1726 2070 στράτευμα
1757 1989 1984 2065 δύναμιν

321 2083 456 2162 ἔχον
505 2090 608 2141 τοῖ’)
664 2085 1191 2162 ἀντιπαρατάξασθαι
1245 2089 1327 2158 τῷ
1378 2089 1488 2141 τῶν
1519 2082 1807 2157 πολεμίων
1839 2103 1988 2160 φωσ-

327 2177 497 2249 σάτῳ,
527 2175 666 2252 πρὸς
695 2177 797 2246 τὴν
845 2177 960 2231 κατ’
1018 2175 1194 2230 αὐτῶν
1249 2172 1436 2250 μάχην
1466 2174 1983 2247 παρασκευασθήτω·

322 2263 376 2320 εἴ
403 2285 470 2341 γε
495 2263 737 2336 πλησίαν
769 2263 882 2319 ἐστὶ
920 2263 1011 2319 καὶ
1063 2265 1128 2320 τὸ
1181 2267 1291 2319 τῶν
1323 2266 1500 2333 πεζῶν
1534 2261 1700 2317 αὐτοῦ
1733 2261 1990 2337 στράτευ-

329 2376 426 2429 μα,
477 2351 776 2428 δυνάμενον
833 2357 904 2427 τῇ
960 2352 1099 2428 αὐτῇ
1155 2351 1338 2428 ἡμέρᾳ
1390 2356 1478 2428 [Ρ.
1538 2354 1664 2426 143]
1717 2352 1986 2420 ὲνωθῆναι

323 2443 494 2516 αὐτῷ.
524 2443 594 2502 Εἰ
625 2442 717 2499 οὗν
751 2443 892 2498 ἐστιν
921 2444 951 2498 ὁ
981 2447 1193 2519 χῶρος,
1235 2440 1288 2498 ἐν
1336 2443 1383 2515 ᾦ
1431 2442 1484 2496 οἱ
1527 2438 1792 2514 πολέμιοι
1823 2438 1986 2497 αὖλί-

326 2540 532 2606 ζονται,
591 2533 869 2610 ὀχύρωμα
925 2528 1070 2609 ἔχων
1141 2532 1218 2595 εἷς
1291 2531 1511 2587 ἐκείνων
1568 2527 1888 2610 ἀσφάλειαν,
1948 2534 1986 2604 ἢ

325 2624 501 2699 ῥύακα
553 2618 936 2694 δυσδιάϐατον,
995 2622 1058 2678 οὗ
1115 2623 1230 2698 χρὴ
1290 2621 1431 2696 πρὸς
1489 2621 1580 2676 τὸν
1635 2621 1753 2676 κατ’
1809 2619 1982 2676 αὐτῶν

326 2713 664 2787 ἐξαρτύεσθαι
719 2711 994 2786 πόλεμον.
1054 2711 1118 2770 Εἰ
1178 2709 1237 2767 δὲ
1293 2711 1572 2790 ὲφόμαλός
1621 2710 1731 2766 ἐστι
1782 2731 1984 2765 πανταο

327 2801 519 2877 χὸθεν,
567 2799 798 2875 μάλιστα
847 2799 905 2857 δὲ
945 2801 1036 2857 καὶ
1077 2805 1188 2856 τῶν
1236 2803 1415 2870 πεζῶν
1466 2797 1778 2873 δυναμένων
1817 2819 1986 2854 κατα-

321 2885 515 2947 λαϐεῖν
545 2889 598 2946 ἓν
627 2888 809 2968 ἡμέρᾳ
853 2897 955 2962 τῆς
999 2895 1095 2946 τοῦ
1131 2889 1384 2964 πολέμου
1427 2885 1772 2964 προσϐολῆς,
1804 2909 1982 2964 παρα-

318 2983 668 3053 σκευασθήτω
697 2983 834 3056 πρὸς
864 2985 1050 3038 τοῦτο.
1102 2980 1168 3039 Εἰ
1228 2978 1286 3036 δὲ
1344 2982 1374 3036 ὁ
1431 2985 1618 3056 χῶρος
1668 2979 1982 3055 ὀχυρότητα

315 3067 459 3147 ἔχει,
520 3071 596 3136 ὡς
645 3069 878 3148 ἔφημεν,
911 3071 1001 3126 καὶ
1061 3070 1124 3126 τὸ
1181 3069 1402 3139 πεζικὸν
1445 3069 1755 3143 στράτευμα
1783 3066 1984 3122 ἐπιλεί-

314 3181 427 3232 πει,
481 3159 600 3217 δὲον
656 3162 900 3235 ὁρμῆσαι
929 3164 1090 3236 τάχει
1145 3156 1348 3232 πολλῷ
1397 3159 1533 3234 πρὸς
1562 3158 1625 3214 τὸ
1653 3157 1780 3220 τοὺς
1815 3177 1984 3234 κουρ-

2111 651 2454 701 mentorum
2478 661 2689 701 recens
2715 652 3275 720 prmtergressorum
3307 652 3620 723 perspicue
3652 654 3776 710 ani-

2111 735 2461 803 madversis,
2496 735 2900 806 speculatores
2953 737 3210 794 celerius
3261 740 3335 796 ad
3368 744 3773 800 turmarcham

2110 826 2330 882 reversi
2362 842 2498 882 cum
2558 825 2629 880 de
2690 826 2801 882 hac
2855 844 2917 882 re
2975 830 3346 899 renuntient,
3378 836 3504 888 tum
3536 851 3654 906 qua
3683 836 3776 891 via

2111 916 2527 970 excursionem
2548 915 2820 971 fecerint.
2846 917 2994 972 Item
3018 919 3360 975 turmarcha
3381 923 3658 996 evestigio
3683 941 3774 980 ce-

2108 1004 2342 1060 leritate
2371 1004 2643 1060 adhibita
2666 1009 2727 1060 et
2745 1005 2820 1060 de
2843 1022 2910 1060 eo
2933 1005 3146 1062 ducem
3170 1007 3486 1066 certiorem
3507 1012 3775 1082 faciat,et

2107 1094 2179 1150 de
2207 1096 2300 1151 via
2329 1111 2449 1166 qua
2477 1095 2884 1151 discesserint.
2915 1098 3137 1153 Ducem
3187 1105 3418 1171 Oportet
3449 1103 3559 1159 hac
3594 1121 3776 1177 super

2104 1202 2169 1242 re
2225 1202 2362 1242 cum
2420 1185 2739 1257 praefectis,
2799 1193 3097 1259 quotquot
3124 1188 3362 1259 adsunt,
3397 1192 3767 1266 reliquisque

2104 1276 2312 1348 peritis
2343 1275 2484 1330 viris
2513 1275 2866 1332 deliberare.
2901 1277 2959 1331 Si
3012 1294 3187 1334 suum
3246 1281 3570 1338 exercitum
3624 1285 3767 1340 satis

2103 1364 2333 1420 roboris
2364 1364 2584 1421 habere
2635 1365 2793 1420 videt
2845 1365 2919 1422 ad
2971 1367 3140 1439 signa
3181 1369 3245 1422 in
3276 1375 3470 1427 castra
3497 1372 3762 1431 hostium

2101 1452 2436 1516 inferenda,
2469 1453 2543 1507 ad
2575 1451 2848 1523 praelium
2876 1452 3159 1510 adversus
3188 1455 3322 1512 illos
3354 1474 3416 1513 se
3464 1458 3760 1517 instruat:

2103 1541 2152 1596 si
2183 1541 2426 1612 quidem
2458 1542 2702 1613 propius
2733 1541 2952 1598 absunt
2979 1543 3293 1615 pedeatres
3325 1547 3512 1618 ipsius
3552 1551 3758 1623 cOpias,

2101 1647 2282 1702 seque
2314 1646 2382 1686 eo
2417 1632 2543 1702 ipso
2575 1631 2673 1687 die
2704 1631 3068 1705 conjungere
3101 1651 3238 1690 cum
3279 1652 3348 1691 eo
3382 1644 3652 1708 possunt.
3688 1642 3764 1696 At

2100 1720 2148 1775 si
2180 1720 2364 1782 locus.
2401 1719 2503 1775 ubi
2534 1721 2938 1776 consederunt
2966 1723 3192 1790 hostes,
3223 1727 3620 1783 munitionem
3654 1730 3761 1785 ha-

2095 1810 2216 1877 bet,
2251 1829 2383 1883 quw
2408 1811 2856 1884 propugnaculo
2888 1813 3009 1869 illis
3032 1815 3128 1884 sit,
3153 1816 3244 1870 vel
3278 1817 3467 1874 rivum
3501 1822 3756 1877 transitu

2095 1901 2404 1974 impedito,
2422 1917 2544 1957 non
2563 1907 2796 1974 oportet
2825 1908 3126 1960 certamen
3151 1922 3287 1960 cum
3311 1907 3385 1962 iis
3416 1908 3754 1968 instituere.

2093 1994 2334 2058 Contra,
2354 1993 2402 2048 si
2426 1992 2640 2064 planus
2671 1998 2760 2048 est
2784 1994 3071 2066 undique,
3096 2000 3156 2050 et
3173 1997 3430 2052 maxime
3462 1999 3511 2054 si
3535 1999 3631 2054 die
3653 2017 3752 2073 0p-

2092 2083 2476 2154 pugnationis
2507 2082 2736 2154 pedites
2763 2085 3002 2156 assequi
3034 2101 3172 2141 eum
3193 2092 3464 2157 possunt,
3487 2094 3656 2159 paret
3684 2107 3747 2146 se

2092 2171 2167 2226 ad
2198 2172 2626 2228 dimicandum.
2659 2176 2735 2228 At
2791 2175 2839 2229 si
2897 2174 3063 2230 locus
3119 2177 3518 2232 munitionem
3548 2178 3748 2252 habet,

2092 2262 2600 2332 quemadmodum
2658 2263 2928 2332 diximus,
2989 2265 3296 2336 pedestres
3337 2273 3536 2322 autem
3567 2269 3751 2341 copias

2092 2350 2330 2421 absunt,
2389 2356 2624 2424 oportet
2680 2353 2948 2410 celerius.
3003 2371 3236 2412 movere
3269 2356 3340 2412 ad
3388 2357 3753 2429 praedatores

2091 2440 2352 2496 hostium
2384 2443 3300 2517 opprimendos,praafectumque
3331 2447 3586 2519 probum
3611 2450 3753 2505 mit-

2092 2535 2238 2599 tere,
2295 2532 2559 2587 hostium
2617 2533 2949 2605 praedatum
3008 2535 3411 2607 proiectorum
3485 2538 3748 2611 vestigiis

2089 2620 2290 2676 instet.
2320 2621 2450 2692 Ipse
2495 2638 2633 2677 eum
2693 2624 2974 2679 omnibus
3035 2625 3221 2697 copiis
3260 2625 3500 2698 obliquo
3532 2627 3748 2685 itinere

2089 2710 2569 2781 appropinquare
2617 2711 2796 2768 citato
2853 2714 3040 2784 gradu
3092 2720 3387 2786 properet,
3421 2721 3599 2788 prout
3627 2718 3749 2773 vias

2088 2799 2354 2870 cognitas
2381 2799 2664 2868 habet,in
2694 2801 2912 2871 quibus
2942 2803 3144 2858 hostes
3177 2803 3506 2860 ambulant.
3540 2806 3604 2860 Id
3637 2806 3751 2861 iter

2087 2905 2302 2962 magno
2325 2905 2461 2945 cum
2484 2891 2761 2947 cautione
2792 2892 2989 2948 faciat.
3017 2895 3162 2948 Dein
3183 2895 3536 2950 imminente
3556 2897 3750 2967 primo

2087 2978 2354 3034 diluculo
2388 2979 2792 3050 exploratores
2824 2981 3105 3047 dimittat,
3135 2983 3292 3038 22‘!
3323 2983 3426 3054 qui
3457 2983 3528 3038 de
3561 2984 3751 3040 hosti-

2089 3068 2200 3124 bus
2232 3069 2576 3140 inquirant:
2611 3069 2694 3138 hi,
2719 3069 2972 3125 collibus
2995 3070 3171 3126 editis
3203 3073 3569 3140 conscensis,
3603 3091 3744 3145 ope-

2084 3174 2214 3213 ram
2244 3157 2409 3224 dent,
2441 3163 2507 3214 ut
2535 3159 2928 3231 contemplari
2959 3177 3059 3215 eos
3099 3161 3350 3232 possint.
3386 3162 3492 3218 Ubi
3525 3163 3744 3232 illuxit,

314 3251 572 3313 σεύοντας
629 3255 738 3306 τῶν
811 3249 1098 3323 πολεμίων
1174 3243 1529 3305 καταλαϐεῖνο
1583 3248 1677 3304 καὶ
1736 3245 1980 3323 ἄρχοντα

2089 3247 2205 3303 dux
2234 3249 2435 3320 copias
2467 3264 2605 3304 suas
2636 3249 2916 3314 occultet,
2964 3266 3060 3318 ne,
3095 3251 3348 3306 excitato
3379 3267 3585 3307 earum
3611 3253 3748 3324 pul-

319 3302 731 3418 alia..ng
763 3302 1108 3412 seges...
1139 3302 1242 3394 .4:
1268 3302 1623 3403 sanes...
1659 3302 1782 3393 tibi;
1804 3302 1974 3414 δρῶν

2199 3302 2203 3303 ν
2243 3302 2326 3320 με
2468 3302 2484 3303 η
3385 3302 3716 3324 ---ω-τ--

2089 3353 2242 3406 vere,
2261 3337 2389 3408 ipse
2409 3337 2608 3409 potius
2630 3339 2692 3393 in
2724 3337 3196 3395 adversariorum
3218 3338 3470 3396 insidias
3496 3340 3743 3398 incidat.

309 3436 419 3488 τῶν
475 3431 616 3504 πρὸς
665 3431 766 3500 τὴν
825 3427 1104 3505 ἐκδρομήν
1155 3433 1254 3484 τοῦ
1312 3428 1549 3503 κούρσου
1608 3428 1972 3504 ὁρμησάντων

312 3519 624 3595 πολεμίων.
657 3519 836 3584 Δύτὸς
865 3517 924 3574 δὲ
955 3518 1092 3592 μετᾶ
1114 3517 1315 3581 παντὸς
1345 3522 1443 3573 τοῦ
1474 3517 1616 3589 ληοῢ
1647 3517 1708 3573 ἐκ
1733 3516 1973 3594 πλαγίου

314 3613 627 3684 περιπατῶν
709 3608 995 3665 σπευσάτω
1080 3607 1330 3683 ὀξύτερον
1421 3605 1657 3683 βαδίζων
1727 3606 1968 3678 πλησίον

318 3699 582 3773 γενεσθαι,
611 3699 792 3761 καθὼς
839 3696 936 3760 τὰς
991 3694 1151 3759 ὀδοὺς
1184 3695 1486 3768 ἑπίσταται,
1519 3696 1571 3751 ἐν
1602 3698 1690 3758 αἷς
1721 3697 1778 3750 οἱ
1809 3694 1974 3752 πολὲ-

326 3807 442 3860 μιοι
495 3791 872 3864 περιπατοῦσι.
942 3787 1043 3842 Καὶ
1098 3785 1234 3860 μετὰ
1299 3783 1598 3864 ἀσφαλείας
1655 3786 1969 3857 περιπατεί-

316 3898 414 3936 τω.
467 3877 654 3936 Ἦνίκα
710 3875 769 3933 δὶ
822 3877 886 3933 τὸ
945 3873 1264 3955 διάφαυσμα
1331 3883 1432 3946 τῆς
1482 3875 1695 3951 ἡμέρας
1753 3875 1968 3951 ἐγγίσῃ,

312 3966 689 4023 ἀποπειλάτω
750 3964 1082 4044 βιγλάτορας
1139 3965 1217 4030 είς
1267 3967 1614 4035 κατασκοπὴν
1661 3969 1768 4020 τῶν
1800 3965 1972 4022 πολε-

312 4059 478 4132 μίων*
509 4055 603 4113 καὶ
653 4056 728 4120 εἷς
771 4054 1023 4130 ὑψηλοὺς
1077 4057 1308 4132 βουνοὺς
1349 4057 1715 4132 ανερχόμενοι
1770 4055 1970 4132 ἀγωνι-

309 4147 592 4212 σάσθωσαν
625 4142 912 4210 θεᾶσασθαι
955 4143 1176 4207 αύτούς.
1234 4145 1298 4203 Ὀ
1352 4141 1411 4199 δὲ
1467 4146 1790 4222 στρατηγὸς,
1822 4145 1968 4220 ἡμὲ-

310 4257 408 4312 ρας
436 4232 765 4312 γενομένης,
822 4235 914 4291 τὸν
971 4235 1162 4292 ὶαυτοῦ
1217 4231 1350 4290 λαὸν
1422 4233 1838 4312 ἀποκρυπτὲτω,
1875 4235 1970 4292 ’ίνα

312 4327 415 4400 μὴ,
477 4325 572 4382 τὸν
638 4323 920 4400 κονιορτὸν
988 4323 1156 4379 αὐτοῦ
1195 4324 1248 4379 οἱ
1294 4323 1559 4396 πολέμιοι
1627 4323 1966 4398 θεασάμενοι,

311 4414 527 4488 μᾶλλον
581 4410 865 4489 ἐνεδρευθῇ
921 4413 1049 4489 παρ’
1105 4412 1309 4472 αὐτῶν.
1368 4412 1867 4488 Καταμηνυόμενος
1911 4413 1969 4470 δὲ

306 4505 342 4574 ἢ
376 4505 528 4580 παρὰ
571 4507 680 4560 τῶν
731 4499 1253 4559 ἐπακολουθούντων
1301 4505 1380 4574 τῷ
1425 4500 1668 4578 κούρσῳ,
1726 4503 1762 4573 ἢ
1822 4505 1970 4577 παρὰ

304 4597 415 4650 τῶν
449 4592 528 4656 εἷς
585 4591 891 4661 ἐπισκοπὴν
946 4590 1038 4646 καὶ
1097 4588 1290 4668 βίγλαν
1347 4590 1786 4662 ἀποσταλέντων,
1837 4592 1887 4648 ἐν
1921 4595 1966 4667 ᾧ

2087 3425 2307 3482 Deinde
2321 3425 2738 3482 certiorfactus
2757 3426 2845 3481 vel
2864 3427 2936 3482 ab
2949 3427 3044 3482 his
3057 3428 3158 3499 qui
3174 3428 3536 3499 prmdatores
3559 3430 3747 3486 secuti

2083 3520 2243 3582 sunt,
2267 3515 2356 3571 vel
2376 3515 2448 3572 ab
2477 3515 2597 3570 illis
2616 3532 2766 3587 quos
2799 3516 3323 3589 circumspiciendi
3355 3518 3740 3589 explorandi-

2083 3621 2198 3676 que
2229 3621 2410 3662 causa
2429 3605 2786 3674 dimisit,ubi
2808 3612 2942 3679 agat
2961 3607 3110 3662 illud
3140 3605 3403 3663 hostium
3435 3608 3746 3677 vexillum,

2081 3696 2144 3751 in
2174 3712 2291 3767 quo
2323 3695 2638 3768 praefectus
2664 3712 2870 3752 eorum
2901 3697 2998 3766 sit,
3032 3697 3237 3769 paucis
3267 3699 3590 3770 assumptis
3621 3699 3742 3756 dux

2079 3786 2144 3841 in
2178 3787 2474 3842 excelsam
2505 3785 2836 3844 ascendens
2867 3787 3172 3859 speculam
3202 3793 3452 3845 conetur
3481 3790 3739 3862 propriis

2081 3878 2271 3935 oculis
2301 3878 2492 3934 aciem
2522 3878 2784 3934 hostium
2815 3879 3215 3935 considerare.
3249 3880 3374 3946 Qua
3402 3885 3736 3952 perspecta,

2078 3968 2182 4024 ubi
2202 3967 2523 4023 multitudo
2547 3984 2753 4024 eorum
2784 3986 2846 4025 se
2867 3969 3173 4026 diﬂ‘uderit
3194 3970 3548 4042 prmdatum,
3573 3971 3733 4027 msti-

2078 4063 2203 4114 met
2231 4073 2364 4112 eum
2393 4057 2467 4112 iis
2498 4056 2601 4128 qui
2633 4073 2753 4112 una
2781 4061 2940 4124 sunt,
2974 4062 3100 4113 tum
3142 4057 3344 4130 copias
3374 4058 3436 4114 in
3467 4059 3593 4114 acie
3624 4058 3736 4114 ho-

2079 4147 2201 4203 stili
2233 4151 2480 4216 stantes,
2513 4151 2639 4202 tum
2688 4163 2810 4202 suae
2865 4162 3080 4202 manus
3111 4146 3478 4203 ﬁrmitatem.
3507 4147 3563 4202 Si
3592 4163 3737 4203 suus

2077 4237 2374 4293 exercitus
2405 4235 2664 4308 amplior
2693 4240 2784 4291 est
2830 4235 3054 4303 hostili,
3088 4235 3298 4291 incitet
3327 4252 3390 4291 se
3422 4235 3483 4291 in
3517 4253 3638 4304 eos,
3671 4240 3740 4292 ut

2070 4326 2200 4398 jam
2232 4326 2527 4398 superius,
2587 4325 3010 4396 descripsimus
3036 4342 3049 4379 :
3095 4341 3163 4380 ac
3195 4325 3266 4393 si,
3297 4325 3416 4380 Deo
3448 4324 3737 4380 auxilium

2077 4414 2403 4487 praebente,
2425 4414 2614 4470 aciem
2638 4430 2842 4469 eorum
2866 4418 3132 4468 sternere
3152 4418 3350 4486 potest
3379 4417 3438 4468 et
3462 4412 3737 4481 fundere,

2076 4520 2358 4574 magnum
2383 4519 2524 4558 sane
2539 4501 2772 4559 facinus
2791 4502 3215 4574 memoriaque
3233 4501 3480 4574 dignum
3497 4501 3736 4557 efficiet.

2078 4594 2179 4649 Sin
2210 4594 2481 4666 ingentes
2513 4592 2697 4664 c0piae
2758 4591 2867 4648 sub
2926 4592 3111 4664 signis
3155 4592 3421 4648 hostium
3453 4591 3743 4648 constite-

305 4682 465 4756 τόπῳ
511 4683 547 4751 ἡ
605 4679 901 4756 παράταξίς
969 4678 1080 4736 ἐστι
1145 4683 1254 4734 τῶν
1323 4679 1607 4753 πολεμίων
1642 4682 1676 4750 ἡ
1709 4681 1799 4736 τὸν
1833 4681 1964 4758 ἀρχ.

2089 4689 2237 4752 runt,
2271 4699 2514 4755 Operam
2546 4683 2686 4738 dare
2736 4682 2914 4737 debet
2955 4681 3072 4737 dux
3104 4687 3171 4737 ut
3201 4680 3452 4737 ulterius
3482 4686 3740 4751 moveat,

308 4772 447 4848 ηγὸν
477 4771 654 4828 αὐτῶν
681 4766 908 4847 ἔχουσα,
955 4767 1180 4846 ὀλίγους
1225 4770 1375 4833 τινὰς
1411 4771 1530 4843 μεθ’
1557 4771 1748 4825 ἑαυτοῦ
1778 4767 1966 4828 λαϐὼν

307 4862 336 4917 ὁ
369 4859 678 4936 στρατηγὸς
731 4859 823 4914 καὶ
881 4857 957 4921 εἷς
1016 4857 1236 4932 ὑψηλὴν
1299 4859 1530 4914 σκοπιὰν
1569 4858 1965 4936 ἀνερχόμενος,

307 4947 594 5005 σπευσάτω
672 4945 898 5011 οἳκείοις
978 4944 1291 5022 ὀφθαλμοῖς
1353 4948 1454 5017 τὴν
1512 4950 1621 5002 τῶν
1679 4947 1964 5023 πολεμίων

307 5037 604 5112 παράταξιν
665 5038 974 5102 θεάσασθαι.
1033 5035 1247 5108 Ταύτην
1305 5034 1362 5092 δὲ
1420 5036 1772 5112 θεασάμενος,
1852 5037 1968 5094 ἐπεὶ

305 5128 399 5184 καὶ
445 5126 509 5183 τὸ
565 5125 779 5196 πλῆθος
831 5129 931 5181 τοῦ
987 5128 1125 5180 Λαοῦ
1172 5125 1348 5180 αὐτῶν
1400 5123 1786 5199 διεσκορπίσθη
1829 5129 1968 5202 πρὸς

307 5216 485 5290 λείαν,
517 5214 867 5293 ποχαζὲσθω
930 5215 1067 5290 μετὰ
1128 5218 1236 5270 τῶν
1303 5213 1396 5269 σὺν
1447 5216 1598 5289 αὐτῷ
1652 5216 1715 5271 τὸ
1754 5215 1969 5286 πλῆθος

302 5313 406 5378 τῆς
472 5305 819 5385 παρατάξεως
883 5309 992 5361 τῶν
1060 5300 1370 5379 πολεμίων,
1420 5306 1510 5360 καὶ
1555 5305 1654 5376 τὴν
1702 5309 1800 5362 τοῦ
1829 5304 1968 5363 ἰδίου

305 5395 447 5454 λαοῦ
476 5393 662 5472 ἰσχύν.
697 5395 802 5454 Καὶ
847 5393 940 5452 ἐὰν
988 5391 1182 5452 πλεῖόν
1227 5393 1338 5452 ἔστι
1369 5395 1415 5432 ⁸⁸
1461 5394 1526 5451 τὸ
1574 5394 1768 5451 ἑαυτοῦ
1806 5397 1968 5473 στρά-

2075 4773 2150 4828 ad
2181 4773 2336 4828 vicos
2369 4789 2517 4844 quos
2550 4771 2871 4828 adversarii
2899 4771 3264 4836 invaserunt,
3297 4771 3381 4827 ita
3409 4775 3475 4827 ut
3506 4787 3541 4826 a
3571 4775 3734 4844 tergo

2076 4877 2282 4917 eorum
2314 4861 2578 4917 exsistat.
2619 4863 2774 4926 Quos
2833 4861 2881 4915 si
2939 4859 3242 4932 dispersos
3273 4877 3573 4933 cursuque
3598 4877 3737 4917 cum

2074 4950 2237 5023 ipsos
2256 4957 2380 5006 tum
2394 4951 2672 5023 jumenta
2686 4950 2875 5005 fessos
2893 4948 3481 5020 deprehendit,nullo
3499 4951 3737 5023 negotio

2077 5056 2179 5096 eos
2211 5057 2316 5112 per
2365 5045 2557 5095 totum
2607 5040 2779 5095 illum
2828 5039 2988 5094 diem
3038 5040 3290 5107 occidet,
3321 5056 3544 5112 perque
3575 5039 3736 5095 vicos

2075 5129 2416 5203 indagabit:
2479 5131 2642 5202 ipsos
2698 5145 2950 5185 numero
3011 5146 3314 5185 servorum
3371 5127 3634 5198 habebit,
3673 5129 3738 5184 in

2079 5236 2299 5291 eosque
2354 5236 2461 5275 suo
2519 5220 2811 5276 arbitratu
2869 5223 3108 5275 statuet.
3159 5219 3312 5275 228
3351 5216 3647 5286 Rusticos,
3679 5220 3740 5272 et

2079 5309 2372 5382 quidquid
2403 5326 2473 5365 ex
2500 5327 2708 5366 eorum
2738 5310 2913 5366 bonis
2942 5324 3150 5381 rapere
3173 5307 3303 5379 jam
3328 5309 3672 5377 potuerunt,
3705 5322 3743 5361 ει.

2079 5399 2358 5455 servitute
2388 5399 2732 5458 vindicabit.
2766 5400 2824 5456 Si
2854 5403 3056 5456 autem
3107 5397 3170 5453 in
3218 5395 3447 5453 fulcum
3504 5393 3740 5466 incidit,

1511 5551 1573 5606 C.
1617 5552 1678 5609 B.
1720 5553 1910 5610 HASII
1963 5555 2529 5613 ANNOTATIONES.

379 5703 428 5741 ⁵⁸
457 5701 593 5762 ἑστι.
627 5704 722 5762 Sic
752 5702 927 5761 codd.

634 5871 901 5938 ΡΑτιοι.
944 5871 1058 5937 Gn.
1103 5871 1344 5939 CXVII.

3410 5874 3488 5937 31
