4096 6462
342 353 457 414 971

1658 344 2092 409 NIGEPHORI
2135 343 2419 406 PHOGIE

3654 345 3775 407 9'12

347 485 510 559 quod
540 499 925 542 excursorum
971 481 1330 539 tuendorum
1379 496 1559 537 causa
1600 480 1985 553 subsequitur

2119 497 2295 550 τευμα
2349 478 2458 530 τῶν
2508 472 2820 550 πολεμίων,
2904 476 3206 551 ὁρμησάτω
3263 477 3380 533 κατ’
3437 478 3641 552 αὐτῶν,
3699 480 3774 544 ὡς

346 577 422 632 ad
452 575 602 631 illud
631 573 1021 630 adoriendum
1053 587 1115 626 se
1143 576 1333 643 paret,
1361 570 1865 642 quemadmodum
1897 586 1999 625 su-

344 666 548 738 perius
578 663 983 734 exposuimus,
1019 666 1096 730 et,
1131 662 1249 716 Deo
1294 659 1760 727 obsecundante,
1793 659 2000 730 praelia

340 755 496 810 facto
529 752 850 824 superabit.
874 755 949 806 At
980 750 1028 806 si
1060 750 1314 821 illis,qui
1337 767 1404 805 eo
1428 755 1602 804 nocte
1625 749 1995 821 speculatum

339 845 541 900 hostes
570 842 734 897 missi
763 847 924 911 sunt,
957 839 1207 896 adversa
1238 839 1511 912 quadam
1544 839 1911 907 acciderunt,
1935 843 2001 894 ut

337 949 458 987 non
488 931 795 1005 potuerint
813 931 921 986 hos
942 935 1316 1002 praavertere,
1342 928 1660 1000 locumque
1682 944 1998 1001 occupare,

336 1021 497 1076 unde
543 1027 601 1077 et
646 1021 844 1075 videre
903 1026 1097 1075 castra
1153 1025 1212 1074 et
1267 1018 1473 1074 audire
1524 1036 1694 1074 voces
1725 1019 1997 1074 adversa-

337 1111 564 1166 riorum
587 1111 887 1166 licuisset:
913 1109 1168 1180 ideoque
1185 1108 1549 1180 praedatores
1566 1108 1813 1180 profecti
1835 1113 1995 1174 sunt,

335 1197 490 1252 sicut
512 1193 791 1260 diximus,
820 1192 1171 1264 priusquam
1193 1191 1265 1245 de
1288 1190 1411 1244 illis
1432 1195 1656 1246 certam
1677 1205 1997 1261 veramque

333 1286 640 1341 notionem
663 1299 875 1354 capere
896 1286 1250 1354 potuerunt:
1276 1280 1434 1335 unde
1455 1281 1765 1347 accidit,ut
1791 1280 1996 1350 explo-

332 1375 446 1430 rati
479 1390 659 1445 super
688 1373 798 1427 hac
827 1389 889 1426 re
922 1370 1222 1434 nuntii,ad
1253 1370 1464 1425 ducem
1496 1368 1806 1437 afferendi,
1826 1385 1997 1424 man-

333 1463 680 1533 datumque,
715 1461 877 1532 quod
902 1458 1227 1514 transmitti
1255 1459 1329 1514 ad
1381 1475 1515 1513 eum
1550 1458 1744 1526 debet,
1769 1457 1993 1513 diutius

333 1558 678 1610 morentur:
715 1553 763 1606 si
796 1551 971 1607 modo
1004 1551 1161 1606 circa
1190 1549 1397 1604 horam
1428 1565 1648 1604 nonam
1682 1549 1873 1603 noctis
1903 1549 1994 1603 vel

334 1643 516 1698 etiam
543 1642 734 1696 serius
766 1641 885 1696 dux
917 1640 989 1695 de
1021 1638 1332 1710 eruptione
1364 1639 1582 1693 certior
1608 1639 1695 1708 ﬁt,
1718 1638 1993 1709 videtque

336 1732 642 1804 angustias
673 1729 978 1800 temporis,
1005 1733 1062 1783 et
1092 1728 1454 1799 praedatores
1481 1727 1764 1798 hostium,
1793 1727 1866 1782 de
1898 1727 1995 1782 die

333 1821 654 1893 profectos,
685 1821 898 1874 itinere
920 1824 1100 1874 noctu
1123 1835 1244 1872 non
1266 1818 1609 1873 intermisso
1632 1818 1842 1889 procul
1863 1835 1991 1874 esse

337 1910 575 1978 debere,
604 1910 853 1981 ﬁerique
876 1925 996 1964 non
1019 1912 1286 1980 posse,ut
1305 1907 1606 1979 dispersos
1627 1907 1764 1962 illos
1787 1907 1996 1979 depre-

325 1997 1325 2070 hendat:expeditoppugnationem
1337 1997 1994 2053 castroruminstruere.

330 2093 414 2143 Ac
429 2088 475 2143 si
494 2088 555 2142 in
574 2087 832 2155 loco,ubi
851 2086 1618 2158 considerunt,permanere
1634 2093 1820 2142 totum
1836 2087 1995 2142 diem

330 2177 562 2243 volunt,
594 2181 901 2247 comparet
921 2191 983 2230 se
1012 2175 1086 2230 ad
1107 2175 1574 2247 conﬂigendum,
1606 2177 1996 2247 quemadmo-

333 2266 477 2322 dum
525 2266 797 2337 superius
848 2265 919 2320 de
973 2266 1414 2337 oppugnatione
1454 2271 1785 2321 castrorum
1815 2267 1995 2322 insti-

333 2355 557 2411 tuenda
586 2355 990 2426 exposuimus.
1023 2354 1280 2409 Tametsi
1328 2371 1451 2409 non
1486 2356 1891 2427 persedebunt
1923 2373 1992 2413 eo

336 2444 493 2512 loco,
529 2444 688 2515 quod
719 2445 874 2500 224
904 2445 1316 2515 properabunt
1336 2461 1470 2500 cum
1501 2447 1880 2516 equestribus
1902 2465 1994 2502 co-

330 2535 448 2606 piis
477 2534 808 2606 praedatum
858 2535 1111 2605 egressis
1157 2534 1412 2589 celerius
1461 2535 1764 2607 conjungi.
1816 2538 1903 2591 Ita
1942 2537 1988 2592 si

329 2624 468 2678 illos
498 2624 614 2678 iter
641 2624 928 2679 facientes
979 2623 1375 2694 deprehendit
1425 2624 1564 2694 dux,
1609 2625 1886 2680 alacriter
1915 2626 1989 2681 ad

329 2729 576 2768 manum
600 2713 1031 2768 conserendam
1057 2729 1118 2767 se
1146 2713 1403 2780 invehat,
1429 2715 1582 2769 sicut
1609 2715 1672 2769 in
1703 2715 1895 2787 capite
1917 2715 1989 2769 de

327 2803 544 2858 itinere
577 2803 892 2870 exercitus,
945 2802 1183 2873 quando
1234 2818 1268 2857 a
1314 2803 1746 2874 praadatoribus
1784 2804 1990 2876 sejun-

325 2897 488 2947 ctum
516 2899 624 2959 est,
660 2891 1159 2964 praeseripsimus.
1193 2893 1330 2957 Quae
1364 2893 1412 2947 si
1439 2893 1642 2948 omnia
1671 2893 1990 2965 diligenter

321 2981 444 3038 dux
474 2982 662 3054 egerit
702 2981 879 3036 modo
932 2987 1070 3036 ante
1129 2981 1307 3046 dicto,
1341 2982 1628 3036 auxilium
1659 2982 1884 3037 habens
1916 3000 1987 3038 ex

320 3071 439 3126 Deo
469 3075 792 3142 sanctaque
825 3075 884 3126 et
914 3070 1296 3125 immaculata
1334 3073 1513 3126 Matre
1546 3071 1675 3142 ejus
1707 3072 1976 3143 Deipara,

315 3177 601 3234 magnum
632 3177 700 3216 ac
730 3160 1118 3216 memorabile
1149 3161 1380 3216 facinus
1411 3162 1654 3217 efﬁciet.

2110 562 2220 635 ἤδη
2270 563 2525 638 ἀνωτέρω
2582 562 3015 638 διετυπώσαμεν·
3075 565 3166 620 καὶ
3225 565 3274 621 si
3328 567 3588 642 παράσχῃ
3620 566 3769 642 αὐτῷ

2111 653 2240 714 Θεὸς
2303 653 2587 728 βοήθειαν,
2642 654 2731 708 καὶ
2804 651 3014 728 δυνηθῇ
3069 656 3169 723 τὴν
3229 657 3523 731 παράταξιν
3583 656 3764 712 αὐτῶν

2107 741 2477 819 τραυματίσαι
2531 745 2622 798 καὶ
2685 742 3038 818 καταδιῶξαι,
3091 747 3228 822 μέγα
3286 744 3442 823 ἔργον
3488 747 3576 802 καὶ
3623 750 3770 821 μνή-

2113 853 2223 904 μης
2255 830 2402 904 ἄξιον
2434 831 2759 892 ἐπιτελέσει.
2801 834 2867 891 Εἰ
2917 831 2976 890 δὲ
3031 834 3246 906 πλῆθός
3275 836 3389 892 ἐστι
3413 840 3511 891 τοῦ
3544 836 3680 892 λαοῦ
3712 837 3765 892 ἐν

2104 923 2173 994 τῇ
2231 924 2340 975 τῶν
2395 920 2611 998 ἐχθρῶν
2668 925 2986 998 παρατάξει,
3037 921 3158 979 δέον
3187 923 3309 998 ⁸ἐστὶ
3345 922 3642 980 σπουδάσαι
3672 925 3765 981 τὸν

2106 1011 2410 1085 στρατηγὸν
2471 1009 2776 1086 ἔμπροσθεν
2837 1013 3106 1087 γενέσθαι,
3165 1013 3216 1069 ἐν
3291 1017 3373 1076 οἷς
3424 1014 3658 1089 χωρίοις
3714 1017 3772 1072 οἱ

2104 1095 2368 1172 πολέμιοι
2424 1101 2522 1162 τὰς
2581 1098 2854 1176 ἐκδρομὰς
2912 1101 3262 1174 ἐποιήσαντο,
3309 1103 3369 1159 ἐκ
3401 1107 3509 1158 τῶν
3541 1101 3763 1170 ὄπισθεν

2106 1189 2282 1240 αυτῶν
2341 1187 2654 1262 γενόμενον.
2717 1188 2820 1245 Καὶ
2875 1189 3084 1245 τούτων
3146 1189 3606 1266 διεσκεδασμένων
3640 1193 3765 1250 ἐπι-

2101 1274 2412 1349 τυγχάνων,
2466 1276 2556 1331 καὶ
2611 1281 2681 1351 τῇ
2740 1277 2932 1350 ἐλασίᾳ
2998 1277 3377 1354 ἐκλελυμένων
3439 1282 3530 1337 καὶ
3589 1283 3766 1339 αὐτῶν

2101 1362 2329 1418 καὶτῶν
2376 1363 2560 1420 ’ίππων
2617 1367 2820 1437 αὐτῶν,
2877 1367 3120 1446 εὐχερῶς
3177 1370 3405 1434 τούτους
3459 1374 3766 1448 καταγωνί-

2105 1473 2251 1508 σεται
2301 1451 2372 1508 δι’
2429 1453 2565 1524 ὅλης
2623 1459 2722 1525 τῆς
2771 1458 3005 1533 ἡμέρας,
3066 1457 3437 1540 ἀναψηλαφῶν
3480 1462 3678 1524 αὐτοὺς
3710 1462 3764 1518 ἐν

2100 1547 2221 1604 τοῖς
2281 1543 2519 1619 χωρίοις
2577 1547 2662 1619 [Ρ.
2699 1548 2844 1620 bii]-
2904 1547 3185 1611 κάκείνους
3247 1552 3341 1624 μὶν
3387 1549 3536 1626 λόγῳ
3566 1551 3766 1628 ἀνδρα-

2101 1631 2286 1687 πόδων
2321 1636 2669 1705 καταστήσει,
2720 1636 2810 1690 καὶ
2870 1637 2947 1700 ὡς
3005 1637 3261 1714 βούλεται
3289 1645 3409 1704 τοῖς
3441 1644 3560 1697 κατ’
3589 1642 3768 1699 αὐτῶν

2102 1723 2393 1796 χρήσεται.
2425 1723 2568 1787 Τοὺς
2628 1722 2686 1780 δὲ
2743 1726 3021 1802 γεωργοὺς
3076 1725 3434 1806 ἐλευθερώσει
3463 1737 3563 1801 τῆς
3588 1731 3768 1807 αἰχμ-

2105 1812 2371 1884 αλωσίας,
2403 1815 2494 1870 καὶ
2555 1815 2606 1870 εἶ’
2656 1837 2710 1871 τι
2770 1816 2830 1871 ἃν
2889 1814 3088 1894 ἔτυχον
3112 1824 3222 1875 τῶν
3255 1820 3430 1877 αὐτῶν
3464 1818 3671 1880 λαϐεῖν.
3710 1823 3768 1879 Εἰ

2106 1899 2164 1956 δὲ
2192 1923 2254 1979 γε
2300 1905 2391 1958 καὶ
2442 1903 2668 1982 φούλκῳ
2717 1908 3017 1982 συναντήσῃ
3077 1913 3156 1981 τῷ
3212 1907 3289 1974 είς
3347 1910 3593 1988 φυλακὴν
3633 1911 3769 1968 ἐπα-

2102 1991 2464 2057 κολουθοῦντι
2562 1999 2671 2050 τῶν
2774 1994 3188 2068 ἐξελαυνόντων,
3263 2003 3762 2073 παρασκευασθήτω

2103 2083 2241 2157 πρὸς
2292 2082 2384 2137 τὸν
2434 2084 2569 2139 κατά
2619 2089 2713 2138 τοῦ
2745 2084 2992 2158 φούλκου
3023 2086 3290 2160 πόλεμον,
3322 2091 3502 2152 καθὼς
3549 2087 3762 2165 ἔμπρο-

2105 2174 2222 2228 σθεν
2257 2173 2539 2246 ἐξεθὲμεθα
2570 2177 2633 2243 ⁵⁸,
2683 2175 2773 2229 καὶ
2823 2175 2956 2230 Θεοῦ
3006 2178 3256 2251 συνεργίᾳ
3304 2185 3403 2247 τῆς
3432 2181 3546 2233 κατ’
3579 2180 3761 2235 αὐτῶν

2105 2261 2293 2337 μάχης
2325 2264 2604 2339 κρατήσει.
2655 2263 2718 2318 Εἰ
2780 2259 2837 2317 δέ
2891 2269 3009 2327 τοῖς
3067 2263 3120 2319 ἐν
3170 2269 3240 2340 τῇ
3292 2266 3433 2341 αὐτῇ
3472 2268 3625 2323 νυκτὶ
3657 2289 3763 2324 πα·

2103 2357 2355 2428 ραμεῖναι
2407 2352 2650 2408 σταλεῖσι
2696 2357 2818 2416 τοῖς
2870 2351 3167 2427 πολεμίοις
3211 2353 3421 2411 ἐναντία
3449 2357 3767 2428 ἀπηνήκασι

2101 2442 2490 2514 συναντέματα,
2549 2439 2638 2496 διὰ
2691 2442 2754 2496 τὸ
2814 2444 2985 2516 μήπω
3041 2441 3482 2518 προκαταλαϐεῖν
3543 2445 3763 2518 αὐτοὺς,

2099 2529 2190 2584 καὶ
2249 2530 2328 2594 εἷς
2380 2529 2507 2592 τοὺς
2565 2531 2766 2593 τόπους
2823 2532 3092 2606 γενέσθαι.
3153 2532 3204 2588 ἐν
3269 2536 3352 2597 οἷς
3382 2535 3446 2590 τὸ
3476 2536 3762 2613 φωσσάτον

2104 2619 2325 2694 βλέπειν
2357 2617 2646 2690 ἠδύναντο,
2676 2619 2766 2675 καὶ
2815 2621 2908 2684 τὰς
2959 2623 3138 2698 φωνὰς
3184 2623 3365 2676 αὐτῶν
3397 2622 3757 2694 ἐνωτίζεσθαι·

2097 2709 2184 2763 καὶ
2217 2710 2280 2763 τὸ
2339 2714 2566 2784 κοῦρσον
2629 2709 2805 2764 αὐτῶν
2866 2708 3226 2784 προεξῆλθεν,
3257 2712 3333 2776 ὡς
3361 2711 3596 2788 ἔφημεν,
3627 2715 3755 2789 πρὶν

2094 2808 2193 2866 την
2222 2799 2345 2872 περὶ
2399 2797 2598 2853 τούτου
2657 2793 2856 2872 ἀκριϐῆ
2916 2794 3103 2853 λαϐεῖν
3136 2799 3330 2862 αὐτοὺς
3361 2808 3463 2872 τῆς
3493 2802 3756 2874 ἀληθείας

2093 2886 2421 2961 κατάληψινο
2520 2887 2610 2942 καὶ
2709 2887 2770 2942 ἐκ
2841 2891 2939 2942 τοῦ
3012 2888 3267 2944 τοιούτου
3343 2894 3753 2966 συναντήματος

2098 2977 2355 3054 βραδῦναι
2415 2978 2506 3034 καὶ
2563 2977 2816 3054 χρονίσαι
2876 2973 3074 3050 συνὲϐη
3132 2981 3232 3049 τήν
3291 2981 3428 3057 πρὸς
3463 2983 3556 3038 τὸν
3589 3004 3754 3061 στρα-

2090 3069 2256 3144 τηγὸν
2289 3065 2774 3141 ἀποστελλομένην
2829 3062 3050 3143 βεϐαίαν
3083 3069 3417 3146 ἀπαγγελίαν
3450 3077 3547 3127 τοῦ
3573 3075 3751 3150 πράγ-

2095 3180 2288 3236 ματος,
2331 3158 2421 3213 καὶ
2475 3157 2539 3212 τὸ
2599 3157 2738 3232 πρὸς
2788 3157 2880 3211 τὸν
2941 3159 3242 3234 στρατηγὸν
3270 3159 3753 3236 ἀποστελλόμενον

324 3247 616 3323 μανδᾶτον·
679 3247 724 3303 εἰ
789 3248 884 3320 μὲν
944 3250 1080 3324 πρὸς
1141 3249 1284 3324 ὥραν
1343 3249 1564 3320 ἐννάτην
1620 3256 1723 3319 τῆς
1782 3255 1976 3316 νυκτὸς
2033 3254 2124 3310 καὶ
2180 3249 2430 3304 ἐπέκεινα
2487 3250 2847 3320 καταμηνυθῇ
2906 3248 2934 3302 ὁ
2989 3250 3296 3324 στρατηγὸς
3350 3250 3475 3326 περὶ
3532 3253 3753 3322 τούτου,

319 3337 410 3394 καὶ
467 3338 570 3412 ὁρᾷ
625 3337 687 3392 τὸ
747 3339 929 3392 στενὸν
999 3342 1096 3392 τοῦ
1153 3342 1372 3414 καιροῦ,
1432 3337 1548 3394 ἐπεὶ
1607 3341 1697 3394 καὶ
1753 3341 1816 3395 τὸ
1871 3347 2102 3414 κοῦρσον
2155 3343 2262 3394 τῶν
2323 3335 2612 3408 πολεμίων
2672 3333 2750 3390 ἔτι
2801 3343 2902 3405 τῆς
2955 3339 3166 3411 ἡμέρας
3222 3338 3622 3413 ἐπικρατούσης
3653 3345 3754 3413 τήν

321 3425 540 3496 κίνησιν
570 3423 890 3496 ἐποιήσατο,
924 3427 1016 3480 καὶ
1051 3423 1120 3480 δι’
1149 3425 1289 3497 ὅλης
1327 3433 1429 3496 τῆς
1463 3427 1654 3490 νυκτὸς
1705 3427 1897 3504 πόρῥω
1955 3449 2062 3483 που
2123 3427 2370 3503 γενέσθαι
2425 3421 2648 3497 ἔμελλε,
2706 3423 2798 3478 καὶ
2857 3424 2919 3479 οὐ
2979 3423 3230 3498 δυνατὸν,
3285 3429 3513 3492 τούτους
3545 3428 3754 3488 διεσκε-

323 3512 624 3588 δασμὲνους
651 3510 1001 3570 καταλαϐεῖν·
1036 3517 1149 3589 χρὴ
1182 3515 1342 3570 αὐτὸν
1391 3515 1467 3578 είς
1527 3518 1620 3571 τὸν
1678 3516 1814 3570 κατά
1867 3521 1964 3570 τοῦ
2019 3517 2306 3592 φωσσάτου
2366 3513 2782 3589 εὐτρεπισθῆναι
2811 3512 3188 3587 πόλεμον.Λαὶ
3220 3515 3266 3570 εί
3301 3518 3394 3590 μὶν
3430 3517 3754 3594 δινημερεῦ-

321 3625 409 3659 σαι
446 3603 799 3680 βουληθῶσιν
834 3604 886 3659 ἐν
921 3605 967 3676 ᾧ
995 3605 1310 3674 αὐΛίζονται
1367 3605 1542 3678 τόπῳ,
1602 3613 2115 3679 παρασκευασθῆναι
2167 3605 2327 3660 αὐτὸν
2389 3603 2465 3666 είς
2520 3603 2620 3672 τήν
2673 3604 2792 3657 κατ’
2840 3602 3238 3679 αὐτῶνμάχην,
3285 3607 3466 3671 καθὼς
3496 3608 3753 3685 ἀνωτέρω

319 3696 412 3749 τὸν
469 3695 607 3750 κατά
658 3697 758 3749 τοῦ
817 3696 1107 3770 φωσσάτου
1162 3695 1411 3767 πόλεμον
1466 3695 1709 3768 γενέσθαι
1769 3693 2076 3767 ἐξεθὲμεθα.
2133 3692 2292 3753 Ἀλλ’
2351 3693 2450 3749 οὐκ
2500 3691 2563 3749 ἂν
2619 3689 3074 3767 διημερεύσουσιν
3135 3694 3188 3749 ἐν
3247 3696 3400 3770 αὐτῷ
3445 3701 3524 3770 τῷ
3555 3698 3754 3775 χώρῳ,

322 3782 412 3838 διὰ
467 3785 528 3838 τὸ
588 3781 991 3858 κατεπείγεσθαι
1048 3789 1168 3846 ταῖς
1229 3785 1480 3845 ἱππικαῖς
1540 3783 1717 3837 αὐτῶν
1777 3781 2038 3857 δυνάμεσι
2090 3790 2212 3847 ταῖς
2271 3784 2349 3846 εἰς
2409 3781 2559 3838 λείαν
2619 3780 3023 3858 ἐκδράμούσαις
3079 3784 3274 3859 τάχιον
3327 3785 3613 3857 ἐνωθῆναι.
3647 3791 3755 3846 Καὶ

322 3870 763 3946 ὁδοιπορούντων
799 3870 974 3927 αὐτῶν
1008 3872 1390 3948 ἐπιτυγχάνων
1424 3874 1452 3927 ὁ
1486 3871 1811 3948 στρατηγὸς,
1843 3874 2144 3947 προθύμως
2174 3873 2250 3935 είς
2295 3873 2388 3928 τὸν
2439 3873 2556 3927 κατ’
2603 3870 2780 3926 αὐτῶν
2814 3872 3116 3947 ὁρμησάτω
3147 3873 3418 3949 πόλεμον,
3447 3877 3625 3941 καθὼς
3657 3880 3753 3934 καὶ

331 3961 588 4036 περὶτοῦ
617 3959 668 4015 ἐν
726 3965 796 4036 τῇ
857 3960 1144 4033 ὁδοιπορίᾳ
1202 3958 1495 4036 φωσσέἱτου
1554 3959 2065 4036 διακεχωρισμένου
2122 3967 2219 4017 τοῦ
2275 3962 2512 4036 κούρσου
2571 3961 2620 3997 ⁸ο
2675 3963 3109 4038 προειρήκαμεν.
3145 3965 3252 4021 Καὶ
3281 3967 3456 4020 πάντα
3485 3965 3740 4040 ἐπιμελῶ

334 4053 625 4111 ποιοῦντος
655 4049 751 4104 τοῦ
779 4055 1084 4127 στρατηγοῦ
1114 4051 1251 4106 κατὰ
1274 4051 1376 4118 τὴν
1407 4049 1675 4125 προτέραν
1708 4047 1970 4123 διάταξιν,
2001 4052 2103 4122 τήν
2129 4055 2226 4105 τοῦ
2259 4055 2394 4106 Θεοῦ
2415 4048 2561 4126 ἔχων
2594 4050 2850 4126 βοήθειαν
2883 4051 2974 4106 καὶ
3004 4059 3107 4122 τῆς
3136 4052 3297 4130 ἁγίας
3326 4057 3416 4111 καὶ
3449 4059 3768 4132 παναχράν-

326 4159 425 4193 του
456 4140 680 4216 Μητρὸς
709 4139 876 4195 αὐτοῦ
905 4141 998 4194 καὶ
1027 4140 1318 4207 Θεοτόκου,
1352 4137 1599 4212 μεγάλην
1627 4139 1716 4193 καὶ
1748 4138 2034 4212 ἀξιόλογον
2071 4137 2320 4196 δουλείαν
2348 4138 2670 4196 ἐπιτελὲσει.

793 4259 926 4314 CAP.
960 4260 1076 4315 XV.
1130 4261 1210 4313 De
1241 4258 1518 4314 cautione.

392 4369 763 4440 Quapropter
792 4373 873 4438 te,
905 4385 937 4423 o
967 4367 1107 4433 dux,
1149 4369 1387 4436 oportet
1432 4365 1802 4436 vigilantiam
1833 4382 1980 4422 cau-

320 4456 669 4528 tionemque
700 4473 941 4512 omnem
973 4453 1279 4522 adhibere,
1318 4471 1393 4510 ne
1436 4454 1691 4510 subitam
1721 4455 1841 4510 vim
1873 4474 1979 4528 pa-

314 4545 486 4613 tiare,
519 4562 664 4602 neve
688 4546 760 4601 de
787 4543 1107 4616 improviso
1131 4543 1193 4598 in
1217 4548 1272 4599 te
1297 4543 1498 4599 hostes
1520 4545 1978 4616 impressionem

312 4634 556 4690 faciant.
591 4637 804 4690 Tutum
835 4638 1034 4690 autem
1065 4637 1406 4704 tectumque
1455 4638 1510 4689 te
1560 4635 1890 4706 praestabis,
1926 4637 1975 4690 si

316 4724 567 4797 singulis
600 4723 812 4779 diebus
843 4723 1165 4778 mittuntur
1208 4740 1241 4778 a
1291 4729 1344 4778 te
1377 4723 1477 4795 qui
1513 4725 1835 4779 exercitum
1867 4725 1971 4781 ho-

313 4814 492 4869 stium
525 4814 932 4886 speculentur,
985 4829 1052 4867 eo
1103 4813 1230 4868 loco
1278 4813 1377 4868 ubi
1427 4811 1783 4870 consederit.
1829 4815 1973 4870 Dili-

307 4903 568 4973 gentiam
583 4902 744 4958 enim
759 4899 1048 4956 adhibent
1062 4919 1420 4976 omnemque
1435 4905 1717 4960 rationem
1736 4904 1966 4973 ineunt,

309 4993 817 5064 quemadmodum
842 5009 950 5048 nec
970 4994 1209 5065 opinato
1225 4995 1330 5050 tibi
1345 4995 1970 5067 superveniant,teque

305 5081 751 5154 opprimant,ad
766 5081 1165 5140 calamitatem
1190 5089 1249 5139 et
1270 5084 1740 5139 internecionem
1763 5084 1968 5155 populi

304 5171 1966 5245 christiani,ignominiambellipotentiumRomanorum,

305 5259 622 5316 elationem
657 5265 857 5317 autem
905 5269 1084 5334 atque
1129 5262 1522 5333 jactationem
1556 5261 1964 5332 arrogantium

305 5347 566 5406 ﬁliorum
625 5351 798 5422 Agar,
858 5350 1261 5406 inﬁciatorum
1321 5349 1540 5403 Christi
1603 5349 1704 5404 Dei
1735 5349 1961 5404 nostri:

2012 4234 2059 4298 D

2481 4259 2651 4315 ΚΕΦ.
2697 4257 2796 4314 ΙΕ’.
2858 4257 2989 4333 Περὶ
3039 4257 3359 4338 ἀσφαλείας.

2165 4367 2258 4418 Δεῖ
2314 4360 2404 4418 οὖν
2462 4384 2540 4433 σε,
2598 4361 2642 4418 ὦ
2700 4363 2988 4440 στρατηγὶ,
3043 4369 3215 4421 πᾶααν
3305 4366 3600 4445 ἀσφάλειαν
3662 4373 3760 4426 καί

2091 4450 2340 4529 φυλακὴν
2375 4451 2544 4530 ἔχειν,
2593 4457 2691 4509 τοῦ
2729 4454 2804 4527 μὴ
2863 4451 3249 4526 αίφνιδιασμὸν
3299 4456 3625 4530 ὑποστῆναι,
3656 4459 3753 4514 καὶ

2087 4539 2374 4613 ἀδοκήτως
2401 4543 2528 4608 τοὺς
2555 4541 2862 4617 πολεμίους
2895 4544 3033 4598 κατά
3063 4544 3158 4599 σοῦ
3205 4545 3306 4614 τὴν
3349 4543 3542 4624 ἔφοδον
3574 4547 3751 4625 ἐργά-

2087 4644 2300 4696 σασθαι.
2331 4633 2504 4704 Ἕξεις
2535 4630 2593 4688 δὲ
2645 4634 2744 4703 τήν
2800 4631 3049 4710 φυλακὴν
3109 4633 3199 4688 καὶ
3253 4633 3575 4710 ἀσφάλειαν,
3607 4635 3663 4693 εἷ’
3686 4660 3756 4714 γε

2083 4724 2204 4786 καθ’
2260 4721 2488 4794 ἑκάστην
2551 4723 2761 4798 ἡμέραν
2818 4720 3254 4779 ἀποστέλλονται
3336 4726 3482 4801 παρά
3539 4731 3635 4782 σοῦ
3693 4731 3751 4784 οἱ

2083 4811 2399 4887 ὀφείλοντες
2429 4811 2766 4887 παραμένειν
2822 4815 2902 4883 τῷ
2960 4815 3068 4866 τῶν
3124 4811 3410 4888 πολεμίων
3453 4818 3748 4892 φωσσάτῳ,

2081 4899 2134 4955 ἐν
2194 4900 2239 4975 ᾧ
2295 4902 2450 4974 τόπῳ
2506 4900 2842 4970 αὐλίζονται.
2905 4901 3158 4958 Ἐκείνων
3213 4905 3315 4980 γὰρ
3366 4901 3454 4959 διὰ
3500 4905 3750 4978 σπουδῆς

2077 4987 2380 5061 τιθεμένων
2430 4988 2517 5043 καὶ
2566 4994 2738 5043 πᾶσαν
2789 4990 2877 5065 [Ρ.
2913 4992 3037 5064 145]
3091 4993 3353 5066 μηχατὴν
3395 4988 3751 5052 καταϐαλλο-

2083 5082 2282 5152 μένων,
2315 5076 2602 5149 ἀδοκήτως
2661 5100 2749 5134 σοι
2811 5079 3080 5154 ἐντυχεῖν,
3116 5085 3213 5136 τοῦ
3270 5083 3748 5174 καταγωνίσασθαί

2078 5189 2158 5238 σε,
2191 5169 2270 5230 εἷς
2331 5162 2548 5244 βλάϐην
2608 5169 2702 5242 μὲν
2763 5171 2856 5224 καὶ
2915 5169 3192 5226 ἀπώλειαν
3225 5175 3321 5226 τοῦ
3349 5162 3744 5249 χριστωνύμου

2078 5257 2235 5328 λαοῦ,
2283 5257 2374 5312 καὶ
2427 5255 2642 5331 ἀδοξίαν
2696 5263 2805 5314 τῶν
2860 5261 3263 5335 κραταιοτάτων
3311 5263 3629 5336 Ῥωμαιων*
3665 5265 3744 5330 είς

2076 5344 2298 5422 ἔπαρσιν
2359 5344 2416 5402 δὲ
2468 5348 2558 5403 καὶ
2616 5349 2894 5425 γαυρίαμα
2947 5353 3054 5405 τῶν
3110 5349 3391 5422 ἀλαζόνων
3441 5359 3542 5424 τῆς
3571 5357 3742 5435 ’Ἅγαρ

1512 5503 1573 5558 C.
1623 5503 1685 5560 Β.
1729 5503 1920 5560 HASII
1966 5504 2528 5562 ANNOTATIONES.

375 5666 419 5700 5°
447 5663 724 5738 ἐξθέμεθα.
765 5663 889 5718 Vid.
925 5679 1121 5736 supra.
1159 5666 1273 5720 131.
1313 5664 1384 5722 D.

1461 5665 1510 5700 θο
1537 5664 1795 5739 κούρσου.
1830 5666 1956 5722 Vid.
2001 5682 2199 5739 supra.
2241 5667 2363 5722 132-
2398 5667 2464 5724 Β.
