4096 6470
318 385 448 447 973

1604 375 2034 440 VELITATIO
2075 375 2430 439 BELLILA.

3640 389 3762 451 974

316 521 458 577 οἰῶν
515 517 610 573 καὶ
665 513 919 588 ἀρνητῶν
978 515 1219 592 Χριστοῦ
1293 518 1429 571 Θεοῦ
1504 515 1690 587 ἡμῶνο
1749 507 1985 587 συμϐαί-

2096 514 2318 570 etenim
2350 532 2463 572 usu
2507 519 2684 585 venit,
2736 523 2802 574 ut
2849 519 3093 591 quidam
3143 521 3216 576 de
3273 523 3496 579 nostris
3547 525 3762 597 captivi

317 629 399 666 νει
457 607 563 684 γάρ
623 605 1050 678 κατασχεθῆναι,
1111 605 1242 680 παρ’
1293 603 1481 666 αὐτοῖς
1541 601 1822 678 δεσμώτας
1879 606 1988 656 τῶν

314 701 635 775 ἡμετέρων,
666 695 702 766 ἢ
734 696 823 751 καὶ
887 693 1240 768 αὐτομόλους
1293 693 1536 772 γενέσθαι
1594 695 1685 749 καὶ
1734 695 1860 769 παρ’
1895 692 1990 748 αὐ-

317 795 432 846 τῶν
465 791 680 863 μαθεῖν,
712 783 766 840 ἐν
797 783 942 858 ποίῳ
983 785 1140 858 τόπῳ
1187 782 1414 859 αὐλίζῃ.
1447 785 1542 842 Ἵν’
1574 785 1663 838 οὗν
1691 785 1768 856 μὴ
1799 783 1991 847 νυκτὸς

318 880 418 941 τάς
475 876 704 938 ἱππικάς
763 872 1023 948 δυνάμεις
1077 872 1253 929 αὐτῶν
1313 872 1637 946 ἀνελόμενοι
1697 871 1987 943 ἐξελάσωσι

323 961 650 1026 καταλαϐεῖν
707 986 787 1034 σε,
836 963 928 1019 καὶ
986 961 1274 1036 ἀδοκήτως
1321 959 1640 1018 ἐπιπέσωσι·
1690 959 1780 1016 διὰ
1820 965 1989 1016 ταῦτα

330 1055 456 1115 δέον
509 1055 634 1118 τοὺς
689 1055 1129 1129 παραμένοντας,
1187 1055 1353 1122 ἡνικα
1420 1059 1524 1123 τῆς
1581 1057 1831 1126 ταραχῆς
1890 1047 1988 1104 τοῦ

327 1148 466 1206 λαοῦ
511 1151 619 1203 τῶν
679 1143 968 1219 πολεμίων
1020 1143 1313 1209 αῗσθωνται
1361 1143 1500 1216 πρὸς
1529 1142 1768 1214 κίνησιν,
1792 1140 1989 1204 εὐθέως

317 1240 478 1314 τάχει
527 1234 730 1308 πολλῷ
778 1237 1181 1309 καταμηνῦσαι,
1213 1233 1296 1289 ὅτι
1337 1253 1396 1289 τε
1426 1234 1454 1288 ὁ
1487 1231 1617 1294 λαὸς
1651 1229 1984 1306 διεταράχθη

315 1327 456 1403 πρὸς
512 1324 741 1398 κίνημα
801 1321 969 1381 πάλιν
1025 1320 1084 1378 δὲ
1135 1321 1568 1392 ἀποκινούντων,
1628 1317 1698 1375 δι’
1757 1317 1875 1381 οἵας
1924 1317 1984 1373 ἂν

315 1414 450 1472 ὁδοῦ
478 1415 580 1484 τήν
629 1413 854 1489 πορείαν
913 1417 1201 1468 ποιῶνται·
1261 1412 1352 1466 καὶ
1407 1409 1560 1474 αὖθις
1592 1407 1983 1482 καταμηνύειν,

314 1505 426 1562 δτι
455 1526 518 1561 τε
569 1504 786 1574 πλῆθος
841 1501 980 1558 λαοῦ
1039 1502 1396 1574 ἀπεκίνησαν,
1453 1501 1545 1556 καὶ
1603 1497 1671 1569 ἤν
1727 1496 1850 1554 ὁδὸν
1883 1519 1988 1552 πο-

314 1594 591 1671 ρεύονται,
625 1591 730 1648 εἴτε
761 1593 991 1653 ἅπαντες
1041 1589 1135 1647 σὺν
1182 1595 1263 1664 τῷ
1315 1593 1546 1662 πεζικῷ,
1576 1585 1683 1644 εἷ’τε
1714 1588 1764 1643 οἱ
1795 1589 1985 1649 ἱππεῖς

317 1685 510 1758 μόνοι.
563 1683 626 1741 Ὀ
679 1679 736 1737 δὲ
795 1681 1102 1756 στρατηγὸς
1165 1681 1242 1754 μή
1292 1677 1560 1756 θαρῥείτω
1616 1697 1780 1750 μονον
1811 1675 1888 1738 εἰς
1919 1677 1984 1731 τά

316 1772 603 1850 έρχόμενα
657 1771 796 1847 πρὸς
856 1770 1016 1826 αὐτὸν
1081 1766 1324 1843 μανδᾶτα
1388 1771 1496 1823 τῶν
1555 1765 1979 1841 παραμενόντων

305 1867 433 1925 τοῖς
462 1857 961 1959 πολεμίοιςζάλὶλά
1004 1858 1094 1959 κμὶ
1150 1857 1342 1959 βίχλας
1389 1856 1564 1959 ἐχέτω
1595 1853 1815 1959 διπλᾶς,
1848 1853 1982 1959 ἔξω·
2007 1893 2055 1959 Β

310 1949 482 2026 ϐιγλα
520 1950 611 2006 καὶ
661 1945 964 2024 έσώῦιγλα,
1023 1943 1164 2004 ἔστιν
1222 1949 1312 2003 ὅτε
1365 1947 1454 2003 καὶ
1512 1946 1767 2024 τριπλᾶς·
1799 1945 1891 2000 καὶ
1922 1943 1973 1999 έν

313 2042 472 2096 νυκτί
536 2039 632 2114 μὲν
687 2039 782 2101 τάς
841 2035 1002 2100 ὁδοὺς
1062 2035 1374 2116 φυλάττειν,
1422 2036 1511 2090 καὶ
1573 2033 1623 2090 έν
1677 2036 1759 2096 οἷς
1783 2035 1978 2095 τόποις

315 2125 569 2186 διάϐασιν
624 2129 893 2207 ὑφορᾶται
949 2126 1261 2202 πολεμίων⁹
1321 2126 1373 2182 ἐν
1432 2126 1616 2201 ἡμέρᾳ
1645 2122 1722 2197 δὲ,
1758 2125 1835 2197 μὴ
1873 2124 1976 2197 μό-

310 2243 408 2278 νον
437 2222 535 2284 τάς
568 2218 730 2283 ὁδοὺς
788 2217 1074 2298 φυλάττειν
1131 2218 1259 2281 τοὺς
1321 2217 1680 2294 βιγλάτορας,
1711 2214 1859 2270 ἀΛλά
1885 2213 1978 2270 καὶ

311 2310 392 2373 εἷς
446 2310 651 2372 τόπους
709 2309 1032 2385 ἀνέρχεσθαι
1113 2306 1511 2382 ὑψηλοτάτους
1571 2304 1708 2381 πρὸς
1762 2304 1826 2360 τὸ
1887 2301 1978 2360 δό-

309 2401 500 2457 νασθαι
534 2397 734 2462 αὐτοὺς
783 2397 1026 2474 εὐχερῶς
1087 2399 1215 2474 ὁρᾷν
1277 2398 1354 2472 μὴ
1409 2395 1573 2470 μόνον
1623 2393 1857 2458 καπνοὺς
1888 2393 1979 2450 καὶ

306 2487 650 2564 κονιορτοὺς,
701 2485 848 2544 ἀλλά
902 2486 993 2543 καὶ
1051 2485 1221 2549 λαοὺς
1275 2490 1384 2542 τῶν
1454 2484 1767 2558 πολεμίων,
1828 2481 1979 2559 εἷ’περ

311 2575 610 2655 ἔρχωνται.
646 2576 909 2641 Πλείονας
957 2573 1014 2632 δὶ
1072 2577 1206 2632 εἶναι
1262 2576 1357 2638 τάς
1397 2574 1599 2653 βίγλας
1628 2571 1858 2651 ἔφημεν,
1892 2571 1982 2628 διὰ

311 2669 402 2737 τὸ,
455 2667 505 2722 εἴ
554 2688 686 2722 ποτε
745 2662 932 2741 συμϐῇ
987 2667 1088 2736 τὴν
1147 2664 1372 2742 πρώτην
1409 2665 1512 2720 ὑπὸ
1555 2669 1664 2720 τῶν
1695 2663 1983 2736 πολεμίων

325 2754 561 2828 ἁλῶναι,
608 2758 646 2826 ἡ
698 2756 812 2830 μετ’
872 2753 1104 2826 ἐκείνην,
1159 2753 1287 2817 τοὺς
1346 2752 1651 2827 πολεμίους
1684 2753 1980 2828 θεωροῦσα,

324 2849 408 2917 τῷ
457 2850 746 2920 στρατηγῷ
799 2845 902 2914 τὴν
957 2849 1066 2899 τῶν
1122 2843 1337 2920 ἐχθρῶν
1396 2840 1719 2916 καταμηνύῃ
1749 2839 1980 2897 ἔλευσιν.

314 2931 416 2988 Καὶ
475 2929 558 2994 δίς
615 2929 673 2988 δὲ
725 2931 779 2988 έν
839 2931 994 2986 νυκτὶ
1055 2929 1490 3005 μεταπληκεύειν
1543 2929 1626 2985 δεῖ
1661 2930 1752 2985 τὸν
1786 2950 1982 3005 στρατ-

313 3023 474 3097 ηγὸν,
504 3022 596 3077 καὶ
626 3020 682 3078 έν
711 3022 896 3098 ἡμέρᾳ
945 3019 1226 3083 ὡσαύτῶς.
1275 3020 1378 3078 Καὶ
1420 3016 1850 3094 μεταπληκεύων
1887 3019 1982 3093 μὲν

313 3111 444 3174 τοὺς
507 3109 841 3188 βιγλάτορας
905 3111 1022 3185 μετ’
1085 3109 1250 3165 αὐτοῦ
1309 3105 1656 3183 λαμϐανέτω⁸
1712 3108 1984 3180 καταλιμ-

315 3199 531 3256 πανέτω
581 3197 642 3255 δὲ
699 3199 751 3256 ἐν
812 3199 860 3273 ᾧ
917 3198 1070 3272 τόπῳ
1120 3197 1462 3271 ηὐλίζετο
1517 3195 1777 3274 ἄνδραςῆ
1811 3197 1976 3272 ὀκτὼ,

312 3290 441 3354 τοὺς
510 3287 921 3366 ὑποδοχαρίους
991 3288 1390 3363 καλουμένους,
1469 3289 1605 3362 μετὰ
1677 3288 1765 3342 καὶ
1832 3308 1976 3350 τινος

317 3378 596 3456 ἄρχοντος
656 3382 766 3434 τῶν
812 3377 1130 3454 χρησίμων·
1179 3379 1271 3433 ἳνα
1337 3378 1390 3433 οἱ
1436 3378 1786 3450 πεμπόμενοι
1835 3375 1978 3451 παρά

311 3475 419 3525 τῶν
447 3469 871 3547 παραμενόντων
924 3473 1042 3530 τοῖς
1099 3465 1327 3542 ἐχθροῖς
1393 3463 1636 3542 μανδᾶτα
1695 3465 1975 3543 φέροντες,

2097 604 2264 672 ﬁant,
2297 611 2399 661 aut
2428 608 2844 681 transfugiant,
2877 611 3036 667 unde
3093 611 3442 680 doceantur,
3477 631 3594 685 quo
3626 615 3760 671 loco

2096 693 2328 748 tendas.
2378 696 2566 768 Igitur
2605 713 2681 752 ne
2731 704 2910 754 noctu
2959 708 3264 772 assumpto
3296 703 3569 774 equitatu
3603 706 3754 765 225

2095 789 2372 839 moveant
2398 785 2473 840 ad
2503 791 2556 840 te
2588 787 3196 862 invadendum,teque
3222 791 3544 863 improviso
3565 795 3760 867 Oppri-

2094 880 2259 930 mant
2285 891 2298 931 :
2322 875 2544 932 idcirco
2592 883 2827 949 oportet
2871 881 3294 952 speculatores,
3329 883 3508 938 simul
3539 901 3607 941 ac
3636 885 3758 942 fre-

2093 962 2173 1017 mi
2184 969 2306 1018 tum
2319 967 2672 1036 profecturas
2687 968 3089 1025 multitudinis
3101 971 3257 1042 apud
3271 972 3471 1028 hostes
3485 975 3752 1044 audiant,

2092 1053 2404 1108 confestim
2427 1057 2845 1126 properatione
2887 1075 3101 1132 magna
3129 1061 3494 1128 renuntiare,
3528 1064 3745 1118 cooriri

2091 1140 2291 1211 cupias
2321 1141 2396 1196 ad
2427 1142 2690 1199 abitum:
2736 1144 2974 1214 deinde,
3008 1151 3322 1219 postquam
3355 1149 3575 1220 egressi
3607 1150 3750 1220 sint,

2091 1245 2211 1299 qua
2239 1229 2334 1285 via
2364 1230 2478 1284 iter
2503 1230 2762 1287 faciant:
2797 1233 3056 1306 denique
3105 1235 3254 1291 illud
3287 1253 3523 1310 quoque
3555 1238 3752 1296 decla-

2091 1333 2249 1384 rare,
2281 1325 2517 1390 quantaa
2572 1323 2757 1393 copim
2818 1323 3093 1394 exierint,
3156 1341 3274 1396 qua
3323 1333 3512 1398 parte,
3550 1332 3752 1386 utrum

2092 1407 2351 1462 universi
2395 1426 2530 1464 cum
2562 1410 2851 1482 peditatu,
2886 1429 2962 1467 an
3008 1414 3236 1485 equites
3268 1415 3399 1470 soli.
3434 1418 3632 1488 Neque
3662 1423 3753 1474 ta-

2091 1512 2232 1552 men
2264 1497 2379 1552 dux
2413 1499 2555 1553 solis
2606 1500 3143 1572 signiﬁcationibus
3192 1521 3227 1559 a
3275 1505 3750 1576 speculatoribus

2088 1585 2261 1641 factis
2295 1587 2473 1642 ﬁdem
2506 1588 2680 1644 debet
2713 1589 2998 1658 tribuere,
3043 1591 3148 1647 sed
3193 1593 3480 1650 stationes
3511 1612 3748 1668 quoque

2089 1675 2349 1730 habeant
2372 1675 2993 1747 duplices,exteriores
3007 1685 3065 1735 et
3081 1682 3748 1754 interiores,aliquando

2090 1765 2268 1819 etiam
2301 1765 2566 1836 triplices
2592 1783 2605 1820 :
2631 1772 2830 1835 noctu,
2883 1775 2949 1823 ut
2995 1769 3117 1825 vias
3145 1776 3203 1825 et
3233 1771 3359 1827 loca
3388 1773 3750 1842 custodiant,

2089 1871 2208 1926 qua
2255 1854 2456 1909 hostes
2513 1860 2830 1926 erupturos
2899 1857 3274 1930 suspicatur:
3341 1861 3628 1932 interdiu,
3686 1869 3754 1919 ut

2086 1943 2460 1999 excubitores
2486 1960 2606 1999 non
2631 1944 2826 2000 solum
2849 1945 3068 2002 itinera
3088 1947 3537 2014 observent,sed
3568 1953 3748 2007 etiam

2082 2033 2146 2088 in
2167 2032 2299 2088 loca
2320 2031 2651 2089 editissima
2673 2034 2944 2105 evadant,
2965 2037 3124 2091 unde
3146 2037 3337 2093 femos
3369 2043 3428 2093 et
3447 2039 3746 2111 pulveres,

2082 2127 2211 2178 tum
2242 2122 2422 2177 etiam
2452 2121 2656 2194 globos
2686 2123 2970 2190 hostium,
3013 2125 3061 2180 si
3121 2127 3223 2198 qui
3253 2129 3512 2197 veniant,
3545 2130 3745 2186 videre

2084 2212 2252 2267 nullo
2283 2212 2519 2281 negotio
2561 2213 2814 2283 possint.
2864 2213 3072 2270 Plures
3120 2222 3320 2272 autem
3365 2234 3495 2273 esse
3525 2219 3742 2276 debere

2087 2301 2366 2356 excubias
2396 2300 2528 2356 ideo
2561 2301 2841 2369 diximus,
2873 2309 2960 2370 ut,
2994 2305 3042 2358 si
3075 2307 3313 2376 quando
3344 2308 3510 2379 prior
3537 2308 3610 2364 ab
3643 2309 3747 2365 ad-

2083 2391 2362 2447 versariis
2393 2392 2723 2464 intercepta
2753 2393 2848 2462 sit,
2883 2399 3082 2450 tamen
3115 2397 3437 2475 quaacitra
3476 2403 3610 2469 stet,
3642 2400 3749 2454 ho-

2089 2487 2210 2536 stes
2242 2479 2607 2552 conspicata,
2643 2497 2850 2536 eorum
2882 2483 3204 2540 adventum
3234 2487 3580 2542 renuntiare
3613 2487 3751 2543 duci

2087 2570 2297 2643 possit.
2331 2570 2658 2625 Stationem
2688 2570 2780 2625 bis
2813 2573 3080 2642 qualibet
3105 2579 3280 2629 nocte
3313 2580 3544 2631 mutare
3578 2575 3755 2631 debet

2089 2660 2231 2728 dux,
2263 2665 2322 2716 et
2356 2660 2528 2715 toties
2559 2661 2766 2731 quovis
2797 2661 2912 2717 die.
2947 2664 3073 2729 Qua
3099 2664 3161 2719 in
3191 2665 3546 2738 migratione
3580 2683 3756 2722 excu-

2088 2750 2313 2805 bitores
2345 2766 2549 2805 secum
2582 2749 2968 2807 transducat:
3033 2754 3094 2807 in
3156 2753 3286 2809 loco
3343 2760 3563 2822 autem,
3598 2757 3757 2812 unde

2090 2841 2294 2909 movit,
2325 2840 2629 2912 relinquat
2659 2858 2760 2897 sex
2791 2848 2895 2897 aut
2923 2848 3054 2898 octo
3082 2844 3304 2900 milites
3330 2863 3344 2901 :
3386 2863 3534 2916 quos
3569 2847 3759 2918 hypo-

2093 2929 2407 2985 docbarios
2433 2945 2737 2998 vocamus,
2764 2947 2899 2986 cum
2932 2931 3134 3003 aliquo
3166 2933 3323 2988 bono
3355 2934 3668 3005 praefecto:
3692 2940 3760 2990 ut

2091 3019 2261 3075 missi
2292 3035 2327 3074 a
2357 3018 2832 3090 speculatoribus
2882 3022 3101 3088 nuntii,
3151 3021 3200 3076 si
3249 3023 3618 3092 advenerint,
3649 3041 3759 3096 per

2091 3110 2203 3166 hos
2234 3109 2308 3166 ad
2339 3109 2551 3164 ducem
2584 3110 3008 3182 perducantur.
3044 3113 3175 3184 Ipse
3209 3113 3348 3184 dux,
3382 3131 3498 3186 quo
3529 3116 3592 3172 in
3622 3116 3754 3172 loco

2093 3201 2248 3259 226
2280 3201 2476 3256 denuo
2508 3201 2799 3270 considet,
2833 3201 2972 3257 inde
3019 3219 3226 3259 rursus
3277 3206 3563 3261 stationes
3595 3211 3758 3262 exte-

2091 3290 2280 3346 riores
2311 3289 2592 3346 dimittat.
2663 3291 2792 3346 Sint
2846 3297 3048 3347 autem
3104 3293 3168 3348 in
3199 3294 3468 3364 qualibet
3502 3297 3756 3352 statione

2090 3379 2314 3436 milites
2346 3380 2657 3452 quaterni:
2717 3386 2799 3449 ut,
2858 3381 3016 3436 binis
3073 3389 3254 3438 noctu
3299 3383 3759 3458 dormientibus,

2090 3467 2218 3523 bini
2248 3468 2489 3540 vigilare
2525 3474 2764 3540 queant.

317 3559 781 3636 προσερχόμενοι,
812 3554 884 3613 δι’
935 3556 1112 3612 αὐτῶν
1163 3562 1246 3631 τῷ
1301 3561 1590 3633 στρατηγῷ
1647 3555 2118 3630 ἄποκομίζωνται·
2179 3556 2232 3610 έν
2293 3557 2338 3628 ᾧ
2399 3553 2457 3610 δὲ
2513 3555 2678 3611 πάλιν
2713 3556 2865 3630 τόπῳ
2897 3557 2925 3611 ὁ
2957 3560 3264 3634 στρατηγὸς
3293 3558 3760 3631 ἀπληκεύσει,τά

322 3644 594 3724 έεώϐιγλα
623 3643 1034 3704 ἀποπελλέτω.
1068 3648 1347 3704 Ἔστωσαν
1382 3643 1441 3702 δὲ
1469 3645 1570 3700 ἀνά
1596 3645 1849 3720 τέσσαρες
1876 3641 2066 3721 ἄνδρες
2096 3643 2149 3701 ἐν
2183 3644 2393 3718 ἑκάστῳ
2425 3642 2647 3720 σταδίῳ·
2696 3643 2808 3718 ἵνα,
2860 3651 2966 3702 τῶν
3001 3645 3096 3702 δύο
3128 3645 3496 3706 καθευδόντων
3529 3653 3758 3723 νυκτὸς,

363 3735 517 3792 οὶδύο
546 3741 910 3816 γρηγορῶσιν.

469 3897 554 3970 [Ρ.
600 3896 725 3970 146]
758 3897 924 3953 ΚΕΦ.
985 3893 1080 3964 Ιζ.
1111 3895 1275 3970 -.[Ιᾌερὶ
1326 3891 1720 3970 διαχωρισμοῦ
1748 3896 1847 3947 τοῦ

1025 3964 1291 4023 τοῦλδόυ.

397 4127 492 4179 Δεῖ
549 4142 630 4193 σε,
692 4122 738 4176 ὦ
788 4122 1077 4199 στρατηγέ,
1133 4122 1226 4178 καὶ
1296 4123 1459 4176 τοῦτο
1526 4120 1989 4200 παραφυλάττειν,

322 4213 414 4270 καὶ
439 4211 607 4284 ἡνίκα
634 4209 938 4283 πλησιάσαι
976 4209 1186 4285 μέλλῃς
1215 4216 1334 4273 τοῖς
1386 4209 1708 4284 πολεμίοις,
1738 4211 1800 4264 τὸ
1825 4210 1988 4265 τοῦλ-

323 4301 417 4358 δον
448 4302 560 4358 ἀπὸ
591 4321 688 4356 σου
737 4297 1092 4378 διαχωρίζειν
1150 4300 1241 4356 καὶ
1300 4297 1658 4356 ἀποστέλλειν
1726 4301 1990 4373 μήκοθεν,

319 4392 374 4446 έν
412 4392 606 4469 ὀχυρῷ
632 4391 788 4464 τόπῳ
817 4392 853 4462 ἢ
896 4389 950 4446 ἰν
982 4392 1221 4467 κάστρῳ,
1271 4387 1442 4466 ἄνδρα
1486 4389 1610 4445 τινά
1648 4395 1756 4445 τῶν
1789 4387 1990 4465 Χρησί-

325 4503 444 4555 μων
503 4481 596 4537 καὶ
647 4479 921 4556 ἐμπείρων
977 4480 1235 4557 έφιστῶν,
1294 4483 1641 4556 προνοεῖσθαι
1681 4479 1866 4534 αὐτοῦ·
1899 4479 1988 4533 καὶ

2281 3895 2415 3950 CAP.
2457 3895 2602 3950 XVI.
2637 3897 2715 3952 De
2741 3897 3123 3953 submovendis
3151 3897 3581 3970 impedimentis.

2172 4121 2322 4177 Illud
2386 4138 2646 4194 quoque,
2706 4140 2739 4178 ο
2799 4123 2938 4191 dux,
2973 4125 3286 4182 observare
3320 4131 3380 4182 te
3409 4131 3668 4200 oportet,
3696 4131 3762 4183 ut

2101 4211 2340 4283 quando
2371 4212 2617 4283 propius
2665 4213 2946 4268 accedere
2994 4214 3069 4268 ad
3123 4215 3324 4270 hostes
3354 4217 3521 4286 velis,
3573 4217 3763 4288 impe-

2100 4301 2370 4357 dimenta
2399 4300 2505 4355 abs
2548 4306 2606 4356 te
2634 4306 2865 4357 remota
2892 4302 3127 4376 longius
3173 4304 3480 4375 amandes,
3512 4305 3574 4360 in
3600 4321 3732 4360 com

2099 4391 2402 4446 munitum
2432 4390 2630 4444 locum
2661 4390 2751 4445 vel
2783 4391 3090 4462 Oppidum,
3109 4393 3327 4449 tradita
3355 4393 3595 4449 illorum
3622 4410 3766 4450 cura

2099 4480 2224 4534 viro
2273 4479 2458 4550 probo
2509 4495 2577 4534 ac
2624 4478 2856 4549 perito:
2906 4479 3001 4534 cui
3047 4481 3192 4536 item
3238 4482 3468 4553 equites
3498 4482 3766 4540 valentes

323 4573 512 4634 ἱππεῖς
570 4569 833 4645 μαχίμων
895 4566 1106 4644 ἀνδρῶν
1165 4569 1394 4644 ὀλίγους
1437 4570 1590 4631 τινάς
1618 4566 1877 4644 παρέχειν
1907 4572 1985 4640 τῷ

2097 4567 2328 4637 aliquot
2353 4563 2718 4619 attribuendi
2751 4572 2908 4633 sunt,
2938 4583 3046 4638 per
3087 4585 3235 4639 quos
3281 4569 3544 4626 excubias
3575 4571 3766 4643 impe-

323 4662 554 4736 ἄρχοντι
605 4663 704 4715 τοῦ
739 4656 1000 4728 τοόλδου,
1045 4659 1195 4722 ὅπως
1243 4655 1313 4713 δι’
1344 4657 1520 4713 αὐτῶν
1553 4659 1610 4712 αἱ
1644 4656 1828 4733 βίγλαι
1858 4677 1988 4731 κρα-

324 4751 527 4802 τῶνται
578 4745 654 4808 εἷς
704 4745 955 4824 φυλακὴν
1003 4748 1100 4800 τοῦ
1155 4742 1413 4802 τούλδου.
1469 4742 1658 4799 Ἦνίκα
1701 4743 1759 4799 δί
1822 4741 1989 4798 πάλιν

326 4837 382 4893 έν
440 4838 608 4912 χρείᾳ
661 4835 860 4892 τούτου
917 4834 1166 4912 γένηται,
1223 4833 1592 4909 καταμηνύειν
1638 4839 1719 4908 τῷ
1758 4834 1995 4908 ἐμπεπι-

328 4927 610 5001 στευμένῳ
661 4926 764 4995 τὴν
816 4925 1076 5002 πρόνοιαν
1134 4923 1303 4980 αὗτοῦ
1361 4923 1614 5000 ἄρχοντι,
1655 4923 1833 4988 ἐλθεῖν
1861 4923 1912 4978 έν
1947 4924 1992 4995 ᾦ

324 5017 484 5089 τόπῳ
515 5012 783 5090 διωρίσθη
831 5017 929 5069 τοῦ
981 5015 1243 5085 ένωθῆναί
1293 5034 1400 5070 σοι.
1453 5016 1565 5070 Τοῦ
1609 5015 1795 5086 μέντοι
1826 5009 1991 5067 τούλ-

327 5104 428 5162 δου
483 5106 592 5162 ἀπὸ
652 5110 749 5161 σοῦ
807 5103 1310 5181 διαχωριζομένου,
1369 5099 1774 5179 ἀναλαμϐάνειν
1821 5125 1880 5159 σε
1909 5101 1993 5158 δεῖ

324 5195 680 5270 ἐπισιτισμὸν
735 5197 833 5250 τοῦ
889 5195 1029 5250 λαοῦ
1085 5193 1176 5250 καὶ
1233 5194 1402 5269 ταγάς
1454 5197 1565 5248 τῶν
1622 5191 1835 5262 ἳππων,
1897 5190 1994 5247 δύο

323 5287 554 5360 ἡμερῶν
603 5282 639 5353 ἢ
690 5287 885 5360 τριῶν,
939 5281 1345 5358 βαστάζομένας
1379 5282 1458 5344 εἲς
1486 5287 1678 5358 ταχεῖς
1710 5283 1994 5356 ἡμιόνους,

322 5372 360 5444 ἢ
393 5373 485 5429 καὶ
509 5371 719 5435 ἵππους
781 5370 836 5427 έν
887 5377 1007 5434 τοῖς
1058 5369 1505 5446 σαγμοσελλίοις.
1546 5371 1738 5428 Ἡνίκα
1769 5369 1826 5427 δὲ
1859 5371 1998 5444 μέλ-

325 5460 440 5538 λῃς
469 5461 690 5537 κούρσῳ
719 5464 828 5516 τῶν
885 5457 1176 5534 πολεμίων
1221 5458 1592 5530 ἀκολουθῆσαι
1635 5461 1992 5529 νυκτὸς,ἅπαν

325 5553 399 5610 τὸ
460 5553 716 5629 μάχιμον
767 5552 1078 5625 στράτευμα
1131 5549 1601 5627 τεθωρακισμένον
1656 5549 1816 5620 ἔστω,
1873 5549 1998 5606 ἐκά-

321 5663 454 5700 στου
482 5643 547 5698 τὸ
576 5639 892 5713 ἐπιτήδειον
919 5640 1059 5713 πρὸς
1105 5640 1169 5697 τὸ
1216 5644 1482 5714 πολεμεῖν
1516 5639 1690 5696 ὅπλον
1719 5639 1773 5694 έν
1806 5639 1994 5716 χερσὶν

319 5731 574 5815 ἔχοντος.
613 5729 793 5793 Ἀλλά
839 5731 931 5786 καὶ
987 5731 1051 5787 τὸ
1109 5727 1405 5805 λεγόμενον
1457 5729 1594 5786 σάκα
1631 5725 1849 5787 ὄπισθεν
1880 5724 1998 5808 ἔχε,

2103 4655 2506 4710 dimentorum
2537 4653 3065 4710 custodiendorum
3089 4673 3272 4714 causa
3294 4659 3459 4714 ﬁant.
3485 4659 3543 4714 Si
3571 4659 3766 4717 denuo

2101 4743 2208 4799 tibi
2240 4760 2390 4816 opus
2421 4748 2530 4811 est,
2554 4743 2774 4799 manda
2793 4745 3095 4816 praefecto,
3119 4748 3212 4803 cui
3245 4753 3336 4804 est
3362 4748 3605 4805 illorum
3627 4768 3772 4808 cura

2104 4834 2349 4897 credita,
2375 4838 2441 4888 ut
2470 4839 2702 4889 moveat
2733 4834 2792 4888 in
2820 4834 3040 4904 locum,
3063 4837 3165 4892 ubi
3200 4855 3262 4893 se
3294 4845 3491 4894 tecum
3515 4842 3772 4914 conjun-

2103 4939 2239 4997 gere
2264 4923 2472 4995 jussus
2504 4928 2611 4978 est.
2644 4925 2732 4979 Ita
2763 4929 2962 4979 autem
2993 4925 3278 5000 ablegans
3315 4929 3767 5002 impedimenta,

2106 5013 2286 5068 debes
2320 5017 2516 5067 tecum
2551 5029 2786 5068 sumere
2811 5013 3037 5071 cibaria
3057 5016 3318 5073 militum
3353 5023 3412 5074 et
3439 5019 3660 5090 pabula
3675 5021 3772 5092 ju-

2105 5110 2468 5171 mentorum,
2501 5103 2565 5159 in
2596 5103 2747 5160 duos
2777 5103 2906 5161 dies
2940 5106 3034 5161 vel
3059 5112 3204 5179 tres,
3239 5125 3370 5179 quae
3402 5109 3494 5164 vel
3522 5125 3558 5165 a
3587 5109 3768 5166 mulis

2105 5192 2407 5250 velocibus
2437 5192 2749 5259 vehantur,
2780 5193 2874 5248 vel
2923 5195 3102 5251 etiam
3156 5213 3337 5268 supra
3376 5213 3559 5268 equos
3585 5197 3647 5252 in
3676 5215 3774 5254 sa-

2106 5283 2378 5356 gimis.At
2399 5282 2636 5354 quando
2661 5283 3025 5354 praedatores
3047 5286 3307 5342 hostium
3331 5287 3567 5357 insequi
3588 5293 3769 5343 noctu

2107 5373 2490 5440 velis,omnes
2520 5371 2762 5438 milites,
2798 5379 3091 5445 quotquot
3119 5374 3365 5430 idoneos
3395 5373 3471 5430 ad
3500 5391 3775 5448 pugnan-

2109 5463 2254 5518 dum
2279 5461 2482 5528 habes,
2506 5461 2740 5517 loricati
2763 5479 2892 5518 esse
2924 5463 3165 5532 debent,
3211 5469 3270 5519 et
3297 5463 3481 5519 telum
3513 5465 3587 5522 ad
3618 5483 3775 5537 prse-

2107 5551 2380 5607 liandum
2425 5557 2630 5622 aptum
2688 5553 3101 5623 unusquisque
3140 5552 3202 5607 in
3244 5551 3521 5610 manibus
3552 5559 3773 5612 teneat.

2111 5641 2270 5697 Habe
2301 5640 2481 5696 etiam
2513 5639 2775 5712 globum,
2810 5656 2988 5712 quem
3037 5656 3174 5697 saca
3202 5658 3501 5713 vocamus,
3535 5660 3570 5700 a
3607 5649 3772 5719 tergo

2114 5730 2602 5804 subsequentem.
2626 5729 2684 5788 Si
2701 5747 2811 5805 per
2839 5729 2973 5789 loca
3000 5729 3292 5805 impedita
3323 5731 3526 5790 hostes
3558 5734 3672 5792 iter
3689 5735 3775 5800 fa.
