4096 6466
295 385 417 448 975

1628 386 2052 451 NICEPHORI
2095 385 2385 451 PHOCE

3605 391 3732 452 970

296 525 484 592 ciunt,
507 521 730 578 debent
759 517 1010 590 singulis
1032 519 1475 592 numeri,atque
1497 522 1731 590 vexilla,
1757 523 1805 578 si
1839 538 1945 594 qua

2068 516 2475 585 ἐπακολουθοῦν
2506 541 2614 579 σοι.
2648 521 2747 578 Καὶ
2796 522 2840 578 εἰ
2896 523 2992 598 μὲν
3039 521 3130 579 διά
3159 518 3440 579 δυσϐάτων
3473 523 3659 579 τόπων
3689 525 3726 595 ἡ

297 614 537 680 adsunt,
594 609 913 682 separatim
967 609 1116 666 227
1177 610 1527 666 ambulare:
1585 612 1779 684 primo
1813 612 1950 680 dux,

297 704 400 776 qui
427 703 552 774 ipse
586 706 786 755 tamen
845 699 1249 755 turmarcham
1307 701 1509 756 hostes
1542 701 1953 774 speculantem

295 796 470 866 longo
523 789 834 847 intervallo
875 789 1314 861 subsequatur:
1375 792 1514 848 dein
1545 792 1799 863 reliqua,
1834 793 1952 847 sive

297 881 534 939 numeri
568 881 690 936 sint
728 880 846 935 sive
903 879 1138 948 vexilla,
1198 897 1387 935 unum
1439 886 1574 952 post
1629 896 1855 938 unum:
1886 886 1955 936 ut

291 970 612 1027 ordinatim
636 967 963 1041 procedant
982 969 1417 1040 noctu,absque
1439 970 1698 1026 clamore
1721 986 1790 1025 ac
1812 975 1954 1025 stre-

290 1062 440 1133 pitu.
495 1057 893 1124 Turmarchaa,
977 1057 1079 1128 qui
1163 1057 1526 1129 praedatores
1591 1058 1949 1130 insequitur,

287 1150 676 1225 praescribere
707 1149 890 1204 debes
918 1155 1096 1220 atque
1127 1149 1442 1221 imperare,
1474 1156 1542 1206 ut
1579 1150 1950 1223 diligentiam

287 1249 465 1316 atque
511 1240 876 1316 vigilantiam
933 1257 1228 1296 summam
1287 1241 1585 1309 adhibeat,
1618 1258 1694 1296 ne
1726 1241 1948 1312 hostes,

288 1334 572 1392 certiores
592 1334 732 1390 facti
755 1339 812 1388 te
833 1333 1094 1404 insequi,
1116 1333 1378 1389 delectos
1403 1333 1706 1405 fortesque
1731 1334 1951 1389 milites

285 1440 659 1496 numeroque
717 1439 963 1479 manum
1019 1424 1378 1478 turmarchaa
1432 1429 1783 1495 superantes
1824 1439 1952 1479 ase

289 1514 594 1586 sejunctos
652 1511 897 1568 latebris
957 1511 1253 1577 occulant,
1304 1517 1480 1582 teque
1538 1527 1648 1567 nec
1707 1512 1950 1584 opinato

287 1605 700 1661 adoriantur:
768 1602 1107 1674 cujusmodi
1164 1601 1414 1657 insidias
1472 1618 1506 1656 a
1562 1602 1951 1658 Tarsensibus

289 1695 565 1766 superius
595 1693 780 1748 factas
813 1692 1087 1747 vidimus.
1148 1693 1310 1746 Tunc
1367 1691 1527 1746 enim
1560 1691 1678 1746 dux
1709 1691 1949 1762 conspi-

290 1788 458 1839 catus
489 1783 791 1854 pulverem
820 1797 1045 1847 eorum,
1079 1780 1180 1852 qui
1212 1796 1333 1834 non
1356 1797 1510 1846 vere,
1535 1781 1638 1836 sed
1671 1781 1953 1836 simulata

289 1872 654 1937 incursione,
715 1869 1021 1942 praedandi
1080 1885 1259 1924 causa
1311 1870 1598 1937 exierant,
1657 1869 1830 1940 pauci
1861 1869 1950 1923 illi

295 1961 538 2032 quidem
571 1966 629 2015 et
653 1959 899 2027 inﬁrmi,
925 1976 1058 2014 cum
1087 1959 1160 2015 ad
1191 1958 1326 2014 illos
1350 1959 1716 2015 invadendos
1740 1977 1953 2032 prope-

293 2055 473 2118 raret,
508 2050 851 2105 turmarcha
895 2055 1092 2106 autem
1136 2049 1338 2105 hostes
1381 2050 1729 2120 insequens,
1763 2049 1953 2122 negli-

294 2141 527 2214 gentius
557 2157 621 2195 re
651 2145 834 2213 gesta,
885 2139 1144 2194 latebras
1191 2155 1403 2212 parum
1451 2139 1685 2194 curiose
1725 2144 1956 2195 scruta-

296 2236 483 2298 retur,
516 2231 579 2285 in
611 2247 817 2285 eorum
848 2229 1098 2284 insidias
1129 2229 1479 2300 imprudens
1509 2229 1738 2284 incidit.
1771 2230 1955 2302 Igitur

295 2320 592 2393 ejusmodi
616 2336 712 2375 res
743 2325 808 2374 ut
837 2335 911 2374 ne
944 2319 1048 2374 fiat
1079 2322 1275 2390 oprtet
1317 2325 1395 2386 te,
1446 2335 1478 2373 ο
1528 2318 1668 2386 dux,
1701 2319 1952 2374 multam

289 2411 630 2466 cautionem
670 2409 974 2478 adhibere,
1031 2408 1420 2479 locorumque
1479 2414 1536 2463 et
1586 2408 1952 2465 latebrarum

290 2517 563 2556 recessus
594 2498 976 2571 perscrutari,
1029 2515 1137 2570 per
1187 2499 1418 2569 equites
1448 2498 1750 2554 velocibus
1782 2500 1951 2570 equis

287 2595 484 2646 vectos
516 2595 575 2646 et
601 2589 871 2644 locorum
903 2593 1176 2645 accurate
1229 2589 1454 2660 peritos
1484 2605 1497 2643 :
1549 2606 1726 2660 porro
1759 2591 1952 2662 prima

285 2680 422 2736 luce
454 2679 801 2746 exercitum,
834 2678 883 2733 si
915 2695 1166 2750 magnus
1197 2684 1306 2748 est,
1339 2694 1528 2749 usque
1558 2678 1632 2733 ad
1665 2683 1754 2733 ter
1783 2678 1948 2734 mille

285 2785 562 2840 numero,
593 2767 869 2825 bifariam
901 2767 1162 2824 dividere
1191 2785 1203 2822 :
1249 2768 1589 2839 equisones,
1623 2774 1682 2822 et
1711 2769 1811 2838 qui
1845 2783 1948 2839 pa-

284 2858 428 2914 bula
446 2859 861 2930 jumentorum
885 2862 1143 2929 portant,
1178 2857 1387 2930 procul
1416 2858 1478 2912 in
1510 2857 1947 2913 communitum

284 2948 484 3004 locum
515 2948 858 3004 amandare.
919 2948 1114 3013 Acies,
1171 2947 1244 3002 ob
1301 2949 1635 3019 insperatas
1681 2946 1946 3002 hostium

287 3037 558 3107 insidias,
592 3039 890 3093 instruere
931 3042 1164 3109 oportet
1210 3038 1272 3092 in
1306 3039 1459 3095 228
1491 3039 1650 3092 hunc
1679 3035 1943 3091 modum.

289 3130 458 3184 Prior
478 3129 825 3201 praefectum
847 3127 1066 3183 habeat
1085 3144 1270 3183 unum
1298 3129 1370 3184 de
1391 3127 1643 3184 ducibus
1665 3131 1947 3198 praestan-

2065 608 2260 684 πορεία
2287 613 2395 664 τῶν
2445 609 2732 685 πολεμίων
2782 615 3031 687 γένηται,
3078 610 3198 668 δέον
3233 609 3388 678 ἰδίως
3417 609 3472 668 έν
3502 611 3725 669 ἕκαστον

2065 700 2226 772 θέμα,
2285 701 2322 770 ἢ
2376 698 2466 754 καὶ
2522 699 2729 776 τάγμα,
2790 701 2835 756 εἰ
2882 701 3152 776 πάρεισιν,
3200 699 3529 778 ὁδοιπορεῖν
3567 703 3596 758 ὁ
3632 701 3728 777 μὶν

2063 788 2372 864 στρατηγὸς
2429 787 2760 866 ἔμπροσθεν,
2815 791 3085 868 ἑπόμενος
3132 796 3214 865 τῷ
3258 792 3589 871 τουρμάρχῃ
3647 797 3726 864 τῷ

2061 875 2455 942 ἀκολουθοῦντι
2515 885 2632 944 τοῖς
2686 879 2982 954 πολεμίοις
3035 883 3176 937 κατᾶ
3204 880 3350 938 πολὺ
3382 881 3597 958 πόῤῥω⁹
3628 882 3725 946 εἶθ’

2061 965 2236 1030 οὕτως
2267 968 2356 1023 καὶ
2387 969 2454 1024 τὰ
2484 967 2676 1042 λοιπά,
2728 971 2834 1026 εἴτε
2881 972 3089 1046 θέματα
3137 973 3262 1045 εἶεν,
3309 970 3418 1028 εἴτε
3445 973 3722 1048 τάγματα,

2059 1057 2218 1120 καθὶν
2248 1063 2328 1131 τῷ
2376 1060 2542 1133 ἐτέρῷ
2585 1059 2941 1137 ἐφεπόμενον·
2987 1059 3076 1116 διὰ
3122 1061 3187 1118 τὸ
3233 1062 3324 1117 καὶ
3354 1058 3540 1124 καλῶς
3573 1059 3726 1117 ὀδοι-

2059 1151 2251 1219 πορεῖν
2286 1146 2338 1202 ἐν
2372 1149 2546 1218 νυκτὶ,
2599 1149 2687 1204 καὶ
2745 1146 2870 1205 ἄνευ
2917 1157 3166 1228 κραυγῆς
3199 1150 3293 1206 καὶ
3324 1146 3594 1226 θορύϐων.
3628 1153 3726 1224 Τῷ

2061 1230 2119 1288 δὲ
2146 1237 2498 1312 τουρμάρχῃ,
2551 1241 2630 1310 τῷ
2673 1237 3134 1304 ἐπακολουθοῦντι
3182 1245 3263 1313 τῷ
3309 1240 3549 1316 κούρσῳ,
3581 1260 3724 1314 παρ-

2059 1324 2310 1401 αγγεῖλαι
2414 1325 2505 1380 καὶ
2604 1327 3088 1405 ἐξασφαλίσασθαι,
3193 1324 3473 1404 ἀκρίϐειαν
3575 1326 3722 1405 ἔχειν

2061 1410 2511 1490 ὑπερϐάλλουσαν
2561 1417 2651 1472 καὶ
2701 1417 3049 1495 ἐγρήγορσιν,
3103 1422 3318 1493 μήποτε
3367 1420 3421 1475 οἳ
3457 1418 3723 1494 πολέμιοι

2061 1504 2379 1578 αἰσθόμενοι
2433 1503 2925 1572 ἐπακολουθεῖσθαι
2971 1508 3174 1572 αὐτοὺς
3217 1509 3367 1585 παρᾶ
3424 1513 3542 1582 σοῦ,
3603 1507 3726 1566 δια-

2059 1594 2352 1670 χωρίσωσι
2386 1595 2480 1668 μὲν
2527 1594 2659 1659 τοὺς
2707 1595 3000 1663 ἐκλεκτοὺς
3047 1601 3227 1655 αὐτῶν
3283 1598 3568 1676 μαχίμους
3597 1599 3728 1664 τοὺς

2060 1683 2354 1747 πλείοντας
2384 1689 2481 1740 τοῦ
2530 1686 2620 1742 ὑπ’
2663 1686 2823 1742 αὐτὸν
2873 1692 3033 1758 Ααοῦ,
3083 1691 3171 1744 καὶ
3223 1688 3611 1764 ἀποκρύψωσιν
3646 1689 3724 1753 εἷς

2060 1771 2293 1849 λόχους,
2344 1775 2434 1830 καὶ
2491 1773 2778 1848 ἀδοκήτως
2823 1777 2962 1833 κατὰ
3009 1782 3105 1833 σοῦ
3159 1778 3476 1844 ἐπίθωνταιο
3532 1777 3721 1850 ἐπειδὴ

2057 1861 2318 1933 τοιαύτην
2378 1860 2594 1937 ἐνέδραν
2650 1865 2797 1938 παρὰ
2850 1869 2959 1921 τῶν
3018 1867 3301 1940 Ταρσιτῶν
3351 1865 3402 1922 ἐν
3453 1871 3570 1929 τοῖς
3611 1864 3723 1922 ἅνω

2063 1950 2298 2026 χωρίοις
2327 1954 2371 1989 σί
2403 1951 2704 2026 γενομένην
2730 1951 2968 2027 εἷ’δομεν.
2993 1956 3107 2011 Τοῦ
3128 1955 3228 2030 γὰρ
3261 1958 3571 2030 στρατηγοῦ
3597 1953 3723 2010 τότε

2063 2040 2342 2114 θεωμένου
2397 2041 2718 2118 κονιορτοὺς
2772 2046 2880 2098 τῶν
2960 2041 3039 2105 εἷς
3099 2041 3245 2098 λείαν
3303 2041 3718 2117 ἐξελαυνόντων,

2062 2131 2166 2184 ούκ
2209 2129 2262 2185 ἐν
2312 2128 2564 2202 ἀληθείᾳ,
2616 2131 2742 2187 ἀλλ’
2804 2131 2857 2186 ἐν
2915 2133 3165 2206 σχήματι
3221 2131 3479 2207 κούρσου,
3512 2130 3719 2206 ὀλίγων

2058 2219 2149 2276 καὶ
2206 2219 2415 2275 τούτων
2470 2219 2882 2295 εὐτελεστέρων,
2939 2222 3028 2276 καὶ
3085 2223 3203 2277 κατ’
3249 2221 3425 2278 αὐτῶν
3472 2221 3716 2286 ἐπελθεῖν

2058 2306 2434 2384 ἐπειγομένου,
2513 2309 2605 2364 καὶ
2682 2312 2778 2364 τοῦ
2841 2309 3202 2386 τουρμάρχου
3255 2315 3353 2366 τοῦ
3411 2310 3722 2366 ἐπακολου-

2059 2397 2285 2462 θοῦντος
2340 2401 2420 2468 τῷ
2477 2397 2694 2470 κούρσῳ
2751 2398 3254 2471 καταμελήσαντος,
3312 2398 3402 2454 καὶ
3459 2401 3536 2469 μή
3593 2397 3724 2460 τοὺς

2059 2485 2270 2561 λόχους
2300 2483 2487 2548 καλῶς
2543 2484 2951 2560 ἐρευνήσαντος,
3003 2485 3292 2559 ἀδοκήτως
3345 2488 3426 2560 τῷ
3475 2485 3723 2563 ἐγκρύμο

2061 2604 2190 2656 ματι
2248 2583 2650 2658 περιπέπτωκε.
2710 2590 2791 2660 [Ρ.
2837 2586 2960 2659 147]
3019 2586 3122 2644 Καὶ
3179 2587 3274 2640 ἳνα
3335 2587 3412 2658 μὴ
3471 2589 3722 2641 τοιοῦτον

2055 2673 2301 2748 γένηται,
2350 2671 2432 2729 δεῖ
2465 2695 2544 2744 σε,
2603 2672 2648 2729 ὦ
2708 2677 3001 2750 στρατηγέ,
3033 2673 3254 2744 πολλὴν
3286 2677 3390 2744 τὴν
3421 2673 3720 2754 ἄσφάλειαν

2054 2767 2352 2836 ποιεῖσθαι,
2411 2764 2499 2819 καὶ
2560 2763 2774 2834 ἐρευνᾷν
2831 2763 2960 2827 τοὺς
3017 2763 3244 2826 κοίλους
3274 2769 3382 2820 τῶν
3413 2765 3598 2821 τόπων
3629 2766 3722 2820 καὶ

2054 2851 2385 2927 ἀποκρύφων
2445 2852 2512 2922 ⁶²,
2573 2849 2663 2907 διὰ
2717 2847 3110 2929 καὸαλλαρίων
3190 2853 3395 2918 ἳππους
3475 2854 3718 2931 ἐχόντων

2052 2947 2243 3017 ταχεῖς
2275 2941 2365 2997 καὶ
2397 2937 2598 3017 ἀκριϐῆ
2659 2938 2865 3013 εἴδησιν
2898 2946 3007 2998 τῶν
3062 2943 3268 2998 τόπων·
3329 2945 3417 3000 καὶ
3475 2945 3600 3020 περὶ
3657 2945 3721 3000 τὸ

2053 3031 2366 3108 διάφαυσμα
2398 3029 2530 3107 διχῆ
2566 3029 2766 3087 διελεῖν
2820 3033 2882 3088 τὸ
2928 3033 3261 3107 στράτευμα,
3298 3032 3353 3088 εἶ’
3374 3054 3436 3109 γε
3467 3035 3543 3099 εἷς
3571 3035 3722 3105 πλῆ-

2053 3122 2148 3186 θός
2202 3121 2335 3192 ἐστι,
2392 3121 2483 3176 καὶ
2542 3120 2618 3184 εἷς
2670 3127 2817 3197 τρεῖς
2875 3120 3188 3196 ἀριθμεῖται
3233 3121 3493 3198 χιλιάδας
3524 3125 3592 3161 ⁸³⁸
3627 3125 3720 3180 καὶ

289 3218 540 3274 tioribus
573 3222 632 3272 et
661 3217 896 3272 tertiam
928 3223 1156 3288 partem
1188 3217 1490 3289 copiarum
1512 3221 1783 3272 tuarum:
1816 3215 1943 3271 haec

2055 3210 2181 3274 τοὺς
2215 3212 2308 3285 μὶν
2341 3211 2833 3286 παραϊππαράτους
2889 3210 2979 3265 καὶ
3036 3212 3135 3276 τὰς
3183 3212 3348 3287 ταγὰς
3398 3216 3503 3268 τῶν
3535 3213 3722 3268 ἳππων

286 3323 322 3362 a
352 3312 514 3379 tergo
547 3307 900 3362 turmarchm
927 3307 1040 3362 iter
1068 3307 1263 3363 faciat.
1296 3310 1378 3363 Tu
1410 3323 1545 3362 cum
1573 3305 1698 3361 acie
1729 3305 1940 3378 majori

285 3412 444 3469 pone
501 3395 761 3469 priorem
813 3396 1120 3464 incedens,
1170 3397 1321 3453 habe
1370 3397 1512 3452 item
1547 3412 1683 3452 saca
1711 3401 1876 3450 tuum
1910 3411 1944 3450 a

285 3490 473 3558 tergo,
508 3485 666 3558 quod
697 3492 753 3542 te
784 3503 921 3542 cum
947 3486 1153 3558 paucis
1185 3486 1486 3557 equitibus
1526 3489 1844 3555 sequatur:
1879 3490 1944 3538 ut

287 3576 335 3631 si
366 3575 603 3642 accidit,
634 3575 836 3632 hostes
895 3575 1137 3630 structis
1197 3575 1304 3630 tibi
1357 3573 1592 3629 insidiis
1624 3574 1940 3646 plerosque

285 3681 425 3721 suos
454 3665 637 3721 fortes
667 3665 891 3721 milites
922 3665 985 3719 in
1016 3664 1260 3720 latebris
1300 3663 1647 3731 collocasse,
1683 3668 1942 3718 turmar-

282 3756 575 3827 chamque
605 3771 668 3810 se
702 3759 1050 3826 sequentem
1074 3755 1381 3822 invasisse,
1405 3754 1568 3825 prior
1598 3754 1776 3820 acies,
1808 3771 1940 3824 quae

284 3849 420 3899 ante
476 3848 538 3898 te
596 3843 884 3912 ambulat,
943 3843 1252 3900 subveniat
1335 3859 1593 3916 eumque
1663 3844 1938 3916 excipiat.

282 3933 494 3988 Praelio
543 3948 678 3988 cum
738 3933 842 3988 illa
898 3934 1237 4004 commisso,
1272 3933 1510 4004 quando
1537 3934 1738 3988 hostes
1766 3932 1940 3987 dimi-

281 4023 470 4078 cando
503 4021 736 4094 disjecti
768 4022 1009 4078 ordines
1055 4024 1346 4095 ruperint,
1380 4030 1443 4079 tu
1485 4024 1805 4094 dissipatos
1834 4038 1942 4077 na-

281 4117 411 4168 ctus
438 4111 707 4167 funditus
737 4112 956 4168 vinces.
1009 4113 1066 4168 Si
1114 4113 1317 4169 hostes
1367 4129 1491 4168 non
1531 4128 1593 4166 se
1625 4115 1839 4181 parant
1865 4109 1940 4164 ad

279 4201 575 4273 ejusmodi
597 4201 865 4269 insidias,
886 4202 991 4258 sed
1013 4201 1086 4258 ad
1109 4202 1524 4258 excursionem
1542 4215 1939 4271 agrorumque

277 4291 724 4364 populationem
747 4297 1091 4363 properant,
1117 4291 1299 4347 debes
1321 4295 1459 4345 ante
1491 4287 1688 4342 lucem
1715 4292 1939 4342 turmas

275 4382 363 4436 tui
395 4382 690 4438 exercitus
718 4382 780 4436 in
822 4382 1116 4454 ejusmodi
1177 4379 1323 4435 locis
1381 4377 1702 4443 occultare,
1736 4376 1834 4431 ubi
1867 4377 1939 4432 ab

278 4471 550 4527 hostibus
581 4471 974 4526 animadverti
1006 4473 1334 4541 nequeant,
1367 4472 1545 4538 atque
1577 4467 1638 4520 in
1670 4466 1763 4521 his
1793 4466 1942 4522 late—

275 4561 400 4616 bris
431 4561 752 4634 persistere
783 4578 972 4633 usque
1005 4561 1080 4617 ad
1111 4558 1347 4613 tertiam
1377 4557 1468 4612 vel
1518 4562 1790 4628 quartam
1821 4557 1939 4614 diei

2052 3299 2479 3379 ἐπιφερομένους
2541 3300 2777 3372 μήκοθεν
2837 3297 3195 3354 ἀποστέλλειν
3230 3299 3281 3354 ἐν
3319 3300 3509 3376 ὀχυρῷ
3539 3302 3716 3376 τόπῳ.

2050 3391 2161 3453 Τὰς
2220 3385 2279 3444 δὶ
2331 3386 2651 3464 παρατάξεις
2723 3386 2897 3451 οὕτως
2977 3386 3061 3444 δεῖ
3141 3392 3568 3463 παρασκευάσαι,
3630 3387 3720 3446 διὰ

2048 3479 2144 3541 τὰς
2195 3483 2302 3534 τῶν
2363 3477 2649 3551 πολεμίων
2711 3476 3018 3548 ἀδοκήτους
3074 3475 3316 3554 ἐνέδρας.
3370 3479 3469 3535 Καὶ
3517 3482 3552 3550 ἠ
3615 3480 3711 3554 μὶν

2049 3571 2243 3644 πρώτη
2305 3565 2481 3643 ἐχέτω
2541 3565 2792 3644 ἀρχηγον
2847 3571 2956 3622 τῶν
3019 3567 3472 3644 ἀξιολογωτέρων
3519 3589 3709 3645 στρατ-

2049 3663 2220 3733 ηγῶν,
2249 3657 2340 3712 καὶ
2369 3657 2432 3713 τὸ
2460 3657 2646 3730 τρίτον
2681 3658 2846 3731 μέρος
2891 3657 2990 3712 τοῦ
3041 3657 3145 3712 ὑπὸ
3176 3654 3233 3712 δὲ
3265 3656 3423 3727 λαοῦ,
3454 3659 3546 3714 καὶ
3577 3658 3710 3715 ὅπι-

2051 3758 2170 3811 σθεν
2237 3747 2332 3820 μὶν
2390 3751 2488 3800 τοῦ
2543 3746 2906 3820 τουρμάρχου
2965 3741 3348 3819 ὀδοιπορείτω.
3384 3745 3460 3802 Σὺ
3485 3744 3546 3802 δὶ
3579 3747 3716 3821 μετὰ

2047 3844 2148 3907 τῆς
2209 3834 2454 3912 μεγάλης
2505 3834 2857 3909 παρατάξεως
2929 3833 3294 3892 ἐπακολούθει
3370 3841 3440 3912 τῇ
3497 3837 3712 3914 πρώτῃ,

2050 3922 2195 4000 ἔχων
2235 3923 2325 3978 καὶ
2381 3922 2444 3978 τὸ
2501 3921 2637 3977 σάκα
2685 3917 2904 3977 ὄπισθέν
2967 3943 3067 3978 σου
3119 3926 3235 3997 μετ’
3268 3923 3473 4002 ὀλίγων
3502 3927 3714 3982 ἱππέων

2052 4011 2479 4076 ἐπακολουθοῦν·
2539 4011 2652 4080 ἳνα,
2712 4009 2761 4065 εἴ
2817 4005 3003 4086 συμϐῇ
3062 4013 3200 4068 κατᾶ
3254 4018 3354 4070 σοῦ
3408 4012 3717 4092 ἐνεδρεῦσαι

2048 4109 2177 4172 τοὺς
2207 4108 2537 4182 πολεμίους,
2597 4109 2689 4164 καὶ
2743 4107 2874 4174 τοὺς
2923 4111 3184 4174 πλείονας
3217 4110 3394 4168 αὐτῶν
3425 4112 3714 4190 μαχίμους

2049 4196 2245 4274 ἄνδρας
2319 4199 2398 4260 εἰς
2473 4196 2684 4274 λόχους
2757 4206 3116 4270 καταστῆσαι,
3181 4202 3272 4256 καὶ
3333 4200 3578 4258 ἐπελθεῖν
3635 4205 3716 4278 τῷ

2049 4288 2237 4351 αὐτοῖς
2295 4286 2761 4353 ἐπακολουθοῦντι
2816 4291 3170 4366 τουρμάρχῃ,
3245 4289 3462 4364 δέξηται
3517 4297 3712 4349 τοῦτον

2050 4373 2426 4448 ἐπιϐοηθοῦσα
2481 4380 2516 4448 ἡ
2575 4379 2768 4454 πρώτη
2827 4377 2918 4433 καὶ
2976 4377 3283 4455 ἔμπροσθέν
3333 4403 3430 4437 σου
3481 4403 3716 4458 περιπα-

2047 4471 2216 4523 τοῦσα
2245 4467 2563 4542 παράταξις.
2621 4467 2751 4524 Εἶτα
2807 4467 3062 4542 πολέμου
3123 4472 3240 4543 μετ’
3297 4471 3466 4540 αὐτῆς
3510 4472 3712 4550 συρῥα-

2047 4555 2260 4633 γέντος,
2290 4556 2380 4612 καὶ
2435 4562 2544 4613 τῶν
2603 4556 2892 4630 πολεμίων
2951 4555 3494 4635 διασκορπιζομένων
3547 4562 3600 4618 ἐν
3639 4567 3710 4638 τῇ

277 4659 508 4726 horam,
542 4660 732 4716 donec
763 4661 966 4716 hostes
1023 4657 1352 4730 praedatum
1403 4656 1618 4728 dilapsi
1655 4657 1814 4711 sint:
1849 4656 1940 4712 his

2055 4649 2209 4723 μάχῃ
2241 4647 2332 4702 καὶ
2380 4647 2481 4715 τὴν
2539 4646 2688 4717 τάξιν
2749 4645 3014 4718 λυόντων,
3069 4649 3242 4726 εὑρὼν
3272 4649 3474 4716 αὐτοὺς
3504 4649 3715 4707 διεσκε-

277 4749 516 4820 longius
571 4766 605 4804 a
663 4751 848 4823 signis
901 4749 1117 4804 Amiree
1171 4747 1474 4820 digressis,
1508 4749 1590 4821 ita
1636 4753 1702 4802 ut
1730 4747 1937 4818 paucis

278 4838 570 4893 militibus
626 4839 851 4895 relictis
911 4838 1314 4910 infrequentia
1370 4838 1614 4894 armatis
1668 4837 1806 4903 sint,
1867 4853 1937 4892 ea

279 4927 511 4995 invade,
545 4933 782 5001 tresque
841 4928 998 4983 acies
1058 4932 1363 5000 exaequata
1391 4929 1584 4983 fronte
1615 4927 1934 4999 prmmitte,

278 5035 411 5089 quae
441 5034 702 5091 pugnam
733 5023 1080 5088 capessant:
1117 5022 1178 5074 tu
1223 5035 1357 5074 cum
1392 5019 1594 5074 alteris
1626 5018 1812 5073 tribus
1845 5017 1934 5072 vel

275 5111 534 5178 quatuor
561 5107 804 5163 aciebus
829 5106 1058 5177 priores
1101 5124 1358 5179 sequens
1385 5110 1628 5180 propius
1659 5107 1928 5162 succede.

271 5195 508 5251 Priores
530 5197 688 5252 acies
709 5200 1022 5266 postquam
1043 5213 1256 5253 manus
1275 5195 1932 5268 contulerunt,perinde

270 5288 336 5337 ut
366 5289 498 5340 tuos
528 5285 871 5356 prmliantes
897 5284 1144 5355 videbis,
1167 5287 1251 5341 ita
1273 5285 1495 5341 auxilia
1521 5285 1930 5340 subministra.

2049 4735 2348 4812 δασμένους
2412 4735 2798 4812 ὑπερισχύσεις
2872 4737 3067 4794 αὐτῶν.
3129 4743 3246 4794 Τῶν
3308 4737 3367 4796 δὲ
3421 4741 3712 4816 πολεμίων

2044 4828 2183 4903 πρὸς
2236 4827 2336 4895 τῆν
2397 4824 2656 4896 τοιαύτην
2707 4823 2922 4901 ἐνέδραν
3001 4827 3079 4900 μή
3138 4831 3711 4904 παρασκευασθέντων,

2045 4926 2191 4982 ἀλλὰ
2239 4926 2376 5001 πρὸς
2431 4924 2494 4979 τὸ
2548 4922 2838 4998 ἐκδραμεῖν
2897 4925 2986 4980 καὶ
3048 4927 3145 4990 τὰς
3189 4927 3380 5003 χώρας
3413 4926 3710 4998 ληΐσασθαι

2043 5012 2544 5090 κατεπειγομένων,
2595 5014 2708 5089 χρὴ
2769 5014 2876 5086 πρὸ
2932 5020 3028 5070 τοῦ
3089 5013 3374 5092 διαυγάσαι
3405 5017 3501 5081 τὰς
3530 5019 3710 5090 τάξεις

2042 5107 2138 5158 τοῦ
2174 5102 2278 5157 ὑπὸ
2337 5103 2395 5156 σὲ
2452 5101 2856 5177 στρατεύματος
2919 5101 2994 5164 εἷς
3051 5103 3251 5166 τόπους
3280 5107 3328 5142 ⁸⁸
3369 5105 3707 5181 ἀποκρῦψαι,

2042 5193 2179 5267 πρὸς
2234 5192 2298 5246 τὸ
2360 5191 2436 5263 μή
2496 5195 2614 5252 τοῖς
2669 5189 2965 5266 πολεμίοις
3011 5201 3350 5270 φωραθῆναι,
3381 5194 3470 5250 καὶ
3503 5195 3556 5252 ἐν
3587 5203 3710 5262 τοῖς

2041 5281 2314 5342 τοιούτοις
2369 5279 2714 5356 ἐγκρύμμασι
2773 5288 3104 5358 καρτερῆσαι
3161 5283 3293 5359 ἄχρι
3342 5284 3533 5361 τρίτης
3563 5286 3710 5360 ὥρας

265 5377 350 5428 Ac
375 5373 569 5446 primo
595 5374 748 5433 229
773 5373 1016 5447 quidem
1048 5375 1206 5434 acies
1226 5381 1546 5449 utrumque
1579 5379 1748 5431 tuum
1775 5373 1931 5430 latus

2055 5372 2075 5441 ἢ
2109 5369 2200 5426 καὶ
2229 5368 2490 5445 τετάρτης
2541 5376 2642 5440 τῆς
2698 5369 2932 5446 ἡμέρας,
2962 5368 3069 5436 ’έως
3099 5370 3160 5429 ἂν
3187 5373 3241 5430 οἱ
3269 5375 3536 5449 πολέμιοι
3568 5376 3710 5453 πρὸς

1488 5529 1548 5586 C.
1582 5527 1646 5585 B.
1696 5527 1888 5584 HASII
1917 5525 2480 5583 ANNOTATIONES.

336 5651 384 5688 ⁸1
416 5652 866 5726 χωρίοιςηΕοΓί.

980 5651 1149 5728 όγοιςτ
1225 5654 1272 5690 ⁸³
1329 5655 1483 5728 Fert.
1545 5651 1934 5728 ἀποκρύφους-,ι
1998 5649 2047 5686 ⁸³

2152 5645 2387 5726 ιλιάδας.
2447 5648 2589 5707 Cod.
2648 5651 2710 5706 Β.
2745 5646 3037 5726 μυριάδας.
3080 5653 3193 5711 Sed
3227 5653 3383 5714 infra
3415 5656 3546 5715 148;
3569 5655 3618 5716 Α
3647 5657 3702 5715 i8

336 5671 384 5688 νι
416 5671 678 5726 χωριοις.
712 5671 866 5709 r‘ort.
899 5671 1148 5764 χρόνοις.
1225 5671 1272 5690 ’³
1331 5671 1483 5736 reri.
1545 5671 1934 5736 αποκρυφους..

270 5739 509 5796 quoque
541 5721 825 5799 χιλιάδας.
871 5753 874 5756 ~
904 5729 925 5765 θ
981 5725 1314 5789 εἶς’τόπους.
1351 5726 1595 5783 Videtur
1619 5726 1714 5782 hic
1745 5725 1945 5782 excidi"

2152 5671 2387 5711 ιΛιαοας.
2447 5671 2500 5706 Ut

2069 5671 2450 5797 adj‘eotivum.
2495 5735 2500 5740 ’
