4096 6452
397 483 514 545 979

1733 462 2160 532 NICEPHORI
2200 462 2482 526 ΡΗΟΟΕ

3699 471 3822 534 980

398 617 514 672 tria
545 613 754 677 millia,
787 616 845 667 et
868 609 1197 683 peditatum
1230 624 1362 663 cum
1387 609 1529 677 illis,
1559 607 1795 680 disponi
1819 608 1879 661 in
1912 605 2045 660 insi-

2166 598 2338 675 λόχον
2370 598 2784 672 καταστησάτω·
2836 599 2888 656 ἐν
2922 598 3085 674 ᾧκαὶ
3143 604 3343 658 σκοπιά
3400 604 3540 659 ἔστιν
3601 601 3816 677 ὑψηλὴ,

399 705 512 760 diis
563 707 812 775 oportet,
865 700 1137 755 abstruso
1181 699 1740 768 munimentumque
1791 696 2046 751 habente

395 795 560 848 loco:
588 793 682 846 cui
733 791 779 845 si
834 806 976 845 casu
1025 789 1338 844 castellum
1381 789 1524 844 281
1553 787 1775 851 subest,
1810 786 1868 839 id
1900 804 2046 857 quo-

395 899 508 954 que
541 881 614 936 ad
641 882 1087 935 ﬁrmamentum
1120 878 1365 932 confert.
1417 880 1615 948 Neque
1679 883 1874 931 tamen
1936 878 2047 931 hoc

397 976 623 1043 spectet
653 970 790 1033 dux,
817 970 876 1023 in
903 969 1174 1023 animove
1207 967 1440 1036 habeat,
1474 973 1559 1033 ut,
1592 967 1642 1019 vi
1678 967 1934 1021 hostium
1955 966 2050 1019 in-

396 1059 649 1114 cubente
679 1074 993 1130 pugnaque
1024 1057 1314 1111 acerrima
1345 1055 1682 1118 commissa,
1717 1055 1776 1108 in
1831 1055 2048 1108 castel-

394 1149 519 1204 lum
554 1165 615 1203 se
647 1147 947 1218 conjiciat,
983 1152 1307 1217 antequam
1339 1145 1514 1200 saluti
1541 1144 1801 1198 militum
1831 1159 2048 1198 consu-

394 1238 594 1294 luerit.
628 1237 690 1291 Id
725 1237 885 1291 enim
921 1253 1039 1290 non
1072 1235 1267 1290 solum
1325 1233 1583 1289 dedecus
1616 1240 1674 1287 et
1704 1233 2047 1304 despectum

396 1330 589 1396 affert,
624 1327 726 1382 sed
775 1325 1176 1382 calamitatem
1210 1325 1408 1392 etiam,
1444 1331 1501 1379 et
1555 1324 1873 1395 provincias
1906 1341 2048 1394 pcr-

395 1418 614 1471 niciem
702 1421 878 1487 atque
938 1415 1269 1469 interitum.
1330 1413 1481 1479 Quin
1536 1414 1735 1484 potius
1793 1413 1854 1466 in
1905 1413 2050 1467 locis

393 1507 642 1562 munitis
665 1506 838 1578 juxta
864 1505 1177 1560 castellum
1209 1520 1345 1559 cum
1376 1503 1642 1575 peditatu
1683 1503 1916 1558 fortiter
1946 1503 2052 1557 ob-

397 1597 586 1664 sistat,
619 1596 666 1651 si
683 1613 800 1667 qua
825 1596 1180 1651 necessitate
1201 1594 1492 1666 premitur
1517 1610 1529 1647 :
1556 1593 1890 1648 habebitibi
1914 1611 2049 1650 cum

398 1703 470 1742 ex
498 1687 627 1741 loco
646 1685 954 1752 auxilium,
982 1690 1105 1739 tum
1124 1701 1193 1739 ex
1217 1681 1494 1754 praesidio
1518 1682 1779 1753 pedestri
1795 1684 2048 1752 castelli,

399 1776 756 1847 opitulatum
787 1773 1113 1846 prodituro.
1141 1772 1460 1827 Przefectus
1487 1777 1888 1828 trecentorum
1915 1774 2052 1830 illos

401 1882 556 1931 rum,
591 1865 691 1935 qui
715 1863 789 1919 ad
820 1863 1294 1918 observationem
1311 1862 1576 1917 vicorum
1595 1862 1760 1918 missi
1795 1869 1956 1934 sunt,
1987 1865 2050 1920 in

2158 683 2464 763 ἀπόϐλεψιν
2518 687 2742 766 ἔχουσα,
2799 688 2896 746 τοῦ
2959 693 3198 764 μήκοθεν
3258 692 3386 755 τοὺς
3442 691 3818 766 διωκομένους

2156 777 2252 832 τοῦ
2287 777 2422 832 λαοῦ
2453 779 2617 834 αὐτοῦ
2647 779 2737 834 καὶ
2770 777 3070 842 διώκοντας
3122 782 3272 857 ὀρᾷν.
3325 783 3582 846 Ὀπισθεν
3615 780 3672 836 δὲ
3701 788 3810 837 τῶν

2161 865 2452 942 δισχιλίων
2509 867 2636 932 τοὺς
2694 866 3073 942 τρισχιλίους,
3131 869 3220 923 καὶ
3279 869 3439 938 πεζὸν
3503 869 3811 943 στράτευμα

2159 955 2251 1010 σὺν
2303 955 2488 1019 αὐτοῖς
2551 958 2600 1011 έν
2665 954 2964 1034 ἀποκρύφῳ
3030 957 3186 1030 τόπῳ
3246 957 3320 1019 εἷς
3369 955 3584 1031 ἐνέδραν
3645 979 3814 1012 κατα-

2159 1048 2354 1108 στῆσαι
2389 1043 2491 1113 δεῖ,
2515 1051 2616 1100 τοῦ
2645 1045 2817 1100 τόπου
2850 1045 3165 1121 ὀχυρότητα
3213 1043 3459 1122 ἔχοντος·
3489 1046 3531 1101 εἰ
3563 1047 3706 1122 τύχῃ
3758 1045 3817 1102 δὲ

2157 1134 2247 1189 καὶ
2277 1136 2479 1212 κάστρο
2536 1135 2797 1206 πλησίον,
2851 1132 2958 1208 τέξει
3014 1136 3234 1191 κάκεῖνο
3290 1135 3365 1200 εἰς
3428 1138 3688 1213 βοήθειαν
3722 1137 3813 1206 Μὴ

2159 1224 2430 1280 σκοπείτω
2497 1222 2555 1280 δὲ
2614 1227 2642 1280 ὁ
2702 1223 3006 1301 στρατηγὸς
3081 1223 3222 1298 μηδὲ
3273 1226 3409 1282 κατά
3464 1231 3592 1280 νοῦν
3649 1230 3818 1281 τοῦτο

2159 1311 2353 1388 ἐχέτω,
2403 1311 2492 1368 ἐὰν
2542 1313 2735 1386 πλήθη
2796 1313 3086 1387 πολεμίων
3152 1312 3470 1371 ἐπιτεθῶκιν
3531 1315 3679 1388 αὖτῷ
3727 1315 3822 1370 καὶ

2160 1400 2395 1475 σφοδρὸς
2417 1401 2641 1477 γένηται
2697 1401 2970 1476 πόλεμος,
3029 1399 3246 1467 ἔνδοθεν
3304 1409 3402 1459 τοῦ
3458 1407 3694 1481 κάστρου
3725 1425 3821 1480 γε-

2157 1490 2360 1562 νέσθαι,
2387 1492 2492 1568 πρὸ
2521 1497 2618 1547 τοῦ
2655 1493 2746 1548 τὸν
2776 1489 2920 1547 ἳδιον
2951 1497 3254 1566 περισῶσαι
3315 1491 3465 1550 λαόν.
3501 1497 3673 1550 Τοῦτο
3706 1494 3812 1570 γὰρ

2161 1580 2222 1636 οὐ
2257 1581 2422 1654 μόνον
2450 1579 2665 1654 ἀδοξίαν
2697 1582 2788 1638 καὶ
2831 1584 3264 1658 καταφρόνησιν,
3324 1581 3471 1639 ἀλλά
3526 1583 3616 1639 καὶ
3681 1581 3820 1646 ϐλά-

2161 1664 2262 1740 ϐην
2307 1668 2518 1746 ἐπάγει,
2547 1670 2636 1726 καὶ
2695 1673 2763 1740 ἧς
2822 1671 3013 1747 χώρας
3063 1671 3368 1746 ἀφανισμὸν
3422 1673 3512 1727 καὶ
3564 1671 3819 1727 πανωλε-

2161 1759 2336 1834 θρίαν.
2369 1761 2530 1818 Ἀλλ’
2577 1756 2769 1831 ἔξωθεν
2801 1759 2853 1816 ἐν
2886 1766 3002 1825 τοῖς
3045 1760 3375 1837 ὀχυρώμασι
3431 1766 3548 1824 τοῖς
3577 1761 3814 1832 πλησίον

2158 1854 2254 1906 τοῦ
2283 1851 2518 1926 κάστρου
2577 1850 2712 1924 μετά
2767 1855 2862 1906 τοῦ
2921 1855 3146 1921 πεζικοῦ
3205 1851 3608 1928 στρατεύματος
3650 1851 3814 1928 ἰσχυ-

402 1953 647 2023 specula
668 1953 1025 2008 constitutus
1047 1951 1146 2006 ubi
1171 1951 1406 2017 viderit,
1430 1952 1632 2007 hostes
1652 1953 1810 2008 vicos
1832 1953 2045 2025 ingres-

2162 1940 2270 2015 ρῶς
2325 1940 2734 2014 ἀντιμαχέσθω,
2793 1939 2994 2015 ἀνάγκῃ
3051 1941 3381 2016 περιπεσών·
3443 1943 3535 1995 ἅτε
3591 1939 3813 2010 πολλὴν

401 2060 498 2097 sos
522 2041 903 2098 descendisse
936 2058 1006 2096 ex
1039 2041 1208 2111 equis
1230 2057 1484 2112 casaque
1505 2057 1872 2114 paganorum
1892 2060 2052 2099 scru-

393 2131 713 2203 tari,paulo
728 2131 930 2204 plures
943 2147 1124 2202 quam
1147 2137 1385 2186 centum
1407 2131 1625 2204 aglobo
1645 2138 2048 2188 trecentorum

395 2221 700 2293 sejunctos
727 2221 1072 2294 praemittat,
1092 2221 1295 2292 jussos
1317 2226 1379 2275 ut
1411 2221 1571 2276 citati
1596 2221 1656 2276 in
1679 2221 2050 2278 adversarios

393 2311 723 2367 incurrant.
759 2311 984 2366 Debent
1038 2315 1237 2366 autem
1289 2310 1389 2381 qui
1423 2311 1763 2378 mittuntur,
1797 2328 2047 2366 numero

389 2399 594 2472 plures
621 2417 752 2456 esse
786 2417 968 2472 quam
1013 2400 1214 2456 hostes
1271 2400 1430 2455 vicos
1484 2400 1759 2472 ingressi.
1795 2402 1880 2455 lta
1910 2401 2047 2456 illos

390 2489 740 2545 invadentes
771 2490 986 2544 Christi
1018 2490 1208 2562 gratia
1237 2489 1457 2545 multos
1485 2495 1544 2545 et
1572 2489 1960 2545 trucidabunt
1989 2495 2048 2545 et

390 2581 652 2652 captivos
681 2581 924 2636 facient.
959 2582 1066 2646 Qui
1101 2584 1460 2652 supererunt
1489 2597 1561 2635 ex
1609 2585 1802 2636 turma
1829 2581 1953 2645 illa,
1987 2587 2046 2636 et

393 2677 684 2743 quotquot
713 2671 1193 2727 adversariorum
1225 2670 1395 2741 equis
1425 2670 1770 2725 conscensis
1797 2670 1947 2743 fugae
1981 2687 2042 2726 se

389 2762 735 2833 permittere
767 2761 1094 2832 potuerint,
1127 2777 1229 2816 eos
1260 2759 1477 2814 acriter
1520 2760 1914 2830 insequantur
1938 2760 2044 2816 do-

389 2868 504 2906 nec
535 2851 647 2923 ipsi
681 2867 716 2906 a
746 2851 937 2923 globis
969 2850 1256 2916 hostium,
1281 2849 1758 2904 commilitonum
1789 2849 2044 2906 tuendo-

389 2956 526 2995 rum
558 2956 737 2995 causa
765 2939 1089 3010 dispositis,
1122 2937 1436 3010 agitentur.
1472 2939 1587 2992 Hos
1614 2944 2043 3009 persequentes

391 3029 708 3102 praefectus
748 3034 1149 3084 trecentorum
1208 3027 1412 3082 videns
1468 3044 1588 3083 non
1648 3044 1862 3100 magno
1912 3045 2043 3084 esse

391 3135 666 3186 numero,
701 3119 801 3172 sed
830 3117 1166 3173 inordinate
1190 3119 1494 3188 effuseque
1516 3133 1711 3185 ruere,
1745 3123 2046 3189 exspectet

389 3208 455 3263 in
485 3207 755 3277 latibulo,
788 3207 976 3263 donec
1007 3208 1096 3262 sui
1133 3207 1353 3262 milites
1375 3207 1671 3278 fugientes
1692 3207 1846 3263 232
1868 3207 2046 3263 adve-

390 3298 592 3353 nerint
620 3303 795 3368 atque
819 3297 1190 3368 prwtervecti
1218 3297 1356 3352 sint.
1381 3297 1526 3350 Tum
1553 3296 1702 3366 ipse,
1756 3296 1816 3350 in
1839 3297 2039 3353 hostes

390 3404 464 3442 ex
514 3386 748 3441 insidiis
797 3401 1163 3459 consurgens
1197 3427 1211 3453 ,
1282 3399 1419 3439 cum
1469 3400 1578 3438 sua
1632 3400 1813 3440 manu
1871 3387 2042 3458 signa

391 3477 614 3532 cursim
669 3475 907 3542 inferat,
944 3481 997 3530 et
1031 3473 1248 3528 Christi
1281 3473 1549 3544 potentia
1577 3489 1644 3528 ac
1672 3474 1861 3546 gratia
1916 3492 2043 3530 rem

388 3566 542 3621 bene
598 3571 807 3635 geret.
869 3564 1105 3620 Etenim
1159 3578 1294 3616 cum
1352 3562 1610 3632 captivos
1661 3563 1856 3632 faciet,
1916 3569 2042 3618 tum

389 3655 612 3710 multos
641 3655 917 3710 concidet
945 3659 1004 3707 et
1030 3650 1384 3706 vulnerabit.
1418 3650 1815 3708 Afﬂuentibus
1849 3659 2044 3708 tamen

391 3743 580 3816 magis
613 3743 918 3816 magisque
959 3739 1253 3804 hostibus,
1307 3745 1597 3811 auctaque
1656 3741 2044 3797 multitudine

393 3833 609 3887 acriter
637 3830 1021 3894 instantibus,
1055 3827 1314 3899 captivos
1337 3828 1464 3899 jam
1495 3829 1702 3900 factos,
1739 3847 2044 3902 equosque

394 3937 601 3976 eorum
658 3926 838 3990 atque
898 3934 1065 3973 arma
1119 3917 1404 3986 remittat,
1463 3923 1528 3973 ut
1579 3917 1952 3976 deducantur
1983 3920 2044 3975 in

392 4010 593 4066 locum
626 4010 726 4064 ubi
759 4009 877 4064 dux
908 4007 1291 4062 subsidiatur.
1344 4007 1470 4078 Ipse
1516 4026 1652 4064 cum
1710 4026 1817 4065 sua
1863 4027 2045 4065 manu

396 4100 640 4155 servatis
653 4097 965 4153 ordinibus
987 4095 1245 4164 recedat,
1260 4097 1460 4152 hostes
1474 4097 1547 4152 ad
1562 4099 2045 4169 persequendum

393 4191 636 4246 irritans
668 4193 846 4258 atque
877 4185 1279 4258 intelligenter
1307 4187 1580 4242 alliciens
1607 4204 1619 4242 :
1654 4203 1848 4258 neque
1882 4189 2044 4258 quis-

393 4296 574 4351 quam
588 4295 659 4332 ex
673 4277 722 4348 ej
734 4293 801 4331 us
820 4281 1016 4331 turma
1027 4276 1414 4347 sciat,quibus
1428 4278 1488 4332 in
1502 4277 1649 4332 locis
1663 4277 1894 4332 insidias
1909 4294 2046 4332 cum

393 4371 541 4425 duce
564 4369 807 4432 lateant,
833 4373 1048 4439 praeter
1069 4368 1263 4438 ipsum
1286 4367 1938 4439 praafectumJiostibus
1961 4368 2047 4423 in-

393 4458 813 4515 cumbentibus
863 4457 916 4511 ei
967 4473 1180 4528 magno
1213 4474 1486 4521 numero,
1519 4456 1847 4527 rapideque
1885 4457 2046 4512 inse-

395 4546 738 4618 quentibus,
771 4551 1062 4617 quotquot
1082 4547 1307 4602 strenui
1332 4545 1585 4600 etfortes
1608 4551 1766 4610 sunt,
1789 4551 1847 4601 et
1875 4547 2044 4617 equis

395 4634 729 4690 valentibus
746 4636 1057 4701 vehuntur,
1083 4653 1144 4691 se
1166 4635 2044 4708 convertant,insequentesque

2161 2029 2222 2083 ἐκ
2247 2033 2344 2084 τοῦ
2374 2030 2548 2084 τόπου
2607 2027 2752 2104 ἔχων
2808 2029 3087 2103 βοήθειας,
3147 2030 3360 2084 καὶτὸν
3425 2034 3522 2084 τοῦ
3578 2030 3814 2105 κάστρου

2159 2119 2321 2187 πεζὸν
2352 2116 2486 2172 λαόν
2542 2117 2619 2179 είς
2680 2115 3002 2192 συμμαχίαν
3058 2116 3240 2174 αὐτοῦ.
3301 2120 3362 2174 Ὀ
3419 2117 3509 2172 οὗν
3566 2117 3816 2194 ἀρχηγὸς

2156 2210 2266 2260 τῶν
2294 2207 2644 2281 τριακοσίων,
2676 2210 2784 2261 τῶν
2846 2206 2924 2268 εἷς
2978 2205 3226 2284 φυλακὴν
3271 2210 3378 2262 τῶν
3413 2207 3641 2282 χωρίων
3674 2207 3814 2261 ἀπο-

2159 2294 2485 2365 σταλέντων,
2546 2295 2622 2357 εἷς
2673 2297 2959 2370 περιωπήν
3022 2295 3312 2369 ἱστάμενος
3368 2296 3460 2350 καὶ
3518 2296 3660 2367 ὁρῶν
3687 2293 3817 2358 τοὺς

2155 2383 2462 2458 πολεμίους
2511 2383 2564 2440 ἐν
2595 2389 2716 2447 τοῖς
2747 2385 2983 2460 χωρίοις
3016 2384 3463 2460 εἰσερχομένους,
3514 2384 3676 2454 ἡνίκα
3702 2386 3815 2439 τῶν

2149 2475 2336 2535 ’ίππων
2367 2474 2661 2542 ἀποϐάντες
2694 2482 2788 2542 τὰς
2847 2479 3022 2542 οἷ’κίας
3078 2485 3187 2535 τῶν
3247 2479 3474 2556 χωρίων
3528 2478 3815 2554 ἀναψηλα-

2154 2574 2350 2647 φῶσιν,
2382 2570 2569 2625 ἑκατὸν
2597 2569 2689 2624 καὶ
2725 2569 2920 2643 μικρόν
2951 2591 3003 2624 τι
3035 2569 3202 2624 πλέον
3265 2567 3325 2624 ἐκ
3377 2573 3475 2624 τοῦ
3535 2573 3673 2624 λαοῦ
3702 2573 3813 2624 τῶν

2152 2661 2482 2736 τριακοσίων
2544 2656 2882 2734 διαχωρίσας
2939 2657 3370 2732 ἀποστειλάτω,
3431 2655 3814 2732 διορισάμενος

2153 2749 2339 2813 αὐτοῖς
2379 2749 2543 2820 ὀξέως
2571 2749 2708 2805 κατά
2735 2753 2844 2804 τῶν
2872 2748 3160 2822 πολεμίων
3201 2747 3503 2806 ἐπιθέσθαι.
3555 2748 3816 2811 Πλείονες

2154 2835 2212 2894 δέ
2273 2839 2509 2894 ἔστωσαν
2573 2839 2626 2894 οἱ
2687 2836 3160 2912 ἀποστελλόμενοι
3213 2843 3322 2894 τῶν
3375 2839 3452 2901 είς
3508 2839 3576 2894 τὰ
3631 2837 3818 2914 χωρία

2153 2926 2555 3003 εἷσερχομένων
2614 2924 2904 3000 πολεμίων
2939 2970 2952 2984 .
3009 2927 3108 2982 Καὶ
3192 2927 3311 2982 κατ’
3391 2927 3566 2982 αὐτῶν
3641 2925 3819 2988 οὕτως

2153 3016 2466 3090 ἐπιθέμενοι
2504 3018 2693 3093 χάριτι
2721 3021 2958 3092 Χριστοῦ
3015 3014 3266 3079 πολλοὺς
3296 3017 3386 3072 καὶ
3418 3016 3693 3087 ἀνελοῦσι,
3723 3017 3814 3071 καὶ

2154 3104 2434 3180 δεσμώτας
2485 3105 2756 3180 λήψονται
2792 3149 2805 3164 .
2862 3107 2929 3164 Οἱ
2981 3103 3038 3161 δὲ
3086 3105 3492 3181 περιττεύοντες
3548 3110 3646 3162 τοῦ
3677 3105 3818 3162 λαοῦ

2152 3199 2313 3267 ἡμῶν
2344 3197 2470 3250 ὅσοι
2528 3199 2636 3250 τῶν
2671 3194 2958 3269 πολεμίων
2989 3199 3097 3250 τῶν
3129 3193 3286 3251 ἰδίων
3312 3193 3501 3250 Ἵππων
3559 3190 3818 3264 ἐπιϐῆναι

2153 3281 2424 3354 δυνηθῶσι
2477 3285 2571 3339 καὶ
2657 3285 2805 3361 φυγῆ
2854 3286 3179 3361 χρήσονται,
3242 3282 3524 3358 ἐπιμελῶς
3585 3284 3820 3348 τούτους

2706 3337 2803 3359 κν,
3247 3337 3522 3358 ,Ἴ

2071 3337 2115 3405 C
2153 3371 2591 3444 διώξουσιν,έως
2611 3337 3004 3449 ἄνιπαράκξῶν
3047 3373 3305 3449 φουλκων
3333 3379 3442 3429 τῶν
3492 3374 3810 3448 πολεμίων,

2145 3467 2254 3518 τῶν
2283 3461 2586 3535 ἱσταμένων
2635 3462 2713 3525 εἷς
2763 3459 3014 3539 φυλακὴν
3071 3467 3178 3518 τῶν
3239 3462 3465 3539 ἑταίρων
3501 3465 3547 3500 ⁸⁵
3603 3462 3809 3533 αὐτῶν,

2151 3549 2582 3628 ἐπιδιωχθῶσιν.
2613 3553 2786 3626 Ὁρῶν
2821 3550 2880 3607 δὲ
2932 3551 3060 3615 τοὺς
3121 3549 3420 3615 διώκοντας
3451 3553 3478 3608 ὁ
3508 3557 3615 3607 τῶν
3644 3570 3807 3624 τρια-

2148 3642 2346 3698 κοσίων
2377 3641 2564 3718 ἅρχων
2601 3643 2677 3717 μή
2712 3641 2790 3705 εἲς
2823 3642 3039 3713 πλῆθος
3080 3638 3261 3715 ὄντας,
3290 3641 3416 3698 ἀλλ’
3465 3641 3812 3704 ἀσυντάκτως

2149 3733 2239 3790 καὶ
2349 3734 2596 3809 ἀκρατῶς
2701 3729 2997 3796 διώκοντας
3029 3777 3043 3804 ,
3126 3736 3513 3809 καρτερησάτω
3598 3731 3649 3788 ἐν
3730 3737 3814 3806 τῷ

2151 3831 2515 3908 ἐγκρύμματι,
2563 3829 2667 3887 ἔων
2716 3832 2778 3886 οὗ
2813 3833 2864 3886 οἱ
2897 3829 3231 3904 διωκόμενοι
3290 3831 3388 3888 105
3448 3831 3583 3888 λαοῦ
3640 3833 3814 3888 αὐτοῦ

2149 3917 2501 3977 καταλάϐωσι
2555 3922 2645 3976 καὶ
2704 3919 2991 3976 διέλθωσιν
3023 3964 3038 3980 .
3099 3921 3216 3978 Εἶθ’
3271 3923 3446 3986 οὕτως
3502 3924 3592 3978 καὶ
3653 3923 3816 3986 αὐτὸς

2151 4009 2404 4089 σφοδρῶς
2431 4011 2568 4066 κατά
2611 4014 2718 4065 τῶν
2774 4008 3068 4084 πολεμίων
3120 4013 3226 4067 ἀπὸ
3281 4017 3380 4068 τοῦ
3429 4011 3820 4089 ἐγκρύμματος

2150 4099 2403 4173 ἐξελθὼν,
2449 4099 2712 4173 μετὰτῶν
2765 4098 2858 4154 σὺν
2917 4100 3065 4174 αὐτῷ
3123 4103 3451 4178 ὁρμησάτω,
3481 4103 3572 4158 καὶ
3603 4101 3819 4159 εὐοδω-

2150 4191 2373 4259 θήσεται
2397 4192 2466 4263 τῇ
2498 4193 2595 4244 τοῦ
2625 4190 2862 4264 Χριστοῦ
2911 4187 3139 4263 δυνάμει
3172 4190 3264 4246 καὶ
3299 4192 3509 4267 χάριτι.
3566 4194 3818 4266 Λήψεται

2151 4278 2254 4352 γὰρ
2285 4278 2372 4332 καὶ
2407 4274 2814 4354 δορυαλώτους,
2847 4278 2939 4334 καὶ
2971 4275 3224 4342 πολλοὺς
3273 4280 3366 4335 καὶ
3397 4281 3680 4356 ἀναιρήσει
3721 4282 3814 4336 καὶ

2149 4366 2527 4440 τραυμάτίσει.
2561 4370 2682 4424 Τῶν
2731 4367 2822 4423 οὗν
2853 4367 3140 4441 πολεμίων
3173 4370 3260 4441 [Ρ.
3299 4372 3422 4443 150]
3482 4368 3560 4425 ἔτι
3591 4390 3824 4446 προστι-

2151 4452 2413 4529 θεμένων,
2445 4456 2535 4512 καὶ
2567 4455 2644 4519 είς
2686 4455 2898 4527 αλῆθος
2953 4456 3357 4531 αὐξανομένων,
3408 4458 3501 4514 καὶ
3560 4456 3822 4537 σφοδρῶς

2153 4543 2560 4601 ἐπιδιωκόντων
2589 4589 2606 4616 ,
2664 4547 2794 4608 τοὺς
2857 4548 2951 4620 μὲν
3020 4545 3450 4622 κατασχεθέντας
3531 4545 3818 4622 δεσμίους,

2153 4634 2280 4697 τοός
2309 4656 2366 4690 τε
2392 4634 2596 4698 ’ἱππους
2626 4636 2804 4690 αὐτῶν
2861 4635 2952 4690 καὶ
3014 4633 3161 4690 ὅπλα
3218 4633 3523 4712 ἔμπροσθεν
3558 4638 3820 4693 ἀποπει-

395 4724 644 4780 feriant:
670 4741 785 4795 quo
828 4730 886 4779 et
906 4743 1044 4780 suos
1066 4726 1302 4781 saucios
1326 4731 1696 4794 conservent,
1731 4732 1785 4782 et
1817 4728 1866 4782 si
1889 4744 2040 4798 quo-

2154 4721 2324 4798 λοὶτω,
2381 4729 2477 4780 τοῦ
2534 4718 2864 4780 καταλαϐεῖν
2899 4723 2951 4779 ἐν
2986 4725 3032 4796 ᾧ
3059 4725 3214 4798 τόπῳ
3241 4725 3269 4780 ὁ
3302 4710 3606 4802 στρατηγὸς
3653 4725 3823 4784 ’ίστα-

399 4829 533 4868 rum
551 4814 825 4885 jumenta
855 4820 957 4870 aut
986 4814 1219 4870 defessa
1267 4819 1370 4869 aut
1424 4805 1733 4872 vulnerata
1779 4818 1918 4882 sint,
1951 4817 2046 4871 bis

394 4903 736 4959 facultatem
769 4904 1154 4976 suppeditent
1181 4903 1299 4959 alia
1326 4905 1786 4962 conscendendi.
1832 4908 2046 4962 Postea

396 4994 663 5050 remissis
705 4994 955 5050 habenis
988 5010 1023 5049 a
1051 4996 1549 5065 persequentibus
1605 4995 2044 5066 aliquantulum

394 5086 680 5141 cursimse
700 5089 1069 5139 removeant:
1094 5089 1160 5139 ut
1173 5091 1232 5138 et
1251 5085 1636 5141 incumbente
1649 5085 1761 5140 sibi
1781 5086 2042 5141 hostium

389 5174 443 5228 vi
465 5176 711 5247 paulum
733 5175 1022 5238 leventur,
1042 5177 1101 5227 et
1121 5173 1208 5227 illi
1233 5191 1439 5245 equos,
1463 5173 1537 5230 ad
1559 5174 2040 5244 persequendum

388 5264 744 5322 festinanter
769 5264 1085 5330 admissos,
1104 5263 1455 5318 lassitudine
1473 5263 1797 5319 conﬁciant
1817 5269 1877 5319 et
1900 5281 2039 5320 exa-

389 5355 642 5411 niment.
678 5354 869 5409 Nostri
902 5353 1195 5424 fugientes
1223 5351 1472 5406 latibulo
1495 5354 2039 5424 appropinquantes

390 5443 484 5499 vel
515 5445 722 5500 dextra
744 5443 835 5497 vel
856 5441 1001 5496 laeva
1029 5445 1374 5497 transeant:
1408 5457 1483 5497 ne
1513 5441 2038 5514 prorumpentibus

2154 4835 2266 4871 ται.
2324 4815 2588 4876 Κάκεῖνος
2631 4811 2902 4876 εὐτάκτως
2963 4813 3312 4891 ὑποφευγέτω
3370 4816 3505 4888 μετά
3563 4819 3670 4871 τῶν
3719 4816 3823 4872 σὺν

2155 4902 2350 4975 αὐτῷ,
2409 4903 2658 4979 ἐρεθίζων
2725 4903 2854 4965 τοὺς
2906 4900 3216 4976 πολεμίους
3278 4906 3417 4981 πρὸς
3477 4903 3660 4979 δίωξιν
3719 4907 3818 4962 καὶ

2154 4992 2429 5065 ἐμπείρως
2487 4990 2875 5068 ἐφελκόμενος·
2941 4989 3137 5066 μηδεὶς
3193 4991 3252 5049 δὲ
3305 4999 3404 5050 τοῦ
3462 4993 3599 5051 λαοῦ
3649 4993 3823 5051 αὐτοῦ

2149 5084 2486 5158 γινωσκέτω,
2519 5082 2572 5137 ἄν
2605 5083 2688 5144 οἷς
2732 5082 2923 5144 τόποις
2977 5083 3046 5138 τὰ
3097 5084 3458 5158 ἐγκρύμματα
3485 5085 3584 5140 τοῦ
3615 5106 3820 5162 στρατ-

2151 5176 2290 5247 ηγοῦ
2341 5169 2612 5241 ἵστανται,
2671 5170 2716 5225 εἷ
2779 5173 2856 5244 μὴ
2917 5171 3080 5244 μόνος
3113 5173 3141 5226 ὁ
3184 5170 3373 5248 ἄρχων
3433 5173 3633 5232 αὐτῶν.
3684 5178 3815 5233 Τῶν

2152 5261 2211 5319 δὲ
2237 5263 2519 5336 πολεμίων
2553 5261 2943 5334 ἐπιτιθεμένων
2977 5262 3125 5333 αὗτῷ
3186 5263 3321 5336 μετά
3376 5261 3627 5336 πλήθους
3649 5265 3816 5336 λαοῦ,

2148 5350 2238 5407 καί
2308 5353 2554 5425 ἀκρατῶς
2605 5349 2944 5421 διωκόντων,
2997 5351 3342 5428 ὑποστροφὰς
3398 5354 3730 5410 ποιείτωσαν
3761 5357 3818 5411 οἱ

2150 5437 2300 5504 ὄντες
2343 5439 2582 5516 ἀνδρεῖοι
2639 5441 2731 5497 καὶ
2784 5439 3181 5518 γενναιότατοι,
3229 5443 3320 5497 καὶ
3373 5441 3581 5508 ἵππους
3642 5445 3814 5501 εὐτό-

1610 5593 1670 5648 C.
1705 5594 1772 5654 Β.
1813 5595 1998 5651 HASII
2026 5595 2595 5654 ANNOTATIONES.

467 5794 513 5832 ⁸⁵
533 5794 786 5869 δταίρων,
813 5789 1008 5868 ιτέρων
1043 5790 1217 5849 codd.
