4096 6436
416 472 534 534 981
1720 473 2140 536 VELITATIO
2183 473 2542 535 BELLICA.
3730 471 3849 533 982

419 628 545 668 νους
575 604 828 681 ἔχοντες,
859 606 951 661 καὶ
1003 604 1068 662 π)
1086 608 1398 677 ηττέτωσαν
1455 605 1584 670 τοὺς
1645 603 1964 670 διώκοντας·
1994 607 2058 661 ἐνι

2167 609 2435 677 ,ἱηεὶάὶἱε
2467 607 2679 665 eodem
2710 608 2840 664 loco
2890 613 3226 674 occurrant,
3280 601 3726 680 sibique'inter
3783 625 3846 663 se

421 696 512 751 καὶ
541 695 670 758 τοὺς
692 695 1024 769 τραυματίας
1052 700 1161 752 τῶν
1192 694 1350 752 ἱδίων
1383 693 1714 765 διασώσωσι,
1763 696 1853 751 καὶ
1894 697 2058 751 ἳππωε

2188 697 2384 753 fraudi
2418 698 2556 753 sint.
2591 703 2665 753 At
2691 699 2843 755 283
2877 698 2976 753 ubi
3008 698 3302 770 fugientes
3335 714 3396 753 se
3440 715 3579 753 cum
3627 697 3750 752 illis
3780 697 3843 752 in

422 783 766 840 ἇτονούντων
847 785 881 855 ἢ
958 786 1049 841 καὶ
1107 786 1504 858 πληττομένων
1573 785 1771 862 ἐτέρων
1825 781 2058 856 ἐπιϐἧνα

2190 787 2439 844 latibulo
2491 788 2934 860 conjunxerint,
2962 793 3088 842 tum
3133 804 3194 843 se
3226 787 3555 842 obvertant.
3589 788 3659 841 Et
3689 786 3738 841 si
3771 802 3842 840 ex

425 874 926 950 παρασκευάσωσιν.
955 877 1077 940 Εἶθ’
1107 875 1280 939 οὕτως
1329 873 1672 940 ἐπιδιδόντας
1726 874 1852 938 τοὺς
1909 873 2058 951 χαλι·

2190 877 2422 934 duabus
2438 877 2708 949 partibus
2729 877 3187 949 impressionem
3212 877 3272 932 in
3294 878 3495 932 hostes
3517 876 3765 942 faciunt,
3781 875 3839 930 id

428 963 550 1026 νοὺς
595 969 706 1020 τῶν
759 963 947 1020 ’ἱππων
1011 967 1128 1038 μετ’
1181 963 1407 1028 ἐλασίας
1475 967 1827 1040 μακρυνθῶσι
1884 965 2078 1038 μικρὸν

429 1058 533 1110 τῶν
561 1051 897 1110 διωκόντων·
929 1053 1018 1109 ἴνα
1045 1053 1135 1110 καί
1163 1059 1262 1110 τοῦ
1325 1053 1521 1130 βάρους
1575 1059 1674 1112 τοῦ
1731 1053 2079 1128 ἐπικειμένου

422 1142 607 1206 αὐτοῖς
635 1147 744 1198 τῶν
800 1140 1088 1217 πολεμίων
1142 1144 1336 1218 μικρὸν
1391 1148 1754 1222 κουφισθῶσι,
1811 1145 2078 1212 κάκεῖνοι,

418 1232 668 1308 ὀξύτερον
696 1232 826 1296 τοὺς
866 1231 1073 1290 ’ίππους
1141 1231 1458 1296 ἐλαύνοντες
1515 1234 1653 1310 πρὸς
1711 1230 1918 1304 δίωξιν,
1950 1232 2077 1287 ἀτό-

413 1343 544 1383 νους
597 1322 691 1378 καὶ
759 1323 1240 1398 λειποψυχοῦντας
1297 1322 1653 1400 ἐργάσωνται.
1712 1323 2078 1398 ’ἐγγιζόντων

417 1409 477 1468 δὲ
499 1418 580 1486 τῷ
605 1411 950 1490 ἐγκρύμματι
979 1418 1088 1470 τῶν
1150 1411 1504 1487 διωκομένων
1561 1417 1659 1470 τοῦ
1717 1411 1861 1468 λαοῦ
1887 1416 2077 1486 ἡμῶν,

416 1500 525 1558 εἴτε
582 1500 730 1575 δεξιᾷ
793 1501 900 1558 εἶτε
955 1503 1210 1577 εὐώνυμα
1268 1499 1652 1559 διέλθέτωσανο
1712 1501 1801 1558 ’ἱνα
1851 1505 1949 1558 τοῦ
1978 1501 2074 1576 ἐγ-

415 1592 740 1668 κρύμματος
761 1591 1127 1668 ἐξερχομένου
1181 1593 1258 1665 μὴ
1317 1594 1454 1648 κατὰ
1507 1589 1677 1648 τόπον
1729 1591 1914 1654 αὐτοῖς
1951 1612 2073 1646 συν-

417 1685 716 1754 αντήσωσι,
774 1681 865 1738 καὶ
940 1682 1226 1754 ἀλλήλους
1308 1679 1748 1758 παραϐλάψωσι.
1809 1683 1958 1738 Μετά
2015 1679 2074 1737 δὲ

415 1775 712 1828 ταῦτατῶν
733 1768 1085 1846 διωκομένων
1138 1773 1231 1828 σὺν
1286 1771 1472 1835 αὐτοῖς
1529 1772 1676 1828 οὖσιν
1737 1770 1790 1827 ἐν
1846 1775 1926 1843 τῷ
1976 1770 2068 1844 ἐγο

413 1865 726 1937 κρύμματι,
760 1863 1236 1942 ὑποστρεφόγτων.
1299 1867 1404 1921 Καὶ
1463 1862 1523 1918 ἐκ
1581 1860 1677 1919 δύο
1736 1866 1916 1937 μερῶν
1968 1869 2068 1932 τῆς

2190 984 2428 1040 quoque
2458 968 2777 1024 utilitatem
2810 968 3031 1023 nostris
3061 968 3246 1039 copiis
3274 969 3500 1024 aﬁ‘eret.
3527 966 3612 1021 Sit
3639 970 3840 1020 autem

2188 1058 2356 1114 locus
2387 1059 2741 1114 insidiarum
2771 1057 2846 1114 ad
2880 1075 2978 1113 eos
3009 1058 3161 1114 bene
3191 1056 3576 1113 occultandos
3616 1060 3788 1127 aptus
3823 1070 3837 1110 :

2187 1161 2382 1218 neque
2424 1146 2730 1219 angustias
2784 1145 2941 1200 circa
2990 1145 3213 1220 exitum
3263 1144 3686 1216 asperitatesve
3712 1141 3836 1197 ullo

2185 1233 2362 1289 modo
2402 1233 2638 1301 habeat,
2669 1232 2773 1288 sed
2821 1233 3035 1305 planus
3083 1232 3442 1304 patulusque
3491 1232 3588 1295 sit,
3641 1245 3836 1302 neque

2186 1339 2392 1378 eorum
2417 1323 2706 1394 impetum
2730 1323 2792 1378 in
2811 1322 3012 1378 hostes
3029 1322 3514 1394 perceleremque
3544 1319 3838 1375 incitatio-

2183 1428 2323 1468 nem
2354 1411 2660 1484 impediat,
2694 1412 2950 1468 maxime
2973 1413 3021 1466 si
3053 1411 3127 1467 ad
3156 1410 3248 1466 bis
3279 1411 3447 1466 mille
3479 1410 3616 1464 sint.
3650 1410 3833 1464 Tanto

2182 1502 2344 1557 enim
2374 1518 2624 1558 numero
2656 1501 2812 1558 latus
2843 1508 3022 1574 atque
3053 1505 3250 1557 rectus
3283 1501 3474 1555 exitus
3504 1515 3632 1554 esse
3657 1497 3834 1554 debet

2182 1608 2253 1647 ex
2284 1591 2412 1646 loco
2441 1592 2755 1663 ejusmodi.
2784 1593 2931 1648 Item
2948 1592 3210 1664 specula,
3226 1590 3323 1646 ubi
3347 1589 3831 1645 duxinsidiarum

2180 1681 2455 1736 consistit
2483 1681 3004 1754 circumspiciendi
3035 1697 3233 1746 causa,
3267 1680 3483 1735 idonea
3503 1680 3598 1746 sit,
3625 1695 3694 1733 ex
3715 1694 3834 1748 qua

2181 1787 2358 1843 quam
2388 1771 2735 1843 longissime
2758 1773 2959 1827 hostes
2980 1771 3368 1842 insequentes
3391 1769 3608 1837 videre,
3625 1783 3828 1823 nume-

2176 1878 2364 1933 roque
2379 1879 2583 1918 eorum
2599 1863 2912 1929 aestimato,
2929 1880 3044 1934 quo
3061 1862 3236 1918 modo
3250 1862 3729 1933 persecutionem
3744 1859 3830 1914 fa-

413 1953 596 2027 ὁρμῆς
654 1952 831 2008 αὐτῶν
890 1940 1027 2009 κατά
1081 1955 1187 2009 τῶν
1243 1951 1535 2026 πολεμίων
1593 1954 1886 2029 γινομένης
1919 1995 1934 2021 ,
1991 1951 2058 2013 εἰς

2176 1943 2336 1998 ciant
2348 1943 2681 2014 intelligere
2695 1944 2900 2015 possit.
2929 1947 3361 2014 Persequentes
3375 1941 3472 1996 ubi
3487 1941 3560 1996 ad
3574 1940 3826 1996 insidias

414 2041 682 2119 ὠφέλειαν
733 2042 826 2098 καὶ
893 2047 1055 2100 τοῦτο
1110 2047 1208 2099 τοῦ
1255 2044 1528 2118 ἡμετέρου
1564 2042 1698 2098 λαοῦ
1758 2043 2064 2118 γενήσεται.

410 2131 590 2188 Ἔστω
624 2129 682 2186 δέ
712 2132 931 2194 ὁτόπος
978 2136 1076 2188 τοῦ
1125 2130 1507 2207 ἐγκρύμματος
1564 2127 1872 2202 ἐπιτήδειος
1928 2131 2064 2206 πρὸς

406 2222 470 2275 τὸ
499 2220 686 2284 καλῶς
735 2220 931 2283 αὑτοὺς
959 2221 1348 2296 ἀποκρύπτειν·
1411 2221 1664 2294 στένωμα
1695 2217 1753 2276 δέ
1781 2221 1816 2290 ἢ
1847 2217 2067 2294 δυσχω-

409 2311 530 2384 ρίαν
563 2309 642 2373 εἷς
671 2311 772 2379 τήν
801 2307 985 2382 ἔξοδον
1019 2307 1290 2385 μηδαμῶς
1347 2309 1544 2387 ἐχέτω,
1603 2308 1732 2366 ἀλλ’
1786 2308 2068 2388 ἐφόμαλος

406 2395 548 2455 ἐστω
574 2398 663 2456 καὶ
692 2399 1031 2477 εὐρύχωρος,
1095 2397 1267 2474 μηδὲν
1322 2397 1747 2474 παρεμποδίζων
1799 2400 1899 2468 τὴ)
1931 2399 2068 2454 κατᾶ

406 2492 518 2544 τῶν
549 2488 845 2562 πολεμίων
872 2488 1049 2544 αύτῶν
1082 2490 1262 2564 ὁρμὴν
1293 2490 1382 2544 καὶ
1445 2489 1619 2560 ὀξεῖαν
1681 2487 1942 2559 ἐπίθεσιν,
1973 2489 2064 2544 καὶ

415 2580 651 2649 μάλιστα
706 2579 832 2654 περὶ
897 2579 1026 2641 τοὺς
1086 2575 1399 2654 δισχιλίους
1429 2579 1476 2616 ⁸⁸
1531 2574 1724 2635 ὄντων.
1779 2579 1905 2635 Ἐπι
1960 2578 2062 2655 γὰρ

412 2665 670 2722 τοσούτου
710 2666 947 2744 ἀριθμοῦ
975 2667 1271 2724 πλαττεῖαν
1301 2667 1390 2723 καὶ
1423 2667 1628 2723 εὐθεῖαν
1662 2669 1797 2722 εἶναι
1851 2664 1934 2722 δεῖ
1959 2668 2060 2738 τήν

417 2753 597 2826 ἔξοδον
626 2761 723 2812 τοῦ
761 2756 1017 2814 τοιούτου
1067 2757 1302 2835 χωρίου’
1364 2756 1466 2815 Καὶ
1523 2759 1559 2828 ἡ
1608 2757 1860 2834 περιωπή
1897 2753 1974 2825 δέ,
2008 2755 2062 2812 ἐν

407 2847 448 2915 ἧ
474 2845 687 2902 ἳσταται
721 2845 941 2918 βλέπων
971 2848 998 2902 ὁ
1027 2846 1126 2903 τοῦ
1157 2846 1295 2903 λαοῦ
1322 2851 1420 2902 τοῦ
1470 2847 1521 2901 ἐν
1579 2851 1660 2919 τῷ
1716 2844 2061 2922 ἐγκρύμματι

400 2935 675 3013 ἀρχηγὸς,
707 2935 990 3009 ἐπιτηδεία
1033 2933 1194 3007 ἔστω,
1224 2935 1363 2992 ὥστε
1410 2941 1644 3012 καθορᾷν
1706 2935 1813 2990 ἀπὸ
1843 2933 2060 2991 πολλοῦ

405 3022 784 3101 διαστήματος
839 3027 967 3088 τοὺς
1049 3024 1348 3089 διώκοντας
1425 3024 1748 3101 πολεμίους,
1813 3027 1903 3082 καὶ
1957 3027 2058 3096 τὴν

394 3116 682 3186 ποσότητα
734 3120 832 3172 τοῦ
888 3114 1028 3172 λαοῦ
1079 3115 1254 3172 αὐτῶν
1318 3117 1698 3192 στοχάζεσθαι,
1757 3115 1848 3171 καὶ
1904 3137 2062 3171 κατα-

393 3211 564 3275 νοεῖν,
625 3207 776 3271 ὅπως
821 3208 920 3278 τήν
971 3203 1152 3277 δίωξιν
1211 3211 1518 3264 ποιοῦνται.
1581 3205 1946 3283 Ἐγγισάντων
2001 3203 2060 3261 δὲ

393 3299 504 3350 τῶν
531 3291 845 3352 διωκόντων
903 3295 994 3351 ἐπὶ
1046 3300 1126 3369 τῷ
1184 3294 1548 3371 ἐγκρύμματι,
1601 3293 2056 3368 ἐπικαλεσάμενοι

2175 2033 2676 2104 appropinquant,
2709 2034 2979 2089 invocata
3010 2033 3280 2088 Numinis
3297 2030 3555 2103 ope,acri
3571 2035 3631 2085 et
3649 2030 3830 2084 vehe-

2176 2123 2546 2178 mentissimo
2561 2128 2738 2194 atque
2753 2129 2994 2179 strenuo
3009 2124 3234 2195 impetu
3247 2121 3506 2178 clamore
3512 2119 3829 2192 jubiloque

2176 2211 2433 2280 sublato,
2458 2213 2517 2266 in
2541 2212 2677 2268 illos
2699 2229 2762 2268 se
2789 2213 3057 2268 incitent.
3078 2211 3265 2266 Simul
3285 2210 3580 2283 fugientes
3597 2224 3659 2263 se
3677 2223 3832 2262 con-

2174 2307 2436 2358 vertant:
2462 2318 2528 2358 ac
2552 2302 2601 2358 si
2625 2319 2656 2358 e
2677 2302 2906 2359 duabus
2938 2301 3206 2374 partibus
3236 2301 3493 2372 impetus
3511 2297 3583 2354 ab
3606 2297 3728 2352 illis
3768 2297 3831 2352 in

2174 2401 2378 2457 hostes
2397 2401 2524 2456 ﬁeri
2539 2400 2908 2472 potest,illud
2925 2416 3161 2472 quoque
3175 2397 3590 2471 adjuvandum
3610 2395 3828 2452 exerci-

2173 2496 2299 2546 tum
2312 2495 2674 2546 momentum
2684 2489 3039 2547 habebit.lta
3051 2506 3408 2560 unaquaque
3427 2505 3487 2543 re
3507 2504 3576 2543 ex
3590 2485 3830 2558 prmscri

2172 2586 2272 2652 pto
2292 2587 2494 2636 nostro
2516 2581 2932 2653 administrata
2945 2581 2993 2635 si
3008 2580 3168 2651 quod
3185 2583 3360 2650 caput
3373 2577 3591 2633 est.Dei
3607 2575 3826 2631 auxilio

2172 2670 2417 2742 insuper
2445 2670 2850 2739 sublevantur,
2874 2675 3097 2741 quanta
3123 2675 3248 2725 tum
3288 2667 3550 2723 hostium
3601 2671 3826 2738 strages

2171 2758 2622 2832 internecioque
2637 2766 2920 2816 eventura
2945 2759 3152 2831 sit,qui
3185 2759 3397 2815 harum
3416 2773 3618 2813 rerum
3648 2771 3824 2812 usum

2170 2847 2412 2918 habent,
2438 2850 2652 2904 sciunt.
2689 2850 2798 2914 Qui
2829 2851 3012 2916 enim,
3034 2848 3326 2920 jumentis
3351 2847 3529 2919 longa
3558 2851 3617 2900 et
3646 2846 3826 2901 citata

2168 2939 2585 3009 persecutione
2607 2939 2975 3010 defessisque
2995 2940 3148 2994 23.!
3165 2937 3507 2992 hominibus
3528 2935 3713 2990 multo
3737 2935 3826 2990 la-

2167 3026 2311 3082 bore
2340 3044 2551 3100 pugnzn
2583 3027 3007 3097 diﬁcientibus,
3040 3044 3160 3082 non
3201 3031 3466 3082 extrema
3495 3025 3616 3080 illis
3662 3025 3824 3080 mala

2167 3115 2486 3172 accident?
2507 3117 2562 3171 Si
2589 3122 2811 3185 tamen,
2837 3117 2997 3190 quod
3017 3133 3260 3188 prorsus
3292 3113 3685 3187 improbabile
3709 3119 3818 3182 est,

2165 3205 2386 3277 hostes,
2420 3207 2702 3262 universa
2724 3223 2929 3262 eorum
2961 3205 3346 3262 multitudine
3373 3206 3435 3261 in
3467 3206 3628 3260 hunc
3677 3220 3822 3259 con-

2169 3295 2398 3349 ﬂictum
2443 3311 2504 3351 se
2559 3295 2932 3365 demittente,
2988 3295 3276 3351 obsistere
3333 3295 3552 3362 valent,
3613 3293 3821 3365 ﬁtque,

393 3385 496 3454 τήν
523 3388 622 3439 τοῦ
653 3389 788 3439 Θεοῦ
835 3386 1111 3461 βοήθειαν,
1145 3386 1253 3456 ὁξει
1309 3386 1397 3440 καὶ
1455 3383 1810 3464 σφοδροτάτῳ
1841 3385 1930 3440 καὶ
1962 3385 2056 3438 ἀν-

2168 3383 2448 3439 omnibus
2469 3384 2709 3440 illorum
2737 3385 2924 3456 copiis
2945 3385 3370 3457 pugnantibus,
3395 3400 3528 3440 acre
3545 3382 3820 3454 praalium

400 3471 572 3547 δρείῳ
625 3474 910 3550 ὁρμήματι
945 3474 1079 3548 μενά
1141 3480 1384 3550 κραυγῆς
1437 3473 1527 3529 καὶ
1583 3472 1908 3549 ἀλαλαγμοῦ
1937 3475 2055 3529 κατ’

403 3563 578 3620 άύτῶν
626 3563 1044 3639 ὁρμησάτωσαν.
1129 3565 1674 3642 Ὑποστρεφέσθωσαν
1737 3563 1794 3620 δέ
1859 3566 1947 3619 καὶ
2003 3567 2056 3620 οἱ

408 3649 755 3727 διωκόμενοι·
788 3655 878 3709 καὶ
910 3654 970 3709 ἐκ
1022 3653 1119 3709 δύο
1191 3659 1368 3730 μερῶν
1425 3657 1510 3727 [Ρ.
1545 3655 1668 3728 151]
1718 3661 1816 3724 τῆς
1875 3655 2056 3727 ὁρμῆς

409 3739 577 3798 αὐτῶν
608 3742 748 3798 κατᾶ
774 3747 886 3798 τῶν
918 3741 1205 3817 πολεμίων
1235 3744 1631 3820 γεγενημένης,
1664 3742 1740 3804 εἷς
1795 3742 2055 3798 ὡσέλειαν

401 3833 680 3890 καὶτοῦτο
737 3837 834 3889 τοῦ
891 3831 1166 3906 ἡμετέρου
1225 3835 1455 3909 στρατοῦ
1509 3834 1812 3908 γενήσεται.
1876 3833 1973 3887 Καὶ
2006 3833 2052 3887 εἰ

396 3921 714 3985 ἀκολούθως
772 3921 945 3978 πάντα
1009 3921 1148 3978 κατᾶ
1199 3921 1292 3977 τὸν
1343 3921 1583 3997 παρόντα
1637 3921 1909 3997 πραχθείη
1970 3920 2056 3977 δι-

396 4013 654 4086 ορισμὸν,
685 4007 905 4087 ἔχοντες
935 4011 1042 4086 πρὸ
1073 4009 1284 4066 πάντων
1339 4012 1427 4066 καὶ
1488 4011 1590 4080 τήν
1619 4014 1718 4066 τοῦ
1746 4015 1882 4066 Θεοῦ
1917 4012 2056 4088 βοή-

394 4111 544 4164 θειαν
598 4101 1081 4179 συνεφαπτομένην
1114 4101 1326 4171 αὑτοῖς,
1380 4101 1470 4154 οἲα
1523 4099 1649 4155 τότε
1700 4103 2049 4176 καταστροφὴ

390 4188 482 4244 καὶ
507 4184 734 4261 ὄλεθρος
773 4193 880 4244 τῶν
914 4187 1203 4262 πολεμίων
1258 4191 1563 4265 γενήσεται,
1593 4189 1647 4244 οἱ
1704 4194 1896 4264 πεῖραν
1943 4193 2052 4245 τῶν

388 4279 658 4336 τοιούτων
727 4275 946 4357 ἔχοντες
1003 4277 1150 4334 ἳσασι
1197 4323 1210 4336 .
1271 4278 1376 4335 Καὶ
1425 4282 1544 4341 πῶς
1589 4278 1694 4355 γὰρ
1760 4280 1886 4353 ἄρα,
1939 4283 2048 4334 τῶν

385 4364 578 4424 ἳππων
635 4371 704 4442 τῇ
769 4371 949 4442 μακρᾷ
1005 4368 1097 4422 καὶ
1139 4365 1381 4439 συντόνῳ
1435 4363 1616 4439 διώξει
1675 4368 2049 4438 ἡτονηκότων,

386 4460 482 4515 καὶ
536 4465 645 4516 τῶν
730 4458 942 4537 ἀνδρῶν
996 4464 1078 4532 τῷ
1123 4459 1275 4532 πόνῳ
1345 4466 1448 4529 τῆς
1530 4459 1716 4535 μάχης
1797 4457 2052 4515 ἐκλελοι-

388 4548 573 4605 πότων
610 4592 625 4619 ,
677 4549 740 4605 ού
787 4551 856 4606 τὰ
907 4552 1089 4604 κακῶν
1151 4547 1324 4624 Ιχατα
1379 4548 1597 4612 τούτοις
1662 4543 2046 4622 συμϐήσεταις

392 4638 440 4693 εἷ
480 4637 558 4708 δὲ,
606 4638 740 4715 ὅπερ
795 4639 967 4710 πάντη
1028 4637 1353 4694 ἀνελπιστόν
1410 4637 1577 4710 ἐστιν,
1635 4637 1933 4715 ῗσχύσωσιν
1993 4640 2046 4694 οἱ

2169 3474 2327 3545 quod
2358 3473 2783 3531 detrimentum
2807 3480 3116 3547 acceptum
3141 3475 3360 3530 sarcire
3383 3473 3816 3538 student,vide-

2165 3567 2377 3634 turque
2409 3569 2625 3635 printer
2664 3565 3169 3637 exspectationem
3217 3581 3313 3620 res
3344 3578 3597 3619 casura:
3640 3561 3817 3616 debet

2163 3656 2305 3707 tunc
2337 3652 2455 3709 dux
2481 3654 2772 3709 exercitus
2806 3654 2973 3727 signo
3004 3653 3206 3726 aliquo
3239 3671 3306 3710 ac
3339 3653 3642 3719 mandato,
3675 3667 3814 3724 per-

2164 3758 2278 3812 que
2310 3743 2512 3798 tubam
2544 3743 2808 3815 receptui
2836 3749 3172 3811 canentem,
3204 3759 3344 3800 suos
3374 3743 3646 3798 cominus
3676 3741 3810 3797 ins-

2163 3834 2357 3885 tantes
2387 3848 2684 3898 revocare,
2710 3832 2793 3888 ita
2821 3838 2886 3887 ut
2916 3837 3080 3905 terga
3105 3832 3250 3888 dent
3271 3833 3487 3904 (neque
3520 3838 3720 3888 tamen
3751 3829 3812 3884 id

2163 3922 2386 3976 cursim
2419 3927 2478 3976 et
2494 3921 2631 3994 fuga
2660 3923 2866 3988 effusa,
2903 3922 3007 3978 sed
3039 3923 3356 3993 ordinate),
3384 3922 3704 3992 hostesque
3737 3919 3812 3975 ad

2163 4011 2646 4083 persequendum
2679 4011 2941 4068 allicere.
2974 4013 3063 4068 lta
3092 4013 3250 4068 acies
3282 4012 3544 4068 hostium
3571 4012 3812 4066 incum-

2161 4109 2372 4166 bentes
2402 4128 2583 4182 seque
2609 4117 2963 4184 proruentes
2995 4111 3055 4166 in
3089 4111 3349 4184 majores
3393 4111 3640 4167 insidias
3667 4110 3817 4166 inci-

2162 4199 2326 4256 dent.
2357 4201 2692 4273 Fugientes,
2727 4201 2800 4257 ab
2830 4217 2948 4256 uno
2971 4201 3156 4256 latere
3179 4201 3436 4270 latibuli,
3469 4200 3643 4256 sicuti
3675 4199 3821 4255 dixi-

2161 4305 2316 4354 mus,
2347 4289 2737 4360 praatervecti,
2770 4290 2870 4344 ubi
2898 4290 2960 4344 in
2992 4290 3224 4345 hostem
3267 4291 3527 4362 majores
3582 4288 3816 4343 insidias

2161 4379 2805 4450 consurrexerunt,ipsi
2821 4395 3057 4450 quoque
3072 4379 3344 4450 protinus
3360 4395 3422 4434 se
3444 4381 3814 4446 convertant,

2161 4465 2498 4536 infestaque
2528 4467 2696 4538 signa
2721 4466 3076 4522 adversariis
3106 4467 3390 4538 utrinque
3422 4466 3759 4522 inferentur
3793 4482 3808 4521 :

2159 4554 2319 4626 quod
2349 4571 2564 4627 magno
2591 4555 2936 4627 adjumento
2959 4556 3072 4611 erit
3093 4557 3397 4611 exercitui.
3423 4558 3814 4628 Insequentes

2160 4643 2209 4698 si
2230 4659 2421 4714 usque
2444 4643 2518 4699 ad
2540 4643 2789 4700 insidias
2814 4645 3072 4716 provecti
3093 4645 3390 4701 temerein
3415 4644 3549 4701 illas
3573 4645 3812 4700 irruunt

387 4727 654 4804 πολέμιοι
687 4712 1028 4801 ἀντιστῆναι,
1081 4728 1261 4800 πάσης
1303 4728 1479 4784 αὐτῶν
1521 4735 1622 4798 τῆς
1673 4712 1956 4802 δυνάμεως
1989 4729 2041 4785 ἐν

2167 4733 2363 4801 nostri,
2397 4732 2604 4788 audaci
2633 4738 2809 4805 atque
2841 4739 3084 4790 strenuo
3134 4734 3364 4808 impetu
3411 4752 3482 4791 ex
3511 4735 3717 4791 lateris
3745 4736 3808 4790 in

387 4826 469 4896 τῷ
514 4823 756 4896 τοιούτῳ
807 4820 1043 4896 πολέμῳ
1097 4823 1554 4898 παραγενομένης
1584 4866 1599 4892 ,
1651 4821 1742 4878 καὶ
1807 4823 2045 4899 καρτερᾶ

394 4910 550 4985 μάχη
583 4911 806 4986 γένηται
865 4910 1162 4984 πανστρατὶ
1213 4908 1387 4964 αὐτῶν
1445 4904 1800 4984 μαχομένων,
1861 4905 1952 4964 διὰ
1977 4909 2042 4964 τὸ

388 4999 489 5068 τήν
516 4999 683 5070 ἧτταν
731 4999 906 5054 αὐτῶν
947 4999 1398 5069 ἀνακαλέσασθαι,
1453 4999 1542 5054 καὶ
1599 5001 1736 5054 κατά
1792 4995 2039 5073 δεύτερον

389 5085 560 5165 λόγον
585 5094 747 5145 τοῦτο
801 5083 1010 5162 συμϐῇ·
1067 5085 1150 5143 δεῖ
1201 5088 1295 5143 τὸν
1351 5091 1450 5142 τοῦ
1506 5092 1737 5163 στρατοῦ
1793 5089 2038 5164 ἀρχηγὸν

386 5177 494 5235 ἀπὸ
537 5179 881 5252 συνθήματός
919 5199 1068 5241 τινος
1099 5179 1190 5232 γαὶ
1251 5175 1540 5253 διορισμοῦ
1597 5178 1687 5233 καὶ
1735 5178 2042 5256 σάλπιγγος

389 5267 766 5340 ἀνάκλητικῆς
821 5265 1151 5343 διαχωρίσαι
1206 5265 1337 5329 τοὺς
1387 5267 1622 5331 οἰκείους
1673 5273 1775 5337 τῆς
1829 5266 1890 5323 ἐκ
1918 5288 2038 5344 χει-

383 5362 491 5432 ρῶν
559 5362 772 5434 μάχης,
832 5361 977 5412 νῶτα
1035 5353 1301 5412 διδόντων
1361 5355 1536 5412 αὐτῶν
1586 5356 1756 5430 (πλὴν
1820 5358 1897 5430 μὴ
1948 5357 2042 5413 σὺν

383 5443 574 5521 ἐλασίᾳ
599 5447 691 5502 καὶ
736 5449 880 5525 φυγῇ
916 5444 1168 5520 ἀκόσμῳ,
1223 5443 1350 5501 ἀλλ’
1409 5443 1723 5520 εὐτάκτως),
1784 5444 2036 5520 ἐρεθίζέιν

381 5554 442 5592 τε
466 5534 596 5600 τοὺς
628 5534 934 5611 πολεμίους
958 5535 1094 5610 πρὸς
1152 5531 1360 5605 δίωξιν.
1413 5534 1808 5608 Ἐπικειμένων
1842 5531 1902 5590 δὶ
1926 5539 2034 5591 τῶν

2151 4822 2290 4877 illos
2316 4822 2714 4894 provolantes,
2745 4824 2961 4879 Christi
2994 4824 3182 4897 gratia
3211 4826 3526 4898 magniﬁce
3555 4825 3691 4882 illos
3712 4841 3803 4881 su-

2151 4912 2460 4983 perabant,
2476 4929 2870 4986 magnamque
2891 4913 3140 4986 gloriam
3155 4922 3618 4989 consequentur.
3635 4917 3803 4982 Quod

2152 5001 2201 5056 si
2233 5005 2476 5073 propter
2532 5001 2804 5073 quasdam
2855 5009 3050 5059 errata
3093 5005 3332 5076 penitus
3364 5005 3612 5061 fundere
3643 5006 3802 5060 acies

2150 5089 2414 5145 hostium
2437 5107 2557 5146 non
2588 5097 2933 5162 potuerunt,
2968 5093 3126 5164 quod
3148 5094 3531 5150 multitudine
3559 5093 3799 5148 inﬁnita

2150 5182 2456 5253 copiisque
2486 5180 2764 5238 omnibus
2795 5184 3165 5256 congregatis
3197 5185 3414 5239 acriter
3443 5183 3802 5254 prmliaban-

2151 5276 2266 5335 tur,
2300 5277 2524 5340 tamen,
2555 5272 2713 5344 quod
2765 5273 3098 5345 peditatum
3155 5274 3338 5330 habes
3396 5273 3575 5329 simul
3634 5275 3803 5344 signa

2149 5360 2529 5429 inferentem,
2562 5362 2780 5418 melius
2810 5369 2873 5418 tu
2905 5379 3081 5434 quam
3106 5363 3194 5417 illi
3225 5379 3352 5419 rem
3383 5379 3571 5435 geres.
3599 5364 3798 5433 Neque

2151 5449 2199 5504 si
2230 5467 2472 5521 prorsus
2491 5451 2779 5521 debellas,
2805 5456 2863 5506 at
2885 5451 3144 5522 denique
3169 5451 3313 5508 235
3352 5449 3572 5506 multos
3595 5467 3802 5506 eorum

2147 5539 2344 5611 gladio
2377 5540 2677 5614 conﬁcies,
2711 5540 2912 5613 plures
2938 5541 3001 5595 in
3032 5542 3375 5598 servitutem
3396 5539 3651 5614 rediges,
3680 5540 3803 5595 for-

1601 5688 1664 5746 C.
1695 5687 1761 5745 Β.
1808 5689 2001 5748 HASII
2030 5689 2591 5750 ANNOTATIONES.

454 5803 504 5847 ⁸⁸
533 5799 866 5881 δισχιλίους.
902 5803 1045 5866 God.
1076 5803 1119 5862 Β
1146 5799 1488 5881 τριχιλίοος.
