4096 6430
318 387 436 452 983

1637 383 2062 447 NICEPHORI
2104 382 2391 445 PHOCIE

3611 378 3731 442 ρει

315 526 722 597 midinemque
749 541 816 580 ac
831 528 1117 578 terrorem
1141 522 1262 578 illis
1278 540 1580 595 magnum,
1606 522 1839 594 injicies
1863 538 1874 577 :
1898 526 1962 576 ut

2077 518 2421 592 παρατάξεων
2479 521 2587 572 τῶν
2640 516 2929 591 πολεμίων
2986 518 3076 572 καὶ
3133 514 3570 586 διωκουσῶν,τῆ
3607 515 3728 589 μεί-

319 632 442 671 non
476 615 732 686 amplius
762 612 1173 684 imprudenter
1205 613 1506 668 incurrere
1535 629 1705 684 agros
1737 629 1803 666 ac
1837 628 1959 665 vas-

319 710 443 760 tare
481 705 757 770 audeant,
797 702 1281 773 contendantquc
1314 703 1511 774 potius
1543 702 1785 755 domum
1804 700 1961 754 redi-

316 810 399 848 re.
435 794 588 858 Hmc,
623 790 1171 862 sicutamajoribus
1195 793 1555 863 accepimus,
1581 789 1962 860 etlonginqui

314 885 600 955 temporis
631 899 742 938 usu
776 883 966 938 edocti
999 900 1224 948 sumus,
1258 884 1340 939 ita
1369 881 1852 953 conscripsimus.
1887 882 1962 936 Te

314 979 511 1027 autem
537 972 814 1028 convenit
844 972 917 1027 ad
948 972 1420 1044 uniuscujusque
1475 972 1559 1026 rei
1591 970 1962 1042 probabilem

315 1067 588 1117 eventum
627 1062 1085 1117 accommodari.
1146 1063 1271 1117 Non
1304 1061 1464 1116 enim
1527 1066 1593 1114 ut
1650 1059 1961 1114 hominum

312 1152 668 1222 voluntates,
696 1151 800 1207 sed
859 1157 926 1206 ut
983 1169 1219 1207 summa
1271 1150 1642 1222 providentia
1699 1149 1962 1221 quidque

2075 611 2189 674 ζονι
2250 602 2436 679 ἐνέδρᾳ
2503 610 2940 679 περιπεσοῦνται.
3002 604 3107 663 Καὶ
3167 603 3496 678 διωκόμενοι
3553 603 3604 659 έν
3648 603 3732 658 ένῖ

2075 695 2225 766 μέρει
2256 695 2357 763 τῆς
2388 692 2626 769 ἐνέδρας,
2689 696 2764 758 ὡς
2819 693 3052 772 ἔφημεν,
3115 693 3489 770 διερχόμενοι,
3523 693 3730 748 ὁπόταν

2073 790 2188 838 κατ’
2219 783 2393 838 αὐτῶν
2428 786 2480 838 οἱ
2512 785 2565 839 ἐν
2609 789 2677 859 τῇ
2739 785 2952 862 μεγάλῃ
3010 781 3200 859 ἐνέδρᾳ
3256 781 3406 845 ὄντες
3463 785 3731 860 ὁρμήσω-

2073 903 2179 951 σιν,
2213 881 2726 958 ὑποστρεφέσθωσαν
2790 883 3094 958 παραυτίκα
3149 883 3238 937 καὶ
3299 883 3352 937 οἱ
3396 879 3727 955 διωκόμενοι

2072 971 2161 1026 καὶ
2195 970 2580 1047 εὑρεθήσονται
2613 970 2800 1028 ἐκδύο
2853 977 3032 1048 μερῶν
3089 977 3209 1035 τοῖς
3267 971 3564 1045 πολεμίοις
3621 992 3731 1044 μα-

2073 1060 2328 1135 χόμενοι·
2366 1060 2457 1114 rui
2494 1059 2714 1130 πολλὴν
2781 1065 2944 1116 τοῦτο
2999 1065 3079 1133 τῷ
3137 1065 3350 1136 στρατῷ
3407 1061 3728 1133 προξενήσει

2071 1151 2169 1218 τὴν
2201 1148 2492 1227 ὠφέλειαν.
2526 1149 2589 1204 Ei
2631 1149 2724 1205 οῦν
2771 1151 2824 1206 οἱ
2855 1147 3150 1213 διώκοντες
3180 1151 3312 1226 ἄχρι
3363 1156 3464 1218 τῆς
3507 1146 3726 1226 ἐνέδρας

312 1240 625 1314 ponderat,
659 1241 741 1296 ita
771 1257 1074 1296 armorum
1107 1241 1297 1297 exitus
1329 1244 1797 1310 consequuntur.

2077 1233 2448 1308 καταλάϐωσι,
2477 1238 2569 1293 καὶ
2635 1238 2966 1315 ἀπροόπτως
3020 1238 3189 1313 ταύτῃ
3244 1240 3599 1315 περιπέσωσι,
3633 1239 3726 1294 καὶ

309 1334 584 1413 τολμηρῷ
640 1339 732 1392 καὶ
816 1335 1047 1410 ἀνδρείῳ
1128 1338 1414 1411 ὁρμήματι
1494 1335 1602 1390 ἀπὸ
1683 1339 1782 1390 τοῦ
1866 1333 2254 1411 ἐγκρύμματος
2335 1337 2452 1393 κατ’
2534 1337 2713 1392 αὐτῶν
2783 1337 3160 1416 έφορμήσωσι,
3213 1337 3282 1413 τῇ
3332 1342 3431 1393 τοῦ
3487 1339 3726 1414 Χριστοῦ

311 1427 498 1503 χάριτι
539 1430 677 1484 κατά
704 1427 902 1500 κράτος
959 1427 1186 1489 τούτους
1241 1428 1562 1498 ἠττήσουσί,
1612 1425 1704 1481 καὶ
1767 1425 1902 1499 μέγα
1957 1424 2121 1491 κλέος
2175 1426 2388 1490 ἑαυτοῖς
2445 1429 2916 1502 περιποιήσονται.
2991 1427 3054 1482 Ei
3114 1425 3170 1483 δὲ
3226 1425 3316 1482 διὰ
3372 1448 3494 1483 τινα
3549 1423 3729 1504 σφέῐλο

321 1539 464 1590 ματα
523 1519 600 1592 μὴ
659 1517 861 1573 τελέως
920 1513 1197 1589 δυνηθῶσι
1253 1521 1361 1571 τῶν
1420 1516 1766 1592 παρατάξεων
1826 1519 1936 1570 τῶν
1999 1513 2216 1592 ἐχθρῶν
2275 1518 2699 1593 περιγενέσθαι,
2757 1517 2834 1580 ὡς
2888 1515 3115 1590 δύναμιν
3189 1518 3408 1592 βαρεῖαν
3462 1517 3728 1593 ἐχόντων,

307 1607 398 1662 καὶ
430 1612 678 1683 ’ἰσχυρῶς
710 1607 1006 1683 πανστρατὶ
1036 1607 1212 1662 αὐτῶν
1248 1606 1603 1682 μαχομένων,
1637 1601 1780 1682 ἔχων
1838 1605 1929 1660 καὶ
1983 1606 2047 1661 τὸ
2103 1610 2279 1676 πεζῶν
2341 1608 2646 1683 στράτευμα
2701 1606 3144 1682 συμμαχούντων
3210 1629 3321 1676 σοι,
3381 1606 3444 1662 σὺ
3507 1605 3722 1681 μᾶλλον

312 1698 490 1752 αὐτῶν
552 1697 938 1774 ὑπερισχύσεις
975 1740 986 1754 .
1049 1697 1148 1752 Καὶ
1205 1696 1250 1752 εἰ
1313 1697 1389 1768 μὴ
1445 1694 1582 1750 κατᾶ
1637 1697 1837 1769 κράτος
1921 1697 2229 1768 ἡττηθῶσιν
2263 1741 2279 1764 ,
2365 1694 2493 1752 ἀλλ’
2549 1696 2641 1751 οὗν
2690 1695 2940 1760 πολλοὺς
2993 1695 3166 1751 αὐτῶν
3229 1695 3506 1772 μαχαίρας
3563 1693 3726 1773 ἔργον

309 1789 571 1862 ποιήσῃς,
606 1786 857 1850 πλείονας
917 1783 974 1842 δὶ
1027 1786 1236 1842 τούτων
1284 1785 1374 1841 καὶ
1441 1782 1798 1857 ἀνδραπόδων
1858 1783 2011 1861 λόγῳ
2065 1787 2366 1861 κατάσχῃς,
2422 1786 2515 1840 καὶ
2568 1780 2723 1862 φόϐῳ
2777 1784 3002 1862 μεγάλῳ
3054 1786 3145 1841 καὶ
3201 1785 3538 1858 καταπλήξει
3592 1786 3729 1842 ὑπο-

311 1881 622 1957 ϐληθῶσινο
680 1886 754 1948 ὡς
819 1886 1012 1960 μηκέτι
1071 1883 1285 1958 τολμᾷν
1339 1881 1508 1946 ἀδεως
1573 1884 1666 1946 τὰς
1714 1885 1906 1961 χώρας
1953 1881 2307 1961 κατατρέχειν
2355 1883 2446 1939 καὶ
2505 1882 2830 1958 ληίζεσθαι,
2891 1882 3105 1958 μᾶλλον
3167 1881 3225 1939 δὲ
3283 1883 3573 1940 σπεύσουσι
3629 1884 3731 1954 τὴν

311 1973 451 2030 ἰδίαν
482 1970 834 2033 καταλαϐεῖν,
894 1975 994 2030 Καὶ
1039 1980 1208 2030 ταῦτα
1242 1975 1359 2049 μὶν,
1417 1976 1594 2037 καθὼς
1654 1975 1708 2030 οἱ
1765 1975 1872 2052 πρὸ
1921 1977 2083 2049 ἡμῶν
2143 1977 2280 2049 ἡμῖν
2336 1971 2783 2049 παρέδοσαν,καὶ
2841 1977 2876 2045 ἡ
2936 1975 3043 2030 ἀπὸ
3098 1977 3196 2029 τοῦ
3257 1979 3466 2050 μακροῦ
3522 1974 3730 2049 χρόνου

309 2064 590 2141 ἐμπειρία,
653 2067 1144 2142 συνεγραψάμεθα.
1213 2065 1310 2120 Σοὶ
1399 2062 1456 2119 δὶ
1532 2065 1668 2140 πρὸς,
1753 2065 1853 2134 τήν
1907 2065 2052 2128 εἰκὸς
2104 2064 2483 2140 ἐπερχομένην
2541 2061 2852 2138 πέρίστασιν
2911 2065 3176 2141 προσήκει
3232 2062 3588 2138 διαγενέσθαι.
3649 2061 3726 2120 Οὐ

307 2155 411 2232 γὰρ
445 2155 520 2218 ὡς
553 2156 744 2211 αἰτῶν
788 2155 1089 2226 ἀνθρώπων
1154 2153 1372 2232 βουλαὶ,
1433 2152 1558 2209 ἀλλ’
1617 2155 1692 2218 ὡς
1746 2157 1781 2226 ἡ
1841 2152 2043 2220 ἄνωθεν
2101 2155 2339 2229 Πρόνοια
2389 2153 2454 2209 τὰ
2510 2155 2630 2219 καθ’
2685 2152 2912 2211 ἔκαστου
2967 2153 3324 2229 ταλαντεύσῃ,
3377 2153 3466 2210 καὶ
3522 2154 3586 2209 τὸ
3630 2156 3730 2208 τοῦ

307 2245 561 2318 πολέμου
589 2244 775 2301 ’ἐπεται
802 2245 991 2320 πέρας.

311 2356 444 2412 CAP.
478 2356 675 2411 XVIII.
709 2357 785 2410 De
837 2372 924 2437 eo,
954 2357 1175 2437 quando
1205 2362 1424 2437 oportet
1454 2357 1643 2414 ducem
1691 2355 1962 2427 bipartito

2077 2353 2172 2437 [Ρἱ
2352 2355 2511 2437 ΚΕεξ.
2545 2351 2651 2437 13:.
2694 2351 2822 2437 Περί
2871 2354 2992 2437 tot"),
3025 2348 3272 2437 πδτεῇδεῖ
3298 2351 3391 2437 τὸν
3424 2349 3731 2437 στρατηγὸν

904 2426 1080 2483 hostes
1122 2426 1358 2499 insequi.

385 2544 442 2600 Si
467 2544 670 2600 hostes
700 2544 922 2600 diutius
953 2549 1420 2609 commorantur.
1457 2546 1692 2602 tametsi
1727 2545 1783 2601 id
1827 2546 1963 2616 qui-

313 2633 451 2689 dem
476 2649 686 2705 parum
718 2633 1079 2690 credendum
1111 2639 1202 2689 est
1231 2633 1304 2689 de
1354 2639 1473 2689 tam
1518 2635 1674 2690 male
1720 2634 1962 2702 habitis,

312 2725 605 2796 factisque
627 2727 838 2781 castris
869 2743 1039 2798 agros
1071 2733 1308 2782 nostros
1331 2725 1625 2782 incendiis
1656 2743 1724 2782 ac
1771 2732 1962 2782 vasta-

317 2815 580 2871 tionibus
608 2815 992 2887 populantur,
1025 2832 1219 2887 neque
1252 2816 1473 2871 milites
1532 2832 1671 2872 suos
1728 2816 1963 2889 longius

315 2903 624 2978 praadandi
657 2921 835 2960 causa
864 2903 1162 2959 dimittere
1200 2903 1444 2973 audent,
1475 2904 1654 2960 debet
1710 2905 1828 2960 dux
1861 2905 1964 2960 tir-

317 3011 477 3051 mam
508 3011 753 3050 manum
784 2998 921 3066 post
950 2997 1110 3066 terga
1161 2993 1420 3050 hostium
1460 2994 1522 3049 in
1552 2995 1801 3051 alteram
1830 3010 1966 3066 par-

318 3091 458 3154 tem,
475 3085 575 3140 ubi
603 3085 729 3156 ipse
760 3101 880 3140 non
900 3090 1008 3153 est,
1042 3085 1530 3156 circummittere,
1547 3091 1604 3140 et
1624 3086 1965 3158 quicunque

320 3175 437 3231 tria
464 3175 555 3230 vel
571 3179 827 3245 quatuor
846 3174 1040 3230 millia
1051 3191 1334 3246 passuum
1350 3192 1383 3230 a
1396 3176 1606 3231 castris
1621 3175 1965 3248 digrediun-

320 3271 438 3332 tur,
471 3263 766 3319 aduobus
817 3263 1106 3320 lateribus
1164 3280 1262 3318 eos
1323 3264 1558 3337 aggredi
1617 3282 1684 3320 ac
1733 3280 1964 3329 vexare,

319 3352 1006 3423 frumentationibusque
1064 3352 1403 3424 prohibere,
1462 3358 1528 3409 ut
1584 3353 1669 3408 sic
1725 3353 1966 3409 cibariis

319 3443 587 3498 destituti
619 3442 863 3497 domum
893 3441 1088 3496 redire
1120 3447 1423 3514 cogantur.
1447 3441 1613 3507 Quod
1641 3442 1690 3496 si
1721 3443 1906 3508 vides,
1933 3461 1966 3499 ο

320 3532 459 3600 dux,
506 3532 707 3588 hostes
739 3531 926 3604 magis
949 3530 1127 3586 etiam
1186 3530 1299 3584 sibi
1355 3547 1582 3598 cavere,
1615 3547 1811 3602 neque
1842 3531 1969 3588 fru-

321 3626 655 3677 mentatum
684 3620 885 3676 missis
906 3620 1144 3692 longius
1173 3619 1589 3694 progrediendi
1611 3626 1968 3692 potestatem

2149 2420 2210 2477 ἔκ
2241 2420 2336 2477 δύο
2362 2427 2540 2499 μερῶν
2569 2427 2678 2478 τῶν
2709 2420 2998 2497 πολεμίων
3016 2420 3380 2498 παραδρομὴν
3412 2420 3659 2492 ποὶῆσαιξ

2147 2539 2212 2598 Ei
2244 2538 2301 2596 δὲ
2327 2538 2404 2596 ἔτι
2454 2539 2824 2616 έπιμεινουσιν
2881 2542 2935 2596 oi
2991 2541 3283 2615 πολέμιοι,
3346 2541 3478 2616 ὅπερ
3509 2539 3731 2597 ἀνέλπι-

2075 2631 2198 2686 στόν
2231 2628 2341 2686 ἐστι
2395 2631 2530 2704 μετὰ
2565 2632 2628 2686 τὸ
2660 2630 2834 2693 οὕτως
2863 2637 3360 2710 τραυματισφῆναι,
3394 2631 3490 2695 τὰς
3541 2633 3732 2708 χώρας

2073 2721 2235 2792 ἡμῶν
2291 2725 2649 2798 φωσσατικῶς
2704 2721 3113 2796 πυρπολοῦντες
3147 2767 3163 2792 ,
3220 2718 3600 2784 κατακαίοντές
3670 2741 3731 2776 τε

2072 2808 2164 2863 καὶ
2223 2805 2670 2884 διαφθείροντες,
2725 2805 2990 2882 μηδαμοῦ
3047 2808 3125 2872 εἰς
3183 2813 3416 2884 κοῦρσον
3485 2809 3724 2883 μήκοθεν

2071 2898 2164 2954 τὸν
2221 2897 2354 2954 λαὸν
2416 2897 2591 2953 αὐτῶν
2649 2896 2970 2973 τολμῶντες
3047 2896 3428 2969 ἀποστέλλειν,
3486 2900 3601 2975 χρὴ
3631 2897 3724 2954 τὸν

2077 2987 2379 3063 στρατηγὸν
2437 2987 2722 3064 ἀξιόλογον
2792 2985 3022 3062 δύναμιν
3077 2987 3154 3050 είς
3202 2988 3266 3044 τὸ
3322 2986 3504 3064 ἕτερον
3563 2988 3730 3064 μέρος

2074 3081 2180 3131 τῶν
2235 3075 2518 3150 πολεμίων
2575 3075 2920 3147 ἀποστεῖλαι,
2976 3076 3028 3133 έν
3090 3077 3137 3150 ᾧ
3195 3076 3356 3138 αὐτὸς
3415 3077 3492 3150 μή
3550 3097 3728 3152 παρα-

2073 3168 2280 3242 τρέχει·
2314 3167 2404 3223 καὶ
2433 3173 2550 3230 τοῖς
2578 3167 2685 3224 ἀπὸ
2740 3173 2906 3244 τριῶν
2965 3166 3000 3238 ἢ
3057 3169 3332 3244 τεσσάρων
3396 3166 3603 3241 μιλίων
3632 3171 3730 3222 τοῦ

2083 3259 2376 3334 φωσσάτου
2459 3257 2913 3333 περεκτρέχοοσιν
3001 3255 3140 3312 ἔνθεν
3219 3256 3464 3322 κάκεῖθεν
3552 3256 3728 3312 ἐπιτί-

2079 3366 2259 3420 θεσθαι
2317 3357 2406 3411 καὶ
2471 3357 2879 3432 τραυματίζειν,
2940 3357 3076 3432 πρὸς
3140 3357 3205 3413 τὸ
3264 3354 3591 3413 διακωλύειν
3631 3357 3733 3413 αὖ-

2076 3443 2202 3506 τοὺς
2229 3445 2436 3521 τροφὰς
2491 3441 2916 3519 ἀναλαμϐάνειν
2975 3445 3066 3501 ἳνα
3124 3445 3200 3510 ὡς
3245 3445 3304 3501 ἐκ
3339 3446 3536 3502 τούτου
3594 3445 3727 3501 σπά·

2075 3556 2157 3590 νιν
2213 3530 2432 3610 ἔχοντές
2481 3539 2698 3612 τροφῶν
2758 3535 3163 3612 ἀναγκασθῶσιν
3226 3531 3555 3611 ὑποστρέψαι
3594 3579 3607 3594 .
3659 3535 3723 3592 El

2080 3623 2138 3680 δὲ
2168 3627 2320 3700 ὁρᾷς,
2377 3627 2421 3681 ὦ
2481 3627 2771 3702 στρατηγὶ,
2827 3626 2956 3686 τοὺς
3011 3625 3316 3700 πολεμίους
3370 3622 3449 3682 ἔτι
3507 3626 3730 3689 ἑαυτοὺς

318 3711 537 3777 facere,
566 3711 643 3766 ad
673 3710 1097 3766 detrimentum
1114 3709 1185 3765 iis
1212 3710 1591 3766 inferendum
1620 3711 1784 3767 illius
1805 3712 1966 3768 modi

2079 3700 2621 3790 παραφυλάττοντας,
2650 3700 2741 3772 καὶ
2803 3717 2879 3790 μὴ
2910 3715 3102 3792 πόῤῥω
3158 3714 3456 3786 ἐξελαύνειν
3489 3714 3618 3779 τοὺς
3649 3715 3730 3779 είς

322 3802 574 3858 insidias
604 3816 947 3872 comparare
1005 3799 1202 3855 debes.
1255 3801 1580 3858 Considera
1629 3803 1836 3876 globos
1861 3804 1970 3858 ho-

325 3891 527 3956 stium,
573 3890 727 3947 236
783 3889 885 3959 qui
942 3888 1016 3944 ad
1075 3888 1572 3947 frumentatorum
1623 3893 1970 3964 praesidium

325 3979 546 4052 egressi
577 3979 814 4052 longius
844 3978 1106 4034 acastris
1163 3981 1579 4037 constiterunt.
1629 3984 1889 4048 Quorum
1921 3983 1970 4037 si

324 4070 460 4142 quis
492 4069 718 4124 tardius
749 4067 823 4125 ad
873 4070 1129 4125 tentoria
1183 4087 1246 4126 se
1301 4072 1536 4144 recipit,
1595 4072 1972 4142 prmstolatus

319 4160 592 4228 fortasse,
628 4159 816 4215 donec
838 4159 1299 4230 commilitones,
1323 4161 1498 4232 juxta
1517 4161 1674 4216 vicos
1694 4177 1973 4232 perscru-

323 4251 449 4320 tati,
469 4251 528 4305 in
561 4255 755 4306 castra
784 4250 1160 4318 recesserint,
1193 4251 1353 4305 hunc
1385 4250 1813 4306 circumvenire
1837 4268 1972 4323 pro-

320 4357 484 4412 pera.
517 4343 600 4396 Ac
633 4341 681 4396 si
716 4339 1156 4396 excubitoribus
1187 4339 1396 4411 peritis
1445 4337 1730 4393 adhibitis
1759 4356 1970 4394 nume-

319 4448 455 4487 rum
494 4431 757 4486 hostium
801 4429 862 4485 in
915 4431 1027 4486 hoc
1084 4429 1257 4503 globo
1310 4428 1760 4500 persistentium
1816 4430 1970 4485 inire

318 4526 623 4592 potes,per
645 4521 930 4592 majorem
945 4534 1262 4575 numerum
1283 4517 1543 4573 virorum
1561 4519 1881 4575 valentium
1901 4536 1972 4576 ex

323 4608 623 4680 equitibus
653 4609 979 4664 electorum
1008 4606 1257 4662 insidias
1285 4606 1638 4663 adversariis
1667 4608 1972 4665 faciendas

324 4696 582 4764 curabis,
617 4697 884 4772 delegato
916 4697 990 4753 ad
1008 4697 1118 4752 hoc
1149 4697 1428 4768 praefecto
1459 4703 1702 4754 strenuo
1726 4715 1793 4754 ac
1818 4699 1972 4771 peri-

323 4786 575 4843 tissimo.
607 4788 664 4842 Is
692 4804 914 4860 paucos
963 4785 1254 4856 quosdam
1312 4803 1384 4841 ex
1440 4788 1562 4843 suis
1600 4789 1973 4846 vestimenta

319 4876 544 4932 rustica
572 4876 820 4933 induere
845 4875 1092 4948 jubeat:
1137 4875 1230 4930 his
1260 4875 1587 4933 admisceat
1615 4878 1844 4950 aliquot
1871 4897 1969 4936 re-

320 4980 456 5019 vera
485 4981 746 5038 paganos
776 4971 952 5035 atque
984 4964 1293 5036 agricolas.
1327 4965 1545 5021 Omnes
1578 4972 1776 5022 autem
1808 4967 1968 5023 iner-

2077 3804 2357 3881 συλλογὴν
2392 3809 2594 3879 χρειῶν
2655 3803 3172 3878 ἀποστελλομένους
3229 3810 3724 3881 παραχωροῦντας,

2074 3890 2165 3948 καί
2208 3891 2409 3962 ταύτην
2437 3894 2538 3962 τήν
2568 3889 2786 3966 ἐνέδραν
2816 3892 2893 3955 εἰς
2928 3888 3142 3966 βλάϐην
3199 3894 3377 3949 αὐτῶν
3429 3893 3727 3967 ἐπινοήσα-

2077 3982 2198 4036 σθαι
2232 3977 2410 4036 δεῖτᾶ
2465 3977 2676 4057 φοῦλκα
2735 3977 3098 4052 διασκοπῆσαι
3153 3987 3261 4038 τῶν
3320 3981 3630 4057 πολεμίων,
3661 3984 3728 4040 τὰ

2077 4067 2156 4130 είς
2186 4069 2435 4146 φυλακὴν
2469 4067 2646 4124 αὐτῶν
2696 4069 3028 4146 έξερχόμενα
3079 4071 3170 4127 καὶ
3228 4071 3420 4148 πορῥω
3449 4077 3547 4128 τοῦ
3579 4095 3731 4152 φωσ-

2077 4155 2240 4212 σάτου
2271 4156 2550 4228 ἱστάμενα.
2584 4156 2685 4211 Καὶ
2735 4159 2854 4213 οἷον
2888 4157 2937 4232 ἐξ
2970 4157 3145 4214 αὐτῶν
3206 4156 3534 4236 βραδύτερον
3594 4161 3730 4216 ὑπο-

2077 4246 2291 4324 στρέφει
2325 4244 2401 4307 εἷς
2431 4244 2529 4307 τὰς
2588 4247 2792 4317 σκηνὰς
2852 4247 3056 4318 αὐτῶν,
3117 4246 3249 4312 ἴσως
3300 4252 3594 4325 καρτεροῦν
3627 4246 3732 4313 έως

2078 4344 2130 4398 οἱ
2180 4344 2248 4398 τὰ
2303 4341 2539 4414 πλησίον
2600 4343 2777 4400 αὐτῶν
2835 4347 3024 4422 χωρία
3079 4346 3468 4422 ἀνερευνῶντες
3519 4347 3728 4423 ἑταῖροι

2077 4435 2213 4507 πρὸς
2249 4433 2344 4495 τὰς
2399 4433 2602 4503 σκηνὰς
2660 4433 2836 4490 αὐτῶν
2899 4435 3324 4512 ὑποστρέφουσι,
3389 4437 3510 4492 κατ’
3565 4437 3732 4494 αὐτοῦ

2077 4520 2383 4598 ἐνεδρεῦσαι
2411 4522 2722 4599 έπείχθητι.
2769 4524 2867 4579 Καὶ
2925 4523 2997 4580 δι’
3051 4524 3324 4601 ἐμπείρων
3387 4527 3730 4604 βιγλατόρων

2078 4611 2127 4668 εἴ
2155 4609 2377 4668 δυνατὸν
2437 4615 2806 4688 στοχάσασθαι
2863 4615 2964 4685 τὴν
3025 4615 3308 4685 ποσότητα
3365 4619 3474 4670 τῶν
3534 4616 3611 4676 είς
3665 4619 3729 4674 τὸ

2078 4701 2321 4777 φοῦλκον
2352 4701 2656 4776 ἱσταμένων
2697 4701 3005 4776 πολεμίων,
3063 4703 3154 4759 καὶ
3201 4725 3411 4760 τουτων
3471 4705 3732 4771 πλείονας

2081 4789 2364 4866 μαχίμους
2397 4789 2593 4867 ἄνδρας
2649 4795 2757 4846 τῶν
2817 4792 3024 4848 ἱππέων
3088 4791 3497 4868 ἀπολεξάμενος
3554 4793 3728 4872 λόχον

2075 4874 2319 4951 γενέσθαι
2366 4880 2483 4941 τοῖς
2540 4875 2772 4952 ἐχθροῖς
2830 4879 3258 4952 παρασκευάσεις
3293 4921 3309 4949 ,
3366 4879 3616 4957 ἀρχηγὸν
3674 4881 3728 4938 έν

2077 4965 2263 5031 αὐτοῖς
2315 4965 2546 5044 ἐφιστῶν
2601 4965 2849 5043 ἀνδρεῖον
2907 4967 2998 5024 καὶ
3065 4966 3484 5046 ἐμπειρότατον.
3545 4975 3734 5050 Διορί-

318 5071 447 5111 mes
479 5071 606 5111 esse
641 5055 880 5122 debent,
912 5054 1206 5126 capitibus
1237 5055 1434 5123 nudis,
1469 5057 1743 5112 nonnulli
1787 5057 1966 5113 etiam

2077 5057 2266 5120 σασθαί
2296 5077 2355 5112 τε
2385 5056 2545 5112 αὐτὸν
2597 5056 2818 5133 ὀλίγους
2845 5059 2993 5122 τινας
3015 5063 3116 5114 τοῦ
3149 5061 3239 5115 ὑπ’
3269 5059 3429 5115 αὐτὸν
3462 5059 3598 5117 λαοῦ
3641 5083 3738 5139 χι-

321 5143 690 5200 discalceati:
716 5143 914 5199 cuncti
942 5143 1112 5214 equis
1139 5143 1489 5211 insidentes,
1505 5145 1748 5202 baculos
1765 5163 1970 5219 geren-

320 5238 410 5289 tes
433 5233 758 5289 admodum
779 5232 1013 5299 breves,
1036 5233 1110 5288 ad
1130 5233 1425 5290 fallendos
1442 5236 1644 5291 hostes
1673 5235 1970 5307 ﬁdemque

318 5323 439 5378 illis
460 5323 816 5390 faciendam,
850 5339 971 5378 non
1003 5339 1065 5378 se
1087 5340 1214 5381 esse
1245 5325 1316 5380 de
1341 5325 1624 5392 exercitu,
1657 5324 1762 5380 sed
1791 5341 1973 5397 paga-

321 5431 429 5470 nos
461 5412 774 5486 quosdam,
807 5413 910 5484 qui
949 5429 1222 5471 casarum
1252 5414 1531 5471 custodes
1558 5413 1960 5487 appellentur.

2078 5149 2252 5208 τῶνας
2276 5143 2634 5222 ἁὰφιᾶσασθαι
2665 5146 2713 5182 ⁸⁷
2762 5151 3041 5223 γεωργῶνο
3104 5148 3367 5224 συμμίξαι
3425 5169 3485 5205 τε
3550 5150 3738 5215 αὐτοῖς

2079 5238 2146 5310 τῇ
2179 5233 2414 5308 ἀληθείᾳ
2468 5236 2558 5292 καί
2586 5257 2734 5300 τινας
2765 5242 2875 5292 τῶν
2933 5237 3176 5312 ἀγροτῶν
3237 5242 3328 5294 καὶ
3374 5246 3727 5318 γεωργικῶν.

2080 5323 2354 5388 ’Δόπλους
2407 5323 2466 5380 δὲ
2493 5327 2697 5390 πάντας
2765 5329 2925 5397 εἶναι,
2987 5326 3078 5382 καί
3132 5327 3228 5392 τὰς
3285 5329 3525 5406 κεφαλὰς
3577 5331 3737 5389 ἀσκέ-

2077 5434 2216 5478 πους
2250 5434 2264 5448 ο
2318 5420 2470 5479 τινας
2522 5412 2581 5472 δὶ
2664 5415 2757 5472 καὶ
2843 5413 3238 5481 ἀνυποδέτους⁶
3326 5417 3596 5485 έφίππους
3675 5419 3735 5478 δὶ

1519 5569 1579 5624 C.
1621 5567 1684 5622 Β.
1726 5567 1922 5624 HASlI
1956 5565 2514 5626 ANNOTATIONES.

386 5709 432 5747 ⁸⁷
463 5709 854 5789 ἀμφιάσασθαι.
892 5712 974 5770 De
1006 5711 1118 5770 hac
1145 5710 1341 5768 forma
1357 5707 1470 5770 vid.
1503 5708 1731 5768 Albert.
1761 5710 1837 5768 ad
1864 5711 1966 5770 Hes

2077 5729 2117 5770 1.
2147 5713 2190 5769 Ι.
2223 5716 2348 5772 295.
2373 5717 2442 5771 A.
