4096 6442
345 425 466 488 985

1614 415 2055 508 VELI'I‘ATIO
2080 416 2438 480 BELLIGA.

3648 412 3768 475 986

351 557 610 627 ἅπαντας,
642 551 961 626 ξυλοκόντια
989 552 1036 590 ⁸³
1082 551 1420 628 κατέχοντας
1462 552 1602 606 πάνυ
1644 553 1830 619 κοντα,
1861 552 1998 624 πρὸς

2115 553 2317 624 Neque
2350 568 2478 608 esse
2506 549 2725 608 debent
2755 550 2889 623 plus
2918 549 3144 623 viginti.
3182 549 3298 604 Hos
3333 547 3674 604 introducat
3704 547 3765 602 in

347 647 411 701 τὸ
443 645 717 712 ἀπατῆσαι
771 641 904 705 τοὺς
933 641 1262 716 πολεμίους,
1320 640 1410 698 καὶ
1469 638 1624 715 δόξαν
1684 640 1872 702 αὐτοῖς
1902 638 2002 712 ἐμ.-

349 739 599 804 ποιῆσαι,
646 733 724 796 ὡς
773 731 873 787 οὐκ
930 733 1034 788 εἷεν
1092 736 1189 787 τοῦ
1248 736 1504 807 στρατοῦ,
1562 727 1708 785 ἀλλὰ
1764 728 2003 806 γεωργοί

346 846 509 888 τινες,
545 824 600 878 οἱ
630 822 922 898 λεγόμενοι
955 819 1342 900 οἷκοφύλακες.
1377 809 1474 890 Μῆ
1528 818 1753 882 πλείους
1793 816 1850 875 δὲ
1878 818 2007 874 τού-

347 933 473 976 τους
526 912 662 968 εἶναι
713 914 824 966 τῶν
885 907 1081 967 εἴκοσι.
1148 908 1472 986 Εἷσαγαγεῖν
1559 905 1617 962 δὲ
1699 906 1893 969 αὐτοὺς
1950 906 2002 962 ἐν

353 1001 581 1079 χωρίοις
612 1000 715 1056 ἀνὰ
741 997 794 1072 ἔξ
851 1000 888 1070 ἢ
947 999 1038 1054 καὶ
1095 997 1356 1061 πλείονας
1413 995 1648 1068 πλησίον
1713 994 2000 1067 ἀλλήλων.

355 1089 578 1166 ἔχοντας
598 1092 772 1162 κτήνη
803 1089 927 1144 τινὰ
951 1087 1004 1143 ἐν
1033 1093 1151 1151 τοῖς
1185 1087 1372 1150 αὐτοῖς
1427 1086 1684 1162 χωρίοις,
1727 1083 1835 1141 εἴτε
1869 1086 2003 1141 ὑπο-

352 1183 510 1259 ζύγια
547 1182 630 1254 [Ρ.
697 1182 820 1255 153]
873 1180 981 1235 εἶεν
1026 1179 1118 1234 καὶ
1205 1179 1351 1254 βόες,
1420 1174 1716 1232 εἴθ’*ίπποι
1769 1195 1830 1232 τε
1911 1176 2002 1231 καὶ

345 1271 593 1344 ἡμίονοι.
627 1267 760 1345 Περὶ
794 1265 851 1325 δὲ
908 1265 1160 1338 ἑνδεκάτη
1199 1267 1343 1342 ὥραν
1399 1274 1500 1337 τῆς
1557 1264 1769 1341 ἡμέρας
1828 1262 2006 1339 διορί-

347 1370 541 1424 σασθαι
597 1359 796 1420 αὖτοὺς
853 1357 1248 1438 ἐμφανισθῆναι
1325 1361 1443 1418 τοῖς
1499 1354 1817 1431 πολεμίοις,
1897 1354 2003 1409 ἀπὸ

345 1449 561 1527 χωρίου
616 1448 693 1510 εἰς
738 1445 921 1523 ἕτερον
979 1448 1192 1526 χωρίον
1245 1443 1528 1521 δρομαίως
1586 1442 2004 1523 εἰσερχομένους

343 1537 436 1594 καὶ
467 1537 945 1614 περισπωμένους,
1006 1535 1157 1598 ὅπως
1212 1536 1279 1592 τὰ
1335 1537 1508 1607 κτήνη
1568 1534 1748 1590 αὐτῶν
1801 1532 2006 1589 ἀναλά-

346 1623 573 1698 ϐωνται,
627 1627 722 1682 καὶ
780 1626 919 1702 πρὸς
976 1627 1043 1682 τὰ
1087 1626 1432 1705 ὀχυρώματα
1463 1622 1798 1680 διασώσωσι³
1859 1623 2004 1681 Τού-

345 1738 471 1779 τους
501 1718 682 1773 τοίνυν
712 1717 874 1788 ἡνίκα
905 1718 956 1772 οἱ
1000 1716 1076 1778 εἷς
1133 1716 1197 1771 τὸ
1251 1713 1492 1795 φοῦλκον
1521 1714 1807 1788 ἱστάμενοι
1835 1711 2006 1768 πολέ-

351 1829 476 1882 μιοι
507 1807 829 1872 θεάσωνται,
857 1806 924 1862 τὰ
974 1806 1068 1881 μὲν
1124 1809 1234 1860 τῶν
1292 1808 1506 1876 κτηνῶν
1570 1804 1750 1858 αὐτῶν
1805 1801 2006 1878 παρέλ-

343 1916 560 1966 κοντας,
593 1893 750 1952 τὰδὲ
806 1893 1230 1963 ἀπελαύνοντας,
1280 1895 1372 1949 καὶ
1431 1893 1670 1972 ἀγρότας
1729 1894 1863 1948 εἶναι
1912 1894 2004 1948 καὶ

344 1987 629 2064 γεωργοὺς
658 1985 888 2046 τούτους
911 1985 1376 2056 ὑποτοπήσουσιν,
1409 1983 1660 2058 ἀκρατῶς
1711 1983 1802 2038 καὶ
1860 1983 1999 2064 ἀφυ-

343 2072 565 2136 λάκτως
619 2075 849 2136 τούτους
896 2071 1266 2144 ἐπιδιώξουσι.
1313 2073 1650 2148 Διωκόμενοι
1707 2069 1764 2127 δὲ
1815 2073 1866 2127 οἳ
1933 2073 1997 2128 τὸ

347 2171 547 2243 σχῆμα
576 2170 686 2221 τῶν
745 2162 1130 2244 οἷκοφυλάκων
1185 2163 1276 2219 καὶ
1362 2168 1625 2240 γεωργῶν
1683 2159 1995 2232 ὑποδύντες,

341 2252 712 2310 σπουδάσουσι
741 2249 1094 2323 καταλαϐεῖν,
1126 2252 1178 2309 ἐν
1207 2255 1252 2326 ᾦ
1297 2253 1360 2310 τὸ
1391 2251 1686 2331 ἔγκρυμμα
1749 2250 1994 2308 ’ίσταταιο

339 2345 431 2399 καὶ
462 2345 693 2406 τούτους
722 2345 773 2400 οἱ
802 2341 1069 2418 πολέμιοι
1117 2340 1406 2404 διώκοντες
1451 2347 1872 2419 περιπεσοῦνται
1927 2345 1997 2417 τῇ

337 2431 522 2510 ἐνέδρᾳ
573 2432 1073 2515 ἀπαραφυλάκτως.
1153 2435 1318 2491 Ἐπὰν
1377 2431 1434 2490 δὲ
1519 2440 1636 2497 τοῖς
1717 2432 1998 2515 λοχήσασι

337 2524 796 2603 προσεγγίσωσιν,
829 2524 1076 2598 εὖτάκτῳ
1107 2524 1258 2604 φρενὶ
1289 2524 1336 2562 ‘9
1390 2523 1483 2579 καὶ
1543 2525 1693 2600 ὁρμῇ
1723 2527 1850 2582 κατ’
1897 2526 1998 2582 αὖ-

339 2617 449 2667 τῶν
506 2614 557 2667 οἱ
613 2616 861 2668 τοιοῦτοι
918 2609 1326 2691 ἐφορμήσαντες
1387 2609 1839 2690 συρραγτςτωσαν.
1891 2617 1996 2672 Καὶ

346 2697 516 2770 δῆλον
572 2701 644 2764 ὡς
701 2701 802 2757 οὐκ
859 2700 1272 2772 ἀντιστήσονται
1328 2699 1426 2757 κᾶν
1482 2702 1622 2777 πρὸς
1696 2704 1894 2778 μικρὸν
1945 2706 1997 2760 οἱ

345 2788 627 2864 πολέμιοιο
681 2789 828 2846 ἀλλᾶ
882 2795 1028 2847 νῶτα
1114 2787 1295 2852 δόντες
1347 2788 1556 2846 πολλοὶ
1624 2792 1834 2848 τούτων
1905 2794 1997 2849 καὶ

339 2878 805 2954 ἀναιρεθήσονται,
873 2880 965 2936 καὶ
1043 2877 1392 2954 δορυάλωτοι
1441 2882 1780 2958 γενήσονται.
1819 2883 1884 2939 Εἰ
1942 2881 1998 2938 δὲ

336 2970 598 3047 σύνεγγυς
631 2971 660 3026 ὁ
691 2976 880 3049 χῶρος
913 2967 999 3042 εἴη
1031 2977 1132 3041 τῆς
1165 2975 1273 3025 τῶν
1331 2969 1547 3049 ἐχθρῶν
1607 2976 1885 3046 στρατιᾶς,
1941 2970 1996 3027 ἐν

333 3060 380 3133 ᾧ
410 3059 478 3114 τὰ
509 3057 699 3115 τοιάδε
723 3057 987 3129 τελεῖται,
1021 3058 1114 3115 καὶ
1145 3057 1360 3130 πλῆθος
1417 3063 1516 3116 τοῦ
1574 3058 1713 3115 λαοῦ
1763 3066 1871 3117 τῶν
1899 3082 1995 3117 πο-

334 3147 548 3222 λεμίων
595 3149 672 3210 εἷς
702 3145 980 3220 ἐκδίκησιν
1028 3154 1136 3205 τῶν
1195 3146 1544 3223 διωκομένων
1593 3147 1823 3221 ἐξέλθοι,
1882 3152 1994 3230 χρὴ

332 3240 426 3294 τὸν
455 3237 769 3316 στρατηγὸν
795 3238 890 3294 καὶ
919 3235 1138 3294 ὄπισθεν
1177 3246 1278 3308 τῆς
1335 3239 1600 3309 τοιαύτης
1661 3237 1874 3314 ἐνέδρας
1904 3241 1996 3295 καὶ

329 3326 520 3402 ἕτερον
551 3325 687 3382 λαὸν
715 3328 884 3384 τόπον
914 3327 990 3389 εἰς
1040 3325 1353 3399 ἐπιτήδειον
1411 3329 1488 3390 εἷς
1537 3325 1834 3406 ἔγκρυμμα
1900 3351 2001 3386 κα-

332 3424 624 3487 ταστῆσαι,
656 3413 865 3497 ἀπέχον
919 3423 1023 3487 τῆς
1078 3416 1349 3493 προτέρας
1383 3415 1596 3493 ἐνέδρας
1658 3416 1821 3492 μίλια
1873 3416 1988 3474 δύο.

335 3506 439 3562 Καὶ
509 3505 562 3561 εἴ
616 3515 700 3583 γε,
761 3507 836 3567 ὡς
894 3502 1123 3586 ἔφημεν,
1174 3507 1302 3568 τοὺς
1361 3504 1412 3561 ἐν
1457 3510 1525 3580 τῇ
1556 3506 1750 3582 πρώτῃ
1811 3505 1994 3583 ἐνέδρᾳ

2113 641 2296 709 vicos,
2354 659 2528 698 senos
2587 641 2787 708 simul,
2822 645 2924 696 aut
2955 641 3135 695 etiam
3189 639 3412 710 plures,
3440 639 3523 694 ita
3552 643 3618 692 ut
3646 653 3767 692 non

2113 729 2290 802 longe
2312 731 2470 786 inter
2491 748 2551 786 se
2576 729 3222 801 distent,jumentaque
3254 726 3514 784 habeant
3538 726 3601 781 in
3621 725 3767 798 ipsis

2113 822 2284 890 vicis,
2312 823 2431 878 sive
2454 823 2583 878 hac
2609 822 2871 878 veterina
2901 821 3022 876 sint
3052 837 3118 876 ac
3139 820 3338 885 boves,
3367 819 3488 874 sive
3517 819 3655 889 equi
3711 822 3772 873 et

2113 915 2286 971 muli.
2321 915 2438 971 Hos
2457 915 2694 988 jubeat,
2728 915 2885 970 circa
2941 912 3321 968 undecimam
3382 911 3592 966 horam
3650 909 3770 966 diei

2114 1005 2386 1060 hostibus
2413 1023 2474 1062 se
2499 1005 2561 1060 in
2587 1009 2971 1078 conspectum
2997 1003 3158 1072 dare,
3183 1009 3242 1058 et
3269 1019 3304 1058 a
3330 1003 3458 1057 vico
3481 1000 3555 1056 ad
3575 999 3769 1055 vicum

2114 1095 2486 1167 trepidanter
2503 1095 2835 1151 discurrere
2860 1093 3120 1165 satisque
3147 1109 3339 1166 agere,
3363 1091 3531 1164 quasi
3552 1106 3771 1162 pecora

2115 1201 2223 1240 sua
2252 1185 2402 1242 237
2437 1185 2578 1241 inde
2599 1190 2868 1257 repetere
2895 1184 3075 1255 inque
3097 1183 3231 1238 loca
3255 1182 3488 1238 munita
3509 1178 3769 1252 compel-

2113 1272 2238 1330 lere
2265 1274 2468 1330 velint.
2504 1277 2715 1330 Hostes
2773 1273 3058 1346 globatim
3114 1270 3493 1336 excubantes,
3526 1268 3625 1325 ubi
3659 1269 3767 1324 hos

2114 1365 2333 1436 partim
2363 1381 2582 1438 pecora
2613 1381 2720 1421 sua
2766 1363 3205 1437 protrahentes,
3263 1361 3480 1434 partim
3536 1364 3673 1416 ante
3703 1375 3766 1414 se

2116 1461 2360 1528 agentes
2380 1454 3117 1528 conspexerint,agricolas
3140 1471 3240 1510 eos
3271 1457 3328 1508 et
3355 1467 3614 1525 paganos
3637 1466 3767 1505 esse

2115 1545 2456 1611 rati,eﬂ‘use
2480 1552 2658 1617 atque
2685 1553 2907 1601 temere
2930 1543 3066 1599 illos
3083 1547 3536 1616 persequentur.
3570 1540 3639 1596 Hi
3671 1538 3772 1611 qui

2117 1634 2432 1690 custodum
2466 1641 2524 1690 et
2555 1634 2949 1708 agricolarum
2981 1648 3299 1706 personam
3359 1632 3769 1702 susceperunt,

2117 1724 2166 1779 si
2198 1724 2899 1797 agitantur,festinabunt
2929 1723 3126 1778 locum
3153 1721 3413 1793 assequi,
3442 1719 3544 1774 ubi
3578 1718 3767 1774 laten-

2119 1817 2206 1868 tes
2229 1812 2415 1884 copiae
2448 1813 2854 1869 consederunt
2878 1828 2892 1866 :
2913 1828 3064 1883 quos
3085 1812 3288 1866 hostes
3319 1811 3771 1882 persequentes,

2118 1900 2532 1972 imprudentes
2593 1902 2657 1957 in
2716 1900 2967 1956 insidias
3023 1899 3310 1956 incident.
3344 1900 3488 1954 Nam
3519 1897 3624 1953 ubi
3681 1894 3774 1950 his

2114 1991 2869 2063 appropinquarint,nostri
2897 1990 3094 2046 animo
3125 1993 3410 2060 motuque
3439 1985 3771 2057 composito

2114 2081 2300 2136 coorti
2333 2080 2454 2136 illis
2485 2085 2820 2138 occurrant.
2855 2079 2940 2135 lbi
2972 2079 3355 2151 perspicuum
3387 2081 3496 2144 est,
3519 2090 3595 2130 ne
3628 2078 3765 2129 tan-

2113 2169 2299 2241 tisper
2328 2169 2569 2242 quidem
2625 2171 2940 2226 restituros
2987 2168 3188 2224 hostes
3224 2183 3237 2222 :
3272 2166 3376 2223 sed
3421 2165 3560 2238 fuga
3614 2162 3770 2218 facta

2112 2257 2287 2315 multi
2319 2275 2524 2314 eorum
2556 2264 2614 2314 et
2638 2259 2988 2325 interibunt,
3024 2262 3083 2313 et
3113 2256 3326 2329 captivi
3377 2255 3545 2310 fient.
3582 2252 3639 2307 Si
3671 2256 3758 2308 ta-

2113 2363 2318 2404 mena
2373 2347 2529 2417 loco,
2587 2347 2688 2402 ubi
2749 2347 2875 2403 haec
2929 2351 3235 2420 geruntur,
3285 2344 3443 2400 acies
3498 2340 3760 2397 hostium

2114 2436 2358 2509 propius
2385 2435 3027 2508 abest,adversariique
3049 2450 3265 2507 magna
3285 2430 3670 2489 multitudine
3691 2427 3767 2484 ad

2115 2526 2372 2582 tuendos
2407 2543 2545 2582 suos
2575 2525 2872 2600 fugientes
2905 2542 2966 2581 se
2990 2523 3327 2590 eﬂ‘undunt,
3360 2520 3539 2577 debet
3585 2519 3705 2574 dux
3735 2533 3770 2573 a

2114 2620 2278 2688 tergo
2344 2614 2559 2672 harum
2607 2615 2961 2671 insidiarum
3020 2615 3268 2671 alteram
3320 2626 3567 2668 manum
3637 2608 3769 2664 loco

2115 2704 2332 2760 idoneo
2364 2705 2679 2776 collocare,
2742 2704 2802 2760 in
2862 2703 3132 2772 latibulo,
3185 2700 3346 2773 quod
3391 2716 3426 2756 a
3471 2697 3771 2772 prioribus

2115 2793 2351 2849 insidiis
2379 2793 2495 2850 duo
2524 2793 2719 2849 millia
2757 2809 3046 2866 passuum
3099 2790 3272 2846 absit.
3307 2793 3389 2845 Ac
3418 2789 3489 2856 si,
3521 2793 3588 2842 ut
3615 2802 3773 2858 prm-

2117 2883 2397 2952 diximus,
2426 2883 2651 2940 milites
2675 2883 2943 2956 priorum
2973 2881 3327 2937 insidiarum
3375 2878 3461 2933 vis
3507 2876 3770 2931 hostium

2115 2973 2518 3046 persequitur,
2546 2973 2647 3044 qui
2679 2973 2741 3028 in
2774 2973 2960 3028 altero
2993 2969 3242 3026 latibulo
3274 2972 3431 3042 sunt,
3465 2965 3772 3022 evolantes

2116 3064 2179 3119 in
2211 3062 2366 3132 illos,
2410 3067 2535 3119 tum
2569 3062 3009 3119 commilitones
3044 3059 3381 3125 servabunt,
3414 3062 3539 3112 tum
3565 3055 3771 3110 adver-

2117 3153 2304 3210 sarios
2337 3153 2556 3209 damno
2608 3158 2666 3209 et
2693 3153 2883 3208 morte
2916 3152 3200 3208 afﬁcient.
3242 3151 3366 3216 Quo
3407 3150 3770 3213 commento,

2118 3260 2151 3298 ο
2173 3242 2316 3311 dux,
2350 3241 2460 3299 sub
2493 3258 2770 3299 occasum
2803 3241 2948 3297 solis
2977 3244 3212 3313 Oportet
3240 3240 3327 3294 uti
3360 3257 3373 3294 :
3402 3243 3489 3306 ut,
3533 3234 3768 3292 etiamsi

2115 3331 2202 3387 vis
2232 3331 2496 3387 hostium
2531 3330 2914 3386 insidiatores
2931 3335 3158 3402 urgeat,
3187 3334 3390 3386 tamen
3420 3343 3538 3382 nox
3561 3341 3770 3398 super-

2103 3421 2348 3477 veniens
2369 3421 2667 3493 dirempto
2695 3421 2902 3493 praalio
2935 3419 3299 3476 incolumem
3328 3423 3492 3474 tuam
3521 3431 3766 3473 manum

2107 3515 2319 3566 servet.

344 3595 474 3657 λαὸς
505 3596 554 3633 ⁷⁰
579 3600 688 3651 τῶν
720 3593 1008 3669 πολεμίων
1033 3593 1329 3666 ἐπιδιώξει,
1355 3596 1408 3651 οἱ
1435 3599 1533 3651 τοῦ
1559 3593 1810 3671 δευτέρου
1841 3596 2225 3674 ἐγκρύμματος
2266 3592 2618 3674 ἐξερχόμενοι
2674 3599 2792 3653 κατ’
2824 3597 3001 3653 αὐτῶν
3035 3595 3162 3659 τοὺς
3199 3596 3293 3669 μὲν
3326 3592 3564 3656 οἰκείους
3594 3612 3758 3666 περι·-

346 3684 598 3756 σώσουσι,
627 3683 757 3747 τοὺς
788 3681 847 3739 δὲ
876 3681 1186 3758 πολεμίους
1216 3685 1783 3760 κατατραυματίσουσι
1815 3688 1904 3742 καὶ
1940 3688 2329 3744 θανατώσουσι.
2365 3691 2455 3743 Δεῖ
2487 3688 2578 3743 οὗν
2634 3688 2735 3757 τήν
2765 3686 3024 3758 τοιαύτην
3058 3686 3326 3762 μνχανὴν,
3358 3686 3404 3739 ὧ
3457 3683 3752 3759 στρατηγὶ,

353 3771 478 3847 περὶ
513 3770 716 3848 δυσμὰς
735 3773 904 3844 ἡλίου
933 3773 1340 3850 ἐξεργάσασοαν
1371 3775 1482 3849 ἳνα,
1517 3775 1604 3830 ἑὰν
1653 3772 1845 3848 πλήθη
1877 3775 2163 3852 πολεμίων
2197 3776 2491 3834 ἐπίθωνται
2510 3782 2628 3841 τοῖς
2660 3776 2712 3833 ἐν
2741 3779 2812 3852 τῇ
2844 3775 3050 3854 ἐνέδρά,
3082 3779 3118 3849 ἡ
3149 3775 3240 3847 νὺξ
3263 3769 3651 3831 καταλαϐοῦσα
3671 3771 3762 3828 καὶ

343 3862 439 3918 τὸν
468 3862 717 3938 πόλεμον
751 3859 1074 3936 διαϐύσασα,
1105 3859 1327 3936 ἀϐλαϐῆ
1360 3866 1456 3921 τὸν
1490 3865 1597 3922 ὑπὸ
1627 3867 1686 3921 σε
1716 3865 1848 3922 λαὸν
1877 3863 2204 3944 διατηρήσῃ.

413 4011 572 4067 ΚΕΦ.
643 4011 742 4067 18'.
795 4009 927 4103 Περὶ
983 4010 1366 4103 καταστάσεως
1432 4009 1525 4098 καὶ
1587 4009 1922 4083 ἐξοπλίσεως

797 4083 888 4137 καὶ
934 4083 1237 4160 γυμνασίας
1270 4089 1525 4159 στρατοῦ.

412 4213 479 4271 Εἰ
539 4209 598 4270 δέ
657 4234 722 4292 γε
781 4212 1118 4291 θαρρησουσι
1181 4220 1414 4293 κοῦρσον
1471 4213 1830 4298 διαχωρίσαι,
1905 4220 1996 4275 εὐ-

337 4307 488 4383 φυῶς
521 4303 568 4340 ’τί
599 4298 683 4359 δεῖ
711 4325 767 4360 σε
807 4304 1038 4366 τούτους
1067 4303 1547 4377 ἐπιτηδεύσασθαι,
1579 4307 1996 4365 ἀποστέλλοντα

333 4397 443 4447 τῶν
475 4392 578 4448 ὑπὸ
610 4391 669 4448 σέ
703 4413 824 4449 τινα
853 4391 1072 4469 ἀνδρείᾳ
1117 4394 1211 4450 καὶ
1269 4393 1530 4471 ἐμπειρίᾳ
1584 4396 1996 4472 κεκοσμημένον

340 4482 478 4556 μετὰ
505 4480 964 4557 καθωπλισμένου
997 4481 1136 4539 λαοῦ
1165 4484 1257 4539 καὶ
1288 4483 1665 4560 ἐξαρκοῦντος,
1720 4487 1848 4549 τοὺς
1907 4484 1995 4542 δι-

2106 4003 2262 4061 238
2294 4004 2428 4060 CAP.
2461 4003 2602 4060 XIX.
2637 4005 2715 4060 De
2742 4006 3230 4131 statcharmatura
3275 4008 3328 4060 et
3358 3997 3763 4062 exercitatione

2795 4093 2871 4131 mz
2896 4093 2915 4130 ι
2946 4092 3062 4131 ιιηι.

2795 4092 3037 4132 mimum
3049 4115 3062 4134 ι

2183 4227 2298 4283 Sed
2325 4228 2375 4283 si
2399 4227 2623 4284 audent
2666 4229 3009 4284 catervatim
3030 4226 3394 4299 praedatores
3424 4241 3459 4281 a
3488 4241 3550 4280 se
3567 4222 3768 4295 dispa-

2107 4332 2266 4387 rare,
2292 4317 2475 4374 debes
2519 4318 2629 4374 hos
2661 4319 2902 4374 solertia
2932 4317 3202 4373 adhibita
3253 4315 3555 4383 invadere,
3585 4313 3770 4370 misso

2106 4422 2226 4461 uno
2258 4407 2331 4462 de
2364 4406 2488 4462 illis
2520 4407 2620 4478 qui
2672 4406 2781 4461 sub
2839 4411 2896 4462 te
2951 4405 3234 4473 militant,
3271 4405 3509 4460 homine
3553 4403 3771 4458 virtute

2114 4501 2294 4567 atque
2327 4511 2440 4551 usu
2472 4495 2747 4568 praedito,
2779 4511 2914 4552 cum
2946 4499 3177 4552 armata
3203 4510 3386 4550 manu
3416 4510 3548 4564 quas
3596 4490 3764 4546 suffl-

336 4567 758 4644 εσκεδασμένους
807 4577 918 4628 τῶν
945 4569 1234 4647 πολεμίων
1289 4572 1672 4653 κατατρέχειν,
1732 4574 1824 4630 καὶ
1853 4575 1998 4631 ἀναι-

2113 4585 2247 4653 ciat,
2277 4567 2808 4656 hostesdispersos
2839 4583 3147 4652 insectari,
3180 4582 3472 4650 occidere,
3505 4581 3767 4654 captivos

337 4660 582 4734 ρεῖν,καῖ
642 4657 930 4735 δεσμώτας
981 4667 1177 4717 ποιεῖν.
1217 4667 1327 4718 Σοῦ
1386 4660 1444 4718 δὲ
1504 4661 1783 4738 μηδέποτε
1833 4685 1996 4722 κατα-

335 4749 514 4807 λυέτω
544 4753 579 4822 ἡ
609 4753 928 4827 παράταξις·
956 4749 1069 4822 ⁸ίνα,
1100 4751 1146 4808 εἰ
1181 4748 1368 4829 συμϐῇ
1396 4751 1664 4834 φούλκοις
1709 4753 1995 4830 πολεμίων

333 4845 652 4919 περιτυχεῖν
679 4838 897 4910 πλῆθος
927 4837 1122 4920 ἔχουσι
1157 4842 1241 4915 [Ρ.
1281 4845 1404 4916 154]
1437 4839 1599 4912 λαοῦ,
1649 4844 1786 4919 πρὸς
1816 4843 1995 4924 φυλα-

331 4931 436 5000 κὴν
465 4926 682 5002 δηλαδή
713 4934 824 4986 τῶν
851 4928 1179 5001 ἐξελθόντων
1207 4929 1497 5005 πολεμίων
1529 4931 1992 5005 ἐπακολουθοῦσι,

333 5022 434 5090 τὴν
489 5015 630 5074 ἰδίαν
711 5015 859 5099 ἔχων
935 5021 1235 5096 παράταξιν
1293 5022 1708 5097 συνισταμένην,
1747 5022 1996 5100 πόλεμον

339 5111 476 5184 μετὰ
506 5115 604 5166 τοῦ
635 5109 881 5191 φούλκου
925 5112 1208 5168 συνάπτων
1239 5120 1627 5191 στρατηγικῶς
1658 5114 1750 5170 καὶ
1809 5114 1996 5189 ἐμπεί-

336 5219 470 5275 ρως,
503 5200 579 5260 ὡς
608 5198 914 5275 ἐξεθέμεθα,
943 5202 1294 5279 καταγωνίσῃ
1355 5203 1609 5273 τούτους,
1641 5205 1733 5259 καὶ
1793 5203 1996 5280 τελείῳ

334 5287 670 5366 παραδώσῃς
701 5290 1008 5371 ἀφανισμῷ.
1042 5295 1227 5350 Ταῦτα
1287 5289 1345 5348 δὲ
1404 5292 1481 5355 είς
1531 5296 1632 5365 τήν
1678 5296 1776 5364 σῆν
1822 5295 1997 5376 ἀσφά-

336 5376 921 5458 λειαν,ὧ-στρατηγὲ,
949 5381 1042 5437 καὶ
1089 5387 1190 5438 τοῦ
1251 5379 1390 5438 λαοῦ
1447 5381 1820 5462 φυλάττεσθαι
1892 5386 1998 5442 ὑπ-

2103 4673 2320 4732 facere.
2349 4676 2551 4745 Neque
2580 4679 2782 4730 tamen
2812 4679 2876 4729 tu
2930 4677 3094 4729 tuam
3124 4671 3314 4728 aciem
3347 4671 3538 4727 solvas
3573 4675 3677 4727 :ut
3705 4669 3756 4725 si

2103 4763 2407 4832 accidit,te
2436 4764 2500 4818 in
2521 4764 2728 4838 globos
2757 4764 3020 4820 hostium
3049 4779 3300 4819 numero
3321 4762 3589 4820 valentes
3611 4763 3764 4818 inci-

2106 4852 2269 4917 dere.
2294 4854 2396 4925 qui
2425 4853 2692 4925 prasidii
2728 4869 2907 4910 causa
2928 4853 3296 4925 praedatores
3319 4853 3573 4911 insecuti
3621 4852 3766 4924 sint,

2105 4947 2208 4998 tua
2228 4942 2355 4998 acie
2389 4942 3038 5014 instructa.praalioque
3070 4957 3205 4998 cum
3234 4941 3410 5015 globo
3431 4943 3558 5010 illo,
3581 4941 3768 4997 bono-

2103 5047 2240 5087 rum
2273 5030 2492 5086 ducum
2523 5046 2691 5086 more
2722 5046 2790 5086 ac
2819 5031 3032 5102 perite,
3064 5037 3132 5087 ut
3159 5032 3563 5103 exposuimus,
3594 5046 3767 5086 com-

2106 5119 2622 5192 misso,expugnes
2653 5118 2882 5188 illos,et
2908 5120 3178 5176 funditus
3199 5119 3274 5176 ad
3295 5119 3768 5176 internecionem

2107 5211 2332 5267 deleas.
2353 5212 2488 5267 llaac
2518 5215 2658 5279 tum,
2691 5216 2725 5266 ο
2757 5209 2897 5280 dux,
2931 5211 3312 5282 militumque
3336 5215 3576 5266 tuorum
3608 5207 3766 5265 salu-

2108 5298 2188 5356 tis
2219 5287 2642 5357 conservanda
2674 5312 2856 5356 causa
2894 5301 3260 5365 monuimus,
3294 5298 3343 5353 si
3376 5298 3618 5370 quidem
3649 5303 3766 5354 tum

2106 5390 2294 5463 ecpim
2325 5405 2525 5463 parva
2551 5393 2711 5459 sunt,
2745 5393 2804 5446 et
2824 5395 3129 5460 tenues,ut
3155 5387 3405 5445 hostiles
3435 5387 3556 5443 illis
3577 5387 3768 5460 pluri-

1515 5529 1576 5586 c.
1610 5529 1676 5602 Β.
1707 5530 1898 5587 HASII
1918 5497 2482 5604 ANNonrioNss.

406 5664 827 5755 “‘Eulou‘d‘vtia‘.
859 5666 954 5755 §ic
975 5668 1128 5755 verti
1157 5684 1294 5755 cu_m
1324 5669 1586 5755 Ducang.
1621 5672 1808 5731 Gloss.
1867 5672 1913 5734 Ι.
1965 5679 1998 5750 1¹

2113 5719 2125 5733 .
2157 5677 2276 5742 nisi
2297 5675 2421 5751 leg.
2476 5669 2818 5749 ξυλακόντια,
2849 5675 2898 5713 ⁸⁸
2923 5673 3102 5753 φρενί.
3129 5675 3289 5733 Fort.
3322 5674 3491 5752 φορᾷ.
3527 5673 3577 5712 το
3602 5671 3762 5748 λαὸς]

342 5737 517 5806 Λαούξ
549 5741 725 5800 codd.
757 5739 804 5777 τι
834 5737 1072 5818 εὐφυῶς]
1099 5739 1288 5842 fit?ch
1309 5743 1481 5833 codd.
