4096 6428
362 457 478 520 981
1675 455 2094 521 NICEPHOBI
2138 457 2421 520 PHOCAE
3665 460 3787 520 988

371 610 531 649 mum
557 593 988 665 prmstent.Sed
1021 594 1069 648 si
1098 594 1207 650 sub
1240 595 1424 668 signis
1475 594 1592 650 tuis
1623 599 2011 650 numerantur

2131 593 2430 665 μνήσαμεν,
2465 592 2516 647 εἶ’
2550 613 2611 670 γε
2669 593 2961 670 ὀλιγοστόν
2994 595 3105 650 ἐστι
3135 595 3198 650 τὸ
3229 596 3334 650 ὑπὸ
3360 596 3419 651 cia
3449 596 3786 670 στράτευμας

370 701 470 738 sex
502 690 604 736 aut
634 684 896 754 quinque
925 683 1115 739 millia
1146 691 1532 754 armatorum,
1556 687 1743 757 magis
1766 702 1800 740 a
1823 685 2011 739 fronte

2125 680 2213 734 xui
2247 679 2642 756 εὐαρίθμητον,
2691 683 2780 738 xui
2811 687 2907 739 τοῦ
2965 688 3076 738 τῶν
3113 684 3399 757 πολεμίων
3429 683 3574 739 πολὺ
3608 683 3780 740 ἐλατ-

371 772 590 827 adoriri
621 773 819 828 hostes
841 775 1284 830 contendito.Et
1305 777 1389 831 sic
1407 776 1640 831 callidis
1669 775 1939 830 consiliis
1962 780 2011 830 et

2123 769 2412 843 τούμενον.
2448 770 2517 828 Εἴ
2545 770 2604 826 δὲ
2633 773 2758 848 περὶ
2787 773 2883 836 τὰς
2913 769 2967 847 ἕξ
3008 773 3044 843 ἢ
3103 775 3261 829 πέντε
3293 771 3551 849 χιλιάδας
3585 773 3782 846 ἀπαρι-

369 861 745 930 commentis,
807 862 855 917 si
909 880 1056 935 opus
1115 869 1224 931 est,
1286 870 1410 920 tum
1461 867 1639 920 etiam
1700 865 2018 936 insperatis

365 951 940 1023 procursationibus,
967 957 1127 1008 recte
1167 971 1235 1009 ac
1264 955 1451 1026 perite
1483 954 1708 1009 bellum
1737 954 2018 1010 adversus

369 1057 470 1095 eos
501 1039 950 1108 administrans,
1009 1043 1056 1096 si
1115 1043 1299 1098 habes
1357 1044 1604 1114 insuper
1644 1044 1860 1099 Christi
1915 1043 2017 1100 Dei

365 1130 553 1185 nostri
586 1131 870 1186 invictum
902 1131 1190 1186 auxilium
1232 1150 1338 1204 pro
1389 1138 1444 1188 te
1498 1149 1903 1206 propugnans,
1948 1150 2019 1189 ex

364 1220 610 1275 victoria
639 1226 845 1276 contra
877 1221 1076 1276 hostes
1120 1238 1335 1294 magna
1388 1223 1715 1278 constitues
1771 1229 2014 1294 tropaea.

365 1311 715 1381 Quanquam
749 1310 878 1365 fieri
909 1299 1256 1382 nonpotest,
1281 1317 1348 1366 ut
1376 1313 1605 1367 caateris
1625 1312 1803 1368 rebus
1825 1313 2016 1385 impe-

360 1400 578 1454 ratorie
609 1417 677 1455 ac
710 1400 968 1455 scienter
997 1400 1072 1455 ad
1111 1400 1337 1456 bellum
1367 1407 1422 1456 te
1453 1419 1648 1473 pares,
1682 1401 1796 1456 nisi
1850 1403 2016 1474 prius

361 1490 699 1544 exercueris
730 1494 908 1560 atque
941 1490 1232 1545 erudieris
1262 1492 1464 1562 c0pias
1521 1497 1672 1559 tuas,
1735 1492 2017 1564 subigens

361 1585 539 1650 atque
567 1579 720 1636 239
753 1579 973 1634 docens
1003 1579 1138 1635 illas
1169 1585 1295 1635 tum
1319 1580 1645 1636 tractandis
1675 1581 2016 1649 armis,tum

359 1670 422 1725 in
455 1669 880 1725 acerbitatibus
939 1686 1007 1725 ac
1063 1670 1356 1726 molestiis
1399 1671 1671 1727 laborum
1704 1688 2014 1728 aerumna-

359 1775 616 1830 rumque
646 1759 1016 1831 perferendis
1053 1775 1064 1815 :
1100 1777 1175 1815 ne
1207 1760 1503 1827 mollitiei,
1528 1761 1798 1833 ignaviae,
1823 1767 2012 1817 temu-

359 1849 583 1916 lentiae,
616 1849 890 1914 luxuriae,
922 1850 1173 1921 reliquis
1196 1852 1481 1922 nequitiis
1501 1856 1654 1906 totos
1677 1869 1737 1906 se
1756 1851 2012 1908 tradant.

2124 861 2342 932 θμεῖται
2373 860 2433 916 τὸ
2469 863 2570 917 ὑπὸ
2603 862 2662 917 σὶ
2722 863 2998 939 μάχιμον,
3034 862 3250 936 μᾶΛλον
3301 864 3437 919 κατὰ
3485 862 3778 937 πρόσωπον

2126 950 2498 1024 ἀντιτάξασθαι
2551 957 2670 1014 τοῖς
2721 951 3021 1025 πολεμίοις
3076 951 3383 1026 ἐπείχθητι.
3444 952 3546 1009 Καὶ
3604 950 3780 1014 οὕτως

2125 1034 2215 1093 διὰ
2275 1042 2602 1113 μηχανικῶν
2657 1043 3132 1118 στρατηγημάτων
3191 1042 3281 1096 καὶ
3357 1039 3780 1111 ἐπιτηδεύσεων,

2123 1126 2169 1182 εἶ
2221 1130 2359 1203 χρὴ,
2419 1130 2509 1184 καὶ
2562 1129 2848 1202 ἀδοκήτων
2909 1132 3027 1186 κατ’
3099 1130 3274 1186 αὐτῶν
3334 1129 3643 1200 ἐπιθέσεων,
3688 1130 3781 1184 καὶ

2123 1217 2171 1272 εἴ
2199 1218 2246 1254 ⁷³
2269 1221 2454 1283 καλῶς
2485 1220 2578 1276 καὶ
2613 1221 2888 1298 ἐμπείρως
2917 1221 3010 1277 τὸν
3068 1223 3185 1276 κατ’
3240 1222 3418 1276 αὐτῶν
3467 1221 3773 1296 μηχανήσῃ

2121 1303 2393 1382 πόλεμον,
2426 1308 2570 1385 ἔχων
2601 1313 2701 1380 τήν
2734 1314 2994 1386 Χριστοῦ
3051 1316 3147 1366 τοῦ
3200 1315 3334 1367 Θεοῦ
3383 1311 3544 1384 ήμῶν
3572 1309 3781 1366 ἀκατα-

2128 1398 2380 1474 μᾶχητον
2464 1402 2718 1474 βοήθειαν
2788 1401 3292 1475 συνεπαμύνουσαν,
3381 1399 3591 1478 μεγάλα
3644 1399 3783 1456 κατὰ

2121 1492 2230 1542 τῶν
2265 1487 2480 1564 ἐχθρῶν
2513 1491 2671 1561 νίκης
2710 1490 2914 1567 ἐργάσῃ
2944 1493 3197 1567 τρόπαια,
3254 1490 3368 1549 Οὐκ
3419 1490 3539 1546 ἐνὸν
3572 1487 3629 1545 δὲ
3685 1487 3781 1547 δίλ-

2125 1599 2238 1647 Λως
2305 1592 2681 1663 στρατηγικῶς
2733 1589 2820 1643 καὶ
2873 1587 3148 1665 ἐμπείρως
3206 1587 3344 1661 πρὸς
3396 1588 3489 1642 τὸν
3528 1585 3775 1662 πόλεμον

2120 1678 2629 1748 παρασκευασθῆναί
2660 1699 2737 1749 σε,
2799 1679 2846 1734 εί
2907 1679 2983 1752 μὴ
3029 1679 3294 1756 πρότερον
3327 1676 3629 1753 ἐξασκήσῃς
3686 1698 3777 1733 και

2123 1764 2481 1843 ἐκπαιδεύσῃς
2513 1767 2576 1823 τὸ
2634 1769 2736 1823 ὑπὸ
2786 1769 2844 1824 σέ
2905 1771 3236 1844 στράτευμα,
3269 1767 3459 1837 ἐθίζων
3499 1766 3630 1822 αὐτὸ
3685 1768 3777 1823 xui

2123 1854 2476 1930 ἐγγυμνάζων
2531 1856 2608 1922 εἴς
2654 1878 2714 1913 τε
2768 1859 2867 1927 τήν
2939 1861 3048 1912 τῶν
3109 1855 3297 1913 ὅπλων
3375 1856 3770 1932 μεταχείρισιν,

362 1940 650 1996 Convenit
679 1940 844 2006 item,
873 1944 938 1994 ut
967 1956 1138 2012 rogas
1170 1946 1346 2012 atque
1371 1942 1872 1997 frumentationes
1895 1942 2011 2014 ple-

2120 1944 2210 1998 xui
2241 1943 2420 1999 πόνων
2471 1944 2562 2000 xui
2616 1943 3007 2020 ταλαιπωριῶν
3065 1945 3129 2000 τὸ
3183 1942 3350 2019 δριμύ
3406 1965 3464 1998 τε
3509 1944 3598 2000 καὶ
3658 1942 3780 1999 ἐπί-

360 2045 468 2084 nas
499 2028 832 2100 accipiant;
861 2029 1226 2101 insuperque
1257 2029 1533 2086 donativa
1564 2037 1620 2086 et
1644 2031 2012 2104 largitiones,

359 2118 518 2174 ultra
547 2124 863 2174 consuetas
891 2135 960 2174 ac
989 2120 1399 2192 praescriptas:
1428 2126 1494 2176 ut
1515 2122 1598 2177 sic
1629 2123 2015 2178 necessitates

362 2225 500 2265 suas
528 2209 688 2264 nacti
720 2209 859 2264 inde
891 2215 949 2264 et
979 2226 1163 2280 equos
1221 2211 1478 2282 optimos
1535 2217 1594 2266 et
1649 2218 2014 2268 armaturam

358 2299 656 2370 reliquam
677 2316 1023 2371 comparare
1055 2299 1168 2355 sibi
1215 2301 1466 2372 possint,
1499 2306 1557 2356 et
1603 2301 1740 2356 laeta
1793 2307 2013 2369 mente,

359 2393 562 2460 parato
588 2395 767 2460 atque
793 2394 989 2444 erecto
1013 2389 1212 2445 animo
1227 2407 1332 2461 pro
1353 2391 1535 2446 sacris
1555 2391 2015 2462 imperatoribus

363 2478 585 2534 nostris
615 2478 1006 2549 universaque
1030 2478 1336 2550 republica
1366 2479 1700 2535 Christiana
1734 2479 2016 2551 periculis

365 2567 625 2638 objicere
659 2584 788 2623 sese
821 2568 1022 2623 velint.
1059 2569 1169 2623 Sed
1201 2569 1468 2624 omnium
1513 2570 1805 2642 optimum
1837 2574 2017 2640 atque

361 2658 617 2713 maxime
647 2657 1239 2729 necessarium,quod
1269 2659 1486 2714 excitat
1515 2675 1720 2714 eorum
1743 2660 2015 2714 alacrita-

360 2752 504 2814 tem,
529 2752 701 2820 auget
733 2748 1028 2814 virtutem,
1065 2748 1334 2802 stimulat
1364 2747 1628 2816 demum,
1661 2755 1727 2803 ut
1773 2749 1864 2804 vel
1895 2766 2016 2805 non

361 2837 636 2893 audenda
663 2836 900 2892 efﬁcere
931 2843 1245 2900 conentur,
1281 2836 1430 2892 illud
1455 2844 1562 2904 est,
1585 2844 1648 2892 ut
1679 2855 1799 2893 non
1823 2839 2016 2894 solum

359 2928 626 3000 ipsorum
659 2932 717 2982 et
748 2927 1008 2984 militum
1040 2928 1152 2983 sibi
1175 2927 1648 2983 ministrantium
1671 2927 2017 2995 domus,sed

361 3018 540 3073 etiam
573 3017 835 3073 universi
868 3034 1071 3073 eorum
1103 3019 1452 3088 necessarii,
1484 3019 1754 3074 omnium
1812 3036 2016 3075 rerum

358 3107 799 3162 immunitatem
826 3106 1104 3163 habeant.
1140 3108 1272 3162 Haec
1304 3123 1338 3162 a
1358 3107 1656 3180 principio
1684 3109 2016 3180 antiquitus

358 3196 701 3251 servabatur
728 3195 886 3252 circa
915 3195 1051 3251 illos
1085 3196 1552 3264 consuetudo,ac
1583 3197 1974 3267 permanebat
2000 3214 2013 3252 :

357 3283 419 3338 id
449 3285 646 3356 ipsum
677 3301 712 3340 a
741 3284 953 3357 priscis
983 3285 1465 3357 imperatoribus,
1502 3286 1688 3341 sacris
1705 3303 1772 3341 ac
1821 3286 2012 3342 beatis

352 3373 474 3428 illis
497 3373 762 3445 quidem,
792 3379 846 3429 et
869 3375 1342 3446 pronuntiatum,
1374 3380 1433 3430 et
1462 3376 1525 3430 in
1556 3375 1724 3430 libris
1743 3375 2012 3431 militari-

351 3461 464 3517 bus
495 3480 702 3518 eorum
750 3463 1039 3536 scriptum
1097 3465 1379 3536 reperies.
1413 3467 1635 3519 Praeter
1664 3465 2012 3521 immunita-

353 3557 473 3610 tem
497 3571 644 3626 Opus
663 3555 841 3611 etiam
859 3554 1320 3624 est,utdebitum
1341 3556 1631 3612 honorem
1651 3557 2004 3629 percipiant,

351 3645 887 3717 nequedespicatui
912 3646 1051 3712 sint,
1081 3651 1183 3700 aut
1202 3646 1484 3718 injuriam
1506 3647 1827 3719 patiantur.
1860 3649 2006 3704 Nam

350 3733 537 3807 pudet
562 3752 656 3791 me
684 3735 903 3802 dicere,
935 3734 1028 3788 vel
1045 3735 1342 3790 verberari
1375 3735 1668 3806 ejusmodi
1699 3737 1876 3805 viros,
1905 3736 2007 3808 qui

349 3825 530 3879 vitam
557 3825 749 3895 ipsam
780 3823 1032 3878 minoris
1063 3822 1301 3891 ducant,
1333 3825 1511 3880 modo
1544 3826 1728 3880 sacris
1750 3826 2006 3896 impera-

353 3913 582 3968 toribus
609 3913 874 3968 ofﬁcium
935 3929 1107 3967 suum
1155 3918 1460 3983 praastent,
1521 3914 2005 3987 Christianosque

355 4000 617 4056 liberent
639 4006 699 4056 et
727 4002 1096 4058 ulciscantur
1120 4018 1132 4055 :
1165 4002 1345 4072 idque
1371 4002 1444 4057 ab
1475 4003 1850 4059 exactoribus
1891 4005 2006 4059 mi-

358 4089 546 4159 sellis,
572 4091 672 4161 qui
706 4091 860 4147 240
889 4090 1119 4147 nullam
1144 4090 1488 4162 reipublicaa
1515 4091 1833 4147 utilitatem
1861 4093 2006 4148 affe-

357 4185 514 4248 rant,
573 4181 691 4236 nisi
743 4181 900 4252 quod
960 4181 1295 4254 exspolient
1343 4181 1537 4237 solum
1597 4185 1655 4236 et
1698 4188 2009 4239 conterant

360 4275 622 4343 egentes,
657 4287 806 4342 eque
837 4270 1078 4343 injuriis
1108 4287 1176 4326 ac
1201 4270 1489 4343 sanguine
1522 4287 1850 4344 pauperum
1875 4272 2006 4344 plu-

359 4361 512 4416 rimo
543 4360 766 4433 grande
817 4361 945 4416 auri
1004 4361 1238 4433 pondus
1296 4361 1585 4434 redigant.
1647 4364 1763 4418 Nec
1821 4363 2008 4436 magis

359 4453 608 4522 oportet,
641 4456 707 4506 ut
736 4467 770 4506 a
804 4449 1111 4522 judicibus
1154 4451 1618 4522 provincialibus
1649 4453 2012 4508 contumelia

355 4540 1145 4612 afficiantur,servorumque
1172 4541 1361 4596 instar
1390 4542 1721 4613 trahantur,
1754 4543 2004 4615 pulsen-

355 4635 470 4696 tur,
504 4629 564 4683 in
594 4630 831 4686 vincula
859 4635 918 4685 et
947 4630 1112 4686 boias
1139 4631 1194 4702 (o
1223 4647 1350 4686 rem
1373 4631 1639 4687 odiosam
1643 4633 1812 4705 )conj
1825 4633 2008 4689 ician-

2121 2054 2291 2088 πονον
2350 2039 2648 2108 καρτερεῖν·
2708 2034 2798 2088 καὶ
2863 2035 2940 2108 μὴ
2995 2033 3298 2109 χαυνότητι
3359 2033 3446 2088 καὶ
3516 2032 3774 2108 ῥᾳθυμίᾳ,

2127 2123 2264 2197 μέθῃ
2312 2144 2372 2178 τε
2428 2125 2516 2179 xui
2546 2128 2775 2200 τρυφαῖς
2823 2123 2914 2179 καὶ
2970 2129 3089 2186 ταῖς
3149 2121 3346 2185 ἄλλαις
3403 2122 3660 2184 ἀσωτίαις
3712 2123 3774 2176 τὸ

2123 2213 2326 2266 ἑαυτῶν
2359 2216 2461 2266 πᾶν
2522 2211 2847 2287 ἐπιτρέπειν.
2909 2213 3187 2289 Προσήκει
3247 2231 3311 2286 γε
3371 2211 3503 2284 μὴν,
3558 2211 3658 2272 τάς
3716 2230 3777 2264 τε

2124 2299 2286 2378 ρὁας
2309 2301 2486 2356 αὐτῶν
2519 2301 2611 2356 καὶ
2643 2301 2925 2376 σιτηρέσια
2982 2301 3296 2363 ἀνελλιπῶς
3341 2299 3572 2362 τούτους
3631 2296 3776 2371 λαμ-

2125 2386 2325 2445 ϐάνειν·
2388 2389 2561 2453 ἃλλας
2609 2411 2667 2446 τε
2725 2387 2930 2464 δωρεὰς
3000 2390 3092 2444 καὶ
3151 2387 3491 2465 δῦεργεσίας,
3549 2386 3776 2450 πλείους

2121 2485 2228 2535 τῶν
2283 2478 2489 2554 ἐθίμων
2544 2480 2634 2536 καὶ
2694 2477 3206 2553 διατετυπωμένων⁶
3255 2479 3345 2533 ἳνα
3408 2479 3472 2534 τὸ
3537 2475 3778 2540 ἀνενδεὶς

2122 2566 2346 2646 ἔχοντες
2380 2571 2440 2626 ἐκ
2477 2570 2686 2626 τούτων
2716 2569 2979 2627 δύνωνται
3042 2571 3132 2626 καὶ
3183 2569 3391 2634 ’ίππους
3444 2568 3775 2631 καλλίστους

2122 2658 2462 2732 ἐπικτᾶσθαι,
2519 2661 2611 2715 καὶ
2666 2660 2760 2722 τὰς
2805 2657 2980 2723 ἄλλας
3039 2662 3221 2716 αὑτῶν
3300 2657 3630 2728 πανοπλίας,
3685 2658 3778 2714 καὶ

2124 2749 2398 2825 χαιρούσῃ
2431 2752 2612 2824 ψυχῇ,
2671 2749 2761 2804 καὶ
2815 2750 3088 2824 προθύμῳ
3135 2751 3226 2805 καὶ
3260 2748 3619 2825 ἀγαλλομένη
3650 2769 3779 2824 καρ-

2123 2836 2211 2909 δίᾳ
2254 2836 2692 2914 προκινδυνεύειν
2754 2839 3019 2914 αἱρῶνται
3073 2844 3183 2895 τῶν
3278 2837 3548 2915 βασιλέων
3610 2841 3776 2912 ἡμῶν

2120 2932 2229 2984 τῶν
2264 2929 2458 3004 ἁγίων,
2486 2929 2575 2984 καὶ
2606 2928 2808 2991 παντὸς
2865 2934 2962 2984 τοῦ
3020 2933 3404 3005 Χριστιανικοῦ
3461 2926 3776 3004 πληρώμα-

2119 3039 2237 3079 τος.
2271 3019 2350 3074 Τὸ
2382 3016 2440 3072 δὲ
2479 3023 2724 3094 κρεῖττον
2756 3017 2975 3074 πάντων
3024 3019 3114 3073 καὶ
3171 3019 3611 3095 ἀναγκαιότερον,
3641 3018 3775 3092 ὅπερ

2121 3108 2184 3162 τὸ
2237 3107 2523 3182 πρόθυμον
2583 3109 2760 3164 αὐτῶν
2846 3106 3118 3183 διεγείρει,
3208 3107 3301 3163 vui
3368 3109 3468 3176 τὴν
3528 3105 3774 3182 ἀνδρείαν

2122 3196 2288 3268 αὔξει,
2318 3197 2408 3252 καὶ
2437 3203 2546 3253 τῶν
2608 3197 2939 3271 ἀτολμήτων
2997 3197 3224 3273 ἐρεθίζει
3275 3195 3651 3270 κατατολμᾷν,
3710 3196 3775 3252 τὸ

2121 3285 2334 3342 τελείαν
2369 3284 2515 3363 ἔχειν
2549 3286 2856 3362 ἐλευθερίαν
2886 3288 2983 3351 τὰς
3043 3289 3246 3342 ἑαυτῶν
3295 3286 3474 3352 οἰκίας
3527 3287 3616 3342 καὶ
3663 3291 3773 3342 τῶν

2129 3377 2578 3451 ὑπηρετουμένων
2640 3377 2825 3440 αὐτοῖς
2905 3381 3274 3454 στρατιωτῶν,
3329 3376 3421 3432 καὶ
3465 3375 3594 3439 τοὺς
3648 3376 3775 3453 περὶ

2119 3466 2316 3529 αὐτοὺς
2346 3467 2605 3529 ἅπαντας.
2638 3466 2808 3522 Τοῦτο
2834 3469 2939 3542 γὰρ
2970 3466 3213 3541 ἀρχῆθεν
3245 3465 3338 3521 xui
3395 3465 3503 3521 ἀπὸ
3533 3465 3774 3522 παλαιοῦ

2117 3555 2195 3618 εἷς
2254 3553 2449 3618 αὐτοὺς
2506 3553 2597 3610 καὶ
2658 3560 3005 3630 συνετηρεῖτο
3060 3556 3149 3610 καὶ
3214 3552 3617 3632 διεφυλάττετο*
3677 3553 3770 3610 xui

2117 3656 2366 3731 εὑρήσεις
2420 3659 2582 3711 τοῦτο
2667 3655 3173 3728 νενομοθετημένον
3231 3655 3381 3730 παρά
3431 3658 3538 3710 τῶν
3598 3652 3770 3709 πάλαι

2117 3746 2288 3819 ἁγίων
2320 3742 2411 3799 καὶ
2447 3742 2726 3819 μακαρίων
2764 3742 3059 3817 βασιλέων,
3091 3743 3181 3798 καὶ
3240 3742 3292 3798 ἐν
3343 3748 3461 3806 τοῖς
3486 3747 3773 3800 τακτικοῖς

2119 3827 2366 3908 βιϐλίοις
2397 3832 2573 3887 αὐτῶν
2605 3831 3070 3908 ἐγγεγραμμένον.
3105 3832 3250 3906 Πρὸς
3309 3830 3368 3886 δέ
3419 3852 3480 3908 γε
3507 3835 3577 3906 τῇ
3607 3830 3774 3888 ἐλευ-

2116 3922 2270 3997 θερίᾳ
2298 3923 2410 3998 χρὴ
2445 3921 2643 3985 αὐτοὺς
2686 3921 2777 3976 καὶ
2807 3928 2908 3991 τῆς
2968 3919 3196 3990 δεούσης
3254 3921 3550 3979 ἀπολαύειν
3578 3923 3774 3996 τιμῆς,

2114 4008 2206 4063 xui
2241 4010 2318 4081 μὴ
2352 4013 2802 4086 καταφρονεῖσθαι
2861 4008 2951 4063 xui
3012 4009 3339 4083 ἀτιμοῦσθαι
3367 4013 3433 4067 ⁷³.
3495 4010 3773 4086 Αίσχύνο·

2120 4118 2215 4170 μαι
2243 4097 2347 4173 γὰρ
2408 4097 2602 4170 εἰπεῖν,
2660 4099 2750 4153 καὶ
2809 4099 3106 4154 τύπτεσθαι
3163 4098 3292 4162 τοὺς
3341 4100 3626 4162 τοιούτους
3677 4100 3776 4154 ἃν-

2119 4184 2267 4262 δρας,
2297 4186 2427 4250 τοὺς
2487 4189 2563 4261 μὴ
2622 4193 3008 4265 προτιμῶντας
3063 4196 3165 4259 τῆς
3226 4186 3368 4252 ἰδίας
3427 4195 3574 4260 ζωῆς
3637 4191 3772 4266 ὑπὲρ

2119 4277 2409 4353 θέραπείας
2453 4281 2561 4332 τῶν
2622 4277 2789 4355 ἁγίων
2849 4277 3144 4355 βασιλέων.
3205 4282 3288 4353 [Ρ.
3344 4282 3468 4353 155]
3525 4278 3616 4335 xui
3669 4286 3773 4350 τῆς

2113 4370 2222 4422 τῶν
2286 4367 2624 4441 Χριστιανῶν
2711 4366 3023 4442 ἐλευθερίας
3099 4367 3190 4423 καὶ
3235 4365 3625 4439 ἐκδικήσεως·
3683 4367 3776 4424 καὶ

2114 4460 2283 4511 ταῦτα
2312 4457 2463 4530 παρὰ
2492 4454 2816 4532 φορολόγων
2877 4455 3295 4532 ἂνθρωπαρίων,
3353 4457 3441 4512 καὶ
3504 4456 3778 4531 μηδεμίαν

2114 4549 2196 4616 τῷ
2251 4549 2420 4617 κοινῷ
2476 4545 2884 4617 προξενούντων
2946 4544 3237 4622 ὠφέλειαν,
3295 4544 3427 4601 ἀλλ’
3507 4545 3546 4617 ἤ
3608 4547 3774 4622 μόνον

2118 4633 2482 4704 ἐκπιεζόντων
2511 4635 2604 4690 xui
2657 4629 3020 4708 ἐκτριϐόντων
3078 4633 3208 4699 τοὺς
3262 4635 3520 4707 πένητας,
3576 4636 3666 4692 καὶ
3722 4635 3776 4708 ἐξ

356 4723 454 4772 tur
481 4719 748 4774 vindices
778 4724 856 4787 et,
888 4724 1023 4790 post
1050 4721 1258 4787 Deum,
1283 4726 1612 4776 servatores
1632 4702 2006 4778 Christiano-

2120 4702 2332 4786 ἀδικίας
2362 4723 2452 4778 xui
2512 4702 3022 4796 πολλῶν-αἱμάτων
3054 4725 3303 4794 πενήτων
3341 4702 3556 4790 ἑαυτοῖς
3589 4702 3780 4782 πολλά

352 4823 622 4878 rum,pro
653 4807 1311 4880 sacrisimperatoribus
1332 4826 1514 4882 prope
1531 4810 1724 4867 dicam
1742 4813 2006 4884 quotidie

355 4896 826 4953 occumbentes:
888 4897 1018 4969 ipsa
1073 4897 1202 4970 lege
1253 4899 1525 4970 jubente,
1580 4907 1646 4956 ut
1691 4903 2008 4974 praefectus

354 4985 417 5042 in
449 5002 586 5042 suas
618 4987 870 5058 quisque
916 4987 1118 5058 copias
1177 4987 1497 5060 imperium
1555 4990 1790 5062 habeat,
1879 5009 2008 5047 eas-

358 5094 471 5149 que
521 5076 773 5150 judicet.
839 5078 909 5133 Et
990 5077 1230 5134 cuinam
1315 5081 1538 5136 milites
1615 5081 2008 5153 provinciales

350 5167 577 5239 proprii
637 5171 794 5235 sunt,
875 5167 992 5222 nisi
1077 5167 1212 5223 duci
1296 5169 1447 5239 soli,
1535 5187 1715 5241 quem
1773 5171 2009 5227 divinus

357 5257 638 5329 princeps
697 5273 765 5312 ea
819 5257 881 5312 in
961 5257 1265 5329 provincia
1319 5259 1694 5315 constituit?
1751 5261 2008 5324 Quamo-

359 5344 531 5402 brem
560 5346 740 5401 etiam
762 5345 835 5401 ab
867 5347 1300 5418 antiquissimis
1343 5349 1628 5403 Romanis
1686 5350 2008 5405 auctoritas

358 5434 493 5491 duci
524 5436 588 5491 in
615 5452 724 5491 sua
752 5436 1052 5507 provincia
1081 5438 1210 5510 lege
1274 5443 1400 5492 erat
1429 5437 1584 5505 data,
1618 5443 1684 5492 ut
1712 5439 2008 5494 actionem

350 5524 734 5583 intendentes
745 5525 807 5582 in
821 5528 1015 5584 causis
1029 5526 1392 5585 militaribus
1396 5526 2010 5600 judicaret,natasque

2123 4809 2363 4868 τάλαντα
2390 4814 2628 4888 χρυσίου
2658 4810 3115 4888 ἐπισυναγόντων.
3146 4817 3236 4868 Δεῖ
3287 4811 3346 4868 δὲ
3401 4813 3602 4877 αὐτοὺς
3634 4812 3778 4888 μηδὲ

2119 4901 2270 4975 παρὰ
2322 4905 2431 4957 τῶν
2494 4905 2803 4974 θεματικῶν
2864 4905 3065 4976 κριτῶν
3153 4903 3500 4976 ἀτιμοῦσθαι,
3555 4903 3644 4959 xui
3701 4904 3778 4966 ὡς

2118 4988 2436 5066 ἀνδράποδα
2487 4991 2878 5067 κατασύρεσθαι
2937 4991 3029 5047 xui
3084 4990 3453 5065 μαστίζεσθαι,
3489 4990 3663 5067 δεσμά
3717 5014 3777 5049 τε

2119 5079 2210 5134 xui
2242 5079 2410 5136 κλοιά
2436 5076 2503 5153 (ὤ
2531 5086 2632 5149 τῆς
2682 5086 2968 5158 συμφορᾶς
3002 5082 3039 5154 ί)
3071 5080 3434 5157 περιτίθεσθαι
3491 5082 3619 5146 τοὺς
3675 5081 3774 5138 ἐκ-

2119 5167 2304 5231 δίκους
2375 5168 2490 5240 xui,
2550 5170 2686 5242 μετὰ
2745 5170 2896 5240 Θεὸν,
2955 5190 3205 5245 σωτηρας
3263 5172 3623 5246 Χριστιανῶν,
3681 5172 3773 5228 xui

2119 5258 2254 5332 ὑπὲρ
2283 5261 2391 5313 τῶν
2440 5255 2605 5334 ἁγίων
2640 5256 2908 5333 βασιλέων
2967 5257 3088 5321 καθ’
3143 5258 3391 5330 ἐκάστην,
3445 5259 3519 5322 ὡς
3576 5259 3772 5334 εἰπεῖν,

2120 5349 2588 5419 ἀποθνήσκοντας·
2647 5346 2814 5403 αὐτοῦ
2888 5351 2986 5403 τοῦ
3042 5347 3216 5422 νόμου
3273 5349 3771 5425 παρακελεύοντος,

2118 5441 2386 5496 Ἕκαστον
2437 5437 2678 5513 ἄρχοντα
2723 5441 2820 5492 τοῦ
2881 5434 3023 5492 ἰδίου
3071 5434 3212 5493 λαοῦ
3274 5437 3623 5510 ἐξουσιάζειν,
3677 5442 3770 5496 καὶ

2116 5527 2346 5591 τούτους
2373 5527 2599 5605 κρίνειν.
2633 5527 2733 5582 Καὶ
2787 5525 2938 5590 τίνος
2996 5526 3186 5602 ἐτέρου
3241 5529 3345 5606 ἆρα
3401 5527 3532 5594 λαὸς
3566 5528 3772 5596 οἰκεῖος

1564 5669 1627 5728 α.
1669 5672 1732 5728 Β.
1774 5672 1964 5729 HASII
2000 5672 2563 5734 ANNOTATIONES.

429 5787 479 5826 ’⁷³
502 5785 592 5845 καὶ
624 5786 693 5849 εί.
727 5791 822 5848 Sic
854 5790 1026 5850 codd.
1049 5791 1096 5832 ⁷³
1123 5791 1473 5865 ἀτιμοῦσθαι.
1504 5790 1600 5849 Sic
1627 5809 1734 5865 pro
1765 5792 2011 5866 ἀτιμᾶσθι

2120 5797 2183 5850 ut
2209 5792 2388 5867 paulo
2423 5795 2562 5866 post
2592 5793 2715 5852 155.
2743 5793 2811 5851 Α.
2842 5793 2950 5854 lin.
2991 5796 3044 5851 9.
