4096 6432
429 484 550 548 989

433 615 462 670 6
491 618 590 670 ¹τοῦ
617 615 881 688 θὲματος,
912 615 963 673 εἲ
987 618 1064 690 μή
1102 617 1268 691 μόνον
1322 623 1421 676 τοῦ
1475 625 1800 698 στρατηγοῦ,
1835 620 1894 677 δν
1925 623 1952 676 ὁ
1989 621 2084 696 βα·
2123 621 2179 689 Α

434 701 622 766 σιλεῦς
654 707 682 760 ὁ
715 704 869 781 ἃγιος
900 705 958 762 ἐν
989 707 1138 778 αὐτῷ
1183 709 1594 786 προχειρίζεται
1625 735 1640 780 ς
1673 711 1770 766 Διά
1797 715 1959 765 τοῦτο
1989 708 2092 784 γὰρ

431 792 522 848 καί
554 794 660 848 ἀπὸ
713 795 814 849 τῶν
848 795 1230 871 ἀρχαιοτάτων
1292 798 1580 872 Ῥωμαίων
1635 798 1726 854 καὶ
1783 804 1880 854 τοῦ
1918 798 2092 872 νόμου

431 884 531 952 τὴν
565 887 664 937 τοῦ
699 881 846 938 ΐδίου
870 887 1106 958 θὲματος
1137 885 1376 958 ἐξουσίαν
1402 889 1430 942 6
1481 889 1785 964 στρατηγὸς
1813 887 2091 958 ἐκέκτητο,

439 973 636 1049 κρίνων
696 972 827 1038 τοὺς
885 973 1249 1050 ἐγκαλοῦντας
1335 977 1424 1032 ἐπὶ
1491 984 1902 1054 στρατιωτικοῖς
1953 976 2091 1052 πρά-

438 1063 745 1137 γμασι,καῖ
803 1061 1031 1119 διοικῶν
1089 1067 1157 1119 τὰ
1215 1063 1270 1120 ἐν
1327 1070 1408 1140 τῷ
1464 1069 1657 1140 θέματι
1699 1067 2091 1138 ἀνακύπτοντα,

436 1147 578 1225 ἔχων
613 1152 866 1229 συνεργὶν
899 1154 991 1209 τὸν
1025 1157 1220 1229 κριτήν
1251 1157 1340 1212 καὶ
1391 1158 1520 1232 παρ’
1576 1157 1742 1213 αὑτοῦ
1798 1156 2092 1233 συνεργού-

441 1258 624 1312 μενοςο
659 1244 930 1318 συνεργῶν
963 1238 1021 1296 δε
1061 1244 1149 1298 καὶ
1209 1248 1289 1316 τῷ
1342 1244 1769 1320 πρωτονοταρίῳ
1811 1247 1902 1300 καί
1966 1249 2089 1306 τοῖς

431 1324 633 1383 ἅλλοις
665 1334 786 1394 τοῖς
810 1329 910 1393 τὰς
937 1334 1035 1386 τοῦ
1067 1328 1341 1406 δημοσίου
1399 1330 1648 1397 δουλείας
1682 1329 2090 1412 ἐγκεχειρισμέ-

429 1439 570 1482 νοις.
625 1420 765 1493 Εἶχε
815 1417 872 1475 δὶ
930 1420 1022 1476 καὶ
1077 1422 1106 1476 6
1162 1422 1526 1499 τουρμάρχης
1576 1430 1676 1495 τῆς
1731 1422 1871 1488 ἰδίας
1925 1425 2090 1479 αὐτοῦ

429 1513 698 1585 τουρμιᾶς
729 1511 877 1584 παρὰ
905 1515 1004 1566 τοῦ
1033 1511 1207 1585 νόμου
1264 1513 1354 1568 καὶ
1407 1520 1508 1584 τῆς
1570 1513 1862 1590 βασιλικῆς
1917 1534 2090 1590 προσ-

427 1597 630 1670 τάξεως
685 1596 767 1653 ἐπ’
829 1597 1072 1670 ἐξουσίας
1152 1602 1247 1664 τὰς
1305 1601 1532 1678 κρίσεις,
1589 1604 1726 1658 κατά
1777 1601 1905 1665 τοὺς
1973 1603 2090 1658 ἐπι-

428 1688 804 1762 κρατήσαντας
861 1687 1066 1752 τύπους
1119 1691 1211 1745 καὶ
1278 1691 1346 1746 τὰ
1390 1691 1596 1748 τούτων
1671 1693 1966 1767 προνόμια.
2028 1692 2088 1748 Εἰ

435 1776 530 1848 μὲν
564 1776 656 1831 οὗν
713 1777 815 1846 τὴν
872 1777 1044 1834 πάλαι
1102 1781 1426 1835 κατάστασιν
1496 1782 1524 1836 6
1563 1786 1670 1836 τῶν
1730 1781 1898 1858 ἁγίων
1933 1783 2087 1857 βασι-

430 1865 574 1921 λέων
608 1861 754 1941 λάϐῃ
788 1868 1041 1944 στρατὸς,
1073 1870 1164 1924 καὶ
1221 1871 1288 1926 τά
1352 1870 1626 1927 λυποῦντα
1653 1872 1744 1927 καὶ
1795 1871 1871 1935 εἷς
1904 1873 2091 1926 πενίαν

431 1955 632 2018 αὐτοὺς
692 1956 890 2034 ἂγοντα
967 1955 1159 2036 πόρῥω
1216 1961 1474 2034 γένωνται
1532 1961 1775 2034 τούτων,
1842 1960 2088 2037 μεγάλην

1715 484 2139 553 VELITATIO
2181 481 2500 545 BELLlCA
2513 523 2532 542 .

3732 475 3855 538 990

2209 616 2270 673 in
2300 613 2750 689 provincialites
2775 612 3238 677 administraret,
3264 609 3444 665 simul
3473 609 3774 665 assidente
3798 613 3857 664 et

2208 707 2521 778 adjuvante
2560 704 2808 777 judice:
2866 707 3047 773 utque
3089 702 3214 773 ipse
3256 705 3314 756 et
3361 700 3768 771 protonotario
3797 703 3856 752 et

2205 796 2474 866 reliquis,
2501 795 2602 866 qui
2634 793 3011 865 magistratus
3038 790 3239 846 civiles
3261 788 3570 854 haberent,
3606 803 3849 858 operam

2203 885 2666 940 tribueret.ltem
2701 880 3041 937 turmarcha
3072 879 3133 933 in
3165 878 3360 934 causis
3392 895 3512 932 suaa
3545 882 3754 932 turmae
3779 892 3850 931 ex

2199 973 2327 1046 lege
2360 973 2672 1043 edictoque
2704 969 3020 1043 principali
3040 967 3335 1040 judicium
3387 965 3718 1035 exercebat,
3754 980 3848 1020 se-

2199 1071 2462 1126 cundum
2481 1068 2772 1125 formulas
2801 1074 2940 1122 tunc
2959 1065 3414 1135 usitatas,atque
3433 1062 3849 1136 praerogativas

2197 1159 2462 1216 illorum.
2495 1159 2660 1225 Quod
2691 1159 2738 1213 si
2770 1157 3078 1229 reponitur
3107 1155 3168 1209 in
3216 1154 3530 1225 pristinam
3556 1151 3852 1208 conditio-

2197 1267 2337 1306 nem
2368 1249 2703 1305 divinorum
2747 1246 3086 1320 principum
3146 1243 3457 1311 exercitus,
3491 1258 3743 1313 quaeque
3783 1241 3847 1296 in

2194 1340 2422 1396 luctum
2455 1343 2896 1412 egestatemque
2919 1333 3245 1390 detrudunt
3274 1331 3512 1399 milites,
3545 1330 3754 1402 procul
3775 1329 3848 1385 ab

2196 1430 2318 1485 illis
2348 1433 2732 1485 removentur
2760 1445 2773 1495 ;
2803 1427 3014 1481 miram
3048 1425 3286 1496 capient
3306 1422 3695 1489 alacritatem,
3748 1421 3843 1476 hi-

2195 1519 2518 1586 laritatem,
2579 1515 2886 1572 laetitiam:
2947 1514 3314 1569 strenuiores
3371 1517 3428 1565 et
3498 1509 3846 1566 audaciores

2195 1613 2406 1664 erunt:
2440 1605 2933 1678 inexpugnabiles
2964 1609 3022 1660 et
3050 1602 3253 1658 invicti
3275 1601 3627 1657 adversariis
3660 1599 3846 1655 exsis-

2198 1700 2344 1750 tent.
2381 1694 2604 1760 Quibus
2638 1694 2787 1749 241
2816 1691 2897 1746 ita
2921 1690 3280 1756 constitutis,
3304 1687 3493 1743 sancti
3525 1687 3851 1758 imperato-

2193 1801 2289 1839 res
2320 1783 2510 1839 nostri
2540 1798 2661 1836 non
2714 1780 2891 1836 modo
2947 1795 3084 1834 suas
3141 1777 3475 1849 provincias
3501 1775 3846 1844 tuebuntur,

2196 1890 2402 1929 verum
2434 1873 2611 1928 etiam
2644 1870 2792 1926 alias
2823 1868 3134 1941 plurimas,
3167 1883 3298 1938 qua:
3320 1865 3591 1921 hostibus
3618 1863 3847 1920 obtem-

2195 1967 2429 2035 perant,
2453 1960 2564 2016 sibi
2598 1958 2940 2031 subjicient.

429 2043 706 2119 λήψονται
734 2047 1062 2121 προθυμίαν,
1089 2050 1180 2104 καὶ
1214 2051 1408 2125 χαράν,
1439 2050 1527 2106 καὶ
1547 2049 1891 2125 ἀγαλλίασινο
1926 2051 2016 2106 καὶ
2038 2049 2402 2124 γενναιότεροι
2432 2047 2522 2104 καὶ
2554 2046 2962 2120 εὑτολμώτεροι
3003 2043 3241 2114 ἔσονται,
3289 2039 3726 2116 ἀκαταγώνιστοί
3784 2059 3844 2095 τε

418 2136 506 2190 καὶ
544 2136 1108 2212 ἀκαταμάχητοιτοῖς
1139 2138 1431 2212 πολεμίοις
1466 2139 1822 2217 ὄφθήσονται.
1856 2139 1953 2196 Καὶ
1982 2139 2190 2196 τούτων
2216 2137 2390 2203 οὕτως
2419 2138 2750 2214 γινομένων,
2801 2135 2866 2190 οὐ
2902 2135 3067 2208 μόνον
3099 2136 3196 2197 τὰς
3231 2129 3373 2194 ἰδίας
3408 2131 3460 2186 οἱ
3493 2131 3638 2208 ἅγιοι
3670 2130 3842 2202 ἡμῶν

421 2224 672 2300 βασιλεῖς
703 2225 1053 2298 ἐκδικήσουσι
1084 2228 1296 2305 χώρας,
1331 2228 1477 2286 ἀλλὰ
1509 2231 1600 2286 καὶ
1628 2228 1814 2306 ἑτέρας
1846 2231 2108 2293 πλείστας
2139 2233 2246 2284 τῶν
2280 2225 2566 2301 πολεμίων
2601 2225 3084 2298 καθυποτάξουσιν.

413 2342 587 2436 KEg).
614 2341 892 2436 lix-lle?)
944 2347 1081 2433 τῶνα
1114 2343 1549 2436 ἐγχρρνιζόντων
1598 2345 1887 2436 πολεμίων
1933 2345 2081 2436 ’κατᾶ

2193 2350 2329 2406 CAP.
2361 2349 2481 2403 XX.
2510 2349 2583 2404 De
2612 2348 2962 2430 adversariis,
2996 2347 3044 2401 si
3065 2345 3273 2400 diutius
3305 2344 3364 2428 in
3400 2344 3624 2436 regione
3653 2345 3846 2436 nostra

485 2412 1038 2508 μῶγζ
1059 2412 1513 2508 ῖναῗὴμέτερος
1546 2412 1774 2495 στρατὸς
1819 2420 1958 2475 κατᾶ
1985 2425 2085 2489 τῆς

493 2486 680 2560 χώρας
706 2486 884 2541 αὐτῶν
901 2486 904 2487 ⁷
919 2486 1147 2562 ἐπᾶλθῃ.

495 2648 619 2703 Τῶν
647 2645 935 2721 πολεμίων
999 2649 1136 2722 μετὰ
1194 2649 1437 2724 μεγάλης
1495 2649 1584 2705 καὶ
1641 2650 1856 2726 βαρείας
1916 2647 2081 2706 δυνά-

439 2754 580 2808 μεως
615 2737 708 2798 τάς
747 2736 940 2811 χώρας
977 2739 1143 2810 ἡμῶν
1199 2737 1650 2813 περιπολούντων
1700 2741 1750 2776 ’⁷⁸
1806 2743 1937 2813 (21),
1997 2739 2083 2794 ἐκ.

435 2817 726 2897 τριϐόντων
756 2845 817 2880 τε
849 2827 932 2898 [Ρ.
971 2829 1093 2899 156]
1124 2827 1214 2881 καὶ
1258 2827 1650 2904 ἀφανιζόντων,
1700 2829 1789 2882 καὶ
1847 2827 2082 2903 πολιορ-

423 2914 545 2974 κίας
587 2912 832 2988 κάστρων
865 2912 1336 2990 διαμελετώντων·
1399 2917 1826 2995 φυλατταμένων
1878 2915 1954 2984 δὲ,
1984 2922 2083 2972 τοῦ

428 3003 505 3075 μὴ
589 3004 741 3080 παρά
795 3008 904 3059 τῶν
992 3009 1316 3078 Ῥωμαϊκῶν
1376 3005 1793 3080 στρατευμάτων
1840 3004 2080 3083 ἐνεδρευ-

427 3093 614 3162 θῆναι,
644 3091 790 3148 ἀλλὰ
846 3092 1060 3167 μᾶλλον
1115 3093 1316 3158 αὐτοὺς
1371 3093 1675 3170 ἐνεδρεῦσαι
1738 3095 2080 3170 μηχανωμέ-

421 3200 552 3236 νων
598 3181 645 3238 εἴ
703 3185 780 3256 μὴ
841 3183 1126 3259 ἀξιόλογος
1185 3185 1469 3259 Ῥωμαϊκή
1513 3183 1743 3257 δύναμις
1801 3185 1878 3248 εἰς
1933 3187 2076 3241 ἀντι-

417 3272 718 3347 παράταξιν
806 3274 1012 3329 τούτων
1093 3273 1228 3346 ἐστὶ,
1314 3273 1583 3349 δυναμένη
1666 3275 1894 3339 τούτους
1949 3297 2079 3331 κατ-

421 3362 813 3438 αγωνίσασθαι’
845 3369 1006 3420 τοῦτο
1068 3363 1152 3420 δεῖ
1211 3387 1289 3436 σε,
1340 3367 1386 3421 ὦ
1443 3369 1726 3443 στρατηγέ,
1780 3365 2076 3442 διαπράξα-

427 3465 575 3521 σθαι,
602 3452 737 3529 ὅπερ
766 3453 858 3509 καὶ
918 3454 970 3509 ἐν
1029 3459 1146 3517 τοῖς
1199 3453 1308 3509 ἂνω
1353 3454 1583 3530 χρόνοις
1631 3453 1841 3532 γὲγονε,
1899 3457 2077 3519 καθὼς

426 3545 464 3613 ἡ
498 3544 813 3598 συντεθεῖσα
842 3545 1178 3617 στρατηγική
1236 3540 1432 3619 βίϐλος
1489 3547 1634 3620 παρά
1683 3549 1781 3601 τοῦ
1819 3543 2078 3619 ἀοιδίμου

422 3632 512 3686 καὶ
545 3633 867 3711 σοφωτάτου
911 3632 1180 3708 βασιλέως
1231 3633 1462 3695 Λέοντος
1520 3629 1880 3706 διαλαμϐάνει
1911 3637 1975 3703 ⁷⁸,
2007 3636 2077 3704 ᾟ

426 3720 514 3774 καὶ
552 3721 602 3774 οἱ
632 3720 952 3797 ἐντυχόντες
982 3727 1168 3800 σαφῶς
1190 3721 1258 3778 τὰ
1308 3723 1433 3797 περὶ
1488 3728 1600 3779 τῶν
1643 3721 2074 3800 λεχθησομένων

427 3806 758 3869 ἐπίστανται.
789 3811 860 3865 Τὸ
884 3811 988 3886 γὰρ
1016 3811 1136 3866 κατ’
1191 3811 1366 3867 ἐκεῖνο
1423 3816 1616 3885 καιροῦ
1676 3814 1704 3867 6
1755 3817 1861 3868 τῶν
1923 3811 2077 3868 Κιλί-

421 3919 531 3953 κων
589 3900 732 3963 ἅπας
788 3897 920 3963 λαὸς
980 3901 1116 3974 μετᾶ
1181 3901 1398 3977 βαρείας
1458 3900 1741 3977 δυνάμεως
1790 3902 1927 3959 κατᾶ
1981 3906 2078 3958 τοῦ

421 3987 660 4062 θεματος
682 3994 793 4046 τῶν
840 3991 1208 4048 Ἀνατολικῶν
1263 3989 1520 4062 ἐξελθὼν,
1570 3993 1660 4047 καὶ
1707 3992 1770 4048 τὸ
1847 3994 2076 4067 κάστρον

423 4079 689 4143 Μισθείας
747 4082 862 4154 (22)
920 4077 1174 4159 σφοδρῶς
1236 4081 1573 4157 πολιορκῶν,
1630 4086 1709 4155 τῷ
1780 4086 2080 4153 τηνικαῦτα

426 4168 670 4245 ἆρχηγῷ
698 4174 797 4225 τοῦ
828 4175 1061 4247 στρατοῦ
1093 4172 1122 4226 6
1181 4169 1487 4243 βασιλεύων
1521 4172 1881 4248 προστεταχε,
1945 4174 2080 4246 μετᾶ

425 4261 536 4312 τῶν
571 4259 822 4332 θεμάτων
868 4259 959 4315 καὶ
1017 4262 1308 4335 ταγμάτων
1369 4262 1504 4316 κατὰ
1558 4268 1658 4332 τῆς
1688 4266 1796 4318 τῶν
1831 4262 2076 4318 Κιλίκων

419 4348 614 4424 χώρας
649 4347 1083 4426 ἐπιστρατεῦσαι*
1120 4347 1216 4405 δύο
1245 4349 1301 4406 δὲ
1331 4355 1440 4406 τῶν
1501 4355 1840 4427 στρατηγῶν,
1885 4348 1982 4408 τοῦ
2019 4373 2078 4408 τε

437 4434 785 4492 Ανατολικοῦ
841 4439 930 4493 καὶ
993 4441 1091 4493 τοῦ
1171 4437 1446 4512 Ὀψικίου,
1509 4437 1922 4511 ὑπολείπεσθαι,
1978 4445 2076 4496 τοῦ

419 4525 562 4600 πρὸς
592 4522 892 4598 ἐκδίκησιν,
919 4529 995 4590 ὡς
1029 4525 1145 4582 οἷόν
1177 4548 1257 4599 τε,
1304 4531 1402 4584 τοῦ
1450 4549 1509 4584 τε
1538 4528 1773 4604 κάστρου
1830 4530 1920 4585 καὶ
1975 4533 2077 4596 τῆς

418 4613 636 4686 λοιπῆς
674 4616 864 4690 χώρας
921 4621 1040 4680 τοῖς
1110 4615 1407 4691 πολεμίοις
1463 4618 1956 4683 ἀντικαθίστασθαι.
2016 4620 2078 4677 Ὀ

433 4706 618 4779 μέντοι
658 4707 770 4762 τῶν
830 4708 1248 4782 στρατευμάτων
1310 4705 1638 4783 δημαγωγὸς
1699 4707 1784 4782 (ἦν
1837 4708 1894 4763 δὲ
1955 4709 2080 4765 τότε

423 4795 748 4873 Νικηφόρος
780 4796 810 4851 6
837 4793 1070 4868 ἐπίκλην
1105 4801 1348 4871 Φωκᾶς),
1381 4794 1471 4852 διὰ
1498 4805 1600 4868 τῆς
1640 4795 1771 4854 ὁδοῦ
1824 4805 1926 4869 τῆς
1981 4804 2079 4856 τοῦ

421 4887 744 4961 Μαυριανοῦ
774 4885 1079 4961 λεγομένης
1108 4886 1247 4942 κατᾶ
1299 4893 1400 4957 τῆς
1454 4887 1642 4962 χώρας
1686 4884 1922 4960 Ἀδάνης
1977 4890 2078 4959 τὴν

420 4973 704 5032 ἆπὲλευσιν
735 4975 1134 5050 ποιησάμενος,
1167 4974 1318 5032 λείαν
1348 4975 1431 5032 ὅτι
1484 4976 1751 5048 πλείστην
1781 4976 2076 5049 ¹ἠλάσαντο.

2269 2427 2583 2488 morantur,
2641 2425 2704 2475 ut
2760 2419 3030 2475 exercitus
3087 2429 3272 2472 noster
3316 2417 3374 2469 in
3431 2414 3659 2469 illorum
3712 2415 3846 2482 ﬁnes

2269 2499 2535 2548 transeat.

2267 2645 2433 2712 Quod
2458 2647 2506 2701 si
2529 2647 2732 2701 hostes
2754 2659 2889 2701 cum
2912 2659 3126 2716 magno
3144 2641 3422 2716 gravique
3435 2639 3698 2696 exercitu
3710 2653 3852 2710 pro-

2193 2736 2420 2791 vincias
2442 2734 3273 2803 obeant,vexent,exinaniant
3291 2728 3850 2798 nostras,obsessio-

2193 2839 2300 2880 nes
2329 2825 2687 2897 oppidorum
2708 2823 2982 2880 facerein
3012 2823 3213 2878 animo
3243 2821 3523 2886 habeant,
3575 2821 3847 2874 caveant-

2193 2930 2308 2985 que
2338 2919 2646 2985 praeterea,
2673 2931 2750 2969 ne
2781 2913 2852 2968 ab
2887 2911 3149 2968 exercitu
3171 2913 3435 2965 Romano
3467 2907 3703 2962 insidiis
3743 2921 3845 2977 pe-

2190 3008 2412 3070 tantur,
2436 3002 2673 3074 ipsique
2694 3003 2893 3073 potius
2925 3000 2999 3056 ad
3036 2999 3342 3056 faciendas
3360 2997 3449 3052 illi
3469 2996 3724 3052 insidias
3746 2995 3844 3049 in-

2191 3093 2338 3148 tenti
2370 3092 2523 3147 sint:
2556 3092 2605 3146 si
2631 3107 2754 3146 non
2787 3090 3019 3146 idoneaa
3071 3089 3256 3161 copim
3312 3087 3388 3143 ad
3417 3091 3612 3142 castra
3632 3089 3844 3140 contra

2187 3181 2461 3238 facienda
2482 3185 2822 3252 suppetant,
2854 3195 2985 3250 quae
3034 3177 3259 3250 pellere
3281 3193 3382 3232 eos
3399 3175 3666 3249 possint:
3690 3171 3842 3228 illud

2189 3276 2245 3326 te
2277 3275 2570 3342 oportet,o
2597 3267 3174 3339 dux,exsequi,quod
3203 3265 3364 3321 idem
3391 3265 3696 3337 superiore
3717 3279 3841 3318 me-

2187 3361 2380 3415 moria
2398 3359 2621 3414 factum
2653 3363 2762 3425 est,
2793 3357 2948 3412 sicut
2969 3355 3124 3411 liber
3143 3355 3541 3425 demonstrat,
3574 3369 3752 3425 quem
3774 3351 3846 3406 de

2187 3449 2356 3504 ducis
2385 3449 2582 3504 ofﬁcio
2614 3446 3066 3515 Leo,celebrataa
3089 3445 3395 3500 memorias
3412 3443 3842 3515 sapientiaque

2187 3538 2768 3612 princeps,confecit.
2801 3539 2984 3604 Quem
3007 3537 3108 3608 qui
3123 3533 3687 3608 legerint,prasclare
3711 3549 3843 3603 quas

2189 3630 2403 3685 dicturi
2435 3645 2641 3684 sumus
2670 3627 3027 3700 intelligent.
3050 3625 3158 3680 Illo
3191 3625 3351 3680 enim
3383 3630 3671 3696 tempore,
3699 3637 3837 3676 cum

2116 3699 2160 3766 θ
2187 3725 2312 3776 tota
2340 3720 2589 3776 Cilicum
2617 3735 2762 3792 gens
2809 3718 3086 3774 maximis
3129 3716 3315 3788 copiis
3347 3713 3722 3770 eﬁ'erbuisset
3776 3711 3839 3766 in

2183 3811 2548 3884 provinciam
2561 3809 2922 3867 Orientalem
2933 3809 3386 3879 ,castellumque
3403 3805 3665 3860 Mistheaa
3680 3817 3840 3858 sum-

2184 3911 2346 3966 mavi
2361 3907 2811 3982 oppugnaret,ei
2824 3908 2926 3980 qui
2941 3913 3080 3964 tunc
3097 3906 3381 3963 exercitui
3398 3906 3653 3977 praeerat
3666 3916 3838 3957 man-

2183 3999 2343 4056 davit
2369 3999 2713 4071 imperator,
2742 4003 2810 4054 ut
2830 4015 2967 4054 cum
2996 3997 3300 4054 laterculis
3329 3994 3718 4065 numerisque
3768 3990 3833 4044 in

2181 4089 2431 4145 Cilicum
2461 4089 2613 4144 ﬁnes
2643 4104 2707 4144 se
2734 4088 3017 4144 inferret:
3048 4087 3197 4143 duos
3226 4091 3426 4143 autem
3455 4085 3657 4150 duces,
3678 4084 3834 4136 Ana-

2182 4178 2347 4233 tolici
2379 4183 2438 4232 et
2463 4176 2709 4249 Opsicii,
2741 4182 2877 4248 post
2906 4193 2967 4232 se
2997 4175 3389 4247 relinqueret,
3423 4173 3524 4244 qui
3582 4169 3656 4227 ad
3706 4186 3829 4224 ser-

2180 4267 2438 4323 vandum
2468 4284 2576 4338 pro
2605 4265 2886 4322 facultate
2907 4265 3220 4321 castellum
3244 4264 3658 4334 reliquamque
3678 4258 3831 4314 242

2180 4357 2486 4429 regionem
2543 4355 2814 4411 hostibus
2862 4355 3243 4411 obsisterent.
3303 4353 3390 4407 Ita
3435 4365 3705 4406 summus
3737 4363 3834 4402 co-

2181 4447 2414 4519 piarum
2445 4451 2787 4502 nostrarum
2842 4445 2961 4500 dux
3011 4445 3084 4513 (is
3116 4450 3242 4499 erat
3271 4448 3412 4499 tunc
3456 4441 3825 4512 Nicephorus

2183 4540 2576 4608 cognomento
2632 4535 2902 4604 Phocas),
2954 4550 3060 4605 per
3113 4533 3268 4589 viam
3325 4549 3456 4604 qua)
3538 4528 3827 4585 Mauriani

2180 4623 2400 4680 dicitur
2427 4623 2488 4678 in
2509 4639 2716 4696 agrum
2770 4623 3150 4678 Adanensem
3198 4621 3354 4677 facta
3409 4618 3828 4691 impressione,

2180 4712 2413 4786 praedas
2469 4713 2743 4786 ingentes
2796 4711 2973 4784 cepit.
3032 4711 3136 4767 Cui
3194 4711 3542 4767 Adanenses
3595 4709 3828 4765 obviam

2183 4803 2507 4875 egressi,ad
2535 4803 2651 4858 duo
2682 4803 2875 4858 millia
2902 4817 3186 4874 passuum
3209 4800 3282 4857 ab
3305 4799 3521 4872 oppido
3543 4800 3837 4855 instructa

2181 4893 2330 4960 acie,
2364 4892 2545 4948 simul
2573 4897 2753 4964 atque
2812 4895 3268 4959 concurrerunt,
3319 4896 3485 4963 terga
3539 4894 3836 4946 vertentes

2184 4980 2500 5038 Ismaelitaa
2523 4982 2711 5037 ell'usa
2755 4981 2892 5054 fuga
2931 4980 3166 5053 disjecti
3223 4984 3386 5036 recta
3422 4979 3499 5036 ad
3549 4977 3833 5051 oppidum

414 5063 606 5139 Τούτῳ
635 5064 776 5139 πρὸς
804 5065 1124 5136 συνάντησιν
1159 5063 1291 5129 λαὸς
1325 5066 1352 5121 ὁ
1409 5073 1510 5130 τῖς
1569 5065 1804 5137 ’Δδάνης
1861 5066 2076 5139 ἐξῆλθε,

2193 5070 2644 5127 contenderunt.
2676 5071 2939 5136 Quorum
2957 5071 3662 5142 quotquotRomanorum
3677 5082 3837 5121 exer-

412 5155 506 5211 καὶ
533 5155 610 5218 ὡς
639 5155 747 5211 ἀπὸ
779 5153 980 5230 μιλίων
1027 5151 1128 5210 δύο
1186 5161 1288 5225 τῆς
1345 5153 1564 5220 πόλεως
1623 5155 1798 5212 αὐτῶν
1855 5156 2068 5213 ἄντιτα-

2180 5160 2408 5216 cituum
2437 5159 2556 5215 dux
2584 5159 3000 5232 deprehendit,
3024 5159 3126 5231 qui
3164 5159 3322 5214 intra
3365 5161 3566 5229 portas
3598 5169 3660 5210 se
3691 5170 3833 5210 con-

1629 5311 1689 5369 C.
1730 5313 1794 5369 Β.
1837 5313 2028 5369 HASII
2064 5313 2620 5370 ANNOTATIONES.

478 5461 528 5501 ’⁷⁸
557 5459 1030 5539 περιπολούνεων.
1061 5461 1700 5539 Ἐοιξιηπυρπολούντων.
1733 5464 1780 5501 ’⁷⁵
1811 5457 2081 5539 διαλαμϐἀ

2193 5513 2196 5529 ,
2227 5465 2356 5523 Vid.
2391 5465 2604 5523 Leonis
2626 5464 2843 5523 Tactic.
2868 5465 3026 5522 inter
3047 5465 3193 5538 Opp.
3218 5463 3436 5522 Meurs.
3470 5461 3612 5519 edit.
3646 5460 3829 5530 Lami,

407 5538 494 5592 VI.
535 5535 662 5594 775.
696 5537 759 5593 F.
784 5540 844 5593 et
872 5535 1245 5594 Constantini
1276 5538 1437 5594 Tact.
1470 5537 1618 5594 ibid.
1645 5539 1807 5593 1395.
1838 5538 1901 5595 C.

473 5681 588 5755 (2i)
608 5678 848 5755 Conjeci
889 5676 1350 5755 mpnoloﬁwwv'
1384 5680 1541 5738 conf.
1577 5683 1699 5755 157.
1759 5685 1830 5737 D.
1875 5678 2065 5755 χρονί-

416 5749 524 5826 ζειν
553 5749 608 5826 ἐν
632 5749 802 5826 αὐτῇ,
833 5751 925 5807 καὶ
954 5749 1282 5826 πυρπολεῖν·
1317 5753 1461 5810 item
1495 5756 1616 5826 1‘59.
1650 5754 1712 5810 Ο.

2172 5696 2400 5750 versus,
2451 5679 2584 5748 sito,
2645 5679 2722 5736 Le
2742 5678 2931 5746 Quien
2974 5677 3213 5750 Orient.
3247 5678 3462 5737 Christ.
3494 5678 3539 5736 Ι.
3575 5679 3733 5738 1085.
3765 5680 3828 5737 C.

2174 5747 2463 5824 scribitur
2533 5747 2786 5821 Μισθιον,
2847 5747 3105 5824 Μισθεία,
3137 5769 3227 5824 ας,

3311 5757 3372 5808 et
3449 5750 3518 5806 τὰ
3577 5750 3828 5824 Μίσθεια,

488 5823 600 5897 (22)
629 5823 713 5881 De
740 5823 854 5882 hoc
883 5823 1126 5899 oppido,
1145 5842 1333 5901 prope
1365 5823 1658 5898 Iconium,
1691 5823 2063 5884 occidentem
2175 5823 2398 5898 plurali
2425 5827 2660 5882 neutro.
