4096 6444
330 421 448 484 991

1651 421 2074 485 NICEPHORI
2117 420 2403 484 PHOCIE

3636 424 3758 485 992

325 560 517 633 jicere
547 576 664 616 non
696 559 1050 632 potuissent,
1096 575 1302 615 eorum
1333 561 1550 632 partim
1603 561 1665 616 in
1715 561 1977 616 hostium

2095 555 2338 630 ξάμενοι,
2371 557 2484 629 ἅμα
2538 558 2618 626 τῷ
2667 559 2960 628 συμπεσεῖν
3007 553 3282 627 ἀλλήλοις
3313 557 3459 611 νῶτα
3509 552 3747 630 μεταϐαο

338 667 587 705 numero
619 649 1066 722 habuit,partim
1099 650 1161 704 in
1193 651 1536 706 servitutem
1559 650 1820 705 abduxit.
1846 651 1984 705 Cas-

339 741 444 794 tris
473 740 609 794 dein
666 745 909 811 propter
956 741 1241 811 oppidum
1301 742 1529 813 positis,
1591 742 1786 797 exciso
1822 741 1984 796 omni

334 829 643 884 vinearum
673 834 732 884 et
752 828 1032 884 arborum
1062 830 1224 895 fmtu,
1259 831 1519 886 nitorem
1541 831 1809 886 locorum
1831 831 1989 886 circa

335 917 618 990 Oppidum
650 919 1173 991 amoenitatemque
1221 919 1454 976 delevit.
1514 920 1808 976 Postridie
1859 920 1987 992 ejus

335 1007 453 1062 diei
485 1007 557 1062 ad
588 1024 752 1064 mare
780 1024 970 1080 usque
997 1009 1326 1082 pervadens
1357 1011 1673 1078 exercitus,
1727 1010 1989 1083 captivos

336 1112 515 1167 quam
546 1096 767 1152 multos
796 1102 1007 1153 nactus
1064 1116 1464 1171 pecorumque
1512 1099 1987 1166 multitudinem,

336 1187 568 1242 nullam
599 1193 830 1259 partem
861 1187 978 1244 diei
1008 1189 1222 1244 itinere
1243 1190 1690 1261 intermisso,ad
1720 1189 1988 1263 Cydnum

336 1275 750 1348 ﬂumen,quod
772 1279 987 1334 Hierax
1019 1278 1090 1334 ab
1117 1273 1336 1334 accolis
1365 1285 1624 1348 vocatur,
1650 1279 1806 1334 ultra
1835 1295 1986 1350 pon-

336 1369 477 1436 tem,
512 1383 619 1438 per
644 1383 820 1438 quem
855 1366 969 1422 iter
996 1367 1264 1425 Adanam
1294 1385 1496 1424 versus
1546 1373 1654 1438 est,
1689 1367 1983 1423 concedit.

335 1455 479 1511 Inde
511 1456 810 1528 profectus
846 1458 1132 1530 postridie
1164 1457 1237 1514 ad
1261 1475 1397 1514 suas
1430 1459 1580 1514 ﬁnes
1611 1458 1875 1529 recipere
1925 1473 1987 1513 se

334 1546 529 1618 carpit.
565 1547 774 1603 Hostes
813 1548 1124 1603 Mistheam
1184 1549 1697 1614 circumsidentes,
1730 1565 1863 1604 cum
1914 1547 1985 1604 de

333 1636 741 1693 Romanorum
770 1637 832 1692 in
856 1655 1024 1694 suam
1052 1639 1356 1711 regionem
1378 1639 1772 1712 impressione
1787 1639 1985 1695 audis-

335 1725 806 1796 sent,obsidione
823 1727 1017 1784 soluta
1044 1745 1376 1802 magnaque
1399 1729 1701 1784 celeritate
1720 1729 1986 1784 adhibita

337 1815 413 1871 ad
436 1832 608 1870 suum
639 1833 841 1890 agrum
874 1819 1162 1874 tuendum
1219 1823 1608 1875 reverterunt.
1665 1819 1776 1874 Sed
1817 1819 1980 1875 inani

335 1905 539 1960 labore
571 1913 844 1978 suscepto
876 1913 1128 1979 utraque
1160 1926 1262 1981 spe
1320 1910 1588 1965 frustrati
1644 1916 1801 1966 sunt.
1836 1913 1977 2002 Nam
2011 1935 2060 2002 Β

335 1995 453 2050 dux
473 1997 795 2052 exercitum
825 1999 1230 2055 Romanorum
1289 2017 1422 2055 cum
1455 2000 1684 2071 spoliis,
1741 2001 1981 2072 praedis,

333 2082 645 2155 mancipiis
675 2085 1008 2157 permultis,
1041 2103 1150 2158 per
1174 2087 1348 2155 viam,
1401 2105 1531 2160 qum
1564 2088 1797 2160 Carydii
1829 2089 1982 2145 243

333 2177 594 2240 vocatur,
619 2173 694 2230 ad
724 2176 1021 2232 Romanos
1055 2193 1116 2232 se
1145 2177 1297 2233 ﬁnes
1327 2177 1570 2250 recepit.
1606 2179 1828 2233 Praeter
1858 2179 1985 2234 haec

332 2259 781 2317 Anatolicorum
814 2279 1050 2334 quoque
1077 2263 1581 2336 Cappadociaeque
1603 2263 1786 2320 duces
1808 2282 1986 2337 supe-

332 2345 488 2402 riore
512 2348 820 2418 memoria,
853 2349 1095 2420 quando
1113 2352 1433 2408 Tarsenses
1454 2351 1516 2407 in
1539 2368 1745 2426 agrum
1767 2355 1984 2410 Roma-

333 2449 478 2488 num
537 2434 996 2506 impressionem
1043 2438 1330 2508 fecerant,
1360 2457 1466 2512 per
1509 2440 1689 2496 aliam
1735 2441 1892 2496 viam
1923 2442 1983 2496 in

329 2521 573 2577 illorum
603 2524 906 2596 regionem
938 2525 1212 2599 ingressi,
1235 2528 1411 2584 modo
1443 2546 1550 2601 per
1580 2547 1642 2586 se
1663 2530 1981 2601 ipsi,modo

333 2625 443 2679 per
473 2609 764 2680 quosdam
797 2628 1041 2669 suorum
1074 2631 1139 2669 eo
1174 2615 1512 2687 missos,pro
1542 2616 1822 2673 facultate
1846 2617 1982 2674 illos

329 2700 932 2756 vexaverunt.Eadem
963 2707 1312 2775 tempestate
1345 2705 1415 2774 is,
1447 2707 1541 2762 cui
1569 2707 1824 2779 Lycandi
1857 2715 1984 2765 erat

328 2789 888 2863 provinciarumque
911 2792 1515 2867 limitanearum,quaa
1546 2796 1627 2852 ibi
1661 2805 1982 2869 sunt,com-

330 2879 517 2934 missa
546 2895 709 2947 cura,
739 2882 1214 2955 quotiescunque
1236 2885 1394 2941 Alim
1421 2887 1786 2944 Chambdani
1820 2889 1979 2946 ﬁlius

326 2969 417 3026 vel
443 2971 504 3026 in
535 2972 832 3029 Romanos
865 2973 1014 3029 fines
1047 2975 1442 3047 irruptionem
1489 2978 1764 3048 faciebat,
1796 2981 1884 3036 vel
1917 2982 1979 3036 in

330 3075 437 3114 sua
474 3060 601 3131 ipse
632 3061 894 3133 regione,
929 3079 1107 3120 causa
1126 3067 1464 3122 necessaria
1484 3074 1752 3140 urgente,
1787 3075 1982 3126 castra

324 3149 1130 3222 mutabat,Chalybonensem
1159 3159 1218 3211 et
1237 3156 1662 3214 Antiochinum
1676 3158 1979 3232 ingressus

326 3253 558 3309 agrum,
587 3255 867 3310 magnum
890 3242 1157 3312 partibus
1188 3243 1309 3300 illis
1326 3244 1752 3303 detrimentum
1764 3250 1974 3304 aﬂ‘ere-

322 3325 462 3383 bat:
497 3327 558 3382 in
579 3333 1054 3402 potestatemque
1088 3333 1395 3406 redigebat
1424 3353 1593 3392 suam
1625 3337 1804 3394 Alimi
1835 3355 1975 3409 pro-

327 3416 608 3488 pinquos,
639 3420 850 3476 castris
893 3422 1205 3493 praefectos
1236 3440 1483 3498 magnos
1513 3443 1581 3482 ac
1621 3427 1975 3498 spectabiles

325 3506 956 3582 homines,e0rumque
986 3511 1231 3582 milites,
1259 3515 1415 3571 viros
1446 3515 1976 3584 fortes,etcastella

322 3613 575 3653 numero
604 3598 884 3670 plurima.
916 3601 1083 3666 Quod
1123 3602 1283 3659 idem
1343 3605 1403 3659 in
1462 3605 1762 3662 Ciliciensi
1795 3607 1976 3664 ﬁebat

319 3687 759 3760 tractu,quippe
773 3690 874 3761 qui
889 3691 1159 3762 Lycando
1174 3693 1251 3748 sit
1263 3693 1974 3769 ﬁnitimus.Quapropter,

323 3791 356 3830 o
388 3774 528 3843 dux,
557 3775 850 3846 siquando
900 3777 1199 3836 industria
1245 3781 1601 3855 insidiisque
1660 3786 1778 3841 tuis
1818 3786 1975 3842 male

321 3864 542 3921 habere
571 3882 694 3924 non
718 3873 889 3940 potes
921 3869 1147 3937 hostes,
1182 3873 1340 3944 quod
1389 3874 1503 3946 ipsi
1562 3892 1623 3932 se
1657 3876 1976 3948 diligenter

324 3954 741 4010 communiant
784 3973 852 4012 ac
906 3961 1187 4016 tueantur
1219 3977 1232 4016 :
1269 3978 1466 4034 neque
1507 3965 1695 4037 magis
1727 3965 1973 4023 idoneas

325 4041 512 4098 habes
543 4043 764 4116 copias,
787 4051 856 4101 ut
884 4053 1086 4118 aperto
1118 4051 1299 4106 Marte
1321 4051 1625 4110 decertare
1657 4056 1851 4128 possis
1877 4074 1889 4112 :
1915 4057 1974 4113 id

325 4131 482 4202 quod
516 4131 774 4189 diximus
797 4134 993 4192 facere
1026 4142 1081 4194 te
1113 4145 1378 4211 oportet:
1404 4147 1464 4198 et
1489 4143 1581 4199 vel
1614 4149 1668 4200 te
1690 4145 1887 4217 ipsum
1911 4147 1973 4203 in

321 4220 797 4280 adversariorum
819 4225 1042 4283 limites
1064 4227 1307 4301 inferre,
1341 4231 1550 4289 relicto
1602 4237 1969 4306 praestantis-

322 4311 472 4368 simo
495 4329 565 4368 ex
579 4314 874 4385 praafectis
903 4317 1184 4388 tuis,cum
1201 4336 1383 4376 manu
1409 4339 1542 4394 quas
1564 4324 1971 4397 adinsequen-

321 4400 428 4457 dos
449 4402 650 4458 hostes
679 4404 1048 4478 tuendasque
1092 4410 1428 4481 provincias
1453 4413 1530 4468 sit
1560 4413 1702 4470 satis
1729 4431 1742 4469 :
1775 4415 1887 4484 vel,
1922 4416 1971 4472 si

322 4495 386 4545 tu
415 4490 542 4563 ipse
571 4492 774 4549 hostes
805 4499 1098 4568 sequeris,
1133 4499 1290 4556 244
1337 4503 1630 4573 optimum
1662 4521 1732 4559 ex
1761 4505 1970 4576 praefe-

321 4578 561 4650 ctis,qui
580 4579 653 4636 ob
693 4582 968 4640 virtutem
991 4602 1287 4659 usumque
1306 4589 1366 4644 in
1397 4606 1461 4645 re
1482 4591 1727 4647 militari
1750 4610 1971 4651 nomen

2099 643 2288 708 λόντες
2320 645 2371 698 οἱ
2428 648 2525 699 τοῦ
2586 643 2823 718 Ἰσμαὴλ
2874 643 3102 718 ἀκόσμῳ
3133 646 3283 721 φυγῇ
3309 644 3400 700 καὶ
3462 643 3745 720 σποράδην

2097 735 2223 800 εὐθὺ
2282 742 2385 805 τῆς
2443 733 2661 799 πόλεως
2719 735 3002 809 ὥρμησαν.
3034 737 3091 789 Ὀ
3123 733 3180 790 δὲ
3245 757 3308 811 γε
3361 736 3471 792 τῶν
3502 737 3752 811 Ῥωμαῖ-

2095 829 2204 880 κῶν
2240 826 2658 900 στρατευμάτων
2713 823 3025 900 ἡγούμενος
3083 825 3247 890 δσους
3291 829 3397 880 τῶν
3461 823 3755 899 Ἰσμαηλι-

2096 919 2204 969 τῶν
2238 912 2391 970 ἔνδον
2423 914 2614 970 πυλῶν
2645 911 2889 991 γενέσθαι
2950 916 3027 990 μὴ
3085 910 3409 986 δυνηθέντας
3450 915 3590 993 εὗρε,
3621 915 3754 981 τοὺς

2101 1005 2196 1077 μὲν
2227 1005 2474 1080 μαχαίρᾳ
2514 1005 2797 1079 συνέκοψε,
2829 1003 2957 1069 τοὺς
2988 1003 3045 1060 δὲ
3100 1005 3244 1083 πρὸς
3299 1003 3550 1061 δουλείαν
3609 1005 3760 1082 ἠγᾶ-

2095 1114 2240 1167 γετο.
2318 1097 2424 1148 T06
2482 1090 2538 1149 δὶ
2623 1092 2810 1156 ἃστεος
2867 1093 3047 1171 ἐγγύθι
3135 1091 3753 1172 στρατοπεδευσάμενος,

2097 1179 2440 1255 ἀμπελώνων
2473 1182 2563 1237 καὶ
2607 1180 2840 1258 δένδρων
2899 1184 2968 1238 τὰ
3022 1180 3267 1260 ἔγκαρπα
3319 1184 3527 1239 ἅπαντα
3577 1205 3748 1240 κατα-

2095 1271 2300 1345 τεμὼν,
2357 1271 2418 1326 τό
2462 1292 2519 1326 τε
2574 1271 2728 1348 πέριξ
2785 1278 2884 1342 τῆς
2941 1268 3160 1335 πόλεως
3219 1271 3474 1346 λαμπρόν
3531 1293 3592 1328 τε
3658 1273 3754 1329 καὶ

2095 1360 2361 1434 εὔκοσμον
2395 1363 2789 1435 ἀπημαύρωσε.
2821 1365 2898 1436 Τῇ
2955 1359 3013 1417 δὶ
3064 1361 3315 1438 ὑστεραίᾳ
3355 1363 3488 1438 ἄχρι
3546 1360 3754 1428 θαλάσ-

2095 1473 2197 1522 σης
2228 1447 2544 1526 ἐπιδραμὼν
2578 1452 2606 1506 ὁ
2637 1449 2766 1514 λαὸς
2797 1452 2986 1522 αὐτοῦ,
3028 1451 3419 1527 αἰχμαλωσίαν
3469 1453 3554 1508 ὅτι
3584 1453 3753 1508 πΛεί-

2097 1563 2227 1612 στην
2285 1541 2374 1598 καὶ
2432 1543 2602 1613 κτήνη
2655 1540 2966 1616 πάμπολλα
3023 1537 3462 1616 ἀναλαϐόμενος,
3519 1542 3609 1599 καὶ
3677 1541 3750 1599 δι’

2092 1630 2230 1702 ’ὀλης
2261 1637 2360 1702 τῆς
2391 1633 2602 1709 ἡμέρας
2635 1629 3023 1705 ὁδοιπορήσας,
3057 1631 3110 1687 ἐν
3137 1635 3218 1706 τῷ
3249 1630 3447 1707 Κύδνῳ
3480 1637 3745 1708 ποταμῷ,

2094 1722 2154 1787 ὅς
2189 1724 2355 1800 Ἱέραξ
2385 1725 2676 1802 ἐγχωρίως
2733 1723 3021 1798 κέκληται,
3081 1719 3272 1798 ἔξωθεν
3331 1729 3431 1792 τῆς
3482 1725 3748 1804 γεφύρας,

2093 1811 2419 1888 ἰνῇὴὁδὸς
2474 1815 2611 1892 πρὸς
2657 1813 2865 1872 Ἀδανα
2923 1815 3091 1893 φέρει,
3152 1815 3491 1887 ἡπλήκευσε.
3543 1817 3630 1890 Τῇ
3692 1813 3751 1871 δὲ

2091 1903 2318 1980 ἐπιούσῃ
2402 1905 2610 1982 ἀπάρας
2668 1904 2890 1976 ἐκεῖθεν,
2955 1907 3053 1977 τὴν
3135 1903 3276 1960 ἰδίαν
3336 1903 3748 1980 καταλήψεσθαι

2098 1994 2406 2070 ἐπορεύετο.
2433 1997 2546 2066 Τήν
2577 1999 2684 2051 τῶν
2716 1995 3009 2070 Ῥωμαίων
3041 1995 3223 2051 τοίνυν
3257 1997 3308 2051 οἱ
3347 1997 3445 2066 τὴν
3481 1997 3741 2060 Μίσθειαν

2099 2086 2527 2160 περικαθήμενοι
2558 2083 2822 2160 πολέμιοι
2852 2086 2990 2141 κατὰ
3042 2092 3142 2156 τῆς
3172 2086 3375 2140 ἑαυτῶν
3406 2086 3591 2161 χώρας
3621 2083 3742 2140 ἐπί-

2035 2185 2037 2187 ’
2101 2175 2244 2229 θεσιν
2275 2173 2700 2245 ἀκουτισθὲντες,
2750 2176 2848 2244 τήν
2893 2172 3221 2248 πολιορκίαν
3278 2172 3528 2237 λύσαντες
3577 2174 3740 2249 τάχει

2097 2261 2301 2335 πολλῷ
2357 2267 2438 2335 [Ρ.
2502 2266 2625 2337 157]
2681 2265 2815 2339 πρὸς
2872 2262 3148 2336 ἐκδίκησιν
3207 2267 3306 2330 τῆς
3367 2260 3506 2328 ἰδίας
3550 2264 3745 2339 χώρας

2101 2351 2456 2430 ὑπέστρεψαν.
2531 2351 2688 2411 Ἀλλ’
2742 2352 3185 2428 ἀπρακτήσαντες
3254 2357 3364 2410 τῶν
3423 2352 3747 2428 ἀμφοτέρων

2099 2439 2426 2520 διήμαρτον,
2488 2444 2549 2501 Ὁ
2605 2443 2710 2519 γὰρ
2765 2447 2873 2498 τῶν
2933 2445 3262 2518 Ῥωμαϊκῶν
3334 2441 3752 2517 στρατευμάτων

2095 2534 2402 2608 ἡγούμενος
2465 2534 2600 2607 μετᾶ
2653 2532 2883 2590 πολλῶν
2937 2534 3151 2591 σκύλων
3225 2555 3286 2591 τε
3341 2534 3430 2590 καὶ
3490 2532 3746 2611 λαφύρων

2094 2625 2184 2680 καὶ
2215 2622 2564 2700 ἀνδραπόδων
2599 2621 2688 2680 διὰ
2714 2629 2816 2691 τῆς
2865 2622 2993 2680 ὁδοῦ
3037 2629 3137 2681 106
3196 2623 3470 2700 Καρυδίου
3511 2623 3749 2701 λεγομέ-

2091 2729 2190 2785 νης
2209 2715 2277 2772 τα
2323 2716 2614 2790 Ῥωμαίων
2669 2715 2778 2787 ἤθη
2831 2710 3123 2773 κατέλαϐε.
3157 2716 3305 2790 Πρὸς
3336 2714 3520 2788 τούτῳ
3549 2712 3608 2770 δὶ
3651 2715 3742 2771 καὶ

2093 2805 2146 2860 0i
2177 2807 2652 2880 στρατηγήσαντες
2707 2809 2817 2860 τῶν
2880 2804 3248 2862 Ἀνατολικῶν
3300 2804 3390 2860 καὶ
3443 2800 3748 2860 Καππαδο-

2086 2894 2207 2956 κίας
2237 2894 2289 2950 ἐν
2319 2899 2437 2957 τοῖς
2467 2896 2579 2950 ἄνω
2633 2893 2880 2970 χρόνοις,
2935 2898 3042 2950 τῶν
3099 2897 3384 2971 Ταρσιτῶν
3432 2893 3573 2950 κατὰ
3638 2895 3742 2963 τῆς

2089 2983 2408 3058 Ῥωμαϊκῆς
2491 2983 2680 3060 χώρας
2759 2985 2858 3053 τήν
2945 2983 3208 3055 ἐξέλευσιν
3263 2984 3613 3057 ποιουμίνων
3670 2979 3744 3037 δι’

2089 3069 2270 3144 ἄλλης
2299 3071 2428 3128 ὁδοῦ
2459 3072 2511 3128 ἐν
2538 3079 2660 3137 ταῖς
2687 3073 2901 3150 χώραις
2934 3072 3112 3130 αὐτῶν
3169 3073 3572 3150 εἰσερχόμενοι,
3606 3071 3742 3128 ποτὶ

2095 3163 2190 3236 μὲν
2237 3163 2395 3217 αὐτοὶ
2449 3161 2668 3231 ἐκεῖνοι,
2725 3165 2858 3219 ποτὶ
2915 3160 2971 3219 δέ
3022 3183 3173 3226 τινας
3221 3167 3322 3218 106
3373 3163 3510 3219 λαοῦ
3566 3163 3744 3218 αὐτῶν

2089 3251 2540 3322 ἀποστέλλοντες,
2571 3253 2708 3308 κατὰ
2752 3253 2815 3309 τὸ
2874 3252 3157 3330 ἱγχωροῦν
3187 3252 3416 3315 τούτους
3443 3273 3740 3328 κατετραυ-

2090 3343 2337 3417 μάτιζον.
2369 3345 2430 3401 Ὁ
2464 3341 2521 3400 δὲ
2548 3365 2608 3419 γε
2665 3345 2764 3414 τήν
2806 3345 3098 3422 ἡγεμονίαν
3168 3347 3266 3414 τῆς
3316 3340 3596 3402 Λυκανδοῦ
3648 3343 3741 3399 καὶ

2079 3439 2188 3490 τῶν
2237 3433 2410 3490 ἐκεῖσε
2468 3435 2762 3509 ἀκριτικῶν
2827 3437 3075 3508 θεμάτων
3159 3432 3630 3511 ἑγκεχωρισμὲνος
3693 3435 3740 3471 ⁷⁵

2081 3522 2134 3580 ἐν
2162 3529 2280 3586 τοῖς
2311 3523 2496 3585 αὐτοῖς
2527 3524 2780 3600 χρόνοις,
2809 3523 2995 3587 ὁσάκις
3055 3521 3115 3579 ἰίν
3149 3523 3342 3597 Ἀλὴμ
3381 3525 3411 3580 ὁ
3468 3523 3582 3586 υἱὸς
3637 3527 3736 3578 106

2081 3607 2322 3687 Χαμϐδὰ
2378 3614 2513 3668 κατὰ
2566 3611 2872 3687 Ῥωμανίας
2919 3614 3020 3682 τὴν
3092 3611 3360 3686 ἐξὲλευσιν
3417 3612 3741 3686 ἐποιήσατο,

2078 3703 2114 3772 ἢ
2146 3700 2196 3757 ἐν
2233 3705 2302 3776 τῇ
2337 3699 2460 3776 ῗδίᾳ
2491 3703 2654 3778 χώρᾳ
2708 3702 2898 3778 χρείας
2956 3702 3247 3778 ἀναγκαίας
3295 3703 3459 3759 αὐτὸν
3489 3722 3745 3759 κατεπει-

2079 3790 2287 3866 γούσης
2344 3787 2573 3866 μετέϐη,
2626 3793 2764 3848 κατά
2820 3800 2922 3863 τῆς
2979 3791 3166 3868 χώρας
3220 3796 3321 3849 106
3376 3791 3597 3851 Χάλεπε
3645 3791 3740 3847 καὶ

2075 3883 2177 3948 τῆς
2225 3881 2569 3956 ’Δντιοχείας
2643 3881 3042 3955 ἐπιτιθέμενος,
3124 3881 3370 3958 μεγάλην
3439 3880 3494 3938 ἐν
3551 3881 3740 3945 αὐτοῖς

2083 3964 2295 4046 βλάϐην
2347 3969 2656 4046 εΐργάζετο·
2731 3971 2826 4027 καὶ
2880 3971 3010 4034 τοὺς
3070 3976 3349 4048 συγγενεῖς
3406 3969 3593 4043 αὐτοῦ,
3645 3972 3739 4026 καὶ

2078 4059 2363 4136 ἀρχηγοὺς
2406 4064 2513 4116 τῶν
2571 4061 2901 4138 φωσσάτων,
2937 4059 3209 4138 μεγάλους
3262 4061 3352 4117 καὶ
3399 4066 3739 4136 περιφανεῖς,

2080 4146 2470 4225 δορυαλώτους
2505 4150 2646 4222 εἷλε,
2684 4151 2772 4208 καὶ
2799 4150 2928 4216 τοὺς
2954 4151 3166 4208 τούτων
3202 4152 3487 4229 μαχίμους
3515 4149 3737 4228 ἄνδρας,

2075 4239 2164 4294 καὶ
2211 4236 2445 4296 πλεῖστα
2516 4241 2771 4319 φρούρια.
2831 4242 2909 4299 Τὸ
2967 4241 3097 4297 αὐτὸ
3149 4238 3206 4297 δὲ
3251 4241 3343 4297 καὶ
3399 4241 3450 4297 ἐν
3500 4244 3569 4315 τῇ
3621 4245 3735 4297 τῶν

2079 4328 2318 4387 Κιλίκων
2378 4329 2540 4406 χώρᾳ
2595 4328 2970 4408 διεπράττετο,
3023 4331 3097 4393 ὡς
3147 4335 3215 4404 τῇ
3294 4327 3563 4402 Λυκανδῷ
3615 4351 3736 4385 συν-

2077 4418 2279 4495 ορούσῃ
2312 4419 2377 4476 ⁷⁷.
2408 4419 2515 4476 Καὶ
2547 4419 2707 4482 αὐτὸς
2735 4419 2941 4491 τοίνυν,
3001 4421 3048 4474 ὧ
3106 4421 3394 4496 στρατηγὲ,
3453 4420 3544 4476 ’ὀτε
3612 4422 3734 4494 μετ’

2075 4505 2474 4578 ἐπιτηδεύσεως
2503 4508 2596 4564 καὶ
2646 4506 2866 4584 ἐνέδρας
2943 4507 3328 4583 τραυματίζειν
3375 4507 3506 4571 τοὺς
3558 4504 3733 4562 πολε-

2079 4596 2239 4670 μίους
2267 4596 2589 4672 ἀπορήσεις,
2624 4595 2714 4653 διὰ
2774 4597 2836 4652 τὸ
2890 4596 3111 4660 ἑαυτοὺς
3157 4595 3438 4670 ἐπιμελῶς
3496 4595 3733 4672 ἀσφαλί-

321 4668 400 4722 sit
428 4672 487 4722 et
513 4668 750 4726 laudem
777 4679 1148 4740 nactus,cum
1170 4676 1385 4735 idonea
1406 4681 1674 4751 equitum
1693 4684 1976 4742 militum-

2086 4668 2260 4755 ζεσθαι
2290 4668 2389 4740 καὶ⁷
2411 4684 2870 4765 παραφυλάττειν·
2933 4686 3043 4742 οὔτ’
3099 4687 3164 4742 αὗ
3213 4684 3379 4742 πάλιν
3435 4685 3729 4762 ἀξιόλογον

320 4773 436 4827 que
449 4758 620 4829 copia
631 4759 694 4814 in
709 4763 1010 4833 regionem
1024 4765 1498 4824 adversariorum
1512 4771 1966 4847 immittere,qui

320 4861 451 4900 eam
495 4845 576 4900 ibi
607 4864 986 4908 commorans
1017 4853 1313 4910 incendiis
1362 4845 1965 4935 populationibusque

318 4933 849 5007 vexet,0ppidaque
878 4937 1185 4996 obsideat:
1220 4947 1285 4997 ut
1318 4943 1427 5000 hac
1448 4963 1510 5001 re
1541 4947 1744 5005 audita
1764 4933 1964 5006 hostes

319 5018 532 5075 ducem
551 5037 724 5077 suum
745 5023 835 5079 vel
857 5024 1105 5082 invitum
1128 5029 1203 5084 ad
1231 5032 1484 5102 patriam
1503 5035 1784 5091 tuendam
1798 5038 1967 5110 signa

317 5108 538 5166 referre
565 5118 798 5185 cogant.
832 5115 996 5180 Quod
1027 5116 1074 5171 si
1131 5134 1304 5192 agros
1362 5129 1602 5180 nostros
1645 5108 1966 5198 diligenter

317 5199 1161 5278 exinanieris,incolarumque
1191 5210 1426 5268 turbam
1459 5219 1637 5285 atque
1668 5232 1883 5286 pecora
1905 5218 1966 5273 in

313 5289 464 5345 altos
495 5307 857 5364 asperosque
883 5301 1115 5353 montes
1145 5302 1506 5372 compuleris
1524 5304 1966 5371 ;hostesautem

314 5379 500 5434 velint
525 5382 873 5453 perquirere
906 5401 974 5440 ea
995 5387 1141 5460 juga
1169 5407 1235 5446 ac
1269 5393 1546 5461 scrutari,
1569 5392 1965 5468 hominesque

314 5465 528 5525 indein
558 5471 905 5528 servitutem
927 5473 1510 5552 abducere,ideoque
1531 5483 1809 5541 omnibus
1831 5465 1966 5543 cum

2075 4775 2223 4850 ἔχεις
2255 4772 2506 4848 δύναμιν,
2565 4776 2700 4851 πρὸς
2758 4777 2820 4831 τὸ
2888 4781 3133 4855 φανερῶς
3189 4775 3376 4838 αὐτοῖς
3434 4777 3732 4852 ἀντιμάχε-

2076 4867 2216 4920 σθαιο
2251 4869 2413 4920 τοῦτο
2464 4862 2547 4920 δεῖ
2602 4885 2662 4920 σε
2718 4862 3083 4939 διαπράττειν·
3143 4867 3232 4921 καὶ
3295 4864 3403 4922 εἷ’τε
3453 4865 3615 4922 αὐτόν
3670 4887 3731 4921 σε

2073 4954 2212 5010 κατᾶ
2238 4961 2340 5024 τῆς
2371 4953 2562 5028 χώρας
2592 4959 2699 5009 τῶν
2724 4953 3008 5028 πολεμίων
3065 4953 3394 5030 ἐπείγεσθαι,
3454 4953 3732 5029 καταλιμ-

2075 5044 2314 5099 πάνοντα
2345 5040 2516 5117 ἄνδρα
2570 5046 2680 5098 τῶν
2741 5041 2929 5099 ἄλλων
2992 5048 3310 5121 στρατηγῶν
3367 5043 3732 5120 ἀξιολογώτε-

2077 5151 2192 5208 ρον,
2226 5131 2362 5205 μετά
2415 5133 2504 5187 καὶ
2559 5135 2958 5208 στρατεύματος
3010 5137 3108 5189 106
3164 5134 3300 5210 πρὸς
3364 5131 3730 5211 παραδρομὴν

2075 5220 2165 5276 καὶ
2196 5221 2457 5296 πρόνοιαν
2515 5225 2627 5276 τῶν
2687 5222 2936 5296 θεμάτων
2995 5222 3388 5294 ἐξικανοῦντοςο
3451 5221 3579 5294 εἷίτε,
3630 5227 3727 5278 σοῦ

2074 5311 2173 5380 τῆν
2203 5308 2568 5385 παραδρομὴν
2597 5316 2913 5382 ποιοῦντος,
2945 5313 3036 5367 τὸν
3075 5309 3360 5387 κρείττονα
3388 5315 3498 5367 τῶν
3531 5333 3731 5388 στρατ-

2073 5403 2246 5475 ηγῶν,
2280 5399 2369 5454 καὶ
2401 5397 2486 5454 ἐπ’
2514 5396 2734 5475 ἀνδρείᾳ
2782 5400 2875 5455 καὶ
2934 5398 3270 5475 πολυπειρίᾳ
3299 5400 3603 5474 ὀνομαστὸν
3636 5401 3727 5458 καὶ

2073 5486 2488 5563 ἐπαινούμενον,
2554 5491 2690 5564 μετὰ
2736 5490 2970 5562 ἱππικῆς
3001 5489 3091 5545 καὶ
3149 5495 3377 5562 πεζικῆς
3430 5488 3728 5568 ἀξιολόγου

1525 5623 1588 5679 C.
1631 5625 1693 5682 B.
1727 5628 1918 5684 HASII
1950 5632 2508 5716 ANNOTATIONES.

379 5743 426 5782 τι
454 5741 956 5826 ζγκεχωρισμὲνος.
987 5753 1146 5811 Fort.
1176 5750 1666 5853 ἐγκεχειρισμένος,
1699 5759 1745 5798 71
1773 5761 2255 5864 qu—GDVOPOLst]
2285 5764 2422 5823 ὥστε
2459 5770 2611 5854 νικᾷν
2643 5767 2794 5842 αὖτῷ
2834 5768 3144 5863 συνορῶσαν
3175 5765 3346 5826 codd.
