4096 6434
280 412 403 476 993

1563 404 1984 473 VELITATIO
2025 404 2388 469 BELLICA.

3580 396 3698 465 094

291 539 583 617 δυνάμεως
601 539 740 597 κατὰ
764 545 864 611 τῆς
893 542 999 596 τῶν
1032 535 1318 613 πολεμίων
1347 537 1707 596 ἀποστέλλειν
1729 535 1940 616 χώρας,

2059 535 2242 612 copiis
2269 533 2550 595 accedere
2577 535 2651 594 ad
2682 535 2974 611 ejusmodi
3006 536 3157 616 loca,
3192 541 3252 594 et
3270 539 3464 595 castra
3491 525 3574 593 ibi
3596 553 3698 610 po-

287 632 380 688 καὶ
411 631 689 709 χρονίζειν
717 629 772 688 ἐν
802 630 961 704 αὐτῇ,
993 628 1085 686 καὶ
1124 628 1454 706 πυρπολεῖν,
1503 629 1596 684 καὶ
1645 629 1947 706 ἀφανίζειν,

285 722 380 780 καὶ
410 723 618 799 κάστρα
645 720 986 798 πολιορκεῖν·
1013 717 1102 775 ἳνα
1130 724 1298 776 τοῦτο
1337 717 1626 783 ἀκούοντες
1681 719 1734 773 οἱ
1782 715 1950 774 πολέ-

295 834 436 888 μιοι,
467 810 561 868 καὶ
595 813 671 886 μὴ
709 809 1064 887 βουλομένου
1085 813 1181 864 τοῦ
1210 809 1460 886 ἀρχηγοῦ
1482 807 1682 877 αὐτῶν,
1714 806 1952 884 ἀναγκά-

292 921 460 958 σωσιν
491 901 653 956 αὐτὸν
688 900 1032 973 ἐπαπζεῦξαι
1089 899 1228 973 πρὸς
1269 900 1370 969 τὴν
1424 904 1527 968 τῆς
1569 895 1707 961 ἰδίας
1761 896 1952 974 χώρας

295 987 593 1061 ἐκδίκησιν.
627 987 860 1046 Ὀπόταν
895 985 951 1044 δὲ
974 987 1070 1050 τάς
1101 988 1292 1063 χώρας
1325 989 1488 1062 ἡμῶν
1515 985 1700 1051 καλῶς
1747 985 1952 1058 ἐκσπη-

298 1077 509 1152 λεύσῃς,
539 1073 631 1132 καί
671 1073 1011 1155 φυγαδεύσῃς
1059 1076 1149 1131 καὶ
1203 1077 1295 1132 τὸν
1354 1075 1405 1132 ἐν
1466 1075 1651 1140 αὐτοῖς
1699 1073 1952 1130 οἷκοῦντα

300 1165 433 1224 λαὸν
462 1166 649 1222 καὶτὰ
675 1165 884 1222 τούτων
920 1164 1206 1242 θρέμματα
1249 1163 1302 1221 ἐν
1351 1163 1528 1239 ὄρεσιν
1576 1164 1812 1238 ὑψηλοῖς
1860 1163 1951 1219 καὶ

296 1250 608 1324 δυσϐάτοις,
640 1254 731 1310 καὶ
794 1251 1143 1330 βουληθῶσιν
1199 1254 1253 1308 oi
1307 1253 1573 1328 πολέμιοι
1625 1252 1949 1332 ψηλαφῆσαι

289 1344 383 1401 καὶ
414 1344 868 1421 ἀνερευνήσασθαι
925 1346 1014 1418 [Ρ.
1080 1344 1202 1417 158]
1260 1343 1328 1399 τά
1391 1347 1615 1399 τοιαῦτα
1669 1339 1794 1420 ὅρη,
1855 1341 1953 1398 κά-

295 1435 472 1490 κεῖθεν
560 1433 787 1494 τούτους
875 1431 1395 1511 ἀνδραποδίσασθαι,
1481 1432 1571 1490 καὶ
1654 1433 1950 1507 πανστρατὶ

297 1522 607 1594 πλησιάσαι
636 1529 753 1588 τοῖς
801 1523 1077 1588 τοιούτοις
1127 1523 1321 1588 τόποις
1377 1525 1676 1595 θεΛήσωσι,
1724 1523 1816 1579 καὶ
1856 1524 1952 1586 τὰς

292 1614 500 1685 σκηνὰς
531 1613 702 1671 ἐκεῖσε
727 1613 1018 1685 πήξασθαυ
1073 1611 1312 1692 ὀφείλεις
1366 1615 1456 1670 καὶ
1508 1613 1668 1677 αὐτὸς
1726 1613 1778 1669 ἐν
1831 1619 1950 1676 τοῖς

296 1708 516 1782 μέρεσιν
577 1704 806 1769 ἐκείνοις
861 1703 1096 1776 πλησίον
1177 1703 1448 1782 γενέσθαι,
1525 1705 1601 1768 εἰς
1671 1702 1948 1777 ἐκδίκησιν

289 1798 400 1850 τῶν
435 1793 672 1852 οἰκείων.
707 1795 810 1852 Καὶ
844 1793 894 1851 εἰ
920 1815 981 1870 γε
1008 1794 1102 1850 τὸν
1134 1800 1320 1872 χῶρον
1357 1796 1548 1866 θεάση,
1605 1794 1654 1852 ἐν
1688 1796 1734 1868 ᾧ
1766 1795 1819 1850 οἱ
1849 1815 1953 1850 πο-

294 1883 485 1958 λέμιοι
519 1881 856 1955 αὕλίζονται,
916 1879 1046 1957 ὅρος
1090 1881 1290 1960 ἔχοντα
1317 1881 1354 1955 ἤ
1385 1883 1553 1941 τόπον
1597 1883 1807 1960 ὑψηλὸν
1861 1883 1951 1940 καὶ
1983 1920 2030 1985 Β

298 1970 612 2045 ἐπιτήδειον
673 1974 812 2048 πρὸς
867 1973 931 2029 τὸ
987 1973 1181 2038 νυκτὸς
1238 1975 1356 2029 κατ’
1414 1973 1589 2030 αὐτῶν
1649 1973 1948 2047 ἐπιθέσθαι,

294 2067 461 2119 τοῦτο
497 2063 839 2139 μελετήσεις.
875 2060 970 2118 Καὶ
1029 2060 1404 2135 διασκοπήσας
1460 2062 1642 2128 καλῶς
1695 2066 1794 2135 τὴν
1851 2069 1948 2120 τοῦ

292 2153 470 2208 τόπου
519 2154 686 2226 θέσιν,
737 2153 828 2209 καὶ
890 2154 1146 2230 βοήθειαν
1208 2153 1408 2210 ἐκεῖθεν
1464 2152 1631 2230 ἔχων,
1683 2154 1774 2210 τὸν
1831 2158 1947 2210 κατ’

293 2243 473 2300 αὐτῶν
505 2245 916 2321 παρασκευάσῃς
972 2242 1221 2318 πόλεμον
1271 2245 1483 2315 νυκτὸς,
1538 2245 1673 2320 μετά
1718 2251 1947 2318 πεζικῆς

284 2331 574 2408 δυνάμεως
603 2335 694 2390 καὶ
726 2337 769 2372 ⁷⁸
824 2334 1064 2409 ἱππέων,
1116 2337 1296 2400 καθὼς
1353 2334 1478 2412 περὶ
1529 2333 1946 2410 νυκτοπολέμου

282 2425 580 2497 κατωτέρω
639 2422 874 2500 εἴρηται.
935 2425 1033 2480 Καὶ
1089 2423 1349 2501 μεγάλως
1417 2423 1615 2489 αὐτοὺς
1696 2447 1944 2500 τραυμα-

281 2513 452 2576 τίσεις
511 2513 603 2569 καὶ
671 2513 1008 2588 ἐκθροήσεις,
1067 2513 1160 2569 καὶ
1243 2515 1670 2591 παρασκευάσεις
1745 2514 1942 2572 ἐκεῖθεν

288 2603 678 2679 ὑποχωρῆσαι.
741 2603 1161 2679 Καρτερούντων
1224 2599 1282 2658 δὲ
1357 2601 1434 2659 ἔτι
1493 2603 1546 2659 ἐν
1603 2603 1792 2680 ἐκείνῳ
1865 2611 1946 2681 τῷ

283 2691 484 2766 χώρῳ,
536 2695 721 2754 καλῶς
788 2691 1015 2756 ἑαυτοὺς
1097 2690 1533 2768 ἆσφαλιζόμενοι
1619 2695 1707 2750 καὶ
1770 2715 1943 2769 παρα-

2057 646 2199 686 nere
2231 628 2492 702 cogitent
2527 644 2542 684 :
2581 627 2760 685 debes
2821 633 2883 683 tu
2927 644 3164 699 quoque
3221 626 3704 700 appropinquare

2055 718 2203 776 locis
2222 719 2444 787 illis,ad
2474 735 2649 792 opem
2671 718 2787 774 tuis
2804 717 3245 774 ferendam.Ubi
3269 719 3318 773 si
3339 717 3704 774 animadver-

2059 809 2223 877 teris,
2253 808 2475 876 locum,
2501 809 2561 864 in
2590 825 2707 880 quo
2741 807 2989 864 tendant
3043 807 3382 875 adversarii,
3437 812 3703 863 montem

2059 899 2280 955 habere
2303 898 2793 970 autcrepidinem
2825 897 3065 965 editam,
3096 902 3436 968 aptamque,
3469 902 3535 952 ut
3560 895 3702 952 inde

2059 994 2238 1046 noctu
2265 988 2500 1062 aggredi
2523 1005 2625 1044 eos
2655 987 2952 1060 possis,ad
2964 988 3076 1043 hoc
3095 991 3358 1042 mentem
3375 992 3704 1042 convertas.

2056 1082 2590 1152 Atque,perspecta
2609 1077 2764 1133 bene
2786 1082 2999 1133 natura
3018 1076 3155 1145 loci,
3178 1075 3283 1132 illa
3310 1076 3552 1148 adjutus
3572 1088 3710 1132 cum

2055 1167 2432 1242 pedestribus
2445 1164 2938 1239 equestribusque
2949 1162 3134 1239 capiis
3151 1158 3422 1238 praelium
3433 1158 3712 1222 instituas

2057 1258 2338 1316 adversus
2354 1259 2491 1314 illos
2505 1256 3219 1330 noctu,quemadmodum
3236 1257 3297 1311 in
3319 1256 3510 1328 capite
3523 1256 3596 1312 de
3618 1256 3705 1312 di-

2057 1351 2378 1408 micatione
2401 1354 2693 1406 nocturna
2714 1349 2869 1406 infra
2897 1347 3517 1404 demonstrabitur.lta
3529 1347 3705 1402 vehe-

2056 1446 2291 1498 menter
2317 1440 2455 1496 illos
2487 1439 2720 1496 vexabis
2754 1443 2813 1494 et
2841 1437 3222 1512 perterrebis,
3272 1436 3612 1509 efﬁciesque
3644 1440 3711 1493 ut

2057 1530 2195 1587 inde
2225 1528 2700 1595 recedant.Quod
2733 1529 2782 1584 si
2805 1528 3200 1586 nihilominus
3221 1531 3577 1600 permanent
3596 1525 3706 1582 ibi-

2057 1619 2213 1689 dem,
2247 1620 2684 1693 diligenterque
2744 1635 2874 1675 sese
2933 1618 3281 1675 custodiunt
3321 1633 3388 1673 ac
3444 1621 3707 1682 tuentur,

2057 1709 2387 1782 voluntque
2415 1709 2669 1766 scrutari
2690 1713 2946 1774 montes,
2969 1709 3033 1764 in
3063 1707 3282 1780 quibus
3335 1705 3712 1780 receptacula

2057 1799 2295 1855 rustica:
2317 1798 2508 1871 plebis
2537 1803 2698 1866 sunt,
2722 1798 2943 1854 debent
2963 1798 3110 1855 245
3138 1814 3244 1868 per
3256 1795 3623 1869 jaculatores
3640 1811 3710 1851 ac

2057 1887 2266 1944 velites
2297 1887 2592 1944 observari
2623 1904 2659 1944 a
2707 1893 2761 1944 te
2820 1887 3037 1954 aditus,
3070 1891 3129 1942 et
3147 1886 3572 1959 praeoccupari.
3607 1885 3708 1941 His

2058 1983 2219 2034 recte
2251 1977 2707 2050 custoditis,qua
2721 1975 3011 2050 refugium
3025 1973 3330 2034 rusticulis
3341 1971 3705 2047 famililsque

2061 2085 2267 2125 eorum
2296 2085 2363 2125 ac
2395 2069 2601 2125 liberis
2621 2069 2836 2142 patuit,
2868 2068 2917 2123 si
2947 2067 3150 2122 hostes
3188 2082 3294 2138 per
3317 2065 3520 2122 fauces
3549 2064 3703 2120 vias-

2058 2177 2173 2232 que
2227 2160 2442 2216 arduas
2498 2160 2939 2232 introrumpere
2989 2163 3301 2226 conantur,
3357 2156 3709 2222 fundentur,

2057 2250 2316 2306 maxime
2364 2250 2632 2324 peditatu
2689 2266 2792 2306 eos
2836 2249 3171 2305 invadente.
3217 2248 3318 2303 Sin
3375 2263 3510 2302 vero
3569 2260 3706 2302 cum

2057 2339 2326 2412 peditatu
2348 2345 2642 2396 conantur
2673 2339 2838 2407 eniti,
2873 2343 3224 2410 montesque
3256 2328 3709 2410 perscrutari,tu

2057 2429 2133 2485 ad
2162 2430 2453 2486 interiora
2481 2431 2788 2502 magisque
2815 2429 3051 2485 munita
3091 2432 3150 2483 et
3195 2427 3268 2483 ab
3297 2425 3536 2482 insidiis
3585 2428 3711 2480 tuta

2055 2519 2187 2576 loca
2214 2526 2508 2594 agrestem
2539 2520 2775 2593 plebem
2807 2519 3189 2576 transducere
3217 2521 3532 2590 properato
3553 2515 3711 2588 :ipse

2056 2623 2191 2685 cum
2216 2611 2333 2666 tuis
2364 2611 2554 2683 copiis
2576 2609 2855 2666 omnibus
2881 2609 3168 2666 ducentes
3199 2624 3269 2664 eo
3299 2607 3423 2662 vias
3463 2621 3709 2679 occupa,

2060 2704 2119 2754 et
2145 2699 2464 2773 diligenter
2490 2698 2744 2756 custodi.

290 2777 670 2856 φυλάττοντες,
724 2782 816 2837 καὶ
877 2781 1232 2858 βουλομένων
1302 2783 1653 2858 ἀνερευνῆσαι
1707 2786 1775 2840 τά
1831 2781 1959 2860 ὅρη,
2021 2787 2072 2842 έν
2129 2789 2212 2850 οἷς
2269 2787 2334 2843 τά
2398 2788 2705 2866 καταφύγια
2755 2790 2864 2843 τῶν
2918 2790 3174 2862 χωριτῶν
3231 2782 3515 2860 τυγχάνει,
3584 2780 3707 2838 δέον

287 2871 639 2948 φυλαχθῆναι
695 2870 786 2926 καὶ
840 2873 1357 2948 προκατασχεθῆναι
1410 2873 1560 2944 παρὰ
1617 2877 1713 2928 σοῦ
1764 2876 1862 2940 τὰς
1917 2873 2162 2938 εἰσόδους
2223 2874 2313 2931 διά
2366 2897 2426 2932 τε
2479 2876 2811 2932 ἀκοντιστῶν
2867 2875 2958 2931 καὶ
3014 2873 3216 2949 ψιλῶν.

3313 2872 3416 2935 Καὶ
3500 2869 3709 2928 τούτων

283 2957 474 3022 καλῶς
508 2961 956 3036 φυλαττομένων,
1015 2959 1068 3017 ἐν
1130 2963 1218 3026 οἷς
1278 2964 1314 3032 ἡ
1372 2965 1660 3039 καταφυγή
1719 2968 1827 3020 τῶν
1883 2971 2138 3043 γεωργῶν
2200 2966 2292 3022 σὺν
2355 2971 2464 3022 τῶν
2525 2965 2807 3043 φαμιλιῶν
2859 2969 2904 3003 7°
2956 2964 3047 3021 καὶ
3100 2967 3208 3020 τῶν
3267 2961 3470 3018 τέκνων
3530 2962 3708 3018 αὐτῶν

279 3049 522 3126 γέγονεν,
556 3049 604 3105 εἰ
637 3047 956 3127 βουληθῶσι
1007 3047 1098 3106 διά
1153 3055 1260 3106 τῶν
1318 3057 1603 3108 στενωπῶν
1659 3055 1751 3109 καὶ
1810 3052 2090 3111 δυσλάτων
2154 3055 2373 3113 ἐκείνων
2433 3053 2575 3112 ὁδῶν
2631 3056 2914 3128 εἰσελθεῖν,
2972 3055 3399 3126 ἡττηθήσονται’
3453 3050 3542 3108 καὶ
3602 3051 3709 3125 μά-

283 3139 444 3197 λιστα
473 3142 704 3209 πεζικῆς
737 3137 1042 3216 [δυνάμεως
1081 3140 1268 3204 αὐτοῖς
1321 3141 1644 3217 ἐπιθεμένης
1701 3144 1769 3201 ³ο.
1828 3145 1898 3204 Εἰ
1958 3142 2005 3201 δ’
2061 3146 2215 3202 αὐτοὶ
2277 3149 2412 3221 μετά
2462 3148 2712 3220 πεζικῆς]
2770 3143 3118 3222 βουληθῶσιν
3179 3142 3450 3211 ἐπελθεῖν,
3496 3143 3587 3198 καὶ
3643 3141 3710 3196 τά

277 3226 383 3306 ὅρη
447 3227 921 3304 διερευνήσασθαι,
981 3229 1035 3285 ἐν
1104 3227 1414 3307 ἐνδοτέροις
1472 3233 1561 3288 καὶ
1623 3234 1997 3312 όχορωτέροις
2054 3237 2146 3292 καὶ
2204 3232 2684 3294 ἀνεπιϐουλεύτοις
2767 3236 2964 3298 τόποις
3037 3235 3345 3312 εἰσαγαγεῖν
3408 3231 3537 3296 τοὺς
3597 3235 3706 3287 τῶν

283 3320 509 3397 χωρίων
546 3319 840 3396 οἰκήτορας
865 3319 1173 3395 ἐπείχθητι·
1231 3325 1329 3376 σοῦ
1389 3321 1523 3395 μετά
1577 3325 1778 3388 παντὸς
1832 3330 1929 3381 τοῦ
1983 3327 2122 3384 λαοῦ
2175 3327 2272 3392 τὰς
2340 3326 2658 3403 εἰσαγούσας
2714 3329 2830 3383 κιιιτ⁷
2890 3325 3064 3382 αὐτῶν
3119 3321 3285 3387 ὁδοὺς
3339 3319 3552 3394 δηλαδή
3606 3342 3709 3377 κα-

278 3404 735 3485 ταλαμϐάνοντάς
765 3429 826 3465 τε
854 3409 944 3465 καὶ
977 3409 1238 3485 ἀσφαλῶς
1279 3408 1759 3492 διαφυλάττοντος.

538 3559 705 3613 ΚΒΦ.
739 3554 870 3614 KA'.
901 3552 1033 3630 Περὶ
1063 3552 1394 3633 πολιορκίας
1423 3556 1682 3632 κάστρου.
1768 3636 1770 3638 γ

362 3677 506 3754 ιΙρδς
533 3677 861 3756 πολιορκίαν
895 3675 954 3734 δὶ
1001 3680 1236 3755 κάστρου
1293 3685 1572 3738 κατανοῶν
1633 3682 1946 3758 εὐτρεπιζο-

297 3769 492 3843 μένους
516 3767 639 3832 τοὺς
698 3767 1029 3843 πολεμίους,
1093 3766 1215 3826 δέον
1275 3772 1364 3827 καὶ
1425 3771 1504 3840 σὲ,
1559 3773 1606 3828 ὦ
1653 3777 1944 3852 στρατηγὶ,

289 3858 392 3914 ὅσα
422 3856 837 3934 πολιορκεῖσθαι
876 3855 1102 3915 δυνατὸν
1161 3859 1288 3934 (εἰσὶ
1343 3862 1448 3938 γὰρ
1500 3861 1688 3919 πολλά
1743 3863 1948 3942 κάστρα

287 3950 369 4024 μή
422 3946 638 4005 δεδιότα
697 3945 1078 4025 πολιορκίαν),
1111 3951 1164 4004 ἐν
1193 3956 1314 4014 τοῖς
1371 3951 1646 4016 τοιούτοις
1693 3957 1801 4032 πρὸ
1845 3963 1947 4027 τῆς

283 4059 394 4094 των
425 4038 639 4116 ἐχθρῶν
667 4035 991 4110 ἐξελεύσεως
1041 4041 1443 4116 παρασκευάσαι
1499 4043 1592 4098 τὸν
1646 4043 1699 4100 ἐν
1757 4046 1946 4110 αὐτοῖς

281 4129 692 4208 καταφεύγοντα
721 4127 852 4186 λαὸν
919 4133 1103 4204 μηνῶν
1162 4131 1437 4206 τεσσάρων
1494 4135 1702 4210 τροφὰς
1753 4135 1948 4192 καθένα

280 4214 529 4294 ἕκαστον,
562 4219 609 4276 εἰ
643 4217 862 4275 δυνατὸν
896 4221 983 4275 καὶ
1017 4218 1310 4292 πλειόνων,
1367 4225 1485 4288 καθ’
1539 4225 1663 4280 ὅσον
1715 4232 1948 4302 συνορᾷς

279 4308 495 4366 ἔσεσθαι
553 4310 656 4378 τήν
713 4308 1067 4384 πολιορκίαν,
1137 4310 1510 4372 ἀποτίθεσθαι.
1571 4315 1670 4370 Καὶ
1727 4318 1835 4372 τῶν
1891 4317 1946 4372 ἐν

277 4404 401 4463 ταῖς
432 4397 740 4474 κιστέρναις
791 4396 1003 4454 ὑδάτων
1070 4397 1474 4474 ἐπιμελεῖσθαι,
1530 4403 1622 4459 καὶ
1677 4409 1784 4461 τῶν
1846 4407 1946 4464 ἅλ-

279 4490 398 4549 λων
458 4492 699 4562 πάντων,
756 4489 856 4547 ὅσα
946 4490 1454 4567 πολιορκνυμένους
1537 4493 1768 4552 ἐκδικεῖν
1853 4499 1946 4554 καὶ

283 4584 515 4660 βοηθεῖν
549 4581 818 4642 δύνανται.
869 4585 1054 4640 Ταῦτα
1110 4585 1237 4659 γὰρ,
1299 4581 1388 4639 διὰ
1451 4585 1513 4641 τὸ
1579 4585 1818 4660 πλῆθος,
1874 4593 1944 4664 τῇ

277 4671 532 4748 παρούσῃ
559 4675 743 4748 γραφῇ
794 4671 1030 4736 ἐκθεῖναι
1087 4672 1226 4728 κατά
1284 4674 1447 4748 μέρος
1505 4673 1753 4749 ἐάσομεν.
1814 4679 1943 4754 Περὶ

279 4762 389 4837 γὰρ
434 4759 703 4815 τοιούτων
761 4761 852 4815 καὶ
914 4760 1110 4836 ἐτέρων
1169 4761 1620 4837 πολιορκητικῶν
1682 4780 1944 4840 μηχανη-

286 4849 500 4926 μάτων,
532 4849 622 4905 καὶ
666 4853 785 4918 τοῦ,
844 4853 962 4912 πῶς
1015 4851 1128 4926 χρὴ
1187 4850 1315 4916 τοὺς
1371 4849 1520 4908 ἔνδον
1579 4859 1703 4917 τοῖς
1751 4854 1943 4927 ἔξωθεν

278 4937 702 5014 ἇντιμάχεσθαι,
735 4933 978 5015 ἀκριϐῶς
1006 4939 1112 5014 πρὸ
1178 4942 1341 5014 ἡμῶν
1393 4942 1479 4997 καὶ
1533 4941 1943 5019 λελογισμένως

277 5031 335 5085 οἱ
364 5029 434 5083 τά
456 5027 688 5084 τακτικά
711 5028 801 5083 καὶ
843 5028 1179 5106 στρατηγικά
1207 5029 1653 5106 ἀναγραψάμενοι
1683 5032 1945 5104 ἐξέθεντο.

274 5119 478 5191 Ἡμεῖς
563 5114 621 5173 δέ
704 5117 829 5194 περὶ
905 5115 1270 5195 παραδρομῆς
1383 5121 1474 5176 καὶ
1569 5125 1948 5200 κατασχέσεως

278 5205 626 5282 κλεισουρῶν
661 5206 1106 5284 προσταχθέντες
1138 5211 1224 5284 [Ρ.
1257 5211 1380 5284 159]
1413 5209 1607 5283 εἰπεῖν,
1663 5213 1734 5269 τά
1780 5213 1949 5291 ταύτῃ

279 5295 648 5354 συντελοῦντα
675 5297 767 5352 καὶ
801 5296 1178 5376 ἐφαρμόζοντα
1223 5299 1382 5356 κατὰ.
1416 5299 1480 5356 τὸ
1537 5299 1656 5358 ἐνὸν
1715 5301 1948 5360 ἐκθεῖναι

278 5387 745 5464 κατεπειγόμεθα.
805 5391 924 5445 Τῶν
1010 5385 1301 5463 πολεμίων
1356 5386 1535 5446 τοίνυν
1599 5390 1664 5447 τὸ
1722 5393 1950 5470 κάστρον

2380 3566 2513 3626 CAP.
2571 3569 2717 3625 XXI.
2753 3569 2827 3626 De
2856 3569 3137 3626 obsidione
3170 3567 3384 3641 oppidi.

2131 3683 2242 3740 Ubi
2272 3684 2661 3756 intellexeris,
2686 3687 2762 3743 ad
2791 3686 3188 3744 obsidendum
3218 3684 3501 3758 oppidum
3523 3700 3586 3742 se
3607 3699 3710 3757 pa-

2055 3790 2189 3830 rare
2205 3775 2594 3846 adversarios,
2626 3783 2861 3850 oportet
2891 3783 2968 3848 te,
3000 3794 3032 3834 o
3064 3777 3203 3845 dux,
3253 3792 3386 3847 quas
3437 3775 3569 3832 loca
3609 3792 3709 3848 op-

2056 3865 2406 3938 pugnationi
2437 3872 2644 3937 patent
2670 3869 2831 3939 (sunt
2860 3868 3021 3923 enim
3067 3865 3287 3940 oppida
3337 3865 3526 3922 multa
3573 3882 3706 3937 quas

2056 3955 2568 4028 impugnationem
2594 3975 2717 4014 non
2750 3958 3040 4029 timeant);
3071 3958 3134 4014 in
3164 3958 3257 4013 his
3279 3956 3614 4024 instituere,
3644 3959 3712 4011 ut

2056 4050 2195 4102 ante
2224 4046 2488 4103 hostium
2520 4048 2839 4106 adventum
2864 4049 3280 4121 unusquisque
3328 4065 3402 4104 ex
3437 4047 3610 4120 plebe
3635 4063 3707 4104 eo

2059 4135 2438 4209 confugiente
2469 4137 2693 4194 cibaria
2738 4139 2801 4194 in
2831 4154 3070 4195 menses
3100 4143 3376 4210 quatuor,
3407 4137 3500 4193 vel
3530 4137 3713 4194 etiam

2057 4224 2120 4279 in
2150 4224 2372 4296 plures,
2409 4228 2460 4282 si
2520 4227 2650 4283 fieri
2721 4233 2938 4300 potest,
2966 4228 3254 4300 quamdiu
3273 4227 3529 4284 aestimas
3552 4225 3710 4282 obsi-

2057 4313 2300 4372 dionem
2330 4316 2917 4389 fore,deponat.ltem
2932 4334 3222 4390 aquarum
3240 4317 3302 4373 in
3315 4316 3592 4373 cisternis
3604 4331 3710 4372 cu-

2057 4420 2188 4460 ram
2217 4404 2460 4474 habere,
2480 4412 2952 4480 cmterarumque
2982 4423 3184 4464 rerum
3206 4406 3502 4476 omnium,
3536 4409 3713 4477 quot-

2059 4509 2206 4576 quot
2233 4505 2494 4562 obsessis
2525 4507 2727 4564 tutelas
2759 4513 2936 4580 atque
2967 4507 3244 4580 praesidio
3273 4524 3404 4564 esse
3433 4510 3707 4580 possunt.

2057 4595 2312 4650 Tametsi
2370 4611 2460 4666 ea,
2521 4595 2681 4667 quod
2747 4597 3045 4669 permulta
3087 4601 3250 4663 sunt,
3306 4596 3714 4669 particulatim

2060 4700 2358 4756 exponere
2390 4685 2501 4741 hac
2533 4687 2856 4758 scriptione
2896 4687 3242 4743 omittemus
3297 4689 3443 4743 Nam
3492 4687 3566 4743 de
3615 4686 3713 4754 iis,

2058 4774 2312 4845 aliisque
2327 4777 2712 4848 oppugnandi
2727 4777 3103 4842 commentis,
3128 4776 3322 4849 deque
3343 4777 3575 4834 ratione
3597 4792 3717 4848 qua

2059 4863 2287 4919 obsessi
2301 4864 2713 4922 adorientibus
2765 4867 3070 4934 resistant,
3104 4867 3259 4924 240
3308 4873 3446 4924 ante
3471 4885 3578 4924 nos
3612 4867 3716 4939 qui

2056 4952 2130 5008 de
2155 4970 2220 5008 re
2251 4954 2495 5010 militari
2519 4955 2806 5028 ducisque
2824 4957 3022 5014 ofﬁcio
3044 4958 3716 5029 scripserunt,accurate

2059 5047 2118 5098 et
2135 5043 2308 5100 docte
2330 5051 2752 5117 exposuerunt.
2777 5050 2892 5104 Nos
2942 5052 3153 5104 contra
3181 5047 3255 5104 de
3284 5048 3626 5104 velitatione
3657 5051 3718 5102 et

2057 5133 2447 5204 occupatione
2474 5136 2873 5193 claustrorum
2933 5136 3132 5193 dicere
3171 5137 3354 5210 jussi,
3412 5152 3543 5210 qum
3573 5135 3713 5192 huic

2059 5221 2337 5279 instituto
2361 5225 2680 5298 expediant
2711 5227 3070 5300 propriaque
3102 5227 3243 5296 sint,
3263 5226 3560 5299 explicare
3582 5241 3717 5298 pro-

2058 5326 2358 5382 peramus.
2393 5315 2671 5371 Hostibus
2702 5317 2990 5388 oppidum
3019 5314 3584 5374 circumsidentibus
3605 5330 3714 5387 op-

2057 5402 2603 5476 pugnationemque
2627 5406 2939 5478 aggressis,
2959 5405 3031 5473 si,
3064 5410 3131 5460 ut
3159 5404 3358 5461 solent
3383 5403 3578 5462 facere
3607 5402 3712 5474 qui

1502 5534 1564 5592 C.
1605 5536 1666 5592 B.
1703 5535 1898 5594 HASII
1935 5540 2502 5601 ANNOTATIONES.

357 5681 695 5784 :3.
711 5680 1307 5784 c_odndn.‘:°ﬂ:cpaiuhcbv.
1341 5687 1436 5746 Sic
1465 5686 1634 5746 codd.
1713 5689 1762 5726 ⁸ο
1793 5691 1947 5751 Unci;

2061 5669 2249 5768 clusa,
2291 5715 2427 5772 qua
2455 5707 2596 5763 sunt
2640 5705 2703 5765 in
2763 5703 2935 5767 codd.
2985 5701 3264 5764 omnibus
3312 5699 3717 5784 praetermissa

281 5775 323 5819 a
352 5755 702 5832 conjectura
731 5755 1026 5832 supplevil
