4096 6424
312 348 432 407 995

1634 324 2058 391 NICEPHORI
2103 324 2386 389 ΡΗΟΟΑΞ

3620 330 3745 394 996

315 481 563 538 obessos
596 479 982 548 coangustare
1014 471 1242 539 volunt,
1274 470 1433 524 circa
1461 465 1749 540 oppidum
1781 463 1842 519 in
1865 479 1961 518 or-

2077 460 2566 535 περικαθισάντωθ,
2619 461 2708 516 καὶ
2767 460 2906 536 πρὸς
2955 459 3280 538 πολιορκίαν
3369 461 3729 539 χωρούντων,

319 572 457 628 bem
490 567 989 633 consederunt,ne
1018 562 1118 634 qui
1151 578 1218 617 ex
1248 560 1470 616 nostris
1491 573 1686 628 neque
1706 551 1971 610 intrandi

317 677 514 732 neque
547 654 802 714 exeundi
833 651 1178 708 facultatem
1207 649 1502 705 habeant:
1537 662 1673 702 cum
1699 644 1819 700 sint
1849 642 1971 698 fere

317 751 606 824 pleraque
637 742 857 816 oppida
888 746 1095 796 nostra
1129 740 1190 794 in
1221 739 1368 794 locis
1389 735 1638 793 munitis
1665 732 1970 804 atqueim-

312 819 532 911 peditis
598 831 966 889 constituta:
1015 828 1214 894 facile,
1267 845 1300 883 o
1350 826 1488 896 dux,
1533 822 1755 896 poteris
1809 819 1968 886 illos,

316 934 539 984 temere
567 926 695 982 sine
740 923 892 979 vallo
952 926 1010 977 et
1067 919 1333 975 custodia
1380 915 1716 983 tendentes,
1771 912 1972 983 aliqua

311 1024 480 1092 parte
511 1016 706 1073 noctis
737 1029 876 1068 cum
908 1011 1175 1084 peditatu
1207 1008 1431 1064 adoriri
1464 1005 1794 1076 ;dabisque
1838 1019 1973 1074 ope-

312 1126 464 1176 ram,
495 1112 563 1162 ut
594 1105 668 1162 ad
714 1105 951 1176 signum
994 1101 1386 1157 constitutum
1444 1096 1672 1152 obsessi
1731 1109 1968 1166 quoque

314 1195 520 1254 eadem
553 1195 700 1249 hora
731 1193 1068 1261 erumpant,
1103 1193 1159 1242 et
1189 1187 1301 1258 ipsi
1328 1187 1492 1252 item,
1523 1184 1571 1238 si
1595 1181 1722 1238 ﬁeri
1754 1185 1966 1252 potest,

311 1285 586 1359 prmlium
645 1297 779 1338 cum
838 1277 1159 1334 adversarii
1205 1275 1600 1332 committant.
1674 1273 1780 1337 Ita,
1854 1268 1969 1324 loci

312 1380 528 1432 natura
541 1373 789 1443 insuper
818 1367 1081 1440 adjutus,
1102 1382 1203 1420 eos
1233 1362 1579 1420 debellabis.
1615 1361 1968 1430 Quanquam

313 1468 427 1523 hoc
459 1464 701 1537 quidem
732 1479 804 1520 ex
831 1458 1204 1534 providentia
1228 1456 1330 1512 Dei
1362 1454 1600 1527 pendet.
1635 1452 1694 1508 Si
1724 1467 1858 1506 vero
1893 1449 1966 1505 ob

317 1554 737 1612 difficultatem
767 1557 946 1622 atque
975 1547 1354 1620 asperitatem
1385 1544 1500 1599 loci
1531 1543 1616 1598 sic
1647 1539 1966 1612 dispersim

315 1646 380 1702 in
410 1644 616 1701 orbem
646 1639 954 1699 considere
975 1655 1096 1694 non
1126 1636 1365 1704 audent,
1400 1633 1503 1689 sed
1535 1647 1741 1688 omnes
1760 1644 1966 1686 eorum

315 1737 502 1808 copiae
531 1734 621 1790 vel
650 1732 930 1804 bipartito
952 1729 1042 1784 vel
1062 1744 1184 1782 uno
1204 1726 1331 1783 solo
1354 1725 1484 1780 loco
1505 1722 1965 1792 tendunt,opor-

2081 548 2133 603 εἴ
2165 549 2387 622 μὶν,ὡς
2427 549 2547 616 ἔθος
2605 549 2716 607 ἐστὶ
2775 556 2891 613 τοῖς
2954 550 3317 627 βουλομένοις
3371 560 3740 628 στενοχωρεῖν

2081 637 2207 701 τοὺς
2265 639 2796 715 πολιορκουμένους,
2855 641 3262 712 ἀπληκεύσουσι
3323 639 3587 712 δηλονότι
3643 649 3745 700 τοῦ

2081 729 2317 803 κάπρου
2346 729 2612 796 κυκλόθεν
2641 731 2688 769 δι
2715 731 2852 806 πρὸς
2878 732 2942 786 τὸ
2976 732 3051 805 μή
3112 728 3371 795 δύνασθαί
3426 753 3578 796 τινας
3631 738 3747 790 τῶν

2080 819 2364 895 ἡμετέρων
2431 823 2569 894 μήτε
2627 821 2964 896 εἷσέρχεσθαι
3026 823 3166 894 μήτε
3223 821 3557 898 ἐξὲρχεσθαι’
3619 822 3741 880 ἐπεὶ

2081 907 2134 963 ἐν
2171 909 2399 984 ὀχυροῖς
2427 911 2620 973 τόποις
2651 911 2740 965 καὶ
2796 905 3084 974 δυσϐάτυις
3137 907 3336 986 σχεδὸν
3382 911 3451 968 τὰ
3505 913 3741 970 πλεῖστα

2079 999 2241 1071 ἡμῶν
2268 995 2518 1074 ἵδρυνται
2544 999 2766 1074 κάστρα·
2797 1000 3041 1076 εὐχερῶς
3069 999 3288 1062 τούτοις
3321 999 3496 1063 οὕτως
3553 1001 3745 1073 ἀπλη-

2079 1087 2354 1158 κεύσουσι,
2385 1088 2630 1164 χάρακος
2685 1090 2775 1144 καὶ
2833 1087 3131 1162 ἀσφαλείας
3184 1087 3330 1162 ἄνευ,
3391 1089 3660 1166 ίσχύσεις,
3693 1093 3740 1147 ὧ

2080 1179 2368 1255 στρατηγὶ,
2399 1181 2518 1244 καθ’
2546 1177 2598 1236 ἔν
2650 1181 2814 1255 μέρος
2874 1180 3066 1245 νυκτὸς
3117 1179 3252 1253 μετά
3293 1186 3517 1250 πεζικοῦ
3571 1203 3742 1258 στρα-

2078 1267 2345 1342 τεύματος
2405 1267 2704 1334 ἐπιθέσθαι·
2764 1269 2855 1325 καὶ
2939 1270 3076 1342 μετά
3163 1271 3506 1343 συνθήματος
3593 1273 3739 1345 ὁμοῦ

2078 1357 2327 1422 καὶτοὺς
2367 1355 2520 1414 ἔνδον
2580 1359 2810 1430 ἐξελθεῖν
2867 1360 3295 1435 παρασκευάσεις
3353 1359 3405 1415 ἐν
3467 1361 3608 1436 αὐτῇ
3668 1365 3740 1437 τῇ

2081 1446 2218 1523 ὥρᾳ,
2248 1450 2339 1503 καὶ
2379 1448 2611 1524 συνάψαι
2641 1447 2732 1504 καὶ
2784 1448 3006 1520 αὐτοὺς,
3066 1448 3112 1504 εί
3163 1448 3408 1518 δυνατὸν,
3462 1451 3739 1524 πόλεμον.

2079 1535 2183 1593 Καὶ
2209 1539 2312 1606 τὴν
2339 1537 2445 1593 ἀπὸ
2472 1542 2571 1593 τοῦ
2598 1540 2771 1594 τόπου
2821 1536 2967 1614 ἔχων
3023 1539 3278 1614 βοήθειαν
3325 1539 3554 1603 τούτους
3611 1563 3742 1597 κατ-

2078 1626 2343 1702 αγωνίσῃ.
2378 1629 2574 1702 Ἔργον
2603 1625 2661 1683 δὲ
2689 1627 2852 1683 τοῦτο
2902 1627 3162 1704 προνοίας
3210 1632 3368 1685 Θεοῦ.
3417 1629 3480 1685 Εἰ
3533 1627 3590 1685 δὶ
3647 1629 3741 1687 διὰ

2075 1716 2178 1784 τὴν
2211 1720 2307 1770 τοῦ
2340 1717 2531 1791 χώρου
2579 1714 2898 1792 δυσχέρειαν
2947 1717 3038 1772 καὶ
3091 1714 3445 1791 σκληρότητα
3492 1719 3557 1775 ού
3607 1721 3739 1798 θαρο

313 1832 398 1882 tet
426 1825 618 1898 primo
641 1823 924 1878 alimenta
982 1819 1295 1875 hominum
1328 1821 1389 1871 et
1435 1829 1725 1887 equorum
1758 1809 1964 1866 omnia

2081 1804 2338 1881 ῥήσουσιν
2380 1805 2556 1871 οὕτως
2608 1805 2872 1870 κυκλόθεν
2931 1806 3020 1862 καὶ
3081 1803 3491 1881 διεσπαρμένως
3550 1807 3740 1882 ἀπλη-

314 1914 583 1971 comburi
633 1913 989 1985 penitusque
1021 1907 1230 1975 deleri,
1265 1921 1460 1976 neque
1519 1902 1846 1976 quidquam
1900 1899 1963 1954 in

312 2006 460 2060 vicis
491 2003 583 2059 vel
612 2002 859 2074 propius
890 1999 962 2055 ab
1012 1997 1229 2070 oppido
1254 1995 1346 2052 vel
1404 1995 1640 2067 longius
1685 1990 1968 2062 relinqui,

316 2093 474 2167 quod
501 2092 796 2166 jumentis
828 2088 1241 2146 hominibusve
1272 2085 1406 2141 usui
1441 2083 1536 2140 sit.
1571 2083 1627 2138 Si
1653 2082 1817 2154 ligna
1831 2079 1973 2136 defi-

312 2185 500 2250 ciunt,
533 2199 728 2254 neque
761 2181 947 2236 saltus
979 2195 1048 2234 ea
1095 2177 1339 2248 regione
1383 2173 1606 2240 subest,
1637 2172 1816 2227 etiam
1842 2171 1974 2242 ipsa

310 2273 702 2329 mdiflciorum
725 2270 875 2325 247
912 2272 1066 2323 tecta
1091 2263 1414 2321 cremanda
1444 2267 1602 2318 sunt.
1628 2263 1716 2315 Ita
1744 2260 1969 2322 hostes,

299 2367 544 2436 prOpter
574 2358 989 2415 difficultatem
1023 2355 1390 2425 lignationis,
1415 2351 1620 2421 reique
1649 2349 1972 2404 frumenta-

309 2435 417 2508 riae
440 2450 976 2522 inOpiam,necesse
999 2443 1338 2516 estlongius
1359 2441 1581 2497 milites
1604 2438 1874 2493 emittere
1897 2435 1970 2491 ad

311 2558 409 2597 res
439 2539 808 2595 necessarias
830 2532 1309 2606 comportandas.
1340 2531 1425 2586 Ibi
1449 2536 1532 2596 tu,
1567 2544 1702 2584 cum
1725 2525 1912 2598 perite
1939 2542 1970 2580 e

319 2631 609 2700 ducisque
624 2626 820 2683 ofﬁcio
834 2642 960 2681 rem
987 2620 1495 2696 gesseris,poteris
1517 2618 1652 2673 illos
1666 2615 1971 2672 collocatis

314 2719 550 2775 insidiis
597 2733 811 2773 vexare
843 2732 909 2770 ac
939 2714 1188 2769 fundere
1225 2729 1238 2766 :
1273 2709 1519 2774 utideo,
1555 2706 1855 2776 simulque
1886 2704 1971 2758 vi-

311 2817 442 2866 ctus
481 2809 686 2881 inopia
715 2808 925 2870 coacti,
955 2803 1330 2860 obsidionem
1390 2799 1640 2855 solvant.
1675 2797 1782 2852 Ubi
1832 2795 1970 2851 illos

309 2897 787 2972 perseverantius
819 2896 882 2950 in
931 2892 1246 2948 obsidione
1286 2902 1666 2962 permanere,
1707 2885 1770 2939 in
1801 2883 1971 2955 Oppi-

312 2970 506 3058 doque
531 3002 661 3042 rem
689 3001 818 3040 esse
841 2983 905 3038 in
937 2985 1186 3053 angusto
1220 2978 1404 3043 vides,
1438 2975 1620 3031 debes
1651 2973 1725 3028 de
1776 2970 1972 3028 confe-

305 3076 512 3133 rendis
542 3079 714 3130 nocte
747 3078 867 3128 toto
901 3073 1082 3126 Marte
1115 3068 1302 3141 signis
1327 3062 1968 3139 cogitare,contraclis,

314 3183 440 3222 una
467 3181 604 3220 cum
636 3157 1307 3234 equitatu,pedestribus
1329 3155 1535 3228 copiis.
1562 3155 1716 3219 Quas
1756 3151 1806 3206 si
1828 3167 1968 3207 con-
2011 3201 2054 3268 Ο

433 3256 443 3266 .
537 3260 546 3268 .
760 3257 770 3268 .
963 3250 1007 3268 ιγ
1032 3249 1070 3268 ,ε
1169 3245 1457 3268 -..--ξιει---
1517 3241 1944 3268 εκιμ-..-ηηηηεη

313 3256 623 3311 venienter
676 3257 903 3308 naturas
960 3249 1074 3304 loci
1160 3245 1460 3318 equitibus
1517 3241 1971 3314 interposueris,

316 3346 561 3402 institue
594 3347 774 3398 noctu
804 3340 1101 3412 prazlium,
1125 3333 1628 3409 quemadmodum
1647 3329 1973 3386 inferiusin

319 3435 512 3508 capite
561 3433 632 3488 de
663 3430 1048 3487 dimicatione
1087 3431 1338 3482 noctura
1371 3419 1818 3478 demonstrabo.
1853 3420 1972 3474 Hoc

313 3524 491 3582 modo
522 3524 758 3593 franges
784 3520 1267 3591 illos,cogesque,
1285 3520 1351 3570 ut
1380 3511 1754 3568 obsidionem
1769 3508 1970 3582 oppidi

313 3615 609 3670 omittant.
653 3611 711 3666 Si
743 3626 862 3681 qua
892 3614 1093 3663 tamen
1124 3604 1363 3661 obsistit
1391 3617 1590 3666 causa,
1652 3597 1971 3670 quominus

308 3703 586 3776 praelium
610 3705 788 3754 noctu
820 3699 946 3765 flat,
979 3695 1206 3751 obsessi
1237 3699 1460 3762 autem,
1508 3687 1777 3761 quamvis
1807 3703 1971 3742 com-

309 3775 513 3848 meatu
538 3785 1107 3858 instructi,praasidii
1137 3783 1428 3854 indigent,
1451 3783 1620 3852 potes
1651 3777 1756 3832 illo
1787 3775 1968 3832 modo

311 3881 404 3937 vel
433 3882 964 3952 propugnatorum,
1013 3873 1127 3940 vel,
1189 3872 1236 3927 si
1295 3885 1538 3926 annona
1592 3871 1966 3939 premuntur,

312 3970 675 4027 cibariorum
709 3964 1194 4037 supplementum
1249 3957 1647 4014 introducere.
1699 3955 1871 4012 Omni
1904 3954 1967 4009 in

307 4077 496 4117 unum
545 4059 744 4114 locum
775 4059 979 4113 coacto
1020 4070 1088 4109 ac
1133 4051 1410 4107 bifariam
1460 4048 1649 4104 diviso
1680 4046 1966 4112 exercitu,

309 4148 646 4221 suscipiant
674 4146 926 4202 alterius
956 4142 1146 4216 partis
1175 4141 1398 4196 milites
1430 4137 1648 4211 singuli
1679 4137 1741 4191 in
1782 4151 1969 4207 equos

312 4237 530 4310 quibus
559 4235 859 4291 vehuntur
887 4236 1212 4302 quaternos
1251 4226 1484 4283 modios
1529 4224 1832 4280 frumenti.
1866 4222 1968 4277 His

316 4327 604 4383 attribuas
636 4325 789 4381 alios
833 4320 1139 4393 expeditos
1193 4319 1447 4389 equites,
1496 4315 1652 4370 nihil
1706 4313 1967 4368 ferentes

313 4421 530 4490 praater
560 4431 747 4480 arma,
777 4413 879 4484 qui
909 4412 1197 4467 duntaxat
1247 4407 1454 4463 alteris
1485 4401 1764 4476 praesidio
1823 4402 1964 4458 sint.

312 4489 396 4561 Tu
424 4523 560 4561 vero
592 4521 730 4560 cum
762 4501 994 4573 reliquo
1025 4501 1252 4554 armato
1282 4495 1542 4552 exercitu
1573 4509 1643 4548 ex
1671 4496 1837 4563 parte
1874 4489 1964 4546 dio

2077 1897 2286 1964 κεῦσαι,
2346 1893 2473 1950 ἀλλ’
2531 1895 2591 1951 ἐκ
2647 1892 2745 1951 δύο
2805 1894 3048 1970 μερῶνῆ
3080 1893 3133 1966 ἐξ
3191 1896 3305 1959 ἰνὸς
3359 1893 3499 1960 ἅπας
3540 1899 3568 1954 ὁ
3600 1896 3740 1961 λαὸς

2078 1983 2254 2038 αὐτῶν
2286 1983 2758 2059 στρατοπεδεύσει,
2800 1982 2918 2040 δέον
2975 1984 3240 2062 πρότερον
3297 1991 3470 2041 πᾶσαν
3527 1989 3738 2066 τροφήν

2080 2072 2382 2148 ἀνθρώπων
2414 2095 2472 2129 τε
2526 2075 2615 2128 καὶ
2673 2070 2896 2150 ἀλόγων
2949 2081 3307 2150 πυρπολῆσαι
3363 2075 3452 2131 καὶ
3509 2075 3734 2138 τελείως

2079 2160 2410 2237 ἐξαφανίσαι,
2441 2164 2532 2218 καὶ
2575 2161 2747 2237 μηδὲν
2806 2163 2883 2226 εἰς
2938 2163 3130 2240 χρείαν
3192 2162 3414 2240 ἀλόγων
3445 2163 3482 2234 ἤ
3512 2165 3724 2241 ἀνθρώ-

2079 2281 2196 2316 πων
2255 2259 2499 2333 πλησίου
2549 2266 2650 2318 τοῦ
2708 2260 2943 2336 κάστρου
2973 2262 3009 2332 ἤ
3059 2262 3250 2340 πόῤῥω
3302 2263 3618 2320 καταλιπεῖν
3679 2264 3734 2319 ἐν

2077 2354 2198 2411 τοῖς
2231 2350 2485 2425 χωρίοις.
2534 2349 2601 2407 Ei’
2653 2346 2711 2405 δὲ
2766 2349 2856 2405 καὶ
2917 2349 3078 2422 ξύλον
3137 2349 3433 2423 ἐπιλείπει,
3483 2351 3570 2407 ἐπὶ
3628 2357 3728 2407 τοῦ

2079 2440 2253 2494 τόπου
2285 2435 2448 2516 ὅρους
2483 2440 2559 2512 μὴ
2593 2438 2770 2507 ὅντος,
2802 2441 2891 2494 καὶ
2924 2440 3059 2496 αύτά
3083 2440 3148 2496 τὰ
3197 2439 3360 2518 στέγη
3414 2445 3521 2496 τῶν
3573 2440 3740 2512 οἰκη-

2085 2528 2268 2602 μάτων
2300 2527 2677 2604 πυρπολῆσαι.
2714 2529 2775 2586 Ei
2807 2530 2910 2604 γάρ
2964 2529 3053 2585 καὶ
3113 2529 3288 2604 ξύλων
3343 2529 3395 2586 ἐν
3440 2529 3602 2606 χρείᾳ
3648 2530 3742 2607 γὲ-

2078 2639 2280 2673 νωνται
2321 2619 2373 2674 οἱ
2403 2617 2695 2692 πολέμιοι,
2722 2620 2812 2674 καὶ
2841 2624 3059 2698 τροφῶν
3093 2617 3290 2682 ἐνδεεῖς
3319 2621 3476 2691 ὦσιν,
3529 2621 3734 2697 ἀνάγκη

2076 2708 2171 2763 τὸν
2199 2706 2334 2764 λαὸν
2367 2709 2546 2764 αὐτῶν
2587 2708 2902 2785 ἐξέρχεσθαι
2956 2709 3290 2788 μακρότερον
3339 2711 3477 2787 πρὸς
3528 2709 3740 2767 συλλο-

2078 2797 2184 2872 γήν
2212 2801 2320 2853 τῶν
2355 2802 2581 2872 χρειῶν.
2618 2803 2728 2853 Σοῦ
2769 2795 2829 2854 δὶ
2883 2797 3158 2875 ἐμπείρως
3207 2799 3298 2854 καὶ
3357 2804 3743 2876 στρατηγικῶς

2081 2884 2461 2960 διατιθεμένου
2489 2890 2554 2958 ⁸³,
2618 2884 2826 2964 δυνήσῃ
2874 2887 3102 2954 τούτους
3153 2890 3287 2962 μετά
3339 2888 3740 2966 ἐγκρυμμάτων

2077 2976 2465 3050 τραυματίζειν
2553 2977 2640 3031 καὶ
2719 2980 3210 3053 κατατροποῦσθαιο
3271 2978 3346 3040 ὡς
3405 2977 3466 3033 ἐκ
3519 2977 3743 3054 τούτου,

2078 3069 2149 3140 τῇ
2178 3070 2287 3120 τῶν
2316 3069 2536 3143 τροφῶν
2569 3063 2742 3137 ἐνδείᾳ
2794 3065 3248 3141 ἀναγκαζόμενοι,
3280 3068 3380 3138 τὴν
3412 3065 3740 3145 πολιορκίαν

2083 3155 2364 3212 λύσουσιν.
2415 3155 2478 3212 Ei
2538 3153 2596 3210 δὲ
2653 3157 2782 3232 ὁρᾷς
2837 3155 3033 3220 αὐτοὺς
3089 3155 3598 3235 ἐπικαρτεροῦντασ,
3649 3161 3741 3216 καὶ

2080 3245 2152 3316 τῇ
2178 3243 2478 3320 πολιορκίᾳ
2506 3242 2886 3318 ἐπιμένοντας,
2941 3245 3033 3300 καὶ
3090 3245 3216 3307 τοὺς
3266 3242 3413 3302 ἔνδον
3463 3267 3757 3324 στενοχω-,

2079 3311 2402 3407 ρονυμένους,
2437 3311 2554 3388 δέον
2603 3311 2702 3388 *καὶ
2757 3311 2893 3409 πρὸς
2943 3331 3394 3408 νυκτοπολὲμους
3450 3311 3736 3410 δημοσίως

2079 3428 2359 3496 χωρῆσαι,
2409 3420 2634 3490 πεζικὸν
2693 3423 3055 3499 συναγηοχὼς
3113 3422 3424 3498 στράτευμα
3477 3427 3591 3498 ἅμα
3644 3426 3740 3480 ἱπ-

2077 3514 2284 3565 πεῦσιν·
2323 3511 2392 3567 ’Ό
2451 3511 2804 3586 ἁρμοζόντως
2860 3511 2995 3567 κατά
3051 3513 3149 3582 τήν
3207 3517 3305 3568 τοῦ
3360 3513 3532 3570 τόπου
3583 3513 3734 3577 θὲσιν

2074 3599 2293 3661 τούτοις
2346 3599 2762 3673 συνταξάμενος,
2813 3600 2908 3656 τὸν
2954 3601 3008 3656 ἐν
3067 3603 3220 3657 νυκτί
3263 3602 3510 3678 πολεμον
3557 3623 3740 3680 παρα-

2078 3687 2356 3752 σκευάσεις
2439 3688 2706 3765 γενέσθαι,
2783 3690 2964 3754 καθὼς
3030 3692 3380 3766 παρακατιὼν
3437 3692 3562 3768 περί
3633 3713 3730 3747 νυ-

2073 3775 2430 3850 κτοπολέμου
2461 3774 2724 3848 δηλώσω.
2759 3777 2864 3835 Καὶ
2892 3777 3073 3852 τούτῳ
3120 3784 3201 3852 τῷ
3248 3781 3440 3858 τρόπῳ
3481 3801 3741 3857 καταγω-

2075 3866 2192 3940 via-9
2249 3864 2468 3935 αὐτοὺς,
2561 3866 2652 3921 καὶ
2735 3867 3054 3943 ἀναγκάσεις
3134 3869 3233 3938 τήν
3318 3873 3416 3925 τοῦ
3499 3870 3739 3946 κάστρου

2073 3953 2404 4030 πολιορκίαν
2437 3953 2640 4010 λιπεῖν.
2676 3954 2742 4013 El
2793 3953 2850 4011 δὲ
2894 3978 2980 4020 τις
3036 3957 3186 4013 αἲτία
3238 3959 3331 4014 τὸν
3390 3961 3492 4029 τῆς
3543 3961 3740 4024 νυκτὸς

2073 4043 2324 4118 πόλεμον
2381 4041 2719 4118 διακωλύσῃ,
2775 4045 2867 4100 καί
2925 4047 2979 4102 οἱ
3035 4041 3190 4106 ἔνδον
3268 4047 3742 4125 πολιορκούμενοι

2075 4131 2273 4194 ἐνδεεῖς
2303 4131 2442 4188 λαοῦ
2471 4137 2570 4188 τοῦ
2601 4134 2933 4208 βοηθοῦντός
2987 4136 3114 4208 εἰσι,
3167 4143 3385 4214 τροφῶν
3439 4135 3497 4193 δέ
3545 4140 3741 4194 σπάνιν

2075 4222 2177 4278 οὐκ
2204 4221 2420 4297 ἔχουσι,
2475 4219 2682 4294 δυνήσᾳ
2735 4224 2829 4278 καὶ
2894 4224 3090 4300 ἑτέρων
3143 4224 3354 4304 ἀνδρῶν
3412 4231 3736 4305 προσθήκην

2073 4311 2384 4388 ἐπαγαγεῖν,
2425 4309 2607 4387 ὥσπερ
2663 4312 2758 4368 καὶ
2815 4316 3048 4392 τροφῆς,
3105 4313 3160 4371 εἷ’
3205 4337 3266 4393 γε
3327 4315 3548 4389 ἐνδεεῖς,
3609 4318 3736 4391 εἶεν,

2069 4401 2264 4476 τρόπῳ
2300 4398 2521 4474 τοιῷδε·
2557 4403 2642 4474 [Ρ.
2679 4403 2805 4470 4601
2838 4405 3162 4480 Συναγαγὼν
3220 4405 3361 4461 ἅπαν
3408 4406 3472 4462 τὸ
3519 4406 3623 4461 ὑπὸ
3670 4407 3732 4461 σὲ

2075 4491 2382 4566 στράτευμα
2409 4489 2500 4545 καὶ
2558 4487 2692 4567 διχῆ
2756 4489 2953 4554 αὐτοὺς
3013 4489 3232 4563 διελὼν,
3265 4495 3458 4568 οἱμὲν
3515 4495 3736 4568 ἡμίσεις

312 4611 483 4650 versa
511 4593 719 4649 eadem
777 4591 948 4656 hora,
1001 4604 1116 4658 qua
1166 4581 1540 4641 frumentarii
1596 4579 1839 4653 propius
1891 4578 1965 4635 ad

2077 4579 2278 4636 τούτων
2307 4574 2726 4635 ἀναλαϐἑτωσαν
2760 4586 2947 4646 καθεῖς
2979 4581 3083 4637 ἀνά
3122 4583 3274 4638 σίτου
3329 4581 3562 4657 μοδίους
3614 4585 3737 4640 τεσ-

314 4683 599 4756 0ppidum
629 4680 926 4737 accessuri
958 4677 1282 4745 sunt,circa
1308 4671 1570 4728 mediam
1600 4673 1837 4726 noctem
1869 4686 1962 4724 re-

312 4777 492 4846 pente
525 4771 679 4828 248
724 4787 857 4826 cum
905 4769 1161 4824 clamore
1216 4763 1613 4832 tubarumque
1673 4764 1965 4815 concentu

317 4878 559 4935 appare,
593 4861 761 4932 quasi
786 4859 1036 4931 jamjam
1068 4854 1340 4926 prwlium
1373 4850 1822 4907 commissurus.
1858 4849 1962 4915 Ita,

317 4953 462 5008 dum
488 4951 687 5006 hostes
709 4949 782 5004 ad
796 4946 1243 5004 dimicationem
1264 4941 1544 4996 adversus
1562 4945 1618 4995 te
1641 4957 1702 4994 se
1728 4943 1963 5010 parant,

319 5043 546 5113 tibique
569 5039 801 5095 obviam
825 5039 1169 5110 properant,
1202 5031 1303 5103 qui
1324 5031 1690 5086 frumentum
1734 5033 1967 5100 gestant

311 5131 661 5187 facultatem
693 5127 850 5184 nacti
884 5125 944 5180 id
975 5121 1384 5196 importabunt
1429 5120 1492 5174 in
1549 5118 1858 5190 oppidum,
1907 5123 1967 5172 et

316 5221 649 5278 incolumes
670 5220 1059 5276 revertentur.
1079 5210 1387 5285 Ejusmodi
1407 5213 1746 5266 commento
1761 5213 1966 5280 etpro-

315 5316 714 5385 pugnatorum
738 5306 1234 5370 additamentum,
1268 5305 1327 5357 et
1346 5303 1738 5366 commeatus,
1769 5298 1818 5354 si
1841 5313 1966 5353 am-

2074 4690 2240 4746 σαρας
2278 4668 2354 4730 εἷς
2401 4667 2496 4731 οὕς
2552 4667 2895 4745 ἐποχοῦνται
2948 4669 3177 4734 ’ἱππους’
3227 4674 3487 4749 παρέχων
3549 4673 3737 4738 αὐτοῖς

2071 4759 2162 4816 καὶ
2189 4759 2460 4828 εὐζώνους
2520 4758 2739 4833 ἒτέρους
2797 4759 3009 4827 ἱππεῖς,
3072 4760 3243 4833 μηδὲν
3303 4762 3736 4840 ἐπιφερομένους

2072 4848 2219 4916 πλὴν
2249 4849 2318 4903 τὰ
2346 4846 2492 4904 ὅπλα
2543 4849 2747 4916 αὐτῶν,
2795 4849 2888 4904 καὶ
2941 4851 3079 4926 πρὸς
3139 4851 3312 4924 μόνην
3351 4853 3526 4908 αὐτῶν
3569 4851 3742 4931 φυλα-

2072 4939 2174 5007 κὴν
2209 4938 2363 4994 εἶναι.
2397 4936 2472 4991 Σὺ
2506 4933 2563 4992 δὲ
2597 4938 2734 5010 μετά
2778 4942 2876 4994 τοῦ
2910 4937 3110 4995 λοιποῦ
3165 4943 3428 5016 μαχίμου
3478 4943 3738 5020 στρατεύ-

2079 5047 2248 5102 ματος
2287 5025 2340 5081 ἐν
2399 5026 2569 5102 ἐτὲρῳ
2628 5027 2778 5103 μέρει
2835 5029 2974 5084 κατά
3027 5031 3128 5100 τήν
3189 5030 3361 5106 ὥραν,
3415 5031 3483 5103 ἤν
3539 5033 3591 5088 οἱ
3647 5033 3742 5087 τὸν

2073 5121 2222 5172 σῖτον
2271 5115 2660 5194 ἐπιφερόμενοι
2711 5113 2950 5189 πλησίον
3005 5123 3103 5176 τοῦ
3158 5121 3396 5196 κάστρου
3464 5119 3741 5197 μέλλουσι

2071 5205 2339 5281 γενέσθαι,
2382 5205 2507 5282 περὶ
2570 5207 2740 5280 μέσην
2798 5207 2968 5264 νύκτα
3026 5209 3240 5286 ἀθρόως
3302 5212 3440 5286 μετά
3489 5219 3740 5288 κραυγῆς

2071 5295 2163 5352 καὶ
2195 5294 2521 5373 σαλπίγγων
2553 5297 2781 5372 φάνηθι,
2812 5297 2888 5361 ὡς
2932 5295 3042 5371 ἤδη
3101 5298 3446 5375 πολεμήσων
3508 5300 3734 5365 αὐτούς.

1525 5493 1588 5549 C.
1631 5494 1696 5551 Β.
1737 5492 1928 5550 HASll
1963 5492 2524 5551 ANNOTATIONES.

387 5670 433 5708 ⁸1
463 5667 750 5746 κυκλόθεν]
776 5662 1055 5722 κύκλωθεν
1088 5660 1220 5722 cod.
1296 5659 1347 5697 ⁸³
1373 5654 1773 5731 διατιθεμένου.
1811 5654 1905 5715 Sic
1933 5653 2108 5714 codd.
