  <div class='ocr_page' id='page_1' title='image "/cluster/home/n/w/nwhite01/storage/ocr_20150623/117/coo.31924054870211/510.png"; bbox 0 0 4096 6434; ppageno 0'>
   <div class='ocr_carea' id='block_1_1' title="bbox 306 350 429 412">
    <p class='ocr_par' dir='ltr' id='par_1_1' title="bbox 306 350 429 412">
     <span class='ocr_line' id='line_1_1' title="bbox 306 350 429 412; baseline -0.016 1"><span class='ocrx_word' id='word_1_1' title='bbox 306 350 429 412; x_wconf 85' lang='lat'>997</span> 
     </span>
    </p>
   </div>
   <div class='ocr_carea' id='block_1_2' title="bbox 301 453 1976 554">
    <p class='ocr_par' dir='ltr' id='par_1_2' title="bbox 301 453 1976 554">
     <span class='ocr_line' id='line_1_2' title="bbox 301 453 1976 554; baseline -0.021 -14"><span class='ocrx_word' id='word_1_2' title='bbox 301 488 427 544; x_wconf 83' lang='grc' dir='ltr'>Τῶν</span> <span class='ocrx_word' id='word_1_3' title='bbox 462 480 522 536; x_wconf 78' lang='grc' dir='ltr'>δὶ</span> <span class='ocrx_word' id='word_1_4' title='bbox 578 477 719 554; x_wconf 82' lang='grc' dir='ltr'>πρὸς</span> <span class='ocrx_word' id='word_1_5' title='bbox 776 472 871 530; x_wconf 83' lang='grc' dir='ltr'>τὸν</span> <span class='ocrx_word' id='word_1_6' title='bbox 931 471 1024 527; x_wconf 84' lang='grc' dir='ltr'>σὸν</span> <span class='ocrx_word' id='word_1_7' title='bbox 1080 465 1329 540; x_wconf 82' lang='grc' dir='ltr'>πὸλεμον</span> <span class='ocrx_word' id='word_1_8' title='bbox 1389 453 1976 554; x_wconf 58' lang='grc' dir='ltr'>παρασκευαζομένων,</span> 
     </span>
    </p>
   </div>
   <div class='ocr_carea' id='block_1_3' title="bbox 299 542 1978 645">
    <p class='ocr_par' dir='ltr' id='par_1_3' title="bbox 299 542 1978 645">
     <span class='ocr_line' id='line_1_3' title="bbox 299 542 1978 645; baseline -0.02 -15"><span class='ocrx_word' id='word_1_9' title='bbox 299 542 396 630; x_wconf 74' lang='grc' dir='ltr'>καὶ</span> <span class='ocrx_word' id='word_1_10' title='bbox 427 572 530 640; x_wconf 81' lang='grc' dir='ltr'>τήν</span> <span class='ocrx_word' id='word_1_11' title='bbox 564 542 751 645; x_wconf 75' lang='grc' dir='ltr'>ὁρμὴν</span> <span class='ocrx_word' id='word_1_12' title='bbox 780 563 917 638; x_wconf 88' lang='grc' dir='ltr'>πρὸς</span> <span class='ocrx_word' id='word_1_13' title='bbox 949 560 1008 614; x_wconf 78' lang='grc' dir='ltr'>σὶ</span> <span class='ocrx_word' id='word_1_14' title='bbox 1062 556 1432 630; x_wconf 70' lang='grc' dir='ltr'>ποιουμένων,</span> <span class='ocrx_word' id='word_1_15' title='bbox 1487 548 1666 609; x_wconf 77' lang='grc' dir='ltr'>ἄδειαν</span> <span class='ocrx_word' id='word_1_16' title='bbox 1725 542 1978 645; x_wconf 63' lang='grc' dir='ltr'>εὑρόντες</span> 
     </span>
    </p>
   </div>
   <div class='ocr_carea' id='block_1_4' title="bbox 1595 308 2413 388">
    <p class='ocr_par' dir='ltr' id='par_1_4' title="bbox 1595 308 2413 388">
     <span class='ocr_line' id='line_1_4' title="bbox 1595 308 2413 388; baseline -0.018 -1"><span class='ocrx_word' id='word_1_17' title='bbox 1595 315 2017 388; x_wconf 76' lang='lat' dir='ltr'>VELITATIO</span> <span class='ocrx_word' id='word_1_18' title='bbox 2057 308 2413 376; x_wconf 78' lang='lat' dir='ltr'>BELLICA.</span> 
     </span>
    </p>
   </div>
   <div class='ocr_carea' id='block_1_5' title="bbox 3618 310 3741 372">
    <p class='ocr_par' dir='ltr' id='par_1_5' title="bbox 3618 310 3741 372">
     <span class='ocr_line' id='line_1_5' title="bbox 3618 310 3741 372; baseline 0.016 -2"><span class='ocrx_word' id='word_1_19' title='bbox 3618 310 3741 372; x_wconf 84' lang='lat'>998</span> 
     </span>
    </p>
   </div>
   <div class='ocr_carea' id='block_1_6' title="bbox 2086 443 3743 529">
    <p class='ocr_par' dir='ltr' id='par_1_6' title="bbox 2086 443 3743 529">
     <span class='ocr_line' id='line_1_6' title="bbox 2086 443 3743 529; baseline -0.001 -25"><span class='ocrx_word' id='word_1_20' title='bbox 2086 447 2299 504; x_wconf 90' lang='lat' dir='ltr'><strong>borum</strong></span> <span class='ocrx_word' id='word_1_21' title='bbox 2330 445 2534 517; x_wconf 88' lang='lat' dir='ltr'>inopia</span> <span class='ocrx_word' id='word_1_22' title='bbox 2563 450 2672 514; x_wconf 89' lang='lat' dir='ltr'><strong>est,</strong></span> <span class='ocrx_word' id='word_1_23' title='bbox 2698 443 3208 529; x_wconf 71' lang='lat' dir='ltr'><strong>subministrabis,</strong></span> <span class='ocrx_word' id='word_1_24' title='bbox 3239 443 3613 518; x_wconf 72' lang='lat' dir='ltr'>salutemque</span> <span class='ocrx_word' id='word_1_25' title='bbox 3643 447 3743 503; x_wconf 89' lang='lat' dir='ltr'><strong>ob-</strong></span> 
     </span>
    </p>
   </div>
   <div class='ocr_carea' id='block_1_7' title="bbox 2091 536 2588 608">
    <p class='ocr_par' dir='ltr' id='par_1_7' title="bbox 2091 536 2588 608">
     <span class='ocr_line' id='line_1_7' title="bbox 2091 536 2588 608; baseline -0.002 -15"><span class='ocrx_word' id='word_1_26' title='bbox 2091 536 2240 593; x_wconf 89' lang='lat' dir='ltr'><strong>sessi</strong></span> <span class='ocrx_word' id='word_1_27' title='bbox 2272 536 2588 608; x_wconf 83' lang='lat' dir='ltr'>accipient.</span> 
     </span>
    </p>
   </div>
   <div class='ocr_carea' id='block_1_8' title="bbox 306 621 3746 736">
    <p class='ocr_par' dir='ltr' id='par_1_8' title="bbox 306 621 3746 736">
     <span class='ocr_line' id='line_1_8' title="bbox 306 621 3746 727; baseline -0.013 -7"><span class='ocrx_word' id='word_1_28' title='bbox 695 621 1110 727; x_wconf 61' lang='grc' dir='ltr'>ίπιονερόμενοι,</span> <span class='ocrx_word' id='word_1_29' title='bbox 1141 621 1541 718; x_wconf 76' lang='grc' dir='ltr'>ἀποκομίσουσί</span> <span class='ocrx_word' id='word_1_30' title='bbox 1587 659 1648 694; x_wconf 82' lang='grc' dir='ltr'>τε</span> <span class='ocrx_word' id='word_1_31' title='bbox 1706 634 1862 691; x_wconf 78' lang='grc' dir='ltr'>αὐτὸν</span> <span class='ocrx_word' id='word_1_32' title='bbox 1922 630 1974 684; x_wconf 75' lang='grc' dir='ltr'>ἐν</span> <span class='ocrx_word' id='word_1_33' title='bbox 2031 630 2113 698; x_wconf 76' lang='grc' dir='ltr'>τῷ</span> <span class='ocrx_word' id='word_1_34' title='bbox 2167 626 2406 700; x_wconf 74' lang='grc' dir='ltr'>κάστρῳ,</span> <span class='ocrx_word' id='word_1_35' title='bbox 2458 623 2549 678; x_wconf 85' lang='grc' dir='ltr'>καὶ</span> <span class='ocrx_word' id='word_1_36' title='bbox 2607 621 2809 686; x_wconf 79' lang='grc' dir='ltr'>ἀσινεῖς</span> <span class='ocrx_word' id='word_1_37' title='bbox 2867 623 3032 679; x_wconf 72' lang='grc' dir='ltr'>πᾶλιν</span> <span class='ocrx_word' id='word_1_38' title='bbox 3085 625 3428 695; x_wconf 72' lang='grc' dir='ltr'>νοστησουσι.</span> <span class='ocrx_word' id='word_1_39' title='bbox 3489 625 3597 684; x_wconf 81' lang='grc' dir='ltr'>Καὶ</span> <span class='ocrx_word' id='word_1_40' title='bbox 3655 623 3746 682; x_wconf 78' lang='grc' dir='ltr'>διὰ</span> 
     </span>
     <span class='ocr_line' id='line_1_9' title="bbox 801 712 3706 736; baseline -0.007 -7"><span class='ocrx_word' id='word_1_41' title='bbox 801 713 811 728; x_wconf 73' lang='grc' dir='ltr'>ι</span> <span class='ocrx_word' id='word_1_42' title='bbox 1323 733 1338 736; x_wconf 93' lang='lat'><em>_</em></span> <span class='ocrx_word' id='word_1_43' title='bbox 1525 729 1539 736; x_wconf 82' lang='lat'>_</span> <span class='ocrx_word' id='word_1_44' title='bbox 1620 723 1749 736; x_wconf 61' lang='grc' dir='ltr'>ρ-.</span> <span class='ocrx_word' id='word_1_45' title='bbox 1915 721 1928 736; x_wconf 68' lang='grc' dir='ltr'>ι</span> <span class='ocrx_word' id='word_1_46' title='bbox 2133 721 2161 733; x_wconf 81' lang='lat'><strong><em>~</em></strong></span> <span class='ocrx_word' id='word_1_47' title='bbox 2270 715 2489 736; x_wconf 52' lang='lat'>,,,,!,__,</span> <span class='ocrx_word' id='word_1_48' title='bbox 2539 735 2547 736; x_wconf 27' lang='grc' dir='ltr'><em>κ</em></span> <span class='ocrx_word' id='word_1_49' title='bbox 2616 714 2793 736; x_wconf 15' lang='lat' dir='ltr'><strong>Hygia,</strong></span> <span class='ocrx_word' id='word_1_50' title='bbox 2902 712 3001 736; x_wconf 24' lang='grc' dir='ltr'>’,Α</span> <span class='ocrx_word' id='word_1_51' title='bbox 3075 715 3093 736; x_wconf 17' lang='grc' dir='ltr'>,ν</span> <span class='ocrx_word' id='word_1_52' title='bbox 3224 715 3302 736; x_wconf 29' lang='lat' dir='ltr'>7L</span> <span class='ocrx_word' id='word_1_53' title='bbox 3384 735 3387 736; x_wconf 14' lang='grc' dir='ltr'><em>ν</em></span> <span class='ocrx_word' id='word_1_54' title='bbox 3471 715 3485 736; x_wconf 66' lang='lat'>,</span> <span class='ocrx_word' id='word_1_55' title='bbox 3582 735 3613 736; x_wconf 17' lang='grc' dir='ltr'><strong>Ὗ</strong></span> <span class='ocrx_word' id='word_1_56' title='bbox 3694 715 3706 736; x_wconf 40' lang='grc' dir='ltr'>ί</span> 
     </span>
    </p>
   </div>
   <div class='ocr_carea' id='block_1_9' title="bbox 303 715 3743 824">
    <p class='ocr_par' dir='ltr' id='par_1_9' title="bbox 303 715 3743 824">
     <span class='ocr_line' id='line_1_10' title="bbox 303 715 3743 824; baseline -0.01 -20"><span class='ocrx_word' id='word_1_57' title='bbox 303 715 735 824; x_wconf 66' lang='grc' dir='ltr'>⁷τοιαύτης</span> <span class='ocrx_word' id='word_1_58' title='bbox 793 715 1050 816; x_wconf 75' lang='grc' dir='ltr'>μηχανῆς</span> <span class='ocrx_word' id='word_1_59' title='bbox 1099 715 1198 792; x_wconf 81' lang='grc' dir='ltr'>καὶ</span> <span class='ocrx_word' id='word_1_60' title='bbox 1251 715 1461 808; x_wconf 79' lang='grc' dir='ltr'>ἀνδρῶν</span> <span class='ocrx_word' id='word_1_61' title='bbox 1521 723 1790 824; x_wconf 61' lang='grc' dir='ltr'>επιϐολὴν</span> <span class='ocrx_word' id='word_1_62' title='bbox 1839 721 1932 778; x_wconf 88' lang='grc' dir='ltr'>καὶ</span> <span class='ocrx_word' id='word_1_63' title='bbox 1983 721 2194 792; x_wconf 79' lang='grc' dir='ltr'>τροφῆς</span> <span class='ocrx_word' id='word_1_64' title='bbox 2254 715 2550 789; x_wconf 82' lang='grc' dir='ltr'>παράσχῃς</span> <span class='ocrx_word' id='word_1_65' title='bbox 2607 715 2819 782; x_wconf 85' lang='grc' dir='ltr'>αὐτοῖς,</span> <span class='ocrx_word' id='word_1_66' title='bbox 2895 715 3008 789; x_wconf 85' lang='grc' dir='ltr'>εἴγε</span> <span class='ocrx_word' id='word_1_67' title='bbox 3065 715 3390 793; x_wconf 73' lang='grc' dir='ltr'>ἀμφοτέρων</span> <span class='ocrx_word' id='word_1_68' title='bbox 3467 715 3519 770; x_wconf 83' lang='grc' dir='ltr'>ἐν</span> <span class='ocrx_word' id='word_1_69' title='bbox 3577 715 3743 793; x_wconf 75' lang='grc' dir='ltr'>χρείᾳ</span> 
     </span>
    </p>
   </div>
   <div class='ocr_carea' id='block_1_10' title="bbox 309 820 1757 912">
    <p class='ocr_par' dir='ltr' id='par_1_10' title="bbox 309 820 1757 912">
     <span class='ocr_line' id='line_1_11' title="bbox 309 820 1757 912; baseline -0.018 -14"><span class='ocrx_word' id='word_1_70' title='bbox 309 820 440 912; x_wconf 75' lang='grc' dir='ltr'>εἶσὶ,</span> <span class='ocrx_word' id='word_1_71' title='bbox 470 837 564 893; x_wconf 80' lang='grc' dir='ltr'>καὶ</span> <span class='ocrx_word' id='word_1_72' title='bbox 596 831 872 906; x_wconf 76' lang='grc' dir='ltr'>σωτηρίας</span> <span class='ocrx_word' id='word_1_73' title='bbox 905 830 958 885; x_wconf 73' lang='grc' dir='ltr'>οἱ</span> <span class='ocrx_word' id='word_1_74' title='bbox 987 823 1458 901; x_wconf 79' lang='grc' dir='ltr'>πολιορκούμενοι</span> <span class='ocrx_word' id='word_1_75' title='bbox 1487 820 1757 894; x_wconf 81' lang='grc' dir='ltr'>τύχωσιν.</span> 
     </span>
    </p>
   </div>
   <div class='ocr_carea' id='block_1_11' title="bbox 318 927 1979 1024">
    <p class='ocr_par' dir='ltr' id='par_1_11' title="bbox 318 927 1979 1024">
     <span class='ocr_line' id='line_1_12' title="bbox 318 927 1979 1024; baseline -0.023 -6"><span class='ocrx_word' id='word_1_76' title='bbox 318 962 481 1017; x_wconf 80' lang='grc' dir='ltr'>ΚΕΦ.</span> <span class='ocrx_word' id='word_1_77' title='bbox 538 952 665 1011; x_wconf 75' lang='grc' dir='ltr'>ΚΒ“.</span> <span class='ocrx_word' id='word_1_78' title='bbox 727 947 860 1024; x_wconf 78' lang='grc' dir='ltr'>Περὶ</span> <span class='ocrx_word' id='word_1_79' title='bbox 919 943 1338 1024; x_wconf 37' lang='grc' dir='ltr'>διαχωρισμοῦο</span> <span class='ocrx_word' id='word_1_80' title='bbox 1394 936 1532 1024; x_wconf 51' lang='grc' dir='ltr'>λαοῖς</span> <span class='ocrx_word' id='word_1_81' title='bbox 1610 937 1718 988; x_wconf 79' lang='grc' dir='ltr'>τῶν</span> <span class='ocrx_word' id='word_1_82' title='bbox 1789 927 1979 1003; x_wconf 73' lang='grc' dir='ltr'>ἡμίσει</span> 
     </span>
    </p>
   </div>
   <div class='ocr_carea' id='block_1_12' title="bbox 591 1008 1690 1094">
    <p class='ocr_par' dir='ltr' id='par_1_12' title="bbox 591 1008 1690 1094">
     <span class='ocr_line' id='line_1_13' title="bbox 591 1008 1690 1094; baseline -0.017 -15"><span class='ocrx_word' id='word_1_83' title='bbox 591 1008 907 1094; x_wconf 64' lang='grc' dir='ltr'>πολεμίων,</span> <span class='ocrx_word' id='word_1_84' title='bbox 936 1017 971 1087; x_wconf 77' lang='grc' dir='ltr'>ἢ</span> <span class='ocrx_word' id='word_1_85' title='bbox 1009 1008 1226 1070; x_wconf 40' lang='lat' dir='ltr'><strong>lui-103</strong></span> <span class='ocrx_word' id='word_1_86' title='bbox 1249 1011 1436 1088; x_wconf 81' lang='grc' dir='ltr'>τρίτου</span> <span class='ocrx_word' id='word_1_87' title='bbox 1469 1008 1690 1084; x_wconf 85' lang='grc' dir='ltr'>μέρους.</span> 
     </span>
    </p>
   </div>
   <div class='ocr_carea' id='block_1_13' title="bbox 391 1120 1978 1215">
    <p class='ocr_par' dir='ltr' id='par_1_13' title="bbox 391 1120 1978 1215">
     <span class='ocr_line' id='line_1_14' title="bbox 391 1120 1978 1215; baseline -0.02 -12"><span class='ocrx_word' id='word_1_88' title='bbox 391 1139 542 1202; x_wconf 74' lang='grc' dir='ltr'>Είδὶ</span> <span class='ocrx_word' id='word_1_89' title='bbox 584 1142 662 1215; x_wconf 78' lang='grc' dir='ltr'>μὴ</span> <span class='ocrx_word' id='word_1_90' title='bbox 719 1140 857 1208; x_wconf 86' lang='grc' dir='ltr'>πρὸς</span> <span class='ocrx_word' id='word_1_91' title='bbox 917 1131 1246 1210; x_wconf 82' lang='grc' dir='ltr'>πολιορκίαν</span> <span class='ocrx_word' id='word_1_92' title='bbox 1305 1128 1541 1202; x_wconf 83' lang='grc' dir='ltr'>κάστρου</span> <span class='ocrx_word' id='word_1_93' title='bbox 1599 1120 1978 1215; x_wconf 61' lang='grc' dir='ltr'>εύτρεπίςοντο</span> 
     </span>
    </p>
   </div>
   <div class='ocr_carea' id='block_1_14' title="bbox 316 1210 1979 1304">
    <p class='ocr_par' dir='ltr' id='par_1_14' title="bbox 316 1210 1979 1304">
     <span class='ocr_line' id='line_1_15' title="bbox 316 1210 1979 1304; baseline -0.014 -15"><span class='ocrx_word' id='word_1_94' title='bbox 316 1234 369 1289; x_wconf 70' lang='grc' dir='ltr'>οἱ</span> <span class='ocrx_word' id='word_1_95' title='bbox 399 1210 691 1304; x_wconf 23' lang='grc' dir='ltr'>πολέμῖιοι,</span> <span class='ocrx_word' id='word_1_96' title='bbox 722 1225 873 1283; x_wconf 84' lang='grc' dir='ltr'>ἀλλᾶ</span> <span class='ocrx_word' id='word_1_97' title='bbox 928 1222 1062 1298; x_wconf 86' lang='grc' dir='ltr'>μετά</span> <span class='ocrx_word' id='word_1_98' title='bbox 1116 1219 1340 1289; x_wconf 77' lang='grc' dir='ltr'>πολλῆς</span> <span class='ocrx_word' id='word_1_99' title='bbox 1394 1216 1484 1272; x_wconf 85' lang='grc' dir='ltr'>καὶ</span> <span class='ocrx_word' id='word_1_100' title='bbox 1531 1211 1766 1293; x_wconf 78' lang='grc' dir='ltr'>σφοδρᾶς</span> <span class='ocrx_word' id='word_1_101' title='bbox 1815 1210 1979 1304; x_wconf 74' lang='grc' dir='ltr'>δυνά-</span> 
     </span>
    </p>
   </div>
   <div class='ocr_carea' id='block_1_15' title="bbox 322 1302 1978 1397">
    <p class='ocr_par' dir='ltr' id='par_1_15' title="bbox 322 1302 1978 1397">
     <span class='ocr_line' id='line_1_16' title="bbox 322 1302 1978 1397; baseline -0.014 -19"><span class='ocrx_word' id='word_1_102' title='bbox 322 1342 471 1397; x_wconf 84' lang='grc' dir='ltr'>μεως</span> <span class='ocrx_word' id='word_1_103' title='bbox 518 1302 613 1381; x_wconf 64' lang='grc' dir='ltr'>τὰς</span> <span class='ocrx_word' id='word_1_104' title='bbox 673 1313 943 1390; x_wconf 76' lang='grc' dir='ltr'>ἡμετέρας</span> <span class='ocrx_word' id='word_1_105' title='bbox 1002 1312 1192 1388; x_wconf 86' lang='grc' dir='ltr'>χώρας</span> <span class='ocrx_word' id='word_1_106' title='bbox 1251 1306 1654 1397; x_wconf 67' lang='grc' dir='ltr'>περινοστοῦσι,</span> <span class='ocrx_word' id='word_1_107' title='bbox 1706 1304 1828 1397; x_wconf 64' lang='grc' dir='ltr'>Δχρὴ</span> <span class='ocrx_word' id='word_1_108' title='bbox 1869 1302 1978 1397; x_wconf 25' lang='grc' dir='ltr'>μτδν</span> 
     </span>
    </p>
   </div>
   <div class='ocr_carea' id='block_1_16' title="bbox 319 1390 1982 1488">
    <p class='ocr_par' dir='ltr' id='par_1_16' title="bbox 319 1390 1982 1488">
     <span class='ocr_line' id='line_1_17' title="bbox 319 1390 1982 1488; baseline -0.013 -21"><span class='ocrx_word' id='word_1_109' title='bbox 319 1390 738 1488; x_wconf 75' lang='grc' dir='ltr'>στρατηγοῦντα</span> <span class='ocrx_word' id='word_1_110' title='bbox 814 1408 924 1459; x_wconf 81' lang='grc' dir='ltr'>τῶν</span> <span class='ocrx_word' id='word_1_111' title='bbox 977 1395 1305 1474; x_wconf 79' lang='grc' dir='ltr'>Ῥωμαϊκῶν</span> <span class='ocrx_word' id='word_1_112' title='bbox 1363 1394 1643 1488; x_wconf 74' lang='grc' dir='ltr'>δυνάμεων</span> <span class='ocrx_word' id='word_1_113' title='bbox 1683 1390 1982 1488; x_wconf 32' lang='grc' dir='ltr'>’ἐπιμελῶς</span> 
     </span>
    </p>
   </div>
   <div class='ocr_carea' id='block_1_17' title="bbox 318 1480 1984 1575">
    <p class='ocr_par' dir='ltr' id='par_1_17' title="bbox 318 1480 1984 1575">
     <span class='ocr_line' id='line_1_18' title="bbox 318 1480 1984 1575; baseline -0.013 -19"><span class='ocrx_word' id='word_1_114' title='bbox 318 1480 452 1562; x_wconf 64' lang='lat' dir='ltr'><strong>toi):</strong></span> <span class='ocrx_word' id='word_1_115' title='bbox 481 1480 758 1575; x_wconf 79' lang='grc' dir='ltr'>γεωργοὺς</span> <span class='ocrx_word' id='word_1_116' title='bbox 795 1495 919 1565; x_wconf 75' lang='grc' dir='ltr'>ἢτοι</span> <span class='ocrx_word' id='word_1_117' title='bbox 976 1489 1107 1555; x_wconf 78' lang='grc' dir='ltr'>τοὺς</span> <span class='ocrx_word' id='word_1_118' title='bbox 1159 1488 1269 1545; x_wconf 79' lang='grc' dir='ltr'>τῶν</span> <span class='ocrx_word' id='word_1_119' title='bbox 1327 1485 1551 1564; x_wconf 87' lang='grc' dir='ltr'>χωρίων</span> <span class='ocrx_word' id='word_1_120' title='bbox 1607 1480 1837 1575; x_wconf 76' lang='grc' dir='ltr'>πολίτας</span> <span class='ocrx_word' id='word_1_121' title='bbox 1891 1481 1984 1536; x_wconf 84' lang='grc' dir='ltr'>καὶ</span> 
     </span>
    </p>
   </div>
   <div class='ocr_carea' id='block_1_18' title="bbox 321 1571 1986 1653">
    <p class='ocr_par' dir='ltr' id='par_1_18' title="bbox 321 1571 1986 1653">
     <span class='ocr_line' id='line_1_19' title="bbox 321 1571 1986 1653; baseline -0.012 -9"><span class='ocrx_word' id='word_1_122' title='bbox 321 1589 391 1644; x_wconf 77' lang='grc' dir='ltr'>τὰ</span> <span class='ocrx_word' id='word_1_123' title='bbox 446 1571 650 1643; x_wconf 15' lang='grc' dir='ltr'>αύτῶνί</span> <span class='ocrx_word' id='word_1_124' title='bbox 682 1584 893 1640; x_wconf 75' lang='grc' dir='ltr'>ἅπαντα</span> <span class='ocrx_word' id='word_1_125' title='bbox 948 1576 1452 1653; x_wconf 83' lang='grc' dir='ltr'>παρακελεύσασθαί</span> <span class='ocrx_word' id='word_1_126' title='bbox 1539 1595 1597 1630; x_wconf 91' lang='grc' dir='ltr'>τε</span> <span class='ocrx_word' id='word_1_127' title='bbox 1670 1571 1759 1628; x_wconf 85' lang='grc' dir='ltr'>καὶ</span> <span class='ocrx_word' id='word_1_128' title='bbox 1809 1591 1986 1645; x_wconf 86' lang='grc' dir='ltr'>παρα-</span> 
     </span>
    </p>
   </div>
   <div class='ocr_carea' id='block_1_19' title="bbox 323 1658 1984 1746">
    <p class='ocr_par' dir='ltr' id='par_1_19' title="bbox 323 1658 1984 1746">
     <span class='ocr_line' id='line_1_20' title="bbox 323 1658 1984 1746; baseline -0.012 -12"><span class='ocrx_word' id='word_1_129' title='bbox 323 1677 707 1745; x_wconf 77' lang='grc' dir='ltr'>σκευάσασθαι,</span> <span class='ocrx_word' id='word_1_130' title='bbox 738 1672 789 1726; x_wconf 82' lang='grc' dir='ltr'>ἐν</span> <span class='ocrx_word' id='word_1_131' title='bbox 823 1669 1076 1746; x_wconf 77' lang='grc' dir='ltr'>κάστροις</span> <span class='ocrx_word' id='word_1_132' title='bbox 1135 1668 1223 1722; x_wconf 85' lang='grc' dir='ltr'>καὶ</span> <span class='ocrx_word' id='word_1_133' title='bbox 1280 1665 1512 1742; x_wconf 80' lang='grc' dir='ltr'>ὀχυροῖς</span> <span class='ocrx_word' id='word_1_134' title='bbox 1546 1663 1739 1724; x_wconf 89' lang='grc' dir='ltr'>τόποις</span> <span class='ocrx_word' id='word_1_135' title='bbox 1785 1658 1984 1716; x_wconf 85' lang='grc' dir='ltr'>διασώ-</span> 
     </span>
    </p>
   </div>
   <div class='ocr_carea' id='block_1_20' title="bbox 326 1749 2006 1835">
    <p class='ocr_par' dir='ltr' id='par_1_20' title="bbox 326 1749 2006 1835">
     <span class='ocr_line' id='line_1_21' title="bbox 326 1749 2006 1835; baseline -0.013 -12"><span class='ocrx_word' id='word_1_136' title='bbox 326 1768 544 1835; x_wconf 84' lang='grc' dir='ltr'>σασθαι,</span> <span class='ocrx_word' id='word_1_137' title='bbox 575 1762 706 1825; x_wconf 78' lang='grc' dir='ltr'>τοὺς</span> <span class='ocrx_word' id='word_1_138' title='bbox 737 1760 794 1817; x_wconf 75' lang='grc' dir='ltr'>δὲ</span> <span class='ocrx_word' id='word_1_139' title='bbox 823 1764 932 1816; x_wconf 82' lang='grc' dir='ltr'>τῶν</span> <span class='ocrx_word' id='word_1_140' title='bbox 971 1757 1257 1831; x_wconf 87' lang='grc' dir='ltr'>πολεμίων</span> <span class='ocrx_word' id='word_1_141' title='bbox 1305 1755 1442 1831; x_wconf 81' lang='grc' dir='ltr'>πρὸς</span> <span class='ocrx_word' id='word_1_142' title='bbox 1492 1751 1638 1808; x_wconf 85' lang='grc' dir='ltr'>λείαν</span> <span class='ocrx_word' id='word_1_143' title='bbox 1694 1749 2006 1827; x_wconf 76' lang='grc' dir='ltr'>ἐξερχομέο,</span> 
     </span>
    </p>
   </div>
   <div class='ocr_carea' id='block_1_21' title="bbox 321 1836 1988 1926">
    <p class='ocr_par' dir='ltr' id='par_1_21' title="bbox 321 1836 1988 1926">
     <span class='ocr_line' id='line_1_22' title="bbox 321 1836 1988 1926; baseline -0.013 -12"><span class='ocrx_word' id='word_1_144' title='bbox 321 1879 454 1920; x_wconf 88' lang='grc' dir='ltr'>νους</span> <span class='ocrx_word' id='word_1_145' title='bbox 483 1855 558 1917; x_wconf 87' lang='grc' dir='ltr'>ὠς</span> <span class='ocrx_word' id='word_1_146' title='bbox 597 1855 880 1926; x_wconf 81' lang='grc' dir='ltr'>νουνεχεῖς</span> <span class='ocrx_word' id='word_1_147' title='bbox 925 1849 1015 1904; x_wconf 73' lang='grc' dir='ltr'>καὶ</span> <span class='ocrx_word' id='word_1_148' title='bbox 1074 1844 1381 1922; x_wconf 82' lang='grc' dir='ltr'>ἀγρύπνους</span> <span class='ocrx_word' id='word_1_149' title='bbox 1435 1841 1842 1918; x_wconf 76' lang='grc' dir='ltr'>τραυματίζεινο</span> <span class='ocrx_word' id='word_1_150' title='bbox 1897 1836 1988 1926; x_wconf 75' lang='grc' dir='ltr'>’ίνα</span> 
     </span>
    </p>
   </div>
   <div class='ocr_carea' id='block_1_22' title="bbox 328 1925 1990 2014">
    <p class='ocr_par' dir='ltr' id='par_1_22' title="bbox 328 1925 1990 2014">
     <span class='ocr_line' id='line_1_23' title="bbox 328 1925 1990 2014; baseline -0.012 -13"><span class='ocrx_word' id='word_1_151' title='bbox 328 1947 437 2000; x_wconf 80' lang='grc' dir='ltr'>εἷεν</span> <span class='ocrx_word' id='word_1_152' title='bbox 479 1925 1005 2014; x_wconf 75' lang='grc' dir='ltr'>δεδοικότεςπόῤῥω</span> <span class='ocrx_word' id='word_1_153' title='bbox 1054 1938 1154 1990; x_wconf 79' lang='grc' dir='ltr'>τοῦ</span> <span class='ocrx_word' id='word_1_154' title='bbox 1213 1931 1615 2006; x_wconf 82' lang='grc' dir='ltr'>στρατεύματος</span> <span class='ocrx_word' id='word_1_155' title='bbox 1673 1928 1850 1984; x_wconf 78' lang='grc' dir='ltr'>αὐτῶν</span> <span class='ocrx_word' id='word_1_156' title='bbox 1909 1925 1990 1998; x_wconf 71' lang='grc' dir='ltr'>ἐξ·</span> 
     </span>
    </p>
   </div>
   <div class='ocr_carea' id='block_1_23' title="bbox 331 2019 1996 2105">
    <p class='ocr_par' dir='ltr' id='par_1_23' title="bbox 331 2019 1996 2105">
     <span class='ocr_line' id='line_1_24' title="bbox 331 2019 1996 2105; baseline -0.012 -15"><span class='ocrx_word' id='word_1_157' title='bbox 331 2029 727 2100; x_wconf 83' lang='grc' dir='ltr'>ελαύνειν,καὶ</span> <span class='ocrx_word' id='word_1_158' title='bbox 780 2027 988 2105; x_wconf 75' lang='grc' dir='ltr'>τροφὰς</span> <span class='ocrx_word' id='word_1_159' title='bbox 1051 2021 1483 2097; x_wconf 68' lang='grc' dir='ltr'>ἐπικομίζεσθαν</span> <span class='ocrx_word' id='word_1_160' title='bbox 1541 2019 1820 2105; x_wconf 77' lang='grc' dir='ltr'>κάντεῦθεν</span> <span class='ocrx_word' id='word_1_161' title='bbox 1875 2037 1996 2071; x_wconf 86' lang='grc' dir='ltr'>στε-</span> 
     </span>
    </p>
   </div>
   <div class='ocr_carea' id='block_1_24' title="bbox 331 2104 1996 2199">
    <p class='ocr_par' dir='ltr' id='par_1_24' title="bbox 331 2104 1996 2199">
     <span class='ocr_line' id='line_1_25' title="bbox 331 2104 1996 2199; baseline -0.011 -21"><span class='ocrx_word' id='word_1_162' title='bbox 331 2119 589 2199; x_wconf 83' lang='grc' dir='ltr'>νοχωρίᾳ</span> <span class='ocrx_word' id='word_1_163' title='bbox 613 2104 836 2196; x_wconf 80' lang='grc' dir='ltr'>τροφῶν</span> <span class='ocrx_word' id='word_1_164' title='bbox 888 2104 1345 2190; x_wconf 79' lang='grc' dir='ltr'>συσχεθήσονται.</span> <span class='ocrx_word' id='word_1_165' title='bbox 1405 2107 1710 2199; x_wconf 32' lang='grc' dir='ltr'>Πλήνζὼς</span> <span class='ocrx_word' id='word_1_166' title='bbox 1766 2104 1996 2199; x_wconf 73' lang='grc' dir='ltr'>ἔφημεν,</span> 
     </span>
    </p>
   </div>
   <div class='ocr_carea' id='block_1_25' title="bbox 336 2195 1996 2283">
    <p class='ocr_par' dir='ltr' id='par_1_25' title="bbox 336 2195 1996 2283">
     <span class='ocr_line' id='line_1_26' title="bbox 336 2195 1996 2283; baseline -0.012 -15"><span class='ocrx_word' id='word_1_167' title='bbox 336 2195 558 2282; x_wconf 70' lang='grc' dir='ltr'>πλῆθος</span> <span class='ocrx_word' id='word_1_168' title='bbox 587 2195 729 2264; x_wconf 77' lang='grc' dir='ltr'>λαοῦ</span> <span class='ocrx_word' id='word_1_169' title='bbox 763 2202 984 2283; x_wconf 85' lang='grc' dir='ltr'>ἔχοντες</span> <span class='ocrx_word' id='word_1_170' title='bbox 1035 2204 1218 2278; x_wconf 62' lang='grc' dir='ltr'>ἑτέραν</span> <span class='ocrx_word' id='word_1_171' title='bbox 1259 2199 1396 2262; x_wconf 68' lang='grc' dir='ltr'>’ίσως</span> <span class='ocrx_word' id='word_1_172' title='bbox 1445 2195 1674 2273; x_wconf 81' lang='grc' dir='ltr'>μέθοδον</span> <span class='ocrx_word' id='word_1_173' title='bbox 1738 2195 1996 2283; x_wconf 84' lang='grc' dir='ltr'>μετελεύ-</span> 
     </span>
    </p>
   </div>
   <div class='ocr_carea' id='block_1_26' title="bbox 335 2282 1998 2374">
    <p class='ocr_par' dir='ltr' id='par_1_26' title="bbox 335 2282 1998 2374">
     <span class='ocr_line' id='line_1_27' title="bbox 335 2282 1998 2374; baseline -0.012 -17"><span class='ocrx_word' id='word_1_174' title='bbox 335 2321 548 2357; x_wconf 89' lang='grc' dir='ltr'>σονται.</span> <span class='ocrx_word' id='word_1_175' title='bbox 583 2282 1027 2374; x_wconf 85' lang='grc' dir='ltr'>Διαχωρίζοντες</span> <span class='ocrx_word' id='word_1_176' title='bbox 1055 2291 1222 2348; x_wconf 84' lang='grc' dir='ltr'>ἐνίοτε</span> <span class='ocrx_word' id='word_1_177' title='bbox 1260 2289 1387 2352; x_wconf 79' lang='grc' dir='ltr'>τοὺς</span> <span class='ocrx_word' id='word_1_178' title='bbox 1437 2289 1658 2362; x_wconf 81' lang='grc' dir='ltr'>ἡμίσεις</span> <span class='ocrx_word' id='word_1_179' title='bbox 1714 2289 1810 2341; x_wconf 78' lang='grc' dir='ltr'>τοῦ</span> <span class='ocrx_word' id='word_1_180' title='bbox 1859 2282 1998 2339; x_wconf 80' lang='grc' dir='ltr'>λαοῦ</span> 
     </span>
    </p>
   </div>
   <div class='ocr_carea' id='block_1_27' title="bbox 336 2375 1998 2463">
    <p class='ocr_par' dir='ltr' id='par_1_27' title="bbox 336 2375 1998 2463">
     <span class='ocr_line' id='line_1_28' title="bbox 336 2375 1998 2463; baseline -0.011 -15"><span class='ocrx_word' id='word_1_181' title='bbox 336 2393 543 2463; x_wconf 78' lang='grc' dir='ltr'>αὐτῶν,</span> <span class='ocrx_word' id='word_1_182' title='bbox 571 2389 608 2461; x_wconf 79' lang='grc' dir='ltr'>ἤ</span> <span class='ocrx_word' id='word_1_183' title='bbox 639 2390 729 2445; x_wconf 85' lang='grc' dir='ltr'>καὶ</span> <span class='ocrx_word' id='word_1_184' title='bbox 783 2389 847 2444; x_wconf 80' lang='grc' dir='ltr'>τὸ</span> <span class='ocrx_word' id='word_1_185' title='bbox 903 2385 1287 2462; x_wconf 86' lang='grc' dir='ltr'>τριτημόριον,</span> <span class='ocrx_word' id='word_1_186' title='bbox 1340 2379 1705 2437; x_wconf 77' lang='grc' dir='ltr'>ἀποπελοῦσι</span> <span class='ocrx_word' id='word_1_187' title='bbox 1735 2379 1782 2414; x_wconf 80' lang='grc'>³³</span> <span class='ocrx_word' id='word_1_188' title='bbox 1807 2375 1998 2452; x_wconf 71' lang='grc' dir='ltr'>πύρῥω</span> 
     </span>
    </p>
   </div>
   <div class='ocr_carea' id='block_1_28' title="bbox 336 2467 1998 2556">
    <p class='ocr_par' dir='ltr' id='par_1_28' title="bbox 336 2467 1998 2556">
     <span class='ocr_line' id='line_1_29' title="bbox 336 2467 1998 2556; baseline -0.011 -19"><span class='ocrx_word' id='word_1_189' title='bbox 336 2483 560 2556; x_wconf 77' lang='grc' dir='ltr'>ἡμέρας</span> <span class='ocrx_word' id='word_1_190' title='bbox 607 2477 742 2535; x_wconf 78' lang='grc' dir='ltr'>ὀδοῦ</span> <span class='ocrx_word' id='word_1_191' title='bbox 800 2473 1160 2548; x_wconf 74' lang='grc' dir='ltr'>διάστημα,ἢ</span> <span class='ocrx_word' id='word_1_192' title='bbox 1190 2473 1281 2528; x_wconf 87' lang='grc' dir='ltr'>καὶ</span> <span class='ocrx_word' id='word_1_193' title='bbox 1340 2471 1589 2526; x_wconf 73' lang='grc' dir='ltr'>ἐπέκεινα</span> <span class='ocrx_word' id='word_1_194' title='bbox 1641 2467 1847 2556; x_wconf 75' lang='grc' dir='ltr'>ἀπέχον</span> <span class='ocrx_word' id='word_1_195' title='bbox 1900 2468 1998 2520; x_wconf 80' lang='grc' dir='ltr'>τοῦ</span> 
     </span>
    </p>
   </div>
   <div class='ocr_carea' id='block_1_29' title="bbox 339 2554 1998 2648">
    <p class='ocr_par' dir='ltr' id='par_1_29' title="bbox 339 2554 1998 2648">
     <span class='ocr_line' id='line_1_30' title="bbox 339 2554 1998 2648; baseline -0.012 -21"><span class='ocrx_word' id='word_1_196' title='bbox 339 2554 630 2648; x_wconf 74' lang='grc' dir='ltr'>φωσσάτου</span> <span class='ocrx_word' id='word_1_197' title='bbox 661 2567 838 2623; x_wconf 74' lang='grc' dir='ltr'>αὐτῶν</span> <span class='ocrx_word' id='word_1_198' title='bbox 872 2565 927 2621; x_wconf 82' lang='grc' dir='ltr'>ἐν</span> <span class='ocrx_word' id='word_1_199' title='bbox 960 2563 1195 2640; x_wconf 86' lang='grc' dir='ltr'>χωρίοις</span> <span class='ocrx_word' id='word_1_200' title='bbox 1247 2560 1412 2630; x_wconf 82' lang='grc' dir='ltr'>τισίν,</span> <span class='ocrx_word' id='word_1_201' title='bbox 1461 2558 1513 2614; x_wconf 83' lang='grc' dir='ltr'>ἐν</span> <span class='ocrx_word' id='word_1_202' title='bbox 1566 2561 1654 2648; x_wconf 84' lang='grc' dir='ltr'>οἷς</span> <span class='ocrx_word' id='word_1_203' title='bbox 1711 2554 1998 2648; x_wconf 66' lang='grc' dir='ltr'>ἐλπίζουσι</span> 
     </span>
    </p>
   </div>
   <div class='ocr_carea' id='block_1_30' title="bbox 340 2644 1998 2729">
    <p class='ocr_par' dir='ltr' id='par_1_30' title="bbox 340 2644 1998 2729">
     <span class='ocr_line' id='line_1_31' title="bbox 340 2644 1998 2729; baseline -0.012 -12"><span class='ocrx_word' id='word_1_204' title='bbox 340 2644 597 2722; x_wconf 80' lang='grc' dir='ltr'>πλείονας</span> <span class='ocrx_word' id='word_1_205' title='bbox 659 2655 898 2717; x_wconf 84' lang='grc' dir='ltr'>δαπάνας</span> <span class='ocrx_word' id='word_1_206' title='bbox 957 2655 1221 2729; x_wconf 78' lang='grc' dir='ltr'>έωευρεῖν.</span> <span class='ocrx_word' id='word_1_207' title='bbox 1310 2649 1416 2707; x_wconf 87' lang='grc' dir='ltr'>Καὶ</span> <span class='ocrx_word' id='word_1_208' title='bbox 1483 2647 1684 2724; x_wconf 83' lang='grc' dir='ltr'>ἀνάγκη</span> <span class='ocrx_word' id='word_1_209' title='bbox 1769 2644 1998 2706; x_wconf 87' lang='grc' dir='ltr'>τούτους</span> 
     </span>
    </p>
   </div>
   <div class='ocr_carea' id='block_1_31' title="bbox 353 2730 2000 2822">
    <p class='ocr_par' dir='ltr' id='par_1_31' title="bbox 353 2730 2000 2822">
     <span class='ocr_line' id='line_1_32' title="bbox 353 2730 2000 2822; baseline -0.011 -18"><span class='ocrx_word' id='word_1_210' title='bbox 353 2747 443 2804; x_wconf 79' lang='grc' dir='ltr'>ἐπὶ</span> <span class='ocrx_word' id='word_1_211' title='bbox 475 2746 618 2803; x_wconf 81' lang='grc' dir='ltr'>δυσὶν</span> <span class='ocrx_word' id='word_1_212' title='bbox 663 2745 920 2822; x_wconf 80' lang='grc' dir='ltr'>ῆμέραις,</span> <span class='ocrx_word' id='word_1_213' title='bbox 951 2740 988 2812; x_wconf 71' lang='grc' dir='ltr'>ἤ</span> <span class='ocrx_word' id='word_1_214' title='bbox 1021 2742 1111 2797; x_wconf 82' lang='grc' dir='ltr'>καὶ</span> <span class='ocrx_word' id='word_1_215' title='bbox 1168 2739 1367 2816; x_wconf 82' lang='grc' dir='ltr'>τρισὶν,</span> <span class='ocrx_word' id='word_1_216' title='bbox 1425 2733 1526 2811; x_wconf 79' lang='grc' dir='ltr'>ἕξω</span> <span class='ocrx_word' id='word_1_217' title='bbox 1567 2739 1666 2791; x_wconf 79' lang='grc' dir='ltr'>τοῦ</span> <span class='ocrx_word' id='word_1_218' title='bbox 1714 2730 2000 2811; x_wconf 72' lang='grc' dir='ltr'>φωσσάτου</span> 
     </span>
    </p>
   </div>
   <div class='ocr_carea' id='block_1_32' title="bbox 338 2825 2000 2913">
    <p class='ocr_par' dir='ltr' id='par_1_32' title="bbox 338 2825 2000 2913">
     <span class='ocr_line' id='line_1_33' title="bbox 338 2825 2000 2913; baseline -0.01 -21"><span class='ocrx_word' id='word_1_219' title='bbox 338 2837 518 2892; x_wconf 81' lang='grc' dir='ltr'>αὐτῶν</span> <span class='ocrx_word' id='word_1_220' title='bbox 579 2834 802 2913; x_wconf 80' lang='grc' dir='ltr'>διάγειν.</span> <span class='ocrx_word' id='word_1_221' title='bbox 862 2837 1032 2888; x_wconf 77' lang='grc' dir='ltr'>Τοῦτο</span> <span class='ocrx_word' id='word_1_222' title='bbox 1083 2835 1211 2905; x_wconf 79' lang='grc' dir='ltr'>γοῦν</span> <span class='ocrx_word' id='word_1_223' title='bbox 1270 2827 1574 2902; x_wconf 85' lang='grc' dir='ltr'>πυθόμενος</span> <span class='ocrx_word' id='word_1_224' title='bbox 1629 2825 1721 2880; x_wconf 86' lang='grc' dir='ltr'>καὶ</span> <span class='ocrx_word' id='word_1_225' title='bbox 1776 2825 2000 2893; x_wconf 82' lang='grc' dir='ltr'>νοήσας,</span> 
     </span>
    </p>
   </div>
   <div class='ocr_carea' id='block_1_33' title="bbox 335 2910 2003 3002">
    <p class='ocr_par' dir='ltr' id='par_1_33' title="bbox 335 2910 2003 3002">
     <span class='ocr_line' id='line_1_34' title="bbox 335 2910 2003 3002; baseline -0.012 -19"><span class='ocrx_word' id='word_1_226' title='bbox 335 2910 706 3002; x_wconf 62' lang='grc' dir='ltr'>ὧστρατηγε,</span> <span class='ocrx_word' id='word_1_227' title='bbox 740 2921 860 2980; x_wconf 82' lang='grc' dir='ltr'>δέον</span> <span class='ocrx_word' id='word_1_228' title='bbox 890 2923 1010 2978; x_wconf 85' lang='grc' dir='ltr'>κατ’</span> <span class='ocrx_word' id='word_1_229' title='bbox 1054 2921 1234 2976; x_wconf 80' lang='grc' dir='ltr'>αὐτῶν</span> <span class='ocrx_word' id='word_1_230' title='bbox 1290 2915 1595 2992; x_wconf 72' lang='grc' dir='ltr'>ἐνεδρεῦσαι</span> <span class='ocrx_word' id='word_1_231' title='bbox 1654 2913 1790 2988; x_wconf 87' lang='grc' dir='ltr'>μετά</span> <span class='ocrx_word' id='word_1_232' title='bbox 1836 2910 2003 3002; x_wconf 43' lang='grc' dir='ltr'>λελοιέ-</span> 
     </span>
    </p>
   </div>
   <div class='ocr_carea' id='block_1_34' title="bbox 332 3000 2001 3094">
    <p class='ocr_par' dir='ltr' id='par_1_34' title="bbox 332 3000 2001 3094">
     <span class='ocr_line' id='line_1_35' title="bbox 332 3000 2001 3094; baseline -0.01 -22"><span class='ocrx_word' id='word_1_233' title='bbox 332 3018 606 3094; x_wconf 79' lang='grc' dir='ltr'>γισμὲνης</span> <span class='ocrx_word' id='word_1_234' title='bbox 637 3000 1008 3088; x_wconf 21' lang='grc' dir='ltr'>νδιασκάψεως,</span> <span class='ocrx_word' id='word_1_235' title='bbox 1068 3010 1155 3066; x_wconf 84' lang='grc' dir='ltr'>καὶ</span> <span class='ocrx_word' id='word_1_236' title='bbox 1217 3005 1456 3078; x_wconf 87' lang='grc' dir='ltr'>πλησίον</span> <span class='ocrx_word' id='word_1_237' title='bbox 1512 3004 1688 3094; x_wconf 81' lang='grc' dir='ltr'>αὐτῶν</span> <span class='ocrx_word' id='word_1_238' title='bbox 1749 3002 1801 3057; x_wconf 73' lang='grc' dir='ltr'>έν</span> <span class='ocrx_word' id='word_1_239' title='bbox 1851 3000 2001 3094; x_wconf 75' lang='grc' dir='ltr'>νυκτῖ</span> 
     </span>
    </p>
   </div>
   <div class='ocr_carea' id='block_1_35' title="bbox 331 3091 2001 3183">
    <p class='ocr_par' dir='ltr' id='par_1_35' title="bbox 331 3091 2001 3183">
     <span class='ocr_line' id='line_1_36' title="bbox 331 3091 2001 3183; baseline -0.009 -22"><span class='ocrx_word' id='word_1_240' title='bbox 331 3091 604 3183; x_wconf 73' lang='grc' dir='ltr'>γενέσθαι,</span> <span class='ocrx_word' id='word_1_241' title='bbox 681 3103 771 3159; x_wconf 78' lang='grc' dir='ltr'>καὶ</span> <span class='ocrx_word' id='word_1_242' title='bbox 844 3101 1013 3158; x_wconf 90' lang='grc' dir='ltr'>τόπον</span> <span class='ocrx_word' id='word_1_243' title='bbox 1097 3096 1405 3169; x_wconf 77' lang='grc' dir='ltr'>ἐπιτήδειον</span> <span class='ocrx_word' id='word_1_244' title='bbox 1493 3091 1880 3170; x_wconf 78' lang='grc' dir='ltr'>έφευρίσκοντα</span> <span class='ocrx_word' id='word_1_245' title='bbox 1937 3092 2001 3183; x_wconf 84' lang='grc' dir='ltr'>τὸ</span> 
     </span>
    </p>
   </div>
   <div class='ocr_carea' id='block_1_36' title="bbox 333 3181 2000 3267">
    <p class='ocr_par' dir='ltr' id='par_1_36' title="bbox 333 3181 2000 3267">
     <span class='ocr_line' id='line_1_37' title="bbox 333 3181 2000 3267; baseline -0.009 -15"><span class='ocrx_word' id='word_1_246' title='bbox 333 3181 482 3252; x_wconf 78' lang='grc' dir='ltr'>’ίδιον</span> <span class='ocrx_word' id='word_1_247' title='bbox 515 3196 826 3267; x_wconf 80' lang='grc' dir='ltr'>στράτευμα</span> <span class='ocrx_word' id='word_1_248' title='bbox 855 3192 1190 3265; x_wconf 82' lang='grc' dir='ltr'>ἀποκρῦψαι.</span> <span class='ocrx_word' id='word_1_249' title='bbox 1237 3191 1322 3260; x_wconf 88' lang='grc' dir='ltr'>[Ρ.</span> <span class='ocrx_word' id='word_1_250' title='bbox 1377 3191 1499 3259; x_wconf 81' lang='grc'>161]</span> <span class='ocrx_word' id='word_1_251' title='bbox 1547 3184 1697 3242; x_wconf 83' lang='grc' dir='ltr'>Ἐπεὶ</span> <span class='ocrx_word' id='word_1_252' title='bbox 1759 3184 1850 3238; x_wconf 84' lang='grc' dir='ltr'>οὗν</span> <span class='ocrx_word' id='word_1_253' title='bbox 1899 3181 2000 3238; x_wconf 74' lang='grc' dir='ltr'>οὐκ</span> 
     </span>
    </p>
   </div>
   <div class='ocr_carea' id='block_1_37' title="bbox 2021 1893 2069 1958">
    <p class='ocr_par' dir='ltr' id='par_1_37' title="bbox 2021 1893 2069 1958">
     <span class='ocr_line' id='line_1_38' title="bbox 2021 1893 2069 1958; baseline 0 -2"><span class='ocrx_word' id='word_1_254' title='bbox 2021 1893 2069 1958; x_wconf 89' lang='grc' dir='ltr'><strong>Β</strong></span> 
     </span>
    </p>
   </div>
   <div class='ocr_carea' id='block_1_38' title="bbox 2087 920 3748 992">
    <p class='ocr_par' dir='ltr' id='par_1_38' title="bbox 2087 920 3748 992">
     <span class='ocr_line' id='line_1_39' title="bbox 2087 920 3748 992; baseline 0.004 -16"><span class='ocrx_word' id='word_1_255' title='bbox 2087 924 2218 976; x_wconf 75' lang='lat' dir='ltr'><strong>CAP.</strong></span> <span class='ocrx_word' id='word_1_256' title='bbox 2251 920 2423 976; x_wconf 84' lang='lat' dir='ltr'>XXII.</span> <span class='ocrx_word' id='word_1_257' title='bbox 2458 923 2535 976; x_wconf 84' lang='lat' dir='ltr'><strong>De</strong></span> <span class='ocrx_word' id='word_1_258' title='bbox 2561 923 2912 992; x_wconf 81' lang='lat' dir='ltr'>separatione</span> <span class='ocrx_word' id='word_1_259' title='bbox 2941 922 3187 977; x_wconf 76' lang='lat' dir='ltr'><strong>dimidiae</strong></span> <span class='ocrx_word' id='word_1_260' title='bbox 3216 923 3300 978; x_wconf 84' lang='lat' dir='ltr'><strong>vel</strong></span> <span class='ocrx_word' id='word_1_261' title='bbox 3347 925 3514 980; x_wconf 76' lang='lat' dir='ltr'><strong>etiam</strong></span> <span class='ocrx_word' id='word_1_262' title='bbox 3562 927 3748 982; x_wconf 69' lang='lat' dir='ltr'><strong>tertiae</strong></span> 
     </span>
    </p>
   </div>
   <div class='ocr_carea' id='block_1_39' title="bbox 2497 994 3338 1064">
    <p class='ocr_par' dir='ltr' id='par_1_39' title="bbox 2497 994 3338 1064">
     <span class='ocr_line' id='line_1_40' title="bbox 2497 994 3338 1064; baseline 0.004 -17"><span class='ocrx_word' id='word_1_263' title='bbox 2497 995 2685 1064; x_wconf 81' lang='lat' dir='ltr'><strong>partis</strong></span> <span class='ocrx_word' id='word_1_264' title='bbox 2713 996 2998 1064; x_wconf 77' lang='lat' dir='ltr'>copiarum</span> <span class='ocrx_word' id='word_1_265' title='bbox 3029 994 3338 1052; x_wconf 75' lang='lat' dir='ltr'>hostilium.</span> 
     </span>
    </p>
   </div>
   <div class='ocr_carea' id='block_1_40' title="bbox 2159 1108 3754 1183">
    <p class='ocr_par' dir='ltr' id='par_1_40' title="bbox 2159 1108 3754 1183">
     <span class='ocr_line' id='line_1_41' title="bbox 2159 1108 3754 1183; baseline 0.004 -20"><span class='ocrx_word' id='word_1_266' title='bbox 2159 1108 2218 1164; x_wconf 93' lang='lat' dir='ltr'>Si</span> <span class='ocrx_word' id='word_1_267' title='bbox 2245 1124 2382 1164; x_wconf 90' lang='lat' dir='ltr'><strong>vero</strong></span> <span class='ocrx_word' id='word_1_268' title='bbox 2414 1125 2535 1164; x_wconf 90' lang='lat' dir='ltr'>non</span> <span class='ocrx_word' id='word_1_269' title='bbox 2568 1108 2642 1164; x_wconf 90' lang='lat' dir='ltr'>ad</span> <span class='ocrx_word' id='word_1_270' title='bbox 2674 1109 3049 1166; x_wconf 86' lang='lat' dir='ltr'>obsidionem</span> <span class='ocrx_word' id='word_1_271' title='bbox 3079 1111 3283 1183; x_wconf 87' lang='lat' dir='ltr'>oppidi</span> <span class='ocrx_word' id='word_1_272' title='bbox 3308 1128 3370 1166; x_wconf 90' lang='lat' dir='ltr'>se</span> <span class='ocrx_word' id='word_1_273' title='bbox 3391 1117 3754 1169; x_wconf 87' lang='lat' dir='ltr'><strong>convertunt</strong></span> 
     </span>
    </p>
   </div>
   <div class='ocr_carea' id='block_1_41' title="bbox 2090 1198 3746 1275">
    <p class='ocr_par' dir='ltr' id='par_1_41' title="bbox 2090 1198 3746 1275">
     <span class='ocr_line' id='line_1_42' title="bbox 2090 1198 3746 1275; baseline 0.002 -21"><span class='ocrx_word' id='word_1_274' title='bbox 2090 1198 2424 1268; x_wconf 88' lang='lat' dir='ltr'><strong>hostes,sed</strong></span> <span class='ocrx_word' id='word_1_275' title='bbox 2445 1214 2580 1254; x_wconf 90' lang='lat' dir='ltr'>cum</span> <span class='ocrx_word' id='word_1_276' title='bbox 2605 1215 2818 1272; x_wconf 91' lang='lat' dir='ltr'><strong>magno</strong></span> <span class='ocrx_word' id='word_1_277' title='bbox 2840 1217 2908 1256; x_wconf 91' lang='lat' dir='ltr'>ac</span> <span class='ocrx_word' id='word_1_278' title='bbox 2930 1200 3161 1257; x_wconf 89' lang='lat' dir='ltr'><strong>valente</strong></span> <span class='ocrx_word' id='word_1_279' title='bbox 3187 1203 3449 1257; x_wconf 86' lang='lat' dir='ltr'><strong>exercitu</strong></span> <span class='ocrx_word' id='word_1_280' title='bbox 3473 1202 3746 1275; x_wconf 81' lang='lat' dir='ltr'>regiones</span> 
     </span>
    </p>
   </div>
   <div class='ocr_carea' id='block_1_42' title="bbox 2091 1289 3746 1364">
    <p class='ocr_par' dir='ltr' id='par_1_42' title="bbox 2091 1289 3746 1364">
     <span class='ocr_line' id='line_1_43' title="bbox 2091 1289 3746 1364; baseline 0.004 -22"><span class='ocrx_word' id='word_1_281' title='bbox 2091 1294 2487 1361; x_wconf 81' lang='lat' dir='ltr'>pervagantur</span> <span class='ocrx_word' id='word_1_282' title='bbox 2517 1294 2773 1360; x_wconf 89' lang='lat' dir='ltr'><strong>nostras,</strong></span> <span class='ocrx_word' id='word_1_283' title='bbox 2830 1289 3008 1346; x_wconf 85' lang='lat' dir='ltr'><strong>debet</strong></span> <span class='ocrx_word' id='word_1_284' title='bbox 3063 1291 3382 1363; x_wconf 74' lang='lat' dir='ltr'>diligenter</span> <span class='ocrx_word' id='word_1_285' title='bbox 3437 1292 3746 1364; x_wconf 84' lang='lat' dir='ltr'>copiarum</span> 
     </span>
    </p>
   </div>
   <div class='ocr_carea' id='block_1_43' title="bbox 2094 1379 3752 1453">
    <p class='ocr_par' dir='ltr' id='par_1_43' title="bbox 2094 1379 3752 1453">
     <span class='ocr_line' id='line_1_44' title="bbox 2094 1379 3752 1453; baseline 0.002 -20"><span class='ocrx_word' id='word_1_286' title='bbox 2094 1380 2498 1434; x_wconf 83' lang='lat' dir='ltr'><strong>Romanarum</strong></span> <span class='ocrx_word' id='word_1_287' title='bbox 2531 1379 2649 1436; x_wconf 90' lang='lat' dir='ltr'>dux</span> <span class='ocrx_word' id='word_1_288' title='bbox 2671 1380 2984 1453; x_wconf 79' lang='lat' dir='ltr'>agricolas,</span> <span class='ocrx_word' id='word_1_289' title='bbox 3018 1381 3129 1437; x_wconf 90' lang='lat' dir='ltr'><strong>hoc</strong></span> <span class='ocrx_word' id='word_1_290' title='bbox 3150 1386 3259 1449; x_wconf 87' lang='lat' dir='ltr'><strong>est,</strong></span> <span class='ocrx_word' id='word_1_291' title='bbox 3293 1381 3528 1437; x_wconf 85' lang='lat' dir='ltr'>vicanos</span> <span class='ocrx_word' id='word_1_292' title='bbox 3555 1382 3752 1437; x_wconf 89' lang='lat' dir='ltr'><strong>homi-</strong></span> 
     </span>
    </p>
   </div>
   <div class='ocr_carea' id='block_1_44' title="bbox 2093 1471 3751 1542">
    <p class='ocr_par' dir='ltr' id='par_1_44' title="bbox 2093 1471 3751 1542">
     <span class='ocr_line' id='line_1_45' title="bbox 2093 1471 3751 1542; baseline 0 -13"><span class='ocrx_word' id='word_1_293' title='bbox 2093 1489 2223 1540; x_wconf 89' lang='lat' dir='ltr'><strong>nes,</strong></span> <span class='ocrx_word' id='word_1_294' title='bbox 2248 1487 2576 1542; x_wconf 89' lang='lat' dir='ltr'><strong>eorumque</strong></span> <span class='ocrx_word' id='word_1_295' title='bbox 2607 1471 2880 1528; x_wconf 85' lang='lat' dir='ltr'><strong>fortunas</strong></span> <span class='ocrx_word' id='word_1_296' title='bbox 2911 1489 3122 1528; x_wconf 88' lang='lat' dir='ltr'><strong>omnes</strong></span> <span class='ocrx_word' id='word_1_297' title='bbox 3155 1473 3439 1529; x_wconf 90' lang='lat' dir='ltr'><strong>mandare</strong></span> <span class='ocrx_word' id='word_1_298' title='bbox 3471 1479 3531 1529; x_wconf 90' lang='lat' dir='ltr'>et</span> <span class='ocrx_word' id='word_1_299' title='bbox 3576 1474 3751 1529; x_wconf 86' lang='lat' dir='ltr'><strong>insti-</strong></span> 
     </span>
    </p>
   </div>
   <div class='ocr_carea' id='block_1_45' title="bbox 2095 1561 3749 1634">
    <p class='ocr_par' dir='ltr' id='par_1_45' title="bbox 2095 1561 3749 1634">
     <span class='ocr_line' id='line_1_46' title="bbox 2095 1561 3749 1634; baseline 0 -16"><span class='ocrx_word' id='word_1_300' title='bbox 2095 1568 2283 1627; x_wconf 87' lang='lat' dir='ltr'><strong>tuere,</strong></span> <span class='ocrx_word' id='word_1_301' title='bbox 2316 1562 2378 1616; x_wconf 94' lang='lat' dir='ltr'>in</span> <span class='ocrx_word' id='word_1_302' title='bbox 2409 1561 2628 1633; x_wconf 92' lang='lat' dir='ltr'><strong>oppida</strong></span> <span class='ocrx_word' id='word_1_303' title='bbox 2657 1562 3006 1634; x_wconf 78' lang='lat' dir='ltr'><strong>munitaque</strong></span> <span class='ocrx_word' id='word_1_304' title='bbox 3038 1562 3169 1618; x_wconf 91' lang='lat' dir='ltr'><strong>loca</strong></span> <span class='ocrx_word' id='word_1_305' title='bbox 3189 1563 3275 1618; x_wconf 87' lang='lat' dir='ltr'>uti</span> <span class='ocrx_word' id='word_1_306' title='bbox 3307 1579 3368 1618; x_wconf 89' lang='lat' dir='ltr'>se</span> <span class='ocrx_word' id='word_1_307' title='bbox 3393 1563 3749 1632; x_wconf 83' lang='lat' dir='ltr'><strong>subducant,</strong></span> 
     </span>
    </p>
   </div>
   <div class='ocr_carea' id='block_1_46' title="bbox 2095 1651 3750 1725">
    <p class='ocr_par' dir='ltr' id='par_1_46' title="bbox 2095 1651 3750 1725">
     <span class='ocr_line' id='line_1_47' title="bbox 2095 1651 3750 1725; baseline 0.001 -17"><span class='ocrx_word' id='word_1_308' title='bbox 2095 1651 2478 1722; x_wconf 87' lang='lat' dir='ltr'><strong>hostiumque</strong></span> <span class='ocrx_word' id='word_1_309' title='bbox 2513 1651 2614 1722; x_wconf 90' lang='lat' dir='ltr'>qui</span> <span class='ocrx_word' id='word_1_310' title='bbox 2647 1651 2768 1706; x_wconf 90' lang='lat' dir='ltr'><strong>sint</strong></span> <span class='ocrx_word' id='word_1_311' title='bbox 2796 1651 3104 1723; x_wconf 83' lang='lat' dir='ltr'><strong>praedandi</strong></span> <span class='ocrx_word' id='word_1_312' title='bbox 3134 1669 3314 1708; x_wconf 90' lang='lat' dir='ltr'><strong>causa</strong></span> <span class='ocrx_word' id='word_1_313' title='bbox 3343 1653 3586 1725; x_wconf 85' lang='lat' dir='ltr'><strong>egressi,</strong></span> <span class='ocrx_word' id='word_1_314' title='bbox 3607 1669 3750 1724; x_wconf 88' lang='lat' dir='ltr'><strong>pru-</strong></span> 
     </span>
    </p>
   </div>
   <div class='ocr_carea' id='block_1_47' title="bbox 2096 1739 3749 1815">
    <p class='ocr_par' dir='ltr' id='par_1_47' title="bbox 2096 1739 3749 1815">
     <span class='ocr_line' id='line_1_48' title="bbox 2096 1739 3749 1815; baseline 0.001 -19"><span class='ocrx_word' id='word_1_315' title='bbox 2096 1741 2299 1796; x_wconf 88' lang='lat' dir='ltr'><strong>dentia</strong></span> <span class='ocrx_word' id='word_1_316' title='bbox 2327 1739 2751 1810; x_wconf 79' lang='lat' dir='ltr'><strong>vigilantiaque</strong></span> <span class='ocrx_word' id='word_1_317' title='bbox 2773 1740 3040 1796; x_wconf 88' lang='lat' dir='ltr'><strong>adhibita</strong></span> <span class='ocrx_word' id='word_1_318' title='bbox 3066 1741 3360 1796; x_wconf 83' lang='lat' dir='ltr'><strong>afﬂictent</strong></span> <span class='ocrx_word' id='word_1_319' title='bbox 3387 1758 3400 1796; x_wconf 89' lang='lat'><strong><em>:</em></strong></span> <span class='ocrx_word' id='word_1_320' title='bbox 3423 1747 3490 1797; x_wconf 93' lang='lat' dir='ltr'>ut</span> <span class='ocrx_word' id='word_1_321' title='bbox 3514 1742 3749 1815; x_wconf 82' lang='lat' dir='ltr'><strong>longius</strong></span> 
     </span>
    </p>
   </div>
   <div class='ocr_carea' id='block_1_48' title="bbox 2096 1827 3754 1903">
    <p class='ocr_par' dir='ltr' id='par_1_48' title="bbox 2096 1827 3754 1903">
     <span class='ocr_line' id='line_1_49' title="bbox 2096 1827 3754 1903; baseline 0.001 -18"><span class='ocrx_word' id='word_1_322' title='bbox 2096 1828 2168 1886; x_wconf 90' lang='lat' dir='ltr'>ab</span> <span class='ocrx_word' id='word_1_323' title='bbox 2186 1827 2448 1883; x_wconf 84' lang='lat' dir='ltr'><strong>exercitu</strong></span> <span class='ocrx_word' id='word_1_324' title='bbox 2469 1827 2776 1883; x_wconf 86' lang='lat' dir='ltr'><strong>discedere</strong></span> <span class='ocrx_word' id='word_1_325' title='bbox 2789 1833 2966 1900; x_wconf 87' lang='lat' dir='ltr'><strong>atque</strong></span> <span class='ocrx_word' id='word_1_326' title='bbox 2989 1835 3390 1886; x_wconf 87' lang='lat' dir='ltr'><strong>commeatum</strong></span> <span class='ocrx_word' id='word_1_327' title='bbox 3415 1836 3754 1903; x_wconf 89' lang='lat' dir='ltr'><strong>comporta-</strong></span> 
     </span>
    </p>
   </div>
   <div class='ocr_carea' id='block_1_49' title="bbox 2100 1916 3753 1993">
    <p class='ocr_par' dir='ltr' id='par_1_49' title="bbox 2100 1916 3753 1993">
     <span class='ocr_line' id='line_1_50' title="bbox 2100 1916 3753 1993; baseline 0.001 -20"><span class='ocrx_word' id='word_1_328' title='bbox 2100 1935 2162 1973; x_wconf 91' lang='lat' dir='ltr'>re</span> <span class='ocrx_word' id='word_1_329' title='bbox 2194 1916 2618 1972; x_wconf 90' lang='lat' dir='ltr'><strong>reformident:</strong></span> <span class='ocrx_word' id='word_1_330' title='bbox 2655 1916 2909 1989; x_wconf 90' lang='lat' dir='ltr'><strong>ideoque</strong></span> <span class='ocrx_word' id='word_1_331' title='bbox 2940 1934 3004 1972; x_wconf 90' lang='lat' dir='ltr'>re</span> <span class='ocrx_word' id='word_1_332' title='bbox 3063 1918 3455 1974; x_wconf 88' lang='lat' dir='ltr'><strong>frumentaria</strong></span> <span class='ocrx_word' id='word_1_333' title='bbox 3503 1924 3753 1993; x_wconf 87' lang='lat' dir='ltr'><strong>anguste</strong></span> 
     </span>
    </p>
   </div>
   <div class='ocr_carea' id='block_1_50' title="bbox 2101 2005 3757 2081">
    <p class='ocr_par' dir='ltr' id='par_1_50' title="bbox 2101 2005 3757 2081">
     <span class='ocr_line' id='line_1_51' title="bbox 2101 2005 3757 2081; baseline 0.001 -19"><span class='ocrx_word' id='word_1_334' title='bbox 2101 2012 2365 2062; x_wconf 89' lang='lat' dir='ltr'><strong>utentur.</strong></span> <span class='ocrx_word' id='word_1_335' title='bbox 2399 2007 2454 2061; x_wconf 92' lang='lat' dir='ltr'>Si</span> <span class='ocrx_word' id='word_1_336' title='bbox 2486 2011 2709 2074; x_wconf 90' lang='lat' dir='ltr'><strong>autem,</strong></span> <span class='ocrx_word' id='word_1_337' title='bbox 2766 2012 2834 2063; x_wconf 91' lang='lat' dir='ltr'>ut</span> <span class='ocrx_word' id='word_1_338' title='bbox 2893 2005 3170 2076; x_wconf 83' lang='lat' dir='ltr'><strong>diximus,</strong></span> <span class='ocrx_word' id='word_1_339' title='bbox 3233 2024 3478 2081; x_wconf 90' lang='lat' dir='ltr'><strong>magnas</strong></span> <span class='ocrx_word' id='word_1_340' title='bbox 3530 2009 3757 2066; x_wconf 86' lang='lat' dir='ltr'><strong>habent</strong></span> 
     </span>
    </p>
   </div>
   <div class='ocr_carea' id='block_1_51' title="bbox 2102 2094 3752 2168">
    <p class='ocr_par' dir='ltr' id='par_1_51' title="bbox 2102 2094 3752 2168">
     <span class='ocr_line' id='line_1_52' title="bbox 2102 2094 3752 2168; baseline 0 -16"><span class='ocrx_word' id='word_1_341' title='bbox 2102 2096 2325 2168; x_wconf 89' lang='lat' dir='ltr'><strong>c0pias,</strong></span> <span class='ocrx_word' id='word_1_342' title='bbox 2382 2094 2632 2151; x_wconf 87' lang='lat' dir='ltr'><strong>fortasse</strong></span> <span class='ocrx_word' id='word_1_343' title='bbox 2691 2095 2871 2152; x_wconf 90' lang='lat' dir='ltr'><strong>aliam</strong></span> <span class='ocrx_word' id='word_1_344' title='bbox 2927 2097 3224 2152; x_wconf 89' lang='lat' dir='ltr'><strong>rationem</strong></span> <span class='ocrx_word' id='word_1_345' title='bbox 3290 2097 3531 2153; x_wconf 91' lang='lat' dir='ltr'><strong>inibunt</strong></span> <span class='ocrx_word' id='word_1_346' title='bbox 3585 2097 3752 2153; x_wconf 87' lang='lat' dir='ltr'><strong>belli.</strong></span> 
     </span>
    </p>
   </div>
   <div class='ocr_carea' id='block_1_52' title="bbox 2105 2184 3754 2260">
    <p class='ocr_par' dir='ltr' id='par_1_52' title="bbox 2105 2184 3754 2260">
     <span class='ocr_line' id='line_1_53' title="bbox 2105 2184 3754 2260; baseline 0.002 -19"><span class='ocrx_word' id='word_1_347' title='bbox 2105 2185 2399 2241; x_wconf 88' lang='lat' dir='ltr'><strong>Divisione</strong></span> <span class='ocrx_word' id='word_1_348' title='bbox 2430 2184 2603 2252; x_wconf 88' lang='lat' dir='ltr'><strong>facta,</strong></span> <span class='ocrx_word' id='word_1_349' title='bbox 2637 2185 2947 2241; x_wconf 89' lang='lat' dir='ltr'><strong>dimidiam</strong></span> <span class='ocrx_word' id='word_1_350' title='bbox 2978 2185 3070 2240; x_wconf 88' lang='lat' dir='ltr'><strong>vel</strong></span> <span class='ocrx_word' id='word_1_351' title='bbox 3100 2187 3279 2242; x_wconf 88' lang='lat' dir='ltr'><strong>etiam</strong></span> <span class='ocrx_word' id='word_1_352' title='bbox 3328 2187 3562 2243; x_wconf 88' lang='lat' dir='ltr'><strong>tertiam</strong></span> <span class='ocrx_word' id='word_1_353' title='bbox 3618 2203 3754 2260; x_wconf 86' lang='lat' dir='ltr'><strong>par-</strong></span> 
     </span>
    </p>
   </div>
   <div class='ocr_carea' id='block_1_53' title="bbox 2104 2275 3754 2346">
    <p class='ocr_par' dir='ltr' id='par_1_53' title="bbox 2104 2275 3754 2346">
     <span class='ocr_line' id='line_1_54' title="bbox 2104 2275 3754 2346; baseline 0.002 -17"><span class='ocrx_word' id='word_1_354' title='bbox 2104 2280 2225 2330; x_wconf 91' lang='lat' dir='ltr'>tem</span> <span class='ocrx_word' id='word_1_355' title='bbox 2258 2275 2552 2331; x_wconf 85' lang='lat' dir='ltr'><strong>exercitus</strong></span> <span class='ocrx_word' id='word_1_356' title='bbox 2599 2275 2932 2331; x_wconf 88' lang='lat' dir='ltr'><strong>emittente</strong></span> <span class='ocrx_word' id='word_1_357' title='bbox 2963 2277 3174 2331; x_wconf 86' lang='lat' dir='ltr'><strong>castris</strong></span> <span class='ocrx_word' id='word_1_358' title='bbox 3221 2277 3334 2332; x_wconf 90' lang='lat' dir='ltr'><strong>iter</strong></span> <span class='ocrx_word' id='word_1_359' title='bbox 3380 2278 3560 2333; x_wconf 90' lang='lat' dir='ltr'><strong>unius</strong></span> <span class='ocrx_word' id='word_1_360' title='bbox 3612 2278 3754 2346; x_wconf 90' lang='lat' dir='ltr'><strong>diei,</strong></span> 
     </span>
    </p>
   </div>
   <div class='ocr_carea' id='block_1_54' title="bbox 2107 2364 3758 2438">
    <p class='ocr_par' dir='ltr' id='par_1_54' title="bbox 2107 2364 3758 2438">
     <span class='ocr_line' id='line_1_55' title="bbox 2107 2364 3758 2438; baseline 0.002 -18"><span class='ocrx_word' id='word_1_361' title='bbox 2107 2370 2210 2420; x_wconf 90' lang='lat' dir='ltr'>aut</span> <span class='ocrx_word' id='word_1_362' title='bbox 2238 2364 2496 2437; x_wconf 81' lang='lat' dir='ltr'><strong>longius,</strong></span> <span class='ocrx_word' id='word_1_363' title='bbox 2529 2365 2591 2419; x_wconf 94' lang='lat' dir='ltr'>in</span> <span class='ocrx_word' id='word_1_364' title='bbox 2647 2365 2805 2420; x_wconf 88' lang='lat' dir='ltr'><strong>vicos</strong></span> <span class='ocrx_word' id='word_1_365' title='bbox 2858 2365 2959 2420; x_wconf 90' lang='lat' dir='ltr'>ubi</span> <span class='ocrx_word' id='word_1_366' title='bbox 3005 2370 3247 2437; x_wconf 88' lang='lat' dir='ltr'><strong>sperant</strong></span> <span class='ocrx_word' id='word_1_367' title='bbox 3289 2367 3644 2438; x_wconf 86' lang='lat' dir='ltr'><strong>ampliorem</strong></span> <span class='ocrx_word' id='word_1_368' title='bbox 3693 2385 3758 2424; x_wconf 89' lang='lat' dir='ltr'>se</span> 
     </span>
    </p>
   </div>
   <div class='ocr_carea' id='block_1_55' title="bbox 2105 2464 3758 2538">
    <p class='ocr_par' dir='ltr' id='par_1_55' title="bbox 2105 2464 3758 2538">
     <span class='ocr_line' id='line_1_56' title="bbox 2105 2464 3758 2538; baseline 0.001 -18"><span class='ocrx_word' id='word_1_369' title='bbox 2105 2469 2509 2520; x_wconf 87' lang='lat' dir='ltr'><strong>commeatum</strong></span> <span class='ocrx_word' id='word_1_370' title='bbox 2541 2464 2908 2521; x_wconf 88' lang='lat' dir='ltr'><strong>inventuros.</strong></span> <span class='ocrx_word' id='word_1_371' title='bbox 2943 2466 3059 2520; x_wconf 90' lang='lat' dir='ltr'><strong>Hos</strong></span> <span class='ocrx_word' id='word_1_372' title='bbox 3089 2483 3196 2538; x_wconf 88' lang='lat' dir='ltr'>per</span> <span class='ocrx_word' id='word_1_373' title='bbox 3223 2465 3474 2522; x_wconf 92' lang='lat' dir='ltr'><strong>biduum</strong></span> <span class='ocrx_word' id='word_1_374' title='bbox 3505 2472 3608 2522; x_wconf 90' lang='lat' dir='ltr'>aut</span> <span class='ocrx_word' id='word_1_375' title='bbox 3654 2467 3758 2522; x_wconf 88' lang='lat' dir='ltr'><strong>tri-</strong></span> 
     </span>
    </p>
   </div>
   <div class='ocr_carea' id='block_1_56' title="bbox 2105 2551 3762 2620">
    <p class='ocr_par' dir='ltr' id='par_1_56' title="bbox 2105 2551 3762 2620">
     <span class='ocr_line' id='line_1_57' title="bbox 2105 2551 3762 2620; baseline 0.003 -15"><span class='ocrx_word' id='word_1_376' title='bbox 2105 2551 2290 2606; x_wconf 92' lang='lat' dir='ltr'><strong>duum</strong></span> <span class='ocrx_word' id='word_1_377' title='bbox 2321 2568 2356 2606; x_wconf 91' lang='lat' dir='ltr'>a</span> <span class='ocrx_word' id='word_1_378' title='bbox 2385 2552 2596 2607; x_wconf 90' lang='lat' dir='ltr'><strong>castris</strong></span> <span class='ocrx_word' id='word_1_379' title='bbox 2626 2551 2834 2607; x_wconf 89' lang='lat' dir='ltr'><strong>abesse</strong></span> <span class='ocrx_word' id='word_1_380' title='bbox 2865 2553 3018 2608; x_wconf 70' lang='lat'>249</span> <span class='ocrx_word' id='word_1_381' title='bbox 3064 2570 3308 2609; x_wconf 89' lang='lat' dir='ltr'><strong>necesse</strong></span> <span class='ocrx_word' id='word_1_382' title='bbox 3362 2559 3472 2611; x_wconf 88' lang='lat' dir='ltr'><strong>est.</strong></span> <span class='ocrx_word' id='word_1_383' title='bbox 3527 2556 3652 2620; x_wconf 89' lang='lat' dir='ltr'><strong>Qua</strong></span> <span class='ocrx_word' id='word_1_384' title='bbox 3697 2572 3762 2611; x_wconf 81' lang='lat' dir='ltr'>re</span> 
     </span>
    </p>
   </div>
   <div class='ocr_carea' id='block_1_57' title="bbox 2105 2641 3759 2717">
    <p class='ocr_par' dir='ltr' id='par_1_57' title="bbox 2105 2641 3759 2717">
     <span class='ocr_line' id='line_1_58' title="bbox 2105 2641 3759 2717; baseline 0.003 -22"><span class='ocrx_word' id='word_1_385' title='bbox 2105 2642 2343 2714; x_wconf 90' lang='lat' dir='ltr'><strong>cognita</strong></span> <span class='ocrx_word' id='word_1_386' title='bbox 2372 2657 2439 2696; x_wconf 90' lang='lat' dir='ltr'><strong>ac</strong></span> <span class='ocrx_word' id='word_1_387' title='bbox 2470 2649 2804 2714; x_wconf 88' lang='lat' dir='ltr'><strong>perspecta,</strong></span> <span class='ocrx_word' id='word_1_388' title='bbox 2838 2641 3040 2713; x_wconf 91' lang='lat' dir='ltr'><strong>debes,</strong></span> <span class='ocrx_word' id='word_1_389' title='bbox 3074 2660 3108 2699; x_wconf 90' lang='grc' dir='ltr'>ο</span> <span class='ocrx_word' id='word_1_390' title='bbox 3141 2643 3280 2712; x_wconf 88' lang='lat' dir='ltr'><strong>dux,</strong></span> <span class='ocrx_word' id='word_1_391' title='bbox 3313 2661 3449 2700; x_wconf 91' lang='lat' dir='ltr'>cum</span> <span class='ocrx_word' id='word_1_392' title='bbox 3479 2643 3759 2717; x_wconf 88' lang='lat' dir='ltr'><strong>prudenti</strong></span> 
     </span>
    </p>
   </div>
   <div class='ocr_carea' id='block_1_58' title="bbox 2106 2731 3759 2803">
    <p class='ocr_par' dir='ltr' id='par_1_58' title="bbox 2106 2731 3759 2803">
     <span class='ocr_line' id='line_1_59' title="bbox 2106 2731 3759 2803; baseline 0.001 -16"><span class='ocrx_word' id='word_1_393' title='bbox 2106 2731 2462 2803; x_wconf 82' lang='lat' dir='ltr'><strong>cogitatione</strong></span> <span class='ocrx_word' id='word_1_394' title='bbox 2491 2731 2739 2788; x_wconf 90' lang='lat' dir='ltr'><strong>insidias</strong></span> <span class='ocrx_word' id='word_1_395' title='bbox 2759 2731 2879 2786; x_wconf 91' lang='lat' dir='ltr'><strong>illis</strong></span> <span class='ocrx_word' id='word_1_396' title='bbox 2900 2731 3117 2800; x_wconf 87' lang='lat' dir='ltr'><strong>facere,</strong></span> <span class='ocrx_word' id='word_1_397' title='bbox 3141 2740 3201 2789; x_wconf 90' lang='lat' dir='ltr'>et</span> <span class='ocrx_word' id='word_1_398' title='bbox 3228 2734 3554 2789; x_wconf 88' lang='lat' dir='ltr'><strong>exercitum</strong></span> <span class='ocrx_word' id='word_1_399' title='bbox 3585 2738 3759 2790; x_wconf 90' lang='lat' dir='ltr'><strong>nocte</strong></span> 
     </span>
    </p>
   </div>
   <div class='ocr_carea' id='block_1_59' title="bbox 2106 2820 3762 2894">
    <p class='ocr_par' dir='ltr' id='par_1_59' title="bbox 2106 2820 3762 2894">
     <span class='ocr_line' id='line_1_60' title="bbox 2106 2820 3762 2894; baseline 0.002 -20"><span class='ocrx_word' id='word_1_400' title='bbox 2106 2820 2351 2892; x_wconf 89' lang='lat' dir='ltr'><strong>propius</strong></span> <span class='ocrx_word' id='word_1_401' title='bbox 2381 2820 2688 2875; x_wconf 87' lang='lat' dir='ltr'><strong>admotum</strong></span> <span class='ocrx_word' id='word_1_402' title='bbox 2719 2821 2849 2876; x_wconf 94' lang='lat' dir='ltr'><strong>loco</strong></span> <span class='ocrx_word' id='word_1_403' title='bbox 2882 2821 3120 2893; x_wconf 88' lang='lat' dir='ltr'><strong>idoneo,</strong></span> <span class='ocrx_word' id='word_1_404' title='bbox 3143 2823 3191 2878; x_wconf 91' lang='lat' dir='ltr'><strong>si</strong></span> <span class='ocrx_word' id='word_1_405' title='bbox 3223 2823 3546 2894; x_wconf 88' lang='lat' dir='ltr'><strong>inveneris,</strong></span> <span class='ocrx_word' id='word_1_406' title='bbox 3567 2822 3762 2878; x_wconf 87' lang='lat' dir='ltr'><strong>occul-</strong></span> 
     </span>
    </p>
   </div>
   <div class='ocr_carea' id='block_1_60' title="bbox 2105 2911 3760 2981">
    <p class='ocr_par' dir='ltr' id='par_1_60' title="bbox 2105 2911 3760 2981">
     <span class='ocr_line' id='line_1_61' title="bbox 2105 2911 3760 2981; baseline 0.002 -17"><span class='ocrx_word' id='word_1_407' title='bbox 2105 2915 2251 2964; x_wconf 89' lang='lat' dir='ltr'><strong>tare.</strong></span> <span class='ocrx_word' id='word_1_408' title='bbox 2287 2911 2839 2966; x_wconf 90' lang='lat' dir='ltr'><strong>Frumentatoribus</strong></span> <span class='ocrx_word' id='word_1_409' title='bbox 2870 2929 2992 2967; x_wconf 90' lang='lat' dir='ltr'>non</span> <span class='ocrx_word' id='word_1_410' title='bbox 3029 2913 3090 2967; x_wconf 92' lang='lat' dir='ltr'><strong>in</strong></span> <span class='ocrx_word' id='word_1_411' title='bbox 3139 2912 3288 2968; x_wconf 89' lang='lat' dir='ltr'><strong>duos</strong></span> <span class='ocrx_word' id='word_1_412' title='bbox 3341 2917 3529 2967; x_wconf 86' lang='lat' dir='ltr'><strong>tresve</strong></span> <span class='ocrx_word' id='word_1_413' title='bbox 3577 2913 3760 2981; x_wconf 85' lang='lat' dir='ltr'><strong>vicos,</strong></span> 
     </span>
    </p>
   </div>
   <div class='ocr_carea' id='block_1_61' title="bbox 2107 2997 3758 3072">
    <p class='ocr_par' dir='ltr' id='par_1_61' title="bbox 2107 2997 3758 3072">
     <span class='ocr_line' id='line_1_62' title="bbox 2107 2997 3758 3072; baseline 0.001 -18"><span class='ocrx_word' id='word_1_414' title='bbox 2107 2997 2211 3054; x_wconf 90' lang='lat' dir='ltr'>sed</span> <span class='ocrx_word' id='word_1_415' title='bbox 2237 2999 2299 3053; x_wconf 91' lang='lat' dir='ltr'>in</span> <span class='ocrx_word' id='word_1_416' title='bbox 2329 2998 2530 3070; x_wconf 89' lang='lat' dir='ltr'><strong>plures</strong></span> <span class='ocrx_word' id='word_1_417' title='bbox 2564 2997 2831 3070; x_wconf 89' lang='lat' dir='ltr'><strong>dilapsis,</strong></span> <span class='ocrx_word' id='word_1_418' title='bbox 2865 3000 2914 3055; x_wconf 92' lang='lat' dir='ltr'>si</span> <span class='ocrx_word' id='word_1_419' title='bbox 2946 3001 3252 3072; x_wconf 89' lang='lat' dir='ltr'><strong>probabile</strong></span> <span class='ocrx_word' id='word_1_420' title='bbox 3277 3006 3385 3070; x_wconf 90' lang='lat' dir='ltr'><strong>est,</strong></span> <span class='ocrx_word' id='word_1_421' title='bbox 3414 3001 3758 3070; x_wconf 89' lang='lat' dir='ltr'><strong>stationem,</strong></span> 
     </span>
    </p>
   </div>
   <div class='ocr_carea' id='block_1_62' title="bbox 2108 3086 3765 3162">
    <p class='ocr_par' dir='ltr' id='par_1_62' title="bbox 2108 3086 3765 3162">
     <span class='ocr_line' id='line_1_63' title="bbox 2108 3086 3765 3162; baseline 0.002 -20"><span class='ocrx_word' id='word_1_422' title='bbox 2108 3103 2286 3158; x_wconf 90' lang='lat' dir='ltr'><strong>quam</strong></span> <span class='ocrx_word' id='word_1_423' title='bbox 2310 3086 2534 3142; x_wconf 89' lang='lat' dir='ltr'><strong>fulcum</strong></span> <span class='ocrx_word' id='word_1_424' title='bbox 2555 3094 2786 3157; x_wconf 86' lang='lat' dir='ltr'><strong>vocant,</strong></span> <span class='ocrx_word' id='word_1_425' title='bbox 2819 3088 2894 3144; x_wconf 91' lang='lat' dir='ltr'>ad</span> <span class='ocrx_word' id='word_1_426' title='bbox 2927 3090 3207 3146; x_wconf 87' lang='lat' dir='ltr'><strong>tutandos</strong></span> <span class='ocrx_word' id='word_1_427' title='bbox 3238 3107 3339 3146; x_wconf 92' lang='lat' dir='ltr'>eos</span> <span class='ocrx_word' id='word_1_428' title='bbox 3359 3095 3576 3162; x_wconf 61' lang='lat' dir='ltr'><strong>praesto</strong></span> <span class='ocrx_word' id='word_1_429' title='bbox 3609 3107 3765 3162; x_wconf 89' lang='lat' dir='ltr'><strong>esse,</strong></span> 
     </span>
    </p>
   </div>
   <div class='ocr_carea' id='block_1_63' title="bbox 2108 3178 3764 3251">
    <p class='ocr_par' dir='ltr' id='par_1_63' title="bbox 2108 3178 3764 3251">
     <span class='ocr_line' id='line_1_64' title="bbox 2108 3178 3764 3251; baseline 0.004 -21"><span class='ocrx_word' id='word_1_430' title='bbox 2108 3182 2341 3248; x_wconf 81' lang='lat' dir='ltr'><strong>Oportet</strong></span> <span class='ocrx_word' id='word_1_431' title='bbox 2366 3181 2530 3232; x_wconf 88' lang='lat' dir='ltr'><strong>tuam</strong></span> <span class='ocrx_word' id='word_1_432' title='bbox 2561 3194 2805 3233; x_wconf 91' lang='lat' dir='ltr'><strong>manum</strong></span> <span class='ocrx_word' id='word_1_433' title='bbox 2837 3178 3108 3251; x_wconf 88' lang='lat' dir='ltr'><strong>bipartiri</strong></span> <span class='ocrx_word' id='word_1_434' title='bbox 3137 3198 3152 3251; x_wconf 89' lang='lat'><strong>;</strong></span> <span class='ocrx_word' id='word_1_435' title='bbox 3184 3197 3329 3237; x_wconf 87' lang='lat' dir='ltr'><strong>cura</strong></span> <span class='ocrx_word' id='word_1_436' title='bbox 3367 3179 3656 3249; x_wconf 84' lang='lat' dir='ltr'><strong>adhibita,</strong></span> <span class='ocrx_word' id='word_1_437' title='bbox 3689 3197 3764 3237; x_wconf 91' lang='lat' dir='ltr'>ne</span> 
     </span>
    </p>
   </div>
   <div class='ocr_carea' id='block_1_64' title="bbox 335 3256 2000 3358">
    <p class='ocr_par' dir='ltr' id='par_1_64' title="bbox 335 3256 1997 3358">
     <span class='ocr_line' id='line_1_65' title="bbox 335 3256 1997 3358; baseline -0.008 -16"><span class='ocrx_word' id='word_1_438' title='bbox 335 3287 418 3350; x_wconf 80' lang='grc' dir='ltr'>εἰς</span> <span class='ocrx_word' id='word_1_439' title='bbox 449 3283 549 3341; x_wconf 89' lang='grc' dir='ltr'>δύο</span> <span class='ocrx_word' id='word_1_440' title='bbox 575 3256 666 3340; x_wconf 75' lang='grc' dir='ltr'>καὶ</span> <span class='ocrx_word' id='word_1_441' title='bbox 695 3256 822 3358; x_wconf 71' lang='grc' dir='ltr'>τρία</span> <span class='ocrx_word' id='word_1_442' title='bbox 850 3256 1056 3358; x_wconf 76' lang='grc' dir='ltr'>χωρία,</span> <span class='ocrx_word' id='word_1_443' title='bbox 1086 3256 1258 3334; x_wconf 45' lang='grc' dir='ltr'>’ἀλλά</span> <span class='ocrx_word' id='word_1_444' title='bbox 1297 3277 1388 3332; x_wconf 83' lang='grc' dir='ltr'>καὶ</span> <span class='ocrx_word' id='word_1_445' title='bbox 1439 3256 1517 3341; x_wconf 69' lang='grc' dir='ltr'>είς</span> <span class='ocrx_word' id='word_1_446' title='bbox 1561 3274 1792 3331; x_wconf 83' lang='grc' dir='ltr'>πλείονα</span> <span class='ocrx_word' id='word_1_447' title='bbox 1849 3274 1997 3348; x_wconf 63' lang='grc' dir='ltr'>ἔρευ-</span> 
     </span>
    </p>
   </div>
   <div class='ocr_carea' id='block_1_65' title="bbox 2112 3256 3768 3358">
    <p class='ocr_par' dir='ltr' id='par_1_65' title="bbox 2112 3275 3768 3350">
     <span class='ocr_line' id='line_1_66' title="bbox 2112 3275 3768 3350; baseline 0.003 -18"><span class='ocrx_word' id='word_1_448' title='bbox 2112 3275 2584 3333; x_wconf 89' lang='lat' dir='ltr'><strong>animadvertare</strong></span> <span class='ocrx_word' id='word_1_449' title='bbox 2616 3276 3035 3350; x_wconf 89' lang='lat' dir='ltr'><strong>dignoscareve</strong></span> <span class='ocrx_word' id='word_1_450' title='bbox 3068 3278 3140 3334; x_wconf 90' lang='lat' dir='ltr'>ab</span> <span class='ocrx_word' id='word_1_451' title='bbox 3195 3279 3468 3335; x_wconf 85' lang='lat' dir='ltr'><strong>hostibus</strong></span> <span class='ocrx_word' id='word_1_452' title='bbox 3517 3279 3768 3337; x_wconf 88' lang='lat' dir='ltr'><strong>latibula</strong></span> 
     </span>
    </p>
   </div>
   <div class='ocr_carea' id='block_1_66' title="bbox 339 3362 2003 3451">
    <p class='ocr_par' dir='ltr' id='par_1_66' title="bbox 339 3362 2003 3451">
     <span class='ocr_line' id='line_1_67' title="bbox 339 3362 2003 3451; baseline -0.008 -19"><span class='ocrx_word' id='word_1_453' title='bbox 339 3379 608 3448; x_wconf 80' lang='grc' dir='ltr'>νήσοντες</span> <span class='ocrx_word' id='word_1_454' title='bbox 637 3371 842 3451; x_wconf 75' lang='grc' dir='ltr'>τροφὰς</span> <span class='ocrx_word' id='word_1_455' title='bbox 896 3367 1396 3441; x_wconf 83' lang='grc' dir='ltr'>διασκορπίζονται,</span> <span class='ocrx_word' id='word_1_456' title='bbox 1448 3364 1598 3429; x_wconf 79' lang='grc' dir='ltr'>εἱλὸς</span> <span class='ocrx_word' id='word_1_457' title='bbox 1645 3362 1702 3419; x_wconf 71' lang='grc' dir='ltr'>δὲ</span> <span class='ocrx_word' id='word_1_458' title='bbox 1755 3363 1864 3419; x_wconf 79' lang='grc' dir='ltr'>έστι</span> <span class='ocrx_word' id='word_1_459' title='bbox 1912 3362 2003 3419; x_wconf 86' lang='grc' dir='ltr'>καὶ</span> 
     </span>
    </p>
   </div>
   <div class='ocr_carea' id='block_1_67' title="bbox 337 3451 2002 3542">
    <p class='ocr_par' dir='ltr' id='par_1_67' title="bbox 337 3451 2002 3542">
     <span class='ocr_line' id='line_1_68' title="bbox 337 3451 2002 3542; baseline -0.008 -21"><span class='ocrx_word' id='word_1_460' title='bbox 337 3466 404 3522; x_wconf 85' lang='grc' dir='ltr'>τὸ</span> <span class='ocrx_word' id='word_1_461' title='bbox 436 3463 736 3542; x_wconf 85' lang='grc' dir='ltr'>λεγόμενον</span> <span class='ocrx_word' id='word_1_462' title='bbox 786 3459 1028 3539; x_wconf 76' lang='grc' dir='ltr'>φοῦλκον</span> <span class='ocrx_word' id='word_1_463' title='bbox 1087 3458 1163 3522; x_wconf 69' lang='grc' dir='ltr'>εἷς</span> <span class='ocrx_word' id='word_1_464' title='bbox 1201 3456 1450 3536; x_wconf 78' lang='grc' dir='ltr'>φυλακὴν</span> <span class='ocrx_word' id='word_1_465' title='bbox 1508 3453 1683 3542; x_wconf 81' lang='grc' dir='ltr'>αὐτῶν</span> <span class='ocrx_word' id='word_1_466' title='bbox 1728 3451 2002 3508; x_wconf 54' lang='grc' dir='ltr'>τίστασθαιο</span> 
     </span>
    </p>
   </div>
   <div class='ocr_carea' id='block_1_68' title="bbox 342 3541 2002 3624">
    <p class='ocr_par' dir='ltr' id='par_1_68' title="bbox 342 3541 2002 3624">
     <span class='ocr_line' id='line_1_69' title="bbox 342 3541 2002 3624; baseline -0.007 -14"><span class='ocrx_word' id='word_1_467' title='bbox 342 3553 429 3610; x_wconf 93' lang='grc' dir='ltr'>δεῖ</span> <span class='ocrx_word' id='word_1_468' title='bbox 479 3541 544 3609; x_wconf 70' lang='grc' dir='ltr'>τὸ</span> <span class='ocrx_word' id='word_1_469' title='bbox 605 3551 710 3607; x_wconf 62' lang='grc' dir='ltr'>ὑπὸ</span> <span class='ocrx_word' id='word_1_470' title='bbox 759 3551 818 3606; x_wconf 72' lang='grc' dir='ltr'>σὶ</span> <span class='ocrx_word' id='word_1_471' title='bbox 871 3547 1179 3624; x_wconf 82' lang='grc' dir='ltr'>στράτευμα</span> <span class='ocrx_word' id='word_1_472' title='bbox 1236 3543 1373 3621; x_wconf 78' lang='grc' dir='ltr'>διχῆ</span> <span class='ocrx_word' id='word_1_473' title='bbox 1426 3541 1649 3616; x_wconf 84' lang='grc' dir='ltr'>διελεῖν,</span> <span class='ocrx_word' id='word_1_474' title='bbox 1708 3543 2002 3618; x_wconf 77' lang='grc' dir='ltr'>ἀσφάλειαν</span> 
     </span>
    </p>
   </div>
   <div class='ocr_carea' id='block_1_69' title="bbox 345 3632 2010 3718">
    <p class='ocr_par' dir='ltr' id='par_1_69' title="bbox 345 3632 2010 3718">
     <span class='ocr_line' id='line_1_70' title="bbox 345 3632 2010 3718; baseline -0.008 -18"><span class='ocrx_word' id='word_1_475' title='bbox 345 3646 702 3718; x_wconf 83' lang='grc' dir='ltr'>ποιούμενος,</span> <span class='ocrx_word' id='word_1_476' title='bbox 753 3641 829 3714; x_wconf 77' lang='grc' dir='ltr'>μὴ</span> <span class='ocrx_word' id='word_1_477' title='bbox 879 3636 1202 3718; x_wconf 64' lang='grc' dir='ltr'>φωραθῆναι</span> <span class='ocrx_word' id='word_1_478' title='bbox 1234 3633 1271 3706; x_wconf 76' lang='grc' dir='ltr'>ἤ</span> <span class='ocrx_word' id='word_1_479' title='bbox 1305 3633 1710 3710; x_wconf 83' lang='grc' dir='ltr'>διαγνωσθῆναί</span> <span class='ocrx_word' id='word_1_480' title='bbox 1758 3653 1816 3688; x_wconf 86' lang='grc' dir='ltr'>σε</span> <span class='ocrx_word' id='word_1_481' title='bbox 1861 3632 2010 3709; x_wconf 85' lang='grc' dir='ltr'>παρὰ</span> 
     </span>
    </p>
   </div>
   <div class='ocr_carea' id='block_1_70' title="bbox 349 3719 2009 3810">
    <p class='ocr_par' dir='ltr' id='par_1_70' title="bbox 349 3719 2009 3810">
     <span class='ocr_line' id='line_1_71' title="bbox 349 3719 2009 3810; baseline -0.008 -21"><span class='ocrx_word' id='word_1_482' title='bbox 349 3738 461 3789; x_wconf 80' lang='grc' dir='ltr'>τῶν</span> <span class='ocrx_word' id='word_1_483' title='bbox 491 3731 893 3810; x_wconf 79' lang='grc' dir='ltr'>ἀνερευνώντων</span> <span class='ocrx_word' id='word_1_484' title='bbox 921 3725 1221 3801; x_wconf 88' lang='grc' dir='ltr'>πολεμίων</span> <span class='ocrx_word' id='word_1_485' title='bbox 1252 3723 1381 3787; x_wconf 82' lang='grc' dir='ltr'>τοὺς</span> <span class='ocrx_word' id='word_1_486' title='bbox 1412 3723 1643 3798; x_wconf 87' lang='grc' dir='ltr'>λόχους,</span> <span class='ocrx_word' id='word_1_487' title='bbox 1679 3719 1771 3810; x_wconf 73' lang='grc' dir='ltr'>’ίνα</span> <span class='ocrx_word' id='word_1_488' title='bbox 1805 3724 1882 3796; x_wconf 80' lang='grc' dir='ltr'>μή</span> <span class='ocrx_word' id='word_1_489' title='bbox 1919 3723 2009 3777; x_wconf 80' lang='grc' dir='ltr'>ὑπ’</span> 
     </span>
    </p>
   </div>
   <div class='ocr_carea' id='block_1_71' title="bbox 350 3808 2012 3896">
    <p class='ocr_par' dir='ltr' id='par_1_71' title="bbox 350 3808 2012 3896">
     <span class='ocr_line' id='line_1_72' title="bbox 350 3808 2012 3896; baseline -0.007 -19"><span class='ocrx_word' id='word_1_490' title='bbox 350 3823 528 3877; x_wconf 78' lang='grc' dir='ltr'>αὐτῶν</span> <span class='ocrx_word' id='word_1_491' title='bbox 585 3808 805 3896; x_wconf 77' lang='grc' dir='ltr'>μᾶλλον</span> <span class='ocrx_word' id='word_1_492' title='bbox 871 3815 1212 3892; x_wconf 70' lang='grc' dir='ltr'>ἐνεδρεὺθῇςο</span> <span class='ocrx_word' id='word_1_493' title='bbox 1289 3819 1619 3890; x_wconf 78' lang='grc' dir='ltr'>καρτερῆσαι</span> <span class='ocrx_word' id='word_1_494' title='bbox 1706 3808 1764 3866; x_wconf 71' lang='grc' dir='ltr'>δὲ</span> <span class='ocrx_word' id='word_1_495' title='bbox 1819 3811 1874 3867; x_wconf 75' lang='grc' dir='ltr'>ἐν</span> <span class='ocrx_word' id='word_1_496' title='bbox 1932 3815 2012 3883; x_wconf 82' lang='grc' dir='ltr'>τῷ</span> 
     </span>
    </p>
   </div>
   <div class='ocr_carea' id='block_1_72' title="bbox 343 3898 2008 3990">
    <p class='ocr_par' dir='ltr' id='par_1_72' title="bbox 343 3898 2008 3990">
     <span class='ocr_line' id='line_1_73' title="bbox 343 3898 2008 3990; baseline -0.008 -22"><span class='ocrx_word' id='word_1_497' title='bbox 343 3912 690 3990; x_wconf 79' lang='grc' dir='ltr'>ἐγκρύμματι</span> <span class='ocrx_word' id='word_1_498' title='bbox 722 3907 854 3985; x_wconf 73' lang='grc' dir='ltr'>ἄχρι</span> <span class='ocrx_word' id='word_1_499' title='bbox 902 3904 1192 3976; x_wconf 76' lang='grc' dir='ltr'>ένδεκάτης</span> <span class='ocrx_word' id='word_1_500' title='bbox 1250 3898 1395 3980; x_wconf 77' lang='grc' dir='ltr'>ὥρας</span> <span class='ocrx_word' id='word_1_501' title='bbox 1451 3909 1548 3972; x_wconf 84' lang='grc' dir='ltr'>τῆς</span> <span class='ocrx_word' id='word_1_502' title='bbox 1605 3900 1840 3976; x_wconf 76' lang='grc' dir='ltr'>ἡμέρας,</span> <span class='ocrx_word' id='word_1_503' title='bbox 1897 3898 2008 3972; x_wconf 74' lang='grc' dir='ltr'>ἤδη</span> 
     </span>
    </p>
   </div>
   <div class='ocr_carea' id='block_1_73' title="bbox 342 3990 2008 4076">
    <p class='ocr_par' dir='ltr' id='par_1_73' title="bbox 342 3990 2008 4076">
     <span class='ocr_line' id='line_1_74' title="bbox 342 3990 2008 4076; baseline -0.008 -18"><span class='ocrx_word' id='word_1_504' title='bbox 342 4007 445 4058; x_wconf 82' lang='grc' dir='ltr'>τοῦ</span> <span class='ocrx_word' id='word_1_505' title='bbox 476 4000 645 4072; x_wconf 77' lang='grc' dir='ltr'>ἡλίου</span> <span class='ocrx_word' id='word_1_506' title='bbox 673 4001 813 4076; x_wconf 89' lang='grc' dir='ltr'>πρὸς</span> <span class='ocrx_word' id='word_1_507' title='bbox 845 3995 995 4054; x_wconf 87' lang='grc' dir='ltr'>δύσιν</span> <span class='ocrx_word' id='word_1_508' title='bbox 1031 3995 1205 4060; x_wconf 81' lang='grc' dir='ltr'>ὄντος.</span> <span class='ocrx_word' id='word_1_509' title='bbox 1240 3994 1344 4051; x_wconf 85' lang='grc' dir='ltr'>Καὶ</span> <span class='ocrx_word' id='word_1_510' title='bbox 1375 3991 1420 4048; x_wconf 85' lang='grc' dir='ltr'>εί</span> <span class='ocrx_word' id='word_1_511' title='bbox 1451 3992 1546 4066; x_wconf 73' lang='grc' dir='ltr'>μὲν</span> <span class='ocrx_word' id='word_1_512' title='bbox 1603 3990 2008 4068; x_wconf 76' lang='grc' dir='ltr'>ὑποστρέψειεν,</span> 
     </span>
    </p>
   </div>
   <div class='ocr_carea' id='block_1_74' title="bbox 344 4078 2012 4166">
    <p class='ocr_par' dir='ltr' id='par_1_74' title="bbox 344 4078 2012 4166">
     <span class='ocr_line' id='line_1_75' title="bbox 344 4078 2012 4166; baseline -0.008 -18"><span class='ocrx_word' id='word_1_513' title='bbox 344 4093 424 4155; x_wconf 81' lang='grc' dir='ltr'>ὡς</span> <span class='ocrx_word' id='word_1_514' title='bbox 447 4089 572 4153; x_wconf 67' lang='grc' dir='ltr'>ἔθος</span> <span class='ocrx_word' id='word_1_515' title='bbox 602 4089 739 4161; x_wconf 74' lang='grc' dir='ltr'>ἐστὶ,</span> <span class='ocrx_word' id='word_1_516' title='bbox 767 4088 832 4143; x_wconf 88' lang='grc' dir='ltr'>τὸ</span> <span class='ocrx_word' id='word_1_517' title='bbox 863 4085 1106 4166; x_wconf 78' lang='grc' dir='ltr'>φοῦλκον</span> <span class='ocrx_word' id='word_1_518' title='bbox 1153 4083 1204 4139; x_wconf 75' lang='grc' dir='ltr'>ἰν</span> <span class='ocrx_word' id='word_1_519' title='bbox 1265 4085 1350 4146; x_wconf 80' lang='grc' dir='ltr'>οἷς</span> <span class='ocrx_word' id='word_1_520' title='bbox 1407 4080 1642 4158; x_wconf 88' lang='grc' dir='ltr'>χωρίοις</span> <span class='ocrx_word' id='word_1_521' title='bbox 1697 4078 2012 4150; x_wconf 82' lang='grc' dir='ltr'>αὐλίζονται</span> 
     </span>
    </p>
   </div>
   <div class='ocr_carea' id='block_1_75' title="bbox 345 4169 2015 4256">
    <p class='ocr_par' dir='ltr' id='par_1_75' title="bbox 345 4169 2015 4256">
     <span class='ocr_line' id='line_1_76' title="bbox 345 4169 2015 4256; baseline -0.008 -18"><span class='ocrx_word' id='word_1_522' title='bbox 345 4184 402 4238; x_wconf 75' lang='grc' dir='ltr'>οἱ</span> <span class='ocrx_word' id='word_1_523' title='bbox 435 4182 646 4256; x_wconf 61' lang='grc' dir='ltr'>ἑταῖροι</span> <span class='ocrx_word' id='word_1_524' title='bbox 677 4177 877 4247; x_wconf 78' lang='grc' dir='ltr'>αὐτῶν,</span> <span class='ocrx_word' id='word_1_525' title='bbox 911 4175 963 4232; x_wconf 76' lang='grc' dir='ltr'>ἐν</span> <span class='ocrx_word' id='word_1_526' title='bbox 1010 4179 1128 4237; x_wconf 89' lang='grc' dir='ltr'>τοῖς</span> <span class='ocrx_word' id='word_1_527' title='bbox 1193 4172 1432 4247; x_wconf 80' lang='grc' dir='ltr'>μήκοθεν</span> <span class='ocrx_word' id='word_1_528' title='bbox 1494 4169 1726 4246; x_wconf 89' lang='grc' dir='ltr'>χωρίοις</span> <span class='ocrx_word' id='word_1_529' title='bbox 1783 4171 2015 4226; x_wconf 86' lang='grc' dir='ltr'>ἀποστε-</span> 
     </span>
    </p>
   </div>
   <div class='ocr_carea' id='block_1_76' title="bbox 344 4257 2012 4346">
    <p class='ocr_par' dir='ltr' id='par_1_76' title="bbox 344 4257 2012 4346">
     <span class='ocr_line' id='line_1_77' title="bbox 344 4257 2012 4346; baseline -0.008 -18"><span class='ocrx_word' id='word_1_530' title='bbox 344 4271 468 4334; x_wconf 90' lang='grc' dir='ltr'>λεῖς</span> <span class='ocrx_word' id='word_1_531' title='bbox 499 4269 595 4334; x_wconf 79' lang='grc' dir='ltr'>οὕς</span> <span class='ocrx_word' id='word_1_532' title='bbox 636 4267 940 4346; x_wconf 77' lang='grc' dir='ltr'>ἔμπροσθεν</span> <span class='ocrx_word' id='word_1_533' title='bbox 997 4263 1351 4341; x_wconf 85' lang='grc' dir='ltr'>διεχώρισας,</span> <span class='ocrx_word' id='word_1_534' title='bbox 1409 4257 1628 4326; x_wconf 74' lang='grc' dir='ltr'>ὄπισθεν</span> <span class='ocrx_word' id='word_1_535' title='bbox 1691 4259 1866 4316; x_wconf 77' lang='grc' dir='ltr'>αὐτῶν</span> <span class='ocrx_word' id='word_1_536' title='bbox 1919 4259 2012 4315; x_wconf 74' lang='grc' dir='ltr'>ἒπ-</span> 
     </span>
    </p>
   </div>
   <div class='ocr_carea' id='block_1_77' title="bbox 344 4350 2013 4429">
    <p class='ocr_par' dir='ltr' id='par_1_77' title="bbox 344 4350 2013 4429">
     <span class='ocr_line' id='line_1_78' title="bbox 344 4350 2013 4429; baseline -0.007 -11"><span class='ocrx_word' id='word_1_537' title='bbox 344 4362 698 4427; x_wconf 79' lang='grc' dir='ltr'>ακολουθῶν,</span> <span class='ocrx_word' id='word_1_538' title='bbox 727 4357 819 4414; x_wconf 86' lang='grc' dir='ltr'>καὶ</span> <span class='ocrx_word' id='word_1_539' title='bbox 851 4357 912 4413; x_wconf 68' lang='grc' dir='ltr'>ἐκ</span> <span class='ocrx_word' id='word_1_540' title='bbox 938 4359 1038 4410; x_wconf 78' lang='grc' dir='ltr'>τοῦ</span> <span class='ocrx_word' id='word_1_541' title='bbox 1069 4352 1335 4429; x_wconf 78' lang='grc' dir='ltr'>σῦνεγγυς</span> <span class='ocrx_word' id='word_1_542' title='bbox 1364 4351 1552 4414; x_wconf 80' lang='grc' dir='ltr'>αὐτοῖς</span> <span class='ocrx_word' id='word_1_543' title='bbox 1610 4350 2013 4427; x_wconf 85' lang='grc' dir='ltr'>παρεπόμενος.</span> 
     </span>
    </p>
   </div>
   <div class='ocr_carea' id='block_1_78' title="bbox 345 4437 2016 4519">
    <p class='ocr_par' dir='ltr' id='par_1_78' title="bbox 345 4437 2016 4519">
     <span class='ocr_line' id='line_1_79' title="bbox 345 4437 2016 4519; baseline -0.01 -11"><span class='ocrx_word' id='word_1_544' title='bbox 345 4451 454 4508; x_wconf 77' lang='grc' dir='ltr'>Καὶ</span> <span class='ocrx_word' id='word_1_545' title='bbox 486 4451 562 4513; x_wconf 84' lang='grc' dir='ltr'>ὡς</span> <span class='ocrx_word' id='word_1_546' title='bbox 593 4450 653 4504; x_wconf 82' lang='grc' dir='ltr'>ἄν</span> <span class='ocrx_word' id='word_1_547' title='bbox 685 4451 720 4519; x_wconf 78' lang='grc' dir='ltr'><strong>ἡ</strong></span> <span class='ocrx_word' id='word_1_548' title='bbox 751 4450 850 4503; x_wconf 80' lang='grc' dir='ltr'>τοῦ</span> <span class='ocrx_word' id='word_1_549' title='bbox 879 4445 1048 4502; x_wconf 88' lang='grc' dir='ltr'>τόπον</span> <span class='ocrx_word' id='word_1_550' title='bbox 1083 4439 1226 4505; x_wconf 76' lang='grc' dir='ltr'>θέσις</span> <span class='ocrx_word' id='word_1_551' title='bbox 1260 4439 1474 4512; x_wconf 81' lang='grc' dir='ltr'>δίδωσι,</span> <span class='ocrx_word' id='word_1_552' title='bbox 1517 4439 1692 4515; x_wconf 85' lang='grc' dir='ltr'>λάθρα</span> <span class='ocrx_word' id='word_1_553' title='bbox 1739 4441 1829 4494; x_wconf 81' lang='grc' dir='ltr'>καὶ</span> <span class='ocrx_word' id='word_1_554' title='bbox 1880 4437 2016 4494; x_wconf 82' lang='grc' dir='ltr'>ἄνου</span> 
     </span>
    </p>
   </div>
   <div class='ocr_carea' id='block_1_79' title="bbox 345 4526 2016 4618">
    <p class='ocr_par' dir='ltr' id='par_1_79' title="bbox 345 4526 2016 4618">
     <span class='ocr_line' id='line_1_80' title="bbox 345 4526 2016 4618; baseline -0.01 -19"><span class='ocrx_word' id='word_1_555' title='bbox 345 4543 595 4618; x_wconf 79' lang='grc' dir='ltr'>κραυγῆς</span> <span class='ocrx_word' id='word_1_556' title='bbox 630 4535 794 4612; x_wconf 76' lang='grc' dir='ltr'>ὀξέως</span> <span class='ocrx_word' id='word_1_557' title='bbox 843 4533 1219 4611; x_wconf 86' lang='grc' dir='ltr'>πορευόμενος</span> <span class='ocrx_word' id='word_1_558' title='bbox 1271 4531 1586 4618; x_wconf 69' lang='grc' dir='ltr'>ἀπόκρυφον</span> <span class='ocrx_word' id='word_1_559' title='bbox 1643 4531 1856 4618; x_wconf 69' lang='grc' dir='ltr'>έαυτδν,</span> <span class='ocrx_word' id='word_1_560' title='bbox 1907 4526 2016 4591; x_wconf 69' lang='grc' dir='ltr'>ἕως</span> 
     </span>
    </p>
   </div>
   <div class='ocr_carea' id='block_1_80' title="bbox 2115 3366 3765 3440">
    <p class='ocr_par' dir='ltr' id='par_1_80' title="bbox 2115 3366 3765 3440">
     <span class='ocr_line' id='line_1_81' title="bbox 2115 3366 3765 3440; baseline 0.002 -18"><span class='ocrx_word' id='word_1_561' title='bbox 2115 3366 2540 3435; x_wconf 88' lang='lat' dir='ltr'><strong>scrutantibus,</strong></span> <span class='ocrx_word' id='word_1_562' title='bbox 2575 3373 2756 3440; x_wconf 85' lang='lat' dir='ltr'><strong>tuque</strong></span> <span class='ocrx_word' id='word_1_563' title='bbox 2783 3368 2982 3440; x_wconf 88' lang='lat' dir='ltr'><strong>potius</strong></span> <span class='ocrx_word' id='word_1_564' title='bbox 3013 3369 3086 3425; x_wconf 91' lang='lat' dir='ltr'>ab</span> <span class='ocrx_word' id='word_1_565' title='bbox 3113 3369 3234 3424; x_wconf 93' lang='lat' dir='ltr'><strong>illis</strong></span> <span class='ocrx_word' id='word_1_566' title='bbox 3254 3369 3720 3425; x_wconf 88' lang='lat' dir='ltr'><strong>circumveniare</strong></span> <span class='ocrx_word' id='word_1_567' title='bbox 3750 3385 3765 3426; x_wconf 74' lang='grc' dir='ltr'>ε</span> 
     </span>
    </p>
   </div>
   <div class='ocr_carea' id='block_1_81' title="bbox 2114 3458 3766 3531">
    <p class='ocr_par' dir='ltr' id='par_1_81' title="bbox 2114 3458 3766 3531">
     <span class='ocr_line' id='line_1_82' title="bbox 2114 3458 3766 3531; baseline 0.002 -20"><span class='ocrx_word' id='word_1_568' title='bbox 2114 3462 2382 3529; x_wconf 89' lang='lat' dir='ltr'><strong>perstare</strong></span> <span class='ocrx_word' id='word_1_569' title='bbox 2412 3462 2610 3512; x_wconf 88' lang='lat' dir='ltr'><strong>autem</strong></span> <span class='ocrx_word' id='word_1_570' title='bbox 2642 3459 2703 3512; x_wconf 93' lang='lat' dir='ltr'>in</span> <span class='ocrx_word' id='word_1_571' title='bbox 2733 3458 2984 3514; x_wconf 88' lang='lat' dir='ltr'><strong>latibulo</strong></span> <span class='ocrx_word' id='word_1_572' title='bbox 3015 3475 3204 3531; x_wconf 90' lang='lat' dir='ltr'><strong>usque</strong></span> <span class='ocrx_word' id='word_1_573' title='bbox 3263 3459 3338 3514; x_wconf 90' lang='lat' dir='ltr'>ad</span> <span class='ocrx_word' id='word_1_574' title='bbox 3383 3459 3766 3515; x_wconf 85' lang='lat' dir='ltr'><strong>undecimam</strong></span> 
     </span>
    </p>
   </div>
   <div class='ocr_carea' id='block_1_82' title="bbox 2118 3544 3767 3623">
    <p class='ocr_par' dir='ltr' id='par_1_82' title="bbox 2118 3544 3767 3623">
     <span class='ocr_line' id='line_1_83' title="bbox 2118 3544 3767 3623; baseline 0.004 -24"><span class='ocrx_word' id='word_1_575' title='bbox 2118 3544 2236 3600; x_wconf 89' lang='lat' dir='ltr'><strong>diei</strong></span> <span class='ocrx_word' id='word_1_576' title='bbox 2264 3546 2496 3616; x_wconf 90' lang='lat' dir='ltr'><strong>horam,</strong></span> <span class='ocrx_word' id='word_1_577' title='bbox 2530 3547 2656 3602; x_wconf 89' lang='lat' dir='ltr'><strong>sole</strong></span> <span class='ocrx_word' id='word_1_578' title='bbox 2679 3548 2807 3620; x_wconf 87' lang='lat' dir='ltr'><strong>jam</strong></span> <span class='ocrx_word' id='word_1_579' title='bbox 2839 3548 2914 3604; x_wconf 89' lang='lat' dir='ltr'>ad</span> <span class='ocrx_word' id='word_1_580' title='bbox 2945 3565 3222 3605; x_wconf 90' lang='lat' dir='ltr'><strong>occasum</strong></span> <span class='ocrx_word' id='word_1_581' title='bbox 3253 3555 3548 3623; x_wconf 81' lang='lat' dir='ltr'><strong>vergente.</strong></span> <span class='ocrx_word' id='word_1_582' title='bbox 3595 3551 3767 3616; x_wconf 89' lang='lat' dir='ltr'><strong>Tum,</strong></span> 
     </span>
    </p>
   </div>
   <div class='ocr_carea' id='block_1_83' title="bbox 2119 3634 3775 3711">
    <p class='ocr_par' dir='ltr' id='par_1_83' title="bbox 2119 3634 3775 3711">
     <span class='ocr_line' id='line_1_84' title="bbox 2119 3634 3775 3711; baseline 0.003 -22"><span class='ocrx_word' id='word_1_583' title='bbox 2119 3634 2357 3707; x_wconf 89' lang='lat' dir='ltr'><strong>quando</strong></span> <span class='ocrx_word' id='word_1_584' title='bbox 2390 3636 2588 3703; x_wconf 87' lang='lat' dir='ltr'><strong>statio,</strong></span> <span class='ocrx_word' id='word_1_585' title='bbox 2616 3641 2684 3691; x_wconf 92' lang='lat' dir='ltr'>ut</span> <span class='ocrx_word' id='word_1_586' title='bbox 2713 3637 2865 3692; x_wconf 89' lang='lat' dir='ltr'><strong>solet</strong></span> <span class='ocrx_word' id='word_1_587' title='bbox 2893 3638 3044 3706; x_wconf 83' lang='lat' dir='ltr'><strong>ﬁeri,</strong></span> <span class='ocrx_word' id='word_1_588' title='bbox 3098 3655 3160 3693; x_wconf 87' lang='lat' dir='ltr'>se</span> <span class='ocrx_word' id='word_1_589' title='bbox 3210 3639 3480 3711; x_wconf 88' lang='lat' dir='ltr'><strong>recipere</strong></span> <span class='ocrx_word' id='word_1_590' title='bbox 3528 3639 3775 3710; x_wconf 73' lang='lat' dir='ltr'><strong>cmperit</strong></span> 
     </span>
    </p>
   </div>
   <div class='ocr_carea' id='block_1_84' title="bbox 2120 3723 3775 3796">
    <p class='ocr_par' dir='ltr' id='par_1_84' title="bbox 2120 3723 3775 3796">
     <span class='ocr_line' id='line_1_85' title="bbox 2120 3723 3775 3796; baseline 0.002 -17"><span class='ocrx_word' id='word_1_591' title='bbox 2120 3723 2196 3779; x_wconf 92' lang='lat' dir='ltr'>ad</span> <span class='ocrx_word' id='word_1_592' title='bbox 2224 3723 2404 3795; x_wconf 88' lang='lat' dir='ltr'><strong>vicos,</strong></span> <span class='ocrx_word' id='word_1_593' title='bbox 2437 3724 2500 3779; x_wconf 93' lang='lat' dir='ltr'>in</span> <span class='ocrx_word' id='word_1_594' title='bbox 2531 3725 2749 3796; x_wconf 88' lang='lat' dir='ltr'><strong>quibus</strong></span> <span class='ocrx_word' id='word_1_595' title='bbox 2779 3726 2923 3782; x_wconf 81' lang='lat' dir='ltr'><strong>socii</strong></span> <span class='ocrx_word' id='word_1_596' title='bbox 2974 3742 3180 3782; x_wconf 90' lang='lat' dir='ltr'><strong>eorum</strong></span> <span class='ocrx_word' id='word_1_597' title='bbox 3230 3729 3654 3795; x_wconf 89' lang='lat' dir='ltr'><strong>consederunt,</strong></span> <span class='ocrx_word' id='word_1_598' title='bbox 3699 3727 3775 3783; x_wconf 91' lang='lat' dir='ltr'>ad</span> 
     </span>
    </p>
   </div>
   <div class='ocr_carea' id='block_1_85' title="bbox 2118 3813 3776 3890">
    <p class='ocr_par' dir='ltr' id='par_1_85' title="bbox 2118 3813 3776 3890">
     <span class='ocr_line' id='line_1_86' title="bbox 2118 3813 3776 3890; baseline 0.003 -23"><span class='ocrx_word' id='word_1_599' title='bbox 2118 3813 2280 3868; x_wconf 90' lang='lat' dir='ltr'><strong>vicos</strong></span> <span class='ocrx_word' id='word_1_600' title='bbox 2311 3813 2447 3870; x_wconf 92' lang='lat' dir='ltr'><strong>illos</strong></span> <span class='ocrx_word' id='word_1_601' title='bbox 2477 3816 2829 3872; x_wconf 90' lang='lat' dir='ltr'><strong>remotiores</strong></span> <span class='ocrx_word' id='word_1_602' title='bbox 2860 3818 3155 3888; x_wconf 71' lang='lat' dir='ltr'><strong>praemitte</strong></span> <span class='ocrx_word' id='word_1_603' title='bbox 3188 3818 3432 3889; x_wconf 85' lang='lat' dir='ltr'><strong>milites,</strong></span> <span class='ocrx_word' id='word_1_604' title='bbox 3463 3835 3612 3890; x_wconf 91' lang='lat' dir='ltr'><strong>quos</strong></span> <span class='ocrx_word' id='word_1_605' title='bbox 3639 3823 3776 3874; x_wconf 85' lang='lat' dir='ltr'><strong>ante</strong></span> 
     </span>
    </p>
   </div>
   <div class='ocr_carea' id='block_1_86' title="bbox 2123 3904 3780 3982">
    <p class='ocr_par' dir='ltr' id='par_1_86' title="bbox 2123 3904 3780 3982">
     <span class='ocr_line' id='line_1_87' title="bbox 2123 3904 3780 3982; baseline 0.005 -22"><span class='ocrx_word' id='word_1_606' title='bbox 2123 3904 2419 3978; x_wconf 90' lang='lat' dir='ltr'><strong>selegisti:</strong></span> <span class='ocrx_word' id='word_1_607' title='bbox 2453 3906 2579 3978; x_wconf 88' lang='lat' dir='ltr'><strong>ipse</strong></span> <span class='ocrx_word' id='word_1_608' title='bbox 2612 3913 2819 3978; x_wconf 92' lang='lat' dir='ltr'><strong>postea</strong></span> <span class='ocrx_word' id='word_1_609' title='bbox 2847 3925 3036 3977; x_wconf 88' lang='lat' dir='ltr'><strong>move,</strong></span> <span class='ocrx_word' id='word_1_610' title='bbox 3071 3925 3142 3964; x_wconf 87' lang='lat' dir='ltr'>ex</span> <span class='ocrx_word' id='word_1_611' title='bbox 3170 3910 3506 3982; x_wconf 88' lang='lat' dir='ltr'><strong>propinquo</strong></span> <span class='ocrx_word' id='word_1_612' title='bbox 3567 3909 3780 3968; x_wconf 86' lang='lat' dir='ltr'><strong>subse-</strong></span> 
     </span>
    </p>
   </div>
   <div class='ocr_carea' id='block_1_87' title="bbox 2123 3996 3776 4070">
    <p class='ocr_par' dir='ltr' id='par_1_87' title="bbox 2123 3996 3776 4070">
     <span class='ocr_line' id='line_1_88' title="bbox 2123 3996 3776 4070; baseline 0.004 -21"><span class='ocrx_word' id='word_1_613' title='bbox 2123 4011 2334 4066; x_wconf 89' lang='lat' dir='ltr'><strong>quens.</strong></span> <span class='ocrx_word' id='word_1_614' title='bbox 2368 3997 2448 4050; x_wconf 86' lang='lat' dir='ltr'><strong>Ac</strong></span> <span class='ocrx_word' id='word_1_615' title='bbox 2478 3996 2726 4068; x_wconf 89' lang='lat' dir='ltr'><strong>perinde</strong></span> <span class='ocrx_word' id='word_1_616' title='bbox 2752 4002 2818 4052; x_wconf 90' lang='lat' dir='ltr'>ut</span> <span class='ocrx_word' id='word_1_617' title='bbox 2847 4015 2910 4052; x_wconf 88' lang='lat' dir='ltr'>se</span> <span class='ocrx_word' id='word_1_618' title='bbox 2941 4004 3156 4054; x_wconf 86' lang='lat' dir='ltr'><strong>natura</strong></span> <span class='ocrx_word' id='word_1_619' title='bbox 3185 3999 3298 4055; x_wconf 94' lang='lat' dir='ltr'><strong>loci</strong></span> <span class='ocrx_word' id='word_1_620' title='bbox 3322 3999 3574 4068; x_wconf 90' lang='lat' dir='ltr'><strong>dederit,</strong></span> <span class='ocrx_word' id='word_1_621' title='bbox 3599 3999 3776 4070; x_wconf 87' lang='lat' dir='ltr'><strong>clam,</strong></span> 
     </span>
    </p>
   </div>
   <div class='ocr_carea' id='block_1_88' title="bbox 2125 4084 3782 4158">
    <p class='ocr_par' dir='ltr' id='par_1_88' title="bbox 2125 4084 3782 4158">
     <span class='ocr_line' id='line_1_89' title="bbox 2125 4084 3782 4158; baseline 0.004 -20"><span class='ocrx_word' id='word_1_622' title='bbox 2125 4089 2185 4138; x_wconf 86' lang='lat' dir='ltr'>et</span> <span class='ocrx_word' id='word_1_623' title='bbox 2213 4084 2473 4153; x_wconf 88' lang='lat' dir='ltr'><strong>silentio,</strong></span> <span class='ocrx_word' id='word_1_624' title='bbox 2509 4090 2567 4140; x_wconf 88' lang='lat' dir='ltr'>et</span> <span class='ocrx_word' id='word_1_625' title='bbox 2596 4092 2874 4142; x_wconf 90' lang='lat' dir='ltr'><strong>contente</strong></span> <span class='ocrx_word' id='word_1_626' title='bbox 2928 4088 3245 4144; x_wconf 90' lang='lat' dir='ltr'><strong>ambulans</strong></span> <span class='ocrx_word' id='word_1_627' title='bbox 3297 4088 3449 4144; x_wconf 91' lang='lat' dir='ltr'><strong>abde</strong></span> <span class='ocrx_word' id='word_1_628' title='bbox 3477 4094 3557 4158; x_wconf 87' lang='lat' dir='ltr'>te,</span> <span class='ocrx_word' id='word_1_629' title='bbox 3589 4087 3782 4145; x_wconf 92' lang='lat' dir='ltr'><strong>donec</strong></span> 
     </span>
    </p>
   </div>
   <div class='ocr_carea' id='block_1_89' title="bbox 2123 4173 3782 4245">
    <p class='ocr_par' dir='ltr' id='par_1_89' title="bbox 2123 4173 3782 4245">
     <span class='ocr_line' id='line_1_90' title="bbox 2123 4173 3782 4245; baseline 0.003 -18"><span class='ocrx_word' id='word_1_630' title='bbox 2123 4173 2393 4245; x_wconf 86' lang='lat' dir='ltr'><strong>proxime</strong></span> <span class='ocrx_word' id='word_1_631' title='bbox 2425 4174 2499 4229; x_wconf 91' lang='lat' dir='ltr'>ad</span> <span class='ocrx_word' id='word_1_632' title='bbox 2529 4175 2688 4231; x_wconf 90' lang='lat' dir='ltr'><strong>vicos</strong></span> <span class='ocrx_word' id='word_1_633' title='bbox 2717 4177 3063 4233; x_wconf 87' lang='lat' dir='ltr'><strong>accesseris.</strong></span> <span class='ocrx_word' id='word_1_634' title='bbox 3096 4181 3214 4232; x_wconf 83' lang='lat' dir='ltr'>Aut</span> <span class='ocrx_word' id='word_1_635' title='bbox 3243 4176 3292 4232; x_wconf 90' lang='lat' dir='ltr'>si</span> <span class='ocrx_word' id='word_1_636' title='bbox 3330 4177 3583 4234; x_wconf 87' lang='lat' dir='ltr'><strong>facultas</strong></span> <span class='ocrx_word' id='word_1_637' title='bbox 3613 4178 3782 4233; x_wconf 91' lang='lat' dir='ltr'><strong>nulla</strong></span> 
     </span>
    </p>
   </div>
   <div class='ocr_carea' id='block_1_90' title="bbox 2127 4264 3780 4338">
    <p class='ocr_par' dir='ltr' id='par_1_90' title="bbox 2127 4264 3780 4338">
     <span class='ocr_line' id='line_1_91' title="bbox 2127 4264 3780 4338; baseline 0.003 -21"><span class='ocrx_word' id='word_1_638' title='bbox 2127 4268 2217 4317; x_wconf 89' lang='lat' dir='ltr'>est</span> <span class='ocrx_word' id='word_1_639' title='bbox 2247 4264 2587 4320; x_wconf 85' lang='lat' dir='ltr'><strong>occultandi</strong></span> <span class='ocrx_word' id='word_1_640' title='bbox 2609 4266 2784 4337; x_wconf 84' lang='lat' dir='ltr'><strong>juxta</strong></span> <span class='ocrx_word' id='word_1_641' title='bbox 2813 4267 3003 4322; x_wconf 89' lang='lat' dir='ltr'><strong>rivum</strong></span> <span class='ocrx_word' id='word_1_642' title='bbox 3052 4283 3299 4322; x_wconf 90' lang='lat' dir='ltr'><strong>manum</strong></span> <span class='ocrx_word' id='word_1_643' title='bbox 3350 4271 3535 4332; x_wconf 88' lang='lat' dir='ltr'><strong>tuam,</strong></span> <span class='ocrx_word' id='word_1_644' title='bbox 3583 4283 3780 4338; x_wconf 90' lang='lat' dir='ltr'><strong>neque</strong></span> 
     </span>
    </p>
   </div>
   <div class='ocr_carea' id='block_1_91' title="bbox 2128 4351 3781 4428">
    <p class='ocr_par' dir='ltr' id='par_1_91' title="bbox 2128 4351 3781 4428">
     <span class='ocr_line' id='line_1_92' title="bbox 2128 4351 3781 4428; baseline 0.002 -21"><span class='ocrx_word' id='word_1_645' title='bbox 2128 4351 2335 4408; x_wconf 88' lang='lat' dir='ltr'><strong>abesse</strong></span> <span class='ocrx_word' id='word_1_646' title='bbox 2365 4355 2717 4425; x_wconf 88' lang='lat' dir='ltr'><strong>potestquin</strong></span> <span class='ocrx_word' id='word_1_647' title='bbox 2743 4355 2804 4410; x_wconf 89' lang='lat' dir='ltr'>in</span> <span class='ocrx_word' id='word_1_648' title='bbox 2823 4361 3212 4428; x_wconf 88' lang='lat' dir='ltr'><strong>conspectum</strong></span> <span class='ocrx_word' id='word_1_649' title='bbox 3230 4355 3422 4422; x_wconf 85' lang='lat' dir='ltr'><strong>cadat,</strong></span> <span class='ocrx_word' id='word_1_650' title='bbox 3447 4361 3589 4411; x_wconf 90' lang='lat' dir='ltr'><strong>tunc</strong></span> <span class='ocrx_word' id='word_1_651' title='bbox 3610 4355 3781 4428; x_wconf 89' lang='lat' dir='ltr'><strong>equis</strong></span> 
     </span>
    </p>
   </div>
   <div class='ocr_carea' id='block_1_92' title="bbox 2127 4443 3782 4518">
    <p class='ocr_par' dir='ltr' id='par_1_92' title="bbox 2127 4443 3782 4518">
     <span class='ocr_line' id='line_1_93' title="bbox 2127 4443 3782 4518; baseline 0.002 -21"><span class='ocrx_word' id='word_1_652' title='bbox 2127 4443 2344 4498; x_wconf 87' lang='lat' dir='ltr'><strong>acriter</strong></span> <span class='ocrx_word' id='word_1_653' title='bbox 2373 4443 2569 4498; x_wconf 87' lang='lat' dir='ltr'><strong>citatis</strong></span> <span class='ocrx_word' id='word_1_654' title='bbox 2599 4460 2634 4499; x_wconf 91' lang='lat' dir='ltr'>a</span> <span class='ocrx_word' id='word_1_655' title='bbox 2662 4446 2990 4516; x_wconf 71' lang='lat' dir='ltr'><strong>praamissis</strong></span> <span class='ocrx_word' id='word_1_656' title='bbox 3020 4445 3431 4518; x_wconf 82' lang='lat' dir='ltr'><strong>antesignanis</strong></span> <span class='ocrx_word' id='word_1_657' title='bbox 3463 4445 3524 4501; x_wconf 91' lang='lat' dir='ltr'>in</span> <span class='ocrx_word' id='word_1_658' title='bbox 3552 4445 3782 4515; x_wconf 86' lang='lat' dir='ltr'><strong>hostes,</strong></span> 
     </span>
    </p>
   </div>
   <div class='ocr_carea' id='block_1_93' title="bbox 2129 4533 3784 4608">
    <p class='ocr_par' dir='ltr' id='par_1_93' title="bbox 2129 4533 3784 4608">
     <span class='ocr_line' id='line_1_94' title="bbox 2129 4533 3784 4608; baseline 0.003 -21"><span class='ocrx_word' id='word_1_659' title='bbox 2129 4533 2229 4605; x_wconf 91' lang='lat' dir='ltr'>qui</span> <span class='ocrx_word' id='word_1_660' title='bbox 2261 4533 2418 4589; x_wconf 89' lang='lat' dir='ltr'><strong>intra</strong></span> <span class='ocrx_word' id='word_1_661' title='bbox 2446 4534 2604 4590; x_wconf 92' lang='lat' dir='ltr'><strong>vicos</strong></span> <span class='ocrx_word' id='word_1_662' title='bbox 2635 4540 2792 4606; x_wconf 88' lang='lat' dir='ltr'><strong>sunt,</strong></span> <span class='ocrx_word' id='word_1_663' title='bbox 2827 4537 2932 4592; x_wconf 84' lang='lat' dir='ltr'><strong>flat</strong></span> <span class='ocrx_word' id='word_1_664' title='bbox 2961 4537 3292 4608; x_wconf 90' lang='lat' dir='ltr'><strong>impressio.</strong></span> <span class='ocrx_word' id='word_1_665' title='bbox 3319 4538 3478 4602; x_wconf 90' lang='lat' dir='ltr'><strong>Quos</strong></span> <span class='ocrx_word' id='word_1_666' title='bbox 3494 4537 3543 4592; x_wconf 88' lang='lat' dir='ltr'>si</span> <span class='ocrx_word' id='word_1_667' title='bbox 3576 4536 3648 4592; x_wconf 90' lang='lat' dir='ltr'>de</span> <span class='ocrx_word' id='word_1_668' title='bbox 3675 4536 3784 4592; x_wconf 91' lang='lat' dir='ltr'><strong>im-</strong></span> 
     </span>
    </p>
   </div>
   <div class='ocr_carea' id='block_1_94' title="bbox 354 4616 2000 4706">
    <p class='ocr_par' dir='ltr' id='par_1_94' title="bbox 354 4616 2000 4706">
     <span class='ocr_line' id='line_1_95' title="bbox 354 4616 2000 4706; baseline -0.009 -18"><span class='ocrx_word' id='word_1_669' title='bbox 354 4616 420 4688; x_wconf 67' lang='grc' dir='ltr'>οὗ</span> <span class='ocrx_word' id='word_1_670' title='bbox 454 4616 682 4706; x_wconf 75' lang='grc' dir='ltr'>ἔγγιστα</span> <span class='ocrx_word' id='word_1_671' title='bbox 710 4629 840 4704; x_wconf 81' lang='grc' dir='ltr'>γένῃ</span> <span class='ocrx_word' id='word_1_672' title='bbox 893 4629 1003 4682; x_wconf 79' lang='grc' dir='ltr'>τῶν</span> <span class='ocrx_word' id='word_1_673' title='bbox 1063 4621 1313 4700; x_wconf 86' lang='grc' dir='ltr'>χωρίων.</span> <span class='ocrx_word' id='word_1_674' title='bbox 1365 4621 1493 4678; x_wconf 84' lang='grc' dir='ltr'>Ὅτε</span> <span class='ocrx_word' id='word_1_675' title='bbox 1548 4616 1606 4674; x_wconf 77' lang='grc' dir='ltr'>δὲ</span> <span class='ocrx_word' id='word_1_676' title='bbox 1665 4619 1728 4674; x_wconf 81' lang='grc' dir='ltr'>ού</span> <span class='ocrx_word' id='word_1_677' title='bbox 1787 4617 2000 4675; x_wconf 58' lang='grc' dir='ltr'>δυνατόκ</span> 
     </span>
    </p>
   </div>
   <div class='ocr_carea' id='block_1_95' title="bbox 2112 4616 3782 4706">
    <p class='ocr_par' dir='ltr' id='par_1_95' title="bbox 2123 4622 3782 4698">
     <span class='ocr_line' id='line_1_96' title="bbox 2123 4622 3782 4698; baseline 0.004 -22"><span class='ocrx_word' id='word_1_678' title='bbox 2123 4622 2357 4694; x_wconf 89' lang='lat' dir='ltr'><strong>proviso</strong></span> <span class='ocrx_word' id='word_1_679' title='bbox 2389 4623 2834 4696; x_wconf 89' lang='lat' dir='ltr'><strong>aggrediuntur,</strong></span> <span class='ocrx_word' id='word_1_680' title='bbox 2870 4625 3314 4682; x_wconf 88' lang='lat' dir='ltr'><strong>obtruncabunt</strong></span> <span class='ocrx_word' id='word_1_681' title='bbox 3334 4627 3782 4698; x_wconf 89' lang='lat' dir='ltr'><strong>multos,quos-</strong></span> 
     </span>
    </p>
   </div>
   <div class='ocr_carea' id='block_1_96' title="bbox 346 4707 2015 4794">
    <p class='ocr_par' dir='ltr' id='par_1_96' title="bbox 346 4707 2015 4794">
     <span class='ocr_line' id='line_1_97' title="bbox 346 4707 2015 4794; baseline -0.007 -17"><span class='ocrx_word' id='word_1_682' title='bbox 346 4721 493 4778; x_wconf 77' lang='grc' dir='ltr'>ἐστιν</span> <span class='ocrx_word' id='word_1_683' title='bbox 551 4716 994 4794; x_wconf 77' lang='grc' dir='ltr'>ἀποκρύπτεσθαι</span> <span class='ocrx_word' id='word_1_684' title='bbox 1084 4712 1188 4768; x_wconf 78' lang='grc' dir='ltr'>ὑπὸ</span> <span class='ocrx_word' id='word_1_685' title='bbox 1242 4715 1340 4766; x_wconf 82' lang='grc' dir='ltr'>τοῦ</span> <span class='ocrx_word' id='word_1_686' title='bbox 1391 4707 1591 4787; x_wconf 78' lang='grc' dir='ltr'>ῥύακος</span> <span class='ocrx_word' id='word_1_687' title='bbox 1643 4709 1734 4764; x_wconf 88' lang='grc' dir='ltr'>τὸν</span> <span class='ocrx_word' id='word_1_688' title='bbox 1797 4709 1900 4764; x_wconf 85' lang='grc' dir='ltr'>ὑπὸ</span> <span class='ocrx_word' id='word_1_689' title='bbox 1956 4709 2015 4765; x_wconf 71' lang='grc' dir='ltr'>σὲ</span> 
     </span>
    </p>
   </div>
   <div class='ocr_carea' id='block_1_97' title="bbox 348 4797 2012 4882">
    <p class='ocr_par' dir='ltr' id='par_1_97' title="bbox 348 4797 2012 4882">
     <span class='ocr_line' id='line_1_98' title="bbox 348 4797 2012 4882; baseline -0.008 -16"><span class='ocrx_word' id='word_1_690' title='bbox 348 4810 510 4880; x_wconf 83' lang='grc' dir='ltr'>λαὸν,</span> <span class='ocrx_word' id='word_1_691' title='bbox 543 4806 671 4864; x_wconf 78' lang='grc' dir='ltr'>ἅλΑ’</span> <span class='ocrx_word' id='word_1_692' title='bbox 719 4804 926 4882; x_wconf 77' lang='grc' dir='ltr'>ἀνάγκη</span> <span class='ocrx_word' id='word_1_693' title='bbox 991 4802 1069 4865; x_wconf 86' lang='grc' dir='ltr'>εἷς</span> <span class='ocrx_word' id='word_1_694' title='bbox 1125 4801 1354 4880; x_wconf 81' lang='grc' dir='ltr'>φανερὸν</span> <span class='ocrx_word' id='word_1_695' title='bbox 1415 4799 1678 4874; x_wconf 82' lang='grc' dir='ltr'>γενέσθαι·</span> <span class='ocrx_word' id='word_1_696' title='bbox 1735 4797 1859 4854; x_wconf 87' lang='grc' dir='ltr'>τότε</span> <span class='ocrx_word' id='word_1_697' title='bbox 1919 4798 2012 4853; x_wconf 79' lang='grc' dir='ltr'>σὺν</span> 
     </span>
    </p>
   </div>
   <div class='ocr_carea' id='block_1_98' title="bbox 350 4882 2016 4970">
    <p class='ocr_par' dir='ltr' id='par_1_98' title="bbox 350 4882 2016 4970">
     <span class='ocr_line' id='line_1_99' title="bbox 350 4882 2016 4970; baseline -0.009 -14"><span class='ocrx_word' id='word_1_698' title='bbox 350 4898 587 4969; x_wconf 73' lang='grc' dir='ltr'>ἱππασίᾳ</span> <span class='ocrx_word' id='word_1_699' title='bbox 623 4899 843 4970; x_wconf 77' lang='grc' dir='ltr'>νεανικῇ</span> <span class='ocrx_word' id='word_1_700' title='bbox 873 4894 1012 4950; x_wconf 88' lang='grc' dir='ltr'>κατὰ</span> <span class='ocrx_word' id='word_1_701' title='bbox 1047 4896 1156 4948; x_wconf 80' lang='grc' dir='ltr'>τῶν</span> <span class='ocrx_word' id='word_1_702' title='bbox 1212 4889 1291 4954; x_wconf 81' lang='grc' dir='ltr'>εἷς</span> <span class='ocrx_word' id='word_1_703' title='bbox 1330 4888 1398 4944; x_wconf 78' lang='grc' dir='ltr'>τὰ</span> <span class='ocrx_word' id='word_1_704' title='bbox 1441 4889 1627 4965; x_wconf 88' lang='grc' dir='ltr'>χωρία</span> <span class='ocrx_word' id='word_1_705' title='bbox 1683 4882 1855 4943; x_wconf 68' lang='grc' dir='ltr'>ὄντων</span> <span class='ocrx_word' id='word_1_706' title='bbox 1913 4909 2016 4943; x_wconf 84' lang='grc' dir='ltr'>πο-</span> 
     </span>
    </p>
   </div>
   <div class='ocr_carea' id='block_1_99' title="bbox 353 4975 2014 5062">
    <p class='ocr_par' dir='ltr' id='par_1_99' title="bbox 353 4975 2014 5062">
     <span class='ocr_line' id='line_1_100' title="bbox 353 4975 2014 5062; baseline -0.008 -18"><span class='ocrx_word' id='word_1_707' title='bbox 353 4987 570 5062; x_wconf 88' lang='grc' dir='ltr'>λεμίων</span> <span class='ocrx_word' id='word_1_708' title='bbox 599 4989 635 5056; x_wconf 78' lang='grc' dir='ltr'><strong>ἠ</strong></span> <span class='ocrx_word' id='word_1_709' title='bbox 670 4986 819 5061; x_wconf 82' lang='grc' dir='ltr'>ὁρμὴ</span> <span class='ocrx_word' id='word_1_710' title='bbox 867 4983 1020 5058; x_wconf 86' lang='grc' dir='ltr'>παρᾶ</span> <span class='ocrx_word' id='word_1_711' title='bbox 1070 4985 1178 5037; x_wconf 83' lang='grc' dir='ltr'>τῶν</span> <span class='ocrx_word' id='word_1_712' title='bbox 1231 4975 1537 5054; x_wconf 75' lang='grc' dir='ltr'>ἔμπροσθεν</span> <span class='ocrx_word' id='word_1_713' title='bbox 1593 4976 2014 5033; x_wconf 84' lang='grc' dir='ltr'>ἀποσταλευτων</span> 
     </span>
    </p>
   </div>
   <div class='ocr_carea' id='block_1_100' title="bbox 352 5067 2018 5156">
    <p class='ocr_par' dir='ltr' id='par_1_100' title="bbox 352 5067 2018 5156">
     <span class='ocr_line' id='line_1_101' title="bbox 352 5067 2018 5156; baseline -0.008 -22"><span class='ocrx_word' id='word_1_714' title='bbox 352 5079 612 5156; x_wconf 78' lang='grc' dir='ltr'>γενέσθω.</span> <span class='ocrx_word' id='word_1_715' title='bbox 645 5075 750 5132; x_wconf 85' lang='grc' dir='ltr'>Καὶ</span> <span class='ocrx_word' id='word_1_716' title='bbox 782 5071 1070 5144; x_wconf 76' lang='grc' dir='ltr'>ἀδοκήτως</span> <span class='ocrx_word' id='word_1_717' title='bbox 1095 5069 1316 5132; x_wconf 86' lang='grc' dir='ltr'>τούτοις</span> <span class='ocrx_word' id='word_1_718' title='bbox 1367 5068 1677 5142; x_wconf 68' lang='grc' dir='ltr'>ἐπιθέμενοι</span> <span class='ocrx_word' id='word_1_719' title='bbox 1723 5068 1813 5122; x_wconf 86' lang='grc' dir='ltr'>καὶ</span> <span class='ocrx_word' id='word_1_720' title='bbox 1863 5067 2018 5122; x_wconf 85' lang='grc' dir='ltr'>ἀναι-</span> 
     </span>
    </p>
   </div>
   <div class='ocr_carea' id='block_1_101' title="bbox 355 5154 2015 5244">
    <p class='ocr_par' dir='ltr' id='par_1_101' title="bbox 355 5154 2015 5244">
     <span class='ocr_line' id='line_1_102' title="bbox 355 5154 2015 5244; baseline -0.008 -19"><span class='ocrx_word' id='word_1_721' title='bbox 355 5154 585 5244; x_wconf 75' lang='grc' dir='ltr'>ρήσουσι</span> <span class='ocrx_word' id='word_1_722' title='bbox 616 5161 889 5234; x_wconf 80' lang='grc' dir='ltr'>πολλοὺς,</span> <span class='ocrx_word' id='word_1_723' title='bbox 928 5161 1079 5224; x_wconf 80' lang='grc' dir='ltr'>τινὰς</span> <span class='ocrx_word' id='word_1_724' title='bbox 1140 5157 1198 5216; x_wconf 73' lang='grc' dir='ltr'>δὶ</span> <span class='ocrx_word' id='word_1_725' title='bbox 1253 5157 1342 5214; x_wconf 85' lang='grc' dir='ltr'>καὶ</span> <span class='ocrx_word' id='word_1_726' title='bbox 1401 5162 1606 5228; x_wconf 81' lang='grc' dir='ltr'>ζῶντας</span> <span class='ocrx_word' id='word_1_727' title='bbox 1660 5154 2015 5231; x_wconf 82' lang='grc' dir='ltr'>ἀνδραπόδων</span> 
     </span>
    </p>
   </div>
   <div class='ocr_carea' id='block_1_102' title="bbox 354 5245 2020 5333">
    <p class='ocr_par' dir='ltr' id='par_1_102' title="bbox 354 5245 2020 5333">
     <span class='ocr_line' id='line_1_103' title="bbox 354 5245 2020 5333; baseline -0.008 -19"><span class='ocrx_word' id='word_1_728' title='bbox 354 5258 514 5333; x_wconf 87' lang='grc' dir='ltr'>λόγῳ</span> <span class='ocrx_word' id='word_1_729' title='bbox 538 5255 910 5329; x_wconf 82' lang='grc' dir='ltr'>κατάσχωσιν.</span> <span class='ocrx_word' id='word_1_730' title='bbox 945 5251 1014 5310; x_wconf 69' lang='grc' dir='ltr'>Εἴ</span> <span class='ocrx_word' id='word_1_731' title='bbox 1045 5249 1103 5305; x_wconf 71' lang='grc' dir='ltr'>δὲ</span> <span class='ocrx_word' id='word_1_732' title='bbox 1130 5249 1221 5305; x_wconf 85' lang='grc' dir='ltr'>καὶ</span> <span class='ocrx_word' id='word_1_733' title='bbox 1273 5248 1338 5304; x_wconf 84' lang='grc' dir='ltr'>τὸ</span> <span class='ocrx_word' id='word_1_734' title='bbox 1393 5245 1634 5322; x_wconf 77' lang='grc' dir='ltr'>φοῦλκον</span> <span class='ocrx_word' id='word_1_735' title='bbox 1677 5247 1740 5302; x_wconf 86' lang='grc' dir='ltr'>τὸ</span> <span class='ocrx_word' id='word_1_736' title='bbox 1787 5245 1865 5310; x_wconf 70' lang='grc' dir='ltr'>εἲς</span> <span class='ocrx_word' id='word_1_737' title='bbox 1915 5269 2020 5325; x_wconf 80' lang='grc' dir='ltr'>φυ-</span> 
     </span>
    </p>
   </div>
   <div class='ocr_carea' id='block_1_103' title="bbox 353 5333 2018 5417">
    <p class='ocr_par' dir='ltr' id='par_1_103' title="bbox 353 5333 2018 5417">
     <span class='ocr_line' id='line_1_104' title="bbox 353 5333 2018 5417; baseline -0.007 -13"><span class='ocrx_word' id='word_1_738' title='bbox 353 5347 529 5417; x_wconf 89' lang='grc' dir='ltr'>λακήν</span> <span class='ocrx_word' id='word_1_739' title='bbox 563 5344 738 5400; x_wconf 77' lang='grc' dir='ltr'>αὐτῶν</span> <span class='ocrx_word' id='word_1_740' title='bbox 784 5341 976 5414; x_wconf 82' lang='grc' dir='ltr'>ἔξωθεν</span> <span class='ocrx_word' id='word_1_741' title='bbox 1033 5343 1140 5396; x_wconf 80' lang='grc' dir='ltr'>τῶν</span> <span class='ocrx_word' id='word_1_742' title='bbox 1203 5335 1428 5414; x_wconf 84' lang='grc' dir='ltr'>χωρίων</span> <span class='ocrx_word' id='word_1_743' title='bbox 1485 5333 1564 5392; x_wconf 65' lang='grc' dir='ltr'>ἔτι</span> <span class='ocrx_word' id='word_1_744' title='bbox 1607 5333 1848 5409; x_wconf 70' lang='grc' dir='ltr'>ἵσταται,</span> <span class='ocrx_word' id='word_1_745' title='bbox 1903 5338 2018 5392; x_wconf 84' lang='grc' dir='ltr'>κατ’</span> 
     </span>
    </p>
   </div>
   <div class='ocr_carea' id='block_1_104' title="bbox 2125 4711 3778 4783">
    <p class='ocr_par' dir='ltr' id='par_1_104' title="bbox 2125 4711 3778 4783">
     <span class='ocr_line' id='line_1_105' title="bbox 2125 4711 3778 4783; baseline 0.003 -17"><span class='ocrx_word' id='word_1_746' title='bbox 2125 4711 2263 4767; x_wconf 89' lang='lat' dir='ltr'>dam</span> <span class='ocrx_word' id='word_1_747' title='bbox 2295 4713 2476 4768; x_wconf 90' lang='lat' dir='ltr'><strong>etiam</strong></span> <span class='ocrx_word' id='word_1_748' title='bbox 2507 4714 2665 4770; x_wconf 89' lang='lat' dir='ltr'><strong>vivos</strong></span> <span class='ocrx_word' id='word_1_749' title='bbox 2691 4715 3042 4771; x_wconf 87' lang='lat' dir='ltr'><strong>abstrahent</strong></span> <span class='ocrx_word' id='word_1_750' title='bbox 3087 4715 3149 4770; x_wconf 90' lang='lat' dir='ltr'>in</span> <span class='ocrx_word' id='word_1_751' title='bbox 3194 4716 3561 4772; x_wconf 88' lang='lat' dir='ltr'><strong>servitutem.</strong></span> <span class='ocrx_word' id='word_1_752' title='bbox 3616 4715 3778 4783; x_wconf 88' lang='lat' dir='ltr'><strong>Quod</strong></span> 
     </span>
    </p>
   </div>
   <div class='ocr_carea' id='block_1_105' title="bbox 2125 4801 3788 4877">
    <p class='ocr_par' dir='ltr' id='par_1_105' title="bbox 2125 4801 3788 4877">
     <span class='ocr_line' id='line_1_106' title="bbox 2125 4801 3788 4877; baseline 0.004 -20"><span class='ocrx_word' id='word_1_753' title='bbox 2125 4801 2174 4857; x_wconf 90' lang='lat' dir='ltr'>si</span> <span class='ocrx_word' id='word_1_754' title='bbox 2203 4802 2378 4856; x_wconf 88' lang='lat' dir='ltr'><strong>statio</strong></span> <span class='ocrx_word' id='word_1_755' title='bbox 2411 4802 2484 4858; x_wconf 88' lang='lat' dir='ltr'>ad</span> <span class='ocrx_word' id='word_1_756' title='bbox 2509 4804 2788 4859; x_wconf 88' lang='lat' dir='ltr'><strong>tutandos</strong></span> <span class='ocrx_word' id='word_1_757' title='bbox 2815 4803 2951 4859; x_wconf 90' lang='lat' dir='ltr'><strong>illos</strong></span> <span class='ocrx_word' id='word_1_758' title='bbox 2975 4803 3262 4877; x_wconf 89' lang='lat' dir='ltr'><strong>disposita</strong></span> <span class='ocrx_word' id='word_1_759' title='bbox 3284 4806 3596 4862; x_wconf 89' lang='lat' dir='ltr'><strong>etiamtum</strong></span> <span class='ocrx_word' id='word_1_760' title='bbox 3621 4810 3788 4863; x_wconf 84' lang='lat' dir='ltr'><strong>extra</strong></span> 
     </span>
    </p>
   </div>
   <div class='ocr_carea' id='block_1_106' title="bbox 2124 4891 3782 4967">
    <p class='ocr_par' dir='ltr' id='par_1_106' title="bbox 2124 4891 3782 4967">
     <span class='ocr_line' id='line_1_107' title="bbox 2124 4891 3782 4967; baseline 0.007 -23"><span class='ocrx_word' id='word_1_761' title='bbox 2124 4891 2284 4947; x_wconf 87' lang='lat' dir='ltr'><strong>vicos</strong></span> <span class='ocrx_word' id='word_1_762' title='bbox 2315 4893 2453 4965; x_wconf 86' lang='lat' dir='ltr'><strong>agit,</strong></span> <span class='ocrx_word' id='word_1_763' title='bbox 2477 4895 2643 4965; x_wconf 91' lang='lat' dir='ltr'><strong>prius</strong></span> <span class='ocrx_word' id='word_1_764' title='bbox 2668 4895 2730 4950; x_wconf 93' lang='lat' dir='ltr'>in</span> <span class='ocrx_word' id='word_1_765' title='bbox 2753 4895 2917 4952; x_wconf 88' lang='lat' dir='ltr'><strong>illam</strong></span> <span class='ocrx_word' id='word_1_766' title='bbox 2949 4896 3108 4952; x_wconf 87' lang='lat' dir='ltr'><strong>circa</strong></span> <span class='ocrx_word' id='word_1_767' title='bbox 3128 4914 3406 4955; x_wconf 90' lang='lat' dir='ltr'><strong>occasum</strong></span> <span class='ocrx_word' id='word_1_768' title='bbox 3429 4900 3592 4956; x_wconf 65' lang='grc' dir='ltr'>πο</span> <span class='ocrx_word' id='word_1_769' title='bbox 3615 4900 3782 4967; x_wconf 91' lang='lat' dir='ltr'><strong>solis,</strong></span> 
     </span>
    </p>
   </div>
   <div class='ocr_carea' id='block_1_107' title="bbox 2127 4982 3780 5059">
    <p class='ocr_par' dir='ltr' id='par_1_107' title="bbox 2127 4982 3780 5059">
     <span class='ocr_line' id='line_1_108' title="bbox 2127 4982 3780 5059; baseline 0.004 -22"><span class='ocrx_word' id='word_1_770' title='bbox 2127 4982 2634 5053; x_wconf 90' lang='lat' dir='ltr'><strong>quemadmodum</strong></span> <span class='ocrx_word' id='word_1_771' title='bbox 2665 4984 3092 5056; x_wconf 88' lang='lat' dir='ltr'><strong>demonstravi,</strong></span> <span class='ocrx_word' id='word_1_772' title='bbox 3124 4989 3434 5059; x_wconf 67' lang='lat' dir='ltr'><strong>praemissa</strong></span> <span class='ocrx_word' id='word_1_773' title='bbox 3453 4994 3650 5044; x_wconf 89' lang='lat' dir='ltr'><strong>turma</strong></span> <span class='ocrx_word' id='word_1_774' title='bbox 3669 4989 3780 5043; x_wconf 84' lang='lat' dir='ltr'><strong>im-</strong></span> 
     </span>
    </p>
   </div>
   <div class='ocr_carea' id='block_1_108' title="bbox 2126 5072 3780 5150">
    <p class='ocr_par' dir='ltr' id='par_1_108' title="bbox 2126 5072 3780 5150">
     <span class='ocr_line' id='line_1_109' title="bbox 2126 5072 3780 5150; baseline 0.004 -24"><span class='ocrx_word' id='word_1_775' title='bbox 2126 5077 2332 5144; x_wconf 88' lang='lat' dir='ltr'><strong>petum</strong></span> <span class='ocrx_word' id='word_1_776' title='bbox 2361 5072 2556 5129; x_wconf 86' lang='lat' dir='ltr'><strong>faciat.</strong></span> <span class='ocrx_word' id='word_1_777' title='bbox 2592 5075 2820 5131; x_wconf 89' lang='lat' dir='ltr'><strong>Deinde</strong></span> <span class='ocrx_word' id='word_1_778' title='bbox 2853 5081 2914 5131; x_wconf 90' lang='lat' dir='ltr'>tu</span> <span class='ocrx_word' id='word_1_779' title='bbox 2947 5093 3183 5150; x_wconf 90' lang='lat' dir='ltr'><strong>quoque</strong></span> <span class='ocrx_word' id='word_1_780' title='bbox 3206 5078 3628 5150; x_wconf 87' lang='lat' dir='ltr'><strong>antesignanos</strong></span> <span class='ocrx_word' id='word_1_781' title='bbox 3646 5081 3780 5132; x_wconf 84' lang='lat' dir='ltr'><strong>tuos</strong></span> 
     </span>
    </p>
   </div>
   <div class='ocr_carea' id='block_1_109' title="bbox 2128 5163 3786 5238">
    <p class='ocr_par' dir='ltr' id='par_1_109' title="bbox 2128 5163 3786 5238">
     <span class='ocr_line' id='line_1_110' title="bbox 2128 5163 3786 5238; baseline 0.004 -23"><span class='ocrx_word' id='word_1_782' title='bbox 2128 5178 2162 5216; x_wconf 91' lang='lat' dir='ltr'>a</span> <span class='ocrx_word' id='word_1_783' title='bbox 2193 5167 2355 5234; x_wconf 89' lang='lat' dir='ltr'><strong>tergo</strong></span> <span class='ocrx_word' id='word_1_784' title='bbox 2389 5163 2735 5235; x_wconf 87' lang='lat' dir='ltr'><strong>insequens,</strong></span> <span class='ocrx_word' id='word_1_785' title='bbox 2769 5171 2836 5220; x_wconf 89' lang='lat' dir='ltr'>ut</span> <span class='ocrx_word' id='word_1_786' title='bbox 2867 5166 2984 5221; x_wconf 88' lang='lat' dir='ltr'><strong>eris</strong></span> <span class='ocrx_word' id='word_1_787' title='bbox 3015 5167 3089 5222; x_wconf 89' lang='lat' dir='ltr'>ad</span> <span class='ocrx_word' id='word_1_788' title='bbox 3114 5168 3386 5238; x_wconf 70' lang='lat' dir='ltr'><strong>praalium</strong></span> <span class='ocrx_word' id='word_1_789' title='bbox 3409 5166 3786 5222; x_wconf 88' lang='lat' dir='ltr'><strong>committen-</strong></span> 
     </span>
    </p>
   </div>
   <div class='ocr_carea' id='block_1_110' title="bbox 2129 5251 3782 5328">
    <p class='ocr_par' dir='ltr' id='par_1_110' title="bbox 2129 5251 3782 5328">
     <span class='ocr_line' id='line_1_111' title="bbox 2129 5251 3782 5328; baseline 0.004 -24"><span class='ocrx_word' id='word_1_790' title='bbox 2129 5251 2269 5305; x_wconf 89' lang='lat' dir='ltr'>dum</span> <span class='ocrx_word' id='word_1_791' title='bbox 2303 5252 2650 5322; x_wconf 87' lang='lat' dir='ltr'><strong>instructus,</strong></span> <span class='ocrx_word' id='word_1_792' title='bbox 2681 5254 2888 5311; x_wconf 90' lang='lat' dir='ltr'><strong>invade</strong></span> <span class='ocrx_word' id='word_1_793' title='bbox 2917 5256 3073 5326; x_wconf 89' lang='lat' dir='ltr'><strong>illos,</strong></span> <span class='ocrx_word' id='word_1_794' title='bbox 3107 5261 3165 5311; x_wconf 85' lang='lat' dir='ltr'>et</span> <span class='ocrx_word' id='word_1_795' title='bbox 3194 5255 3409 5311; x_wconf 90' lang='lat' dir='ltr'><strong>Christi</strong></span> <span class='ocrx_word' id='word_1_796' title='bbox 3461 5255 3651 5328; x_wconf 89' lang='lat' dir='ltr'><strong>gratia</strong></span> <span class='ocrx_word' id='word_1_797' title='bbox 3680 5271 3782 5311; x_wconf 91' lang='lat' dir='ltr'>eos</span> 
     </span>
    </p>
   </div>
   <div class='ocr_carea' id='block_1_111' title="bbox 2130 5340 3781 5416">
    <p class='ocr_par' dir='ltr' id='par_1_111' title="bbox 2130 5340 3781 5416">
     <span class='ocr_line' id='line_1_112' title="bbox 2130 5340 3781 5416; baseline 0.003 -21"><span class='ocrx_word' id='word_1_798' title='bbox 2130 5340 2481 5397; x_wconf 89' lang='lat' dir='ltr'><strong>debellabis.</strong></span> <span class='ocrx_word' id='word_1_799' title='bbox 2525 5345 2604 5398; x_wconf 79' lang='lat' dir='ltr'>Ac</span> <span class='ocrx_word' id='word_1_800' title='bbox 2635 5345 2684 5398; x_wconf 92' lang='lat' dir='ltr'><strong>si</strong></span> <span class='ocrx_word' id='word_1_801' title='bbox 2716 5345 2980 5400; x_wconf 88' lang='lat' dir='ltr'><strong>hostium</strong></span> <span class='ocrx_word' id='word_1_802' title='bbox 3009 5345 3213 5412; x_wconf 88' lang='lat' dir='ltr'><strong>duces,</strong></span> <span class='ocrx_word' id='word_1_803' title='bbox 3245 5345 3346 5416; x_wconf 89' lang='lat' dir='ltr'>qui</span> <span class='ocrx_word' id='word_1_804' title='bbox 3377 5344 3458 5401; x_wconf 90' lang='lat' dir='ltr'>ibi</span> <span class='ocrx_word' id='word_1_805' title='bbox 3489 5349 3781 5416; x_wconf 71' lang='lat' dir='ltr'><strong>praisunt,</strong></span> 
     </span>
    </p>
   </div>
   <div class='ocr_carea' id='block_1_112' title="bbox 1567 5495 2574 5592">
    <p class='ocr_par' dir='ltr' id='par_1_112' title="bbox 1567 5495 2574 5592">
     <span class='ocr_line' id='line_1_113' title="bbox 1567 5495 2574 5592; baseline 0.005 -5"><span class='ocrx_word' id='word_1_806' title='bbox 1567 5531 1631 5587; x_wconf 91' lang='lat' dir='ltr'><strong>c.</strong></span> <span class='ocrx_word' id='word_1_807' title='bbox 1672 5531 1735 5589; x_wconf 79' lang='grc' dir='ltr'>Β.</span> <span class='ocrx_word' id='word_1_808' title='bbox 1777 5529 1970 5589; x_wconf 80' lang='lat' dir='ltr'><strong>HASII</strong></span> <span class='ocrx_word' id='word_1_809' title='bbox 2006 5495 2574 5592; x_wconf 72' lang='lat' dir='ltr'><strong>ANNOTATioNEs.</strong></span> 
     </span>
    </p>
   </div>
   <div class='ocr_carea' id='block_1_113' title="bbox 425 5637 1417 5739">
    <p class='ocr_par' dir='ltr' id='par_1_113' title="bbox 425 5637 1417 5739">
     <span class='ocr_line' id='line_1_114' title="bbox 425 5637 1417 5739; baseline -0.011 -14"><span class='ocrx_word' id='word_1_810' title='bbox 425 5669 476 5708; x_wconf 76' lang='grc'>⁸³</span> <span class='ocrx_word' id='word_1_811' title='bbox 503 5663 892 5739; x_wconf 76' lang='grc' dir='ltr'>ἀποπελοῦσι]</span> <span class='ocrx_word' id='word_1_812' title='bbox 921 5637 1258 5722; x_wconf 76' lang='grc' dir='ltr'>ἀποτελοῦσι</span> <span class='ocrx_word' id='word_1_813' title='bbox 1287 5659 1417 5720; x_wconf 88' lang='lat' dir='ltr'><strong>cod.</strong></span> 
     </span>
    </p>
   </div>
  </div>
