4096 6446
343 411 463 479 999
1659 416 2091 482 NICEPHORI
2136 416 2419 484 PHOCE
3002 470 3008 473 μ
3147 493 3152 496 _
3609 431 3773 496 1000

345 542 505 622 quod
519 546 806 608 militibus
827 550 1154 621 abundant,
1178 552 1311 608 ideo
1333 553 1691 610 conﬁrmare
1713 567 1843 608 sese
1864 568 1932 624 po

2043 550 2276 623 λαύτοῦ
2304 556 2524 629 πρῶτον
2580 555 2682 624 τήν
2737 555 2918 631 ὁρμὴν
2985 555 3312 614 ποιείτωσαν
3372 561 3497 635 περί
3555 558 3769 638 δυσμὰς

346 647 506 710 sunt,
539 641 938 715 damnumque
968 644 1258 699 resarcire
1305 650 1602 700 conantur
1650 659 1848 712 suum,
1907 649 1932 699 t

2105 640 2298 716 ἡλίου,
2329 643 2405 706 ὡς
2435 639 2536 722 ἔφη
2589 645 2661 714 ⁸⁸,
2717 647 2771 702 οἱ
2828 642 3134 724 ἔμπροσθεν
3189 649 3603 716 ἀποσταλέντες.
3665 656 3766 711 Καὶ

342 731 514 787 inetsi
547 731 606 786 id
639 731 880 804 quidem
939 731 1068 789 fieri
1128 750 1339 806 parum
1387 739 1606 806 potest,
1655 738 1855 788 tamen
1909 750 1932 787 s

2107 735 2204 786 σοῦ
2235 733 2454 789 ὄπισθεν
2485 735 2868 810 παρεπομένου
2930 738 3068 811 μετᾶ
3122 738 3253 804 τοὺς
3309 744 3767 818 προηγουμένους

338 834 573 892 quoque
604 826 776 877 nocte
809 828 1137 894 occupante
1169 823 1322 878 nihil
1353 823 1580 879 adversi
1623 823 1874 878 eveniet.
1907 821 1926 877 l

2101 842 2219 893 σου,
2278 823 2416 898 πρὸς
2474 822 2722 898 πόλεμον
2777 821 3079 901 συμϐαλεῖν
3160 833 3610 906 συντεταγμένος,
3669 833 3764 890 καὶ

336 907 384 964 si
415 909 625 982 egeris,
645 908 1170 967 etadmirabuntur
1187 918 1246 968 et
1266 911 1744 968 formidabuntte
1761 912 1932 966 hoste

2097 909 2258 974 αὐτὸς
2289 913 2556 987 ὁρμήσεις
2586 915 2704 969 κατ’
2735 913 2935 984 αὐτῶν,
2985 917 3076 971 καὶ
3130 921 3481 996 καταγωνίσῃ
3527 921 3762 989 τούτους

332 1011 527 1070 neque
575 997 819 1072 impune
849 1000 1158 1057 audebunt
1186 1018 1257 1058 ex
1303 1001 1513 1058 castris
1544 1000 1780 1074 egredi:
1826 1017 1932 1055 unc

2093 1004 2161 1074 τῇ
2193 1004 2290 1056 τοῦ
2318 1003 2556 1077 Χριστοῦ
2589 1006 2800 1080 χάριτι.
2849 1004 2921 1064 Εἴ
2973 1002 3030 1061 δέ
3087 1027 3147 1082 γε
3199 1008 3252 1062 οἱ
3296 1011 3404 1064 τῶν
3464 1010 3757 1086 πολεμίων

331 1103 576 1145 necesse
607 1094 697 1146 est
727 1106 849 1160 eos,
883 1096 1222 1149 commeatu
1251 1091 1586 1160 destitutos,
1615 1090 1691 1147 ad
1712 1091 1932 1163 proprii

2095 1089 2360 1166 ἀρχηγοὶ,
2393 1092 2445 1145 οἳ
2494 1089 2667 1147 ἐκεῖσε
2719 1091 2888 1165 ὃντες,
2941 1093 3159 1164 πολλὴν
3219 1090 3441 1172 ἔχοντες
3499 1096 3757 1176 δύναμιν,

327 1175 540 1236 reverti
573 1179 747 1238 lines.

2095 1186 2356 1250 συσκῆναι
2419 1177 2712 1253 δυνηθῶσι,
2771 1182 2861 1238 καί
2927 1185 3028 1252 τήν
3085 1183 3252 1254 ἧτταν
3318 1175 3751 1247 ἀνακαλέσασθαι

323 1265 719 1343 ἀγωνίσωνται,
776 1269 909 1346 ὅπερ
963 1268 1224 1328 ἀδύνατόν
1283 1270 1416 1344 ἐστι,
1470 1278 1570 1342 τῆς
1631 1271 1824 1333 νυκτὸς
1884 1267 1996 1341 ἤδη
2077 1264 2598 1343 ἐπιλαμϐανομένης
2645 1268 2797 1327 οὐδέν
2858 1268 3194 1346 συμϐήσεταί
3257 1295 3344 1330 σοι
3421 1281 3530 1333 τῶν
3587 1278 3749 1336 έναν-

319 1357 472 1416 τίων.
504 1356 692 1422 Οὕτως
731 1359 910 1415 τοίνυν
945 1365 1238 1424 ποιοῦντος
1287 1366 1412 1431 σοῦ,
1468 1362 1560 1418 καὶ
1619 1360 1990 1434 θαυμάσονοαι
2045 1358 2137 1414 καὶ
2185 1359 2596 1432 πτοηθήσονταί
2654 1382 2750 1417 σου
2810 1362 2862 1417 οἱ
2911 1361 3200 1438 πολέμιοι,
3255 1366 3346 1420 καὶ
3403 1368 3507 1422 οὐκ
3560 1367 3741 1434 ἀδεῶς

322 1446 686 1525 θαρῥήσουσιν
744 1448 1055 1527 έξέρχεσθαι
1110 1457 1207 1508 τοῦ
1266 1453 1552 1530 φωτισάτου
1610 1451 1809 1507 αὐτῶν·
1870 1449 2160 1506 κάντεῦθεν
2231 1448 2441 1525 ἀνάγκη
2499 1447 2728 1515 τούτους
2807 1455 3027 1526 τροφῶν
3109 1452 3512 1530 ὑπερημένους
3600 1460 3742 1534 “Pe”;

315 1537 416 1608 τήν
449 1536 591 1595 ἰδίαν
620 1537 1021 1612 παλινοστῆσαι
1056 1543 1262 1619 χώραν.

317 1655 452 1715 CAP.
493 1657 696 1714 XXIII.
759 1663 836 1716 De
889 1659 1128 1716 discessu
1181 1662 1436 1732 hostium,
1491 1669 1542 1719 et
1600 1661 1932 1721 claustrorw

2081 1658 2166 1730 [Ρ.
2203 1659 2326 1735 ίὸβ]
2360 1663 2528 1735 ΚΕΦ.
2563 1659 2686 1735 ΚΓ.
2731 1658 2860 1734 Περὶ
2903 1665 3014 1735 τῆς.
3065 1661 3415 1735 ὑποστροφῆς
3470 1668 3580 1721 τῶν
3635 1687 3744 1723 πο-

951 1737 1329 1802 occupatione.

383 1843 440 1899 Si
473 1859 536 1900 se
561 1846 858 1918 recipiunt
888 1847 1108 1920 hostes,
1140 1850 1215 1906 ad
1249 1867 1508 1924 suosque
1551 1853 1702 1908 fines
1755 1867 1959 1924 perve-
1998 1841 2045 1905 Β

310 1932 442 1989 nire
469 1942 810 2008 properant,
847 1945 1080 2010 Oportet
1111 1945 1166 1996 te
1198 1941 1531 2013 peditatum
1580 1942 1655 1998 ad
1701 1943 1964 1999 claustra

309 2025 692 2096 praemittere,
726 2031 785 2082 et
812 2026 955 2096 vias,
981 2045 1087 2101 per
1116 2047 1265 2102 quas
1297 2033 1604 2089 transituri
1655 2038 1815 2101 sunt,
1861 2049 1960 2089 oc-

309 2128 547 2184 cupare.
570 2116 682 2171 Per
709 2133 886 2188 quam
909 2116 1088 2191 igitur
1111 2120 1261 2176 viam
1300 2121 1415 2178 iter
1441 2122 1636 2178 facere
1667 2122 1729 2178 in
1759 2123 1959 2178 animo

2267 1728 2499 1804 λέμίων,
2529 1729 2620 1786 καὶ
2650 1737 2750 1801 τῆς
2780 1728 3162 1808 κατασχέσεως
3188 1728 3539 1811 κλεισόύρας.

2147 1848 2617 1928 Ὑποστρεφόντων
2651 1846 2708 1905 δὶ
2761 1854 2870 1906 τῶν
2929 1847 3220 1925 πολεμίων
3284 1853 3377 1909 καὶ
3426 1856 3528 1925 τὴν
3590 1854 3735 1914 tam

2078 1936 2449 2013 ἐπειγομένων
2501 1937 2944 2014 καταλήψασθαι,
3006 1937 3126 1996 δέον
3165 1941 3262 2005 τὰς
3304 1945 3525 2020 πεζικὰς
3573 1944 3737 2003 δυνά-

2077 2048 2196 2100 μεις
2253 2029 2392 2104 πρὸς
2449 2029 2547 2092 τὰς
2595 2026 2922 2104 κλεισούρας
2983 2033 3438 2107 προαποστεῖλαι,
3490 2036 3577 2091 καὶ
3634 2037 3735 2102 τὰς

2072 2113 2256 2188 ὁδοὺς,
2289 2115 2359 2172 δι’
2389 2118 2450 2180 ἅς
2487 2115 2753 2191 μέλλουσι
2800 2115 3054 2191 διελθεῖν,
3112 2126 3430 2197 κατασχεῖν.
3481 2125 3558 2178 Δι’
3609 2122 3732 2189 οἵας

307 2201 588 2273 habeant,
620 2221 655 2260 a
684 2205 958 2264 claustris
985 2209 1327 2267 Seleucenis
1357 2211 1549 2283 iisque
1573 2213 1633 2268 in
1657 2213 1932 2285 provinci:

2069 2207 2173 2283 γὰρ
2207 2206 2338 2265 ὁδοῦ
2369 2207 2603 2265 διεΛθεῖν
2639 2209 3010 2286 βουληθῶσιν,
3043 2211 3150 2267 ἀπό
3197 2233 3257 2268 τε
3303 2217 3411 2270 τῶν
3442 2213 3490 2270 έν
3525 2213 3724 2271 Σελευ-

303 2292 770 2364 Anatolicorum,
804 2315 921 2371 qua
949 2300 1123 2355 Tauri
1147 2301 1293 2374 juga
1322 2301 1615 2370 Ciliciam,
1647 2302 1954 2374 Cappado-

300 2384 476 2462 ciam,
509 2387 849 2467 Lycandum
879 2396 1302 2455 disterminant
1334 2417 1348 2457 :
1381 2400 1454 2456 ad
1488 2401 1635 2470 haec,
1671 2417 1787 2472 qua
1816 2402 1953 2457 Ger-

295 2481 850 2552 manicim,Adataa,
908 2484 1254 2558 regionibus
1314 2489 1531 2544 Caisun
1588 2493 1646 2543 et
1700 2489 1950 2555 Dautha,

291 2571 607 2643 Melitenaa,
640 2579 699 2630 et
725 2575 990 2632 Caludiis
1024 2577 1383 2634 imminent:
1427 2576 1571 2634 item
1621 2595 1736 2650 qua
1787 2584 1950 2637 trans

290 2661 515 2718 ﬂumen
538 2664 902 2735 Euphratem
925 2682 1131 2738 agrum
1158 2668 1420 2724 Chanziti
1451 2673 1724 2725 vocatum
1747 2673 1805 2725 et
1830 2675 1948 2725 ter-

285 2767 416 2807 ram
446 2753 737 2810 hosticam
768 2757 1227 2829 RomanOpolim
1249 2757 1395 2816 251
1427 2775 1615 2829 usque
1635 2765 1943 2832 separant:

283 2839 347 2897 in
379 2843 656 2900 omnibus
682 2843 777 2900 his
807 2847 1153 2918 provinciis,
1189 2864 1548 2920 quacunque
1594 2849 1686 2906 via
1738 2851 1801 2906 in
1849 2867 1945 2907 re-

284 2928 412 2987 ditu
444 2931 558 2988 iter
583 2933 657 2989 ad
689 2935 838 2991 ﬂnes
875 2953 1013 2992 suos
1042 2937 1238 2994 facere
1262 2938 1791 3006 constituerint,ibi
1813 2939 1941 2996 sine

279 3021 406 3078 ulla
454 3023 825 3081 dubitatione
876 3032 1113 3083 matura
1161 3026 1610 3084 dimicationem
1660 3028 1939 3100 expedire

278 3113 564 3171 adversus
590 3115 747 3183 illos,
771 3117 1017 3189 juvante
1049 3120 1189 3186 Deo,
1224 3118 1473 3192 ejusque
1522 3119 1710 3193 gratia
1757 3121 1937 3175 victo-

273 3204 425 3261 riam
453 3206 809 3277 reportabis.
844 3209 927 3263 Ac
955 3208 1004 3262 si
1037 3208 1274 3282 longius
1295 3225 1473 3281 quam
1496 3213 1752 3280 quatuor
1765 3225 1933 3267 man-

273 3293 476 3349 siones
507 3294 626 3350 sive
679 3299 874 3352 castra
929 3296 1092 3364 abes,
1147 3299 1536 3371 cognostique
1583 3299 1758 3367 viam,
1816 3313 1935 3370 qua

271 3381 474 3440 hostes
505 3383 909 3453 discesserint,
945 3389 1240 3456 convenit,
1271 3393 1350 3456 te,
1401 3387 1583 3443 totius
1638 3387 1932 3442 exercitus

269 3471 505 3540 ducem,
538 3491 752 3549 magna
775 3476 1081 3534 celeritate
1103 3477 1372 3533 adhibita
1393 3477 1530 3534 illos
1554 3481 1928 3550 praevertere,

266 3571 327 3623 et
353 3566 428 3623 ad
458 3567 812 3640 peditatum,
839 3570 970 3642 jam
1001 3569 1078 3626 ad
1133 3570 1394 3625 claustra
1441 3570 1842 3642 praemissum,
1871 3573 1930 3625 te

263 3656 575 3713 conferre:
610 3659 954 3730 relinquere
1013 3663 1213 3715 autem
1264 3675 1334 3715 ex
1385 3660 1619 3715 caateris
1675 3658 1928 3715 ducibus

259 3748 850 3819 prmstantissimum,
881 3747 984 3819 qui
1018 3748 1155 3803 illos
1186 3748 1558 3821 insequatur,
1589 3765 1664 3806 ne
1698 3765 1729 3804 e
1759 3753 1923 3820 tergo

255 3835 577 3893 latrocinia
607 3837 1114 3910 excursionesque
1142 3838 1382 3894 faciant.
1419 3839 1473 3894 Is
1495 3838 1716 3894 habere
1747 3837 1924 3894 debet

258 3940 462 3981 secum
492 3925 763 3998 reliquas
791 3932 1102 3998 equestres
1129 3929 1350 4000 copias,
1385 3928 1636 4000 imperio
1669 3943 1776 3982 suo
1815 3942 1922 3998 pa-

257 4018 482 4081 rentes,
517 4031 737 4086 easque
769 4016 854 4071 sic
903 4015 1143 4087 ducere,
1175 4022 1261 4085 ut,
1301 4017 1540 4090 quando
1599 4015 1921 4073 adversarii

259 4103 378 4159 duo
410 4104 649 4161 circiter
678 4110 874 4162 castra
903 4121 938 4162 a
967 4107 1244 4163 claustris
1301 4107 1577 4172 aberunt,
1627 4107 1755 4177 ipse
1785 4122 1920 4161 cum

256 4193 536 4250 omnibus
569 4195 756 4267 copiis
790 4200 1072 4264 transeat,
1102 4197 1160 4252 in
1198 4213 1454 4268 eumque
1478 4195 1675 4251 locum
1701 4211 1762 4250 se
1785 4211 1922 4251 con-

250 4283 424 4354 ferat,
456 4285 561 4343 ubi
604 4285 879 4358 praelium
925 4287 1209 4343 adversus
1257 4288 1398 4343 illos
1446 4285 1786 4341 instruitur.
1841 4285 1917 4341 Te

249 4379 473 4438 autem,
507 4379 825 4446 postquam
857 4375 931 4430 ad
985 4375 1247 4432 claustra
1293 4375 1547 4441 veneris,
1599 4378 1801 4429 coacto
1852 4373 1914 4430 in

249 4480 438 4520 unum
468 4464 667 4520 locum
707 4465 996 4536 peditatu,
1049 4481 1294 4538 operam
1353 4465 1494 4520 dare
1544 4468 1799 4536 oportet,
1849 4468 1916 4520 ut

2066 2298 2187 2370 κείᾳ
2213 2297 2552 2373 κλεισουρῶν
2583 2299 2674 2354 καὶ
2729 2303 2831 2355 τοῦ
2885 2304 2994 2356 τῶν
3043 2300 3411 2358 Ἀνατολικῶν
3470 2302 3726 2378 θέματος,

2066 2388 2206 2452 καθᾶ
2232 2388 2300 2442 τὰ
2355 2389 2601 2463 Ταυρικᾶ
2656 2383 2758 2462 ὅρη
2817 2389 2918 2460 τήν
2978 2409 3038 2445 τε
3095 2390 3342 2448 Κιλικίαν
3401 2389 3725 2470 διορίζουσι,

2065 2475 2454 2533 Καππαδοκίαν
2521 2498 2580 2534 τε
2634 2479 2726 2534 καὶ
2779 2476 3080 2535 Λυκανδόνο
3141 2482 3278 2553 πρὸς
3370 2481 3591 2547 τούτοις
3666 2482 3728 2542 δὶ

2059 2566 2148 2621 καὶ
2205 2567 2274 2622 τὰ
2328 2566 2703 2643 παρακείμενα
2759 2569 3147 2643 Γερμανίκειάν
3242 2591 3303 2626 τε
3385 2573 3475 2628 καὶ
3560 2571 3727 2632 Ἀδα-

2057 2661 2153 2712 τᾶν
2194 2657 2402 2730 8i’(23),
2433 2656 2618 2712 καὶτὸ
2650 2661 2904 2728 Καησοῦν
2949 2659 3041 2714 καὶ
3097 2663 3196 2715 τοῦ
3253 2662 3486 2732 Δαουθᾶ,
3545 2662 3725 2720 Μελι-

2055 2748 2228 2818 τήνην
2255 2767 2314 2802 τε
2342 2746 2530 2802 καὶτὰ
2558 2743 2858 2802 Καλούδια⁶
2900 2747 2992 2802 καὶ
3041 2748 3112 2803 τὰ
3166 2750 3392 2825 πέραθεν
3449 2755 3548 2807 τοῦ
3601 2753 3722 2808 Εὐ-

2057 2837 2264 2914 φράτου
2319 2839 2574 2910 ποταμοῦ
2660 2833 2973 2910 διορίζοντα
3056 2839 3156 2908 τήν
3213 2859 3272 2894 τε
3326 2843 3425 2894 τοῦ
3480 2846 3718 2911 Χανζῆτι

2055 2926 2365 3002 λεγομένην
2399 2927 2589 3001 χώραν
2616 2925 2708 2982 καὶ
2738 2927 2838 2995 τήν
2885 2925 3158 3000 πολεμίαν
3218 2930 3352 3005 ἄχρι
3407 2929 3721 3004 Ῥωμανου-

2052 3012 2290 3077 πόλεως’
2324 3014 2384 3068 ἐκ
2414 3013 2568 3076 ὅλοις
2606 3019 2724 3076 τοῖς
2779 3014 3058 3078 τοιούτοις
3097 3017 3317 3089 θέμασι,
3364 3013 3436 3073 δι’
3491 3020 3613 3084 οἳας
3653 3018 3715 3078 ἄν

2051 3102 2180 3160 ὁδοῦ
2212 3105 2642 3180 ὑποστρέφοντες
2676 3101 2914 3168 διελθεῖν
2947 3105 3087 3179 πρὸς
3133 3107 3232 3176 τὴν
3297 3104 3436 3163 ἰδίαν
3490 3109 3713 3184 βουλη-

1967 3177 2011 3246 C
2047 3197 2237 3262 θῶσιν,
2286 3177 2625 3258 ἀδιστάκτως
2677 3196 2746 3267 τῇ
2801 3197 2905 3249 τοῖ’)
2954 3177 3090 3251 Θεοῦ
3151 3196 3381 3271 βοηθείᾳ
3441 3177 3534 3255 τόν
3593 3177 3714 3256 κατ’

2045 3285 2221 3341 αὐτῶν
2263 3283 2552 3361 ἐπείχθητι
2587 3282 2891 3341 διαθέθσθαι
2933 3284 3202 3360 πόλεμον,
3255 3289 3344 3344 καὶ
3393 3290 3494 3360 τὴν
3539 3294 3711 3348 νικῶ-

2042 3396 2137 3431 σαν
2171 3376 2422 3452 εὑρήσεις
2451 3378 2522 3449 τῇ
2554 3374 2719 3431 αὐτοῦ
2749 3376 2961 3452 χάριτι.
3023 3377 3216 3434 Ἠνίκα
3256 3375 3316 3435 δὲ
3361 3380 3468 3456 πρὸ
3517 3385 3711 3437 τεσσάο

2039 3489 2150 3548 ρων
2180 3475 2437 3545 σταθμῶν
2467 3468 2593 3538 ἤτοι
2626 3468 2924 3543 ἀπλήκτων
2986 3471 3220 3549 ἐπιγνῷς
3263 3475 3364 3546 τὴν
3432 3472 3581 3548 ὁδὸν,
3631 3475 3708 3533 δι’

2037 3561 2108 3631 ἧς
2140 3560 2407 3636 ὥρμησαν
2459 3561 2513 3616 οἱ
2569 3560 2858 3634 πολέμιοι,
2919 3560 3005 3618 σοὶ
3065 3563 3161 3636 μὶν
3217 3567 3303 3636 τῷ
3357 3569 3456 3621 τοῦ
3499 3566 3702 3629 παντὸς

2036 3649 2173 3707 λαοῦ
2201 3650 2435 3727 ἡγεμόνι
2475 3652 2637 3726 τάχει
2696 3649 2898 3724 πολλῷ
2953 3650 3260 3729 ἔμπροσθεν
3321 3654 3499 3711 αὐτῶν
3545 3655 3699 3732 γενέ-

2034 3751 2155 3804 σθαι
2203 3741 2494 3815 προσήκει,
2559 3737 2654 3794 καὶ
2709 3736 3041 3796 καταλαϐεῖν
3099 3743 3198 3804 τὰς
3254 3742 3477 3812 πεζικὰς
3535 3740 3704 3800 δυνά-

2036 3849 2179 3903 μεις,
2209 3828 2306 3892 τὰς
2337 3827 2392 3884 έν
2421 3832 2491 3904 τῇ
2547 3826 2847 3905 κλεισούρᾳ
2900 3829 3318 3896 ἀποσταλείσας”
3371 3832 3702 3890 καταλιπεῖν

2031 3916 2090 3974 δὲ
2117 3919 2209 3974 τὸν
2252 3917 2538 3990 κρείττονα
2592 3922 2701 3974 τῶν
2764 3916 2978 3975 λοιπῶν
3039 3925 3379 3997 στρατηγῶν,
3438 3921 3579 3994 πρὸς
3637 3925 3704 3979 τὸ

2029 4004 2395 4084 παρατρέχειν
2424 4006 2630 4079 αὐτοῖς,
2665 4005 2754 4063 διὰ
2779 4007 2848 4064 τὰ
2900 4009 3122 4066 ὄπισθεν
3187 4014 3390 4086 κοῦρσα
3444 4011 3534 4067 καὶ
3586 4013 3689 4076 τὰς

2029 4095 2301 4172 ἐκδρομὰς
2332 4096 2532 4152 αὐτῶν·
2572 4094 2721 4172 ἔχειν
2780 4093 2838 4153 δὲ
2897 4098 3014 4172 μεθ’
3064 4099 3258 4156 ἑαυτοῦ
3313 4100 3406 4156 καὶ
3460 4101 3524 4156 τὸ
3579 4100 3704 4157 λοι-

2027 4188 2130 4245 πὸν
2161 4187 2384 4244 ἱππικὸν
2417 4186 2747 4262 στράτευμα,
2779 4188 3105 4263 πειθόμενον
3162 4195 3244 4263 τῷ
3293 4187 3451 4266 λόγῳ
3501 4191 3695 4265 αὑτοῦ,

2022 4279 2115 4336 καὶ
2143 4275 2483 4354 διορίσασθαι
2514 4278 2672 4348 αὐτὸ,
2704 4277 2781 4342 ὡς
2826 4278 2992 4349 ἡνίκα
3049 4280 3102 4334 οἳ
3146 4277 3411 4354 πολέμιοι
3453 4281 3529 4345 ὡς
3576 4281 3689 4339 ἀπὸ

2024 4368 2122 4425 δύο
2151 4366 2448 4439 ἀπλήκτων
2481 4370 2552 4441 τῇ
2593 4365 2891 4444 κλεισούρᾳ
2941 4366 3319 4440 πλησιάσωσι,
3375 4371 3468 4426 καὶ
3522 4371 3690 4428 αὐτὸν

2025 4458 2160 4533 μετὰ
2189 4459 2389 4520 παντὸς
2426 4461 2524 4513 τοῦ
2582 4457 2986 4534 στρατεύματος
3044 4456 3302 4531 διελθεῖν,
3363 4459 3454 4517 καὶ
3509 4482 3686 4519 κατα-

249 4558 542 4625 praeterea
572 4554 821 4610 alteram
853 4554 1121 4627 peditum
1149 4555 1360 4622 aciem,
1393 4570 1572 4626 quam
1621 4553 1910 4626 plurimo-

2043 4543 2230 4620 ιαϐεῖν,
2263 4546 2314 4602 έν
2348 4548 2394 4620 ᾧ
2422 4546 2579 4619 τόπῳ
2637 4547 2664 4602 ὁ
2725 4549 2844 4603 κατ’
2903 4549 3083 4604 αὐτῶν
3152 4548 3458 4623 ἐξαρτύεται
3514 4550 3686 4608 πόλε-

249 4657 383 4697 rum
415 4643 630 4714 possis,
663 4661 858 4716 cogas.
893 4645 1010 4700 Hos
1060 4643 1345 4701 excitabis
1393 4643 1586 4700 verbis
1633 4644 1911 4712 fortibus,

247 4730 325 4786 ad
355 4731 632 4787 virtutem
691 4738 870 4806 atque
930 4733 1240 4789 audaciam
1297 4734 1477 4802 acies,
1537 4733 1909 4790 alacritatem

247 4837 477 4889 eorum,
511 4822 668 4893 quod
694 4823 904 4895 optimi
928 4822 1098 4878 ducis
1122 4828 1230 4891 est,
1257 4823 1544 4879 melliflua
1568 4823 1908 4879 hortatione

242 4911 551 4971 incendes.
587 4913 798 4970 Dices:
835 4935 859 4966 «
892 4913 1342 4969 Commilitones
1373 4914 1645 4978 Romani.
1683 4919 1909 4969 stemus

243 5000 544 5072 intrepide
576 5006 634 5057 et
665 5003 960 5057 firmiter:
1021 5007 1246 5058 stemus
1295 5003 1547 5059 viriliter
1599 5009 1659 5059 et
1707 5003 1908 5059 animo

242 5106 479 5162 magno.
514 5090 913 5147 Ostendamus
967 5091 1238 5148 hostibus
1276 5093 1590 5149 brachium
1641 5098 1701 5148 et
1746 5094 1905 5158 vim;

241 5180 650 5250 ostendamus,
682 5181 844 5254 quod
874 5181 937 5238 in
966 5181 1246 5239 fortiores
1276 5183 1569 5256 impetum
1625 5183 1899 5250 fecerint,

2027 4659 2150 4713 μος.
2194 4640 2305 4693 Σοῦ
2337 4634 2394 4694 δέ
2441 4631 2961 4710 καταλαμϐάνοντος
3014 4637 3066 4694 ἐν
3115 4640 3187 4711 τῇ
3240 4639 3538 4717 κλεισούρᾳ
3591 4641 3686 4696 καὶ

2025 4731 2124 4793 τὰς
2152 4727 2380 4798 πεζικὰς
2426 4726 2603 4798 τάξεις
2655 4727 2974 4801 ένουμένου,
3033 4725 3151 4784 δέον
3210 4727 3535 4804 σπουδάσαι,
3591 4731 3687 4786 καὶ

2022 4818 2204 4892 ἕτερον
2269 4816 2508 4891 μάλιστα
2563 4815 2785 4886 πεζικὸν
2848 4818 2980 4872 λαὸν
3035 4816 3371 4893 ἐπισυνάξαι,
3431 4818 3557 4876 ὅσον
3617 4819 3681 4876 ἄν

2026 4905 2290 4982 δυνηθῇς·
2323 4907 2645 4982 παραινέσαι
2676 4927 2734 4962 τε
2783 4907 2971 4969 αὐτοῖς
3030 4907 3330 4984 παῤῥησίᾳ,
3389 4910 3527 4986 πρὸς
3584 4910 3686 4964 ἄν·

2021 4989 2198 5074 δρείαν
2246 4995 2444 5059 αὐτοὺς
2504 4993 2814 5074 ἐπαλείφων
2872 4997 2964 5053 καὶ
3025 4996 3344 5072 εὐτολμίαν,
3391 4998 3682 5075 ἐποτρῦναι

2019 5081 2078 5140 δέ
2106 5085 2196 5141 καὶ
2225 5085 2288 5139 τὸ
2332 5083 2614 5160 πρόθυμον
2670 5085 2873 5154 αὐτῶν,
2935 5086 3026 5140 οἷα
3073 5088 3378 5162 στρατηγὸς
3434 5085 3678 5162 ἄριστος,

2022 5175 2343 5252 μελισταγεῖ
2383 5175 2719 5253 παραινέσει,
2776 5198 2802 5232 ε
2836 5173 3089 5254 Ἀνδρες,
3138 5176 3337 5254 λέγων,
3381 5183 3678 5254 Ῥωμαῖοι,

1460 5336 1522 5392 C.
1566 5336 1626 5392 Β.
1671 5337 1860 5393 HASII
1895 5332 2458 5394 ANNOTATIONES.

311 5480 358 5516 “
389 5479 463 5542 ὡς
494 5475 647 5558 ἔφην.
681 5478 816 5536 Vid.
850 5492 1031 5553 supra
1058 5481 1182 5537 153.
1258 5480 1305 5517 ⁸⁸
1336 5475 1584 5540 Ἀδατᾶν.
1612 5480 1742 5538 Vid.
1775 5483 1968 5538 notas.

315 5627 429 5700 (23)
459 5625 1044 5700 Fortassenoppidum
1076 5624 1440 5693 Adadorum,
1471 5625 1538 5680 τὰ
1573 5622 1817 5700 Ἀδαδα,
1838 5627 1904 5682 in

240 5697 468 5756 Pisidia
497 5714 682 5770 prope
715 5697 1067 5764 Seleuciam,
1100 5703 1300 5754 ortum
1328 5715 1551 5755 versus.
1607 5700 1682 5756 Le
1715 5699 1904 5765 Quien

241 5770 476 5852 priest.
502 5769 724 5854 Ὁμῖᾆείη
753 5770 799 5836 Ι.
835 5772 996 5846 1035·
1027 5771 1087 5835 Β.
1120 5770 1377 5831 Tametsi
1407 5771 1674 5848 inspecto
1730 5771 1902 5829 loco-

2011 5641 2147 5681 rum
2179 5624 2295 5680 situ
2325 5623 2535 5695 potius,
2555 5621 2720 5679 dicas
2743 5638 2874 5679 esse
2901 5621 3001 5690 τὴν
3034 5618 3297 5694 Ἀδάνην,
3336 5621 3404 5678 τὰ
3439 5620 3676 5694 ”Αδανα,

2013 5693 2391 5768 notissimam
2430 5693 2654 5768 Ciliciae
2686 5695 2964 5754 Tracth
2995 5693 3316 5768 civitatem,
3348 5697 3511 5754 Tarsi
3539 5693 3680 5755 vici?-

2015 5785 2179 5840 nam,
2209 5767 2286 5827 ad
2314 5767 2526 5826 Sarum
2556 5765 2804 5826 ﬂumen.
