  <div class='ocr_page' id='page_1' title='image "/cluster/home/n/w/nwhite01/storage/ocr_20150623/117/coo.31924054870211/512.png"; bbox 0 0 4096 6422; ppageno 0'>
   <div class='ocr_carea' id='block_1_1' title="bbox 285 400 440 465">
    <p class='ocr_par' dir='ltr' id='par_1_1' title="bbox 285 400 440 465">
     <span class='ocr_line' id='line_1_1' title="bbox 285 400 440 465; baseline 0 -2"><span class='ocrx_word' id='word_1_1' title='bbox 285 400 440 465; x_wconf 75' lang='grc'>1001</span> 
     </span>
    </p>
   </div>
   <div class='ocr_carea' id='block_1_2' title="bbox 1596 399 2426 463">
    <p class='ocr_par' dir='ltr' id='par_1_2' title="bbox 1596 399 2426 463">
     <span class='ocr_line' id='line_1_2' title="bbox 1596 399 2426 463; baseline 0.004 -2"><span class='ocrx_word' id='word_1_2' title='bbox 1596 400 2024 463; x_wconf 82' lang='lat' dir='ltr'>VELITATIO</span> <span class='ocrx_word' id='word_1_3' title='bbox 2074 399 2168 460; x_wconf 85' lang='lat' dir='ltr'>BE</span> <span class='ocrx_word' id='word_1_4' title='bbox 2178 401 2426 463; x_wconf 76' lang='lat' dir='ltr'>LLICA.</span> 
     </span>
    </p>
   </div>
   <div class='ocr_carea' id='block_1_3' title="bbox 3564 408 3720 470">
    <p class='ocr_par' dir='ltr' id='par_1_3' title="bbox 3564 408 3720 470">
     <span class='ocr_line' id='line_1_3' title="bbox 3564 408 3720 470; baseline 0.006 -1"><span class='ocrx_word' id='word_1_5' title='bbox 3564 408 3720 470; x_wconf 71' lang='grc'>1002</span> 
     </span>
    </p>
   </div>
   <div class='ocr_carea' id='block_1_4' title="bbox 276 531 1935 615">
    <p class='ocr_par' dir='ltr' id='par_1_4' title="bbox 276 531 1935 611">
     <span class='ocr_line' id='line_1_4' title="bbox 276 531 1935 611; baseline -0.001 -21"><span class='ocrx_word' id='word_1_6' title='bbox 276 538 498 607; x_wconf 80' lang='grc' dir='ltr'>στῶμεν</span> <span class='ocrx_word' id='word_1_7' title='bbox 526 532 769 595; x_wconf 83' lang='grc' dir='ltr'>ἀκλινῶς</span> <span class='ocrx_word' id='word_1_8' title='bbox 807 534 895 589; x_wconf 77' lang='grc' dir='ltr'>καὶ</span> <span class='ocrx_word' id='word_1_9' title='bbox 954 531 1206 610; x_wconf 70' lang='grc' dir='ltr'>ἱδραίωςο</span> <span class='ocrx_word' id='word_1_10' title='bbox 1270 540 1481 610; x_wconf 81' lang='grc' dir='ltr'>πῶμεν</span> <span class='ocrx_word' id='word_1_11' title='bbox 1533 534 1803 611; x_wconf 85' lang='grc' dir='ltr'>ανδρικῶς</span> <span class='ocrx_word' id='word_1_12' title='bbox 1849 533 1935 590; x_wconf 69' lang='grc' dir='ltr'>καί</span> 
     </span>
    </p>
   </div>
   <div class='ocr_carea' id='block_1_5' title="bbox 2046 531 3720 615">
    <p class='ocr_par' dir='ltr' id='par_1_5' title="bbox 2056 535 3720 615">
     <span class='ocr_line' id='line_1_5' title="bbox 2056 535 3720 615; baseline 0.005 -24"><span class='ocrx_word' id='word_1_13' title='bbox 2056 535 2215 607; x_wconf 88' lang='lat' dir='ltr'>quod</span> <span class='ocrx_word' id='word_1_14' title='bbox 2235 537 2613 592; x_wconf 76' lang='lat' dir='ltr'>constiterint</span> <span class='ocrx_word' id='word_1_15' title='bbox 2637 538 2917 595; x_wconf 88' lang='lat' dir='ltr'>adversus</span> <span class='ocrx_word' id='word_1_16' title='bbox 2947 538 3105 603; x_wconf 90' lang='lat' dir='ltr'>illos,</span> <span class='ocrx_word' id='word_1_17' title='bbox 3131 540 3230 611; x_wconf 88' lang='lat' dir='ltr'>qui</span> <span class='ocrx_word' id='word_1_18' title='bbox 3269 539 3498 597; x_wconf 80' lang='lat' dir='ltr'>illaturi</span> <span class='ocrx_word' id='word_1_19' title='bbox 3522 543 3720 615; x_wconf 81' lang='lat' dir='ltr'>potius</span> 
     </span>
    </p>
   </div>
   <div class='ocr_carea' id='block_1_6' title="bbox 275 622 1937 702">
    <p class='ocr_par' dir='ltr' id='par_1_6' title="bbox 275 622 1937 702">
     <span class='ocr_line' id='line_1_6' title="bbox 275 622 1937 702; baseline -0.001 -23"><span class='ocrx_word' id='word_1_20' title='bbox 275 622 531 695; x_wconf 71' lang='grc' dir='ltr'>γεναίευς.</span> <span class='ocrx_word' id='word_1_21' title='bbox 589 622 854 696; x_wconf 83' lang='grc' dir='ltr'>Δείξωμεν</span> <span class='ocrx_word' id='word_1_22' title='bbox 941 622 1163 700; x_wconf 81' lang='grc' dir='ltr'>ἐχθροῖς</span> <span class='ocrx_word' id='word_1_23' title='bbox 1242 624 1514 702; x_wconf 76' lang='grc' dir='ltr'>βραχίονα</span> <span class='ocrx_word' id='word_1_24' title='bbox 1597 626 1686 681; x_wconf 87' lang='grc' dir='ltr'>καὶ</span> <span class='ocrx_word' id='word_1_25' title='bbox 1754 623 1937 700; x_wconf 79' lang='grc' dir='ltr'>ἰσχύν’</span> 
     </span>
    </p>
   </div>
   <div class='ocr_carea' id='block_1_7' title="bbox 278 710 1941 789">
    <p class='ocr_par' dir='ltr' id='par_1_7' title="bbox 278 710 1941 789">
     <span class='ocr_line' id='line_1_7' title="bbox 278 710 1941 789; baseline -0.001 -21"><span class='ocrx_word' id='word_1_26' title='bbox 278 710 568 787; x_wconf 78' lang='grc' dir='ltr'>δείξωμεν,</span> <span class='ocrx_word' id='word_1_27' title='bbox 602 714 675 774; x_wconf 83' lang='grc' dir='ltr'>ὡς</span> <span class='ocrx_word' id='word_1_28' title='bbox 733 713 870 786; x_wconf 84' lang='grc' dir='ltr'>πρὸς</span> <span class='ocrx_word' id='word_1_29' title='bbox 927 713 1241 788; x_wconf 74' lang='grc' dir='ltr'>κρείσσονας</span> <span class='ocrx_word' id='word_1_30' title='bbox 1298 717 1401 784; x_wconf 76' lang='grc' dir='ltr'>τὴν</span> <span class='ocrx_word' id='word_1_31' title='bbox 1460 716 1638 788; x_wconf 81' lang='grc' dir='ltr'>ὁρμὴν</span> <span class='ocrx_word' id='word_1_32' title='bbox 1690 711 1941 789; x_wconf 82' lang='grc' dir='ltr'>ἔχουσιν,</span> 
     </span>
    </p>
   </div>
   <div class='ocr_carea' id='block_1_8' title="bbox 273 801 1941 879">
    <p class='ocr_par' dir='ltr' id='par_1_8' title="bbox 273 801 1941 879">
     <span class='ocr_line' id='line_1_8' title="bbox 273 801 1941 879; baseline -0.002 -20"><span class='ocrx_word' id='word_1_33' title='bbox 273 804 366 876; x_wconf 90' lang='grc' dir='ltr'>[Ρ.</span> <span class='ocrx_word' id='word_1_34' title='bbox 398 804 524 876; x_wconf 85' lang='grc'>163]</span> <span class='ocrx_word' id='word_1_35' title='bbox 560 802 632 864; x_wconf 83' lang='grc' dir='ltr'>ὡς</span> <span class='ocrx_word' id='word_1_36' title='bbox 667 803 805 877; x_wconf 87' lang='grc' dir='ltr'>πρὸς</span> <span class='ocrx_word' id='word_1_37' title='bbox 866 803 994 865; x_wconf 74' lang='grc' dir='ltr'>τοὺς</span> <span class='ocrx_word' id='word_1_38' title='bbox 1044 802 1271 879; x_wconf 83' lang='grc' dir='ltr'>βάλλειν</span> <span class='ocrx_word' id='word_1_39' title='bbox 1329 802 1540 877; x_wconf 78' lang='grc' dir='ltr'>μᾶλλον</span> <span class='ocrx_word' id='word_1_40' title='bbox 1574 802 1609 873; x_wconf 72' lang='grc' dir='ltr'><strong>ἢ</strong></span> <span class='ocrx_word' id='word_1_41' title='bbox 1647 801 1941 879; x_wconf 74' lang='grc' dir='ltr'>βάλλεσθαι</span> 
     </span>
    </p>
   </div>
   <div class='ocr_carea' id='block_1_9' title="bbox 286 889 1944 971">
    <p class='ocr_par' dir='ltr' id='par_1_9' title="bbox 286 889 1944 971">
     <span class='ocr_line' id='line_1_9' title="bbox 286 889 1944 971; baseline -0.001 -24"><span class='ocrx_word' id='word_1_42' title='bbox 286 890 596 965; x_wconf 63' lang='grc' dir='ltr'>μέλλοντας</span> <span class='ocrx_word' id='word_1_43' title='bbox 644 892 1098 967; x_wconf 87' lang='grc' dir='ltr'>παρατάττονται.</span> <span class='ocrx_word' id='word_1_44' title='bbox 1162 894 1251 961; x_wconf 77' lang='grc' dir='ltr'>Μή</span> <span class='ocrx_word' id='word_1_45' title='bbox 1303 894 1406 968; x_wconf 79' lang='grc' dir='ltr'>γὰρ</span> <span class='ocrx_word' id='word_1_46' title='bbox 1447 892 1598 955; x_wconf 91' lang='grc' dir='ltr'>λίθος</span> <span class='ocrx_word' id='word_1_47' title='bbox 1641 891 1799 971; x_wconf 92' lang='grc' dir='ltr'>φύσις</span> <span class='ocrx_word' id='word_1_48' title='bbox 1847 889 1944 946; x_wconf 84' lang='grc' dir='ltr'>αύ-</span> 
     </span>
    </p>
   </div>
   <div class='ocr_carea' id='block_1_10' title="bbox 285 977 1946 1057">
    <p class='ocr_par' dir='ltr' id='par_1_10' title="bbox 285 977 1946 1057">
     <span class='ocr_line' id='line_1_10' title="bbox 285 977 1946 1057; baseline 0 -22"><span class='ocrx_word' id='word_1_49' title='bbox 285 985 429 1049; x_wconf 80' lang='grc' dir='ltr'>τοῖς,</span> <span class='ocrx_word' id='word_1_50' title='bbox 459 977 494 1051; x_wconf 69' lang='grc' dir='ltr'>ἦ</span> <span class='ocrx_word' id='word_1_51' title='bbox 528 979 764 1055; x_wconf 85' lang='grc' dir='ltr'>χαλκὸς,</span> <span class='ocrx_word' id='word_1_52' title='bbox 795 981 869 1043; x_wconf 86' lang='grc' dir='ltr'>ὡς</span> <span class='ocrx_word' id='word_1_53' title='bbox 906 982 981 1054; x_wconf 79' lang='grc' dir='ltr'>μὴ</span> <span class='ocrx_word' id='word_1_54' title='bbox 1032 980 1318 1057; x_wconf 88' lang='grc' dir='ltr'>τραύματα</span> <span class='ocrx_word' id='word_1_55' title='bbox 1366 980 1644 1057; x_wconf 70' lang='grc' dir='ltr'>δέχεσθαιο</span> <span class='ocrx_word' id='word_1_56' title='bbox 1698 983 1837 1054; x_wconf 74' lang='grc' dir='ltr'>μήτε</span> <span class='ocrx_word' id='word_1_57' title='bbox 1885 979 1946 1035; x_wconf 71' lang='grc' dir='ltr'>ἐκ</span> 
     </span>
    </p>
   </div>
   <div class='ocr_carea' id='block_1_11' title="bbox 291 1067 1943 1145">
    <p class='ocr_par' dir='ltr' id='par_1_11' title="bbox 291 1067 1943 1145">
     <span class='ocr_line' id='line_1_11' title="bbox 291 1067 1943 1145; baseline -0.001 -20"><span class='ocrx_word' id='word_1_58' title='bbox 291 1067 525 1142; x_wconf 74' lang='grc' dir='ltr'>σιδήρου</span> <span class='ocrx_word' id='word_1_59' title='bbox 555 1070 618 1125; x_wconf 87' lang='grc' dir='ltr'>τὸ</span> <span class='ocrx_word' id='word_1_60' title='bbox 652 1074 835 1142; x_wconf 88' lang='grc' dir='ltr'>σῶμα,</span> <span class='ocrx_word' id='word_1_61' title='bbox 896 1071 970 1133; x_wconf 87' lang='grc' dir='ltr'>ὡς</span> <span class='ocrx_word' id='word_1_62' title='bbox 1030 1072 1107 1144; x_wconf 72' lang='grc' dir='ltr'>μή</span> <span class='ocrx_word' id='word_1_63' title='bbox 1164 1076 1244 1141; x_wconf 86' lang='grc' dir='ltr'>τῷ</span> <span class='ocrx_word' id='word_1_64' title='bbox 1301 1071 1459 1145; x_wconf 87' lang='grc' dir='ltr'>κόπῳ</span> <span class='ocrx_word' id='word_1_65' title='bbox 1515 1069 1796 1126; x_wconf 80' lang='grc' dir='ltr'>ἐκλύεσθαι</span> <span class='ocrx_word' id='word_1_66' title='bbox 1855 1070 1943 1124; x_wconf 77' lang='grc' dir='ltr'>καὶ</span> 
     </span>
    </p>
   </div>
   <div class='ocr_carea' id='block_1_12' title="bbox 290 1158 1946 1234">
    <p class='ocr_par' dir='ltr' id='par_1_12' title="bbox 290 1158 1946 1234">
     <span class='ocr_line' id='line_1_12' title="bbox 290 1158 1946 1234; baseline 0 -20"><span class='ocrx_word' id='word_1_67' title='bbox 290 1159 620 1233; x_wconf 78' lang='grc' dir='ltr'>ἀποναρκᾷν.</span> <span class='ocrx_word' id='word_1_68' title='bbox 660 1185 679 1210; x_wconf 78' lang='grc' dir='ltr'>ι</span> <span class='ocrx_word' id='word_1_69' title='bbox 729 1161 956 1234; x_wconf 81' lang='grc' dir='ltr'>Προσέτι</span> <span class='ocrx_word' id='word_1_70' title='bbox 1014 1161 1232 1224; x_wconf 88' lang='grc' dir='ltr'>τούτοις</span> <span class='ocrx_word' id='word_1_71' title='bbox 1292 1158 1659 1217; x_wconf 80' lang='grc' dir='ltr'>ὑποδεικνύων</span> <span class='ocrx_word' id='word_1_72' title='bbox 1710 1160 1799 1215; x_wconf 82' lang='grc' dir='ltr'>καὶ</span> <span class='ocrx_word' id='word_1_73' title='bbox 1846 1162 1946 1229; x_wconf 79' lang='grc' dir='ltr'>τήν</span> 
     </span>
    </p>
   </div>
   <div class='ocr_carea' id='block_1_13' title="bbox 279 1245 1947 1325">
    <p class='ocr_par' dir='ltr' id='par_1_13' title="bbox 279 1245 1947 1325">
     <span class='ocr_line' id='line_1_13' title="bbox 279 1245 1947 1325; baseline 0.006 -23"><span class='ocrx_word' id='word_1_74' title='bbox 279 1253 382 1303; x_wconf 73' lang='grc' dir='ltr'>τοῦ</span> <span class='ocrx_word' id='word_1_75' title='bbox 425 1247 601 1303; x_wconf 84' lang='grc' dir='ltr'>τόπου</span> <span class='ocrx_word' id='word_1_76' title='bbox 660 1245 1005 1324; x_wconf 66' lang='grc' dir='ltr'>δυσχέρειαν,</span> <span class='ocrx_word' id='word_1_77' title='bbox 1065 1249 1116 1305; x_wconf 80' lang='grc' dir='ltr'>ἐν</span> <span class='ocrx_word' id='word_1_78' title='bbox 1149 1249 1195 1323; x_wconf 87' lang='grc' dir='ltr'>ᾦ</span> <span class='ocrx_word' id='word_1_79' title='bbox 1230 1248 1496 1323; x_wconf 74' lang='grc' dir='ltr'>μέΛλουσι</span> <span class='ocrx_word' id='word_1_80' title='bbox 1554 1251 1691 1325; x_wconf 79' lang='grc' dir='ltr'>πρὸς</span> <span class='ocrx_word' id='word_1_81' title='bbox 1757 1251 1947 1325; x_wconf 76' lang='grc' dir='ltr'>μάχην</span> 
     </span>
    </p>
   </div>
   <div class='ocr_carea' id='block_1_14' title="bbox 277 1338 1945 1416">
    <p class='ocr_par' dir='ltr' id='par_1_14' title="bbox 277 1338 1945 1416">
     <span class='ocr_line' id='line_1_14' title="bbox 277 1338 1945 1416; baseline 0.003 -24"><span class='ocrx_word' id='word_1_82' title='bbox 277 1339 818 1412; x_wconf 76' lang='grc' dir='ltr'>παρασκευασθῆναι,</span> <span class='ocrx_word' id='word_1_83' title='bbox 851 1338 941 1394; x_wconf 73' lang='grc' dir='ltr'>καὶ</span> <span class='ocrx_word' id='word_1_84' title='bbox 975 1340 1108 1408; x_wconf 81' lang='grc' dir='ltr'>ὅσην</span> <span class='ocrx_word' id='word_1_85' title='bbox 1151 1338 1338 1403; x_wconf 77' lang='grc' dir='ltr'>αὐτοῖς</span> <span class='ocrx_word' id='word_1_86' title='bbox 1387 1339 1619 1416; x_wconf 69' lang='grc' dir='ltr'>παρέχει</span> <span class='ocrx_word' id='word_1_87' title='bbox 1670 1340 1945 1416; x_wconf 72' lang='grc' dir='ltr'>βοήθειαν.</span> 
     </span>
    </p>
   </div>
   <div class='ocr_carea' id='block_1_15' title="bbox 280 1425 1946 1505">
    <p class='ocr_par' dir='ltr' id='par_1_15' title="bbox 280 1425 1946 1505">
     <span class='ocr_line' id='line_1_15' title="bbox 280 1425 1946 1505; baseline -0.001 -21"><span class='ocrx_word' id='word_1_88' title='bbox 280 1427 435 1485; x_wconf 79' lang='grc' dir='ltr'>Μετᾶ</span> <span class='ocrx_word' id='word_1_89' title='bbox 468 1425 528 1482; x_wconf 70' lang='grc' dir='ltr'>δὲ</span> <span class='ocrx_word' id='word_1_90' title='bbox 556 1427 619 1482; x_wconf 80' lang='grc' dir='ltr'>τὸ</span> <span class='ocrx_word' id='word_1_91' title='bbox 675 1426 861 1491; x_wconf 85' lang='grc' dir='ltr'>καλῶς</span> <span class='ocrx_word' id='word_1_92' title='bbox 914 1428 1114 1491; x_wconf 76' lang='grc' dir='ltr'>αὐτοὺς</span> <span class='ocrx_word' id='word_1_93' title='bbox 1171 1431 1476 1504; x_wconf 79' lang='grc' dir='ltr'>παραθῆξαι</span> <span class='ocrx_word' id='word_1_94' title='bbox 1524 1430 1612 1485; x_wconf 78' lang='grc' dir='ltr'>καί</span> <span class='ocrx_word' id='word_1_95' title='bbox 1665 1428 1946 1505; x_wconf 79' lang='grc' dir='ltr'>διεγεῖραι,</span> 
     </span>
    </p>
   </div>
   <div class='ocr_carea' id='block_1_16' title="bbox 276 1515 1946 1596">
    <p class='ocr_par' dir='ltr' id='par_1_16' title="bbox 276 1515 1946 1596">
     <span class='ocr_line' id='line_1_16' title="bbox 276 1515 1946 1596; baseline 0.001 -25"><span class='ocrx_word' id='word_1_96' title='bbox 276 1515 370 1571; x_wconf 77' lang='grc' dir='ltr'>καὶ</span> <span class='ocrx_word' id='word_1_97' title='bbox 426 1515 878 1591; x_wconf 72' lang='grc' dir='ltr'>προθυμοτέρους</span> <span class='ocrx_word' id='word_1_98' title='bbox 929 1517 1020 1572; x_wconf 86' lang='grc' dir='ltr'>καὶ</span> <span class='ocrx_word' id='word_1_99' title='bbox 1087 1516 1540 1596; x_wconf 78' lang='grc' dir='ltr'>εύτολμωτέρους</span> <span class='ocrx_word' id='word_1_100' title='bbox 1597 1518 1946 1595; x_wconf 76' lang='grc' dir='ltr'>ἐργάσασθαι,</span> 
     </span>
    </p>
   </div>
   <div class='ocr_carea' id='block_1_17' title="bbox 275 1605 1949 1685">
    <p class='ocr_par' dir='ltr' id='par_1_17' title="bbox 275 1605 1949 1685">
     <span class='ocr_line' id='line_1_17' title="bbox 275 1605 1949 1685; baseline 0.002 -25"><span class='ocrx_word' id='word_1_101' title='bbox 275 1607 640 1677; x_wconf 69' lang='grc' dir='ltr'>καταστήσεις</span> <span class='ocrx_word' id='word_1_102' title='bbox 699 1605 896 1669; x_wconf 76' lang='grc' dir='ltr'>αὐτοὺς</span> <span class='ocrx_word' id='word_1_103' title='bbox 957 1606 1008 1662; x_wconf 78' lang='grc' dir='ltr'>ἐν</span> <span class='ocrx_word' id='word_1_104' title='bbox 1069 1607 1152 1669; x_wconf 73' lang='grc' dir='ltr'>οἷς</span> <span class='ocrx_word' id='word_1_105' title='bbox 1204 1607 1397 1670; x_wconf 83' lang='grc' dir='ltr'>τόποις</span> <span class='ocrx_word' id='word_1_106' title='bbox 1478 1608 1758 1685; x_wconf 75' lang='grc' dir='ltr'>ὀφείλουσι</span> <span class='ocrx_word' id='word_1_107' title='bbox 1832 1614 1949 1670; x_wconf 86' lang='grc' dir='ltr'>τοῖς</span> 
     </span>
    </p>
   </div>
   <div class='ocr_carea' id='block_1_18' title="bbox 281 1696 1946 1775">
    <p class='ocr_par' dir='ltr' id='par_1_18' title="bbox 281 1696 1946 1775">
     <span class='ocr_line' id='line_1_18' title="bbox 281 1696 1946 1775; baseline 0.001 -22"><span class='ocrx_word' id='word_1_108' title='bbox 281 1696 514 1774; x_wconf 74' lang='grc' dir='ltr'>ἐχθροῖς</span> <span class='ocrx_word' id='word_1_109' title='bbox 549 1697 841 1773; x_wconf 86' lang='grc' dir='ltr'>μάχεσθαι.</span> <span class='ocrx_word' id='word_1_110' title='bbox 878 1698 979 1755; x_wconf 82' lang='grc' dir='ltr'>Καὶ</span> <span class='ocrx_word' id='word_1_111' title='bbox 1034 1704 1253 1775; x_wconf 87' lang='grc' dir='ltr'>πρῶτον</span> <span class='ocrx_word' id='word_1_112' title='bbox 1317 1701 1412 1772; x_wconf 78' lang='grc' dir='ltr'>μὶν</span> <span class='ocrx_word' id='word_1_113' title='bbox 1470 1701 1540 1756; x_wconf 78' lang='grc' dir='ltr'>τά</span> <span class='ocrx_word' id='word_1_114' title='bbox 1599 1700 1786 1775; x_wconf 80' lang='grc' dir='ltr'>ὑψηλά</span> <span class='ocrx_word' id='word_1_115' title='bbox 1837 1705 1946 1756; x_wconf 90' lang='grc' dir='ltr'>τῶν</span> 
     </span>
    </p>
   </div>
   <div class='ocr_carea' id='block_1_19' title="bbox 276 1781 1944 1865">
    <p class='ocr_par' dir='ltr' id='par_1_19' title="bbox 276 1781 1944 1865">
     <span class='ocr_line' id='line_1_19' title="bbox 276 1781 1944 1865; baseline 0.002 -23"><span class='ocrx_word' id='word_1_116' title='bbox 276 1781 810 1858; x_wconf 76' lang='grc' dir='ltr'>όρὲωνκαταλαόεῖν</span> <span class='ocrx_word' id='word_1_117' title='bbox 873 1783 1014 1857; x_wconf 71' lang='grc' dir='ltr'>δέον,</span> <span class='ocrx_word' id='word_1_118' title='bbox 1074 1788 1166 1843; x_wconf 84' lang='grc' dir='ltr'>καὶ</span> <span class='ocrx_word' id='word_1_119' title='bbox 1213 1789 1386 1851; x_wconf 76' lang='grc' dir='ltr'>πασας</span> <span class='ocrx_word' id='word_1_120' title='bbox 1442 1790 1537 1852; x_wconf 76' lang='grc' dir='ltr'>τὰς</span> <span class='ocrx_word' id='word_1_121' title='bbox 1597 1786 1756 1851; x_wconf 73' lang='grc' dir='ltr'>ὁδοὺς</span> <span class='ocrx_word' id='word_1_122' title='bbox 1812 1810 1944 1865; x_wconf 81' lang='grc' dir='ltr'>κραο</span> 
     </span>
    </p>
   </div>
   <div class='ocr_carea' id='block_1_20' title="bbox 2049 623 3716 702">
    <p class='ocr_par' dir='ltr' id='par_1_20' title="bbox 2049 623 3716 702">
     <span class='ocr_line' id='line_1_20' title="bbox 2049 623 3716 702; baseline 0.005 -25"><span class='ocrx_word' id='word_1_123' title='bbox 2049 623 2172 678; x_wconf 91' lang='lat' dir='ltr'>sint</span> <span class='ocrx_word' id='word_1_124' title='bbox 2192 624 2346 682; x_wconf 72' lang='lat'>252</span> <span class='ocrx_word' id='word_1_125' title='bbox 2379 626 2530 681; x_wconf 90' lang='lat' dir='ltr'>ictus</span> <span class='ocrx_word' id='word_1_126' title='bbox 2562 642 2739 697; x_wconf 90' lang='lat' dir='ltr'>quam</span> <span class='ocrx_word' id='word_1_127' title='bbox 2779 627 3035 699; x_wconf 85' lang='lat' dir='ltr'>passuri.</span> <span class='ocrx_word' id='word_1_128' title='bbox 3098 630 3223 683; x_wconf 82' lang='lat' dir='ltr'>Non</span> <span class='ocrx_word' id='word_1_129' title='bbox 3281 634 3372 684; x_wconf 90' lang='lat' dir='ltr'>est</span> <span class='ocrx_word' id='word_1_130' title='bbox 3401 646 3474 685; x_wconf 83' lang='lat' dir='ltr'>ex</span> <span class='ocrx_word' id='word_1_131' title='bbox 3507 630 3716 702; x_wconf 79' lang='lat' dir='ltr'>lapide</span> 
     </span>
    </p>
   </div>
   <div class='ocr_carea' id='block_1_21' title="bbox 2046 715 3707 792">
    <p class='ocr_par' dir='ltr' id='par_1_21' title="bbox 2046 715 3707 792">
     <span class='ocr_line' id='line_1_21' title="bbox 2046 715 3707 792; baseline 0.005 -25"><span class='ocrx_word' id='word_1_132' title='bbox 2046 720 2263 769; x_wconf 89' lang='lat' dir='ltr'>natura</span> <span class='ocrx_word' id='word_1_133' title='bbox 2294 715 2558 782; x_wconf 90' lang='lat' dir='ltr'>illorum,</span> <span class='ocrx_word' id='word_1_134' title='bbox 2591 722 2694 771; x_wconf 91' lang='lat' dir='ltr'>aut</span> <span class='ocrx_word' id='word_1_135' title='bbox 2721 733 2792 770; x_wconf 83' lang='lat' dir='ltr'>ex</span> <span class='ocrx_word' id='word_1_136' title='bbox 2844 734 2980 784; x_wconf 73' lang='lat' dir='ltr'>aare,</span> <span class='ocrx_word' id='word_1_137' title='bbox 3014 721 3080 773; x_wconf 92' lang='lat' dir='ltr'>ut</span> <span class='ocrx_word' id='word_1_138' title='bbox 3129 717 3375 774; x_wconf 84' lang='lat' dir='ltr'>vulnera</span> <span class='ocrx_word' id='word_1_139' title='bbox 3434 720 3707 792; x_wconf 85' lang='lat' dir='ltr'>accipere</span> 
     </span>
    </p>
   </div>
   <div class='ocr_carea' id='block_1_22' title="bbox 2047 806 3708 880">
    <p class='ocr_par' dir='ltr' id='par_1_22' title="bbox 2047 806 3708 880">
     <span class='ocr_line' id='line_1_22' title="bbox 2047 806 3708 880; baseline 0.005 -22"><span class='ocrx_word' id='word_1_140' title='bbox 2047 820 2168 859; x_wconf 92' lang='lat' dir='ltr'>non</span> <span class='ocrx_word' id='word_1_141' title='bbox 2201 806 2472 876; x_wconf 77' lang='lat' dir='ltr'>possint:</span> <span class='ocrx_word' id='word_1_142' title='bbox 2507 822 2703 877; x_wconf 91' lang='lat' dir='ltr'>neque</span> <span class='ocrx_word' id='word_1_143' title='bbox 2735 822 2805 860; x_wconf 86' lang='lat' dir='ltr'>ex</span> <span class='ocrx_word' id='word_1_144' title='bbox 2832 806 2990 861; x_wconf 83' lang='lat' dir='ltr'>ferro</span> <span class='ocrx_word' id='word_1_145' title='bbox 3023 823 3257 880; x_wconf 90' lang='lat' dir='ltr'>corpus,</span> <span class='ocrx_word' id='word_1_146' title='bbox 3295 814 3361 863; x_wconf 93' lang='lat' dir='ltr'>ut</span> <span class='ocrx_word' id='word_1_147' title='bbox 3401 809 3708 867; x_wconf 76' lang='lat' dir='ltr'>laboribus</span> 
     </span>
    </p>
   </div>
   <div class='ocr_carea' id='block_1_23' title="bbox 2047 895 3704 967">
    <p class='ocr_par' dir='ltr' id='par_1_23' title="bbox 2047 895 3704 967">
     <span class='ocr_line' id='line_1_23' title="bbox 2047 895 3704 967; baseline 0.003 -18"><span class='ocrx_word' id='word_1_148' title='bbox 2047 911 2171 949; x_wconf 93' lang='lat' dir='ltr'>non</span> <span class='ocrx_word' id='word_1_149' title='bbox 2201 895 2525 967; x_wconf 85' lang='lat' dir='ltr'>fragantur,</span> <span class='ocrx_word' id='word_1_150' title='bbox 2566 911 2762 966; x_wconf 86' lang='lat' dir='ltr'>neque</span> <span class='ocrx_word' id='word_1_151' title='bbox 2809 900 3058 967; x_wconf 77' lang='lat' dir='ltr'>torpeat.</span> <span class='ocrx_word' id='word_1_152' title='bbox 3098 918 3126 946; x_wconf 71' lang='grc' dir='ltr'>η</span> <span class='ocrx_word' id='word_1_153' title='bbox 3156 898 3373 954; x_wconf 75' lang='lat' dir='ltr'>Adhaac</span> <span class='ocrx_word' id='word_1_154' title='bbox 3431 905 3704 955; x_wconf 89' lang='lat' dir='ltr'>monstra</span> 
     </span>
    </p>
   </div>
   <div class='ocr_carea' id='block_1_24' title="bbox 2047 984 3699 1057">
    <p class='ocr_par' dir='ltr' id='par_1_24' title="bbox 2047 984 3699 1057">
     <span class='ocr_line' id='line_1_24' title="bbox 2047 984 3699 1057; baseline 0.003 -18"><span class='ocrx_word' id='word_1_155' title='bbox 2047 984 2168 1040; x_wconf 89' lang='lat' dir='ltr'>illis</span> <span class='ocrx_word' id='word_1_156' title='bbox 2201 985 2490 1054; x_wconf 90' lang='lat' dir='ltr'>locorum,</span> <span class='ocrx_word' id='word_1_157' title='bbox 2524 985 2623 1041; x_wconf 90' lang='lat' dir='ltr'>ubi</span> <span class='ocrx_word' id='word_1_158' title='bbox 2646 986 2721 1041; x_wconf 90' lang='lat' dir='ltr'>ad</span> <span class='ocrx_word' id='word_1_159' title='bbox 2751 987 3019 1057; x_wconf 64' lang='lat' dir='ltr'>praelium</span> <span class='ocrx_word' id='word_1_160' title='bbox 3049 988 3536 1057; x_wconf 35' lang='lat' dir='ltr'>‘adornabuntur,</span> <span class='ocrx_word' id='word_1_161' title='bbox 3576 990 3699 1045; x_wconf 91' lang='lat' dir='ltr'>dif-</span> 
     </span>
    </p>
   </div>
   <div class='ocr_carea' id='block_1_25' title="bbox 2050 1074 3697 1146">
    <p class='ocr_par' dir='ltr' id='par_1_25' title="bbox 2050 1074 3697 1146">
     <span class='ocr_line' id='line_1_25' title="bbox 2050 1074 3697 1146; baseline 0.003 -18"><span class='ocrx_word' id='word_1_162' title='bbox 2050 1074 2397 1140; x_wconf 78' lang='lat' dir='ltr'>ﬁcultatem,</span> <span class='ocrx_word' id='word_1_163' title='bbox 2429 1080 2488 1129; x_wconf 93' lang='lat' dir='ltr'>et</span> <span class='ocrx_word' id='word_1_164' title='bbox 2515 1080 2799 1145; x_wconf 85' lang='lat' dir='ltr'>quantam</span> <span class='ocrx_word' id='word_1_165' title='bbox 2824 1075 2897 1130; x_wconf 89' lang='lat' dir='ltr'>iis</span> <span class='ocrx_word' id='word_1_166' title='bbox 2922 1092 3094 1146; x_wconf 89' lang='lat' dir='ltr'>opem</span> <span class='ocrx_word' id='word_1_167' title='bbox 3128 1076 3321 1132; x_wconf 87' lang='lat' dir='ltr'>latura</span> <span class='ocrx_word' id='word_1_168' title='bbox 3351 1078 3445 1132; x_wconf 86' lang='lat' dir='ltr'>sit.</span> <span class='ocrx_word' id='word_1_169' title='bbox 3480 1079 3568 1133; x_wconf 88' lang='lat' dir='ltr'>Ita</span> <span class='ocrx_word' id='word_1_170' title='bbox 3595 1077 3697 1133; x_wconf 92' lang='lat' dir='ltr'>ubi</span> 
     </span>
    </p>
   </div>
   <div class='ocr_carea' id='block_1_26' title="bbox 2048 1163 3705 1239">
    <p class='ocr_par' dir='ltr' id='par_1_26' title="bbox 2048 1163 3705 1239">
     <span class='ocr_line' id='line_1_26' title="bbox 2048 1163 3705 1239; baseline 0.003 -21"><span class='ocrx_word' id='word_1_171' title='bbox 2048 1164 2184 1218; x_wconf 90' lang='lat' dir='ltr'>illos</span> <span class='ocrx_word' id='word_1_172' title='bbox 2215 1163 2398 1236; x_wconf 86' lang='lat' dir='ltr'>probe</span> <span class='ocrx_word' id='word_1_173' title='bbox 2451 1164 2661 1219; x_wconf 86' lang='lat' dir='ltr'>acuisti</span> <span class='ocrx_word' id='word_1_174' title='bbox 2716 1170 2892 1235; x_wconf 88' lang='lat' dir='ltr'>atque</span> <span class='ocrx_word' id='word_1_175' title='bbox 2932 1166 3222 1232; x_wconf 87' lang='lat' dir='ltr'>excitasti,</span> <span class='ocrx_word' id='word_1_176' title='bbox 3256 1169 3585 1239; x_wconf 85' lang='lat' dir='ltr'>paratiores</span> <span class='ocrx_word' id='word_1_177' title='bbox 3644 1172 3705 1223; x_wconf 91' lang='lat' dir='ltr'>et</span> 
     </span>
    </p>
   </div>
   <div class='ocr_carea' id='block_1_27' title="bbox 2048 1253 3706 1326">
    <p class='ocr_par' dir='ltr' id='par_1_27' title="bbox 2048 1253 3706 1326">
     <span class='ocr_line' id='line_1_27' title="bbox 2048 1253 3706 1326; baseline 0.002 -18"><span class='ocrx_word' id='word_1_178' title='bbox 2048 1253 2429 1308; x_wconf 81' lang='lat' dir='ltr'>audentiores</span> <span class='ocrx_word' id='word_1_179' title='bbox 2443 1253 2627 1309; x_wconf 87' lang='lat' dir='ltr'>factos</span> <span class='ocrx_word' id='word_1_180' title='bbox 2650 1255 2977 1309; x_wconf 85' lang='lat' dir='ltr'>constitues</span> <span class='ocrx_word' id='word_1_181' title='bbox 3000 1254 3061 1309; x_wconf 92' lang='lat' dir='ltr'>in</span> <span class='ocrx_word' id='word_1_182' title='bbox 3081 1255 3295 1326; x_wconf 89' lang='lat' dir='ltr'>quibus</span> <span class='ocrx_word' id='word_1_183' title='bbox 3314 1256 3459 1312; x_wconf 91' lang='lat' dir='ltr'>locis</span> <span class='ocrx_word' id='word_1_184' title='bbox 3481 1257 3706 1311; x_wconf 90' lang='lat' dir='ltr'>debent</span> 
     </span>
    </p>
   </div>
   <div class='ocr_carea' id='block_1_28' title="bbox 2049 1342 3699 1418">
    <p class='ocr_par' dir='ltr' id='par_1_28' title="bbox 2049 1342 3699 1418">
     <span class='ocr_line' id='line_1_28' title="bbox 2049 1342 3699 1418; baseline 0.002 -21"><span class='ocrx_word' id='word_1_185' title='bbox 2049 1360 2182 1398; x_wconf 90' lang='lat' dir='ltr'>cum</span> <span class='ocrx_word' id='word_1_186' title='bbox 2203 1342 2473 1397; x_wconf 86' lang='lat' dir='ltr'>hostibus</span> <span class='ocrx_word' id='word_1_187' title='bbox 2486 1343 2829 1416; x_wconf 81' lang='lat' dir='ltr'>confligere.</span> <span class='ocrx_word' id='word_1_188' title='bbox 2873 1346 2953 1399; x_wconf 84' lang='lat' dir='ltr'>Ac</span> <span class='ocrx_word' id='word_1_189' title='bbox 2986 1344 3179 1416; x_wconf 89' lang='lat' dir='ltr'>primo</span> <span class='ocrx_word' id='word_1_190' title='bbox 3198 1346 3439 1417; x_wconf 88' lang='lat' dir='ltr'>quidem</span> <span class='ocrx_word' id='word_1_191' title='bbox 3462 1346 3699 1418; x_wconf 87' lang='lat' dir='ltr'>fastigia</span> 
     </span>
    </p>
   </div>
   <div class='ocr_carea' id='block_1_29' title="bbox 2049 1432 3702 1506">
    <p class='ocr_par' dir='ltr' id='par_1_29' title="bbox 2049 1432 3702 1506">
     <span class='ocr_line' id='line_1_29' title="bbox 2049 1432 3702 1506; baseline 0.004 -21"><span class='ocrx_word' id='word_1_192' title='bbox 2049 1432 2345 1486; x_wconf 90' lang='lat' dir='ltr'>montium</span> <span class='ocrx_word' id='word_1_193' title='bbox 2377 1449 2667 1503; x_wconf 90' lang='lat' dir='ltr'>occupare</span> <span class='ocrx_word' id='word_1_194' title='bbox 2714 1450 2959 1488; x_wconf 90' lang='lat' dir='ltr'>necesse</span> <span class='ocrx_word' id='word_1_195' title='bbox 2992 1439 3101 1497; x_wconf 80' lang='lat' dir='ltr'>est.</span> <span class='ocrx_word' id='word_1_196' title='bbox 3136 1435 3468 1506; x_wconf 84' lang='lat' dir='ltr'>itineraque</span> <span class='ocrx_word' id='word_1_197' title='bbox 3499 1436 3702 1491; x_wconf 89' lang='lat' dir='ltr'>omnia</span> 
     </span>
    </p>
   </div>
   <div class='ocr_carea' id='block_1_30' title="bbox 2048 1520 3702 1595">
    <p class='ocr_par' dir='ltr' id='par_1_30' title="bbox 2048 1520 3702 1595">
     <span class='ocr_line' id='line_1_30' title="bbox 2048 1520 3702 1595; baseline 0.003 -20"><span class='ocrx_word' id='word_1_198' title='bbox 2048 1520 2323 1576; x_wconf 86' lang='lat' dir='ltr'>obsidere</span> <span class='ocrx_word' id='word_1_199' title='bbox 2344 1537 2412 1576; x_wconf 88' lang='lat' dir='ltr'>ac</span> <span class='ocrx_word' id='word_1_200' title='bbox 2440 1522 2699 1578; x_wconf 82' lang='lat' dir='ltr'>ﬁrmare.</span> <span class='ocrx_word' id='word_1_201' title='bbox 2726 1523 2970 1594; x_wconf 82' lang='lat' dir='ltr'>Equites</span> <span class='ocrx_word' id='word_1_202' title='bbox 2998 1523 3300 1595; x_wconf 89' lang='lat' dir='ltr'>peditibus</span> <span class='ocrx_word' id='word_1_203' title='bbox 3327 1525 3566 1579; x_wconf 85' lang='lat' dir='ltr'>admisti</span> <span class='ocrx_word' id='word_1_204' title='bbox 3590 1526 3702 1581; x_wconf 84' lang='lat' dir='ltr'>sic-</span> 
     </span>
    </p>
   </div>
   <div class='ocr_carea' id='block_1_31' title="bbox 2050 1609 3708 1684">
    <p class='ocr_par' dir='ltr' id='par_1_31' title="bbox 2050 1609 3708 1684">
     <span class='ocr_line' id='line_1_31' title="bbox 2050 1609 3708 1684; baseline 0.004 -20"><span class='ocrx_word' id='word_1_205' title='bbox 2050 1610 2153 1665; x_wconf 90' lang='lat' dir='ltr'>ubi</span> <span class='ocrx_word' id='word_1_206' title='bbox 2184 1609 2503 1683; x_wconf 85' lang='lat' dir='ltr'>conﬂigere</span> <span class='ocrx_word' id='word_1_207' title='bbox 2536 1617 2803 1681; x_wconf 90' lang='lat' dir='ltr'>possunt,</span> <span class='ocrx_word' id='word_1_208' title='bbox 2846 1612 2956 1667; x_wconf 93' lang='lat' dir='ltr'>hos</span> <span class='ocrx_word' id='word_1_209' title='bbox 2989 1629 3228 1684; x_wconf 89' lang='lat' dir='ltr'>quoque</span> <span class='ocrx_word' id='word_1_210' title='bbox 3278 1613 3426 1670; x_wconf 90' lang='lat' dir='ltr'>locis</span> <span class='ocrx_word' id='word_1_211' title='bbox 3474 1614 3708 1670; x_wconf 87' lang='lat' dir='ltr'>idoneis</span> 
     </span>
    </p>
   </div>
   <div class='ocr_carea' id='block_1_32' title="bbox 2052 1698 3707 1773">
    <p class='ocr_par' dir='ltr' id='par_1_32' title="bbox 2052 1698 3707 1773">
     <span class='ocr_line' id='line_1_32' title="bbox 2052 1698 3707 1773; baseline 0.002 -18"><span class='ocrx_word' id='word_1_212' title='bbox 2052 1700 2398 1755; x_wconf 89' lang='lat' dir='ltr'>constitues.</span> <span class='ocrx_word' id='word_1_213' title='bbox 2458 1698 2645 1755; x_wconf 88' lang='lat' dir='ltr'>Debes</span> <span class='ocrx_word' id='word_1_214' title='bbox 2706 1699 2964 1772; x_wconf 84' lang='lat' dir='ltr'>denique</span> <span class='ocrx_word' id='word_1_215' title='bbox 3022 1701 3273 1773; x_wconf 83' lang='lat' dir='ltr'>singulis</span> <span class='ocrx_word' id='word_1_216' title='bbox 3306 1702 3421 1757; x_wconf 88' lang='lat' dir='ltr'>tuis</span> <span class='ocrx_word' id='word_1_217' title='bbox 3467 1703 3707 1759; x_wconf 89' lang='lat' dir='ltr'>aciebus</span> 
     </span>
    </p>
   </div>
   <div class='ocr_carea' id='block_1_33' title="bbox 2053 1787 3706 1861">
    <p class='ocr_par' dir='ltr' id='par_1_33' title="bbox 2053 1787 3706 1861">
     <span class='ocr_line' id='line_1_33' title="bbox 2053 1787 3706 1861; baseline 0.001 -17"><span class='ocrx_word' id='word_1_218' title='bbox 2053 1789 2234 1844; x_wconf 90' lang='lat' dir='ltr'>duces</span> <span class='ocrx_word' id='word_1_219' title='bbox 2264 1787 2481 1860; x_wconf 89' lang='lat' dir='ltr'>probos</span> <span class='ocrx_word' id='word_1_220' title='bbox 2509 1788 2835 1860; x_wconf 77' lang='lat' dir='ltr'>praeﬁcere,</span> <span class='ocrx_word' id='word_1_221' title='bbox 2868 1794 3204 1861; x_wconf 82' lang='lat' dir='ltr'>caeteraque</span> <span class='ocrx_word' id='word_1_222' title='bbox 3247 1792 3451 1846; x_wconf 85' lang='lat' dir='ltr'>omnia</span> <span class='ocrx_word' id='word_1_223' title='bbox 3500 1792 3706 1848; x_wconf 89' lang='lat' dir='ltr'>obser-</span> 
     </span>
    </p>
   </div>
   <div class='ocr_carea' id='block_1_34' title="bbox 284 1874 1935 1974">
    <p class='ocr_par' dir='ltr' id='par_1_34' title="bbox 284 1874 1935 1955">
     <span class='ocr_line' id='line_1_34' title="bbox 284 1874 1935 1955; baseline 0.002 -24"><span class='ocrx_word' id='word_1_224' title='bbox 284 1884 452 1945; x_wconf 78' lang='grc' dir='ltr'>τῆσαι</span> <span class='ocrx_word' id='word_1_225' title='bbox 483 1876 571 1931; x_wconf 78' lang='grc' dir='ltr'>καί</span> <span class='ocrx_word' id='word_1_226' title='bbox 608 1874 1026 1953; x_wconf 86' lang='grc' dir='ltr'>ἀσφαλίσασθαι.</span> <span class='ocrx_word' id='word_1_227' title='bbox 1088 1879 1179 1935; x_wconf 82' lang='grc' dir='ltr'>Ἐν</span> <span class='ocrx_word' id='word_1_228' title='bbox 1236 1880 1318 1940; x_wconf 77' lang='grc' dir='ltr'>οἷς</span> <span class='ocrx_word' id='word_1_229' title='bbox 1375 1875 1432 1933; x_wconf 75' lang='grc' dir='ltr'>δὶ</span> <span class='ocrx_word' id='word_1_230' title='bbox 1477 1878 1567 1934; x_wconf 78' lang='grc' dir='ltr'>καί</span> <span class='ocrx_word' id='word_1_231' title='bbox 1625 1880 1811 1943; x_wconf 66' lang='grc' dir='ltr'>ἱππεῖς</span> <span class='ocrx_word' id='word_1_232' title='bbox 1856 1878 1935 1955; x_wconf 80' lang='grc' dir='ltr'>ἐγ-</span> 
     </span>
    </p>
   </div>
   <div class='ocr_carea' id='block_1_35' title="bbox 2046 1874 3699 1974">
    <p class='ocr_par' dir='ltr' id='par_1_35' title="bbox 2051 1878 3699 1949">
     <span class='ocr_line' id='line_1_35' title="bbox 2051 1878 3699 1949; baseline 0.004 -20"><span class='ocrx_word' id='word_1_233' title='bbox 2051 1894 2188 1933; x_wconf 85' lang='lat' dir='ltr'>vare</span> <span class='ocrx_word' id='word_1_234' title='bbox 2219 1883 2277 1932; x_wconf 93' lang='lat' dir='ltr'>et</span> <span class='ocrx_word' id='word_1_235' title='bbox 2331 1878 2547 1945; x_wconf 85' lang='lat' dir='ltr'>facere,</span> <span class='ocrx_word' id='word_1_236' title='bbox 2583 1895 2714 1949; x_wconf 67' lang='lat' dir='ltr'>quas</span> <span class='ocrx_word' id='word_1_237' title='bbox 2746 1894 2781 1933; x_wconf 90' lang='lat' dir='ltr'>a</span> <span class='ocrx_word' id='word_1_238' title='bbox 2809 1879 3104 1949; x_wconf 88' lang='lat' dir='ltr'>principio</span> <span class='ocrx_word' id='word_1_239' title='bbox 3141 1881 3576 1946; x_wconf 84' lang='lat' dir='ltr'>commentarii,</span> <span class='ocrx_word' id='word_1_240' title='bbox 3634 1882 3699 1936; x_wconf 92' lang='lat' dir='ltr'>in</span> 
     </span>
    </p>
   </div>
   <div class='ocr_carea' id='block_1_36' title="bbox 285 1964 1936 2041">
    <p class='ocr_par' dir='ltr' id='par_1_36' title="bbox 285 1964 1936 2041">
     <span class='ocr_line' id='line_1_36' title="bbox 285 1964 1936 2041; baseline 0.002 -22"><span class='ocrx_word' id='word_1_241' title='bbox 285 1970 467 2041; x_wconf 86' lang='grc' dir='ltr'>χωρεῖ</span> <span class='ocrx_word' id='word_1_242' title='bbox 525 1964 618 2019; x_wconf 80' lang='grc' dir='ltr'>σὺν</span> <span class='ocrx_word' id='word_1_243' title='bbox 670 1969 788 2026; x_wconf 89' lang='grc' dir='ltr'>τοῖς</span> <span class='ocrx_word' id='word_1_244' title='bbox 844 1969 1029 2035; x_wconf 84' lang='grc' dir='ltr'>πεζοῖς</span> <span class='ocrx_word' id='word_1_245' title='bbox 1084 1968 1379 2041; x_wconf 85' lang='grc' dir='ltr'>μάχεσθαι,</span> <span class='ocrx_word' id='word_1_246' title='bbox 1435 1969 1789 2039; x_wconf 76' lang='grc' dir='ltr'>καταστήσεις</span> <span class='ocrx_word' id='word_1_247' title='bbox 1845 1968 1936 2024; x_wconf 76' lang='grc' dir='ltr'>καὶ</span> 
     </span>
    </p>
   </div>
   <div class='ocr_carea' id='block_1_37' title="bbox 279 2050 1937 2124">
    <p class='ocr_par' dir='ltr' id='par_1_37' title="bbox 279 2050 1937 2124">
     <span class='ocr_line' id='line_1_37' title="bbox 279 2050 1937 2124; baseline 0.001 -15"><span class='ocrx_word' id='word_1_248' title='bbox 279 2053 480 2116; x_wconf 68' lang='grc' dir='ltr'>αὐτοὺς</span> <span class='ocrx_word' id='word_1_249' title='bbox 538 2052 591 2108; x_wconf 79' lang='grc' dir='ltr'>ἐν</span> <span class='ocrx_word' id='word_1_250' title='bbox 655 2050 988 2124; x_wconf 68' lang='grc' dir='ltr'>ἐπιτηδείοις</span> <span class='ocrx_word' id='word_1_251' title='bbox 1042 2054 1254 2119; x_wconf 87' lang='grc' dir='ltr'>τόποις.</span> <span class='ocrx_word' id='word_1_252' title='bbox 1345 2057 1429 2111; x_wconf 85' lang='grc' dir='ltr'>Ἐν</span> <span class='ocrx_word' id='word_1_253' title='bbox 1485 2054 1679 2120; x_wconf 79' lang='grc' dir='ltr'>πάσαις</span> <span class='ocrx_word' id='word_1_254' title='bbox 1728 2053 1785 2111; x_wconf 81' lang='grc' dir='ltr'><strong>δέ</strong></span> <span class='ocrx_word' id='word_1_255' title='bbox 1841 2078 1937 2111; x_wconf 92' lang='grc' dir='ltr'>σου</span> 
     </span>
    </p>
   </div>
   <div class='ocr_carea' id='block_1_38' title="bbox 272 2143 1935 2221">
    <p class='ocr_par' dir='ltr' id='par_1_38' title="bbox 272 2143 1935 2221">
     <span class='ocr_line' id='line_1_38' title="bbox 272 2143 1935 2221; baseline 0 -21"><span class='ocrx_word' id='word_1_256' title='bbox 272 2150 397 2206; x_wconf 85' lang='grc' dir='ltr'>ταῖς</span> <span class='ocrx_word' id='word_1_257' title='bbox 431 2143 791 2217; x_wconf 74' lang='grc' dir='ltr'>παρατάξεσιν</span> <span class='ocrx_word' id='word_1_258' title='bbox 852 2143 1138 2220; x_wconf 80' lang='grc' dir='ltr'>ἀρχηγοὺς</span> <span class='ocrx_word' id='word_1_259' title='bbox 1195 2149 1304 2200; x_wconf 91' lang='grc' dir='ltr'>τῶν</span> <span class='ocrx_word' id='word_1_260' title='bbox 1362 2145 1659 2221; x_wconf 87' lang='grc' dir='ltr'>χρησίμων</span> <span class='ocrx_word' id='word_1_261' title='bbox 1710 2145 1935 2217; x_wconf 82' lang='grc' dir='ltr'>ἐπιστῆ-</span> 
     </span>
    </p>
   </div>
   <div class='ocr_carea' id='block_1_39' title="bbox 268 2230 1934 2312">
    <p class='ocr_par' dir='ltr' id='par_1_39' title="bbox 268 2230 1934 2312">
     <span class='ocr_line' id='line_1_39' title="bbox 268 2230 1934 2312; baseline 0.001 -23"><span class='ocrx_word' id='word_1_262' title='bbox 268 2234 356 2289; x_wconf 83' lang='grc' dir='ltr'>σαί</span> <span class='ocrx_word' id='word_1_263' title='bbox 392 2254 449 2288; x_wconf 75' lang='grc' dir='ltr'>σε</span> <span class='ocrx_word' id='word_1_264' title='bbox 501 2230 606 2303; x_wconf 90' lang='grc' dir='ltr'>δεῖ,</span> <span class='ocrx_word' id='word_1_265' title='bbox 656 2232 748 2288; x_wconf 77' lang='grc' dir='ltr'>καὶ</span> <span class='ocrx_word' id='word_1_266' title='bbox 804 2231 987 2289; x_wconf 75' lang='grc' dir='ltr'>τᾶλλα</span> <span class='ocrx_word' id='word_1_267' title='bbox 1044 2232 1222 2289; x_wconf 82' lang='grc' dir='ltr'>πάντα</span> <span class='ocrx_word' id='word_1_268' title='bbox 1279 2232 1509 2312; x_wconf 82' lang='grc' dir='ltr'>φυλάξαι</span> <span class='ocrx_word' id='word_1_269' title='bbox 1568 2234 1659 2290; x_wconf 84' lang='grc' dir='ltr'>καὶ</span> <span class='ocrx_word' id='word_1_270' title='bbox 1717 2238 1934 2310; x_wconf 80' lang='grc' dir='ltr'>πρᾶξαι,</span> 
     </span>
    </p>
   </div>
   <div class='ocr_carea' id='block_1_40' title="bbox 273 2319 1935 2398">
    <p class='ocr_par' dir='ltr' id='par_1_40' title="bbox 273 2319 1935 2398">
     <span class='ocr_line' id='line_1_40' title="bbox 273 2319 1935 2398; baseline 0.001 -20"><span class='ocrx_word' id='word_1_271' title='bbox 273 2323 376 2378; x_wconf 74' lang='grc' dir='ltr'>ὅσα</span> <span class='ocrx_word' id='word_1_272' title='bbox 410 2321 461 2377; x_wconf 79' lang='grc' dir='ltr'>ἐν</span> <span class='ocrx_word' id='word_1_273' title='bbox 496 2322 648 2398; x_wconf 81' lang='grc' dir='ltr'>ἀρχῇ</span> <span class='ocrx_word' id='word_1_274' title='bbox 678 2324 775 2376; x_wconf 79' lang='grc' dir='ltr'>τοῦ</span> <span class='ocrx_word' id='word_1_275' title='bbox 806 2319 981 2396; x_wconf 87' lang='grc' dir='ltr'>λόγου</span> <span class='ocrx_word' id='word_1_276' title='bbox 1012 2324 1135 2396; x_wconf 80' lang='grc' dir='ltr'>περί</span> <span class='ocrx_word' id='word_1_277' title='bbox 1162 2327 1281 2393; x_wconf 74' lang='grc' dir='ltr'>τοῦ,</span> <span class='ocrx_word' id='word_1_278' title='bbox 1310 2328 1429 2386; x_wconf 87' lang='grc' dir='ltr'>πῶς</span> <span class='ocrx_word' id='word_1_279' title='bbox 1468 2320 1553 2379; x_wconf 83' lang='grc' dir='ltr'>δεῖ</span> <span class='ocrx_word' id='word_1_280' title='bbox 1596 2329 1714 2387; x_wconf 84' lang='grc' dir='ltr'>τοῖς</span> <span class='ocrx_word' id='word_1_281' title='bbox 1768 2324 1935 2380; x_wconf 85' lang='grc' dir='ltr'>πολε-</span> 
     </span>
    </p>
   </div>
   <div class='ocr_carea' id='block_1_41' title="bbox 287 2406 1932 2487">
    <p class='ocr_par' dir='ltr' id='par_1_41' title="bbox 287 2406 1932 2487">
     <span class='ocr_line' id='line_1_41' title="bbox 287 2406 1932 2487; baseline 0.002 -21"><span class='ocrx_word' id='word_1_282' title='bbox 287 2413 441 2484; x_wconf 78' lang='grc' dir='ltr'>μίοις</span> <span class='ocrx_word' id='word_1_283' title='bbox 500 2409 552 2465; x_wconf 82' lang='grc' dir='ltr'>ὲν</span> <span class='ocrx_word' id='word_1_284' title='bbox 608 2415 731 2471; x_wconf 88' lang='grc' dir='ltr'>ταῖς</span> <span class='ocrx_word' id='word_1_285' title='bbox 786 2406 1120 2486; x_wconf 85' lang='grc' dir='ltr'>δυσχωρίαις</span> <span class='ocrx_word' id='word_1_286' title='bbox 1184 2410 1475 2487; x_wconf 87' lang='grc' dir='ltr'>μάχεσθαι,</span> <span class='ocrx_word' id='word_1_287' title='bbox 1534 2412 1813 2486; x_wconf 80' lang='grc' dir='ltr'>ἐξεθὲμεθα</span> <span class='ocrx_word' id='word_1_288' title='bbox 1867 2416 1932 2470; x_wconf 82' lang='grc'>⁸⁸.</span> 
     </span>
    </p>
   </div>
   <div class='ocr_carea' id='block_1_42' title="bbox 284 2496 1935 2575">
    <p class='ocr_par' dir='ltr' id='par_1_42' title="bbox 284 2496 1935 2575">
     <span class='ocr_line' id='line_1_42' title="bbox 284 2496 1935 2575; baseline 0.001 -18"><span class='ocrx_word' id='word_1_289' title='bbox 284 2504 414 2558; x_wconf 83' lang='grc' dir='ltr'>Τῶν</span> <span class='ocrx_word' id='word_1_290' title='bbox 456 2497 514 2555; x_wconf 75' lang='grc' dir='ltr'>δὲ</span> <span class='ocrx_word' id='word_1_291' title='bbox 572 2497 856 2572; x_wconf 79' lang='grc' dir='ltr'>πολεμίων</span> <span class='ocrx_word' id='word_1_292' title='bbox 915 2497 1170 2570; x_wconf 81' lang='grc' dir='ltr'>πλησίων</span> <span class='ocrx_word' id='word_1_293' title='bbox 1230 2496 1787 2575; x_wconf 76' lang='grc' dir='ltr'>καταλαμϐανόντων,</span> <span class='ocrx_word' id='word_1_294' title='bbox 1844 2503 1935 2558; x_wconf 88' lang='grc' dir='ltr'>καὶ</span> 
     </span>
    </p>
   </div>
   <div class='ocr_carea' id='block_1_43' title="bbox 286 2589 1933 2669">
    <p class='ocr_par' dir='ltr' id='par_1_43' title="bbox 286 2589 1933 2669">
     <span class='ocr_line' id='line_1_43' title="bbox 286 2589 1933 2669; baseline 0.001 -25"><span class='ocrx_word' id='word_1_295' title='bbox 286 2589 628 2662; x_wconf 63' lang='grc' dir='ltr'>αἶσθομὲνων</span> <span class='ocrx_word' id='word_1_296' title='bbox 679 2595 779 2658; x_wconf 80' lang='grc' dir='ltr'>τῆς</span> <span class='ocrx_word' id='word_1_297' title='bbox 838 2590 985 2663; x_wconf 87' lang='grc' dir='ltr'>παρά</span> <span class='ocrx_word' id='word_1_298' title='bbox 1042 2594 1139 2644; x_wconf 77' lang='grc' dir='ltr'>σοῦ</span> <span class='ocrx_word' id='word_1_299' title='bbox 1194 2593 1495 2666; x_wconf 70' lang='grc' dir='ltr'>γενομένης</span> <span class='ocrx_word' id='word_1_300' title='bbox 1558 2590 1852 2669; x_wconf 78' lang='grc' dir='ltr'>ἀσφαλείας</span> <span class='ocrx_word' id='word_1_301' title='bbox 1880 2592 1933 2647; x_wconf 76' lang='grc' dir='ltr'>ἐν</span> 
     </span>
    </p>
   </div>
   <div class='ocr_carea' id='block_1_44' title="bbox 274 2677 1932 2755">
    <p class='ocr_par' dir='ltr' id='par_1_44' title="bbox 274 2677 1932 2755">
     <span class='ocr_line' id='line_1_44' title="bbox 274 2677 1932 2755; baseline 0.001 -20"><span class='ocrx_word' id='word_1_302' title='bbox 274 2683 349 2753; x_wconf 68' lang='grc' dir='ltr'>τῇ</span> <span class='ocrx_word' id='word_1_303' title='bbox 380 2678 509 2749; x_wconf 54' lang='grc' dir='ltr'>ὁδῷ,</span> <span class='ocrx_word' id='word_1_304' title='bbox 562 2679 651 2733; x_wconf 79' lang='grc' dir='ltr'>καὶ</span> <span class='ocrx_word' id='word_1_305' title='bbox 711 2678 785 2740; x_wconf 83' lang='grc' dir='ltr'>ὡς</span> <span class='ocrx_word' id='word_1_306' title='bbox 846 2679 1142 2754; x_wconf 75' lang='grc' dir='ltr'>ἀμήχανον</span> <span class='ocrx_word' id='word_1_307' title='bbox 1204 2677 1440 2744; x_wconf 84' lang='grc' dir='ltr'>διελθεῖν</span> <span class='ocrx_word' id='word_1_308' title='bbox 1496 2681 1720 2748; x_wconf 82' lang='grc' dir='ltr'>αὐτοὺς,</span> <span class='ocrx_word' id='word_1_309' title='bbox 1782 2682 1932 2755; x_wconf 78' lang='grc' dir='ltr'>εὶπερ</span> 
     </span>
    </p>
   </div>
   <div class='ocr_carea' id='block_1_45' title="bbox 283 2762 1930 2843">
    <p class='ocr_par' dir='ltr' id='par_1_45' title="bbox 283 2762 1930 2843">
     <span class='ocr_line' id='line_1_45' title="bbox 283 2762 1930 2843; baseline 0.002 -21"><span class='ocrx_word' id='word_1_310' title='bbox 283 2762 744 2840; x_wconf 58' lang='grc' dir='ltr'>παραδολὼτερον</span> <span class='ocrx_word' id='word_1_311' title='bbox 800 2771 961 2822; x_wconf 75' lang='grc' dir='ltr'>τούτο</span> <span class='ocrx_word' id='word_1_312' title='bbox 1016 2768 1360 2841; x_wconf 72' lang='grc' dir='ltr'>τολμήσουσι</span> <span class='ocrx_word' id='word_1_313' title='bbox 1420 2770 1638 2843; x_wconf 82' lang='grc' dir='ltr'>πρᾶξαι,</span> <span class='ocrx_word' id='word_1_314' title='bbox 1696 2770 1795 2824; x_wconf 80' lang='grc' dir='ltr'>οὐκ</span> <span class='ocrx_word' id='word_1_315' title='bbox 1843 2771 1930 2825; x_wconf 88' lang='grc' dir='ltr'>εύ-</span> 
     </span>
    </p>
   </div>
   <div class='ocr_carea' id='block_1_46' title="bbox 276 2854 1934 2933">
    <p class='ocr_par' dir='ltr' id='par_1_46' title="bbox 276 2854 1934 2933">
     <span class='ocr_line' id='line_1_46' title="bbox 276 2854 1934 2933; baseline 0.002 -23"><span class='ocrx_word' id='word_1_316' title='bbox 276 2860 471 2929; x_wconf 80' lang='grc' dir='ltr'>τυχῶς</span> <span class='ocrx_word' id='word_1_317' title='bbox 526 2854 708 2919; x_wconf 82' lang='grc' dir='ltr'>αὐτοῖς</span> <span class='ocrx_word' id='word_1_318' title='bbox 758 2857 821 2910; x_wconf 87' lang='grc' dir='ltr'>τὸ</span> <span class='ocrx_word' id='word_1_319' title='bbox 881 2856 1184 2933; x_wconf 70' lang='grc' dir='ltr'>βούλευμαο</span> <span class='ocrx_word' id='word_1_320' title='bbox 1272 2860 1697 2929; x_wconf 69' lang='grc' dir='ltr'>παραστήσεται.</span> <span class='ocrx_word' id='word_1_321' title='bbox 1755 2858 1934 2916; x_wconf 76' lang='grc' dir='ltr'>Ἀλλά</span> 
     </span>
    </p>
   </div>
   <div class='ocr_carea' id='block_1_47' title="bbox 276 2944 1929 3023">
    <p class='ocr_par' dir='ltr' id='par_1_47' title="bbox 276 2944 1929 3023">
     <span class='ocr_line' id='line_1_47' title="bbox 276 2944 1929 3023; baseline 0.001 -22"><span class='ocrx_word' id='word_1_322' title='bbox 276 2945 427 3021; x_wconf 77' lang='grc' dir='ltr'>παρά</span> <span class='ocrx_word' id='word_1_323' title='bbox 454 2949 552 3000; x_wconf 79' lang='grc' dir='ltr'>τοῦ</span> <span class='ocrx_word' id='word_1_324' title='bbox 582 2949 678 3000; x_wconf 77' lang='grc' dir='ltr'>σοῦ</span> <span class='ocrx_word' id='word_1_325' title='bbox 712 2945 846 3001; x_wconf 70' lang='grc' dir='ltr'>λαοῦ</span> <span class='ocrx_word' id='word_1_326' title='bbox 905 2944 1203 3020; x_wconf 77' lang='grc' dir='ltr'>δῃούμενοί</span> <span class='ocrx_word' id='word_1_327' title='bbox 1239 2968 1297 3001; x_wconf 90' lang='grc' dir='ltr'>τε</span> <span class='ocrx_word' id='word_1_328' title='bbox 1344 2948 1432 3003; x_wconf 75' lang='grc' dir='ltr'>καί</span> <span class='ocrx_word' id='word_1_329' title='bbox 1479 2949 1929 3023; x_wconf 87' lang='grc' dir='ltr'>συμπνιγόμενοι,</span> 
     </span>
    </p>
   </div>
   <div class='ocr_carea' id='block_1_48' title="bbox 274 3034 1931 3113">
    <p class='ocr_par' dir='ltr' id='par_1_48' title="bbox 274 3034 1931 3113">
     <span class='ocr_line' id='line_1_48' title="bbox 274 3034 1931 3113; baseline 0.001 -21"><span class='ocrx_word' id='word_1_330' title='bbox 274 3037 365 3092; x_wconf 77' lang='grc' dir='ltr'>καὶ</span> <span class='ocrx_word' id='word_1_331' title='bbox 400 3034 627 3098; x_wconf 69' lang='grc' dir='ltr'>ἅποντες</span> <span class='ocrx_word' id='word_1_332' title='bbox 656 3039 723 3091; x_wconf 77' lang='grc' dir='ltr'>τά</span> <span class='ocrx_word' id='word_1_333' title='bbox 758 3040 903 3092; x_wconf 89' lang='grc' dir='ltr'>νῶτα</span> <span class='ocrx_word' id='word_1_334' title='bbox 942 3035 1201 3109; x_wconf 85' lang='grc' dir='ltr'>δώσουσι,</span> <span class='ocrx_word' id='word_1_335' title='bbox 1249 3036 1571 3101; x_wconf 87' lang='grc' dir='ltr'>σπεύδοντες</span> <span class='ocrx_word' id='word_1_336' title='bbox 1624 3037 1696 3095; x_wconf 89' lang='grc' dir='ltr'>δι’</span> <span class='ocrx_word' id='word_1_337' title='bbox 1748 3040 1931 3113; x_wconf 67' lang='grc' dir='ltr'>ἑτέρας</span> 
     </span>
    </p>
   </div>
   <div class='ocr_carea' id='block_1_49' title="bbox 276 3124 1931 3202">
    <p class='ocr_par' dir='ltr' id='par_1_49' title="bbox 276 3124 1931 3202">
     <span class='ocr_line' id='line_1_49' title="bbox 276 3124 1931 3202; baseline 0.002 -20"><span class='ocrx_word' id='word_1_338' title='bbox 276 3124 410 3182; x_wconf 70' lang='grc' dir='ltr'>ὁδοῦ</span> <span class='ocrx_word' id='word_1_339' title='bbox 466 3127 569 3195; x_wconf 77' lang='grc' dir='ltr'>τὴν</span> <span class='ocrx_word' id='word_1_340' title='bbox 641 3124 782 3181; x_wconf 67' lang='grc' dir='ltr'>ἰδίαν</span> <span class='ocrx_word' id='word_1_341' title='bbox 863 3129 1292 3202; x_wconf 77' lang='grc' dir='ltr'>κατακήψεσθαι.</span> <span class='ocrx_word' id='word_1_342' title='bbox 1373 3128 1594 3185; x_wconf 85' lang='grc' dir='ltr'>Τούτων</span> <span class='ocrx_word' id='word_1_343' title='bbox 1653 3127 1701 3185; x_wconf 84' lang='grc' dir='ltr'>δ’</span> <span class='ocrx_word' id='word_1_344' title='bbox 1758 3129 1931 3194; x_wconf 75' lang='grc' dir='ltr'>οὕτως</span> 
     </span>
    </p>
   </div>
   <div class='ocr_carea' id='block_1_50' title="bbox 275 3214 1927 3293">
    <p class='ocr_par' dir='ltr' id='par_1_50' title="bbox 275 3214 1927 3293">
     <span class='ocr_line' id='line_1_50' title="bbox 275 3214 1927 3293; baseline 0.002 -21"><span class='ocrx_word' id='word_1_345' title='bbox 275 3214 727 3293; x_wconf 73' lang='grc' dir='ltr'>ὑπνιστρεφόντων</span> <span class='ocrx_word' id='word_1_346' title='bbox 788 3216 1024 3291; x_wconf 79' lang='grc' dir='ltr'>ἀγεννῶς</span> <span class='ocrx_word' id='word_1_347' title='bbox 1081 3218 1171 3272; x_wconf 81' lang='grc' dir='ltr'>καὶ</span> <span class='ocrx_word' id='word_1_348' title='bbox 1230 3217 1509 3291; x_wconf 82' lang='grc' dir='ltr'>ἀκόσμως,</span> <span class='ocrx_word' id='word_1_349' title='bbox 1544 3219 1571 3273; x_wconf 87' lang='grc' dir='ltr'>ὁ</span> <span class='ocrx_word' id='word_1_350' title='bbox 1613 3218 1748 3283; x_wconf 87' lang='grc' dir='ltr'>λαός</span> <span class='ocrx_word' id='word_1_351' title='bbox 1805 3241 1927 3291; x_wconf 90' lang='grc' dir='ltr'>σου,</span> 
     </span>
    </p>
   </div>
   <div class='ocr_carea' id='block_1_51' title="bbox 267 3286 2004 3383">
    <p class='ocr_par' dir='ltr' id='par_1_51' title="bbox 267 3286 2004 3383">
     <span class='ocr_line' id='line_1_51' title="bbox 267 3286 2004 3383; baseline -0.002 -14"><span class='ocrx_word' id='word_1_352' title='bbox 267 3286 1007 3378; x_wconf 43' lang='grc' dir='ltr'>τοῦτυάς-θεώμενοςξδσης</span> <span class='ocrx_word' id='word_1_353' title='bbox 1066 3311 1240 3383; x_wconf 83' lang='grc' dir='ltr'>χαρᾶς</span> <span class='ocrx_word' id='word_1_354' title='bbox 1298 3286 1388 3363; x_wconf 70' lang='grc' dir='ltr'>καῖ</span> <span class='ocrx_word' id='word_1_355' title='bbox 1449 3306 1722 3383; x_wconf 87' lang='grc' dir='ltr'>θυμηδίας</span> <span class='ocrx_word' id='word_1_356' title='bbox 1777 3286 1923 3381; x_wconf 50' lang='grc' dir='ltr'>πληί</span> <span class='ocrx_word' id='word_1_357' title='bbox 1961 3286 2004 3354; x_wconf 78' lang='lat' dir='ltr'>C</span> 
     </span>
    </p>
   </div>
   <div class='ocr_carea' id='block_1_52' title="bbox 274 3393 1931 3471">
    <p class='ocr_par' dir='ltr' id='par_1_52' title="bbox 274 3393 1931 3471">
     <span class='ocr_line' id='line_1_52' title="bbox 274 3393 1931 3471; baseline 0.001 -18"><span class='ocrx_word' id='word_1_358' title='bbox 274 3398 598 3467; x_wconf 61' lang='grc' dir='ltr'>σθήσονται,</span> <span class='ocrx_word' id='word_1_359' title='bbox 633 3393 788 3471; x_wconf 76' lang='grc' dir='ltr'>λόγῳ</span> <span class='ocrx_word' id='word_1_360' title='bbox 844 3403 1185 3471; x_wconf 80' lang='grc' dir='ltr'>παραστῆσαι</span> <span class='ocrx_word' id='word_1_361' title='bbox 1243 3400 1407 3452; x_wconf 80' lang='grc' dir='ltr'>τοῦτο</span> <span class='ocrx_word' id='word_1_362' title='bbox 1465 3395 1750 3454; x_wconf 88' lang='grc' dir='ltr'>ἀδύνατον.</span> <span class='ocrx_word' id='word_1_363' title='bbox 1806 3402 1931 3457; x_wconf 90' lang='grc' dir='ltr'>Τῶν</span> 
     </span>
    </p>
   </div>
   <div class='ocr_carea' id='block_1_53' title="bbox 278 3481 1934 3565">
    <p class='ocr_par' dir='ltr' id='par_1_53' title="bbox 278 3481 1934 3565">
     <span class='ocr_line' id='line_1_53' title="bbox 278 3481 1934 3565; baseline 0.002 -26"><span class='ocrx_word' id='word_1_364' title='bbox 278 3484 372 3539; x_wconf 80' lang='grc' dir='ltr'>οὖν</span> <span class='ocrx_word' id='word_1_365' title='bbox 430 3482 745 3556; x_wconf 78' lang='grc' dir='ltr'>πολεμίων,</span> <span class='ocrx_word' id='word_1_366' title='bbox 805 3482 878 3547; x_wconf 86' lang='grc' dir='ltr'>ὠς</span> <span class='ocrx_word' id='word_1_367' title='bbox 936 3481 1215 3556; x_wconf 68' lang='grc' dir='ltr'>λέλεκται,</span> <span class='ocrx_word' id='word_1_368' title='bbox 1277 3486 1750 3565; x_wconf 71' lang='grc' dir='ltr'>ὑποστρεφόντων⁹</span> <span class='ocrx_word' id='word_1_369' title='bbox 1810 3489 1934 3543; x_wconf 87' lang='grc' dir='ltr'>τότε</span> 
     </span>
    </p>
   </div>
   <div class='ocr_carea' id='block_1_54' title="bbox 270 3567 1933 3647">
    <p class='ocr_par' dir='ltr' id='par_1_54' title="bbox 270 3567 1933 3647">
     <span class='ocr_line' id='line_1_54' title="bbox 270 3567 1933 3647; baseline 0.002 -22"><span class='ocrx_word' id='word_1_370' title='bbox 270 3570 608 3645; x_wconf 71' lang='grc' dir='ltr'>καταδίωξον</span> <span class='ocrx_word' id='word_1_371' title='bbox 660 3567 880 3637; x_wconf 83' lang='grc' dir='ltr'>ὄπισθεν</span> <span class='ocrx_word' id='word_1_372' title='bbox 940 3572 1143 3639; x_wconf 78' lang='grc' dir='ltr'>αὐτῶν,</span> <span class='ocrx_word' id='word_1_373' title='bbox 1212 3568 1518 3647; x_wconf 81' lang='grc' dir='ltr'>ἔμπροσθεν</span> <span class='ocrx_word' id='word_1_374' title='bbox 1578 3573 1933 3631; x_wconf 74' lang='grc' dir='ltr'>ἀποστέλλων</span> 
     </span>
    </p>
   </div>
   <div class='ocr_carea' id='block_1_55' title="bbox 277 3659 1932 3737">
    <p class='ocr_par' dir='ltr' id='par_1_55' title="bbox 277 3659 1932 3737">
     <span class='ocr_line' id='line_1_55' title="bbox 277 3659 1932 3737; baseline 0.003 -23"><span class='ocrx_word' id='word_1_375' title='bbox 277 3662 468 3721; x_wconf 66' lang='grc' dir='ltr'>ἰπττιῖς</span> <span class='ocrx_word' id='word_1_376' title='bbox 530 3662 664 3733; x_wconf 69' lang='grc' dir='ltr'>μετὰ</span> <span class='ocrx_word' id='word_1_377' title='bbox 719 3661 935 3737; x_wconf 77' lang='grc' dir='ltr'>ταχέων</span> <span class='ocrx_word' id='word_1_378' title='bbox 994 3659 1194 3735; x_wconf 57' lang='grc' dir='ltr'>ψιλῶν</span> <span class='ocrx_word' id='word_1_379' title='bbox 1255 3663 1343 3717; x_wconf 77' lang='grc' dir='ltr'>καὶ</span> <span class='ocrx_word' id='word_1_380' title='bbox 1403 3663 1565 3725; x_wconf 81' lang='grc' dir='ltr'>αὐτὸς</span> <span class='ocrx_word' id='word_1_381' title='bbox 1626 3660 1684 3718; x_wconf 71' lang='grc' dir='ltr'>δὲ</span> <span class='ocrx_word' id='word_1_382' title='bbox 1741 3663 1932 3734; x_wconf 80' lang='grc' dir='ltr'>ὀξύτε-</span> 
     </span>
    </p>
   </div>
   <div class='ocr_carea' id='block_1_56' title="bbox 284 3745 1930 3827">
    <p class='ocr_par' dir='ltr' id='par_1_56' title="bbox 284 3745 1930 3827">
     <span class='ocr_line' id='line_1_56' title="bbox 284 3745 1930 3827; baseline 0.005 -27"><span class='ocrx_word' id='word_1_383' title='bbox 284 3769 381 3822; x_wconf 80' lang='grc' dir='ltr'>ρον</span> <span class='ocrx_word' id='word_1_384' title='bbox 440 3753 744 3822; x_wconf 85' lang='grc' dir='ltr'>περιπατῶν</span> <span class='ocrx_word' id='word_1_385' title='bbox 798 3754 897 3804; x_wconf 77' lang='grc' dir='ltr'>τοῦ</span> <span class='ocrx_word' id='word_1_386' title='bbox 953 3745 1280 3806; x_wconf 78' lang='grc' dir='ltr'>καταλαϐεῖν</span> <span class='ocrx_word' id='word_1_387' title='bbox 1342 3750 1538 3817; x_wconf 78' lang='grc' dir='ltr'>αύτοὺς</span> <span class='ocrx_word' id='word_1_388' title='bbox 1622 3751 1930 3827; x_wconf 81' lang='grc' dir='ltr'>ἐπείχθητι.</span> 
     </span>
    </p>
   </div>
   <div class='ocr_carea' id='block_1_57' title="bbox 282 3834 1928 3918">
    <p class='ocr_par' dir='ltr' id='par_1_57' title="bbox 282 3834 1928 3918">
     <span class='ocr_line' id='line_1_57' title="bbox 282 3834 1928 3918; baseline 0.004 -28"><span class='ocrx_word' id='word_1_389' title='bbox 282 3838 350 3895; x_wconf 73' lang='grc' dir='ltr'>ΟΣ</span> <span class='ocrx_word' id='word_1_390' title='bbox 380 3834 435 3891; x_wconf 79' lang='grc' dir='ltr'>δὲ</span> <span class='ocrx_word' id='word_1_391' title='bbox 458 3836 645 3913; x_wconf 76' lang='grc' dir='ltr'>ἐχθροὶ</span> <span class='ocrx_word' id='word_1_392' title='bbox 678 3835 769 3894; x_wconf 75' lang='grc' dir='ltr'>διὰ</span> <span class='ocrx_word' id='word_1_393' title='bbox 792 3841 882 3895; x_wconf 86' lang='grc' dir='ltr'>τὸν</span> <span class='ocrx_word' id='word_1_394' title='bbox 915 3839 1127 3918; x_wconf 80' lang='grc' dir='ltr'>φεύγειν</span> <span class='ocrx_word' id='word_1_395' title='bbox 1188 3840 1409 3910; x_wconf 77' lang='grc' dir='ltr'>αὐτοὺς,</span> <span class='ocrx_word' id='word_1_396' title='bbox 1454 3840 1613 3918; x_wconf 84' lang='grc' dir='ltr'>τάχει</span> <span class='ocrx_word' id='word_1_397' title='bbox 1663 3842 1755 3903; x_wconf 81' lang='grc' dir='ltr'>τάς</span> <span class='ocrx_word' id='word_1_398' title='bbox 1806 3841 1928 3897; x_wconf 91' lang='grc' dir='ltr'>δυσ-</span> 
     </span>
    </p>
   </div>
   <div class='ocr_carea' id='block_1_58' title="bbox 276 3925 1930 4010">
    <p class='ocr_par' dir='ltr' id='par_1_58' title="bbox 276 3925 1930 4010">
     <span class='ocr_line' id='line_1_58' title="bbox 276 3925 1930 4010; baseline 0.003 -30"><span class='ocrx_word' id='word_1_399' title='bbox 276 3926 491 4003; x_wconf 67' lang='grc' dir='ltr'>χωρίας</span> <span class='ocrx_word' id='word_1_400' title='bbox 547 3925 812 3983; x_wconf 82' lang='grc' dir='ltr'>’διελθεῖν</span> <span class='ocrx_word' id='word_1_401' title='bbox 898 3928 987 3984; x_wconf 75' lang='grc' dir='ltr'>καὶ</span> <span class='ocrx_word' id='word_1_402' title='bbox 1062 3930 1155 3985; x_wconf 84' lang='grc' dir='ltr'>τὸν</span> <span class='ocrx_word' id='word_1_403' title='bbox 1241 3930 1292 3986; x_wconf 78' lang='grc' dir='ltr'>ἐν</span> <span class='ocrx_word' id='word_1_404' title='bbox 1378 3930 1563 3993; x_wconf 80' lang='grc' dir='ltr'>αὐταῖς</span> <span class='ocrx_word' id='word_1_405' title='bbox 1658 3930 1930 4010; x_wconf 83' lang='grc' dir='ltr'>διαφυγεῖν</span> 
     </span>
    </p>
   </div>
   <div class='ocr_carea' id='block_1_59' title="bbox 273 4014 1928 4093">
    <p class='ocr_par' dir='ltr' id='par_1_59' title="bbox 273 4014 1928 4093">
     <span class='ocr_line' id='line_1_59' title="bbox 273 4014 1928 4093; baseline 0.002 -22"><span class='ocrx_word' id='word_1_406' title='bbox 273 4014 552 4088; x_wconf 84' lang='grc' dir='ltr'>πόλεμον,</span> <span class='ocrx_word' id='word_1_407' title='bbox 584 4018 673 4071; x_wconf 77' lang='grc' dir='ltr'>καὶ</span> <span class='ocrx_word' id='word_1_408' title='bbox 714 4019 812 4087; x_wconf 76' lang='grc' dir='ltr'>τὴν</span> <span class='ocrx_word' id='word_1_409' title='bbox 866 4015 1006 4073; x_wconf 76' lang='grc' dir='ltr'>ΐδίαν</span> <span class='ocrx_word' id='word_1_410' title='bbox 1056 4017 1485 4093; x_wconf 65' lang='grc' dir='ltr'>καταλήψεσθαν</span> <span class='ocrx_word' id='word_1_411' title='bbox 1528 4019 1644 4076; x_wconf 77' lang='grc' dir='ltr'>ἐπεὶ</span> <span class='ocrx_word' id='word_1_412' title='bbox 1692 4020 1928 4093; x_wconf 82' lang='grc' dir='ltr'>πλησίον</span> 
     </span>
    </p>
   </div>
   <div class='ocr_carea' id='block_1_60' title="bbox 269 4103 1930 4182">
    <p class='ocr_par' dir='ltr' id='par_1_60' title="bbox 269 4103 1930 4182">
     <span class='ocr_line' id='line_1_60' title="bbox 269 4103 1930 4182; baseline 0.004 -23"><span class='ocrx_word' id='word_1_413' title='bbox 269 4111 378 4174; x_wconf 84' lang='grc' dir='ltr'>τῆς</span> <span class='ocrx_word' id='word_1_414' title='bbox 442 4103 768 4181; x_wconf 88' lang='grc' dir='ltr'>κλεισούρας</span> <span class='ocrx_word' id='word_1_415' title='bbox 853 4109 1197 4182; x_wconf 69' lang='grc' dir='ltr'>γενήσονται,</span> <span class='ocrx_word' id='word_1_416' title='bbox 1268 4110 1417 4162; x_wconf 78' lang='grc' dir='ltr'>τοῦθ’</span> <span class='ocrx_word' id='word_1_417' title='bbox 1512 4109 1930 4181; x_wconf 76' lang='grc' dir='ltr'>ὑποπτεύεντες,</span> 
     </span>
    </p>
   </div>
   <div class='ocr_carea' id='block_1_61' title="bbox 271 4190 1929 4272">
    <p class='ocr_par' dir='ltr' id='par_1_61' title="bbox 271 4190 1929 4272">
     <span class='ocr_line' id='line_1_61' title="bbox 271 4190 1929 4272; baseline 0.003 -23"><span class='ocrx_word' id='word_1_418' title='bbox 271 4195 415 4271; x_wconf 84' lang='grc' dir='ltr'>πρὸς</span> <span class='ocrx_word' id='word_1_419' title='bbox 473 4195 536 4249; x_wconf 86' lang='grc' dir='ltr'>τὸ</span> <span class='ocrx_word' id='word_1_420' title='bbox 594 4195 670 4267; x_wconf 80' lang='grc' dir='ltr'>μὴ</span> <span class='ocrx_word' id='word_1_421' title='bbox 727 4194 892 4250; x_wconf 88' lang='grc' dir='ltr'>πάλιν</span> <span class='ocrx_word' id='word_1_422' title='bbox 946 4190 1251 4272; x_wconf 75' lang='grc' dir='ltr'>ἔμπροσθεν</span> <span class='ocrx_word' id='word_1_423' title='bbox 1308 4197 1484 4254; x_wconf 82' lang='grc' dir='ltr'>αὐτῶν</span> <span class='ocrx_word' id='word_1_424' title='bbox 1538 4201 1632 4261; x_wconf 80' lang='grc' dir='ltr'>τάς</span> <span class='ocrx_word' id='word_1_425' title='bbox 1709 4202 1929 4270; x_wconf 70' lang='grc' dir='ltr'>πεζικὰς</span> 
     </span>
    </p>
   </div>
   <div class='ocr_carea' id='block_1_62' title="bbox 265 4284 1927 4364">
    <p class='ocr_par' dir='ltr' id='par_1_62' title="bbox 265 4284 1927 4364">
     <span class='ocr_line' id='line_1_62' title="bbox 265 4284 1927 4364; baseline 0.004 -27"><span class='ocrx_word' id='word_1_426' title='bbox 265 4285 448 4355; x_wconf 72' lang='grc' dir='ltr'>τάξεις</span> <span class='ocrx_word' id='word_1_427' title='bbox 495 4285 766 4358; x_wconf 72' lang='grc' dir='ltr'>γενέσθαι,</span> <span class='ocrx_word' id='word_1_428' title='bbox 822 4286 912 4341; x_wconf 83' lang='grc' dir='ltr'>καὶ</span> <span class='ocrx_word' id='word_1_429' title='bbox 961 4287 1058 4355; x_wconf 73' lang='grc' dir='ltr'>τὴν</span> <span class='ocrx_word' id='word_1_430' title='bbox 1111 4284 1235 4342; x_wconf 84' lang='grc' dir='ltr'>ὁδὸν</span> <span class='ocrx_word' id='word_1_431' title='bbox 1281 4286 1458 4341; x_wconf 76' lang='grc' dir='ltr'>αὐτῶν</span> <span class='ocrx_word' id='word_1_432' title='bbox 1503 4294 1818 4364; x_wconf 84' lang='grc' dir='ltr'>κατασχεῖν·</span> <span class='ocrx_word' id='word_1_433' title='bbox 1868 4288 1927 4343; x_wconf 79' lang='grc' dir='ltr'>ἄν</span> 
     </span>
    </p>
   </div>
   <div class='ocr_carea' id='block_1_63' title="bbox 269 4370 1928 4451">
    <p class='ocr_par' dir='ltr' id='par_1_63' title="bbox 269 4370 1928 4451">
     <span class='ocr_line' id='line_1_63' title="bbox 269 4370 1928 4451; baseline 0.004 -24"><span class='ocrx_word' id='word_1_434' title='bbox 269 4372 325 4427; x_wconf 75' lang='grc' dir='ltr'>ἐν</span> <span class='ocrx_word' id='word_1_435' title='bbox 357 4372 512 4427; x_wconf 79' lang='grc' dir='ltr'>νυκτὶ</span> <span class='ocrx_word' id='word_1_436' title='bbox 543 4373 643 4440; x_wconf 69' lang='grc' dir='ltr'>τὴν</span> <span class='ocrx_word' id='word_1_437' title='bbox 678 4370 995 4451; x_wconf 83' lang='grc' dir='ltr'>ὁδοιπορίαν</span> <span class='ocrx_word' id='word_1_438' title='bbox 1053 4378 1351 4450; x_wconf 85' lang='grc' dir='ltr'>πειραθῶσι</span> <span class='ocrx_word' id='word_1_439' title='bbox 1400 4378 1756 4449; x_wconf 76' lang='grc' dir='ltr'>ποιήσασθαι,</span> <span class='ocrx_word' id='word_1_440' title='bbox 1807 4400 1928 4433; x_wconf 84' lang='grc' dir='ltr'>συν-</span> 
     </span>
    </p>
   </div>
   <div class='ocr_carea' id='block_1_64' title="bbox 262 4461 1930 4538">
    <p class='ocr_par' dir='ltr' id='par_1_64' title="bbox 262 4461 1930 4538">
     <span class='ocr_line' id='line_1_64' title="bbox 262 4461 1930 4538; baseline 0.002 -21"><span class='ocrx_word' id='word_1_441' title='bbox 262 4463 462 4534; x_wconf 78' lang='grc' dir='ltr'>τόμως</span> <span class='ocrx_word' id='word_1_442' title='bbox 492 4461 718 4527; x_wconf 89' lang='grc' dir='ltr'>τούτους</span> <span class='ocrx_word' id='word_1_443' title='bbox 747 4461 1081 4538; x_wconf 74' lang='grc' dir='ltr'>καταλάϐῃς,</span> <span class='ocrx_word' id='word_1_444' title='bbox 1109 4468 1218 4520; x_wconf 88' lang='grc' dir='ltr'>τῶν</span> <span class='ocrx_word' id='word_1_445' title='bbox 1259 4463 1447 4520; x_wconf 79' lang='grc' dir='ltr'>’ἰππων</span> <span class='ocrx_word' id='word_1_446' title='bbox 1504 4465 1679 4522; x_wconf 73' lang='grc' dir='ltr'>αὐτῶν</span> <span class='ocrx_word' id='word_1_447' title='bbox 1732 4467 1930 4538; x_wconf 88' lang='grc' dir='ltr'>ἀτονη-</span> 
     </span>
    </p>
   </div>
   <div class='ocr_carea' id='block_1_65' title="bbox 268 4551 1925 4631">
    <p class='ocr_par' dir='ltr' id='par_1_65' title="bbox 268 4551 1925 4631">
     <span class='ocr_line' id='line_1_65' title="bbox 268 4551 1925 4631; baseline 0.002 -26"><span class='ocrx_word' id='word_1_448' title='bbox 268 4553 481 4606; x_wconf 89' lang='grc' dir='ltr'>σάντων</span> <span class='ocrx_word' id='word_1_449' title='bbox 516 4552 623 4607; x_wconf 84' lang='grc' dir='ltr'>ἀπὸ</span> <span class='ocrx_word' id='word_1_450' title='bbox 652 4554 752 4622; x_wconf 76' lang='grc' dir='ltr'>τῆς</span> <span class='ocrx_word' id='word_1_451' title='bbox 781 4553 1007 4628; x_wconf 86' lang='grc' dir='ltr'>χρονίας</span> <span class='ocrx_word' id='word_1_452' title='bbox 1040 4551 1382 4629; x_wconf 81' lang='grc' dir='ltr'>ὁδοιπορίας,</span> <span class='ocrx_word' id='word_1_453' title='bbox 1422 4555 1512 4610; x_wconf 69' lang='grc' dir='ltr'>καί</span> <span class='ocrx_word' id='word_1_454' title='bbox 1560 4560 1666 4611; x_wconf 90' lang='grc' dir='ltr'>τῶν</span> <span class='ocrx_word' id='word_1_455' title='bbox 1715 4554 1925 4631; x_wconf 87' lang='grc' dir='ltr'>ἀνδρῶν</span> 
     </span>
    </p>
   </div>
   <div class='ocr_carea' id='block_1_66' title="bbox 2048 1966 3703 2040">
    <p class='ocr_par' dir='ltr' id='par_1_66' title="bbox 2048 1966 3703 2040">
     <span class='ocr_line' id='line_1_66' title="bbox 2048 1966 3703 2040; baseline 0.001 -18"><span class='ocrx_word' id='word_1_456' title='bbox 2048 1967 2241 2038; x_wconf 86' lang='lat' dir='ltr'>capite</span> <span class='ocrx_word' id='word_1_457' title='bbox 2272 1966 2345 2021; x_wconf 94' lang='lat' dir='ltr'>de</span> <span class='ocrx_word' id='word_1_458' title='bbox 2376 1966 2582 2038; x_wconf 66' lang='lat' dir='ltr'>prtelio</span> <span class='ocrx_word' id='word_1_459' title='bbox 2626 1983 2762 2022; x_wconf 91' lang='lat' dir='ltr'>cum</span> <span class='ocrx_word' id='word_1_460' title='bbox 2819 1966 3091 2023; x_wconf 89' lang='lat' dir='ltr'>hostibus</span> <span class='ocrx_word' id='word_1_461' title='bbox 3148 1968 3210 2023; x_wconf 92' lang='lat' dir='ltr'>in</span> <span class='ocrx_word' id='word_1_462' title='bbox 3267 1967 3415 2023; x_wconf 89' lang='lat' dir='ltr'>locis</span> <span class='ocrx_word' id='word_1_463' title='bbox 3471 1968 3703 2040; x_wconf 89' lang='lat' dir='ltr'>asperis</span> 
     </span>
    </p>
   </div>
   <div class='ocr_carea' id='block_1_67' title="bbox 2048 2056 3707 2128">
    <p class='ocr_par' dir='ltr' id='par_1_67' title="bbox 2048 2056 3707 2128">
     <span class='ocr_line' id='line_1_67' title="bbox 2048 2056 3707 2128; baseline 0 -17"><span class='ocrx_word' id='word_1_464' title='bbox 2048 2056 2442 2119; x_wconf 85' lang='lat' dir='ltr'>conserendo,</span> <span class='ocrx_word' id='word_1_465' title='bbox 2475 2056 2876 2127; x_wconf 84' lang='lat' dir='ltr'>exposuimus.</span> <span class='ocrx_word' id='word_1_466' title='bbox 2905 2056 3010 2112; x_wconf 92' lang='lat' dir='ltr'>Ubi</span> <span class='ocrx_word' id='word_1_467' title='bbox 3033 2058 3308 2128; x_wconf 90' lang='lat' dir='ltr'>proprius</span> <span class='ocrx_word' id='word_1_468' title='bbox 3338 2057 3707 2112; x_wconf 86' lang='lat' dir='ltr'>accesserint</span> 
     </span>
    </p>
   </div>
   <div class='ocr_carea' id='block_1_68' title="bbox 2055 2146 3706 2219">
    <p class='ocr_par' dir='ltr' id='par_1_68' title="bbox 2055 2146 3706 2219">
     <span class='ocr_line' id='line_1_68' title="bbox 2055 2146 3706 2219; baseline 0.001 -18"><span class='ocrx_word' id='word_1_469' title='bbox 2055 2147 2277 2214; x_wconf 89' lang='lat' dir='ltr'>hostes,</span> <span class='ocrx_word' id='word_1_470' title='bbox 2297 2146 2344 2201; x_wconf 92' lang='lat' dir='ltr'>si</span> <span class='ocrx_word' id='word_1_471' title='bbox 2371 2146 2444 2201; x_wconf 89' lang='lat' dir='ltr'>de</span> <span class='ocrx_word' id='word_1_472' title='bbox 2477 2146 2771 2219; x_wconf 59' lang='lat' dir='ltr'>praesidiis</span> <span class='ocrx_word' id='word_1_473' title='bbox 2807 2147 3000 2201; x_wconf 90' lang='lat' dir='ltr'>tuisin</span> <span class='ocrx_word' id='word_1_474' title='bbox 3027 2148 3118 2203; x_wconf 88' lang='lat' dir='ltr'>via</span> <span class='ocrx_word' id='word_1_475' title='bbox 3147 2147 3475 2215; x_wconf 87' lang='lat' dir='ltr'>collocatis,</span> <span class='ocrx_word' id='word_1_476' title='bbox 3512 2147 3706 2218; x_wconf 88' lang='lat' dir='ltr'>deque</span> 
     </span>
    </p>
   </div>
   <div class='ocr_carea' id='block_1_69' title="bbox 2048 2232 3703 2304">
    <p class='ocr_par' dir='ltr' id='par_1_69' title="bbox 2048 2232 3703 2304">
     <span class='ocr_line' id='line_1_69' title="bbox 2048 2232 3703 2304; baseline 0.001 -15"><span class='ocrx_word' id='word_1_477' title='bbox 2048 2232 2402 2291; x_wconf 80' lang='lat' dir='ltr'>difﬁcultate</span> <span class='ocrx_word' id='word_1_478' title='bbox 2425 2234 2774 2289; x_wconf 89' lang='lat' dir='ltr'>transeundi</span> <span class='ocrx_word' id='word_1_479' title='bbox 2805 2235 3089 2290; x_wconf 88' lang='lat' dir='ltr'>certiores</span> <span class='ocrx_word' id='word_1_480' title='bbox 3122 2234 3285 2304; x_wconf 82' lang='lat' dir='ltr'>facti,</span> <span class='ocrx_word' id='word_1_481' title='bbox 3308 2236 3703 2291; x_wconf 87' lang='lat' dir='ltr'>nihilominus</span> 
     </span>
    </p>
   </div>
   <div class='ocr_carea' id='block_1_70' title="bbox 2043 2322 3710 2397">
    <p class='ocr_par' dir='ltr' id='par_1_70' title="bbox 2043 2322 3710 2397">
     <span class='ocr_line' id='line_1_70' title="bbox 2043 2322 3710 2397; baseline -0.001 -17"><span class='ocrx_word' id='word_1_482' title='bbox 2043 2324 2325 2380; x_wconf 86' lang='lat' dir='ltr'>audacter</span> <span class='ocrx_word' id='word_1_483' title='bbox 2345 2339 2731 2395; x_wconf 90' lang='lat' dir='ltr'>perrumpere</span> <span class='ocrx_word' id='word_1_484' title='bbox 2764 2322 3006 2391; x_wconf 88' lang='lat' dir='ltr'>audent,</span> <span class='ocrx_word' id='word_1_485' title='bbox 3028 2340 3238 2395; x_wconf 90' lang='lat' dir='ltr'>parum</span> <span class='ocrx_word' id='word_1_486' title='bbox 3267 2341 3550 2397; x_wconf 86' lang='lat' dir='ltr'>prospere</span> <span class='ocrx_word' id='word_1_487' title='bbox 3573 2340 3710 2379; x_wconf 73' lang='lat' dir='ltr'>suc—</span> 
     </span>
    </p>
   </div>
   <div class='ocr_carea' id='block_1_71' title="bbox 2045 2413 3699 2485">
    <p class='ocr_par' dir='ltr' id='par_1_71' title="bbox 2045 2413 3699 2485">
     <span class='ocr_line' id='line_1_71' title="bbox 2045 2413 3699 2485; baseline -0.002 -14"><span class='ocrx_word' id='word_1_488' title='bbox 2045 2414 2215 2471; x_wconf 89' lang='lat' dir='ltr'>cedet</span> <span class='ocrx_word' id='word_1_489' title='bbox 2237 2413 2308 2468; x_wconf 89' lang='lat' dir='ltr'>iis</span> <span class='ocrx_word' id='word_1_490' title='bbox 2332 2413 2441 2468; x_wconf 92' lang='lat' dir='ltr'>hoc</span> <span class='ocrx_word' id='word_1_491' title='bbox 2464 2413 2807 2468; x_wconf 90' lang='lat' dir='ltr'>consilium.</span> <span class='ocrx_word' id='word_1_492' title='bbox 2824 2414 3050 2485; x_wconf 85' lang='lat' dir='ltr'>Quippe</span> <span class='ocrx_word' id='word_1_493' title='bbox 3069 2414 3309 2469; x_wconf 88' lang='lat' dir='ltr'>contriti</span> <span class='ocrx_word' id='word_1_494' title='bbox 3326 2419 3384 2469; x_wconf 91' lang='lat' dir='ltr'>et</span> <span class='ocrx_word' id='word_1_495' title='bbox 3405 2413 3699 2485; x_wconf 90' lang='lat' dir='ltr'>compulsi</span> 
     </span>
    </p>
   </div>
   <div class='ocr_carea' id='block_1_72' title="bbox 2042 2502 3697 2575">
    <p class='ocr_par' dir='ltr' id='par_1_72' title="bbox 2042 2502 3697 2575">
     <span class='ocr_line' id='line_1_72' title="bbox 2042 2502 3697 2575; baseline -0.001 -15"><span class='ocrx_word' id='word_1_496' title='bbox 2042 2521 2078 2560; x_wconf 89' lang='lat' dir='ltr'>a</span> <span class='ocrx_word' id='word_1_497' title='bbox 2108 2504 2225 2559; x_wconf 89' lang='lat' dir='ltr'>tuis</span> <span class='ocrx_word' id='word_1_498' title='bbox 2253 2503 2438 2574; x_wconf 90' lang='lat' dir='ltr'>copiis</span> <span class='ocrx_word' id='word_1_499' title='bbox 2470 2502 2559 2558; x_wconf 89' lang='lat' dir='ltr'>vel</span> <span class='ocrx_word' id='word_1_500' title='bbox 2588 2503 2752 2557; x_wconf 85' lang='lat' dir='ltr'>inviti</span> <span class='ocrx_word' id='word_1_501' title='bbox 2786 2507 2949 2575; x_wconf 84' lang='lat' dir='ltr'>terga</span> <span class='ocrx_word' id='word_1_502' title='bbox 2980 2509 3227 2571; x_wconf 89' lang='lat' dir='ltr'>vertent,</span> <span class='ocrx_word' id='word_1_503' title='bbox 3253 2504 3490 2574; x_wconf 88' lang='lat' dir='ltr'>aliaque</span> <span class='ocrx_word' id='word_1_504' title='bbox 3521 2504 3613 2559; x_wconf 91' lang='lat' dir='ltr'>via</span> <span class='ocrx_word' id='word_1_505' title='bbox 3636 2504 3697 2559; x_wconf 91' lang='lat' dir='ltr'>in</span> 
     </span>
    </p>
   </div>
   <div class='ocr_carea' id='block_1_73' title="bbox 2046 2591 3701 2665">
    <p class='ocr_par' dir='ltr' id='par_1_73' title="bbox 2046 2591 3701 2665">
     <span class='ocr_line' id='line_1_73' title="bbox 2046 2591 3701 2665; baseline -0.001 -17"><span class='ocrx_word' id='word_1_506' title='bbox 2046 2610 2187 2648; x_wconf 90' lang='lat' dir='ltr'>suos</span> <span class='ocrx_word' id='word_1_507' title='bbox 2220 2593 2371 2647; x_wconf 85' lang='lat' dir='ltr'>ﬁnes</span> <span class='ocrx_word' id='word_1_508' title='bbox 2409 2592 2717 2663; x_wconf 88' lang='lat' dir='ltr'>pervenire</span> <span class='ocrx_word' id='word_1_509' title='bbox 2746 2591 3137 2647; x_wconf 87' lang='lat' dir='ltr'>festinabunt.</span> <span class='ocrx_word' id='word_1_510' title='bbox 3172 2594 3327 2658; x_wconf 85' lang='lat' dir='ltr'>Quos</span> <span class='ocrx_word' id='word_1_511' title='bbox 3360 2594 3444 2647; x_wconf 88' lang='lat' dir='ltr'>sic</span> <span class='ocrx_word' id='word_1_512' title='bbox 3476 2593 3701 2665; x_wconf 90' lang='lat' dir='ltr'>ignavi-</span> 
     </span>
    </p>
   </div>
   <div class='ocr_carea' id='block_1_74' title="bbox 2045 2681 3697 2752">
    <p class='ocr_par' dir='ltr' id='par_1_74' title="bbox 2045 2681 3697 2752">
     <span class='ocr_line' id='line_1_74' title="bbox 2045 2681 3697 2752; baseline -0.001 -15"><span class='ocrx_word' id='word_1_513' title='bbox 2045 2688 2137 2737; x_wconf 89' lang='lat' dir='ltr'>ter</span> <span class='ocrx_word' id='word_1_514' title='bbox 2166 2688 2225 2736; x_wconf 88' lang='lat' dir='ltr'>et</span> <span class='ocrx_word' id='word_1_515' title='bbox 2253 2682 2533 2737; x_wconf 88' lang='lat' dir='ltr'>indecore</span> <span class='ocrx_word' id='word_1_516' title='bbox 2567 2687 2930 2735; x_wconf 88' lang='lat' dir='ltr'>revertentes</span> <span class='ocrx_word' id='word_1_517' title='bbox 2963 2682 3011 2735; x_wconf 89' lang='lat' dir='ltr'>si</span> <span class='ocrx_word' id='word_1_518' title='bbox 3044 2681 3338 2752; x_wconf 90' lang='lat' dir='ltr'>conspicit</span> <span class='ocrx_word' id='word_1_519' title='bbox 3368 2688 3500 2735; x_wconf 86' lang='lat' dir='ltr'>tuus</span> <span class='ocrx_word' id='word_1_520' title='bbox 3533 2698 3697 2735; x_wconf 79' lang='lat' dir='ltr'>exer-</span> 
     </span>
    </p>
   </div>
   <div class='ocr_carea' id='block_1_75' title="bbox 2042 2769 3699 2841">
    <p class='ocr_par' dir='ltr' id='par_1_75' title="bbox 2042 2769 3699 2841">
     <span class='ocr_line' id='line_1_75' title="bbox 2042 2769 3699 2841; baseline -0.001 -16"><span class='ocrx_word' id='word_1_521' title='bbox 2042 2771 2216 2837; x_wconf 90' lang='lat' dir='ltr'>citus,</span> <span class='ocrx_word' id='word_1_522' title='bbox 2250 2771 2458 2825; x_wconf 74' lang='lat' dir='ltr'>lmtitia</span> <span class='ocrx_word' id='word_1_523' title='bbox 2487 2776 2665 2841; x_wconf 87' lang='lat' dir='ltr'>atque</span> <span class='ocrx_word' id='word_1_524' title='bbox 2696 2770 2995 2840; x_wconf 87' lang='lat' dir='ltr'>voluptate</span> <span class='ocrx_word' id='word_1_525' title='bbox 3046 2769 3463 2841; x_wconf 90' lang='lat' dir='ltr'>complebitur,</span> <span class='ocrx_word' id='word_1_526' title='bbox 3511 2770 3699 2841; x_wconf 87' lang='lat' dir='ltr'>magis</span> 
     </span>
    </p>
   </div>
   <div class='ocr_carea' id='block_1_76' title="bbox 2042 2858 3698 2930">
    <p class='ocr_par' dir='ltr' id='par_1_76' title="bbox 2042 2858 3698 2930">
     <span class='ocr_line' id='line_1_76' title="bbox 2042 2858 3698 2930; baseline -0.002 -15"><span class='ocrx_word' id='word_1_527' title='bbox 2042 2875 2219 2930; x_wconf 90' lang='lat' dir='ltr'>quam</span> <span class='ocrx_word' id='word_1_528' title='bbox 2252 2859 2444 2913; x_wconf 91' lang='lat' dir='ltr'>verbis</span> <span class='ocrx_word' id='word_1_529' title='bbox 2474 2858 2589 2913; x_wconf 91' lang='lat' dir='ltr'>dici</span> <span class='ocrx_word' id='word_1_530' title='bbox 2622 2862 2835 2929; x_wconf 86' lang='lat' dir='ltr'>potest.</span> <span class='ocrx_word' id='word_1_531' title='bbox 2871 2860 2951 2913; x_wconf 93' lang='lat' dir='ltr'>Tu</span> <span class='ocrx_word' id='word_1_532' title='bbox 2991 2864 3189 2913; x_wconf 89' lang='lat' dir='ltr'>autem</span> <span class='ocrx_word' id='word_1_533' title='bbox 3245 2858 3446 2913; x_wconf 89' lang='lat' dir='ltr'>hostes</span> <span class='ocrx_word' id='word_1_534' title='bbox 3493 2858 3596 2923; x_wconf 92' lang='lat' dir='ltr'>sic,</span> <span class='ocrx_word' id='word_1_535' title='bbox 3635 2863 3698 2911; x_wconf 91' lang='lat' dir='ltr'>ut</span> 
     </span>
    </p>
   </div>
   <div class='ocr_carea' id='block_1_77' title="bbox 2040 2947 3693 3019">
    <p class='ocr_par' dir='ltr' id='par_1_77' title="bbox 2040 2947 3693 3019">
     <span class='ocr_line' id='line_1_77' title="bbox 2040 2947 3693 3019; baseline -0.002 -13"><span class='ocrx_word' id='word_1_536' title='bbox 2040 2950 2516 3006; x_wconf 86' lang='lat' dir='ltr'>demonstratum</span> <span class='ocrx_word' id='word_1_537' title='bbox 2574 2953 2679 3002; x_wconf 85' lang='lat' dir='ltr'>est.</span> <span class='ocrx_word' id='word_1_538' title='bbox 2735 2947 3022 3003; x_wconf 89' lang='lat' dir='ltr'>abeuntes</span> <span class='ocrx_word' id='word_1_539' title='bbox 3067 2948 3386 3019; x_wconf 89' lang='lat' dir='ltr'>insequere</span> <span class='ocrx_word' id='word_1_540' title='bbox 3433 2964 3466 3003; x_wconf 93' lang='lat' dir='ltr'>a</span> <span class='ocrx_word' id='word_1_541' title='bbox 3503 2954 3693 3017; x_wconf 81' lang='lat' dir='ltr'>tergo,</span> 
     </span>
    </p>
   </div>
   <div class='ocr_carea' id='block_1_78' title="bbox 2040 3036 3691 3109">
    <p class='ocr_par' dir='ltr' id='par_1_78' title="bbox 2040 3036 3691 3109">
     <span class='ocr_line' id='line_1_78' title="bbox 2040 3036 3691 3109; baseline -0.004 -12"><span class='ocrx_word' id='word_1_542' title='bbox 2040 3040 2195 3097; x_wconf 73' lang='lat'>258</span> <span class='ocrx_word' id='word_1_543' title='bbox 2219 3037 2546 3109; x_wconf 69' lang='lat' dir='ltr'>praemissis</span> <span class='ocrx_word' id='word_1_544' title='bbox 2567 3037 2871 3107; x_wconf 81' lang='lat' dir='ltr'>equitibus</span> <span class='ocrx_word' id='word_1_545' title='bbox 2897 3054 3029 3092; x_wconf 88' lang='lat' dir='ltr'>cum</span> <span class='ocrx_word' id='word_1_546' title='bbox 3063 3036 3344 3093; x_wconf 88' lang='lat' dir='ltr'>velitibus</span> <span class='ocrx_word' id='word_1_547' title='bbox 3365 3037 3691 3109; x_wconf 86' lang='lat' dir='ltr'>expeditis:</span> 
     </span>
    </p>
   </div>
   <div class='ocr_carea' id='block_1_79' title="bbox 2038 3126 3689 3201">
    <p class='ocr_par' dir='ltr' id='par_1_79' title="bbox 2038 3126 3689 3201">
     <span class='ocr_line' id='line_1_79' title="bbox 2038 3126 3689 3201; baseline -0.002 -17"><span class='ocrx_word' id='word_1_548' title='bbox 2038 3129 2286 3201; x_wconf 91' lang='lat' dir='ltr'>ipseque</span> <span class='ocrx_word' id='word_1_549' title='bbox 2300 3126 2575 3182; x_wconf 88' lang='lat' dir='ltr'>celeriter</span> <span class='ocrx_word' id='word_1_550' title='bbox 2590 3126 2804 3181; x_wconf 87' lang='lat' dir='ltr'>itinere</span> <span class='ocrx_word' id='word_1_551' title='bbox 2826 3126 2980 3181; x_wconf 83' lang='lat' dir='ltr'>facto</span> <span class='ocrx_word' id='word_1_552' title='bbox 3004 3126 3242 3197; x_wconf 89' lang='lat' dir='ltr'>assequi</span> <span class='ocrx_word' id='word_1_553' title='bbox 3258 3126 3393 3181; x_wconf 90' lang='lat' dir='ltr'>illos</span> <span class='ocrx_word' id='word_1_554' title='bbox 3414 3143 3689 3198; x_wconf 90' lang='lat' dir='ltr'>propera.</span> 
     </span>
    </p>
   </div>
   <div class='ocr_carea' id='block_1_80' title="bbox 2044 3215 3693 3288">
    <p class='ocr_par' dir='ltr' id='par_1_80' title="bbox 2044 3215 3693 3288">
     <span class='ocr_line' id='line_1_80' title="bbox 2044 3215 3693 3288; baseline -0.002 -14"><span class='ocrx_word' id='word_1_555' title='bbox 2044 3217 2377 3274; x_wconf 80' lang='lat' dir='ltr'>Adversarii</span> <span class='ocrx_word' id='word_1_556' title='bbox 2407 3216 2507 3287; x_wconf 90' lang='lat' dir='ltr'>qui</span> <span class='ocrx_word' id='word_1_557' title='bbox 2541 3215 2791 3286; x_wconf 78' lang='lat' dir='ltr'>fugiunt,</span> <span class='ocrx_word' id='word_1_558' title='bbox 2824 3220 2891 3270; x_wconf 90' lang='lat' dir='ltr'>ut</span> <span class='ocrx_word' id='word_1_559' title='bbox 2920 3215 3247 3288; x_wconf 83' lang='lat' dir='ltr'>angustias,</span> <span class='ocrx_word' id='word_1_560' title='bbox 3279 3215 3456 3272; x_wconf 90' lang='lat' dir='ltr'>vitato</span> <span class='ocrx_word' id='word_1_561' title='bbox 3488 3217 3548 3270; x_wconf 92' lang='lat' dir='ltr'>in</span> <span class='ocrx_word' id='word_1_562' title='bbox 3572 3216 3693 3271; x_wconf 86' lang='lat' dir='ltr'>illis</span> 
     </span>
    </p>
   </div>
   <div class='ocr_carea' id='block_1_81' title="bbox 2044 3304 3695 3377">
    <p class='ocr_par' dir='ltr' id='par_1_81' title="bbox 2044 3304 3695 3377">
     <span class='ocr_line' id='line_1_81' title="bbox 2044 3304 3695 3377; baseline -0.001 -14"><span class='ocrx_word' id='word_1_563' title='bbox 2044 3306 2394 3373; x_wconf 90' lang='lat' dir='ltr'>certamine,</span> <span class='ocrx_word' id='word_1_564' title='bbox 2438 3304 2795 3360; x_wconf 83' lang='lat' dir='ltr'>festinanter</span> <span class='ocrx_word' id='word_1_565' title='bbox 2844 3305 3271 3373; x_wconf 90' lang='lat' dir='ltr'>transmittere,</span> <span class='ocrx_word' id='word_1_566' title='bbox 3322 3306 3382 3360; x_wconf 92' lang='lat' dir='ltr'>in</span> <span class='ocrx_word' id='word_1_567' title='bbox 3433 3322 3695 3377; x_wconf 80' lang='lat' dir='ltr'>suosque</span> 
     </span>
    </p>
   </div>
   <div class='ocr_carea' id='block_1_82' title="bbox 2046 3394 3696 3467">
    <p class='ocr_par' dir='ltr' id='par_1_82' title="bbox 2046 3394 3696 3467">
     <span class='ocr_line' id='line_1_82' title="bbox 2046 3394 3696 3467; baseline -0.002 -15"><span class='ocrx_word' id='word_1_568' title='bbox 2046 3397 2195 3452; x_wconf 77' lang='lat' dir='ltr'>fines</span> <span class='ocrx_word' id='word_1_569' title='bbox 2226 3394 2533 3467; x_wconf 89' lang='lat' dir='ltr'>pervenire</span> <span class='ocrx_word' id='word_1_570' title='bbox 2565 3394 2835 3465; x_wconf 88' lang='lat' dir='ltr'>possint:</span> <span class='ocrx_word' id='word_1_571' title='bbox 2862 3410 2998 3449; x_wconf 87' lang='lat' dir='ltr'>cum</span> <span class='ocrx_word' id='word_1_572' title='bbox 3020 3394 3297 3465; x_wconf 91' lang='lat' dir='ltr'>proprins</span> <span class='ocrx_word' id='word_1_573' title='bbox 3328 3394 3402 3449; x_wconf 90' lang='lat' dir='ltr'>ad</span> <span class='ocrx_word' id='word_1_574' title='bbox 3434 3394 3696 3450; x_wconf 89' lang='lat' dir='ltr'>claustra</span> 
     </span>
    </p>
   </div>
   <div class='ocr_carea' id='block_1_83' title="bbox 2044 3482 3696 3553">
    <p class='ocr_par' dir='ltr' id='par_1_83' title="bbox 2044 3482 3696 3553">
     <span class='ocr_line' id='line_1_83' title="bbox 2044 3482 3696 3553; baseline -0.003 -12"><span class='ocrx_word' id='word_1_575' title='bbox 2044 3488 2444 3550; x_wconf 89' lang='lat' dir='ltr'>accesserunt,</span> <span class='ocrx_word' id='word_1_576' title='bbox 2475 3488 2767 3549; x_wconf 83' lang='lat' dir='ltr'>verentes,</span> <span class='ocrx_word' id='word_1_577' title='bbox 2802 3498 2879 3537; x_wconf 92' lang='lat' dir='ltr'>ne</span> <span class='ocrx_word' id='word_1_578' title='bbox 2908 3482 3121 3537; x_wconf 89' lang='lat' dir='ltr'>iterum</span> <span class='ocrx_word' id='word_1_579' title='bbox 3156 3499 3219 3537; x_wconf 91' lang='lat' dir='ltr'>se</span> <span class='ocrx_word' id='word_1_580' title='bbox 3250 3488 3564 3553; x_wconf 69' lang='lat' dir='ltr'>prmvertat</span> <span class='ocrx_word' id='word_1_581' title='bbox 3593 3499 3696 3553; x_wconf 86' lang='lat' dir='ltr'>pe-</span> 
     </span>
    </p>
   </div>
   <div class='ocr_carea' id='block_1_84' title="bbox 2045 3571 3698 3642">
    <p class='ocr_par' dir='ltr' id='par_1_84' title="bbox 2045 3571 3698 3642">
     <span class='ocr_line' id='line_1_84' title="bbox 2045 3571 3698 3642; baseline -0.002 -13"><span class='ocrx_word' id='word_1_582' title='bbox 2045 3575 2265 3630; x_wconf 87' lang='lat' dir='ltr'>ditatus</span> <span class='ocrx_word' id='word_1_583' title='bbox 2296 3577 2517 3635; x_wconf 80' lang='lat' dir='ltr'>noster,</span> <span class='ocrx_word' id='word_1_584' title='bbox 2548 3572 2779 3642; x_wconf 91' lang='lat' dir='ltr'>iterque</span> <span class='ocrx_word' id='word_1_585' title='bbox 2813 3588 2986 3626; x_wconf 90' lang='lat' dir='ltr'>suum</span> <span class='ocrx_word' id='word_1_586' title='bbox 3018 3577 3304 3642; x_wconf 92' lang='lat' dir='ltr'>occupet:</span> <span class='ocrx_word' id='word_1_587' title='bbox 3330 3571 3377 3626; x_wconf 89' lang='lat' dir='ltr'>si</span> <span class='ocrx_word' id='word_1_588' title='bbox 3402 3577 3698 3626; x_wconf 90' lang='lat' dir='ltr'>conantur</span> 
     </span>
    </p>
   </div>
   <div class='ocr_carea' id='block_1_85' title="bbox 2042 3660 3689 3733">
    <p class='ocr_par' dir='ltr' id='par_1_85' title="bbox 2042 3660 3689 3733">
     <span class='ocr_line' id='line_1_85' title="bbox 2042 3660 3689 3733; baseline -0.004 -13"><span class='ocrx_word' id='word_1_589' title='bbox 2042 3670 2224 3720; x_wconf 89' lang='lat' dir='ltr'>noctu</span> <span class='ocrx_word' id='word_1_590' title='bbox 2254 3663 2406 3717; x_wconf 86' lang='lat' dir='ltr'>viam</span> <span class='ocrx_word' id='word_1_591' title='bbox 2438 3678 2702 3733; x_wconf 82' lang='lat' dir='ltr'>pergere,</span> <span class='ocrx_word' id='word_1_592' title='bbox 2732 3661 2862 3716; x_wconf 89' lang='lat' dir='ltr'>sine</span> <span class='ocrx_word' id='word_1_593' title='bbox 2907 3677 3075 3716; x_wconf 91' lang='lat' dir='ltr'>mora</span> <span class='ocrx_word' id='word_1_594' title='bbox 3132 3660 3267 3715; x_wconf 89' lang='lat' dir='ltr'>illos</span> <span class='ocrx_word' id='word_1_595' title='bbox 3326 3661 3689 3732; x_wconf 89' lang='lat' dir='ltr'>assequeris,</span> 
     </span>
    </p>
   </div>
   <div class='ocr_carea' id='block_1_86' title="bbox 2043 3751 3693 3827">
    <p class='ocr_par' dir='ltr' id='par_1_86' title="bbox 2043 3751 3693 3827">
     <span class='ocr_line' id='line_1_86' title="bbox 2043 3751 3693 3827; baseline -0.002 -17"><span class='ocrx_word' id='word_1_596' title='bbox 2043 3756 2213 3827; x_wconf 86' lang='lat' dir='ltr'>equis</span> <span class='ocrx_word' id='word_1_597' title='bbox 2233 3769 2436 3808; x_wconf 91' lang='lat' dir='ltr'>eorum</span> <span class='ocrx_word' id='word_1_598' title='bbox 2459 3751 2852 3806; x_wconf 88' lang='lat' dir='ltr'>diuturnitate</span> <span class='ocrx_word' id='word_1_599' title='bbox 2876 3751 3107 3806; x_wconf 79' lang='lat' dir='ltr'>itineris</span> <span class='ocrx_word' id='word_1_600' title='bbox 3131 3751 3349 3806; x_wconf 90' lang='lat' dir='ltr'>attritis</span> <span class='ocrx_word' id='word_1_601' title='bbox 3372 3769 3386 3818; x_wconf 93' lang='lat'><strong>;</strong></span> <span class='ocrx_word' id='word_1_602' title='bbox 3412 3751 3693 3822; x_wconf 84' lang='lat' dir='ltr'>ipsosque</span> 
     </span>
    </p>
   </div>
   <div class='ocr_carea' id='block_1_87' title="bbox 2042 3839 3691 3914">
    <p class='ocr_par' dir='ltr' id='par_1_87' title="bbox 2042 3839 3691 3914">
     <span class='ocr_line' id='line_1_87' title="bbox 2042 3839 3691 3914; baseline -0.003 -14"><span class='ocrx_word' id='word_1_603' title='bbox 2042 3845 2363 3900; x_wconf 84' lang='lat' dir='ltr'>exhaustos</span> <span class='ocrx_word' id='word_1_604' title='bbox 2393 3857 2498 3914; x_wconf 91' lang='lat' dir='ltr'>per</span> <span class='ocrx_word' id='word_1_605' title='bbox 2542 3846 2900 3911; x_wconf 88' lang='lat' dir='ltr'>noctemque</span> <span class='ocrx_word' id='word_1_606' title='bbox 2948 3840 3325 3895; x_wconf 88' lang='lat' dir='ltr'>ambulantes</span> <span class='ocrx_word' id='word_1_607' title='bbox 3356 3839 3691 3912; x_wconf 82' lang='lat' dir='ltr'>deprehen-</span> 
     </span>
    </p>
   </div>
   <div class='ocr_carea' id='block_1_88' title="bbox 2043 3929 3692 4002">
    <p class='ocr_par' dir='ltr' id='par_1_88' title="bbox 2043 3929 3692 4002">
     <span class='ocr_line' id='line_1_88' title="bbox 2043 3929 3692 4002; baseline -0.002 -14"><span class='ocrx_word' id='word_1_608' title='bbox 2043 3933 2212 4001; x_wconf 90' lang='lat' dir='ltr'>dens,</span> <span class='ocrx_word' id='word_1_609' title='bbox 2247 3932 2326 4000; x_wconf 93' lang='lat' dir='ltr'>id,</span> <span class='ocrx_word' id='word_1_610' title='bbox 2360 3949 2393 3986; x_wconf 93' lang='grc' dir='ltr'>ο</span> <span class='ocrx_word' id='word_1_611' title='bbox 2426 3930 2564 3993; x_wconf 83' lang='lat' dir='ltr'>dux,</span> <span class='ocrx_word' id='word_1_612' title='bbox 2589 3930 2748 4001; x_wconf 92' lang='lat' dir='ltr'>quod</span> <span class='ocrx_word' id='word_1_613' title='bbox 2771 3946 3008 4002; x_wconf 91' lang='lat' dir='ltr'>semper</span> <span class='ocrx_word' id='word_1_614' title='bbox 3031 3929 3351 4001; x_wconf 64' lang='lat' dir='ltr'>quaesivisti</span> <span class='ocrx_word' id='word_1_615' title='bbox 3376 3935 3585 3986; x_wconf 86' lang='lat' dir='ltr'>nactus</span> <span class='ocrx_word' id='word_1_616' title='bbox 3607 3947 3692 3985; x_wconf 88' lang='lat' dir='ltr'>es.</span> 
     </span>
    </p>
   </div>
   <div class='ocr_carea' id='block_1_89' title="bbox 2042 4021 3693 4095">
    <p class='ocr_par' dir='ltr' id='par_1_89' title="bbox 2042 4021 3693 4095">
     <span class='ocr_line' id='line_1_89' title="bbox 2042 4021 3693 4095; baseline -0.001 -16"><span class='ocrx_word' id='word_1_617' title='bbox 2042 4025 2233 4095; x_wconf 86' lang='lat' dir='ltr'>thue</span> <span class='ocrx_word' id='word_1_618' title='bbox 2265 4023 2526 4094; x_wconf 90' lang='lat' dir='ltr'>primum</span> <span class='ocrx_word' id='word_1_619' title='bbox 2562 4037 2662 4075; x_wconf 92' lang='lat' dir='ltr'>eos</span> <span class='ocrx_word' id='word_1_620' title='bbox 2689 4026 2998 4075; x_wconf 87' lang='lat' dir='ltr'>assecutus</span> <span class='ocrx_word' id='word_1_621' title='bbox 3059 4038 3121 4075; x_wconf 89' lang='lat' dir='ltr'>es</span> <span class='ocrx_word' id='word_1_622' title='bbox 3173 4026 3376 4086; x_wconf 89' lang='lat' dir='ltr'>noctu,</span> <span class='ocrx_word' id='word_1_623' title='bbox 3413 4021 3693 4094; x_wconf 85' lang='lat' dir='ltr'>evestigio</span> 
     </span>
    </p>
   </div>
   <div class='ocr_carea' id='block_1_90' title="bbox 2042 4109 3695 4185">
    <p class='ocr_par' dir='ltr' id='par_1_90' title="bbox 2042 4109 3695 4185">
     <span class='ocr_line' id='line_1_90' title="bbox 2042 4109 3695 4185; baseline -0.001 -17"><span class='ocrx_word' id='word_1_624' title='bbox 2042 4117 2279 4185; x_wconf 90' lang='lat' dir='ltr'>oportet</span> <span class='ocrx_word' id='word_1_625' title='bbox 2304 4112 2473 4183; x_wconf 88' lang='lat' dir='ltr'>signa</span> <span class='ocrx_word' id='word_1_626' title='bbox 2501 4109 2720 4164; x_wconf 89' lang='lat' dir='ltr'>inferre</span> <span class='ocrx_word' id='word_1_627' title='bbox 2752 4110 3031 4180; x_wconf 68' lang='lat' dir='ltr'>praesidio</span> <span class='ocrx_word' id='word_1_628' title='bbox 3065 4109 3223 4180; x_wconf 87' lang='lat' dir='ltr'>quod</span> <span class='ocrx_word' id='word_1_629' title='bbox 3263 4115 3506 4165; x_wconf 89' lang='lat' dir='ltr'>vocatur</span> <span class='ocrx_word' id='word_1_630' title='bbox 3536 4127 3695 4176; x_wconf 88' lang='lat' dir='ltr'>saca,</span> 
     </span>
    </p>
   </div>
   <div class='ocr_carea' id='block_1_91' title="bbox 2042 4198 3697 4272">
    <p class='ocr_par' dir='ltr' id='par_1_91' title="bbox 2042 4198 3697 4272">
     <span class='ocr_line' id='line_1_91' title="bbox 2042 4198 3697 4272; baseline -0.001 -16"><span class='ocrx_word' id='word_1_631' title='bbox 2042 4201 2221 4272; x_wconf 89' lang='lat' dir='ltr'>idque</span> <span class='ocrx_word' id='word_1_632' title='bbox 2254 4215 2361 4270; x_wconf 89' lang='lat' dir='ltr'>per</span> <span class='ocrx_word' id='word_1_633' title='bbox 2413 4198 2663 4270; x_wconf 84' lang='lat' dir='ltr'>pedites,</span> <span class='ocrx_word' id='word_1_634' title='bbox 2725 4215 2876 4268; x_wconf 87' lang='lat' dir='ltr'>quos</span> <span class='ocrx_word' id='word_1_635' title='bbox 2926 4198 3327 4268; x_wconf 88' lang='lat' dir='ltr'>subsequatur</span> <span class='ocrx_word' id='word_1_636' title='bbox 3373 4198 3697 4269; x_wconf 88' lang='lat' dir='ltr'>equitatus.</span> 
     </span>
    </p>
   </div>
   <div class='ocr_carea' id='block_1_92' title="bbox 2041 4286 3694 4359">
    <p class='ocr_par' dir='ltr' id='par_1_92' title="bbox 2041 4286 3694 4359">
     <span class='ocr_line' id='line_1_92' title="bbox 2041 4286 3694 4359; baseline -0.002 -14"><span class='ocrx_word' id='word_1_637' title='bbox 2041 4289 2205 4346; x_wconf 78' lang='lat' dir='ltr'>Alios</span> <span class='ocrx_word' id='word_1_638' title='bbox 2234 4288 2440 4343; x_wconf 88' lang='lat' dir='ltr'>velites</span> <span class='ocrx_word' id='word_1_639' title='bbox 2461 4304 2596 4342; x_wconf 88' lang='lat' dir='ltr'>cum</span> <span class='ocrx_word' id='word_1_640' title='bbox 2616 4286 2919 4357; x_wconf 84' lang='lat' dir='ltr'>equitibus</span> <span class='ocrx_word' id='word_1_641' title='bbox 2938 4288 3232 4358; x_wconf 65' lang='lat' dir='ltr'>praamitte</span> <span class='ocrx_word' id='word_1_642' title='bbox 3253 4304 3358 4358; x_wconf 90' lang='lat' dir='ltr'>per</span> <span class='ocrx_word' id='word_1_643' title='bbox 3371 4293 3694 4359; x_wconf 88' lang='lat' dir='ltr'>utrumque</span> 
     </span>
    </p>
   </div>
   <div class='ocr_carea' id='block_1_93' title="bbox 2037 4375 3694 4448">
    <p class='ocr_par' dir='ltr' id='par_1_93' title="bbox 2037 4375 3694 4448">
     <span class='ocr_line' id='line_1_93' title="bbox 2037 4375 3694 4448; baseline -0.001 -16"><span class='ocrx_word' id='word_1_644' title='bbox 2037 4377 2194 4433; x_wconf 91' lang='lat' dir='ltr'>latus</span> <span class='ocrx_word' id='word_1_645' title='bbox 2225 4378 2467 4448; x_wconf 80' lang='lat' dir='ltr'>viae,qui</span> <span class='ocrx_word' id='word_1_646' title='bbox 2499 4375 2767 4430; x_wconf 86' lang='lat' dir='ltr'>hostibus</span> <span class='ocrx_word' id='word_1_647' title='bbox 2799 4381 3187 4446; x_wconf 71' lang='lat' dir='ltr'>praacurrant,</span> <span class='ocrx_word' id='word_1_648' title='bbox 3203 4391 3424 4446; x_wconf 91' lang='lat' dir='ltr'>eosque</span> <span class='ocrx_word' id='word_1_649' title='bbox 3439 4376 3590 4447; x_wconf 86' lang='lat' dir='ltr'>jube</span> <span class='ocrx_word' id='word_1_650' title='bbox 3623 4392 3694 4431; x_wconf 85' lang='lat' dir='ltr'>ex</span> 
     </span>
    </p>
   </div>
   <div class='ocr_carea' id='block_1_94' title="bbox 2040 4463 3694 4536">
    <p class='ocr_par' dir='ltr' id='par_1_94' title="bbox 2040 4463 3694 4536">
     <span class='ocr_line' id='line_1_94' title="bbox 2040 4463 3694 4536; baseline -0.002 -14"><span class='ocrx_word' id='word_1_651' title='bbox 2040 4472 2375 4523; x_wconf 89' lang='lat' dir='ltr'>transverso</span> <span class='ocrx_word' id='word_1_652' title='bbox 2408 4465 2694 4536; x_wconf 89' lang='lat' dir='ltr'>impetum</span> <span class='ocrx_word' id='word_1_653' title='bbox 2727 4463 2941 4519; x_wconf 89' lang='lat' dir='ltr'>facere.</span> <span class='ocrx_word' id='word_1_654' title='bbox 2975 4463 3059 4518; x_wconf 88' lang='lat' dir='ltr'>lta</span> <span class='ocrx_word' id='word_1_655' title='bbox 3090 4463 3137 4517; x_wconf 91' lang='lat' dir='ltr'>si</span> <span class='ocrx_word' id='word_1_656' title='bbox 3173 4464 3383 4535; x_wconf 89' lang='lat' dir='ltr'>egeris,</span> <span class='ocrx_word' id='word_1_657' title='bbox 3415 4463 3694 4519; x_wconf 89' lang='lat' dir='ltr'>resistere</span> 
     </span>
    </p>
   </div>
   <div class='ocr_carea' id='block_1_95' title="bbox 2038 4551 3692 4627">
    <p class='ocr_par' dir='ltr' id='par_1_95' title="bbox 2038 4551 3692 4627">
     <span class='ocr_line' id='line_1_95' title="bbox 2038 4551 3692 4627; baseline -0.002 -16"><span class='ocrx_word' id='word_1_658' title='bbox 2038 4573 2160 4611; x_wconf 92' lang='lat' dir='ltr'>non</span> <span class='ocrx_word' id='word_1_659' title='bbox 2190 4559 2489 4627; x_wconf 91' lang='lat' dir='ltr'>poterunt,</span> <span class='ocrx_word' id='word_1_660' title='bbox 2524 4552 2627 4608; x_wconf 92' lang='lat' dir='ltr'>sed</span> <span class='ocrx_word' id='word_1_661' title='bbox 2655 4553 2717 4607; x_wconf 89' lang='lat' dir='ltr'>in</span> <span class='ocrx_word' id='word_1_662' title='bbox 2776 4551 2975 4624; x_wconf 84' lang='lat' dir='ltr'>fugam</span> <span class='ocrx_word' id='word_1_663' title='bbox 3008 4568 3069 4607; x_wconf 92' lang='lat' dir='ltr'>se</span> <span class='ocrx_word' id='word_1_664' title='bbox 3127 4551 3474 4623; x_wconf 87' lang='lat' dir='ltr'>conjicient.</span> <span class='ocrx_word' id='word_1_665' title='bbox 3526 4552 3692 4617; x_wconf 91' lang='lat' dir='ltr'>Quod</span> 
     </span>
    </p>
   </div>
   <div class='ocr_carea' id='block_1_96' title="bbox 265 4637 1935 4723">
    <p class='ocr_par' dir='ltr' id='par_1_96' title="bbox 265 4637 1931 4719">
     <span class='ocr_line' id='line_1_96' title="bbox 265 4637 1931 4719; baseline 0.004 -25"><span class='ocrx_word' id='word_1_666' title='bbox 265 4637 683 4696; x_wconf 78' lang='grc' dir='ltr'>ἐκλελοιπότων</span> <span class='ocrx_word' id='word_1_667' title='bbox 723 4640 1018 4718; x_wconf 77' lang='grc' dir='ltr'>ἐπιτύχῃς,</span> <span class='ocrx_word' id='word_1_668' title='bbox 1079 4644 1270 4706; x_wconf 86' lang='grc' dir='ltr'>νυκτὸς</span> <span class='ocrx_word' id='word_1_669' title='bbox 1328 4641 1791 4719; x_wconf 62' lang='grc' dir='ltr'>ὁδοιπορούντων</span> <span class='ocrx_word' id='word_1_670' title='bbox 1840 4644 1931 4700; x_wconf 78' lang='grc' dir='ltr'>καὶ</span> 
     </span>
    </p>
   </div>
   <div class='ocr_carea' id='block_1_97' title="bbox 2046 4637 3692 4723">
    <p class='ocr_par' dir='ltr' id='par_1_97' title="bbox 2046 4642 3692 4715">
     <span class='ocr_line' id='line_1_97' title="bbox 2046 4642 3692 4715; baseline -0.001 -15"><span class='ocrx_word' id='word_1_671' title='bbox 2046 4646 2089 4701; x_wconf 85' lang='lat' dir='ltr'>si</span> <span class='ocrx_word' id='word_1_672' title='bbox 2121 4649 2301 4700; x_wconf 90' lang='lat' dir='ltr'>noctu</span> <span class='ocrx_word' id='word_1_673' title='bbox 2329 4643 2576 4711; x_wconf 88' lang='lat' dir='ltr'>faciunt,</span> <span class='ocrx_word' id='word_1_674' title='bbox 2601 4658 2982 4715; x_wconf 88' lang='lat' dir='ltr'>persequere,</span> <span class='ocrx_word' id='word_1_675' title='bbox 3019 4647 3078 4697; x_wconf 90' lang='lat' dir='ltr'>et</span> <span class='ocrx_word' id='word_1_676' title='bbox 3097 4658 3331 4697; x_wconf 88' lang='lat' dir='ltr'>summo</span> <span class='ocrx_word' id='word_1_677' title='bbox 3355 4642 3535 4697; x_wconf 85' lang='lat' dir='ltr'>exitio</span> <span class='ocrx_word' id='word_1_678' title='bbox 3556 4642 3692 4698; x_wconf 89' lang='lat' dir='ltr'>illos</span> 
     </span>
    </p>
   </div>
   <div class='ocr_carea' id='block_1_98' title="bbox 263 4727 2263 4806">
    <p class='ocr_par' dir='ltr' id='par_1_98' title="bbox 263 4727 2263 4806">
     <span class='ocr_line' id='line_1_98' title="bbox 263 4727 2263 4806; baseline 0.003 -22"><span class='ocrx_word' id='word_1_679' title='bbox 263 4727 443 4799; x_wconf 76' lang='grc' dir='ltr'>εὗρες,</span> <span class='ocrx_word' id='word_1_680' title='bbox 497 4731 791 4806; x_wconf 75' lang='grc' dir='ltr'>στρατηγὶ,</span> <span class='ocrx_word' id='word_1_681' title='bbox 848 4732 912 4787; x_wconf 88' lang='grc' dir='ltr'>τὸ</span> <span class='ocrx_word' id='word_1_682' title='bbox 969 4731 1052 4787; x_wconf 82' lang='grc' dir='ltr'>ἀεί</span> <span class='ocrx_word' id='word_1_683' title='bbox 1111 4754 1196 4786; x_wconf 92' lang='grc' dir='ltr'>σοι</span> <span class='ocrx_word' id='word_1_684' title='bbox 1250 4732 1679 4806; x_wconf 75' lang='grc' dir='ltr'>Ξπιζητούμενον</span> <span class='ocrx_word' id='word_1_685' title='bbox 1761 4737 1933 4791; x_wconf 85' lang='grc' dir='ltr'>Κατα-</span> <span class='ocrx_word' id='word_1_686' title='bbox 2043 4734 2263 4791; x_wconf 88' lang='lat' dir='ltr'>trades.</span> 
     </span>
    </p>
   </div>
   <div class='ocr_carea' id='block_1_99' title="bbox 262 4813 3705 4899">
    <p class='ocr_par' dir='ltr' id='par_1_99' title="bbox 262 4813 3705 4899">
     <span class='ocr_line' id='line_1_99' title="bbox 262 4813 3705 4899; baseline 0.001 -26"><span class='ocrx_word' id='word_1_687' title='bbox 262 4813 651 4892; x_wconf 72' lang='grc' dir='ltr'>Λαμόάνοντός</span> <span class='ocrx_word' id='word_1_688' title='bbox 708 4840 805 4874; x_wconf 90' lang='grc' dir='ltr'>σου</span> <span class='ocrx_word' id='word_1_689' title='bbox 864 4817 921 4875; x_wconf 68' lang='grc' dir='ltr'>δὲ</span> <span class='ocrx_word' id='word_1_690' title='bbox 975 4821 1203 4884; x_wconf 84' lang='grc' dir='ltr'>τούτους</span> <span class='ocrx_word' id='word_1_691' title='bbox 1255 4823 1471 4889; x_wconf 83' lang='grc' dir='ltr'>νυκτὸς,</span> <span class='ocrx_word' id='word_1_692' title='bbox 1530 4821 1648 4878; x_wconf 78' lang='grc' dir='ltr'>δὲον</span> <span class='ocrx_word' id='word_1_693' title='bbox 1730 4822 2037 4899; x_wconf 86' lang='grc' dir='ltr'>παραυτίκα</span> <span class='ocrx_word' id='word_1_694' title='bbox 2100 4822 2345 4895; x_wconf 76' lang='grc' dir='ltr'>πόλεμον</span> <span class='ocrx_word' id='word_1_695' title='bbox 2406 4821 2636 4895; x_wconf 78' lang='grc' dir='ltr'>συνάψαι</span> <span class='ocrx_word' id='word_1_696' title='bbox 2695 4820 2773 4882; x_wconf 83' lang='grc' dir='ltr'>είς</span> <span class='ocrx_word' id='word_1_697' title='bbox 2829 4822 2892 4875; x_wconf 86' lang='grc' dir='ltr'>τὸ</span> <span class='ocrx_word' id='word_1_698' title='bbox 2978 4818 3274 4897; x_wconf 86' lang='grc' dir='ltr'>)εγόμενον</span> <span class='ocrx_word' id='word_1_699' title='bbox 3348 4821 3508 4888; x_wconf 84' lang='grc' dir='ltr'>σάκα,</span> <span class='ocrx_word' id='word_1_700' title='bbox 3569 4822 3705 4893; x_wconf 85' lang='grc' dir='ltr'>μετά</span> 
     </span>
    </p>
   </div>
   <div class='ocr_carea' id='block_1_100' title="bbox 257 4904 3704 4987">
    <p class='ocr_par' dir='ltr' id='par_1_100' title="bbox 257 4904 3704 4987">
     <span class='ocr_line' id='line_1_100' title="bbox 257 4904 3704 4987; baseline 0 -24"><span class='ocrx_word' id='word_1_701' title='bbox 257 4911 472 4978; x_wconf 82' lang='grc' dir='ltr'>πεζῶν,</span> <span class='ocrx_word' id='word_1_702' title='bbox 532 4909 619 4982; x_wconf 89' lang='grc' dir='ltr'>[Ρ.</span> <span class='ocrx_word' id='word_1_703' title='bbox 681 4912 806 4981; x_wconf 81' lang='grc'><strong>164]</strong></span> <span class='ocrx_word' id='word_1_704' title='bbox 865 4909 1480 4967; x_wconf 84' lang='grc' dir='ltr'>συνεπακολουθούντων</span> <span class='ocrx_word' id='word_1_705' title='bbox 1540 4911 1726 4975; x_wconf 80' lang='grc' dir='ltr'>αὐτοῖς</span> <span class='ocrx_word' id='word_1_706' title='bbox 1775 4912 1865 4967; x_wconf 83' lang='grc' dir='ltr'>καὶ</span> <span class='ocrx_word' id='word_1_707' title='bbox 1922 4908 2155 4968; x_wconf 75' lang='grc' dir='ltr'>ἱππέων.</span> <span class='ocrx_word' id='word_1_708' title='bbox 2216 4912 2468 4987; x_wconf 73' lang='grc' dir='ltr'>Ἐτέρους</span> <span class='ocrx_word' id='word_1_709' title='bbox 2526 4908 2584 4964; x_wconf 75' lang='grc' dir='ltr'>δὲ</span> <span class='ocrx_word' id='word_1_710' title='bbox 2637 4914 2747 4964; x_wconf 90' lang='grc' dir='ltr'>τῶν</span> <span class='ocrx_word' id='word_1_711' title='bbox 2805 4906 2983 4982; x_wconf 82' lang='grc' dir='ltr'>ψιλῶν</span> <span class='ocrx_word' id='word_1_712' title='bbox 3079 4910 3198 4981; x_wconf 87' lang='grc' dir='ltr'>μεθ’</span> <span class='ocrx_word' id='word_1_713' title='bbox 3275 4909 3489 4964; x_wconf 79' lang='grc' dir='ltr'>ὶππέων</span> <span class='ocrx_word' id='word_1_714' title='bbox 3549 4904 3704 4978; x_wconf 77' lang='grc' dir='ltr'>ἔνθεν</span> 
     </span>
    </p>
   </div>
   <div class='ocr_carea' id='block_1_101' title="bbox 259 4992 3698 5077">
    <p class='ocr_par' dir='ltr' id='par_1_101' title="bbox 259 4992 3698 5077">
     <span class='ocr_line' id='line_1_101' title="bbox 259 4992 3698 5077; baseline -0.001 -24"><span class='ocrx_word' id='word_1_715' title='bbox 259 4998 516 5061; x_wconf 77' lang='grc' dir='ltr'>κάκεῖθεν</span> <span class='ocrx_word' id='word_1_716' title='bbox 572 5005 673 5068; x_wconf 81' lang='grc' dir='ltr'>τῆς</span> <span class='ocrx_word' id='word_1_717' title='bbox 734 4997 868 5054; x_wconf 77' lang='grc' dir='ltr'>ὁδοῦ</span> <span class='ocrx_word' id='word_1_718' title='bbox 916 4992 1222 5076; x_wconf 79' lang='grc' dir='ltr'>ἔμπροσθεν</span> <span class='ocrx_word' id='word_1_719' title='bbox 1276 5002 1521 5077; x_wconf 73' lang='grc' dir='ltr'>γενέσθαι</span> <span class='ocrx_word' id='word_1_720' title='bbox 1579 4999 1685 5056; x_wconf 84' lang='grc' dir='ltr'>τῶν</span> <span class='ocrx_word' id='word_1_721' title='bbox 1738 4999 2025 5075; x_wconf 89' lang='grc' dir='ltr'>πολεμίων</span> <span class='ocrx_word' id='word_1_722' title='bbox 2069 5000 2418 5073; x_wconf 72' lang='grc' dir='ltr'>ἀπόστειλον,</span> <span class='ocrx_word' id='word_1_723' title='bbox 2475 4999 2565 5055; x_wconf 83' lang='grc' dir='ltr'>καὶ</span> <span class='ocrx_word' id='word_1_724' title='bbox 2623 4997 2683 5054; x_wconf 82' lang='grc' dir='ltr'>ἐκ</span> <span class='ocrx_word' id='word_1_725' title='bbox 2736 4997 2977 5074; x_wconf 90' lang='grc' dir='ltr'>πλαγίου</span> <span class='ocrx_word' id='word_1_726' title='bbox 3034 4999 3124 5053; x_wconf 86' lang='grc' dir='ltr'>καὶ</span> <span class='ocrx_word' id='word_1_727' title='bbox 3206 4997 3405 5059; x_wconf 80' lang='grc' dir='ltr'>αὐτοὺς</span> <span class='ocrx_word' id='word_1_728' title='bbox 3451 4995 3698 5070; x_wconf 75' lang='grc' dir='ltr'>πόλεμον</span> 
     </span>
    </p>
   </div>
   <div class='ocr_carea' id='block_1_102' title="bbox 260 5081 3703 5165">
    <p class='ocr_par' dir='ltr' id='par_1_102' title="bbox 260 5081 3703 5165">
     <span class='ocr_line' id='line_1_102' title="bbox 260 5081 3703 5165; baseline -0.001 -23"><span class='ocrx_word' id='word_1_729' title='bbox 260 5081 605 5162; x_wconf 74' lang='grc' dir='ltr'>προσϐαλεῖν</span> <span class='ocrx_word' id='word_1_730' title='bbox 663 5089 985 5159; x_wconf 79' lang='grc' dir='ltr'>πρόσταξον.</span> <span class='ocrx_word' id='word_1_731' title='bbox 1050 5089 1153 5145; x_wconf 55' lang='grc' dir='ltr'>Καὶ</span> <span class='ocrx_word' id='word_1_732' title='bbox 1213 5090 1387 5155; x_wconf 79' lang='grc' dir='ltr'>οὕτως</span> <span class='ocrx_word' id='word_1_733' title='bbox 1442 5090 1731 5153; x_wconf 75' lang='grc' dir='ltr'>ποιοῦντός</span> <span class='ocrx_word' id='word_1_734' title='bbox 1789 5113 1908 5163; x_wconf 90' lang='grc' dir='ltr'>σου,</span> <span class='ocrx_word' id='word_1_735' title='bbox 1967 5091 2030 5146; x_wconf 81' lang='grc' dir='ltr'>ού</span> <span class='ocrx_word' id='word_1_736' title='bbox 2090 5089 2415 5162; x_wconf 75' lang='grc' dir='ltr'>δυνήσονται</span> <span class='ocrx_word' id='word_1_737' title='bbox 2481 5089 2813 5159; x_wconf 77' lang='grc' dir='ltr'>ἀντιστῆναι,</span> <span class='ocrx_word' id='word_1_738' title='bbox 2868 5085 3015 5144; x_wconf 83' lang='grc' dir='ltr'>ἀλλά</span> <span class='ocrx_word' id='word_1_739' title='bbox 3070 5088 3209 5161; x_wconf 87' lang='grc' dir='ltr'>πρὸς</span> <span class='ocrx_word' id='word_1_740' title='bbox 3260 5089 3434 5165; x_wconf 78' lang='grc' dir='ltr'>φυγὴν</span> <span class='ocrx_word' id='word_1_741' title='bbox 3520 5087 3703 5160; x_wconf 73' lang='grc' dir='ltr'>ὁρμή-</span> 
     </span>
    </p>
   </div>
   <div class='ocr_carea' id='block_1_103' title="bbox 266 5174 3702 5256">
    <p class='ocr_par' dir='ltr' id='par_1_103' title="bbox 266 5174 3702 5256">
     <span class='ocr_line' id='line_1_103' title="bbox 266 5174 3702 5256; baseline -0.001 -25"><span class='ocrx_word' id='word_1_742' title='bbox 266 5195 450 5234; x_wconf 91' lang='grc' dir='ltr'>σουσι.</span> <span class='ocrx_word' id='word_1_743' title='bbox 509 5176 614 5233; x_wconf 81' lang='grc' dir='ltr'>Καὶ</span> <span class='ocrx_word' id='word_1_744' title='bbox 674 5175 721 5232; x_wconf 74' lang='grc' dir='ltr'>εί</span> <span class='ocrx_word' id='word_1_745' title='bbox 773 5180 936 5233; x_wconf 76' lang='grc' dir='ltr'>τοῦτο</span> <span class='ocrx_word' id='word_1_746' title='bbox 994 5178 1185 5242; x_wconf 86' lang='grc' dir='ltr'>νυκτὸς</span> <span class='ocrx_word' id='word_1_747' title='bbox 1240 5179 1523 5256; x_wconf 82' lang='grc' dir='ltr'>πράξουσι,</span> <span class='ocrx_word' id='word_1_748' title='bbox 1580 5177 1913 5252; x_wconf 82' lang='grc' dir='ltr'>καταδίωξον</span> <span class='ocrx_word' id='word_1_749' title='bbox 1970 5179 2191 5249; x_wconf 76' lang='grc' dir='ltr'>αὐτοὺς,</span> <span class='ocrx_word' id='word_1_750' title='bbox 2244 5179 2336 5234; x_wconf 81' lang='grc' dir='ltr'>καὶ</span> <span class='ocrx_word' id='word_1_751' title='bbox 2389 5177 2585 5251; x_wconf 85' lang='grc' dir='ltr'>τελείῳ</span> <span class='ocrx_word' id='word_1_752' title='bbox 2662 5177 2890 5240; x_wconf 85' lang='grc' dir='ltr'>τούτους</span> <span class='ocrx_word' id='word_1_753' title='bbox 2968 5174 3308 5253; x_wconf 85' lang='grc' dir='ltr'>παραδώσεις</span> <span class='ocrx_word' id='word_1_754' title='bbox 3381 5175 3702 5253; x_wconf 81' lang='grc' dir='ltr'>ἀφανισμῷ.</span> 
     </span>
    </p>
   </div>
   <div class='ocr_carea' id='block_1_104' title="bbox 605 5267 1588 5342">
    <p class='ocr_par' dir='ltr' id='par_1_104' title="bbox 605 5267 1588 5342">
     <span class='ocr_line' id='line_1_104' title="bbox 605 5267 1588 5342; baseline 0.004 -21"><span class='ocrx_word' id='word_1_755' title='bbox 605 5267 772 5325; x_wconf 79' lang='grc' dir='ltr'>ΚΕΦ.</span> <span class='ocrx_word' id='word_1_756' title='bbox 806 5267 928 5324; x_wconf 82' lang='grc' dir='ltr'><strong>ΚΔ“.</strong></span> <span class='ocrx_word' id='word_1_757' title='bbox 962 5270 1095 5340; x_wconf 76' lang='grc' dir='ltr'>Περὶ</span> <span class='ocrx_word' id='word_1_758' title='bbox 1124 5268 1588 5342; x_wconf 76' lang='grc' dir='ltr'>νυκτοπολέμου.</span> 
     </span>
    </p>
   </div>
   <div class='ocr_carea' id='block_1_105' title="bbox 335 5350 1932 5433">
    <p class='ocr_par' dir='ltr' id='par_1_105' title="bbox 335 5350 1932 5433">
     <span class='ocr_line' id='line_1_105' title="bbox 335 5350 1932 5433; baseline 0.003 -24"><span class='ocrx_word' id='word_1_759' title='bbox 335 5353 404 5409; x_wconf 70' lang='lat' dir='ltr'>E‘?</span> <span class='ocrx_word' id='word_1_760' title='bbox 434 5350 494 5409; x_wconf 71' lang='grc' dir='ltr'>δὶ</span> <span class='ocrx_word' id='word_1_761' title='bbox 539 5354 619 5417; x_wconf 83' lang='grc' dir='ltr'>είς</span> <span class='ocrx_word' id='word_1_762' title='bbox 664 5354 846 5429; x_wconf 80' lang='grc' dir='ltr'>ὲτὲραν</span> <span class='ocrx_word' id='word_1_763' title='bbox 892 5350 1096 5413; x_wconf 79' lang='grc' dir='ltr'>ἔλθωσι</span> <span class='ocrx_word' id='word_1_764' title='bbox 1152 5357 1386 5433; x_wconf 79' lang='grc' dir='ltr'>βουλήν,</span> <span class='ocrx_word' id='word_1_765' title='bbox 1437 5359 1574 5415; x_wconf 82' lang='grc' dir='ltr'>κατά</span> <span class='ocrx_word' id='word_1_766' title='bbox 1616 5361 1681 5415; x_wconf 85' lang='grc' dir='ltr'>τὸ</span> <span class='ocrx_word' id='word_1_767' title='bbox 1738 5357 1932 5415; x_wconf 77' lang='grc' dir='ltr'>δοκοῦν</span> 
     </span>
    </p>
   </div>
   <div class='ocr_carea' id='block_1_106' title="bbox 261 5443 1933 5517">
    <p class='ocr_par' dir='ltr' id='par_1_106' title="bbox 261 5443 1933 5517">
     <span class='ocr_line' id='line_1_106' title="bbox 261 5443 1933 5517; baseline 0.003 -17"><span class='ocrx_word' id='word_1_768' title='bbox 261 5443 483 5516; x_wconf 79' lang='grc' dir='ltr'>αὐτοῖς,</span> <span class='ocrx_word' id='word_1_769' title='bbox 542 5444 955 5514; x_wconf 71' lang='grc' dir='ltr'>λυσιτελοῦσαν,</span> <span class='ocrx_word' id='word_1_770' title='bbox 1012 5446 1103 5503; x_wconf 79' lang='grc' dir='ltr'>καὶ</span> <span class='ocrx_word' id='word_1_771' title='bbox 1185 5448 1344 5517; x_wconf 77' lang='grc' dir='ltr'>ἡνίκα</span> <span class='ocrx_word' id='word_1_772' title='bbox 1415 5469 1472 5504; x_wconf 90' lang='grc' dir='ltr'>σε</span> <span class='ocrx_word' id='word_1_773' title='bbox 1552 5445 1933 5505; x_wconf 79' lang='grc' dir='ltr'>καταλαϐόντα</span> 
     </span>
    </p>
   </div>
   <div class='ocr_carea' id='block_1_107' title="bbox 2274 5267 3459 5327">
    <p class='ocr_par' dir='ltr' id='par_1_107' title="bbox 2274 5267 3459 5327">
     <span class='ocr_line' id='line_1_107' title="bbox 2274 5267 3459 5327; baseline -0.005 -2"><span class='ocrx_word' id='word_1_774' title='bbox 2274 5272 2406 5327; x_wconf 77' lang='lat' dir='ltr'>CAP.</span> <span class='ocrx_word' id='word_1_775' title='bbox 2438 5270 2639 5325; x_wconf 79' lang='lat' dir='ltr'><strong>XXIV.</strong></span> <span class='ocrx_word' id='word_1_776' title='bbox 2675 5270 2746 5325; x_wconf 84' lang='lat' dir='ltr'>De</span> <span class='ocrx_word' id='word_1_777' title='bbox 2775 5267 3134 5324; x_wconf 80' lang='lat' dir='ltr'>dimicatione</span> <span class='ocrx_word' id='word_1_778' title='bbox 3160 5271 3459 5322; x_wconf 81' lang='lat' dir='ltr'>nocturna.</span> 
     </span>
    </p>
   </div>
   <div class='ocr_carea' id='block_1_108' title="bbox 2116 5351 3698 5430">
    <p class='ocr_par' dir='ltr' id='par_1_108' title="bbox 2116 5351 3698 5430">
     <span class='ocr_line' id='line_1_108' title="bbox 2116 5351 3698 5430; baseline -0.004 -15"><span class='ocrx_word' id='word_1_779' title='bbox 2116 5360 2171 5415; x_wconf 92' lang='lat' dir='ltr'>Si</span> <span class='ocrx_word' id='word_1_780' title='bbox 2202 5375 2339 5415; x_wconf 93' lang='lat' dir='ltr'>vero</span> <span class='ocrx_word' id='word_1_781' title='bbox 2374 5361 2435 5414; x_wconf 92' lang='lat' dir='ltr'>in</span> <span class='ocrx_word' id='word_1_782' title='bbox 2467 5358 2645 5414; x_wconf 87' lang='lat' dir='ltr'>aliam</span> <span class='ocrx_word' id='word_1_783' title='bbox 2692 5358 3112 5430; x_wconf 89' lang='lat' dir='ltr'>cogitationem</span> <span class='ocrx_word' id='word_1_784' title='bbox 3142 5354 3406 5423; x_wconf 87' lang='lat' dir='ltr'>veniunt,</span> <span class='ocrx_word' id='word_1_785' title='bbox 3442 5351 3574 5419; x_wconf 85' lang='lat' dir='ltr'>sibi,</span> <span class='ocrx_word' id='word_1_786' title='bbox 3604 5368 3698 5408; x_wconf 87' lang='lat' dir='ltr'>se-</span> 
     </span>
    </p>
   </div>
   <div class='ocr_carea' id='block_1_109' title="bbox 2041 5441 3700 5521">
    <p class='ocr_par' dir='ltr' id='par_1_109' title="bbox 2041 5441 3700 5521">
     <span class='ocr_line' id='line_1_109' title="bbox 2041 5441 3700 5521; baseline -0.006 -16"><span class='ocrx_word' id='word_1_787' title='bbox 2041 5449 2305 5505; x_wconf 90' lang='lat' dir='ltr'>cundum</span> <span class='ocrx_word' id='word_1_788' title='bbox 2336 5448 2515 5521; x_wconf 85' lang='lat' dir='ltr'>ipsos,</span> <span class='ocrx_word' id='word_1_789' title='bbox 2541 5448 2882 5515; x_wconf 86' lang='lat' dir='ltr'>salutarem,</span> <span class='ocrx_word' id='word_1_790' title='bbox 2908 5452 2987 5515; x_wconf 88' lang='lat' dir='ltr'>et,</span> <span class='ocrx_word' id='word_1_791' title='bbox 3015 5445 3273 5501; x_wconf 87' lang='lat' dir='ltr'>adventu</span> <span class='ocrx_word' id='word_1_792' title='bbox 3298 5447 3398 5497; x_wconf 86' lang='lat' dir='ltr'>tuo</span> <span class='ocrx_word' id='word_1_793' title='bbox 3438 5441 3700 5513; x_wconf 86' lang='lat' dir='ltr'>cognito,</span> 
     </span>
    </p>
   </div>
   <div class='ocr_carea' id='block_1_110' title="bbox 1481 5591 2486 5651">
    <p class='ocr_par' dir='ltr' id='par_1_110' title="bbox 1481 5591 2486 5651">
     <span class='ocr_line' id='line_1_110' title="bbox 1481 5591 2486 5651; baseline -0.001 -2"><span class='ocrx_word' id='word_1_794' title='bbox 1481 5594 1544 5651; x_wconf 86' lang='lat' dir='ltr'>C.</span> <span class='ocrx_word' id='word_1_795' title='bbox 1586 5596 1649 5650; x_wconf 87' lang='grc' dir='ltr'><strong>Β.</strong></span> <span class='ocrx_word' id='word_1_796' title='bbox 1693 5591 2486 5651; x_wconf 77' lang='lat' dir='ltr'>HASlI&#39;ANNOTATIONES.</span> 
     </span>
    </p>
   </div>
   <div class='ocr_carea' id='block_1_111' title="bbox 341 5732 1255 5809">
    <p class='ocr_par' dir='ltr' id='par_1_111' title="bbox 341 5732 1255 5809">
     <span class='ocr_line' id='line_1_111' title="bbox 341 5732 1255 5809; baseline 0.003 -20"><span class='ocrx_word' id='word_1_797' title='bbox 341 5735 393 5773; x_wconf 79' lang='grc'><strong><em>⁸⁸</em></strong></span> <span class='ocrx_word' id='word_1_798' title='bbox 422 5732 729 5809; x_wconf 70' lang='grc' dir='ltr'>ἐξεθίμεθα.</span> <span class='ocrx_word' id='word_1_799' title='bbox 764 5735 892 5792; x_wconf 76' lang='grc' dir='ltr'>νιά.</span> <span class='ocrx_word' id='word_1_800' title='bbox 922 5753 1101 5809; x_wconf 81' lang='lat' dir='ltr'>supra</span> <span class='ocrx_word' id='word_1_801' title='bbox 1137 5737 1255 5793; x_wconf 81' lang='lat'>122.</span> 
     </span>
    </p>
   </div>
   <div class='ocr_carea' id='block_1_112' title="bbox 596 5867 1308 5933">
    <p class='ocr_par' dir='ltr' id='par_1_112' title="bbox 596 5867 1308 5933">
     <span class='ocr_line' id='line_1_112' title="bbox 596 5867 1308 5933; baseline -0.006 0"><span class='ocrx_word' id='word_1_802' title='bbox 596 5868 862 5933; x_wconf 75' lang='grc' dir='ltr'>ΡΔτιιοι..</span> <span class='ocrx_word' id='word_1_803' title='bbox 908 5870 1024 5930; x_wconf 73' lang='lat' dir='ltr'>Gn.</span> <span class='ocrx_word' id='word_1_804' title='bbox 1068 5867 1308 5932; x_wconf 83' lang='lat' dir='ltr'>CXVII.</span> 
     </span>
    </p>
   </div>
  </div>
