4096 6428
128 0 1523 27 ..ι-...Μ

386 387 546 448 1003

1694 370 2136 434 NICEPHORI
2177 365 2484 428 ΡΗΟΟᾸΞ.

3655 366 3818 431 1ω4

388 521 498 578 sub
522 523 756 576 noctem
786 511 1188 570 tabernaculis
1234 510 1471 566 statutis
1519 508 1854 577 consident,
1900 511 2029 561 tunc

2156 499 2451 566 αἶ’σθωνται
2501 503 2692 566 νυκτὸς
2754 502 3164 573 ἀπληκιύσωσι,
3230 504 3327 566 τᾶς
3385 503 3591 572 σκηνὰς
3643 504 3820 576 πηξά-

386 625 650 684 pugnam
677 610 1031 662 nocturnam
1065 618 1198 656 cum
1224 600 1349 656 illis
1380 599 1739 655 committes.
1773 595 2051 652 Prmlium

390 706 590 756 autem
649 698 908 751 intruere
960 694 1117 749 254
1177 695 1411 763 oportet
1467 688 1748 745 adversus
1806 687 1941 741 illos
1985 686 2047 740 in

389 791 547 844 hunc
576 785 819 842 modum
845 802 856 839 :
887 785 973 838 Tu
1005 798 1038 837 a
1066 787 1226 853 tergo
1262 797 1398 835 cum
1432 779 1693 851 pedestri
1724 778 1848 832 acie
1881 776 2050 848 signa

386 878 654 933 inferes.
717 872 1002 944 Reliquos
1072 870 1380 942 pedestres
1429 884 1711 923 numeros
1772 864 2047 921 distribui

387 970 621 1039 oportet
650 964 713 1018 in
740 967 937 1034 partes
963 978 1088 1027 sex,
1114 966 1355 1030 tresque
1387 975 1494 1029 per
1517 956 1828 1026 obliquum
1863 973 1892 1010 e
1917 954 2051 1009 dex-

387 1062 477 1111 tro
509 1056 696 1110 latere
726 1052 1015 1117 hostium,
1051 1055 1170 1104 tres
1203 1066 1272 1103 ex
1306 1048 1547 1103 sinistro
1574 1045 1782 1111 locari,
1819 1044 1868 1099 si
1902 1044 2043 1115 qui-

385 1146 523 1200 dem
557 1160 659 1198 eos
690 1147 906 1197 natura
926 1138 1045 1194 loci
1076 1143 1270 1193 castra
1301 1138 1362 1191 in
1394 1134 1831 1207 longitudinem
1862 1133 2047 1206 porri-

386 1251 527 1307 gere
562 1232 794 1304 coegit:
820 1230 1046 1286 distent
1074 1234 1275 1283 autem
1308 1227 1398 1282 hee
1421 1226 1578 1282 acies
1608 1224 1765 1280 inter
1783 1240 1846 1278 se
1876 1223 2046 1294 quasi

387 1324 614 1395 sagitta)
638 1322 891 1393 jactum,
926 1325 1030 1374 aut
1060 1316 1237 1389 paulo
1272 1316 1495 1372 minus.
1532 1314 1839 1384 solamque
1871 1328 2041 1383 aper-

386 1418 508 1468 tam
532 1418 592 1467 et
612 1407 1043 1465 incustoditam
1072 1405 1417 1476 relinquant
1437 1404 1590 1458 viam
1614 1402 1804 1469 illam,
1824 1418 1940 1472 qua
1970 1400 2044 1456 ad

390 1502 641 1574 patriam
675 1498 1052 1568 salutemque
1084 1494 1409 1550 adversarii
1434 1492 1741 1564 pervenire
1773 1489 2041 1561 possint:

384 1597 472 1661 ut,
504 1590 795 1646 acerrimo
828 1587 1053 1657 impetu
1085 1585 1144 1639 in
1177 1600 1279 1639 eos
1310 1583 1483 1650 facto,
1508 1588 1566 1636 et
1589 1582 1743 1635 viam
1775 1585 2043 1652 apertam

387 1680 715 1746 inveniant,
734 1683 791 1732 et
805 1692 908 1748 spe
922 1675 1071 1731 falsa
1086 1673 1334 1740 inducti,
1352 1689 1412 1727 se
1432 1671 1765 1727 incolumes
1783 1686 2043 1743 pugnam

389 1770 647 1841 effugere
679 1766 1041 1835 domumque
1085 1761 1392 1834 pervenire
1442 1776 1615 1833 posse
1651 1803 1664 1828 ,
1698 1760 2043 1814 conscensis

385 1858 555 1929 equis
589 1873 657 1911 ea
686 1855 835 1928 fugae
869 1870 931 1908 se
962 1852 1296 1914 comittant.
1331 1856 1681 1920 tantumque
1714 1866 1835 1904 suae
1877 1849 2042 1919 quis-
2075 1868 2120 1934 Β

386 1964 501 2018 que
534 1946 745 2001 salutis
776 1943 1070 1998 rationem
1104 1940 1341 1996 habeat.
1379 1940 1435 1994 Si
1464 1956 1586 1993 non
1618 1939 1679 1992 in
1712 1937 2035 2008 longitudi.

388 2053 527 2092 nem
557 2036 952 2106 porrexerunt
980 2036 1196 2097 castra,
1248 2028 1353 2085 sed
1394 2028 1664 2084 locorum
1696 2028 1846 2083 situs
1877 2026 2039 2081 orbi-

386 2125 584 2181 culata
612 2140 683 2179 ea
714 2122 928 2187 effecit,
983 2125 1216 2192 oportet
1246 2124 1303 2173 te
1343 2117 1650 2190 pedestres
1709 2117 1867 2172 acies
1925 2116 2037 2172 cir—

385 2216 685 2271 cumcirca
733 2212 1126 2269 collocantem
1170 2210 1406 2282 jubere,
1457 2214 1523 2263 ut
1561 2207 1635 2263 ad
1666 2224 1925 2280 pugnam
1974 2224 2037 2262 se

384 2309 637 2376 parent:
672 2304 866 2358 solum
926 2305 1148 2366 autem,
1208 2305 1275 2354 ut
1331 2298 1666 2365 docuimus,
1726 2297 1876 2352 illud
1924 2296 2038 2350 iter

384 2394 642 2448 liberum
693 2396 752 2446 et
798 2396 1071 2461 apertum
1121 2388 1488 2457 relinquere,
1533 2384 1692 2456 quod
1722 2384 1796 2439 ad
1825 2384 2034 2439 adver-

380 2483 675 2538 sariorum
708 2481 857 2536 fines
881 2479 1062 2534 ducit.
1097 2479 1418 2547 Postquam
1440 2474 1768 2546 peditatum
1792 2475 1853 2529 in
1875 2474 2033 2529 hunc

378 2571 621 2627 modum
654 2569 1030 2634 instruxeris,
1058 2566 1203 2637 jube
1233 2581 1370 2620 eum
1405 2581 1525 2619 non
1547 2563 1756 2634 procul
1790 2564 1862 2618 ab
1895 2563 2029 2618 hos-

379 2661 539 2715 tibus
570 2659 905 2726 considere,
948 2658 1236 2730 ignesque
1268 2670 1483 2725 magno
1515 2669 1766 2708 numero
1820 2670 2031 2708 accen-

374 2750 535 2805 dere.
570 2751 751 2804 Porro
784 2748 845 2801 in
890 2760 1250 2816 unaquaque
1298 2742 1559 2814 pedestri
1609 2742 1734 2797 acie
1783 2743 2030 2813 praefec-

378 2845 503 2895 tum
532 2838 861 2894 constitues
898 2834 1150 2907 probum
1208 2838 1267 2888 et
1324 2832 1539 2887 fortem
1592 2831 1829 2886 virum:
1884 2832 2028 2887 item

371 2945 506 2983 cum
540 2928 660 2982 illis
680 2927 911 2997 equites
943 2924 1015 2980 ad
1050 2921 1314 2995 singulas
1335 2920 1623 2991 acies,qui
1647 2937 1681 2975 a
1701 2926 1864 2993 tergo
1888 2920 2028 2976 sub-

371 3018 513 3083 sint,
547 3017 596 3071 si
626 3032 734 3088 per
762 3015 962 3070 locum
993 3012 1171 3077 dicet,
1203 3028 1337 3066 cum
1369 3009 1620 3065 ducibus
1647 3009 1898 3067 idoneis.
1925 3011 2025 3066 His

374 3103 789 3174 obtemperare
813 3099 1056 3172 jubebis
1092 3114 1300 3153 omnes
1332 3097 1572 3163 milites,
1609 3096 1787 3152 etiam
1810 3097 2021 3168 pedes-

371 3193 556 3247 trium
587 3190 870 3246 acierum.
905 3188 1005 3243 His
1029 3188 1108 3242 ita
1129 3185 1772 3257 administratis,deligi
1794 3194 2026 3258 oportet

369 3282 579 3336 velites
609 3280 761 3337 255
794 3278 977 3333 fortes
1035 3283 1094 3332 et
1130 3276 1557 3343 velocissimos,
1618 3292 1838 3347 eosque
1869 3296 2018 3349 pra:-

367 3371 547 3437 mitti,
571 3374 637 3424 ut
657 3368 894 3424 silentio
916 3367 1214 3440 progressi
1239 3382 1416 3437 quam
1439 3365 1709 3437 proxime
1728 3365 1801 3421 ad
1822 3367 2022 3423 hostes

368 3458 674 3525 accedant,
710 3457 794 3513 sic
826 3457 1040 3523 edocti,
1073 3461 1139 3510 ut
1170 3455 1362 3526 primo
1395 3453 1496 3525 qui
1534 3455 1709 3525 juxta
1757 3455 2020 3511 medium

362 3565 575 3617 agmen
598 3548 736 3613 sint,
770 3547 1061 3618 impetum
1082 3544 1325 3610 faciant,
1359 3542 1577 3597 deinde
1608 3544 1709 3615 qui
1739 3561 1774 3599 a
1802 3544 2015 3602 fronte.

361 3637 527 3703 Quod
560 3638 610 3692 si
632 3653 702 3691 ex
734 3642 987 3705 utroque
1020 3634 1205 3688 latere
1263 3632 1428 3686 locus
1486 3632 1784 3703 fastigium
1818 3632 2013 3690 habet.

360 3727 668 3797 pedestres
705 3726 863 3780 acies
923 3724 983 3777 in
1016 3722 1285 3777 hostes...
1349 3720 1668 3775 adversarii
1719 3722 2015 3778 manuali-

360 3815 469 3869 bus
503 3820 562 3869 et
582 3812 929 3869 fundalibus
988 3810 1167 3876 saxis,
1228 3809 1573 3881 sagittisque
1630 3810 1912 3882 utrinque
1944 3828 2014 3867 ex

360 3903 510 3958 locis
559 3901 964 3973 superioribus
1024 3900 1290 3971 appetiti,
1349 3899 1515 3954 nullo
1573 3900 1808 3972 negotio
1839 3900 2012 3973 disji-

361 3993 617 4047 cientur.
654 3992 711 4046 Si
734 4008 854 4047 non
889 3991 972 4045 sic
1004 4007 1065 4045 se
1099 3990 1274 4045 habet
1307 3989 1573 4044 locorum
1606 3991 1774 4055 situs,
1808 3991 1910 4045 sed
1942 3996 2012 4046 ex

360 4080 549 4137 altera
576 4081 864 4136 duntaxat
892 4084 1058 4151 parte
1090 4079 1389 4149 fastigium
1412 4078 1707 4145 imminet,
1736 4079 2012 4134 similiter

358 4169 497 4226 inde
526 4169 761 4225 facilius
780 4184 920 4223 saxa
942 4168 1241 4240 etsagittm
1268 4168 1327 4221 in
1347 4167 1483 4222 illos
1513 4166 1890 4237 adjicientnr.
1907 4168 2007 4223 Sin

355 4264 555 4315 autem
588 4259 650 4314 in
699 4258 947 4330 planitie
1004 4274 1099 4312 res
1157 4258 1403 4329 geritur,
1463 4255 1679 4327 majori
1731 4256 2007 4313 cautione

351 4348 617 4405 ineunda
652 4364 849 4420 pugna
906 4352 1014 4402 est.
1071 4346 1279 4401 Hostes
1314 4347 1362 4400 si
1396 4344 1605 4398 volunt
1661 4347 2004 4402 conscensis

350 4438 518 4509 equis
550 4437 612 4492 in
644 4442 881 4492 nostros
914 4436 1203 4507 impetum
1244 4434 1462 4501 facere,
1504 4431 1777 4489 velitibus
1808 4451 1842 4489 a
1872 4434 2001 4492 loco

346 4526 567 4598 adjutis
597 4524 1045 4581 incommodum
1075 4523 1310 4578 nullum
1344 4520 1625 4589 inferent,
1658 4522 1761 4577 sed
1795 4540 1855 4579 se
1887 4525 1999 4596 ipsi

2158 612 2336 664 μενοι,
2368 591 2492 645 τότε
2525 591 2935 665 νυκτοπόλεμον
2994 594 3109 647 κατ’
3156 590 3333 646 αὐτῶν
3386 589 3611 666 ἐργάσῃ.
3663 594 3822 663 Πλὴν

2157 679 2331 743 οὕτως
2362 702 2421 735 σε
2445 681 2537 735 τὸν
2568 682 2687 735 κατ’
2717 682 2896 736 αὐτῶν
2928 682 3043 757 χρή
3108 678 3371 743 διαθεῖναι
3416 679 3685 754 πόλεμον’
3736 682 3819 738 Σὺ

2158 769 2255 841 μὲν
2286 769 2347 824 ἐκ
2392 774 2500 825 τῶν
2554 770 2772 825 ὄπισθεν
2838 771 2972 844 μετὰ
3024 774 3253 840 πεζικῆς
3310 772 3660 846 παρατάξειι.ς
3713 775 3817 843 τήν

2154 862 2478 941 προσϐολὴν
2538 872 2813 939 ποιήσεις.
2864 872 2971 931 Τὰς
3021 868 3077 925 δὲ
3125 868 3323 933 λοιπὰς
3370 871 3593 940 πεζικὰς
3637 872 3819 942 τάξεις

2155 953 2357 1012 διελεῖν
2391 960 2502 1033 χρὴ
2542 958 2616 1021 εἷς
2676 956 2727 1030 ἔξ
2783 956 3032 1032 μερίδας,
3091 959 3182 1014 καί
3228 965 3374 1034 τρεῖς
3423 960 3519 1033 μὶν
3564 961 3700 1016 κατὰ
3753 963 3817 1017 τὸ

2154 1043 2324 1117 δεξιὸν
2360 1051 2466 1101 τῶν
2499 1046 2786 1121 πολεμίων
2818 1048 2877 1103 ἐκ
2907 1047 3150 1123 πλαγίου
3182 1047 3383 1118 αὐτῶν,
3416 1053 3565 1124 τρεῖς
3600 1046 3656 1105 δὶ
3678 1051 3820 1105 κατά

2150 1134 2213 1188 τὸ
2254 1134 2536 1208 εὐῳνυμον
2568 1143 2923 1205 καταστῆσαι,
2958 1135 3012 1191 εἷ’
3033 1158 3092 1213 γε
3116 1135 3192 1200 είς
3221 1144 3398 1211 μῆκος
3428 1139 3462 1207 ἡ
3496 1142 3593 1193 τοῦ
3639 1140 3821 1195 τόπου

2154 1222 2295 1287 θέσιι,
2325 1224 2387 1278 τὸ
2430 1224 2632 1279 ἑαυτῶν
2686 1222 2971 1295 ἄπληκτον
3028 1233 3365 1295 καταστῆσαι
3408 1230 3819 1304 καταναγκάσῃ,

2152 1312 2465 1388 ἀπεχούσας
2515 1312 2782 1385 ἀλλήλων
2840 1314 2969 1369 ὡσεὶ
3021 1315 3182 1386 τόξου
3242 1314 3443 1391 βολήν,
3476 1313 3512 1385 ἤ
3568 1317 3659 1372 καὶ
3724 1341 3817 1390 μι-

2150 1401 2277 1475 κρὸν
2333 1400 2582 1458 ἔλαττον·
2646 1401 2817 1476 μόνην
2891 1400 3245 1478 ἀνεῳγμένην
3329 1403 3419 1459 καὶ
3498 1404 3813 1483 ἀφύλακτον

2150 1489 2665 1563 καταλιμπάνουσαι
2698 1492 2796 1561 τὴν
2832 1488 2981 1553 ὁδὸν,
3020 1494 3122 1562 τήν
3165 1493 3303 1566 πρὸς
3350 1492 3416 1548 τά
3467 1494 3642 1550 οἰκεῖα
3685 1498 3817 1558 τοὺς

2150 1579 2456 1652 πολεμίους
2512 1578 2905 1650 διασώζουσαν·
2965 1583 3115 1646 ὅπως
3177 1579 3572 1657 σφοδρωτάτου
3622 1587 3816 1649 αὐτοῖς

2151 1666 2493 1733 ἐπιτεθέντος
2521 1674 2618 1724 τοῦ
2656 1668 2930 1743 πολέμου,
2989 1672 3080 1725 καὶ
3137 1673 3237 1740 τήν
3288 1668 3410 1727 ὁδὸν
3465 1672 3815 1751 ἀνεῳγμένην

2152 1756 2534 1834 ἐφευρίσκωσι,
2593 1760 2679 1813 καὶ
2741 1760 2921 1827 ἀπάτη
2974 1764 3072 1814 τοῦ
3162 1759 3497 1831 διασωθῆναι
3554 1764 3650 1818 καὶ
3719 1766 3814 1820 τὸν

2151 1845 2397 1921 πόλεμον
2458 1844 2736 1925 διαφυγεῖν
2794 1849 2883 1903 καὶ
2940 1850 3039 1918 τὴν
3093 1846 3231 1905 ἰδίαν
3290 1847 3641 1922 καταλαϐεῖν,
3703 1853 3821 1909 ἐπι-

2156 1931 2293 1990 ϐῶσι
2316 1941 2421 1991 τῶν
2450 1935 2663 2007 ἵππων,
2692 1939 2782 1992 καὶ
2816 1935 2885 1993 δι’
2919 1937 3086 2007 αὐτῆς
3118 1941 3255 2006 πρὸς
3288 1941 3462 2017 φυγὴν
3498 1942 3813 2016 ὁρμήσωσι,

2156 2027 2328 2097 μόνην
2363 2023 2587 2088 ἕκαστος
2631 2029 2731 2097 τὴν
2793 2025 2931 2083 ἰδίαν
2990 2030 3454 2105 περιποιούμενος
3507 2032 3809 2109 σωτηρίαν.

2151 2112 2218 2168 Εἴ
2246 2110 2303 2168 δὲ
2334 2114 2433 2168 οὐκ
2465 2116 2732 2189 ἐπίμηκες
2761 2118 3129 2187 πεποιήκεσαν
3158 2118 3220 2172 τὸ
3246 2118 3448 2173 ἑαυτῶν
3494 2116 3802 2193 ἄπληκτον,

2150 2200 2276 2257 ἀλλ’
2309 2207 2343 2272 ἡ
2378 2208 2473 2257 τού
2503 2205 2675 2259 τόπου
2709 2204 2853 2268 θὲσις
2883 2205 3210 2282 κυκλοτερὲς
3242 2207 3374 2262 αὐτὸ
3412 2208 3802 2284 ἀπειργάσατο,

2148 2295 2260 2366 χρή
2294 2314 2348 2347 σε
2378 2295 2475 2357 τὰς
2504 2294 2724 2363 πεζικὰς
2757 2296 2977 2351 ἱστάντα
3007 2298 3327 2372 παρατάξεις
3345 2298 3588 2373 γυρόθεν²
3612 2319 3798 2368 παρα-

2146 2388 2499 2450 σκευασθῆναι
2528 2385 2726 2450 ταύτας
2757 2387 3048 2461 προστάξαι
3106 2387 3243 2464 πρὸς
3291 2387 3558 2462 πόλεμον·
3620 2389 3796 2462 μόνην

2146 2469 2223 2543 δὲ,
2256 2473 2330 2535 ὡς
2361 2469 2592 2548 ἔφημεν,
2624 2477 2721 2544 τήν
2756 2473 2879 2530 ὁδὸν
2915 2474 3108 2553 ἄφετον
3140 2479 3228 2532 καὶ
3253 2477 3607 2553 ἀνεῳγμένην
3630 2500 3798 2533 καται

2144 2558 2341 2628 λιπεῖν,
2376 2563 2475 2631 τὴν
2507 2563 2643 2638 πρὸς
2671 2564 2737 2618 τὰ
2767 2561 2875 2619 ἴδια
2929 2564 3142 2619 τούτων
3173 2566 3474 2641 φέρουσαν.
3538 2567 3691 2623 Μετά
3743 2564 3802 2621 δὲ

2138 2650 2201 2704 τὸ
2262 2647 2605 2722 διατάξασθαι
2662 2650 2790 2714 τοὺς
2862 2653 3060 2721 πεζοὺς
3145 2659 3337 2709 τοῦτον
3406 2655 3499 2710 τὸν
3570 2655 3801 2728 τρόπον,

2138 2739 2594 2814 παραπληκεῦσαι
2624 2746 2741 2803 τοῖς
2783 2742 3078 2814 πολεμίοις
3124 2743 3464 2817 προστάξεις,
3514 2745 3604 2800 καὶ
3654 2747 3803 2821 πυρά

2138 2827 2214 2889 είς
2247 2828 2462 2898 πλῆθος
2496 2832 2690 2904 ἀνάψαι
2724 2830 2931 2888 πολλά.
2977 2834 3063 2888 Ἐν
3118 2838 3216 2905 μιᾷ
3268 2831 3325 2889 δὲ
3377 2835 3573 2909 ἑκάστῃ
3620 2857 3800 2911 παρα-

2134 2918 2278 2989 τάξει
2336 2924 2444 2974 τῶν
2496 2925 2673 2990 πεζῶν
2752 2923 2842 2976 καὶ
2921 2922 3165 2998 ἁρχοντα
3247 2927 3607 2995 καταστήσεις
3689 2931 3801 2980 τῶν

2134 3007 2430 3082 ’χρησίμων
2478 3011 2568 3065 καὶ
2624 3008 2907 3086 ἀνδρείων·
2962 3011 3052 3066 σὺν
3114 3011 3298 3075 αὐτοῖς
3358 3011 3415 3068 δὲ
3492 3016 3681 3077 ἱππεῖς
3742 3015 3796 3071 ἐν

2137 3102 2263 3168 μιᾷν
2295 3098 2491 3172 ἑκάστῃ
2546 3100 2860 3173 παρατάξει,
2916 3100 2974 3155 ἐκ
3022 3106 3128 3155 τῶν
3176 3098 3393 3166 ὄπισθεν
3442 3105 3795 3178 ἱσταμένους,

2136 3182 2245 3260 εἷ’γε
2274 3187 2363 3241 καί
2397 3189 2425 3242 ὁ
2460 3192 2646 3263 χῶρος
2697 3186 2941 3261 δίδωσιν,
2979 3187 3205 3265 ἔχοντας
3259 3192 3542 3268 ἀρχηγοὺς
3591 3191 3794 3270 ἄνδρας

2133 3274 2476 3353 ἀξιολόγους.
2555 3278 2833 3343 Πείθεσθαί
2910 3300 2969 3334 τε
3046 3279 3231 3342 αὐτοῖς
3317 3282 3638 3355 προστάξεις
3695 3286 3789 3339 καὶ

2133 3361 2344 3420 ἅπαντα
2401 3366 2493 3420 τὸν
2554 3363 2683 3421 λαὸν
2740 3369 2825 3441 [Ρ.
2892 3373 3012 3445 165]
3059 3373 3167 3423 τῶν
3247 3375 3482 3440 πεζικῶν
3556 3370 3789 3443 τάξεων.

2131 3454 2280 3507 Μετά
2338 3450 2396 3509 δὲ
2451 3455 2511 3509 τὸ
2591 3454 2764 3518 οὕτως
2847 3465 3374 3533 παρασκευασθῆναι,
3452 3458 3785 3535 διαχωρίσαι

2130 3542 2243 3617 χρὴ
2276 3546 2384 3596 τῶν
2418 3543 2595 3615 ψιλῶν
2631 3542 2910 3621 ἀνδρείους
2939 3546 3031 3601 καὶ
3086 3554 3276 3623 ταχεῖς
3324 3554 3441 3611 τοῖς
3487 3548 3633 3617 ποσὶ,
3685 3551 3779 3605 καὶ

2130 3627 2431 3705 ἔμπροσθεν
2488 3634 2837 3705 ἀπουτεῖλαι,
2918 3640 3016 3690 τοῦ
3097 3635 3228 3712 σιγῇ
3302 3637 3605 3707 κατελθεῖν,
3684 3640 3782 3694 καὶ

2126 3714 2348 3795 ἔγγιστα
2403 3726 2510 3776 τῶν
2563 3722 2849 3796 πολεμίων
2925 3724 3190 3800 γενέσθαι,
3260 3725 3350 3781 καὶ
3446 3724 3788 3801 διορίσασθαι

2126 3808 2454 3876 αὖτοῖς,’ίνα
2502 3816 2720 3885 πρῶτον
2786 3813 2879 3885 μὲν
2938 3814 2989 3867 οἱ
3048 3814 3099 3869 ἐν
3159 3819 3238 3886 τῷ
3298 3816 3446 3888 μέσῳ
3501 3817 3784 3888 ἱστάμενοι

2120 3898 2222 3967 τὴν
2256 3894 2576 3972 προσϐολὴν
2611 3902 2973 3972 ποιήσωνται,
2998 3904 3097 3967 εἷθ’
3127 3902 3303 3968 οὕτως
3347 3905 3400 3958 οἱ
3447 3898 3775 3979 ἔμπροσθεν.

2125 3988 2229 4041 Καὶ
2273 3987 2317 4041 εί
2390 3988 2485 4061 μὲν
2541 3989 2592 4058 ἐξ
2644 3990 2964 4069 ἀμφοτέρων
3009 3996 3117 4046 τῶν
3172 3997 3350 4066 μερῶν
3383 3996 3417 4062 ἡ
3447 3998 3547 4049 τοῦ
3602 3994 3777 4050 τόπου

2122 4074 2266 4140 θὲσις
2324 4077 2685 4153 ὑψηλονέρως
2743 4079 2914 4157 φέρει,
2980 4080 3075 4143 τὰς
3133 4083 3354 4151 πεζικὰς
3410 4083 3586 4153 τάξεις
3637 4086 3780 4141 κατᾶ

2118 4169 2225 4218 τῶν
2261 4164 2547 4239 πολεμίων
2578 4168 2623 4203 ⁸⁷
2658 4166 2992 4243 βαλλόμενοι
3023 4172 3075 4224 οἱ
3104 4165 3368 4243 πολέμιοι
3396 4177 3513 4234 τοῖς
3540 4170 3600 4227 ἐκ
3650 4192 3778 4249 χει-

2119 4258 2227 4328 ρῶν
2287 4256 2377 4310 καί
2431 4254 2737 4334 σφενδονῶν
2794 4257 2971 4321 λίθοις
3030 4260 3120 4314 καὶ
3204 4259 3384 4330 τόξοις
3461 4263 3660 4326 ἄνωθεν
3719 4263 3774 4334 ἐξ

2117 4345 2408 4418 ἑκατέρων,
2438 4344 2680 4420 εὐχερῶς
2733 4346 3228 4420 καταλυθήσονται.
3261 4348 3326 4406 El
3366 4347 3423 4405 δὲ
3465 4351 3543 4424 μὴ
3592 4351 3771 4416 οὕτως

2115 4432 2234 4509 ἔχει
2291 4437 2326 4505 ή
2382 4438 2479 4490 τοῦ
2535 4436 2707 4491 τόπου
2765 4437 2928 4504 θέσις,
2982 4437 3108 4493 ἀλλ’
3167 4437 3218 4510 ἐξ
3275 4438 3393 4501 ἑνὸς
3446 4441 3645 4515 μέρους
3705 4443 3771 4497 τὸ

2116 4521 2328 4596 ὑψηλὸν
2367 4523 2698 4600 ὑπέρκειται,
2739 4526 2827 4580 καὶ
2883 4525 3144 4589 ὡσαύτως
3193 4526 3395 4591 ἐκεῖθεν
3446 4529 3775 4604 εὐχερέστε-

344 4587 542 4686 potius
574 4630 785 4687 magno
808 4614 1077 4669 afficth
1101 4611 1279 4668 malo.
1316 4612 1533 4668 Omnes
1564 4587 1763 4667 autem
1811 4587 1999 4685 pede-

2148 4633 2205 4666 ov
2258 4616 2365 4666 τῶν
2429 4612 2593 4677 λίθων
2650 4614 2739 4669 καὶ
2796 4616 2967 4685 τόξων
3026 4616 3119 4678 τὰς
3183 4615 3351 4691 βολὰς
3411 4620 3527 4672 κατ’
3585 4617 3767 4673 αὐτῶν

348 4706 500 4758 stres
533 4703 715 4774 copiaa
765 4704 974 4761 eodem
1034 4707 1298 4771 tempore
1357 4700 1667 4756 decurrere
1717 4702 1997 4774 utrinque

2140 4701 2491 4774 τεμπέτωσαν.
2540 4701 2690 4771 [Ιλὴν
2751 4701 2810 4757 ἐκ
2861 4707 2957 4758 τοῦ
3012 4703 3296 4782 ἐφομάλου
3338 4703 3762 4779 ἐπιμελέστερον

347 4790 589 4859 debent,
623 4790 901 4862 tubisque
933 4787 1390 4845 concinentibus
1420 4788 1743 4844 clamorem
1775 4795 1835 4845 et
1862 4790 1995 4847 bar-

2140 4791 2324 4864 χεσθαι
2358 4786 2440 4844 δεῖ
2465 4793 2565 4855 τῆς
2604 4792 2813 4865 μάχης.
2870 4790 2931 4845 Εἰ
2974 4787 3032 4846 δὲ
3079 4791 3427 4867 βουληθῶσιν
3479 4795 3531 4847 οἱ
3587 4793 3765 4850 πολέ-

344 4880 527 4935 ritum
553 4879 781 4935 tollere.
815 4880 1106 4949 Deinceps
1128 4877 1245 4933 dux
1267 4894 1504 4948 quoque
1525 4894 1560 4933 a
1585 4883 1746 4952 tergo
1777 4880 1997 4936 acriter

2140 4900 2227 4933 LtOt
2286 4874 2540 4948 ἐπιϐῆναι
2598 4878 2807 4948 ἳππων,
2866 4879 2953 4934 καὶ
3033 4882 3151 4935 κατ’
3230 4881 3407 4936 αὐτῶν
3486 4884 3759 4957 ὁρμῆσαι,

343 4970 618 5041 praalium
649 4969 1002 5024 committat.
1038 4969 1120 5024 Ac
1169 4966 1217 5021 si
1249 4973 1631 5037 perseverant
1670 4968 1991 5025 adversarii

2140 4965 2256 5023 ὐδέν
2295 4968 2388 5042 μὲν
2420 4973 2539 5031 τοῖς
2586 4966 2773 5042 ψιλοῖς
2835 4965 3004 5024 δεινὸν
3052 4969 3391 5045 ἐργάσονται,
3438 4976 3534 5027 τοῦ
3580 4971 3759 5029 τόπου

341 5073 539 5130 neque
567 5059 722 5130 fuga)
780 5074 843 5112 se
902 5053 1345 5122 commendant,
1400 5056 1656 5127 expediti
1696 5057 1902 5113 velites
1934 5066 1994 5114 et

2140 5059 2431 5126 οηθοῦντος
2460 5057 2669 5120 αὐτοῖς·
2726 5058 2940 5121 ἑαυτοῖς
2972 5055 3031 5114 δὲ
3078 5058 3292 5132 μᾶλλαν
3326 5058 3571 5136 μεγάλην
3612 5081 3754 5137 προ-

336 5147 630 5217 praamissi
691 5144 1070 5217 antesignani
1108 5144 1323 5199 ducum
1357 5144 1795 5201 hortationibus
1834 5147 1984 5202 inci-

2140 5146 2378 5217 ενήσουσι
2411 5140 2647 5221 βλάϐην.
2674 5142 3178 5223 Συγκαταὸήτωσαν
3214 5146 3271 5204 δὲ
3294 5170 3459 5205 πασαι
3487 5151 3541 5205 αῖ
3591 5157 3752 5221 πεζι-

333 5237 496 5292 tandi
528 5240 689 5305 sunt,
722 5241 789 5290 ut
813 5251 1001 5306 usque
1028 5235 1086 5288 in
1109 5232 1493 5290 tabernacula
1513 5234 1773 5291 hostium
1803 5252 1983 5307 pene-

2140 5234 2182 5289 xi
2212 5235 2386 5305 τάξεις
2418 5233 2469 5305 ἐξ
2502 5235 2826 5313 ἀμφοτέρων
2859 5241 2968 5292 τῶν
2996 5242 3200 5313 μερῶν,
3260 5237 3349 5294 καὶ
3401 5238 3753 5296 σαλπισάτω-

327 5328 507 5381 trent.
540 5324 605 5379 Id
636 5324 811 5379 facile
838 5322 951 5377 erit
978 5321 1136 5377 factu
1169 5326 1411 5394 propter
1431 5322 1695 5379 salebras
1725 5325 1860 5380 loci.
1895 5328 1983 5382 Ita

2140 5346 2185 5378 ιν
2222 5324 2421 5378 ἅπασαι
2487 5324 2621 5396 μετά
2679 5332 2922 5400 κραυγῆς
2974 5327 3059 5381 καὶ
3124 5325 3473 5403 ἀλαλαγμοῦ.
3525 5330 3755 5387 Ἔπειτα

320 5413 422 5469 ubi
446 5413 792 5485 occeperint
810 5427 1025 5466 manus
1053 5410 1301 5482 injicere
1325 5413 1515 5483 equis,
1546 5412 1742 5479 mulis,
1764 5414 1980 5470 instru-

2140 5413 2180 5467 ιὶ
2212 5414 2239 5467 ὁ
2275 5413 2582 5489 στρατηγὸς
2611 5411 2672 5468 ἐκ
2698 5419 2809 5469 τῶν
2842 5410 3058 5470 ὄπισθεν
3094 5414 3341 5492 ἴσχυρῶς
3364 5419 3556 5492 ἀψάτω
3585 5420 3752 5475 8²⁵τοῖ3

1528 5539 1587 5592 C.
1634 5538 1694 5591 B.
1740 5540 1923 5595 HASIl
1959 5539 2516 5596 ANNOTATIONES.

314 5625 606 5732 ⁸1⁵Ἕῑφξρει
634 5656 715 5732 Ἐτ-
744 5621 1057 5732 πολεμίων.
1096 5623 1347 5732 νίιξιῗὲιυῐ·ι
1368 5624 1575 5682 deesse
1604 5625 1832 5698 aliquid
1862 5645 1875 5695 ;
1910 5628 2026 5683 nisi

429 5705 584 5732 ...τη-..ι
679 5714 745 5732 μιν
824 5706 1048 5732 "manu...
1104 5713 1167 5732 un
1258 5699 1478 5732 υηιιμιφ...
1536 5706 1821 5732 canna-1ft;
1858 5716 2028 5732 mum.

2140 5645 2191 5732 :sA
2214 5629 2582 5732 copiqngegi
2623 5628 2799 5732 τέξεις
2839 5647 2974 5685 cum
3028 5630 3177 5705 φέρει
3235 5638 3293 5687 et
3339 5634 3477 5688 κατά
3516 5654 3565 5690 τ.
3619 5634 3733 5691 πολ

394 5695 603 5768 ditatem.
634 5698 789 5753 Fort.
823 5695 1068 5769 ἀψάσθω.
1104 5696 1193 5751 vel
1223 5695 1499 5768 ἀναψάτω,
1535 5695 1822 5770 sequente
1856 5716 2029 5757 accus

2140 5699 2214 5755 id.
2250 5695 2468 5756 tamen'
2483 5702 2599 5758 166.
2638 5702 2704 5756 D.
