4096 6420
296 391 452 453 1005
1599 387 1913 450 VELI'I‘A']

2100 386 2421 448 IELLICA.
3562 387 3717 448 1006

292 526 569 598 πολέμου.
599 525 703 583 Καὶ
736 526 779 580 εἱ
811 521 888 581 ἔτι
918 528 1268 600 καρτεροῦσιν
1320 525 1372 578 οἱ
1415 521 1706 596 πολέμιοι,
1745 523 1835 577 καὶ
1873 544 1909 594 μ

2090 527 2266 576 uento
2299 521 2578 587 hostium,
2630 519 3025 590 hominesque
3059 519 3206 576 251
3271 520 3334 575 in
3365 521 3707 578 servitutem

293 616 431 689 πρὸς
493 616 670 693 φυγὴν
729 615 1092 690 ὁρμήσουσιν,
1150 614 1200 668 ol
1271 620 1462 689 ταχεῖς
1535 613 1689 686 ψιλοὶ
1750 613 1839 668 καὶ
1901 634 1910 663 ι

2098 612 2351 684 edigere,
2386 609 2693 680 semelque
2748 610 2956 663 harum
2988 625 3189 664 rerum
3221 609 3459 666 initium
3489 612 3712 668 factum

295 702 600 780 ἔμπροσθεν
699 702 1099 766 ἀποσταλέντες
1191 704 1707 776 παρορμηθήτωσαν
1808 721 1912 776 παρ

2100 709 2172 766 st,
2202 719 2412 756 omnes
2443 700 2518 755 ad
2549 700 2844 771 ejusmodi
2879 699 3274 770 direptionem
3310 707 3504 769 ruent,
3535 720 3715 758 casco-

291 797 401 848 τῶν
433 791 720 868 ἀρχόντων
752 791 948 865 αὐτῶν,
989 787 1140 846 ἔνδον
1193 791 1269 853 εἷς
1317 793 1414 852 τὰς
1466 792 1668 860 σκηνὰς
1698 797 1908 864 χωρῆσι

2098 809 2178 862 ue
2203 792 2428 862 impetu
2454 789 2708 844 tentoria
2729 789 3096 856 invadentes,
3121 791 3480 846 obsistentes
3500 793 3715 864 gladiis

293 889 402 938 τῶν
436 882 743 956 πολεμίων.
799 880 1036 956 Εὖχερές
1086 879 1190 955 γὰρ
1255 885 1421 934 τοῦτο
1453 876 1599 934 ἔσται
1632 879 1814 940 αὐτοῖς
1848 881 1910 932 ἀπ

2105 879 2399 934 oncident.
2425 880 2571 933 Tum
2594 894 2726 932 vero
2751 895 2959 933 omnes
2983 879 3042 932 in
3065 878 3261 949 fugam
3286 898 3347 935 se
3371 882 3722 953 conjicient,

299 979 402 1040 τῆς
458 976 553 1025 τοῦ
609 971 782 1025 τόπου
841 970 1243 1043 σκληρότητος.
1307 970 1408 1025 Καὶ
1468 969 1633 1037 ἡνίκα
1689 969 1916 1043 ἃρξωντι

2097 969 2282 1040 ςυὶὺυε
2305 968 2553 1023 facultas
2571 967 2683 1021 fuit
2703 967 2766 1022 in
2787 984 2970 1038 equos
2993 967 3321 1034 insiliendi,
3347 969 3447 1024 alii
3476 988 3714 1042 quoque

307 1057 704 1133 ἀναλαμϐάνειν
753 1057 962 1120 ’ίππους
1093 1059 1362 1129 ἡμιόνους
1407 1059 1496 1112 καὶ
1530 1056 1819 1134 πράγματα
1846 1061 1924 1112 τῶ

2099 1057 2338 1124 edibus,
2371 1063 2548 1129 prout
2597 1058 2658 1111 in
2692 1063 2924 1111 montes
2987 1063 3045 1110 et
3073 1058 3371 1114 convalles
3402 1060 3619 1116 abdere
3651 1080 3716 1117 se

304 1149 605 1222 πολεμίων,
655 1150 746 1204 καὶ
807 1149 1124 1224 ἀνθρώπους
1177 1145 1608 1225 ἀνδραποδίζειν,
1649 1147 1738 1202 καὶ
1804 1147 1921 1223 ἀρχη

2096 1147 2320 1218 tuisque
2349 1148 2587 1218 poterit,
2647 1146 2720 1201 ad
2755 1146 3131 1217 salutemque
3189 1149 3514 1218 pervenire.
3548 1151 3713 1215 Quod

297 1239 531 1309 τοιαύτη
623 1237 866 1314 γένηται,
945 1238 1284 1310 ὁρμήσουσιν
1362 1237 1590 1298 ἅπαντες
1695 1235 1770 1298 εἷς
1853 1238 1914 1305 τῆ

2099 1237 2138 1303 i,
2165 1235 2561 1306 Deojuvante,
2587 1251 2694 1306 per
2715 1235 3208 1290 intercessionem
3231 1236 3716 1294 incontaminatw

296 1327 558 1398 τοιαύτηι
618 1327 949 1402 διαρπαγὴν,
1008 1325 1096 1381 xui
1157 1323 1394 1403 ἀφειδῶς
1441 1323 1591 1380 ἔνδον
1634 1327 1913 1401 χωρήσουι

2100 1325 2273 1380 matris
2288 1325 2418 1396 ejus
2439 1325 2700 1395 Deiparm
2725 1324 3017 1394 ejusmodi
3037 1325 3216 1379 ﬁnem
3230 1326 3691 1398 habetpraalium
3703 1369 3717 1393 ,

296 1422 406 1472 τῶν
467 1421 702 1487 σκηνῶν,
765 1418 903 1493 ξίφει
963 1414 1157 1477 αὐτοὺς
1207 1415 1657 1477 κατακόπτοντες.
1709 1415 1800 1470 Καὶ
1833 1409 1913 1469 τὸσι

2104 1419 2126 1468 t
2166 1414 2415 1486 gloriam
2473 1415 2661 1469 sancti
2721 1414 3132 1485 imperatores,
3167 1421 3226 1468 et
3275 1416 3718 1473 ﬁrmamentum

300 1508 433 1581 πρὸς
474 1508 647 1584 φυγὴν
685 1506 1020 1580 ὁρμήσουσιν
1073 1506 1327 1572 ἅπαντες,
1357 1503 1474 1559 ὅσοι
1511 1507 1603 1577 μὲν
1638 1503 1917 1579 ἶσχῦσουσι

2098 1504 2354 1558 iniversaa
2385 1505 2788 1558 Romanorum
2820 1503 3005 1574 copia:
3037 1511 3467 1574 assequentur:
3523 1524 3715 1578 neque

298 1592 556 1666 ἐπιϐῆναι
585 1596 796 1665 ἳππων,
858 1595 908 1650 οἱ
969 1592 1026 1649 δὲ
1079 1595 1170 1649 καὶ
1229 1598 1391 1667 πεζῇ,
1450 1594 1523 1656 ὡς
1559 1593 1616 1648 ἂν
1647 1591 1915 1664 δυνηθῶσι

2104 1594 2228 1648 nim
2260 1594 2517 1665 amplius
2549 1599 2759 1648 contra
2806 1593 2941 1648 illas
2977 1600 3132 1650 stare
3182 1595 3384 1650 hostes
3416 1602 3715 1667 poterunt.

298 1681 446 1758 ὄρεσί
479 1705 538 1738 τε
579 1685 668 1739 καὶ
716 1686 940 1761 φάραγξι
989 1679 1280 1756 κρυϐῆναι,
1310 1683 1400 1738 καὶ
1433 1683 1706 1758 σωτῆρίας
1743 1688 1915 1758 τυχεῖε

2102 1685 2232 1751 [uod
2264 1686 2334 1752 si,
2394 1685 2659 1740 diluculo
2710 1686 3089 1757 prepatulum
3146 1686 3343 1742 locum
3400 1689 3582 1750 nacti,
3640 1689 3719 1743 ibi

298 1774 400 1831 Καὶ
434 1774 480 1829 εί
509 1778 757 1829 τοιοῦτον
804 1777 874 1847 τῇ
931 1773 1161 1848 βοηθείᾳ
1208 1777 1305 1828 τοῦ
1353 1776 1487 1828 Θεοῦ
1516 1775 1737 1848 γένηται
1768 1774 1830 1828 τὸ
1859 1795 1915 1828 το

2105 1776 2410 1832 onstitutis
2456 1775 2856 1830 tabernaculis
2887 1776 3288 1844 consederint,
3345 1794 3541 1849 neque
3573 1779 3718 1834 adeo

295 1862 550 1936 πολέμου
606 1865 772 1931 πέρας
854 1860 943 1917 διὰ
1027 1857 1328 1936 πρεσϐειῶν
1413 1868 1513 1930 τῆς
1574 1861 1912 1937 παναχράντε

2103 1863 2325 1934 xpedit,
2350 1863 2720 1934 inejusmodi
2737 1862 2864 1917 loco
2889 1861 3337 1918 dimicationem
3362 1871 3717 1920 nocturnam

299 1953 511 2026 μητρὸς
540 1949 708 2006 αὐτοῦ
737 1952 826 2006 xui
871 1950 1162 2021 Θεοτόκου,
1216 1949 1369 2024 δόξαν
1407 1951 1502 2024 μὶν
1535 1953 1587 2006 οἱ
1613 1951 1760 2026 ἅγιοι
1796 1953 1916 2026 βασι

2096 1952 2225 2008 ieri:
2259 1957 2491 2023 oportet
2512 1950 2723 2006 ducem
2742 1968 2875 2006 cum
2904 1951 3280 2022 pedestribus
3308 1954 3713 2023 equestribus-

297 2041 413 2103 λεῖς
449 2041 721 2115 λήψονται
765 2040 855 2095 καὶ
905 2043 1102 2116 κράτος
1153 2042 1292 2094 ἅπαν
1339 2041 1401 2094 τὸ
1450 2041 1760 2112 Ῥωμαϊκὸν
1794 2042 1914 2112 στρά

2096 2058 2182 2113 [ue
2240 2041 2426 2112 copiis
2475 2040 2758 2095 omnibus
2815 2041 3014 2094 hostes
3067 2040 3283 2095 iterum
3341 2049 3713 2113 praevertere,

292 2151 488 2203 τευμα·
555 2132 748 2204 μηκέτι
806 2134 913 2184 τῶν
972 2129 1261 2202 πολεμίων
1315 2132 1451 2184 κατὰ
1510 2131 1800 2205 πρόσωπον
1861 2130 1909 2184 αι

2099 2131 2479 2200 montiumque
2537 2129 2769 2201 fastigia
2799 2145 3108 2200 occupare,
3167 2136 3344 2202 atque
3389 2132 3562 2199 viam,
3599 2149 3716 2202 qua

291 2226 403 2276 τῶν
434 2227 626 2289 στῆναι
661 2217 994 2291 δυναμένων.
1059 2219 1121 2276 Ei
1180 2217 1237 2273 δέ
1293 2240 1357 2292 γε
1405 2219 1620 2292 ὁμαλοῦ
1652 2220 1908 2295 ἐπιτύχω.

2100 2218 2376 2274 ransituri
2401 2219 2539 2285 sint,
2563 2219 2757 2272 denuo
2781 2218 3202 2275 intercludere.
3228 2222 3297 2273 Et
3319 2222 3622 2290 quoniam,
3650 2228 3717 2277 ut

293 2312 488 2386 χώρου
547 2314 647 2375 τῆς
725 2310 934 2381 ἡμέρας
1015 2309 1430 2378 ἐπιφαινοῦσης,
1515 2309 1604 2363 xui
1663 2309 1740 2371 εἷς
1795 2309 1910 2366 αὐτὶ

2097 2311 2402 2374 locuimus,
2461 2310 2750 2364 universa)
2781 2309 2855 2363 ad
2911 2309 3246 2364 barbariem
3291 2311 3576 2366 ducentes
3607 2313 3714 2367 vim

293 2398 666 2468 καταλύσωσι,
727 2398 820 2460 τὰς
873 2397 1074 2468 σκηνὰς
1129 2402 1454 2470 πηξάμενοι,
1513 2397 1603 2452 καί
1662 2399 1761 2454 οὐκ
1802 2402 1906 2475 εὐχ

2104 2419 2132 2456 ιι
2190 2399 2468 2455 omnibus
2527 2417 2673 2471 quas
2705 2400 3044 2455 enumeravi
3105 2401 3480 2472 propriisque
3533 2403 3721 2457 oculis

296 2495 407 2566 ρῶς
438 2489 490 2544 ἐν
521 2492 602 2560 τῷ
630 2487 866 2560 τοιούτῳ
894 2488 1048 2559 τόπῳ
1078 2487 1169 2542 τὸν
1218 2486 1271 2541 ἐν
1316 2489 1465 2542 νυκτὶ
1500 2487 1746 2560 πόΛεμον
1786 2491 1913 2562 ἁρμι

2101 2490 2313 2545 ustravi
2387 2489 2726 2560 provinciis,
2787 2489 3064 2544 difficiles
3125 2496 3265 2544 sunt
3322 2508 3430 2562 per
3485 2499 3718 2547 montes

303 2585 382 2648 ζει
483 2577 742 2654 γενέσθαι·
823 2575 904 2631 δεῖ
977 2577 1066 2632 τὸν
1145 2578 1448 2651 στρατηγὸν
1548 2578 1682 2648 μετᾶ
1772 2583 1920 2632 πασῶ

2105 2587 2264 2635 ιιι-ειπι
2274 2594 2386 2649 que
2402 2579 2704 2648 regionem
2719 2577 3492 2650 disterminantes.propera
3507 2599 3722 2652 prmoc-

298 2674 409 2722 τῗυν
473 2669 555 2742 [Ρ.
614 2668 739 2740 166]
805 2670 1038 2734 πεζικῶν
1097 2686 1156 2720 τε
1214 2667 1304 2720 καὶ
1373 2667 1614 2720 ἱππικῶν
1677 2663 1915 2740 δυνάμεσι

2107 2685 2290 2740 upare
2324 2684 2528 2722 eorum
2562 2668 2903 2731 transitum,
2955 2672 3014 2722 et
3043 2667 3115 2722 ad
3150 2668 3317 2738 signa
3367 2675 3566 2738 aperte
3601 2670 3721 2724 illis

313 2755 607 2829 ἔμπροσθεν
663 2753 830 2809 πάλιν
900 2756 1162 2828 γενέσθαι,
1239 2754 1328 2808 καὶ
1383 2755 1452 2809 τὰ
1509 2753 1824 2828 ὑψηλότερα
1855 2762 1930 2810 τῶ

2106 2756 2386 2814 uferenda
2443 2757 2698 2810 fidenter
2728 2757 2956 2810 instrue
2987 2757 3204 2827 copias.
3268 2759 3335 2811 Et
3373 2759 3587 2811 Christi
3623 2760 3723 2814 Dei

310 2846 455 2920 ὀρῶν
509 2849 823 2920 κατασχεῖν,
881 2843 970 2897 καὶ
1017 2843 1115 2912 τὴν
1168 2838 1412 2898 διάϐασιν
1463 2850 1564 2912 τῆς
1593 2843 1721 2898 ὀδοῦ
1755 2845 1927 2916 ὁμοίω

2107 2847 2262 2902 [ostri
2295 2847 2484 2920 gratia
2514 2845 2845 2916 superabis,
2870 2845 3126 2915 illosque
3149 2845 3428 2916 disjectos
3460 2854 3724 2902 extremo

307 2931 735 3012 ἀσφαλίσασθαι.
773 2934 874 2990 Καὶ
931 2933 1045 2986 ἐπεὶ
1103 2938 1288 3001 πᾶσαι,
1349 2932 1422 2994 ὡς
1475 2928 1704 3009 ἔφημεν,
1757 2935 1810 2988 αἱ
1848 2931 1924 2989 ὁδι

931 2933 1045 2986 ἐπεὶ
1103 2938 1288 3001 πᾶσαι,
1349 2932 1422 2994 ὡς
1475 2928 1704 3009 ἔφημεν,
1757 2935 1810 2988 αἱ
1848 2931 1966 2989 ὁδοὶ
2081 2937 2280 2992 trades
2313 2937 2513 2991 exitio.

305 3025 358 3079 αἶ
420 3025 556 3099 πρὸς
600 3024 697 3092 τήν
757 3021 1034 3095 πολεμίαν
1095 3021 1402 3096 εἶσάγουσαι
1466 3020 1555 3077 διὰ
1607 3027 1715 3077 τῶν
1777 3023 1922 3079 ὅλων
1981 3027 2027 3062 ⁸³
2074 3027 2146 3079 ὧν
2207 3023 2687 3099 ἀπηριθμησάμην
2741 3022 2989 3095 θεμάτων
3037 3022 3125 3076 καὶ
3156 3021 3381 3087 οἰκείοις
3411 3023 3724 3100 ὀφθαλμοῖς

303 3114 633 3186 ἐθεασάμην,
693 3107 947 3167 δύσϐατοι
1001 3113 1368 3186 τυγχάνουσιν
1428 3111 1481 3167 ἐν
1541 3109 1688 3188 ὄρεσι
1740 3118 1856 3176 τοῖς
1918 3112 2218 3188 διορίζουσι
2275 3116 2370 3177 τὰς
2415 3115 2580 3189 ἄμφω
2630 3111 2842 3186 χώρας,
2884 3109 3082 3166 σπεῦδε
3129 3109 3567 3186 προκαταλαϐεῖν
3623 3116 3721 3183 τήν

304 3198 558 3258 διάϐασιν
626 3201 827 3268 αὐτῶν,
889 3203 975 3256 καὶ
1047 3201 1136 3256 τὸν
1205 3202 1339 3256 κατὰ
1407 3203 1695 3273 πρόσωπον
1766 3202 1940 3258 αὑτῶν
2013 3200 2349 3264 ἀδιστάκτως
2419 3199 2642 3256 διατίθει
2710 3200 2981 3274 πόλεμον.
3053 3201 3154 3258 Καὶ
3236 3202 3423 3276 χάριτι
3491 3207 3730 3279 Χριστοῦ

298 3297 398 3348 τοῦ
432 3295 569 3346 Θεοῦ
599 3293 761 3362 ἡμῶν
798 3289 1178 3365 ὑπερισχῦσεις
1214 3290 1411 3361 αὐτῶν,
1443 3291 1532 3345 xui
1562 3290 1789 3354 τούτους
1821 3287 2144 3347 καταϐαλὼν
2175 3291 2369 3364 τελείῳ
2394 3288 2736 3365 παραδώσεις
2767 3291 3077 3366 ἀφανισμῷ,

302 3385 473 3440 ΚΕΦ.
512 3383 668 3472 ’Κεφ
749 3381 889 3472 Περὶ
945 3381 1128 3472 ὲτέρθας
1195 3384 1580 3472 κατασχέσεωξ
1641 3378 1799 3471 ρδοῦ,
1864 3388 1919 3436 τῦ

2106 3385 2223 3441 B57
2262 3384 2392 3465 CAr.
2424 3385 2588 3472 ξχν.
2623 3385 2696 3438 De
2722 3383 2836 3472 alio
2868 3383 3029 3472 modo
3059 3383 3368 3472 ocpupqndi
3397 3385 3563 3449 viam,
3597 3399 3723 3454 qua

484 3452 562 3516 εἷς
591 3453 690 3520 τήν
718 3447 1012 3507 κατάϐασιν
1033 3447 1355 3528 ’δυσχωρίαν
1374 3447 1795 3522 ἐὶποτελούσης.⁷
1922 3447 1930 3450 ⁷
2008 3447 2039 3451 *

1676 3447 1795 3522 mc:
1922 3447 1930 3450 ⁷
2008 3447 2039 3451 *
2325 3455 2382 3509 in
2414 3455 2670 3509 descensu
2701 3455 3082 3523 difﬁcultatem
3115 3447 3293 3509 habet.

378 3543 438 3596 lui
472 3539 528 3596 δέ
560 3562 624 3616 γε
653 3544 687 3610 ἡ
721 3539 870 3610 ὁδὸς,
915 3542 978 3610 ἣν
1025 3542 1474 3620 ὑποστρέφουσιν,
1507 3542 1702 3615 εὑρεθῇ
1733 3541 1968 3617 φέρουσα

2150 3543 2202 3597 Si
2236 3549 2433 3598 autem
2467 3543 2576 3608 via,
2613 3559 2730 3613 qua
2761 3541 3067 3609 recedunt,
3092 3542 3389 3597 invenitur
3410 3560 3723 3598 ascensum

302 3638 424 3692 τοῖς
475 3630 766 3703 πολεμίοις
827 3631 885 3686 ἐκ
930 3637 1038 3686 τῶν
1099 3629 1322 3697 ἄνωθεν,
1377 3633 1465 3686 xui
1524 3629 1804 3705 ἐφόμαλός
1833 3630 1919 3685 ἐστ

2110 3638 2279 3687 ,οεῐοε
2309 3649 2510 3687 versus
2541 3631 2781 3697 habere,
2811 3647 3063 3702 esseque
3111 3631 3289 3702 plana
3318 3632 3541 3703 absque
3569 3632 3727 3688 sale-

319 3725 397 3791 μή
456 3718 653 3794 ἔχουσα
707 3718 1041 3796 δυσχωρίας,
1097 3725 1193 3774 τοῦ
1249 3722 1385 3775 κατὰ
1439 3719 1731 3796 πρόσωπον
1793 3719 1936 3774 αὐτῶ

2108 3723 2220 3785 iris,
2251 3726 2316 3776 ut
2345 3739 2380 3776 a
2434 3721 2626 3775 fronte
2658 3720 2893 3793 aggredi
2928 3721 3064 3776 illos
3118 3738 3413 3792 nequeas:
3449 3722 3547 3776 ubi
3593 3739 3725 3776 vero

315 3809 645 3878 ἀντιστῆναι³
681 3808 808 3864 ἀλλ’
858 3811 1018 3879 ἡνίκα
1067 3811 1201 3886 πρὸς
1257 3812 1320 3865 τὸ
1341 3812 1634 3888 καταφερὲς
1681 3807 1926 3865 ἐπικλίνε

2110 3829 2143 3866 n
2175 3811 2388 3865 vallem
2430 3828 2490 3866 se
2519 3811 2798 3876 demittit,
2850 3810 2930 3865 ibi
2963 3816 3124 3866 arcta
3154 3817 3331 3882 atque
3379 3828 3589 3883 aspera
3619 3817 3727 3878 est,

310 3899 435 3953 τότε
465 3900 621 3967 στενή
654 3899 745 3954 καὶ
804 3895 1069 3962 δύσϐατός
1125 3899 1258 3971 ἐστι,
1315 3901 1628 3975 συγχέουσα
1670 3900 1764 3962 τὰς
1796 3921 1927 3975 παρα

2122 3901 2440 3972 rdinesque
2492 3917 2698 3954 eorum
2753 3899 3087 3965 confundit,
3120 3906 3185 3956 ut
3235 3901 3407 3972 pauci
3443 3901 3731 3956 duntaxat

307 3989 485 4058 τάξεις
516 3989 718 4057 αὐτῶν,
778 3989 868 4043 xui
933 3988 1156 4061 ὀλίγους
1216 3987 1530 4064 διέρχεσθαι
1579 3989 1924 4066 ἀναγκάζουσι

2116 3990 2340 4045 ransire
2361 3989 2610 4060 possint,
2636 3989 2850 4060 reliqui
2867 3989 3150 4060 deinceps
3166 3992 3333 4061 sequi
3355 3997 3531 4062 atque
3548 3996 3733 4046 trans-

306 4079 398 4133 xui
449 4077 578 4140 τοὺς
629 4074 834 4140 ἄλλους
887 4078 1098 4150 ὁμοίως
1142 4081 1530 4152 παρασκευάζει
1564 4077 1923 4143 ἐπακολουθεῖ

2118 4081 2321 4134 nittere
2349 4085 2673 4151 cogantur:
2735 4079 2795 4134 in
2828 4079 3120 4150 ejusmodi
3181 4081 3470 4150 angustiis
3503 4085 3735 4151 oportet

307 4169 402 4224 xui
436 4165 770 4243 διέρχεσθαι·
831 4167 884 4222 ἐν
945 4168 1174 4232 ἐκείνοις
1227 4174 1345 4232 τοῖς
1398 4175 1696 4231 στενωποῖς
1727 4167 1846 4224 δέον
1881 4191 1920 4224 π

2116 4169 2394 4224 »οάθειτοε
2422 4169 2578 4222 acies
2609 4168 2683 4222 ad
2715 4174 3035 4238 utrumque
3060 4168 3213 4224 latus
3235 4169 3494 4224 hostium
3510 4170 3733 4223 consti-

313 4257 468 4328 ζικᾶς
519 4259 694 4330 τάξεις
752 4265 1083 4328 καταστῆσαι
1144 4255 1288 4322 ἔνθεν
1344 4259 1588 4322 κάκεῖθεν
1647 4263 1756 4313 τῶν
1808 4259 1930 4314 πολι

2120 4258 2196 4326 ui,
2229 4257 2401 4312 binas
2432 4273 2466 4312 a
2495 4257 2720 4323 dextra,
2755 4257 3122 4328 totidemque
3154 4257 3319 4324 laava,
3354 4258 3557 4312 relicto
3583 4258 3737 4311 inter

316 4346 486 4420 μίων,
556 4343 654 4402 δύο
725 4348 819 4419 μὶν
882 4347 1018 4402 κατὰ
1078 4349 1140 4402 τὸ
1208 4344 1404 4419 δεξιὸν,
1473 4345 1570 4402 δύο
1637 4345 1694 4402 δὶ
1753 4349 1933 4403 κατὰιι

2118 4347 2224 4402 llas
2257 4345 2589 4400 intervallo.
2616 4347 2760 4399 Item
2783 4361 2817 4400 a
2839 4351 3000 4417 tergo
3027 4362 3232 4400 eorum
3259 4346 3320 4400 in
3351 4347 3588 4401 insidiis
3609 4345 3735 4400 col-

313 4437 630 4508 εὐώνυμον,
690 4437 781 4490 ἀπ’
836 4434 1104 4506 ἀλλήλων
1168 4433 1596 4510 διακεκριμένοις.
1664 4433 1841 4492 Ἀλλὰ
1891 4458 1930 4492 κ‹

2118 4453 2220 4492 oca
2242 4435 2470 4507 pedites
2495 4434 2646 4488 bene
2669 4433 2889 4489 multos
2921 4451 3054 4488 cum
3079 4435 3348 4505 equitatu
3378 4441 3555 4506 atque
3587 4435 3735 4489 duce

314 4525 379 4580 ἐκ
417 4529 528 4580 τῶν
578 4521 795 4589 ὄπισθεν
849 4525 926 4589 εἷς
973 4521 1146 4600 λόχον
1191 4532 1522 4595 καταστῆσαι
1573 4530 1797 4594 πεζικοῦ
1847 4525 1931 4580 λα(

2119 4530 2239 4582 orte
2271 4529 2330 4579 et
2376 4523 2736 4596 peritissimo
2772 4523 2841 4593 (si
2903 4523 3144 4594 quidem
3179 4524 3523 4595 praesidium
3580 4523 3736 4596 quod

316 4613 572 4687 δύναμιν,
636 4617 749 4687 μεθ’
818 4614 1025 4670 ἰππὲων
1091 4616 1181 4670 καὶ
1246 4613 1514 4690 ἄρχοντος
1577 4612 1822 4687 ἀνδρείου
1889 4637 1933 4670 xz

2123 4632 2227 4671 aca
2258 4619 2516 4680 vocatur,
2581 4614 2642 4667 in
2674 4613 2820 4668 locis
2879 4613 3285 4684 superioribus
3343 4615 3737 4684 reliquerunt,

313 4703 714 4776 ἐμπειροτάτου
746 4704 917 4779 (εἴπερ
966 4705 1029 4758 τὸ
1080 4703 1375 4780 λεγόμενον
1410 4703 1543 4758 σάκα
1574 4703 1750 4758 αὐτῶν
1782 4703 1930 4758 ἅνωθι

2125 4713 2158 4762 ιι
2206 4711 2321 4761 stet
2377 4706 2648 4775 viamque
2681 4704 3013 4775 observet):
3076 4722 3269 4776 neque
3301 4712 3500 4762 tamen
3562 4706 3742 4761 nimis

314 4752 710 4776 'F‘""t’"""’
747 4752 914 4779 \""'|v
977 4752 1026 4758 "
1081 4752 1168 4780 "'I
1199 4752 1368 4776 'I"""
1414 4752 1543 4758 '"nv‘
1576 4752 1743 4758 ’⁷⁷⁷⁷⁷⁷
1786 4752 1918 4758 wn"

313 4790 636 4861 κατέλιπον,
682 4794 933 4857 ἳστασθαι
983 4793 1072 4847 καὶ
1111 4796 1210 4863 τήν
1263 4791 1386 4848 ὁδὸν
1447 4793 1783 4870 φυλάττειν)’
1833 4793 1930 4847 ἀλ)

2125 4752 2158 4762 ’⁷
2206 4752 2274 4761 ⁹’“
2305 4752 2321 4759 ⁷
2388 4752 2647 4775 ’”“”“”“’Ὶ“ν
2685 4752 2847 4759 “⁷””“’”
2871 4752 2969 4775 “ν⁷Ι
3001 4752 3012 4760 '
3079 4752 3268 4776 “’“¹Ἰ“ν
3304 4752 3500 4762 *“”“’⁸ν“⁵
3563 4752 3742 4761 ⁸”““⁶’¹“’⁷

2130 4811 2294 4866 rope,
2318 4799 2384 4849 ut
2405 4793 2789 4849 animadverti
2813 4811 2932 4848 non
2965 4794 3214 4865 possint.
3243 4795 3342 4850 His
3389 4812 3648 4867 superne
3682 4795 3742 4849 in

318 4883 401 4956 μή
436 4882 717 4956 σύνεγγυς,
774 4882 912 4957 πρὸς
967 4884 1032 4936 τὸ
1090 4884 1167 4955 μή
1222 4879 1644 4956 διαγνωσθῆναι·
1679 4881 1767 4936 καὶ
1801 4883 1845 4935 εἱ
1883 4883 1935 4954 μὶ

2128 4886 2356 4951 ιιθῢΐίε,
2380 4885 2610 4951 locatis,
2645 4885 3010 4956 intentisque
3033 4885 3106 4940 ad
3143 4887 3414 4958 praalium
3433 4903 3745 4944 conseren-

317 4970 374 5025 ol
437 4969 513 5032 εἷς
565 4971 657 5025 τὸν
717 4969 894 5046 λόχον
955 4970 1237 5044 ἱστάμενοι
1297 4970 1500 5026 ἄνωθεν
1559 4969 1836 5046 πρόθυμοί
1880 4970 1934 5025 εἷα

2125 4992 2254 5041 .um,
2290 4972 2528 5046 quando
2557 4973 2714 5028 acies
2741 4979 2960 5028 [10$le
3008 4974 3258 5030 inferius
3309 4978 3648 5031 constituta
3682 4975 3742 5028 in

313 5061 704 5135 παρασυνάψαι
753 5061 1026 5134 πόλεμον,
1071 5059 1235 5130 ἡνίκα
1283 5061 1338 5114 αἱ
1390 5060 1628 5125 κάτωθεν
1661 5059 1928 5136 παρατάξει

2124 5079 2303 5134 ,gmen
2334 5061 2595 5116 hostium
2629 5062 3117 5132 preetereuntium
3151 5064 3439 5135 impetum
3471 5064 3741 5132 fecerint,

319 5150 489 5221 ἡμῶν
548 5149 830 5223 ἱστάμεναι
885 5149 1021 5204 γατᾶ
1077 5154 1185 5204 τῶν
1239 5147 1545 5223 ἔμπροσθεν
1608 5147 1936 5225 διερχομὲνιι

2126 5157 2234 5206 tem
2261 5151 2360 5222 qui
2385 5150 2444 5204 in
2466 5149 2701 5204 insidiis
2725 5149 3125 5206 subsederunt
3149 5152 3369 5207 milites
3392 5153 3743 5224 equitesque

315 5236 610 5312 πολεμίων
638 5239 747 5307 τὴν
798 5233 1124 5312 προσϐολὴν
1184 5241 1547 5309 ποιήσωνται,
1581 5239 1932 5314 ἐξερχὲσθωσι

2129 5241 2301 5304 oorti,
2329 5240 2508 5294 simul
2532 5255 2666 5294 cum
2686 5239 2806 5294 illis
2838 5257 3096 5312 pugnam
3121 5246 3434 5312 capessant
3464 5242 3745 5298 adversus

317 5327 415 5382 xui
465 5327 519 5382 οἱ
571 5327 648 5391 εἰς
687 5327 781 5383 τὸν
833 5325 1008 5403 λόχον
1060 5325 1340 5401 ἱστάμενοι
1398 5328 1554 5397 πεζοί
1590 5349 1648 5382 τε
1677 5329 1765 5383 καὶ
1800 5329 1932 5383 ἱππε

2128 5337 2316 5385 ιοειθε.
2342 5329 2507 5394 Quod
2533 5329 2580 5383 si
2606 5328 2706 5399 qui
2733 5328 2790 5383 in
2815 5329 3049 5384 insidiis
3072 5330 3490 5397 consederunt,
3520 5330 3658 5386 inde
3683 5348 3745 5386 se

320 5417 414 5470 xui
469 5417 878 5472 συναπτὲπωσαν
951 5416 1198 5492 πόλεμον
1264 5422 1381 5490 μετ’
1439 5418 1636 5480 αὐτοὺς
1689 5418 1824 5473 κατὰ
1880 5423 1937 5473 τᾶ

2130 5419 2410 5476 emittere
2436 5435 2556 5472 non
2580 5417 2820 5484 audent,
2847 5419 2986 5488 quia
3006 5434 3143 5472 saca
3165 5418 3225 5472 in
3248 5418 3376 5472 loco
3409 5435 3580 5490 inquo
3603 5435 3747 5474 con-

1508 5574 1570 5630 C.
1640 5573 1700 5628 Β.
1768 5573 1958 5629 HASII
2019 5569 2576 5629 ANNOTATIONES.

397 5687 448 5726 ⁸⁸
479 5684 646 5762 ὅλων]
680 5685 869 5744 ὅπλων
900 5689 1069 5745 codd.
