4096 6448
338 443 498 504 1007
1349 437 1775 499 EXCERPTA
1819 433 1924 493 EX

2157 429 2361 490 OBIlS
2405 429 2733 492 ARABUM
3613 438 3774 498 1008

344 577 514 644 stitit,
547 574 892 630 contineant
943 589 1004 627 se
1039 573 1097 626 in
1156 571 1442 626 latebris:
1503 569 1606 624 sed
1638 567 1876 639 quando
1930 566 1961 619 il

2156 562 2414 634 ολεμίων.
2475 562 2540 620 El
2600 561 2658 618 δὲ
2709 564 2772 618 οὐ
2831 563 3194 640 θαρῥήσουσιν
3256 568 3308 621 οἱ
3359 567 3435 629 εἷς
3465 567 3557 622 τὸν
3591 567 3773 645 λόχον

339 665 642 721 discedere
670 664 743 717 ad
772 679 1028 732 suosque
1053 679 1114 718 se
1137 663 1401 732 recipere
1426 663 1675 715 conatur
1693 658 1805 727 (vix
1829 655 1956 710 enir

2159 653 2380 725 τάμενοι
2439 654 2557 706 κατ’
2615 654 2784 708 αὐτοῦ
2851 653 3097 709 ἐπελθεῖν
3173 653 3439 726 κάτωθεν,
3502 659 3638 712 σάιια
3696 660 3776 722 εἷς

342 753 706 810 credendum
732 757 841 819 est,
869 752 971 806 diu
995 750 1429 822 perstiturum),
1455 748 1634 802 simul
1655 764 1722 801 ac
1739 763 1845 817 per
1875 745 1952 798 cli

2156 739 2381 812 ›ὁμαλον
2432 741 2601 796 τόπον
2687 742 3003 814 ἱσταμένου,
3084 747 3494 818 καρτερήσωσιν
3547 747 3625 810 εἰς
3679 749 3773 803 τὸν

339 861 473 898 vum
498 842 809 898 demittere
835 858 896 895 se
923 840 1076 896 258
1109 839 1373 910 cmperit,
1407 836 1718 909 provolent
1748 833 1956 888 insidia

2156 831 2304 904 ἦχον.
2339 830 2441 886 Καὶ
2473 829 2587 884 ἐπεὶ
2639 832 2771 886 αὐτὸ
2827 829 3057 896 διελθεῖν
3118 834 3488 908 κατεπείγεται
3519 837 3606 891 καὶ
3639 837 3773 902 τοὺς

343 939 529 987 tores:
567 931 776 1000 viaque
807 930 1053 984 obsessa
1085 934 1261 998 atque
1295 928 1441 982 locis
1473 924 1881 996 superioribus
1905 940 1960 976 ο(

2152 919 2282 981 lion;
2341 914 2672 974 καταλαϐεῖν
2731 920 2816 994 (οὐ
2875 921 2976 996 γὰρ
3037 919 3148 975 ἐστι
3204 926 3312 976 τῶν
3364 921 3769 999 ἐνδεχομένων,

343 1022 594 1092 cupatis,
615 1021 674 1073 in
701 1021 841 1075 illos
865 1021 1152 1090 impetum
1176 1018 1415 1072 faciant.
1441 1019 1621 1083 Tunc,
1641 1033 1676 1070 a
1700 1013 1960 1069 militibu

2158 1015 2278 1064 ιεῖσε
2334 1008 2423 1063 ἐπὶ
2481 1009 2625 1064 πολὺ
2681 1010 2973 1083 ἵστασθαι),
3033 1015 3115 1086 [Ρ.
3177 1016 3298 1087 167]
3353 1016 3518 1084 ἡνίκα
3562 1020 3664 1080 τῆς
3699 1018 3775 1080 εἷς

339 1111 474 1166 telis
505 1110 749 1181 appetiti
781 1109 1016 1178 locique
1041 1108 1354 1178 iniquitate
1394 1107 1606 1178 pressi,
1636 1105 1913 1158 resistere
1936 1119 1956 1156 ε

2159 1093 2398 1152 ιταϐασιν
2461 1098 2734 1173 φερούσης
2808 1097 2938 1155 ὀδοῦ
2997 1097 3350 1173 ἐπιλάϐηται,
3407 1104 3498 1158 καὶ
3553 1105 3776 1180 ἐξεργὲ-

341 1215 673 1271 repugnare
704 1215 824 1252 non
857 1201 1136 1268 peterunt
1162 1215 1174 1251 :
1200 1196 1324 1261 sed,
1349 1196 1410 1249 in
1433 1194 1719 1267 angustiis
1743 1192 1813 1248 ab
1837 1192 1958 1246 acie

2169 1210 2308 1243 ωσαν
2361 1189 2411 1243 οἱ
2463 1188 2516 1243 ἐν
2573 1195 2653 1261 τῷ
2715 1189 2895 1266 λόχῳ·
2953 1191 3043 1244 καὶ
3092 1193 3192 1259 τὴν
3245 1191 3371 1247 ὁδὸν
3405 1197 3779 1272 κατασχόντες

339 1288 452 1343 bus
483 1288 724 1354 nostris,
761 1303 891 1357 qum
926 1286 1173 1340 inferius
1206 1289 1492 1340 steterant
1529 1282 1819 1348 afflictati,
1854 1297 1956 1335 suo

2154 1278 2190 1332 ιὶ
2249 1278 2307 1332 ἐκ
2362 1284 2468 1332 τῶν
2542 1276 2746 1333 ἄνωθεν
2820 1281 2998 1333 αὐτῶν
3054 1281 3360 1355 γενόμενοι,
3415 1287 3532 1338 κατ’
3593 1284 3771 1340 αὐτῶν

340 1378 576 1447 assequi
626 1376 1054 1448 properabunt,
1089 1391 1191 1445 spe
1249 1373 1596 1429 transeundi
1628 1372 1952 1440 domumqu

2157 1369 2522 1438 ›μησατωσαν.
2613 1368 2714 1424 Καὶ
2793 1369 2856 1422 οὐ
2927 1367 3255 1439 δυνήσονται
3307 1371 3618 1442 ἀντιστῆναι
3678 1385 3774 1439 καὶ

339 1465 746 1538 perveniendi.
799 1465 1036 1518 Atenim
1069 1464 1317 1518 minime
1363 1463 1420 1516 id
1455 1463 1574 1517 illis
1607 1459 1903 1524 succedet,
1939 1477 1956 1513 ε

2155 1457 2429 1528 ιῦνασθαι,
2482 1459 2609 1530 παρ’
2661 1456 2834 1512 αὐτῶν
2887 1457 3250 1532 βαλλόμενοι,
3301 1465 3399 1515 τοῦ
3445 1461 3620 1517 τόπου
3672 1463 3772 1518 αὐ-

339 1557 581 1628 quidem
605 1572 673 1610 eo
697 1571 875 1626 quem
895 1555 1276 1625 exposuimus
1289 1553 1465 1607 modo
1487 1552 1758 1623 praelium
1781 1550 1956 1605 adver

2154 1553 2217 1608 ιῖς
2290 1545 2732 1618 ἐναντιουμένων
2794 1545 2940 1602 ἀλλὰ
3012 1548 3303 1603 σπεύσουσι
3375 1550 3510 1615 τοὺς
3594 1551 3771 1617 ἰδίους

342 1663 442 1700 sus
477 1646 612 1700 illos
631 1645 1104 1710 administratur,
1125 1643 1226 1697 sed
1246 1643 1529 1714 praeclare
1562 1640 1956 1712 expugnabun

2158 1631 2451 1706 ιταλαϐεῖν,
2510 1634 2921 1709 πολεμούμενοι
2978 1635 3030 1691 ἐν
3089 1644 3206 1700 τοῖς
3267 1642 3579 1713 στενώμασι
3621 1643 3775 1717 παρᾶ

340 1742 458 1802 tur,
492 1751 600 1806 ope
631 1734 751 1789 veri
814 1734 914 1788 Dei
951 1733 1176 1788 nostri:
1211 1733 1306 1786 cui
1366 1731 1552 1804 gloria
1583 1736 1641 1785 et
1695 1729 1957 1802 potentia

2153 1728 2204 1777 iw
2284 1725 2520 1787 κάτωθεν
2602 1726 2762 1796 ἡμῶν
2852 1726 3156 1798 ἱσταμένων
3235 1730 3610 1800 παρατάξεων,
3702 1732 3770 1786 ἐπ

340 1841 474 1880 cum
508 1824 653 1878 Filio
687 1829 744 1877 et
790 1824 1008 1894 Spiritu
1041 1827 1268 1887 sancto,
1314 1837 1492 1888 nunc,
1527 1826 1584 1875 et
1641 1836 1893 1889 semper,
1927 1834 1957 1872 e

2165 1811 2282 1867 πίδι
2314 1810 2570 1885 διελθεῖν,
2602 1815 2688 1868 καὶ
2720 1817 2818 1883 τὴν
2853 1812 2996 1869 ἰδίαν
3027 1812 3377 1873 καταλαϐεῖν.
3412 1817 3568 1874 Ἀλλ’
3605 1812 3774 1875 οὐδα-’

336 1915 398 1968 in
432 1913 648 1968 saecula
677 1912 1052 1967 saeculorum.
1088 1913 1296 1965 Amen.

2149 1909 2218 1966 ὣς
2267 1904 2465 1958 τούτου
2518 1903 2873 1979 ἐπιτύχωσιν,
2938 1903 3088 1981 εἷ’περ
3151 1907 3218 1976 δὴ
3279 1908 3353 1970 ὡς
3415 1908 3766 1983 ἐξεθὲμεθαὸ

335 2002 453 2056 κατ’
485 1999 658 2054 αὐτῶν
691 2002 1109 2072 παρασκευασθῇ
1163 1997 1434 2070 πόλεμος,
1501 1994 1717 2070 μᾶλλον
1781 1992 1838 2049 δὲ
1895 1995 2032 2050 κατᾶ
2085 1995 2283 2069 κράτος
2333 1995 2758 2064 ἥττηθήσονται,
2808 1994 2895 2050 ἐπί
2941 2001 3038 2050 τοῦ
3090 1996 3354 2066 ἀληθινοῦ
3404 2003 3537 2053 Θεοῦ
3581 2002 3765 2074 ἡμῶν·

333 2092 379 2164 ᾧ
411 2093 444 2160 ἡ
479 2087 606 2163 δόξα
634 2088 724 2143 καὶ
753 2089 815 2143 τὸ
857 2088 1077 2164 κράτος,
1111 2088 1202 2142 σὺν
1232 2088 1322 2142 καὶ
1353 2092 1432 2159 τῷ
1465 2087 1599 2160 ἁγίῳ
1622 2085 1915 2159 Πνεύματι,
1951 2089 2067 2156 νῦν,
2099 2084 2188 2138 καὶ
2219 2084 2322 2153 ἀεὶ,
2357 2084 2445 2138 καὶ
2478 2084 2553 2145 εἷς
2583 2085 2706 2146 τοὺς
2740 2085 2940 2148 αἰῶνας
2971 2091 3078 2141 τῶν
3112 2086 3348 2146 αἰώνων.
3382 2090 3576 2162 Ἀμὴν.

603 2179 764 2235 Finis
795 2196 930 2234 cum
961 2181 1080 2234 Deo
1106 2177 1244 2232 libri
1276 2177 1348 2232 de
1375 2194 1437 2232 re
1469 2175 1735 2232 militari.

2455 2174 2626 2237 Τὲλος
2665 2173 2758 2228 σὺν
2808 2179 2927 2246 Θεῷ
2975 2180 3076 2230 τοῦ
3123 2181 3399 2235 τακτικοῦ,

1607 2541 2500 2666 ΕΧΟΕΒΡΤΑ

753 2739 856 2799 EX
889 2737 1271 2798 HISTORllS
1315 2736 1647 2798 ARABUM
1680 2738 1781 2797 DE
1831 2738 2498 2804 EXPEDITIONIBUS
2529 2742 2890 2806 SYRIACIS
2939 2745 3366 2807 NICEPHORI

1424 2843 1704 2904 PHOC}E
1754 2845 1852 2905 ET
1894 2845 2232 2907 JOANNIS
2279 2848 2691 2912 TZIMISClS.

1782 2951 1906 3022 (Ed.
1938 2951 2123 3008 Bonn.
2158 2953 2340 3025 1828.)

1199 3154 1583 3217 Christianus
1612 3154 1928 3216 Lassenius
1957 3155 2131 3218 Phil.
2164 3158 2242 3218 Ι).
2280 3156 2597 3222 lectoribus
2627 3162 2698 3224 S.
2731 3162 2806 3223 P.
2846 3164 2923 3224 Β.

436 3248 697 3329 Rogavit
725 3265 823 3307 me
852 3246 947 3306 vir
971 3245 1235 3306 illustris
1262 3245 1652 3306 Niebuhrius
1675 3252 1742 3304 ut
1766 3245 1842 3304 ad
1883 3265 2133 3320 novam,
2180 3267 2321 3326 quae
2347 3267 2492 3310 mox
2521 3252 2820 3330 prodibit,
2865 3255 3089 3316 Leonis
3143 3256 3401 3318 Diaconi
3433 3257 3776 3322 editionem

353 3337 784 3401 adornandum
818 3354 895 3396 ex
943 3334 1234 3394 Arabicis
1282 3334 1480 3407 libris,
1528 3352 1796 3412 quorum
1844 3337 2373 3397 oonsulendorum
2419 3339 2480 3398 in
2523 3341 2641 3401 hac
2685 3341 2838 3402 urbe
2890 3343 3044 3403 mihi
3077 3345 3342 3405 facultas
3393 3346 3542 3407 data
3586 3357 3775 3423 esset,

353 3445 714 3505 exerperem
750 3443 892 3503 quae
924 3425 1000 3484 ad
1053 3423 1262 3514 resab
1302 3423 1790 3514 imperatoribus
1838 3424 2193 3514 Nicephoro
2240 3426 2452 3488 Phoca
2482 3435 2544 3488 et
2571 3431 2815 3491 Joanne
2858 3432 3160 3493 Tzimisce
3198 3434 3261 3493 in
3293 3435 3542 3497 Oriente
3562 3445 3774 3514 gestas

355 3515 1096 3602 illustrandasifacerent.
1143 3512 1343 3582 Quam
1377 3512 1774 3602 occasionem
1807 3513 1886 3572 ad
1919 3513 2180 3573 istorum
2217 3520 2572 3594 temporum
2607 3519 2935 3580 historiam
2985 3523 3482 3601 perspiciendam
3522 3512 3766 3602 aliquid

357 3623 429 3663 ex
476 3601 890 3693 orientalibus
923 3600 1200 3693 fontibus
1226 3600 1609 3693 conferendi
1663 3608 1919 3693 propter
1952 3603 2178 3661 summi
2214 3605 2329 3664 viri
2359 3608 2528 3685 apud
2565 3627 2661 3669 me
2693 3600 3148 3670 auctoritatem,
3169 3618 3230 3671 et
3274 3613 3578 3691 insignem
3610 3600 3768 3693 erga

358 3712 453 3752 me
489 3690 986 3752 benevolentiam
1024 3688 1438 3748 libentissime
1471 3688 1733 3766 arripui.
1790 3690 2139 3768 Diligenter
2170 3692 2363 3768 igitur
2393 3696 2500 3774 qui
2535 3699 2689 3757 mihi
2738 3707 2967 3776 prasto
3009 3708 3216 3761 essent
3246 3688 3526 3762 historiae
3556 3688 3771 3763 orich-

359 3781 499 3839 lalis
558 3776 1190 3866 scriptoresperlegi,
1225 3795 1304 3835 ex
1335 3776 1564 3854 quibus
1594 3796 1736 3855 quae
1767 3780 2069 3858 excerpsi,
2107 3781 2226 3841 hoc
2253 3783 2474 3844 ordine
2505 3787 2810 3866 disposui.

434 3870 642 3961 Primo
665 3868 801 3961 loco
817 3865 1396 3961 exhibuiexcerpta
1419 3885 1494 3924 ex
1513 3866 1968 3961 Abulpharagii
1992 3870 2117 3929 sive
2135 3871 2822 3939 BarhebraeiCbronico
2848 3879 3130 3958 Syriaco,
3156 3881 3323 3957 quod
3349 3882 3774 3961 quadraginta

358 3957 585 4016 abhinc
609 3955 788 4045 annis
812 3953 1046 4045 publici
1067 3953 1230 4045 juris
1247 3954 1528 4045 fecerunt
1548 3955 1620 4014 V.
1646 3956 1716 4016 V.
1741 3959 1810 4015 D.
1837 3960 1907 4017 D.
1931 3961 2000 4018 P.
2028 3963 2076 4019 Ι.
2104 3963 2325 4034 Bruns,
2352 3965 2667 4040 professor
2691 3953 3227 4042 Helmsvtadiensis,
3251 3977 3313 4029 et
3333 3953 3406 4030 G.
3427 3972 3498 4030 G.
3524 3953 3772 4045 Kirsch,

357 4051 566 4105 rector
594 4043 900 4132 llofensis.
936 4046 1173 4102 Auctor
1203 4043 1492 4132 Chronici
1532 4045 1808 4104 medicus
1842 4047 1956 4106 fuit
1999 4049 2438 4124 Melitenensis,
2477 4055 2780 4132 religione
2811 4058 3240 4130 Christianus;
3278 4058 3606 4119 historiam
3639 4043 3778 4123 uni-

363 4121 666 4228 versalem
701 4132 1083 4228 acreatione
1119 4131 1335 4190 mundi
1389 4151 1582 4211 usque
1615 4133 1694 4192 ad
1728 4134 1913 4194 finem
1965 4137 2177 4196 saculi
2209 4121 2434 4199 decimi
2471 4121 2634 4202 tertii
2679 4147 3038 4206 summatim
3075 4155 3136 4208 et
3165 4121 3439 4208 breviter
3482 4121 3781 4228 exposuit

358 4221 670 4322 libro-,qui
686 4219 940 4321 minime
964 4223 1740 4322 estcontemnendusﬁum
1764 4226 2143 4303 copiosiores
2165 4233 2226 4285 et
2242 4247 2389 4288 accu
2403 4232 2659 4292 ratiores
2672 4235 3003 4296 Orientalis
3016 4237 3294 4300 historia;
3315 4219 3787 4322 commentarii,

356 4313 620 4406 Arabica
654 4309 997 4406 maximam
1030 4315 1272 4406 partem
1308 4311 1648 4389 conscripti
1674 4312 1909 4390 lingua,
1947 4316 2188 4374 scriniis
2222 4319 2451 4396 sepulti
2482 4328 2541 4379 et
2574 4323 2964 4384 curiosorum
2999 4327 3196 4387 oculis
3227 4329 3493 4388 detracti
3533 4309 3778 4406 jacent:

359 4406 423 4462 In
461 4402 646 4489 libro,
679 4399 755 4458 de
789 4417 913 4489 quo
949 4398 1010 4457 h.
1047 4399 1093 4489 lg.
1128 4399 1379 4472 dicitur,
1421 4403 1860 4479 componendo
1894 4403 2111 4480 lingua
2136 4424 2283 4466 usus
2313 4413 2405 4467 est
2428 4410 2942 4489 Abulpharagius
2976 4415 3063 4488 (in
3093 4417 3334 4477 caeteris
3361 4417 3488 4476 fere
3507 4398 3783 4480 Aumabice

353 4488 658 4568 loquitur)
682 4488 965 4566 Syriaca,
984 4487 1163 4565 cujus
1193 4507 1333 4582 cum
1362 4508 1617 4582 prorsus
1648 4491 1762 4549 sim
1785 4491 2063 4568 ignarus,
2089 4493 2165 4553 de
2187 4487 2703 4574 interpretatione
2728 4487 3190 4582 nullumpenes
3214 4524 3310 4565 me
3331 4506 3778 4582 estjudicium,

353 4595 721 4672 quanquam
754 4583 1100 4672 comparet,
1138 4579 1296 4636 adeo
1351 4579 1683 4672 verborum
1721 4587 1972 4672 tenaces
2023 4582 2210 4640 fuisse
2261 4584 2654 4664 interpretes,
2691 4597 2756 4650 ut
2787 4579 3075 4651 sermone
3125 4611 3352 4672 parum
3402 4579 3632 4655 Latino
3683 4579 3786 4657 usi

358 4668 483 4727 sint
516 4685 529 4739 ;
559 4672 838 4725 attamen
872 4665 1127 4764 difficile
1157 4685 1306 4726 sane
1336 4667 1713 4745 est,ingenio
1749 4667 2110 4744 linguarum
2128 4673 2543 4735 Orientalium
2577 4681 3057 4740 accommodare
3087 4665 3469 4754 L—atinam,et
3495 4703 3783 4764 saepenu-

365 4775 536 4814 mero
569 4771 789 4845 vereor
819 4771 896 4845 ne
939 4753 1102 4814 idem
1137 4757 1308 4833 quod
1329 4775 1471 4815 mox
1505 4756 1568 4817 in
1601 4755 1741 4814 aliis
1773 4757 2184 4835 castigabam,
2223 4763 2328 4821 alii
2359 4764 2420 4822 in
2457 4783 2553 4824 me
2585 4768 2949 4845 castigaturi
2979 4771 3126 4830 sint.

443 4840 1337 4939 Abulpharagiumexcipiunt
1354 4852 1651 4939 eacerpta
1675 4861 1746 4902 ex
1775 4847 2117 4939 Annalibus
2139 4851 2492 4924 Abuli‘edae,
2521 4877 2555 4914 a
2579 4840 2832 4916 Reisliio
2858 4859 3076 4920 Latine
3094 4860 3352 4920 redditis
3375 4867 3434 4920 et
3455 4869 3595 4939 post
3616 4881 3789 4923 mor-

361 4935 628 5041 temnviri
657 4934 1002 5041 doctissimi
1028 4939 1090 5034 et
1112 4933 1352 5041 linguae
1383 4933 1665 5041 arabi‘ca)
1712 4935 1999 5036 apprime
2045 4939 2240 5039 .periti
2295 4945 2560 5005 Arabice
2603 4953 2660 5006 et
2693 4947 2909 5007 Latine
2940 4947 3122 5008 editis
3152 4950 3232 5009 ab
3261 4952 3316 5012 J.
3355 4953 3424 5011 G.
3456 4933 3526 5012 ll.
3564 4952 3784 5041 Adler,

359 5023 708 5115 professore
739 5023 1084 5115 Hafni'ensi.
1112 5024 1308 5082 Notus
1331 5026 1424 5080 est
1446 5027 1668 5115 auctor
1685 5040 1892 5115 neque
1913 5025 2203 5115 instituta
2233 5031 2309 5091 de
2341 5052 2414 5093 eo
2437 5035 2864 5114 disputatione
2888 5044 3140 5115 tempus
3161 5039 3464 5100 obsidebo
3504 5023 3781 5109 lectoris:

353 5112 440 5206 lix
474 5113 638 5172 notis
673 5114 1020 5206 Reiskianis
1050 5130 1155 5172 eas
1187 5117 1437 5170 tantum
1471 5109 1726 5182 retinui,
1755 5131 1895 5190 quae
1927 5114 2114 5176 rebus
2144 5109 2562 5183 dilucidandis
2592 5124 2988 5194 inservirent,
3022 5109 3294 5198 caeteris,
3329 5146 3472 5206 quas
3502 5131 3624 5189 huc
3656 5149 3785 5191 non

356 5203 654 5275 facerent,
692 5203 962 5263 omissis.

437 5293 521 5350 Ex
547 5288 1154 5383 Elmacini-historia
1171 5287 1706 5383 Saracenicaquaa
1729 5306 2186 5383 excerpseram,
2215 5303 2472 5363 omnino
2497 5305 2699 5376 omisi,
2727 5324 2872 5366 cum
2895 5306 3371 5383 comparatione
3391 5307 3559 5369 facta
3583 5308 3778 5368 vidis-

353 5395 513 5472 sem,
543 5379 627 5472 nil
661 5381 789 5472 fere
823 5379 902 5440 ab
933 5397 1007 5472 eo
1028 5375 1361 5472 memoriae
1404 5377 1723 5454 proditum
1757 5379 1966 5455 fuisse,
2005 5387 2173 5462 quod
2225 5409 2351 5450 non
2404 5394 2695 5472 copiosus
2726 5403 2788 5454 et
2820 5375 3060 5456 melius-
3073 5395 3209 5472 jam
3258 5397 3560 5458 traditum
3592 5398 3670 5457 sit
3700 5398 3782 5458 ab

355 5477 395 5524 Α
411 5468 833 5545 bulpharagio
883 5473 944 5527 et
972 5465 1302 5526 Abulfeda.

433 5556 1105 5650 liltimopdeniqueloco
1126 5555 1349 5650 Latine
1375 5555 1822 5650 interpretatus
1845 5579 1980 5620 sum
2011 5570 2253 5642 partem
2285 5569 2500 5650 libelli,
2518 5577 2660 5631 ante
2684 5573 2801 5632 hos
2823 5579 2966 5633 octo
2992 5591 3192 5634 annos
3216 5574 3367 5634 editi
3389 5594 3426 5636 a
3445 5577 3514 5638 V.
3537 5575 3779 5637 clariss.

340 5646 408 5744 ρ.
429 5647 524 5703 W.
551 5645 1092 5745 Freitagimlingg.
1115 5643 1459 5745 grienttin
1480 5644 1592 5742 hac
1611 5648 1942 5745 Academia
1962 5655 2122 5745 prof.
2143 5657 2315 5745 publ.
2335 5643 2538 5720 ordin.
2554 5681 2760 5738 ,quem
2780 5663 3010 5740 linguae
3026 5663 3306 5725 Arabicae.
3325 5673 3781 5745 praeceptorem

337 5732 471 5810 ipse
505 5753 786 5806 veneror,
823 5733 942 5793 hoc
971 5733 1086 5791 sub
1119 5732 1342 5791 titulo:
1374 5733 1715 5814 Rugierung
1749 5737 1847 5798 des
1875 5732 2410 5810 Saa/Id-Addaula
2433 5768 2508 5812 zu
2529 5732 2789 5832 Aleppo.
2813 5732 2946 5814 Αἶιε
2961 5753 3123 5812 ειήεν
3160 5732 3665 5817 Arab't'sclzen'lia
3682 5756 3790 5817 nd-
