4096 6432
145 35 462 52 μμ,,φμ-

336 453 490 512 1011

336 600 496 640 anno
527 587 696 638 Jones
725 580 823 652 qui
869 580 1041 637 etiam
1069 580 1582 651 Schumuschchig,
1627 583 1740 636 dux
1777 581 1997 636 exerci-
2031 582 2077 646 Α
2114 588 2236 652 post
2279 581 2447 636 festos
2477 582 2597 642 dies
2649 579 2952 638 rediturus.
3001 578 3294 636 Tarsensis
3343 575 3591 633 Arabum
3622 575 3765 643 dux,

337 682 454 735 tus,
487 680 534 726 et
569 671 943 740 Nicephorus,
982 670 1350 736 domesticus,
1385 671 1548 725 missi
1574 670 1644 725 ab
1674 686 1738 724 eo
1769 671 1826 724 in
1857 671 1994 722 Ara-

337 759 469 814 bum
523 759 687 825 ﬁnes,
723 759 998 828 progressi
1049 767 1180 813 sunt
1219 775 1395 831 usque
1426 762 1495 814 ad
1528 759 1779 827 Abiram,
1813 758 1986 825 unde,

333 847 508 903 occisi
548 849 648 900 100
684 847 992 913 militibus,
1024 856 1077 901 et
1114 846 1366 903 incensis
1421 849 1693 918 frugibus,
1727 863 1858 904 cum
1895 847 1994 902 tri-

332 939 488 1006 ginta
519 937 760 1005 captivis
791 936 1076 991 abierunt.
1111 937 1522 1006 Siphoddaula,
1555 936 1752 992 Halebi
1786 936 1994 1003 Emira,

334 1041 464 1082 cum
498 1025 639 1080 3000
683 1040 961 1096 egressus,
1017 1024 1395 1080 Carschenam
1446 1041 1576 1081 eum
1627 1027 1996 1096 pervenisset,

335 1131 708 1185 permagnam
738 1115 983 1184 praedam
1016 1113 1151 1168 inde
1178 1115 1432 1170 abduxit.
1458 1115 1671 1182 Redux,
1699 1121 2001 1187 propterea

338 1206 487 1277 quod
521 1204 765 1258 Romani
797 1219 1000 1260 omnes
1037 1209 1312 1276 angustos
1343 1205 1528 1259 exitus
1559 1206 1996 1274 interceperant,

341 1310 472 1351 cum
530 1293 632 1348 100
681 1299 907 1347 tantum
963 1309 1029 1346 ex
1079 1293 1254 1346 servis
1302 1293 1422 1348 suis
1473 1293 1676 1348 evasit.
1735 1295 2003 1365 Reliquos

347 1383 589 1440 Romani
645 1382 846 1452 partim
911 1381 1269 1448 occiderunt,
1330 1383 1536 1453 partim
1591 1384 1806 1440 vinctos
1871 1400 2000 1439 cum

349 1474 539 1544 praeda
570 1478 904 1542 recuperata
935 1472 1302 1543 reduxerunt,
1334 1474 1526 1529 multis
1555 1474 1790 1545 insuper
1819 1475 2002 1544 equis,

346 1562 523 1618 armis
568 1570 621 1616 et
657 1562 931 1630 nummis,
984 1563 1082 1631 qui
1128 1561 1553 1630 Siphoddaulaa,
1585 1564 1688 1618 filii
1725 1565 2006 1620 Hamdani

349 1653 593 1721 fuerant,
625 1651 807 1719 potiti.
849 1651 1264 1720 Nobilium,qui
1296 1666 1427 1706 eum
1458 1668 1524 1707 eo
1549 1653 2006 1725 (militavterant),

356 1741 530 1797 simul
564 1740 740 1796 occisi
781 1745 938 1806 sunt,
975 1738 1212 1808 Hamed,
1267 1740 1418 1794 ﬁlius
1462 1740 1715 1808 Namusi,
1764 1742 2008 1798 Mususia

353 1831 512 1888 Chan
543 1838 596 1886 et
623 1829 760 1886 Cadi
779 1829 1170 1885 Abu~Hozain.

1349 448 1758 511 EXCERPTA
1803 449 1904 509 EX
1953 446 2350 508 HISTORIIS
2397 448 2738 510 ARABUM

3605 441 3768 504 1012

2103 671 2314 725 coactis
2345 670 2506 734 4000,
2556 670 2785 726 adortus
2827 672 3112 724 Romanos
3157 669 3341 724 vietus
3372 673 3426 722 et
3472 681 3589 722 non
3639 665 3765 734 ipse

2105 760 2348 826 tantum,
2395 758 2490 812 sed
2540 772 2742 813 omnes
2786 756 2954 811 etiam
3009 755 3215 811 Arabes
3245 763 3298 810 et
3331 755 3504 810 frater
3535 767 3761 824 quoque

2103 847 2408 905 Tarsensis
2442 847 2628 915 ducis,
2664 845 3036 911 Bar-Rababi,
3088 845 3265 901 occisi
3287 849 3444 898 sunt.
3493 841 3762 909 Romani,

2105 939 2308 995 iterum
2363 937 2619 993 Ciliciam
2663 936 2924 1006 ingressi,
2972 941 3375 1005 expugnarunt
3423 948 3611 988 arcem
3667 931 3762 987 Ziz

2107 1037 2159 1084 et
2192 1027 2458 1098 presidio
2492 1042 2603 1082 non
2637 1026 2688 1081 ei
2721 1030 2967 1093 tantum,
3000 1025 3098 1080 sed
3135 1023 3368 1094 reliquis
3403 1021 3570 1076 etiam
3616 1020 3758 1075 arci-

2110 1117 2215 1173 bus
2248 1117 2532 1186 imposito,
2581 1114 2815 1186 profecti
2869 1121 3000 1168 sunt
3033 1111 3332 1170 Halebum.
3380 1110 3661 1181 Opposuit
3706 1125 3768 1164 se

2109 1206 2495 1280 Siphoddaula
2544 1205 2834 1271 Romanis,
2886 1205 2985 1260 sed
3037 1202 3216 1259 victus
3263 1208 3366 1258 est.
3419 1201 3767 1258 Ceciderunt

2111 1298 2279 1354 etiam
2334 1311 2535 1354 omnes
2592 1293 2878 1350 Hamdani
2935 1291 3040 1352 ﬁlii
3094 1299 3150 1349 et
3199 1291 3322 1362 ipse
3375 1289 3768 1361 Siphoddaula

2111 1403 2244 1443 cum
2306 1385 2505 1456 paucis
2563 1391 2781 1440 tantum
2836 1382 3045 1442 caedem
3095 1379 3310 1450 eli‘ugit.
3358 1378 3591 1449 Subegit
3649 1379 3765 1434 Do-

2114 1477 2385 1534 mesticus
2414 1473 2603 1530 aulam
2635 1473 2776 1542 ejus,
2831 1489 2955 1541 quae
3001 1478 3160 1528 extra
3191 1469 3348 1526 urbis
3379 1484 3610 1524 murum
3659 1469 3768 1522 sita

2115 1573 2258 1633 erat,
2291 1565 2361 1619 ab
2401 1579 2577 1633 eaque
2611 1578 2725 1616 non
2757 1565 2982 1615 tantum
3013 1559 3120 1614 390
3150 1559 3367 1628 argenti
3400 1557 3636 1623 talenta,
3668 1558 3769 1612 sed

2115 1655 2288 1711 etiam
2329 1653 2472 1707 2400
2504 1650 2690 1707 mulos
2719 1658 2774 1705 et
2813 1663 3103 1704 armorum
3134 1646 3424 1702 inﬁnitum
3457 1662 3766 1704 numerum

2117 1745 2323 1817 exegit.
2367 1744 2514 1798 Aula
2543 1742 2799 1807 incensa,
2853 1738 3047 1798 urbem
3080 1737 3262 1808 ipsam
3306 1735 3672 1806 Oppugnavit,
3708 1737 3768 1790 in

2118 1834 2278 1904 eujus
2309 1848 2473 1889 muro
2503 1846 2632 1887 cum
2664 1834 2985 1900 aperturam
3028 1827 3271 1895 fecisset,
3305 1825 3547 1885 Romani
3581 1835 3770 1881 trans-

437 1925 601 1976 Anno
633 1919 739 1974 350
771 1919 1037 1986 Arabum,
1088 1935 1290 1990 magna
1324 1921 1572 1976 Arabum
1604 1930 1850 1990 caterva,
1890 1929 2005 1978 An-
2042 1928 2090 1992 Β
2119 1923 2294 1996 gressi
2343 1921 2484 1978 caedi
2516 1936 2630 1976 non
2664 1920 2818 1990 prius
2868 1918 3040 1974 ﬁnem
3099 1917 3374 1980 fecerunt,
3407 1931 3576 1985 quam
3609 1914 3772 1970 defa-

365 2011 572 2068 tiochia
626 2011 862 2064 Tarsum
909 2009 1178 2078 profecta,
1223 2011 1280 2066 in
1338 2010 1725 2068 Romanorum
1778 2014 2015 2068 insidias

363 2101 591 2165 incidit,
626 2101 721 2169 qui
765 2115 832 2154 ex
865 2099 933 2153 iis
961 2099 1182 2169 aliquos
1224 2100 1590 2172 occiderunt,
1620 2101 1864 2171 reliquos
1899 2120 2014 2156 ma-

368 2208 536 2262 gnam
597 2191 816 2245 turbam
862 2190 1083 2246 vinctos
1118 2189 1494 2245 abduxerunt.
1550 2192 1834 2261 lndignati
1886 2201 2018 2248 sunt

365 2281 599 2345 Arabes,
633 2280 870 2348 ideoque
901 2295 1095 2333 servus
1138 2279 1572 2350 Siphoddaulm,
1605 2284 1780 2351 Naga,
1828 2281 2017 2352 irrup-

369 2369 522 2424 tione
564 2386 596 2422 a
627 2367 802 2423 latere
851 2367 1182 2438 Miphractm
1216 2367 1272 2422 in
1307 2371 1689 2424 Romanorum
1728 2371 2016 2438 regionem

370 2459 540 2521 facta,
585 2473 847 2526 magnam
884 2458 1122 2525 praedam
1158 2472 1286 2511 cum
1328 2457 1470 2511 2000
1511 2458 1834 2528 hominum,
1867 2466 1920 2516 et
1963 2463 2017 2518 in

371 2545 461 2600 his
495 2547 566 2600 50
595 2545 812 2600 catenis
833 2543 1052 2598 vinctos
1084 2544 1338 2599 abduxit.

444 2639 612 2690 Anno
643 2634 968 2688 Graecorum
1005 2634 1160 2701 1274,
1209 2634 1460 2692 Arabum
1493 2638 1617 2704 451,
1665 2639 2021 2709 Nicephorus

375 2724 742 2789 domesticus,
786 2737 914 2779 cum
950 2723 1181 2792 100,000
1219 2725 1474 2794 equitum
1509 2727 1564 2780 in
1599 2727 1852 2784 Ciliciam
1888 2746 2020 2802 pro—

377 2817 580 2883 fectus,
631 2814 981 2869 Anazarbam
1023 2813 1240 2868 obsedit
1285 2817 1550 2886 gravique
1593 2817 1740 2872 bello
1783 2820 2022 2889 vexavit,

378 2906 560 2960 donec
611 2903 703 2972 qui
749 2901 901 2956 intus
944 2911 1104 2956 erant
1150 2902 1389 2972 Arabes,
1437 2904 1505 2959 de
1568 2907 1776 2962 auxilio
1826 2910 2024 2978 despe-

381 3000 593 3057 rantes,
644 2991 810 3061 pacti,
868 2999 919 3044 ut
979 2991 1024 3044 si
1077 3008 1267 3046 arcem
1338 2993 1643 3064 traderent,
1710 2995 2026 3054 incolumes

381 3097 512 3138 cum
547 3080 911 3136 facultatibus
950 3082 1186 3148 exirent,
1223 3081 1333 3136 {ide
1361 3098 1392 3136 a
1426 3082 1744 3155 Nicephoro
1775 3096 2024 3157 accepta,

384 3170 636 3225 maxime
698 3171 844 3238 quod
908 3169 1188 3236 viderent,
1251 3171 1440 3225 hostes
1496 3189 1526 3226 a
1585 3174 1793 3229 montis
1856 3175 2029 3232 latere

2129 2013 2285 2083 ligati
2314 2017 2491 2067 erant.
2548 2009 2899 2065 Invenerunt
2929 2008 2988 2062 in
3035 2021 3102 2061 ea
3133 2006 3271 2061 1200
3313 2005 3598 2060 Romanos
3647 2004 3777 2060 vin—

2127 2110 2265 2170 ctos,
2319 2115 2460 2170 quos
2506 2099 2564 2153 in
2615 2097 2934 2153 libertatem
2988 2096 3367 2150 restituerunt.
3423 2092 3555 2150 Plus
3598 2107 3770 2163 quam

2134 2192 2329 2262 10,000
2361 2204 2665 2261 puerorum
2697 2195 2750 2243 et
2781 2186 3098 2257 puellarum
3135 2186 3499 2242 abduxerunt
3541 2190 3592 2239 et
3623 2200 3770 2252 pre-

2129 2284 2216 2338 daa
2264 2289 2503 2348 tantum,
2553 2286 2762 2349 quanto
2802 2277 3032 2332 ferendo
3081 2291 3244 2346 pares
3284 2283 3466 2342 erant,
3517 2277 3774 2343 asporta-

2133 2375 2288 2428 runt.
2321 2370 2476 2434 Quod
2528 2368 2806 2438 reliquum
2856 2373 2996 2435 erat,
3045 2365 3502 2422 eombusserunl.
3536 2363 3776 2418 Invene-

2136 2468 2268 2517 runt
2294 2461 2451 2516 lacus
2489 2461 2615 2515 oleo
2635 2457 2909 2514 olivarum
2937 2456 3156 2527 plenos,
3180 2471 3324 2526 quos
3342 2470 3488 2524 aqua
3510 2451 3784 2522 impleve-

2134 2554 2288 2615 runt,
2350 2557 2408 2605 ut
2465 2548 2656 2604 oleum
2705 2562 2876 2603 omne
2922 2551 3309 2616 supernataret
3357 2551 3412 2600 et.
3457 2542 3666 2601 deinde
3722 2541 3782 2595 in

2137 2651 2342 2697 terram
2376 2637 2614 2693 ell'usum
2646 2642 3127 2705 corrumperetur.
3161 2633 3394 2704 Templa
3434 2637 3781 2693 everterunt,

2135 2731 2339 2803 quibus
2367 2726 2728 2784 destruendis
2759 2725 3000 2781 Romani
3043 2740 3244 2781 novem
3278 2724 3401 2780 dies
3448 2722 3791 2792 absumpse-

2137 2827 2292 2876 runt.
2323 2820 2460 2874 Cum
2512 2819 2568 2872 in
2601 2833 2668 2872 eo
2699 2819 2912 2883 essent,
2949 2825 3005 2868 ut
3034 2813 3280 2880 abirent,
3310 2813 3530 2870 obstitit
3577 2811 3788 2867 sororis

2139 2910 2291 2966 ﬁlius
2324 2909 2471 2978 regis
2493 2905 2758 2974 Romani,
2791 2903 3259 2977 Nicephorumin
3285 2901 3495 2963 bellum
3528 2911 3789 2967 secutus,

2141 3022 2168 3050 ‹‹
2205 2999 2326 3055 Non
2361 2997 2730 3061 discedimus,
2757 3013 2782 3044 ι
2818 2995 3104 3064 inquiens,
3139 3015 3166 3043 «
3198 2993 3384 3050 donec
3414 3006 3603 3048 arcem
3653 3007 3790 3061 ape-

2143 3090 2444 3146 ruerimus.
2480 3109 2507 3135 ››
2540 3085 2916 3156 Nicephorus,
2951 3084 3044 3154 qui
3075 3081 3356 3138 adversari
3389 3097 3503 3140 non
3566 3088 3754 3150 posset
3782 3097 3796 3135 :

2147 3201 2173 3228 ‹‹
2203 3183 2282 3232 En
2315 3198 2342 3228 »
2381 3176 2584 3244 aiebat,
2617 3198 2642 3224 ‹‹
2677 3190 2774 3229 arx
2829 3181 2960 3228 ante
3002 3182 3050 3229 te
3099 3179 3181 3230 est
3207 3188 3223 3238 ;
3253 3170 3370 3240 abi,
3402 3181 3462 3228 ut
3509 3171 3726 3239 capias,
3763 3187 3792 3218 η

385 3275 634 3325 murum,
668 3257 819 3313 brevi
864 3267 1252 3328 perrupturos,
1303 3265 1494 3329 portas
1526 3275 1890 3332 aperuerunt.
1933 3267 2028 3321 Ni-
2067 3284 2108 3348 ρ
2151 3269 2251 3322 Hic
2271 3264 2818 3336 regissororisﬁlius
2837 3263 2926 3316 vix
2948 3261 3094 3318 arcis
3115 3265 3286 3332 portas
3307 3261 3800 3330 apprOpinquavc-

383 3349 720 3421 cephurum,
761 3363 887 3403 cum
929 3348 1216 3417 ingressus
1249 3350 1503 3414 vidisset,
1549 3369 1744 3420 parum
1787 3354 2036 3417 abfuisse

382 3441 519 3508 quin
579 3436 752 3507 gladii
808 3451 913 3504 Ope
976 3437 1101 3491 sine
1162 3437 1422 3492 molestia
1482 3439 1725 3508 aperiret
1772 3443 2038 3520 (urbem),

384 3526 645 3598 paenituit
680 3525 1042 3596 promissum.
1087 3525 1278 3598 ltaqne
1309 3527 1506 3598 edixit,
1542 3534 1604 3583 ut
1637 3531 1693 3584 in
1729 3535 2038 3592 oratorium

385 3617 659 3686 templum
703 3615 896 3670 omnis
948 3614 1187 3686 populus
1233 3629 1672 3687 congregaretur
1717 3628 1766 3674 et
1800 3623 2036 3692 quicun-

386 3721 494 3775 que
548 3722 658 3760 non
713 3705 992 3770 introiret,
1054 3703 1332 3770 sanguine
1377 3722 1578 3775 poenas
1631 3709 1830 3766 lueret.
1884 3715 2039 3770 Inse-

391 3794 586 3863 quenti
617 3796 707 3847 die
741 3794 952 3862 pedites
979 3808 1143 3846 mane
1175 3793 1232 3847 in
1257 3793 1452 3848 urbem
1480 3799 1816 3865 intromissi,
1850 3817 2046 3871 quem-
2087 3843 2090 3846 .

394 3898 621 3951 cunque
666 3883 1030 3949 invenerunt,
1075 3881 1242 3946 viros,
1279 3883 1543 3938 mulieres
1585 3894 1638 3939 et
1668 3903 1894 3954 pueros,
1928 3899 2042 3944 tru-

394 3971 680 4024 cidarunt.
729 3970 875 4024 Tum
936 3971 1272 4040 comportari
1323 3987 1479 4026 arma
1524 3973 1580 4028 in
1639 3977 1774 4030 urbe
1837 3985 2042 4048 erepta.

397 4059 630 4114 Inventa
677 4065 806 4112 sunt
868 4059 1067 4126 40,000
1120 4059 1426 4116 loricarum
1477 4070 1678 4132 praeter
1725 4066 1944 4136 gladios
1993 4075 2045 4124 el

394 4163 633 4202 arcuum
690 4163 958 4217 magnum
1026 4163 1344 4204 numerum.
1405 4149 1729 4206 Palmarum
1774 4154 2043 4212 arborum

397 4238 599 4303 40,000
648 4239 874 4293 succisa
922 4246 1071 4292 sunt.
1124 4240 1290 4295 Exire
1312 4240 1521 4298 deinde
1563 4257 1784 4312 omnes,
1835 4245 1932 4314 qui
1985 4245 2046 4302 in

397 4327 605 4398 templo
657 4338 839 4396 erant,
903 4329 1092 4398 jussit,
1139 4338 1190 4383 et
1253 4346 1522 4400 quorsum
1575 4331 1800 4402 vellent,
1865 4334 2042 4404 abire,

395 4431 633 4474 mortem
681 4419 930 4473 minatus
962 4418 1254 4488 omnibus,
1293 4420 1389 4490 qui
1424 4419 1492 4472 ad
1539 4435 1828 4490 vesperam
1863 4439 2042 4479 roma-

397 4517 621 4564 nerent.
684 4512 964 4562 Exountes
992 4510 1131 4563 adeo
1163 4525 1222 4563 se
1253 4518 1734 4580 compresserunt,
1785 4519 1844 4567 ut
1878 4512 2044 4568 multi

396 4614 616 4664 eorum,
641 4598 767 4664 viri,
793 4597 1062 4653 mulieres
1094 4605 1146 4653 et
1177 4597 1337 4652 liberi
1361 4614 1421 4654 ea
1448 4601 1867 4669 compressione
1895 4603 2042 4673 peri-

2148 3365 2251 3425 rat,
2279 3371 2407 3410 cum
2435 3355 2564 3423 quia
2585 3353 2728 3424 lapis
2746 3367 2813 3406 ex
2833 3360 3093 3424 apertura
3119 3365 3287 3420 super
3307 3349 3454 3408 arcis
3478 3357 3636 3419 porta
3666 3364 3803 3404 con-

2149 3453 2230 3502 tra
2280 3443 2468 3508 illum,
2503 3441 2787 3513 projectus
2816 3441 2962 3508 apud
3013 3455 3142 3496 eum
3175 3439 3462 3496 deciderat
3490 3453 3682 3492 auersa
3713 3437 3800 3491 fa-

2146 3534 2233 3590 eie
2263 3533 2422 3603 fugit.
2472 3531 2619 3590 Tum
2656 3536 2852 3600 aperta
2891 3537 3047 3600 porta
3085 3527 3378 3586 Dailamiui
3411 3527 3658 3598 quidam,
3690 3541 3801 3580 no-

2149 3624 2302 3680 mine
2325 3621 2562 3691 Bascha,
2590 3621 2898 3690 rugientem
2923 3627 3167 3686 secutus,
3189 3617 3410 3679 hastam
3430 3618 3572 3674 inter
3595 3616 3802 3671 hume-

2148 3729 2238 3769 ros
2269 3712 2392 3782 ejus
2417 3712 2491 3766 ita
2519 3710 2729 3781 adegit,
2765 3716 2823 3764 ut
2853 3725 2948 3775 per
2971 3715 3164 3778 peetus
3188 3708 3386 3774 exiret,
3421 3715 3477 3762 et
3502 3707 3608 3761 hoc
3632 3705 3806 3761 modo

2149 3801 2461 3857 interemit.
2510 3798 2740 3854 Reversi
2771 3799 2896 3868 ejus
2942 3797 3079 3854 socii
3111 3798 3352 3852 cadaver
3395 3797 3464 3852 ad
3509 3795 3800 3864 Nicepho-

2153 3904 2274 3944 rum
2321 3886 2654 3952 retulerunt,
2705 3885 2801 3955 qui
2845 3890 3084 3941 mortem
3118 3885 3221 3940 ﬁlii
3273 3885 3486 3944 sororis
3533 3885 3682 3949 regis
3710 3883 3791 3937 ul-

2153 3985 2308 4033 turus
2342 3976 2479 4032 1200
2509 3973 2810 4040 Arabibus,
2843 3974 2941 4044 qui
2975 3975 3143 4034 vincti
3173 3974 3322 4045 apud
3356 3989 3483 4028 eum
3517 3972 3799 4030 custodie-

2155 4067 2377 4136 bantur,
2411 4065 2593 4134 capita
2619 4063 2879 4120 abscindi
2904 4063 3117 4134 jussit;
3151 4079 3260 4134 quo
3293 4064 3442 4120 facto
3473 4063 3532 4118 in
3591 4073 3802 4120 terram

2151 4159 2544 4211 Romanorum
2597 4152 2780 4208 rediit.
2842 4153 2903 4208 in
2943 4153 3085 4208 vicis
3124 4151 3322 4208 Halebi
3369 4154 3612 4210 omnino
3654 4152 3803 4210 nihil

2151 4244 2426 4316 corrupit,
2474 4243 2593 4298 imo
2639 4249 2885 4312 agrestes
2936 4243 3014 4296 ita
3055 4243 3451 4300 commonuit:
3487 4265 3507 4292 ι
3541 4242 3624 4298 Ne
3675 4259 3806 4299 ces-

2151 4341 2268 4388 sate
2315 4333 2384 4387 ab
2415 4332 2862 4401 agricolatione;
2899 4347 3026 4385 nam
3080 4339 3276 4386 nostra
3306 4339 3389 4386 est
3442 4332 3559 4387 haec
3613 4339 3802 4398 terra;

2153 4421 2308 4478 brevi
2355 4421 2423 4475 ad
2475 4436 2571 4474 vos
2620 4419 2958 4474 redibimus.
2994 4440 3020 4468 »
3058 4459 3070 4472 .
3107 4417 3222 4474 Hoc
3274 4427 3527 4489 tempore
3592 4419 3801 4473 iterum

2155 4510 2311 4566 mille
2343 4509 2555 4580 pedites
2587 4508 2842 4571 Armeni,
2876 4507 2933 4561 in
2966 4523 3164 4577 agrum
3195 4509 3543 4564 Edessenum
3593 4509 3806 4563 irrum-

2157 4607 2374 4671 pentes,
2429 4599 2567 4652 1000
2607 4612 2762 4660 oves,
2814 4597 2921 4652 500
2957 4605 3144 4652 tauros
3182 4604 3236 4652 et
3287 4598 3352 4654 10
3398 4597 3546 4654 viros
3589 4598 3808 4655 Arabes

402 4697 547 4740 rent.
585 4685 744 4740 Multi
773 4687 830 4740 in
865 4687 950 4742 via
984 4686 1190 4742 mortui
1221 4696 1370 4741 sunt.
1397 4689 1501 4754 Qui
1533 4697 1718 4744 autem
1753 4707 2043 4746 remanse-
2083 4665 2127 4730 θ
2157 4687 2534 4744 abduxerunt.
2585 4685 2754 4742 Hisce
2799 4685 3148 4756 temporibus
3195 4702 3327 4741 cum
3373 4688 3618 4743 Romani
3668 4692 3806 4743 Ara-

403 4784 554 4843 runt,
602 4791 866 4845 quorsum
913 4777 1232 4842 tenderent,
1281 4776 1638 4844 ignorabant.
1690 4779 2045 4850 Nicephorus

401 4872 672 4935 templum
707 4867 905 4922 evertit
939 4873 992 4921 et
1029 4866 1174 4920 duos
1199 4866 1352 4922 urbis
1387 4883 1579 4923 muros
1603 4885 1707 4924 nec
1742 4885 1856 4924 non
1889 4871 2049 4925 aulas

401 4954 695 5009 destruxit.
750 4953 974 5008 Duobus
1005 4961 1054 5008 et
1093 4953 1286 5023 viginti
1318 4955 1544 5022 diebus,
1580 4958 1784 5026 quibus
1815 4959 1871 5013 in
1908 4959 2046 5013 Cili-

398 5045 480 5100 cia
525 5051 907 5100 commoratus
955 5051 1093 5108 erat,
1147 5042 1500 5116 Nicephorus
1548 5047 1618 5101 55
1667 5064 1823 5103 arces
1871 5049 2047 5118 cepit,

399 5135 607 5204 partim
641 5133 714 5200 vi,
750 5134 954 5201 partim
1001 5131 1311 5188 deditione.
1345 5134 1488 5188 Cum
1525 5152 1590 5190 ex
1624 5153 1753 5191 arce
1784 5139 2048 5206 quadam,

399 5240 565 5294 quam
597 5220 814 5277 domini
839 5222 960 5291 ejus
983 5220 1095 5274 ﬁde
1123 5227 1357 5292 accepta
1384 5224 1752 5291 tradiderant,
1782 5226 2052 5282 mulieres

398 5313 604 5367 Arabes
661 5311 1081 5380 egrederentur,
1139 5320 1190 5364 et
1236 5311 1294 5366 in
1363 5313 1462 5367 has
1519 5314 1757 5368 Armeni
1819 5315 2048 5384 quidam

398 5404 700 5463 irruerent,
785 5401 966 5454 mariti
1046 5416 1237 5455 earum
1309 5403 1431 5456 zelo
1510 5404 1774 5474 correpti,
1837 5403 2054 5474 gladios

402 5494 776 5546 strinxerunt.
862 5488 1214 5558 Nicephorus
1295 5490 1588 5558 Arabibus,
1647 5494 1742 5562 qui
1835 5494 2055 5564 gladios

406 5573 777 5638 strinxerant,
837 5568 1036 5636 iratus,
1089 5570 1194 5622 400
1252 5571 1399 5625 viros
1430 5580 1481 5625 et
1533 5573 1799 5628 mulieres
1852 5574 2058 5630 multas

409 5661 637 5716 occidit.
691 5659 831 5724 Quia
873 5659 1154 5727 jejunium
1207 5661 1694 5730 qnatlragesimale
1743 5663 2056 5736 approqin-

411 5755 729 5820 quaverut,,
763 5747 1116 5818 Nicepliorus
1165 5765 1294 5804 cum
1321 5750 1439 5805 suis
1487 5753 1825 5809 Crtesaream
1894 5750 2053 5825 abiit,

2154 4777 2323 4833 bibus
2376 4775 2743 4849 praevalerent
2799 4782 2851 4828 et
2899 4774 3218 4844 diripiendo
3265 4777 3456 4830 omnia
3507 4792 3686 4846 usque
3734 4779 3806 4832 ad

2157 4857 2487 4914 Armeniam
2569 4856 2842 4927 majorem
2922 4855 3336 4926 pervenissent,
3415 4863 3807 4914 Armeuorum

2159 4947 2263 5015 illi,
2323 4946 2422 5016 qui
2481 4953 2654 5010 metu,
2713 4960 2786 4999 ne
2836 4944 2907 4998 ab
2961 4943 3259 5012 Arabibus,
3316 4954 3610 5016 pr0pterea
3654 4948 3808 5018 quod

2159 5036 2463 5093 Christiani
2506 5043 2714 5100 essent,
2763 5042 3126 5103 vexarentur,
3162 5036 3518 5108 aufugerant,
3571 5038 3629 5093 in
3665 5038 3814 5094 ﬁnes

2163 5128 2542 5183 Romanorum
2626 5140 2686 5180 se
2753 5123 3142 5180 contulerunt.
3217 5127 3454 5181 Romani
3531 5128 3816 5183 dederunt

2161 5216 2276 5271 illis
2304 5215 2613 5271 Sehastiam
2648 5213 2706 5268 in
2750 5215 3122 5284 Cappadocia,
3158 5217 3328 5283 unde,
3375 5233 3504 5271 cum
3539 5233 3815 5272 numerus

2162 5321 2354 5361 eorum
2407 5305 2567 5359 valde
2596 5311 2799 5358 auctus
2845 5310 3015 5370 esset,
3070 5306 3368 5371 miserunt,
3427 5307 3522 5376 qui
3580 5307 3812 5363 arcibus

2161 5399 2232 5450 ab
2289 5395 2566 5451 Arabibus
2621 5394 2802 5462 captis
2861 5392 3123 5462 praesidio
3171 5399 3379 5451 essent.
3433 5398 3492 5451 In
3539 5398 3812 5453 omnibus

2163 5485 2616 5558 expeditionibus
2651 5483 2738 5538 his
2768 5499 2990 5554 quoque
3020 5483 3254 5539 Armeni
3287 5487 3502 5554 pedites
3529 5503 3660 5542 cum
3694 5491 3813 5542 Ro-

2151 5577 2352 5651 manis
2409 5574 2694 5640 exierunt,
2754 5586 3018 5642 prospere
3078 5571 3412 5644 plerumque
3472 5577 3816 5646 praeliantes.

2165 5664 2548 5736 Nicephorum
2602 5660 2977 5717 domesticum
3029 5676 3159 5717 cum
3204 5663 3590 5722 Romanorum
3636 5668 3820 5738 copiis

2170 5753 2239 5810 ab
2271 5752 2485 5808 Halebo
2531 5765 2837 5817 reversum,
2887 5764 3015 5804 cum
3045 5750 3411 5809 Simandoam
3447 5757 3817 5828 pervenisset,
