4096 6456
347 402 505 463 1015

1359 396 1778 458 EXCERPTA
1821 397 1922 456 EX
1973 391 2364 464 HlSTORlIS
2411 410 2754 472 ARABUM

3610 399 3772 464 1016

347 540 453 594 800
495 535 720 593 obsides
774 533 1072 590 dederunt.
1123 529 1198 586 Eo
1249 533 1506 601 tempore
1552 531 1802 586 multum
1848 529 1998 586 bello
2028 528 2084 595 Α
2115 536 2391 596 Adierunt
2423 544 2590 598 etiam
2653 543 2933 601 nobilium
2987 540 3220 614 quidam
3278 537 3532 594 Emiram
3588 537 3768 594 Azod-

347 627 620 684 inclaruit
651 624 959 694 imperator
989 620 1364 692 Nicephorus,
1401 620 1498 692 qui
1540 636 1742 676 omnes
1789 619 1997 675 Ciliciae

344 717 538 781 urbes,
568 711 928 768 Antiochiam
964 718 1015 766 et
1079 711 1294 779 Syriam
1341 710 1401 765 in
1453 718 1785 779 potestatem
1833 724 1996 764 suam

341 804 585 874 redegit,
618 818 788 872 quam
824 801 895 856 ob
931 816 1051 855 rem
1083 815 1284 854 omnes
1317 800 1562 855 Arabum
1596 808 1794 870 gentes
1845 805 1996 853 metu

338 893 614 965 perculsas
647 899 800 946 sunt.
849 893 1044 961 Itaque
1097 889 1290 944 animo
1347 889 1526 944 elatus
1575 889 1994 959 imperatricem

339 981 795 1053 Theophaniam,
831 979 1193 1049 imperatoris
1242 979 1483 1034 Romani
1533 993 1789 1047 uxorem,
1851 977 1996 1032 invi-

337 1078 454 1128 tam
487 1080 700 1133 tamen,
736 1069 845 1124 sibi
876 1068 1220 1138 conjunxit;
1255 1083 1438 1136 neque
1470 1068 1577 1124 hac
1603 1084 1664 1123 re
1693 1077 1998 1124 contentus

337 1163 479 1218 duos
502 1162 673 1229 hujus
691 1159 863 1228 ﬁlios,
905 1157 1176 1212 Basilium
1229 1167 1282 1212 et
1321 1157 1758 1212 Constantinum
1791 1162 2000 1213 castra-

337 1267 397 1306 re
426 1249 626 1319 voluit,
662 1257 721 1304 ut
751 1264 946 1304 eorum
982 1246 1251 1317 progenie
1283 1246 1618 1317 exstirpata,
1650 1262 1718 1302 ex
1772 1263 1830 1301 se
1868 1254 1994 1302 tan-

339 1347 460 1394 tum
492 1339 644 1408 regia
677 1336 868 1407 proles
918 1336 1311 1390 deduceretur.
1358 1334 1726 1404 TheOphania
1779 1340 1993 1406 autem,

336 1428 566 1499 cognito
599 1425 722 1495 ejus
752 1422 1020 1488 consilio,
1054 1423 1124 1478 de
1158 1423 1291 1478 ﬁliis
1322 1423 1439 1477 suis
1468 1423 1774 1477 admodum
1836 1422 1995 1477 solli-

337 1517 450 1573 cita
479 1515 854 1572 domesticum
886 1512 1509 1581 Schumuschchigum,
1559 1528 1802 1582 quocum
1854 1528 1994 1568 con-

336 1607 668 1676 spiraverat,
705 1603 1085 1659 muliebribus
1117 1603 1386 1658 indutum
1413 1603 1665 1658 vestibus
1704 1618 1834 1657 cum
1866 1602 1992 1672 qui-

339 1693 578 1750 busdam
609 1693 738 1749 aliis
770 1693 1041 1762 injuriam
1076 1692 1259 1763 passis
1289 1691 1350 1746 in
1381 1689 1573 1761 palatii
1605 1693 1782 1747 aedem
1818 1696 1990 1746 noctu

340 1783 650 1838 nativitatis
707 1781 1019 1837 Servatoris
1083 1779 1403 1835 introduxit
1475 1787 1529 1835 et
1606 1779 1991 1850 Nicephorum

2111 627 2364 697 daulam,
2398 632 2548 688 Cutis
2581 643 2922 702 versantem,
2956 632 3471 701 sollicitaruntquc,
3505 631 3568 684 ut
3622 644 3768 684 con-

2107 722 2195 773 tra
2229 719 2516 779 Romanos
2547 724 2760 780 milites
2790 726 3056 780 mitteret.

2180 813 2346 865 Anno
2375 812 2624 869 Arabum
2655 814 2782 880 364,
2811 815 3134 869 Graecorum
3179 813 3336 879 1286,
3366 814 3757 865 Romanorum

2108 895 2417 968 imperator
2438 903 2597 970 Ivan,
2622 902 2771 959 idem
2797 901 2895 958 ille
2916 899 3501 969 Schumuschchigus,
3535 897 3760 967 Syriam

2106 985 2425 1055 ingressus,
2477 991 2794 1047 Hamadam
2856 999 2908 1047 et
2957 989 3266 1046 Balbecum
3326 989 3475 1060 cepit
3533 996 3585 1042 et
3629 1001 3760 1040 cum

2109 1073 2453 1132 Damascum
2488 1081 2847 1151 profecturus
2869 1084 3040 1148 esset,
3092 1077 3489 1144 Bar-Zaccath,
3550 1074 3766 1131 nobilis

2107 1164 2281 1219 Arabs
2312 1166 2507 1236 Syrus,
2542 1170 2758 1241 scripta
2785 1171 2856 1224 ad
2893 1169 3155 1225 Damasci
3209 1168 3554 1238 praefectum,
3614 1164 3765 1219 Phil-

2107 1259 2362 1321 tganum,
2416 1257 2676 1327 epistola,
2737 1259 3047 1315 consilium
3101 1258 3153 1312 ei
3221 1256 3397 1321 dedit,
3479 1271 3572 1316 ne,
3630 1270 3764 1310 cum

2106 1341 2448 1400 imbecillior
2525 1349 2695 1413 esset,
2779 1348 3166 1403 Romanorum
3251 1345 3370 1414 regi
3441 1343 3763 1398 obsisteret.

2113 1430 2528 1505 Obtemperans
2584 1437 2680 1493 ille
2732 1437 2863 1493 huic
2911 1437 3152 1492 consilio
3201 1434 3526 1506 imperatori
3578 1434 3764 1488 Schu-

2107 1523 2481 1594 muschchigo
2513 1525 2898 1582 obedientiam
2933 1535 2986 1582 et
3015 1524 3254 1590 300,000
3282 1538 3542 1578 zezarum
3579 1521 3764 1576 tribu-

2107 1618 2224 1666 tum
2287 1615 2566 1684 promisit,
2627 1632 2737 1686 quo
2815 1616 3125 1688 imperator
3194 1613 3766 1680 Schumuschehigus

2105 1706 2411 1759 contentus
2497 1704 2622 1759 fuit.
2701 1705 2846 1760 Huic
2923 1704 3200 1760 Damasco
3277 1701 3764 1774 appropinquanti

2107 1795 2428 1864 Phatganus
2458 1793 2687 1850 obvium
2723 1795 2911 1851 factus
2943 1810 3090 1865 equo
3115 1792 3412 1848 descendit
3442 1801 3496 1846 et
3550 1798 3765 1847 terram

339 1872 639 1964 οθῐῖιίοτοηξ
672 1871 823 1964 “ficu.
859 1885 918 1925 50
949 1869 1142 1939 Stirpis
1174 1885 1292 1924 sua?
1325 1868 1565 1924 feminas
1614 1869 1890 1939 quamam
1921 1868 1989 1922 ad
2029 1901 2071 1964 Β
2101 1883 2405 1954 aliquoties
2457 1883 2750 1939 osculatus
2803 1891 2905 1939 est.
2961 1884 3144 1938 Lectus
3188 1883 3293 1938 hac
3340 1898 3400 1938 re
3454 1882 3767 1948 imperator

337 1978 395 2016 se
427 1961 487 2016 in
517 1959 812 2016 ecclesiam
863 1974 1114 2025 vocasse,
1169 1966 1230 2014 ut
1278 1974 1474 2013 earum
1525 1974 1722 2014 secum
1784 1974 1991 2028 perno-

342 2051 618 2106 ctantium
651 2047 937 2118 colloquio
969 2056 1241 2103 uteretur.
1277 2047 1393 2103 Hac
1424 2048 1642 2103 ratione
1672 2064 1840 2118 quam
1882 2048 1994 2118 pri-

345 2154 501 2194 mum
561 2138 960 2208 imperatorem
1034 2152 1240 2192 somno
1320 2144 1612 2205 gravatum
1693 2136 1995 2201 sentiebat,

340 2226 902 2297 Schumuschchigus
929 2233 980 2280 et
1013 2225 1107 2296 qui
1140 2241 1275 2281 cum
1306 2241 1372 2280 eo
1419 2234 1600 2294 erant,
1658 2225 1878 2281 inducti
1937 2225 1997 2279 in

342 2317 487 2372 lecto
517 2332 646 2372 eum
678 2315 1031 2381 occiderunt,
1056 2329 1385 2382 eorumque,
1421 2316 1519 2384 qui
1567 2314 1760 2384 palatii
1810 2319 2001 2385 portas

341 2404 760 2473 custodiebant,
810 2403 937 2473 plus
994 2419 1164 2472 quam
1224 2403 1296 2455 70
1355 2403 1784 2458 interfecerunt.
1846 2404 2000 2458 Hanc

349 2493 520 2550 caedis
548 2493 852 2562 Nicephori
883 2507 1112 2547 causam
1145 2491 1205 2546 in
1238 2489 1399 2545 libris
1455 2499 1715 2547 accurate
1768 2493 2000 2563 scriptis

348 2583 715 2649 invenimus;
769 2597 832 2636 ea
883 2588 1094 2644 autem,
1151 2595 1321 2650 quam
1377 2580 1578 2635 beatus
1606 2579 2000 2635 Mar-Michael

352 2682 618 2742 tanquam
649 2670 719 2726 ab
782 2671 998 2740 lgnatio
1057 2669 1419 2726 Melitenensi
1467 2679 1759 2742 acceptam
1814 2671 2001 2738 refert,

353 2761 602 2817 occisum
631 2775 757 2816 esse
786 2759 912 2815 ideo
935 2760 1083 2828 quod
1143 2759 1201 2813 in
1252 2760 1519 2830 conjugio
1565 2776 1758 2830 parum
1821 2760 2006 2815 ﬁdelis

356 2851 572 2918 fuisset,
627 2848 863 2904 minime
899 2849 1012 2903 veri
1061 2848 1265 2902 similis
1313 2857 1414 2914 est,
1476 2849 1624 2918 quia,
1681 2866 1744 2904 eo
1794 2850 2002 2916 occiso,

358 2955 542 3010 neque
571 2954 699 2995 cum
727 2936 1277 3006 Schumuschchigo,
1310 2939 1405 3007 qui
1437 2946 1561 3008 post
1623 2937 2004 3008 Nicephorum

361 3030 634 3099 regnavit,
667 3043 850 3099 neque
880 3043 1009 3083 cum
1041 3027 1154 3082 alio
1186 3042 1468 3098 quoquam
1503 3043 1621 3082 rem
1656 3027 1877 3083 habuit.

426 3121 594 3174 Anno
624 3119 729 3173 360
757 3118 1028 3184 Arabum,
1059 3121 1355 3188 prepterea
1386 3118 1535 3187 quod
1571 3119 1789 3174 inventi
1845 3123 2008 3173 erant

356 3210 468 3264 duo
524 3208 734 3263 Arabes
787 3216 953 3262 noctu
1015 3207 1073 3261 in
1152 3207 1363 3277 templo
1433 3208 1596 3277 juxta
1678 3207 2003 3264 emnobium

2106 1988 2317 2042 equum
2350 1973 2738 2028 conscendere
2774 1987 2908 2026 eum
2934 1972 3112 2042 jussit
3173 1971 3535 2040 multumque
3579 1970 3766 2026 hono-

2109 2061 2268 2117 ravit.
2322 2060 2531 2115 Jussus
2584 2061 2812 2127 deinde,
2878 2069 2934 2115 ut
2987 2076 3172 2116 coram
3223 2076 3288 2115 eo
3340 2061 3663 2114 decurreret
3714 2065 3770 2113 et

2108 2148 2323 2204 militiae
2347 2150 2636 2218 Specimen
2668 2151 2883 2214 ederet,
2929 2165 3060 2204 cum
3094 2148 3468 2217 decurrisset,
3509 2147 3758 2218 impera-

2111 2238 2248 2292 toris
2278 2236 2446 2293 laude
2479 2245 2667 2293 motus
2697 2240 2906 2293 iterum
2933 2253 3076 2307 equo
3099 2237 3394 2294 descendit
3438 2245 3761 2304 terramque

2110 2325 2397 2382 osculatus
2419 2332 2526 2382 est.
2563 2326 2923 2395 Imperatoris
2953 2327 3116 2396 jussu
3171 2342 3380 2396 equum
3431 2324 3771 2380 conscendit

2111 2422 2324 2470 etcum
2359 2415 2454 2470 ille
2510 2416 2678 2470 unius
2729 2423 2945 2470 tantum
2995 2415 3132 2470 anni
3183 2415 3458 2470 tributum
3517 2414 3772 2480 exigeret

2111 2503 2298 2558 denuo
2360 2503 2676 2567 descendit,
2729 2512 2932 2558 terram
2989 2503 3368 2558 osculaturus.
3433 2501 3768 2572 Imperatori

2114 2605 2341 2660 equum,
2377 2607 2486 2662 quo
2520 2599 2712 2646 vectus
2743 2591 3087 2656 decurrerat,
3136 2591 3387 2662 gladium
3439 2600 3490 2645 et
3545 2589 3767 2644 hastam

2116 2677 2422 2747 postulanti
2452 2695 2567 2733 non
2608 2679 2723 2734 haec
2756 2684 2999 2747 tantum,
3034 2679 3129 2732 sed
3155 2679 3490 2732 vestimenta
3519 2693 3588 2745 qu
3617 2693 3767 2745 ique,

2116 2771 2367 2820 aromata
2393 2775 2444 2821 et
2468 2770 2662 2822 decem
2684 2783 2858 2836 equos
2889 2783 3016 2820 cum
3067 2764 3265 2820 multis
3309 2764 3484 2820 hastis
3515 2763 3718 2819 obtulit
3755 2785 3769 2832 ;

2117 2857 2212 2910 sed
2245 2857 2554 2924 imperator
2580 2858 2748 2910 istum
2777 2864 2993 2909 tantum
3021 2870 3229 2925 equum
3256 2859 3312 2908 et
3354 2855 3520 2907 istam
3554 2861 3773 2907 tantum

2119 2949 2341 3003 hastam
2372 2946 2609 3016 accepit,
2638 2946 2868 3015 reliquis
2894 2945 3144 3011 redditis,
3209 2944 3605 3000 benevolentia
3652 2946 3778 3012 ejus

2119 3042 2422 3092 contentus
2449 3052 2460 3088 :
2487 3033 2866 3088 intoamicivit
2901 3033 3287 3101 Phataganem
3334 3033 3650 3101 splendidis
3683 3048 3778 3086 vc-

2121 3125 2300 3180 slibus
2323 3132 2372 3179 et
2399 3131 2662 3192 praeterea
2689 3122 2952 3190 Operibus
2974 3137 3110 3175 auro
3136 3120 3479 3184 fabrefactis,
3519 3120 3779 3174 vestibus

2121 3217 2356 3282 argento
2382 3211 2543 3266 tectis
2575 3221 2621 3265 et
2652 3212 2825 3263 mulis
2843 3211 3093 3264 donavit.
3137 3210 3272 3263 Inde
3311 3209 3370 3262 Si
3397 3214 3585 3264 lonem
3637 3225 3780 3279 prn-

358 3295 659 3352 Michaelis
689 3296 1158 3354 Nestorianorum
1192 3295 1615 3352 Mozalanorum
1649 3297 1755 3352 sito
1805 3297 2002 3364 occisi,
2039 3270 2081 3336 α
2124 3303 2305 3358 fectus
2337 3306 2444 3365 est,
2479 3301 2644 3370 cujus
2688 3300 2838 3353 cives
2887 3298 3109 3352 obviam
3158 3298 3370 3367 egressi
3417 3314 3475 3352 se
3519 3297 3774 3366 subjecc-

357 3385 706 3440 Christianos
739 3383 1060 3441 Mozalanos
1085 3383 1491 3454 Abu-Thagleb
1524 3385 1678 3440 ﬁlius
1722 3385 2002 3440 Nuzcrob-

354 3474 537 3530 daulis
576 3473 808 3538 120,000
841 3489 1104 3529 zuzarum
1143 3472 1450 3529 mulctavit.

426 3567 594 3619 Anno
623 3563 732 3618 362
761 3563 1010 3619 Arabum
1041 3564 1390 3620 domesticus
1429 3579 1558 3619 cum
1622 3563 2007 3620 Romanorum

355 3653 608 3709 exercitu
669 3652 893 3709 Nisibin
948 3653 1238 3724 profectus
1303 3668 1568 3722 magnam
1624 3660 1869 3724 stragem
1932 3653 2010 3707 ibi

356 3741 534 3799 edidit
592 3749 646 3796 et
697 3757 794 3810 per
849 3742 920 3794 2'2
968 3741 1088 3796 dies
1150 3740 1296 3796 nihil
1353 3742 1508 3796 aliud
1558 3741 1690 3812 egit,
1735 3759 1900 3811 quam
1953 3749 2011 3796 ut

361 3833 694 3900 captivaret,
729 3830 1000 3899 diriperet
1050 3837 1100 3884 et
1153 3829 1445 3898 regionem
1500 3837 1754 3885 vastaret.
1819 3831 2013 3885 Postea

365 3936 498 3975 cum
531 3917 794 3972 Amidam
845 3919 1126 3986 tenderet,
1182 3919 1347 3987 hujus
1401 3919 1560 3974 urbis
1608 3921 1718 3973 dux
1771 3919 2014 3975 militum

363 4007 752 4077 impetravita
808 4006 1029 4062 Mozalae
1086 4007 1370 4076 prefecto,
1427 4007 1903 4078 Abu-Thahlebo,
1958 4012 2018 4064 ut

368 4113 604 4167 magnas
655 4096 849 4165 copias
905 4112 1034 4152 cum
1087 4097 1256 4152 fratre
1287 4114 1390 4152 suo
1414 4099 1680 4154 mitteret.
1739 4099 2020 4156 Romanos

372 4187 552 4242 adorti
615 4186 854 4240 victores
929 4187 1143 4241 Arabes
1215 4186 1436 4242 fuerunt
1511 4191 1567 4242 et
1643 4188 2016 4246 domesticum

366 4285 593 4345 captum
624 4275 1016 4344 vinctumque,
1043 4273 1314 4329 Romanis
1334 4276 1706 4348 fugientibus,
1747 4278 2017 4335 Mozalam

370 4367 670 4420 miserunt.
702 4364 1207 4433 Abu-Tbaglebus,
1263 4381 1372 4435 quo
1418 4381 1673 4421 amorem
1718 4383 1847 4422 cum
1907 4369 2022 4424 Ro-

370 4453 553 4508 manis
587 4453 974 4518 conﬁrmaret,
1030 4451 1450 4523 benignissime
1497 4454 1692 4510 habuit
1750 4457 2026 4513 domesti-

369 4559 523 4607 cum,
557 4543 651 4613 qui
687 4551 877 4598 tamen
911 4544 1104 4598 Cancri
1139 4542 1333 4599 morbo
1366 4543 1627 4600 ibiobiit.

2119 3401 2250 3446 runt
2281 3392 2427 3445 dona
2459 3389 2782 3450 oll‘erentes.
2814 3394 3154 3457 quaprOpter
3202 3387 3271 3440 iis
3325 3386 3535 3441 relictis
3595 3385 3776 3457 Bery-

2119 3488 2212 3536 ton
2250 3479 2430 3546 dusit,
2454 3493 2620 3548 quam
2645 3475 2696 3530 vi
2729 3476 2946 3545 aperuit
3000 3483 3052 3528 et
3101 3475 3358 3544 diripuit.
3411 3475 3548 3530 Inde
3579 3474 3772 3528 Gabi—

2120 3567 2231 3622 lam
2262 3569 2414 3621 venit
2469 3575 2522 3621 et
2566 3565 2696 3635 quia
2739 3564 2859 3633 ejus
2889 3563 3090 3618 incolae
3125 3562 3561 3630 resistebant,vi
3593 3562 3765 3618 etiam

2122 3654 2742 3726 eXpugnavit.Direpta
2801 3668 2865 3706 ea
2917 3652 3130 3707 Tarson
3190 3652 3472 3722 profectus
3519 3659 3623 3716 est,
3668 3650 3771 3704 ubi

2122 3743 2505 3813 imperatricis
2533 3741 2914 3811 TheOphanize
2949 3741 3114 3795 frater
3145 3756 3426 3796 venenum
3470 3743 3518 3795 ei
3573 3744 3778 3809 potau-

2125 3835 2260 3889 dum
2287 3831 2908 3903 praebuit,quapropter
2949 3829 3006 3883 in
3057 3846 3281 3899 gravem
3329 3829 3588 3885 morbum
3642 3831 3782 3885 inci-

2128 3925 2206 3981 dit
2241 3932 2293 3978 et
2326 3923 2380 3976 in
2418 3922 2616 3976 urbem
2652 3919 2864 3988 regiam
2899 3934 3152 3973 reversus
3184 3928 3438 3974 mortuus
3472 3924 3578 3987 est,
3630 3926 3776 3990 pest-

2130 4029 2301 4085 quam
2359 4017 2603 4080 quatuor
2657 4023 2840 4062 annos
2895 4015 3243 4076 regnaverat.
3308 4007 3409 4062 Hic
3459 4009 3516 4062 in
3559 4009 3781 4078 agendo

2131 4110 2418 4163 strenuus,
2451 4113 2688 4168 corpore
2719 4095 2962 4158 validus,
2995 4097 3186 4151 animo
3221 4098 3401 4162 fortis,
3439 4097 3587 4152 bello
3650 4098 3787 4153 t‘elix

2132 4198 2268 4246 erat.
2306 4187 2508 4244 Statim
2531 4204 2560 4240 a
2587 4185 2746 4254 regni
2778 4185 2941 4240 initio
2970 4202 3099 4254 erga
3123 4201 3325 4240 omnes
3350 4186 3787 4255 magnanimum

2135 4296 2193 4334 se
2251 4275 2510 4348 praebuit,
2557 4274 2924 4343 Captivosquc
2982 4274 3221 4326 dimisit.
3293 4273 3794 4344 Constantinopoli

2137 4382 2401 4436 magnam
2431 4361 2727 4419 ecclesiam
2763 4361 3080 4426 aediﬁcavit,
3115 4363 3323 4416 multas
3356 4362 3522 4418 urbes
3550 4364 3792 4418 multas-

2137 4472 2247 4528 que
2280 4455 2540 4524 regiones
2572 4449 2813 4520 subegit.
2849 4448 3138 4505 Mortuum
3173 4451 3460 4522 principes
3493 4455 3548 4506 et
3596 4451 3793 4522 plebes

2142 4545 2348 4601 mirum
2382 4543 2439 4596 in
2475 4540 2708 4596 modum
2744 4537 3031 4594 luxerunt.
3067 4538 3196 4594 Post
3254 4556 3379 4594 eum
3433 4541 3796 4610 imperatoris

450 4634 564 4687 Hoc
624 4648 777 4687 anno
829 4631 1072 4702 populus
1125 4632 1596 4702 Bagdalenensis,
1663 4635 1763 4704 qui
1823 4637 2031 4692 multos
2067 4641 2110 4707 Ι)
2144 4632 2379 4689 Romani
2415 4630 2538 4691 lilii,
2570 4628 2816 4683 Basilius
2842 4632 2896 4682 et
2927 4628 3352 4700 Constantinus,
3387 4648 3487 4700 per
3517 4631 3588 4684 35
3609 4647 3798 4686 annos

376 4718 677 4775 Nisibenos
704 4720 763 4774 in
793 4721 1180 4790 captivitatem
1214 4722 1508 4790 incidisse,
1544 4723 1760 4779 multos
1816 4725 2034 4782 occisos

380 4824 502 4862 esse
587 4807 916 4875 audivisset,
1003 4811 1069 4863 ad
1159 4811 1302 4866 iram
1382 4809 1707 4867 concitatus
1764 4829 2031 4884 magnum

374 4895 646 4970 adversus
733 4895 1010 4952 Chalifam
1099 4897 1364 4963 Metium,
1442 4899 1688 4956 ludibrio
1750 4901 2031 4972 habitum,

375 4982 690 5039 tumultum
749 4985 1040 5054 excitavit,
1096 4987 1244 5055 quod
1307 5002 1407 5055 pro
1477 4987 1758 5045 Arabibus
1822 5000 2036 5049 certare

379 5074 580 5142 nollet,
613 5075 752 5132 etin
806 5076 926 5146 ejus
973 5074 1161 5130 aulam
1215 5076 1544 5146 amicosque
1599 5079 1712 5134 tela
1768 5082 2034 5152 conjecit.

2145 4721 2449 4795 imperiun;
2485 4719 2856 4775 obtinuerunt
2886 4734 3017 4772 vero
3045 4735 3238 4774 amore
3269 4737 3327 4774 se
3358 4719 3602 4776 invicem
3637 4737 3799 4776 com-

2147 4816 2314 4885 plexi.
2353 4809 2615 4875 Basilius,
2668 4807 2798 4876 quia
2855 4806 3177 4863 bellicosior
3225 4816 3362 4876 erat,
3422 4809 3804 4866 Constantino

2147 4905 2318 4959 fratre
2348 4902 2404 4956 in
2441 4898 2578 4954 urbe
2611 4897 2762 4968 regia
2796 4895 3011 4964 relicto,
3046 4897 3318 4955 continuo
3349 4914 3476 4954 cum
3519 4898 3808 4958 Arabibus

2146 4990 2298 5048 bella
2327 4987 2516 5060 gessit.
