4096 6446
342 405 500 468 101⁸1

1130 404 1236 464 DE
1279 401 1742 465 NIGEPHORO
1783 403 2044 464 PHOCA
2090 404 2190 463 ET
2231 403 2536 464 JOANNE
2579 402 2968 466 'I‘ZIMISCE.

3609 408 3760 468 1018

673 675 790 767 ΙΙ.
845 673 1010 766 EX
1083 671 1776 766 ABULFEDIE
1847 671 2554 767 ANNALIBUS
2642 675 3436 772 MUSLEMICIS.

1453 880 1558 953 (Cf.
1596 886 1734 936 tom.
1771 878 1841 949 Il,
1877 896 1929 950 p.
1967 880 2070 934 477
2110 897 2265 952 seqq.
2293 883 2382 938 ed.
2416 883 2634 957 Reisk.)

409 1233 581 1284 Anno
608 1226 808 1283 CCCLI
841 1226 962 1297 (qui
987 1225 1081 1282 die
1108 1227 1142 1280 8
1185 1224 1345 1281 Febr.
1397 1229 1463 1281 Α.
1524 1224 1585 1280 C.
1636 1225 1744 1279 962
1797 1224 1995 1296 erepit)
2028 1232 2080 1296 Α

337 1316 688 1387 occupabant
755 1315 1044 1376 Romani,
1102 1315 1246 1370 duee
1304 1314 1624 1369 Domestico
1673 1314 1746 1384 (1)
1820 1313 2003 1382 (Nice-

2760 1229 2798 1285 l.
2835 1231 2870 1286 l.
2907 1249 2958 1290 ο.
2990 1232 3114 1290 479.

2761 1249 2798 1285 ι.
2835 1249 2870 1286 l.
2906 1249 2958 1302 p.
2990 1249 3114 1290 419.

2180 1325 2388 1381 Eodem
2421 1343 2573 1383 anno
2625 1329 3030 1400 expugnahant
3089 1332 3266 1388 Grteci
3315 1349 3500 1389 arcem
3551 1333 3752 1403 Dalue,

337 1405 520 1478 phoro
581 1404 816 1474 Phoce),
871 1403 1176 1459 Ain-Zarba
1257 1405 1326 1474 (ν.
1377 1404 1756 1474 Anazarbum)
1845 1401 2003 1472 pacis

2125 1413 2358 1486 iliasque
2385 1425 2495 1473 tres
2526 1418 2737 1474 circum
2773 1436 2955 1476 arces.

342 1504 534 1568 pacto,
569 1494 880 1566 paucisque
931 1492 1150 1564 aliquot
1199 1491 1277 1547 ibi
1339 1493 1666 1562 peremptis,
1729 1491 2003 1562 plurimos

340 1582 647 1639 inviolatos
698 1582 1082 1638 dimittebant.
1121 1582 1321 1646 Iidem,
1352 1583 1549 1636 eodem
1602 1582 1766 1646 duce,
1826 1581 2004 1636 vieto-

341 1674 440 1728 riaa
494 1671 822 1737 instabant,
875 1670 1090 1725 vultum
1154 1679 1267 1724 tam
1330 1669 1574 1739 benigne
1626 1669 2000 1725 monstranti.

337 1761 622 1818 Halebum
659 1761 1035 1830 impetebant,
1068 1769 1120 1815 et
1148 1759 1274 1831 ipsa
1320 1759 1474 1826 urbe,
1534 1766 1733 1829 praeter
1790 1774 1999 1826 arcem,

341 1850 732 1923 potiebantur.
766 1852 922 1917 Quod
959 1850 1033 1904 ita
1065 1849 1385 1905 continbit:
1426 1848 2006 1904 DomesticusSeifed‘

338 1938 572 1995 daulam
609 1955 898 2005 securum,
929 1939 1304 2008 omniumque
1335 1953 1524 1994 rerum
1586 1939 1846 2007 ignarum
1905 1939 2000 1991 de-

2181 1505 2444 1574 Ejusdem
2477 1510 2614 1562 anni
2675 1509 2898 1564 decimo
2948 1525 3143 1566 mense
3203 1512 3537 1568 auferebant
3583 1513 3750 1568 iidem

2108 1595 2395 1666 captivum
2430 1613 2494 1651 ex
2528 1597 2664 1652 urbe
2697 1597 2958 1668 Manbeg,
2994 1602 3085 1654 cui
3131 1610 3380 1671 praeerat,
3427 1603 3754 1658 Abu-Fera-

2109 1699 2231 1739 sum
2268 1684 2557 1753 Haretum,
2590 1686 2774 1743 filium
2805 1689 2980 1755 Saidi,
3015 1689 3115 1744 filii
3169 1690 3444 1748 Hamdani
3478 1693 3574 1765 (3).

2755 1779 2791 1832 Ι.
2829 1779 2863 1832 l.
2900 1796 2952 1834 ι).
2990 1780 3112 1834 481.

2755 1780 2791 1832 l.
2829 1780 2863 1832 l.
2943 1822 2952 1833 .
3100 1821 3112 1834 .

2182 1863 2388 1920 Eodem
2421 1881 2574 1920 anno
2603 1867 2669 1934 (i.
2711 1882 2760 1922 e.
2796 1780 3184 1939 C(ZgLI‘léiqui
3245 1872 3337 1926 die
3387 1873 3461 1924 29
3517 1872 3649 1927 Jan.
3687 1873 3754 1928 A.

2110 1953 2239 2008 Chr.
2273 1954 2377 2009 963
2408 1955 2597 2026 coepit)
2631 1955 2960 2012 occiderunt
3008 1957 3185 2014 Grieci
3235 1977 3397 2014 suum
3450 1961 3756 2032 imperato-

335 2038 578 2100 repente
627 2028 906 2096 obruens,
965 2027 1151 2098 cepiis
1212 2043 1309 2097 per
1360 2026 1538 2081 otium
1597 2024 2005 2081 contrahendis

2125 2059 2226 2097 'em
2251 2043 2596 2114 (Romanum
2624 2045 2933 2114 juniorem)
2959 2047 3120 2115 eique
3143 2048 3313 2102 alium
3350 2049 3755 2120 subrogarunt.

334 2116 698 2173 excludebat.
736 2114 1023 2184 Correptis
1079 2116 1256 2188 igitur
1313 2115 1531 2186 paucis,
1591 2116 1684 2186 qui
1744 2117 2003 2182 aderant,

2107 2130 2255 2184 Tum
2291 2130 2441 2186 ﬁlius
2470 2131 2918 2188 Schemeschkik
2963 2134 3310 2206 (Tzimisees)
3345 2137 3516 2191 evasit
3548 2137 3758 2193 Dome-

326 2206 593 2277 jactabat
619 2205 957 2261 Halebensis
993 2203 1126 2260 belli
1155 2205 1361 2272 aleam,
1397 2205 1519 2274 sed,
1569 2203 1793 2258 amissis
1839 2203 2003 2271 longe
2111 2220 2292 2276 ,ιίουε
2321 2221 2418 2290 (4),

333 2294 627 2368 plurimis,
655 2310 788 2349 cum
822 2294 1028 2363 exigua
1062 2309 1232 2348 manu
1268 2295 1326 2348 in
1359 2293 1548 2364 fugam
1584 2291 1719 2347 ibat.
1754 2294 1847 2347 Sic
1903 2309 2000 2361 pa-

331 2384 496 2440 tebat
541 2383 753 2439 Graecis
803 2384 994 2438 omnis
1041 2398 1175 2452 ager
1226 2382 1348 2437 urbi
1409 2381 1719 2451 subjectus,
1779 2379 2003 2450 patebat

336 2474 522 2543 ipsius
550 2473 925 2528 Seifeddaulaa
985 2473 1163 2539 regia,
1222 2471 1316 2526 cui
1371 2487 1581 2526 nomen
1638 2479 1755 2524 erat
1816 2474 1998 2524 Daran

336 2563 459 2632 (seu
492 2561 734 2631 gemina
766 2561 990 2630 domus)
1032 2571 1189 2615 extra
1224 2561 1379 2614 urbis
1423 2560 1698 2614 ambitum
1732 2561 1859 2625 sila,
1901 2557 1996 2612 ubi

2183 2385 2351 2436 Anno
2379 2381 2629 2436 CCCLIV
2661 2293 2789 2454 (quli.
2812 2293 2954 2438 (liept‘;
3147 2386 3210 2440 A.
3247 2385 3378 2440 Chr.
3413 2387 3520 2440 985
3568 2387 3756 2457 cmpil)

2109 2471 2734 2540 Romanusimperator
2767 2473 3141 2543 (Nicephorus
3196 2475 3432 2543 Phocas)
3489 2492 3758 2531 coronam

2110 2561 2290 2616 cinxit
2321 2570 2373 2616 et
2407 2563 2632 2617 tandem
2658 2564 2997 2632 expugnavit
3027 2566 3314 2633 Masisatn,
3356 2566 3446 2620 die
3505 2564 3758 2633 Saturni,

341 2609 459 2632 κη-
492 2609 732 2631 rm--."
769 2609 989 2630 ---η-η
1227 2609 1376 2614 _-_--
1425 2609 1534 2614 μ--.
1733 2609 1774 2613 νγ
1908 2609 1994 2612 ﬁ,
2115 2609 2290 2616 --πη
2325 2609 2373 2616 ν-
2661 2609 2997 2632 νην-μηπ.-
3027 2609 3314 2633 -.--.υ..ι,...,
3358 2609 3444 2620 ων
3506 2609 3758 2633 “mm,

341 2660 655 2706 tercentum
690 2649 907 2718 argenti
943 2658 1090 2704 utres
1134 2648 1211 2718 (5)
1269 2647 1660 2715 inveniebant,
1720 2647 1992 2718 qnatlrin-
2029 2609 2076 2672 Β
2111 2651 2334 2704 decimo
2368 2652 2532 2705 tertio
2565 2653 2790 2720 septimi
2823 2653 3056 2717 mensis,
3079 2663 3129 2707 et
3162 2662 3520 2724 posteaquam
3571 2653 3759 2724 gladio

347 2749 546 2808 gentos
576 2751 742 2810 atque
777 2739 932 2793 mille
965 2738 1172 2806 mulos,
1205 2753 1606 2806 armorumque
1646 2746 1863 2791 tantum
1895 2753 1996 2804 np-

339 2835 596 2898 paratum
622 2827 874 2884 admotis
890 2826 1508 2896 machinisquatiebant
1542 2825 1791 2894 ;depulsi
1814 2835 1999 2878 tamen

339 2917 759 2988 oppidanorum
795 2915 1149 2981 fortitudine,
1184 2930 1398 2986 suaque
1443 2931 1541 2984 spe
1590 2914 1816 2982 dejecli,
1877 2931 2001 2982 pro-

337 3008 563 3062 ximum
592 3007 648 3062 in
676 3015 953 3072 montem,
975 3004 1315 3070 Gauschan,
1339 3001 2002 3059 concedebant.lnterim

336 3097 631 3154 incidebat
663 3098 720 3152 in
755 3099 906 3153 cives
937 3105 989 3152 et
1022 3095 1270 3166 praetorii
1307 3097 1639 3165 peditatum,
1674 3110 1771 3149 seu
1809 3092 2005 3164 praesi-

332 3188 454 3257 dia,
506 3187 578 3244 ob
636 3187 903 3257 quasdam
964 3185 1022 3240 in
1087 3183 1223 3239 urbe
1282 3183 1529 3254 rapinas,
1588 3183 1814 3250 seditio,
1879 3199 2006 3253 quae

335 3277 555 3334 muenia
613 3275 1030 3342 defensoribus,
1094 3275 1149 3328 in
1233 3274 1414 3328 forum
1502 3271 2002 3342 concurrentibus,

337 3366 620 3423 nudabat.
657 3365 835 3428 Quam
870 3365 1129 3419 videntes
1161 3363 1341 3419 Graeci
1365 3363 1738 3418 solitudinem
1803 3369 1855 3416 et
1916 3361 2004 3416 in-

337 3455 620 3512 testinum
658 3452 993 3519 tumultum,
1027 3451 1214 3506 subito
1237 3452 1439 3518 adorti,
1501 3451 1815 3520 eli'ringunt
1874 3465 2002 3520 por-

2111 2740 2169 2792 in
2196 2739 2411 2794 incolas
2443 2741 2812 2807 desaeviisset,
2839 2743 3106 2809 parcebat
3143 2742 3372 2812 reliquis
3402 2752 3455 2797 et
3502 2744 3760 2810 captivos

2112 2844 2307 2884 secum
2340 2829 2396 2883 in
2454 2829 2723 2884 ditionem
2783 2846 2942 2883 suam
3007 2831 3276 2899 rapit-bat.
3338 2837 3585 2887 Ducenta
3643 2833 3760 2888 fere

2115 2916 2294 2972 millia
2324 2917 2621 2972 hominum
2658 2918 2998 2973 numerabat
3031 2918 3182 2972 urbs.
3226 2920 3360 2974 inde
3413 2922 3572 2990 petiti
3620 2921 3756 2976 Tar-

2114 3023 2312 3062 senses
2338 3023 2396 3060 se
2449 3006 2854 3061 submittebant
2917 3015 2990 3071 et,
3044 3009 3436 3062 incolumitate
3497 3011 3760 3079 precibus

2117 3097 2436 3167 impetrata,
2478 3097 2754 3164 emigrare
2805 3095 2951 3164 jussi
3023 3103 3181 3151 sunt.
3267 3097 3435 3152 Terra
3503 3099 3759 3170 marique

2116 3183 2530 3254 emigrantibus
2564 3193 2976 3255 prosecutores,
3027 3203 3058 3239 a
3092 3185 3294 3255 quibus
3344 3187 3401 3242 in
3459 3193 3577 3243 tuta
3637 3190 3761 3245 loca

2117 3275 2556 3342 deducerentur,
2603 3291 2635 3328 a
2693 3277 2952 3328 Romano
3009 3289 3184 3344 usque
3241 3276 3309 3330 ad
3399 3278 3762 3335 Antiochiam

2115 3364 2315 3419 additi.
2347 3363 2506 3417 Tarsi
2542 3363 2730 3416 fanum
2767 3370 2900 3417 tunc
2933 3362 2988 3417 in
3023 3363 3309 3419 stabulum
3353 3366 3514 3435 abiit,
3560 3383 3763 3436 sugge-

2116 3462 2240 3509 stus
2265 3454 2322 3508 in
2354 3452 2541 3520 ignem
2579 3469 2592 3518 ;
2628 3451 2760 3506 urbs
2790 3451 2919 3508 aliis
2951 3452 3154 3508 incolis
3210 3463 3260 3508 et
3318 3455 3447 3509 novi
3506 3457 3765 3512 aediliciis

344 3554 452 3612 tas,
484 3542 790 3614 gladioque
822 3541 879 3596 in
917 3541 1137 3596 virilem
1189 3547 1408 3595 mlatem
1443 3549 1771 3610 grassantur
1803 3559 1816 3606 ;
1881 3538 2010 3608 plus
2115 3553 2283 3613 atque
2309 3542 2684 3596 munimentis
2714 3540 3011 3597 instructa.
3042 3541 3185 3598 Dein
3237 3545 3499 3599 redibant
3533 3546 3763 3614 quidam

349 3635 546 3688 decem
584 3632 767 3686 millia
799 3645 1100 3701 puerorum
1144 3630 1436 3700 utriusque.
1469 3646 1637 3684 sexus
1689 3633 2007 3699 asportant,

349 3729 404 3778 et
438 3722 680 3791 prmdam
715 3727 922 3788 cogunt
956 3718 1378 3787 incredibilem,
1402 3717 1494 3774 cui
1527 3717 1850 3772 deferendae
1872 3732 2002 3772 cum

351 3827 468 3866 non
501 3811 852 3872 suilicerent,
888 3823 1008 3878 qua:
1043 3813 1247 3878 [ηερξίο
1278 3807 1512 3862 aderant
1556 3806 1840 3876 jumenta,
1889 3804 2008 3875 igni

350 3899 488 3955 dant
519 3915 642 3969 quae
676 3898 902 3952 auferre
939 3895 1268 3966 nequibant.
1305 3896 1534 3951 Decimo
1577 3895 1646 3949 ab
1686 3911 1752 3949 ea
1775 3894 2010 3950 victoria

345 3988 442 4042 die
479 3987 732 4056 receptui
765 3986 1008 4042 canebat
1041 3985 1394 4040 Domesticus
1443 3994 1494 4039 et
1546 4001 1769 4055 gravem
1822 3984 2009 4054 praeda
2040 3978 2082 4045 C

345 4075 660 4134 exercitum
697 4073 1007 4130 deducebat
1043 4091 1140 4145 per
1169 4091 1368 4145 agrum
1421 4073 1816 4139 llalebensem,
1852 4073 2011 4146 pagis

339 4165 785 4242 parcens,jussis
810 4165 1205 4220 tantummodo
1236 4165 1456 4219 colonis
1487 4180 1674 4220 serere
1697 4168 1752 4220 et
1783 4165 2003 4230 colere;

331 4259 513 4312 altero
545 4271 699 4311 anno
732 4271 791 4310 se
826 4253 1009 4309 reditu
1025 4268 1150 4308 rnm
1185 4260 1237 4308 et
1270 4255 1456 4323 fruges
1515 4257 2004 4323 comportaturum

340 4361 489 4404 OSSB.

418 4569 494 4639 (1)
526 4567 638 4637 Ipsi
670 4566 999 4634 imperatori
1035 4565 1355 4639 Nicephoro
1387 4565 1588 4639 Phocea
1620 4565 1846 4639 _tribuit
1904 4564 2007 4620 Ce-

351 4636 569 4697 drenus
597 4640 1027 4708 occupationem
1064 4638 1340 4694 Anazarbi
1373 4655 1426 4707 p.
1459 4638 1586 4703 664,
1619 4636 1663 4691 D
1689 4655 1702 4704 ;
1724 4653 1753 4692 e
1783 4651 1893 4708 quo
1919 4653 2011 4706 pa-

353 4717 436 4767 tet
459 4707 796 4766 Abulfedarn
822 4715 1142 4780 temporum
1179 4710 1441 4765 ordinem
1477 4719 1699 4763 turbare
1731 4727 1745 4775 ;
1801 4707 2005 4780 Cedre-

351 4799 464 4840 nus
498 4783 615 4838 haec
638 4799 792 4837 anno
813 4779 1114 4852 Nicephori
1139 4781 1340 4836 Phocze
1367 4780 1728 4852 imperatoris
1750 4779 2007 4852 secundo

352 4854 612 4922 ascribit,
661 4853 759 4924 qui
815 4853 876 4908 in
916 4850 982 4907 AV.
1039 4852 1174 4908 Chr.
1214 4851 1620 4924 7961i__incidit.
1676 4852 1734 4907 Β.
1766 4881 1836 4892 -
1866 4850 2007 4905 Cum

353 4922 854 4982 Abulfedatamen
878 4925 1166 4981 consentit
1209 4922 1656 4990 Eat-Hebraeus;
1701 4923 1809 4977 vid.
1845 4939 2004 4992 supr.

349 4997 662 5140 p.(é)2.Ult'er
684 5066 912 5138 argenti
933 5066 1194 5124 continet
1223 5066 1413 5124 decies
1433 5064 1592 5122 mille
1618 5079 1888 5121 nummos
1917 5079 2006 5120 ar-

347 5151 618 5282 “griis
638 5140 1013 5266 ﬁlmacinum
1045 5225 1100 5279 p.
1132 5209 1244 5281 533
1274 5216 1326 5266 et
1357 5210 1463 5282 234
1517 5211 1830 5282 (interpret.
1889 5211 2002 5262 Lat.

351 5284 460 5340 278
482 5279 541 5339 et
570 5300 627 5354 p.
657 5283 806 5352 286.)
837 5282 934 5352 qui
991 5279 1328 5354 septennem
1389 5279 1563 5337 fuisse
1617 5279 2004 5354 captivitatem

347 5352 711 5412 Abu-Férasi
732 5355 832 5419 ait,
865 5359 919 5407 el
943 5352 1098 5408 anno
1127 5353 1360 5408 demum
1391 5354 1498 5409 355
1554 5352 1825 5419 solutam,
1877 5366 2006 5405 cum

2118 3633 2388 3702 paulatim
2442 3633 2510 3684 ad
2592 3630 2865 3701 pristinas
2937 3634 3120 3695 sedes,
3181 3631 3277 3687 alii
3340 3650 3564 3702 prorsus
3641 3651 3764 3691 non

2117 3719 3096 3787 excesserant,Christianamtidem
3145 3722 3402 3792 professi.
3442 3724 3536 3777 llis
3596 3723 3768 3780 rebus

2117 3815 2292 3882 gestis
2324 3809 2542 3865 redibat
2573 3810 2859 3866 Romanus
2889 3811 3450 3882 Constantinopolin.

2785 3899 2818 3953 Ι.
2857 3899 2894 3953 Ι.
2933 3917 2984 3968 p.
3022 3901 3144 3954 487.

2195 3991 2356 4044 Anno
2387 3987 2608 4044 CCCLV
2635 3989 2755 4059 (qui
2781 3989 2872 4044 die
2901 3989 2970 4042 57
3002 3989 3134 4044 Dec.
3161 3991 3226 4044 A.
3260 3990 3392 4046 Chr.
3441 3991 3549 4045 965
3600 3993 3767 4063 coepit

2116 4078 2488 4136 excurrebant
2523 4077 2783 4132 Grreeiin
2804 4094 3004 4149 agrum
3070 4078 3489 4135 Muslemicum.
3541 4083 3765 4138 Primus

2117 4168 2367 4237 impetus
2419 4168 2679 4222 Amidam
2715 4168 2980 4238 perculit,
3035 4175 3150 4222 tum
3205 4170 3379 4223 missa
3436 4171 3580 4224 faeta
3638 4173 3766 4240 ejus

2115 4255 2435 4320 obsidione,
2469 4255 2790 4310 Nisibinam
2828 4256 2999 4319 ;inde
3029 4260 3369 4328 transgressi
3423 4275 3452 4312 e
3503 4259 3760 4330 Mesopo-

2115 4345 2288 4400 tamia
2313 4344 2371 4399 in
2403 4343 2647 4412 Syriam,
2679 4342 2775 4397 diu
2820 4343 3108 4400 haerebant
3148 4347 3299 4402 circa
3350 4346 3751 4418 Antiochiam;

2116 4435 2344 4489 tandem
2366 4435 2594 4488 Tarsum
2633 4431 2982 4502 repetebant.

2115 4560 2313 4637 fuisse.
2371 4558 2638 4637 Diversus
2661 4569 2741 4614 est
2792 4575 2824 4612 a
2863 4563 3057 4616 nostro
3085 4561 3474 4637 Abu-Feraso,
3499 4567 3568 4620 de
3600 4567 3766 4637 cujus

2115 4632 2434 4700 captivitate
2455 4631 2658 4699 Graéci,
2713 4639 2990 4700 quantum
3041 4636 3194 4702 novi,
3250 4653 3362 4691 non
3422 4631 3762 4698 memorant.

2115 4705 2302 4771 Illius,
2337 4718 2504 4773 quem
2541 4703 2739 4773 laudat
2773 4702 3080 4769 Cedrenus,
3143 4723 3348 4763 nomen
3407 4721 3485 4765 est
3538 4710 3764 4766 Abul'l-

2116 4772 2405 4844 Aschajer.
2439 4772 2838 4844 Genealogiam
2872 4777 2993 4844 ejus
3051 4794 3163 4832 non
3199 4781 3611 4838 constituerim.
3670 4784 3762 4839 El-

2115 4847 2374 4923 macinus
2401 4846 2803 4923 eum‘appellat
2835 4848 3276 4923 Abulasajirum,
3311 4853 3489 4909 filium
3526 4857 3762 4923 Haseni,

2114 4918 2386 4974 vicarium
2433 4918 2826 4987 Setfeddaulae,
2877 4919 3094 4976 scilicet
3152 4924 3210 4978 in
3256 4941 3386 4981 arce
3441 4918 3762 4982 Tel-Patrio

2113 5006 2354 5064 eumque
2395 4991 2452 5044 in
2489 5005 2717 5064 carcere
2746 4990 3244 5064 Constantinopoli
3277 4999 3511 5064 periisse
3538 5000 3635 5053 ait.
3699 4999 3760 5055 Ii.

2113 5062 2537 5133 Quadriennem
2571 5061 2949 5133 captivitatem
2973 5061 3322 5122 Abu-‘Fera'si
3357 5070 3763 5133 fuisse,auctor

2113 5132 2501 5190 estAbulfeda
2525 5132 2760 5202 p.347;
2812 5133 2886 5188 cf.
2957 5146 3227 5205 printerea
3274 5139 3345 5194 de
3403 5132 3763 5195 Abu-Feraso

2113 5221 2236 5334 ἓξὲξ
2275 5212 2571 5331 1ἒῐῷῐκῖειιιι
2626 5205 2709 5258 Cl.
2761 5205 2984 5276 Freilag
3035 5211 3103 5263 ad
3135 5213 3246 5266 Sel.
3283 5227 3344 5266 es
3380 5211 3510 5266 hist.
3548 5212 3668 5266 llal.
3704 5229 3758 5281 p.

2223 5321 2238 5344 θ
2278 5317 2396 5331 luv-
2425 5317 2484 5330 ul

2187 5351 2260 5420 (l)
2290 5348 2602 5421 Confundit
2639 5356 2827 5402 noster
2860 5347 2913 5421 b.
2959 5349 2995 5404 l.
3035 5355 3311 5421 tempora
3362 5361 3414 5406 et
3476 5352 3758 5408 homines.

349 5398 711 5512 samiae;
729 5398 1094 5495 Εέὶίιῖἐοῑῑιῖᾱ
1112 5398 2008 5505 ﬁéiﬁ'iﬁés'ititei'ét"Ediscat;
2037 5398 2084 5463 Ι)
2121 5398 2848 5502 υξιςιᾏεῑξιῐᾱίὶῑεέρέἐῐιίὶίο
2861 5398 3414 5546 ἑδό’ᾗ;ῐλ’τῑῖί“ᾅ69ῑ’
3440 5398 3761 5492 param;

349 5499 774 5546 Institnerelnr-
810 5495 1086 5546 Memorat
1141 5495 1436 5546 Cedrenus
1489 5513 1542 5546 ι).
1601 5495 1706 5546 637
1755 5495 2003 5546 aliquem
2108 5493 2213 5546 fuit
2261 5491 2554 5546 Romanus
2613 5495 2928 5546 imperator
2983 5499 2994 5546 t
3059 5494 3360 5546 icebhorus
3423 5495 3652 5546 Phocasl
3703 5504 3761 5546 et

348 5493 774 5555 institueretur.
800 5493 1086 5552 Memorat
1141 5495 1436 5552 Cedrenus
1489 5513 1542 5566 p.
1601 5495 1706 5550 637
1755 5493 2003 5566 aliquem

2108 5493 2213 5546 fuit
2261 5491 2554 5546 Romanus
2613 5491 2928 5561 imperator
2983 5499 2996 5557 t

3059 5494 3360 5560 icephorus
3423 5495 3652 5552 Phocasl
3703 5504 3761 5550 et

349 5569 673 5635 Chabdani,
704 5568 792 5624 vel
822 5566 1031 5623 rectius
1055 5566 1390 5635 Chamdani,
1423 5561 1506 5635 hy:
1528 5582 1579 5622 e.
1630 5561 2004 5621 Hamdanidte
2106 5563 2203 5634 qui
2229 5563 2500 5618 hactenus
2530 5561 3400 5635 Domesticus_l’uerat,Joannes
3430 5567 3757 5634 Tzimisces,

358 5634 739 5698 Seifeddaula:
781 5638 1038 5705 afﬁnem,
1097 5654 1262 5711 quem
1318 5634 1674 5711 Ἀπολασᾴηρ
1730 5634 2001 5711 appellat,

2105 5635 2162 5690 in
2197 5635 2317 5704 ejus
2350 5636 2538 5708 locum
2572 5635 2871 5708 successit.
2899 5633 3038 5687 Nam
3091 5634 3404 5706 Romanus,
3451 5633 3760 5708 Nicephori

349 5721 580 5789 captum
610 5719 666 5770 et
691 5705 1188 5782 Constantinopoli
1218 5711 1559 5781 productum
1591 5705 1657 5765 in'
1713 5705 2002 5778 triumpho
2103 5715 2454 5774 antecessor,
2481 5705 2820 5776 jamdudum
2851 5705 2961 5761 fato
2987 5720 3090 5760 suo
3112 5705 3445 5763 decesserat.
3479 5709 3541 5768 Β.
