4096 6448
342 466 491 530 1021

1146 465 1251 525 DE
1294 460 1746 522 NlCEPHORO
1789 453 2041 516 PHOCA
2086 451 2186 511 ET
2228 450 2534 513 JOANNE
2577 451 2966 513 TZIMISCE.

3617 451 3771 510 1022

337 605 591 672 Graecos,
662 604 960 674 ipsumque
1019 599 1168 672 cepit
1235 597 1665 662 Domesticum;
1723 611 1885 666 quem
1935 593 1993 648 in

2118 605 2466 661 Domesticos
2496 607 2554 660 in
2586 605 2872 672 morbum,
2901 604 3049 661 unde
3077 603 3265 676 periit,
3303 603 3558 660 invalida
3588 600 3765 660 medi-

337 693 584 751 vinculis
611 694 682 748 ad
734 693 960 748 fratrem
1009 691 1185 746 misit.
1221 691 1294 745 Ea
1324 689 1384 744 in
1414 687 1668 745 custolia
1709 687 1998 744 incidebat

2109 694 2264 761 cina,
2297 712 2470 764 quam
2493 695 2855 763 Abu-Taglab
2877 695 2984 766 ipsi
3017 694 3342 751 adhibebat.

465 1008 630 1100 III.
684 1007 851 1100 EX
930 1003 1789 1100 CEMALEDDINI
1868 1006 2571 1106 ANNALIBUS
2644 1006 3624 1105 HALEBENSIBUS.

411 1361 529 1416 Hoc
552 1376 705 1416 anno
736 1359 794 1430 (i.
829 1375 878 1416 e.
910 1375 1061 1414 anno
1097 1358 1239 1430 fugae
1263 1358 1388 1428 357)
1419 1357 1748 1416 excurrebat
1794 1374 1999 1428 agmen

336 1449 748 1514 Romanorum,
807 1456 921 1502 tum
974 1447 1249 1518 peditum,
1295 1452 1415 1502 tum
1459 1445 1738 1518 equitum,
1794 1463 1857 1502 ex
1895 1449 1998 1514 eis,

335 1538 431 1608 qui
467 1537 678 1592 finibus
728 1535 952 1604 imperii
1004 1535 1229 1590 luendis
1275 1534 1464 1590 relicti
1516 1543 1676 1591 erant
1707 1554 1722 1602 ;
1757 1551 1998 1592 numero

335 1629 562 1684 erantV
587 1624 788 1682 millia.
809 1625 1066 1680 Primum
1089 1641 1288 1696 agrum
1313 1611 1997 1694 lialebeusem'petebant.

337 1716 490 1778 Quos
518 1731 652 1771 cum
682 1730 982 1786 aggressus
1011 1719 1162 1769 esset
1206 1713 1529 1784 Karghujah
1578 1729 1708 1768 cum
1742 1714 1997 1770 exercitu

337 1803 665 1870 Halebensi,
718 1807 917 1874 captus
983 1813 1117 1860 est:
1173 1803 1292 1873 ipse
1355 1803 1584 1874 quidem
1652 1801 1816 1872 paulo
1873 1807 2000 1872 post

339 1894 540 1959 evasit,
584 1895 760 1964 copit:
817 1903 1006 1949 autem
1055 1893 1180 1963 ejus
1232 1893 1436 1962 fugatas
1481 1900 1634 1958 sunt,
1687 1891 1881 1946 multis
1929 1908 1997 1946 ex

341 1982 690 2038 satellitibus
736 1981 1114 2038 Seifeddaulae
1144 1999 1178 2036 a
1210 1981 1484 2038 Romanis
1535 1981 1734 2050 captis.
1785 1981 1999 2036 Deinde

340 2071 650 2142 imperator
681 2073 1065 2128 Romanorum
1091 2070 1804 2128 Maahrra-Aluohmanam
1837 2073 2004 2128 ador-

341 2169 437 2219 tus
463 2171 570 2230 est,
595 2164 916 2234 oppidoque
947 2163 1180 2234 potitus,
1211 2163 1403 2220 fanum
1437 2163 1752 2220 maximum
1785 2173 1837 2218 et
1878 2181 2001 2218 ma-

336 2252 526 2323 jorem
555 2252 928 2308 aediﬁciorum
962 2260 1175 2322 partem
1213 2253 1569 2321 tliruijussit.
1599 2254 1800 2308 Eodem
1829 2253 1998 2308 modo

337 2342 404 2398 in
433 2341 1036 2402 Maahrra-Mazrinam
1091 2340 1378 2409 saeviebat,
1420 2341 1543 2396 vitm
1595 2349 1786 2398 tamen
1833 2343 1994 2397 inco-

2180 1361 2638 1432 Karghujahum,
2672 1365 2765 1435 qui
2817 1365 3123 1436 Hadjibus,
3167 1365 3203 1418 i.
3237 1380 3297 1419 ρ.
3337 1377 3530 1418 comes
3579 1357 3773 1429 palatii

2107 1449 2551 1507 Saahdaddaulae
2599 1461 2735 1519 erat,
2779 1471 3067 1510 summam
3131 1469 3315 1508 rerum
3365 1449 3768 1506 Halebensium

2109 1537 2215 1593 sibi
2258 1557 2568 1610 arrogasse,
2605 1545 2923 1614 urbemque
2959 1543 3256 1606 Halebum,
3305 1557 3434 1596 arce
3465 1546 3769 1602 exstructa,

2109 1628 2399 1698 murisque
2429 1632 2672 1697 refectis,
2705 1633 3039 1698 munivisse,
3071 1633 3226 1688 socio
3258 1629 3419 1701 regni
3460 1629 3605 1684 facto
3638 1627 3775 1682 Bac-

2107 1717 2291 1787 djuro,
2342 1720 2436 1774 cui
2475 1737 2682 1778 nomen
2717 1722 2898 1777 Emiri
2948 1723 3192 1775 inditum
3221 1722 3335 1785 sit;
3372 1720 3772 1788 imperatorem

2105 1813 2293 1862 autem
2325 1808 2738 1876 Romanorum,
2790 1811 2896 1865 hoc
2936 1811 3151 1873 audito,
3187 1810 3425 1863 domum
3485 1820 3771 1861 reversum

2106 1918 2272 1968 esse;
2309 1901 2517 1956 factum
2548 1917 2671 1956 esse
2715 1901 2821 1956 hoc
2852 1916 3006 1956 anno
3036 1899 3140 1953 358
3175 1914 3372 1953 mense
3402 1896 3726 1951 Muharrem
3754 1911 3770 1960 ;

2105 1990 2312 2048 deinde
2371 1990 2890 2054 Saahdaddaulnm,
2941 1990 3222 2043 sociorum
3278 2003 3445 2041 manu
3510 1984 3773 2050 collecta,

2109 2096 2306 2136 mense
2338 2079 2709 2134 Hamadhano
2741 2079 3014 2134 Halebum
3051 2091 3418 2148 Oppugnasse
3449 2082 3499 2129 et
3537 2089 3771 2127 manum

2105 2185 2237 2226 cum
2272 2169 2596 2238 Karghujah
2628 2178 2682 2223 et
2720 2169 3001 2238 Bacdjuro
3047 2167 3440 2231 conseruisse;
3476 2174 3598 2217 tum
3641 2178 3773 2232 per-

2106 2259 2186 2328 git
2241 2259 2278 2328 :)
2328 2258 2565 2326 Scripsit
2620 2257 2824 2313 deinde
2872 2257 3200 2327 Karghujah
3250 2257 3317 2309 ad
3372 2255 3659 2308 Romanos
3711 2256 3775 2305 et

2107 2349 2413 2404 Patricium
2466 2348 2798 2417 quemdam,
2841 2345 2957 2416 iqui
3002 2347 3060 2400 in
3112 2345 3323 2399 finibus
3370 2342 3600 2398 ditionis
3651 2341 3770 2396 Ro-

337 2431 551 2497 larum,
606 2447 851 2502 quorum
915 2429 1060 2487 MCC
1107 2438 1289 2498 erant,
1351 2431 1624 2504 pepercit,
1683 2447 1889 2501 eosque
1939 2434 1996 2486 in
2029 2428 2074 2492 B
2108 2452 2290 2490 manas
2322 2435 2676 2501 versabatur,
2730 2434 2966 2502 rogavit,
3013 2443 3069 2487 ut
3112 2434 3220 2487 sibi
3270 2433 3483 2486 auxilio
3529 2430 3770 2485 veniret.

336 2522 617 2579 ditionem
665 2526 980 2577 Romanam
1031 2521 1281 2590 captivos
1329 2521 1696 2578 abducendos
1757 2523 1996 2577 curavit.

336 2614 484 2669 Tum
535 2626 836 2681 aggressus
887 2617 967 2664 est
1029 2608 1420 2665 Cal'erthabain
1491 2618 1545 2666 et
1611 2609 1996 2678 Schaizarum,

344 2703 509 2772 cujus
554 2700 827 2769 templum
877 2699 1214 2764 combussit,
1269 2714 1452 2768 neque
1495 2697 1659 2754 aliter
1702 2703 1997 2755 Hamatam

351 2790 646 2858 tractavit;
693 2789 895 2844 Himza
925 2789 1132 2847 deinde
1182 2797 1522 2858 expugnata,
1555 2804 1757 2846 omnes
1803 2790 1898 2860 qui
1931 2805 1998 2845 eo

346 2879 720 2950 confugerant
749 2876 1007 2950 captivos
1061 2875 1214 2933 fecit.
1249 2880 1392 2931 Tum
1431 2877 1665 2932 lrcatam
1699 2880 1997 2947 impugna-

347 2970 446 3034 vit,
516 2985 629 3042 qua
685 2967 825 3022 urbe
887 2976 1048 3036 capta
1112 2967 1434 3038 incolisquc
1499 2966 1558 3022 in
1609 2967 1998 3037 captivitatem

345 3060 611 3128 redactis,
666 3060 736 3114 ad
783 3056 1042 3128 Tripolin
1094 3072 1274 3127 usque
1327 3073 1656 3126 progressus
1703 3063 1846 3126 est;
1902 3059 1999 3113 sed

343 3167 478 3208 cum
512 3149 768 3215 vidisset,
799 3146 1070 3204 suburbia
1099 3146 1171 3201 ab
1223 3147 1427 3203 incolis
1453 3147 1570 3216 jam
1623 3147 1796 3204 fuisse
1842 3164 2000 3204 com-

345 3241 532 3306 busta,
586 3237 875 3309 Djabalam
926 3253 986 3294 se
1032 3237 1333 3304 convertit,
1371 3253 1479 3305 qua
1515 3237 1744 3308 potitus,
1803 3238 1996 3292 Laodi-

342 3347 505 3388 ceam
539 3330 717 3384 duxit.
747 3327 1029 3382 Convenit
1068 3341 1198 3382 eum
1226 3325 1700 3381 Abu'i-Hosainus
1729 3325 1999 3382 Ali-Beu-

341 3414 1294 3481 Ibrabim-Bcn-Jusuf-Alfuzaiz,
1359 3415 1592 3485 quicum
1675 3416 2000 3486 pactionem

344 3509 479 3566 fecit
509 3525 578 3564 ea
621 3506 968 3572 conditione,
999 3512 1057 3559 ut
1106 3504 1336 3564 obsides
1367 3521 1436 3559 ex
1486 3504 1626 3561 urbe
1673 3505 1782 3560 sibi
1816 3506 2003 3564 trade-

344 3605 583 3664 rentur;
618 3596 862 3650 asseruit
892 3603 1079 3651 autem
1113 3593 1231 3660 ille,
1264 3593 1626 3665 imperatoris
1656 3609 1720 3650 se
1761 3609 1884 3650 esse
1908 3609 2003 3649 co-

352 3695 582 3759 gnatum
633 3692 688 3740 et
743 3698 874 3740 cum
934 3681 1225 3740 Romanus
1278 3682 1519 3752 majores
1563 3682 1682 3751 ejus
1741 3685 2004 3753 agn0vis-

2107 2525 2230 2592 Hic,
2275 2541 2422 2580 unus
2473 2525 2874 2580 cunuchorum
2923 2522 3254 2593 Nicephori,
3309 2522 3540 2577 nomine
3582 2519 3771 2574 Thor-

2109 2614 2248 2682 basi,
2305 2614 2499 2682 capias
2559 2613 2778 2681 eduxit,
2827 2615 2962 2684 glum
3014 2622 3200 2667 autem
3253 2612 3358 2666 iter
3413 2607 3775 2664 Antiochiam

2108 2717 2301 2758 versas
2340 2702 2570 2757 deﬂexit
2634 2709 2860 2771 propter
2913 2702 3058 2755 hanc
3125 2716 3379 2766 causam,
3428 2699 3572 2767 quod
3627 2697 3776 2752 inter

2107 2793 2507 2862 imperatorem
2559 2791 2970 2854 Romanorum,
3024 2790 3265 2853 cumis,
3307 2803 3498 2843 secum
3550 2787 3768 2841 ducens

2106 2883 2360 2950 captivos
2403 2889 2456 2936 et
2510 2881 2782 2950 praedam,
2836 2889 2892 2934 ut
2939 2896 3117 2950 supra
3168 2878 3436 2933 traditum
3494 2885 3596 2940 est,
3652 2879 3766 2929 Bu-

2109 2975 2197 3025 Kze
2259 2970 2338 3041 (9)
2385 2977 2730 3033 versaretur,
2807 2977 2861 3024 et
2932 2968 3152 3023 incolas
3203 2968 3370 3036 hujus
3439 2965 3615 3029 urbis,
3673 2963 3770 3033 qui

2107 3059 2411 3115 Christiani
2473 3063 2653 3123 erant,
2719 3059 3104 3123 convenisset,
3178 3066 3234 3111 ut
3283 3056 3342 3110 hi
3403 3053 3769 3110 Antiochiam

2110 3149 2442 3218 migrarent,
2489 3147 2831 3202 simulantes
2861 3163 2919 3202 se
2963 3154 3115 3202 metu
3161 3150 3545 3201 Romanorum
3596 3141 3778 3196 domi-

2108 3240 2240 3295 cilia
2297 3237 2612 3308 reliquisse,
2677 3237 2752 3291 ita
2823 3245 2881 3292 ut
2944 3237 3074 3292 istic
3126 3235 3446 3291 habitantes
3501 3232 3780 3288 Romanis

2109 3328 2470 3385 Antiochiam
2525 3328 2826 3383 obsidione
2875 3327 3198 3398 petentibus
3241 3327 3310 3380 ad
3360 3325 3555 3380 urbem
3589 3338 3778 3393 expu-

2111 3419 2398 3489 gnandnm
2449 3417 2725 3471 auxilium
2778 3417 3009 3472 ferrent.
3067 3414 3186 3477 Quo
3249 3415 3404 3468 facto
3467 3413 3777 3466 consilium

2111 3523 2240 3563 cum
2292 3506 2632 3563 Christianis
2683 3505 2995 3560 Antiochiae
3058 3502 3264 3559 incolis
3321 3503 3674 3570 conjunxcre
3721 3507 3777 3554 et

2112 3598 2491 3653 Thorbasium
2539 3595 2834 3652 certiorem
2883 3595 3086 3662 fecere,
3137 3609 3370 3648 vacuam
3421 3608 3546 3646 esse
3579 3589 3779 3645 urbem

2111 3693 2166 3742 et
2196 3687 2460 3755 praefecto
2489 3685 2842 3741 destitutam.
2879 3683 3084 3740 Incolae
3114 3692 3303 3737 autem
3341 3681 3498 3735 urbis
3529 3679 3783 3734 Muham-

356 3781 464 3846 set,
495 3773 846 3864 Sardcghum
892 3772 1259 3842 (Strategum)
1291 3787 1418 3826 eum
1467 3771 1717 3838 creavit;
1762 3771 1865 3830 hac
1899 3773 2006 3827 ita-
2038 3797 2081 3864 ρ
2124 3775 2357 3831 medani
2405 3791 2598 3830 muros
2640 3774 3008 3830 deseruerant
3053 3778 3103 3826 et
3140 3770 3582 3843 negligentiores
3623 3775 3787 3824 erant

353 3881 462 3936 que
495 3863 712 3919 ratione
743 3861 1064 3918 incolumes
1109 3864 1408 3918 evaserunt
1457 3860 1746 3916 Laodicea:
1778 3860 2004 3918 incolae.

349 3955 492 4010 Inde
538 3950 906 4008 Antiochiam
958 3949 1176 4012 ducens
1224 3949 1288 4003 in
1338 3955 1614 4018 potestate
1663 3965 1765 4005 sua
1824 3950 2007 4004 tenuit

349 4041 591 4110 100,000
637 4040 1010 4110 captivorum,
1074 4052 1399 4107 puerorum,
1447 4039 1788 4108 puellarum,
1838 4039 2006 4108 juve-

346 4145 644 4202 numque;
677 4145 809 4186 nam
845 4128 946 4182 hos
978 4127 1128 4182 solos
1148 4128 1399 4197 captivos
1433 4126 1664 4192 fecerat,
1693 4128 1900 4186 viriset
1936 4128 2011 4184 fe-

347 4220 530 4278 minis
558 4218 924 4291 provectioris
970 4217 1174 4281 aatatis,
1227 4220 1395 4286 atque
1441 4217 1680 4272 senibus
1707 4226 1804 4272 aut
1835 4218 2006 4272 inter-

350 4311 520 4368 fectis
561 4315 657 4364 aut
689 4306 958 4363 dimissis.
994 4305 1211 4362 Dicitur
1264 4307 1500 4361 omnino
1551 4307 1608 4360 in
1646 4306 1750 4362 hac
1779 4305 2008 4376 expedi-

351 4403 513 4458 tione
545 4397 610 4452 18
649 4397 926 4468 suggestis
959 4395 1036 4468 (7)
1072 4395 1282 4466 potitus
1323 4410 1484 4463 esse;
1532 4395 1781 4451 vicorum
1815 4399 2008 4450 autem

354 4507 499 4562 quos
529 4487 760 4558 diripuit
792 4494 846 4541 et
873 4484 1211 4550 combussit,
1238 4499 1512 4542 numerus
1540 4485 1768 4540 definiri
1793 4485 2008 4555 nequit.

432 4577 642 4636 Castris
689 4583 823 4632 ante
853 4573 1215 4632 Antiochiam
1268 4573 1484 4644 positis,
1537 4589 1724 4645 neque
1756 4589 1888 4628 cum
1920 4573 2010 4628 in-

358 4669 504 4727 colis
553 4680 782 4722 manum
817 4664 1128 4731 conseruit,
1158 4678 1345 4732 neque
1388 4662 1632 4720 omnino.
1660 4662 1907 4734 legatum
1939 4662 2012 4718 ad

360 4776 461 4817 eos
504 4756 681 4825 misit,
730 4754 828 4811 sed
877 4752 1171 4815 castellum
1205 4769 1237 4808 e
1283 4753 1514 4824 regione
1559 4751 1879 4810 Antiochia
1911 4768 2011 4808 ex-

359 4848 588 4914 struxit,
619 4843 786 4915 eique
834 4841 1146 4914 prmposuit
1191 4841 1531 4898 Michaelem
1567 4842 1812 4912 Alhordji
1845 4841 2011 4914 (Bur-

360 4940 557 5003 tum),
588 4934 754 5003 cuius
786 4931 936 4988 dicto
980 4931 1277 4990 audientes
1317 4946 1441 4986 esse
1479 4931 1629 5002 jussi
1659 4939 1792 4986 sunt
1841 4931 2016 4987 duces

358 5024 666 5084 limitanei.
695 5025 842 5079 Cum
865 5036 1056 5076 rumor
1097 5019 1246 5080 inter
1289 5018 1550 5076 homines
1584 5019 2014 5089 percrebuisset,

361 5119 422 5174 id
455 5113 682 5170 consilii
731 5110 987 5166 Romano
1037 5124 1184 5174 esse.
1236 5113 1300 5164 ut
1331 5113 1510 5166 totam
1540 5109 1782 5164 hiemem
1815 5110 2018 5166 Antio—

359 5207 556 5263 chiam
586 5200 887 5260 obsidione
917 5198 1164 5254 cinctam
1212 5205 1449 5268 teneret,
1482 5197 1740 5268 aliasque
1771 5198 2020 5257 mitteret

359 5295 574 5365 cupias.
639 5288 916 5345 Halebum
978 5296 1394 5358 oppugnatum,
1448 5287 1768 5359 Karghujah
1838 5287 2018 5344 Saah-

358 5381 660 5441 daddaulae
704 5379 782 5450 (8)
831 5377 1128 5446 persuasit,
1197 5385 1256 5431 ut
1301 5375 1577 5432 Halebum
1649 5375 2016 5448 relinqueret,

362 5491 438 5530 ne
485 5473 544 5530 in
593 5469 732 5528 urbe
800 5466 1186 5522 obsideretur.
1241 5468 1466 5535 (Narrat
1515 5465 1722 5522 deinde
1790 5474 2015 5538 auctor,

436 5637 512 5710 (7)
546 5633 681 5710 Le.
719 5629 980 5710 urbibus.
1035 5627 1131 5710 ubi
1179 5627 1409 5710 c_oudita
1453 5635 1618 5684 erant
1665 5629 1904 5710 templa.
1950 5631 2014 5710 Ιέ.

439 5699 688 5780 (8)1j‘ilio
739 5699 1138 5769 Seifeddaulae,
1189 5700 1260 5755 de
1305 5716 1416 5772 quo
1465 5715 1636 5771 supra
1679 5699 1848 5757 verba
1877 5702 2016 5760 feci-

366 5779 518 5842 mus.
549 5779 604 5833 L.

2122 3862 2180 3919 in
2245 3864 2382 3920 urbe
2430 3864 2824 3930 custodienda,
2879 3878 3010 3918 cum
3064 3862 3344 3917 exercitus
3390 3864 3678 3915 Romanus
3716 3859 3787 3914 ad

2119 3955 2208 4010 XL
2244 3954 2422 4019 milia,
2483 3953 2726 4010 ducibus
2776 3952 3088 4008 Thorhasio
3133 3959 3185 4007 et
3217 3951 3411 4006 Jasino
3459 3949 3789 4004 ben-Scho-

2119 4044 2440 4112 meschkik,
2489 4043 2887 4112 aggrederetur
2945 4046 3001 4096 ct
3061 4041 3422 4096 Antiochiam
3487 4039 3789 4094 obsidione

2119 4135 2391 4204 cingeret.
2441 4134 2644 4189 Incolae
2685 4131 2860 4187 Bnkte
2903 4149 2971 4186 ea
3011 4147 3177 4202 quam
3228 4137 3532 4187 tenuerunt
3572 4131 3792 4186 summi

2125 4223 2282 4278 muri
2333 4230 2486 4291 parte
2535 4222 2953 4277 descenderunt
3021 4230 3075 4274 et
3123 4220 3333 4274 moenia
3393 4220 3550 4272 urbis
3614 4233 3790 4272 vacua

2119 4312 2529 4381 reliquerunt;
2591 4314 2714 4364 tum
2781 4309 3163 4364 ascenderunt
3238 4307 3474 4362 ltornani
3537 4315 3590 4361 et
3646 4308 3787 4361 urbe

2119 4401 2280 4472 potiti
2351 4407 2504 4454 sunt.
2571 4400 2801 4456 Factum
2874 4398 2980 4453 hoc
3054 4405 3138 4452 est
3207 4406 3373 4452 nocte
3447 4397 3512 4450 13
3571 4395 3789 4452 mensis

2119 4488 2492 4558 Dsulhidjdjaa
2525 4488 2664 4544 anui
2710 4487 2835 4542 358.
2886 4487 3256 4542 Penetraruut
3303 4487 3540 4542 Romani
3589 4488 3645 4540 in
3691 4501 3788 4543 ur-

2123 4581 2272 4646 bem,
2305 4577 2742 4636 combusserunt
2774 4583 2826 4632 et
2857 4576 3110 4646 captivos
3151 4576 3428 4646 fecerunt,
3465 4577 3568 4631 fuit
3595 4583 3787 4632 autem

2123 4686 2236 4728 nox
2269 4666 2610 4723 Nativitatis.
2640 4669 2784 4721 Cum
2818 4664 3062 4722 Romani
3105 4675 3355 4721 montem
3404 4665 3558 4722 urbis
3587 4683 3791 4724 ascen-

2124 4760 2359 4826 dissent,
2430 4756 2856 4828 prehenderunt
2920 4757 3183 4813 custodes
3247 4764 3300 4812 et
3347 4757 3432 4812 eis
3478 4759 3788 4822 dixerunt:

2131 4867 2154 4898 ι
2188 4847 2428 4904 Laudste
2470 4853 2524 4901 ct
2568 4846 2866 4914 praedicate
2902 4845 3080 4900 Deum
3130 4862 3426 4915 magnum.
3462 4869 3488 4896 »
3531 4848 3638 4912 Qui
3678 4850 3791 4907 hoc

2128 4953 2241 4993 non
2295 4934 2510 5001 fecerit,
2575 4934 2729 4990 hunc
2789 4933 3221 4990 interfecerunt.
3284 4934 3556 4993 Custodes
3601 4938 3794 5008 itaque

2129 5027 2588 5098 proclamaruut;
2621 5046 2650 5073 κ
2685 5025 2927 5097 Magnus
2973 5033 3055 5080 est
3103 5024 3258 5080 Deus
3291 5042 3473 5096 neque
3509 5028 3654 5082 Deus
3706 5035 3795 5084 est

2133 5123 2330 5186 praeter
2351 5130 2504 5172 eum.
2534 5134 2561 5163 »ι
2597 5115 2715 5178 Qua
2744 5114 2974 5183 quidem
3012 5130 3070 5170 re
3109 5113 3372 5184 impediti
3403 5123 3534 5170 sunt
3566 5114 3790 5182 incolae,

2132 5223 2241 5277 quo
2290 5205 2483 5261 minus
2531 5218 2724 5258 verum
2769 5219 2962 5258 rerum
3009 5211 3216 5258 statum
3249 5203 3792 5287 animadverterent,

2129 5297 2312 5352 donec
2363 5294 2610 5352 Romani
2667 5292 2938 5349 erunibus
2989 5292 3240 5346 turribus
3295 5291 3454 5361 potiti
3502 5291 3713 5347 fuerint
3738 5296 3796 5348 et

2126 5402 2326 5442 omnes
2384 5401 2500 5442 una
2551 5384 2862 5440 clamorem
2923 5383 3228 5439 ediderint.
3280 5381 3512 5446 Omnes,
3573 5383 3672 5455 qui
3719 5384 3793 5440 ad

2128 5483 2345 5545 portam
2406 5473 2694 5544 Aldjenan
2740 5473 3016 5544 (hortum)
3059 5470 3272 5527 dictam
3320 5472 3614 5541 pervenire
3660 5490 3794 5544 pro-

2197 5635 2278 5706 (9)
2309 5638 2393 5689 Ex
2443 5633 2549 5690 hoc
2599 5633 2722 5706 loco
2760 5638 2992 5706 apparet
3039 5629 3310 5706 mendose
3355 5647 3566 5706 nomen
3611 5635 3796 5706 scrip-

2126 5701 2418 5835 {um'lesse
2474 5721 2568 5776 ap.
2620 5703 2978 5785 Abupharag.
3038 5717 3091 5774 p.
3141 5702 3270 5773 205,
3316 5701 3410 5758 ubi
3458 5707 3608 5763 Luca
3650 5701 3794 5780 legi-

2154 5795 2243 5837 ur.
2323 5819 2336 5833 .
