4096 6434
307 426 463 486 1023

1325 429 1740 490 EXCERPTA
1787 431 1876 487 E\
1934 424 2330 484 HleOliIIS
2379 425 2704 483 AitAlilIM

3575 423 3734 485 1024

307 555 604 626 parabant,
669 556 893 626 captitvi
950 556 1080 612 facti
1132 561 1283 614 sunt.
1332 563 1560 614 Caterva
1602 565 1812 623 autem,
1845 572 1966 626 qua:
1999 556 2048 622 Α
2083 570 2200 608 ram
2247 553 2857 609 Muhammedanorum
2908 551 3196 624 suscipere
3242 552 3302 608 in
3333 553 3526 609 animo
3560 553 3738 611 habe-

305 644 372 698 ad
407 651 622 714 portam
657 645 826 699 maris
857 662 916 700 se
952 656 1412 719 congregaverat,
1446 647 1710 719 repagula
1736 645 1970 701 removit

307 740 368 792 et
400 736 505 792 hoc
539 739 704 794 modo
739 738 1047 794 incolumis
1080 741 1278 796 evasit.

378 825 622 880 Romani
668 827 726 882 in
777 836 970 884 monte
1022 830 1176 885 urbis
1226 847 1415 886 arcem
1471 838 1871 887 exstruxerunt
1920 839 1970 886 et

308 915 621 970 maximum
653 916 848 972 fanum
877 918 1022 974 suile
1053 921 1328 986 fecerunt,
1380 921 1614 990 posthac
1643 930 1830 976 tamen
1875 938 1971 990 pa-

307 1004 552 1059 triarcha
611 1021 676 1060 eo
727 1006 852 1062 loco
917 1025 1017 1080 pro
1068 1009 1230 1065 horto
1282 1025 1416 1065 usus
1468 1018 1571 1065 est.
1647 1010 1790 1066 Dein
1841 1025 1971 1066 cum

309 1092 657 1148 Thorbasius
717 1095 988 1151 Halebum
1039 1099 1290 1166 duceret,
1349 1107 1410 1154 ut
1475 1098 1751 1154 auxilium
1805 1099 1974 1154 ferret

315 1182 630 1253 Karghujah
678 1189 734 1239 et
764 1185 1041 1256 Bacdjuro
1082 1187 1178 1258 qui
1205 1189 1276 1242 ab
1319 1187 1736 1244 Abu’lmaahlio
1765 1188 1972 1260 (Saah-

313 1271 617 1343 daddaula)
665 1277 1092 1344 oppugnatione
1141 1276 1561 1347 premebantur,
1605 1276 1972 1333 Abu'lmaah-

317 1360 449 1428 lius,
482 1361 782 1418 obsidione
820 1362 1035 1434 relicta,
1070 1367 1319 1435 primum
1349 1366 1733 1433 Chunazereh,
1766 1366 1976 1422 deinde

317 1450 571 1505 Maahrra
636 1451 937 1507 Cnohman
1015 1454 1300 1524 profectus
1358 1464 1503 1521 est;
1559 1455 1784 1511 Grmcos
1844 1470 1974 1510 vero

315 1538 464 1608 cepit
518 1540 725 1608 cupido
784 1540 984 1596 Halebi
1038 1544 1388 1614 occupandae
1439 1563 1454 1604 ξ
1527 1544 1724 1600 urbem
1787 1544 1976 1612 itaque

317 1636 722 1698 Oppugnarunt
754 1637 807 1684 et
846 1648 876 1684 a
909 1640 1066 1700 parte
1083 1631 1511 1702 septentrionali
1537 1641 1971 1704 expugnarunt;

319 1732 429 1786 quo
462 1718 610 1773 facto
653 1733 840 1774 arcem
891 1722 1403 1777 circumsederunt.
1437 1722 1583 1777 Tum
1617 1738 1706 1778 res
1747 1723 1815 1776 ad
1851 1738 1976 1793 pac-

319 1808 532 1862 tionem
585 1806 756 1875 venit,
803 1808 958 1865 hisce
991 1811 1436 1878 conditionibus,
1488 1820 1547 1866 ut
1582 1828 1682 1882 pro
1718 1827 1972 1882 unoquo-

315 1913 422 1967 que
454 1896 726 1961 locorum,
781 1913 1117 1968 magnorum
1151 1909 1317 1971 atque
1365 1917 1684 1970 parvorum,
1717 1916 1840 1970 quae
1874 1918 1970 1971 pa-
2006 1929 2053 1994 Β

316 1993 406 2041 cto
436 1985 658 2039 inclusa
688 1995 900 2053 essent,
953 1987 1267 2044 solveretur
1312 1990 1581 2045 tributum
1631 1989 1873 2055 denarii,
1907 1990 1973 2043 16

319 2075 618 2130 drachmas
663 2075 957 2132 Islamicas
1011 2080 1188 2148 pretio
1235 2081 1550 2150 aequantis:
1606 2085 1661 2134 et
1709 2088 1976 2148 praeterea

317 2180 346 2218 e
405 2163 732 2234 regionibus
791 2165 1052 2236 pactione
1129 2167 1684 2237 comprehendendis
1737 2167 1976 2234 700,000

314 2253 714 2309 drachmarum
820 2257 1127 2323 quotannis
1213 2257 1482 2312 Romanis
1545 2259 1971 2326 penderentur.

319 2343 494 2398 Urbes
545 2345 720 2409 llimz,
769 2343 1085 2414 Dsusijjah,
1131 2345 1427 2415 Salmijjah
1483 2345 1726 2411 Hamab,
1776 2346 1971 2402 Schai-

317 2447 429 2496 zar,
474 2431 793 2496 Caferthab,
850 2433 1151 2502 Afamijjah
1202 2435 1513 2505 (Apamea),
1566 2434 1972 2489 Maahrra’lno-

319 2520 512 2585 hman,
581 2519 873 2587 Halebum,
929 2521 1374 2591 Djeblalsumak,
1439 2523 1970 2588 Maahra-Maazrin,

320 2610 653 2672 Kennisrin,
730 2612 970 2666 Atsareb
1049 2628 1231 2683 usque
1307 2614 1377 2667 ad
1441 2614 1686 2669 limitem
1759 2614 1972 2683 palatii,

327 2699 474 2767 quod
549 2701 883 2755 Atsarebum
955 2702 1186 2771 attingit
1259 2709 1314 2758 et
1387 2703 1612 2758 iirrnum
1701 2709 1972 2770 vocatus,

325 2789 480 2854 (tum
542 2788 801 2843 universa
861 2791 1013 2859 regio
1064 2807 1188 2860 quae
1244 2792 1589 2863 porrigitur)
1651 2809 1837 2863 usque
1905 2794 1974 2847 ad

327 2878 534 2944 Arhal),
592 2877 878 2946 Masufan,
905 2878 1092 2934 Cimar
1131 2881 1264 2951 (i0),
1304 2883 1528 2952 Barzaja
1575 2891 1632 2936 et
1679 2898 1972 2951 campum,

324 2967 419 3035 qui
463 2983 633 3036 prope
676 2969 848 3022 Ahfas
900 2976 1003 3035 est,
1036 2987 1068 3023 a
1120 2971 1346 3024 dextera
1401 2980 1556 3040 parte
1587 2970 1826 3026 limitis:
1859 2971 1975 3025 haec

322 3057 515 3112 omnia
546 3064 990 3128 permanserunt
1019 3060 1252 3114 domino
1281 3060 1497 3127 Halebi,
1529 3066 1738 3116 cratera
1767 3061 1976 3115 Graecis

321 3145 644 3215 adjudicata
694 3155 827 3202 sunt
878 3147 1173 3218 (nimirum
1225 3156 1337 3204 tota
1383 3151 1574 3220 regio),
1618 3167 1726 3220 quc
1773 3169 1805 3205 a
1837 3151 1976 3206 Bar-

321 3233 441 3304 zaja
469 3236 747 3290 orientem
785 3252 980 3292 versus
1030 3239 1360 3294 extenditur
1391 3255 1566 3310 usque
1616 3241 1684 3294 ad
1735 3240 1970 3295 fluvium

324 3323 780 3380 Abu-Solaiman
823 3334 875 3381 et
910 3327 1066 3398 pylas
1097 3328 1311 3397 Sunjah
1364 3329 1564 3397 dictas,
1600 3337 1721 3383 tum
1754 3330 1822 3383 ad
1857 3329 1974 3385 Na-

326 3413 572 3483 fudsam,
609 3419 887 3470 Awanam
922 3425 974 3471 et
1006 3417 1338 3474 'l‘el-Hamid
1375 3425 1430 3474 et
1461 3420 1714 3474 dextram
1748 3419 1975 3490 Sadjuri

328 3503 509 3572 ripam
579 3511 633 3559 et
684 3507 912 3575 quidem
977 3522 1154 3577 usque
1227 3509 1294 3562 ad
1354 3510 1577 3564 alveum
1639 3508 1818 3576 ﬂuvii,
1881 3509 1978 3564 ubi

325 3591 389 3646 in
422 3593 748 3664 Euphraten
804 3611 925 3652 sese
973 3605 1257 3653 exonerat.
1309 3599 1530 3654 Caetera:
1584 3599 1737 3668 pacis
1784 3601 1979 3655 condi-

328 3680 519 3737 tiones
554 3683 639 3738 hae
669 3683 829 3740 fuere
854 3702 866 3739 :

398 3772 750 3843 Karghujah,
797 3778 941 3832 duce
963 3775 1196 3848 (Emiro)
1222 3777 1851 3847 Muhammedanorum,
1885 3778 1980 3846 qui

328 3861 388 3916 in
423 3861 529 3917 hac
578 3864 855 3934 dignitate
907 3881 1237 3934 permanere
1286 3867 1541 3932 deberet,
1600 3876 1840 3937 mortuo,
1894 3885 1982 3923 res

331 3951 637 4006 tradendus
685 3968 812 4008 esse
856 3955 1154 4024 Bacdjuro,
1205 3971 1313 4026 quo
1361 3955 1632 4011 defuncto
1673 3957 1743 4011 ab
1801 3957 1982 4027 impe-

334 4047 520 4096 ratore
567 4043 822 4098 Romano
870 4043 1198 4114 eligendum
1249 4061 1376 4100 esse
1423 4047 1622 4101 ducem
1667 4063 1734 4102 ex
1777 4045 1983 4103 incolis

336 4131 602 4199 Halebis;
636 4131 931 4188 Muslemis
960 4142 1146 4188 autem
1181 4151 1293 4188 non
1324 4150 1448 4190 esse
1472 4135 1564 4204 jus
1593 4136 1848 4206 cujusvis
1876 4137 1981 4191 du-

335 4220 419 4276 cis
447 4222 856 4278 constituendi.
901 4225 946 4276 A
979 4223 1314 4278 Christianis
1369 4223 1593 4279 nullum
1629 4241 1726 4295 per
1771 4226 1986 4281 hancce

333 4309 608 4368 ditionem
643 4312 918 4368 tributum
944 4328 1066 4368 esse
1095 4313 1458 4384 exigendum,
1491 4313 1559 4369 iis
1586 4314 1985 4371 tantummodo

333 4401 609 4472 exceptis,
647 4400 742 4472 qui
775 4402 854 4456 ibi
882 4403 1116 4456 domum
1148 4411 1244 4457 aut
1273 4403 1469 4458 villam
1508 4405 1901 4472 possiderent;
1935 4403 1987 4457 si

333 4489 626 4546 adveniret
678 4491 958 4546 exercitus
1011 4491 1397 4561 Muslemicus,
1449 4493 1870 4564 expeditionem
1927 4492 1986 4546 in

334 4594 546 4634 nomen
595 4579 913 4635 Romanum
965 4581 1241 4647 facturus,
1307 4582 1730 4637 defendendum
1782 4597 1909 4637 esse
1955 4599 1987 4636 a

2080 651 2204 699 rent
2253 644 2558 714 imperator
2587 648 2645 700 et
2694 644 2807 698 dux
2857 645 3149 714 copiarum
3183 642 3598 709 Romanorum,
3632 645 3738 700 ob-

2077 735 2225 789 viam
2273 736 2529 790 eundum
2578 750 2702 789 esse
2753 751 2785 788 a
2830 734 3107 803 Bacdjuro
3161 748 3342 801 usque
3389 733 3457 786 ad
3515 733 3731 799 locum,

2079 824 2179 880 ubi
2233 826 2577 897 imperatum
2611 825 2662 880 ei
2706 825 2904 880 fuisset
2935 842 2949 892 ;
2979 831 3150 896 atque
3197 823 3480 894 Bacdjuro
3510 823 3735 880 Roma-

2078 930 2218 969 num
2253 931 2354 984 per
2378 915 2654 970 ditionem
2687 915 2844 987 pacis
2879 915 3212 982 comitante,
3248 929 3362 968 non
3394 913 3736 984 fugiendum

2079 1019 2202 1059 esse
2239 1004 2310 1058 ab
2359 1003 2564 1060 incolis
2611 1004 2909 1068 vicorum;
2957 1003 3036 1058 ita
3085 1011 3145 1058 ut
3189 1010 3404 1058 emeret
3453 1004 3743 1058 exercitus

2081 1093 2368 1148 Romanus
2424 1109 2534 1164 quo
2591 1110 2734 1164 Opus
2763 1094 2845 1148 eis
2874 1101 3042 1160 esset,
3093 1099 3302 1164 praeter
3332 1099 3740 1163 stramentum,

2080 1208 2189 1263 quo
2223 1209 2323 1260 pro
2354 1207 2512 1248 more
2544 1192 2749 1248 bellico
2795 1191 2952 1248 nulla
2996 1189 3284 1246 solutione
3333 1189 3478 1246 facta
3512 1207 3735 1262 suppe-

2081 1281 2382 1336 ditandum
2431 1288 2616 1348 esset;
2651 1299 2683 1336 a
2713 1282 2856 1336 duce
2903 1279 3514 1336 Muhammedanorum
3561 1295 3741 1350 usque

2081 1372 2150 1426 ad
2183 1372 2326 1426 fines
2375 1370 2598 1426 obviam
2632 1387 2760 1426 esse
2821 1370 3076 1426 eundum
3129 1370 3308 1440 ecpiis
3338 1369 3633 1437 Romanis,
3686 1378 3750 1426 ut

2081 1453 2163 1509 eis
2229 1456 2436 1522 praesto
2489 1456 2673 1518 esset;
2707 1466 2829 1521 quae
2892 1466 3026 1506 cum
3095 1457 3250 1505 extra
3305 1451 3450 1506 fines
3509 1467 3752 1520 egressae

2082 1550 2288 1607 essent,
2318 1541 2540 1596 licitum
2564 1556 2688 1596 esse
2717 1540 2907 1594 Emiro
2931 1540 2990 1595 in
3021 1539 3299 1595 ditionem
3323 1555 3484 1594 suam
3513 1540 3748 1611 reverti,

2081 1631 2136 1685 Si
2185 1630 2609 1702 expeditionem
2642 1629 2893 1686 facerent
2924 1629 3165 1685 Romani
3197 1638 3398 1685 contra
3429 1639 3642 1686 sectam
3675 1630 3746 1685 ab

2085 1719 2294 1774 Islamo
2343 1720 2646 1788 diversam,
2713 1719 3182 1788 conjungendum
3243 1735 3369 1774 esse
3421 1721 3739 1774 exercitum

2085 1809 2257 1864 Emiri
2290 1826 2421 1866 cum
2455 1814 2713 1866 Romano
2748 1818 2801 1865 et
2832 1809 3198 1865 consiociatis
3246 1809 3427 1865 armis
3457 1809 3749 1865 dimican“

2084 1900 2245 1966 dum,
2285 1904 2410 1955 utut
2435 1900 2633 1970 jussus
2685 1899 2856 1954 fuerit
2890 1900 3134 1954 Emirus.
3166 1898 3225 1953 Si
3258 1899 3444 1969 quivis
3473 1915 3542 1954 ex
3573 1899 3748 1953 Mus-

2086 1989 2249 2045 lemis
2309 1988 2643 2060 religionem
2714 1988 3097 2044 Christianam
3169 1987 3466 2058 amplexus
3514 1988 3748 2056 fuisset,

2087 2081 2166 2134 nil
2219 2083 2425 2134 contra
2473 2095 2600 2134 eum
2638 2078 2978 2148 permissum
3030 2095 3153 2134 esse
3208 2078 3523 2145 Muslemis,
3555 2091 3738 2146 neque

2085 2169 2423 2225 Christianis
2473 2169 2814 2240 permissum
2860 2183 2982 2224 esse
3015 2169 3148 2239 quid
3201 2173 3403 2224 contra
3433 2167 3748 2238 quemlibet

2087 2259 2539 2315 Christianorum
2591 2261 2691 2329 qui
2743 2259 2802 2313 in
2859 2257 3253 2313 Muslemicam
3305 2257 3597 2312 transierit
3653 2273 3747 2312 se-

2086 2357 2255 2406 ctam.
2289 2348 2347 2403 Si
2398 2363 2614 2416 servus,
2667 2347 3026 2403 Christianus
3076 2363 3174 2402 seu
3227 2345 3615 2415 Muslemicus,
3649 2346 3738 2399 vir

2086 2441 2200 2494 sive
2235 2438 2465 2506 femina,
2498 2437 2557 2492 in
2597 2453 2721 2493 eam
2751 2453 2921 2508 quam
2954 2436 3319 2492 deiinivimus
3347 2436 3636 2505 regionem
3664 2453 3735 2490 ex

2085 2529 2198 2584 alia
2245 2529 2573 2598 aufugisset,
2627 2528 2773 2582 haud
2819 2525 3128 2582 celandum
3179 2541 3299 2581 esse
3333 2543 3364 2580 a
3413 2525 3734 2590 Muslemis,

2085 2619 2178 2674 sed
2233 2617 2645 2684 indicandum;
2696 2622 2816 2670 tum
2866 2615 3198 2671 solvendum
3251 2630 3374 2670 esse
3422 2631 3456 2668 a
3501 2615 3740 2670 domino

2087 2704 2334 2775 pretium
2365 2704 2434 2757 36
2464 2703 2828 2760 denariorum
2879 2719 2978 2774 pro
3009 2719 3096 2771 eo,
3129 2703 3175 2758 si
3205 2703 3286 2756 vir
3314 2707 3490 2767 esset,
3526 2718 3625 2771 pro
3661 2703 3742 2757 fe-

2088 2795 2242 2849 mina
2270 2794 2341 2846 20
2380 2793 2648 2848 denarios
2679 2795 2986 2856 Romanos,
3037 2807 3139 2862 pro
3194 2807 3370 2863 puero
3405 2791 3520 2847 sive
3552 2792 3746 2860 puella

2097 2885 2190 2950 :6;
2227 2883 2315 2937 sin
2347 2893 2534 2937 autem
2583 2899 2698 2937 non
2749 2882 3063 2952 possideret
3106 2881 3420 2952 (dominus)
3469 2896 3578 2950 quo
3625 2881 3747 2936 sol-

2087 2982 2233 3028 veret
2265 2972 2506 3043 pretium
2559 2970 2931 3040 liberationis,
2965 2988 2996 3025 a
3025 2969 3262 3026 domino
3314 2969 3586 3025 solvendo
3617 2986 3746 3026 esse

2087 3076 2200 3117 tres
2251 3061 2506 3128 denario,
2561 3059 2770 3132 quibus
2817 3059 2886 3115 ab
2916 3060 3098 3114 emiro
3149 3061 3402 3129 acceptis
3435 3059 3744 3114 restituen-

2084 3153 2218 3207 dum
2269 3167 2392 3207 esse
2442 3165 2685 3205 servum.
2735 3149 2794 3204 Si
2846 3148 3159 3219 baptizatus
3209 3157 3374 3216 esset,
3427 3149 3520 3218 qui
3573 3148 3748 3203 aufu-

2086 3237 2278 3311 gisset,
2337 3240 2481 3294 haud
2549 3239 2720 3295 licere
2776 3237 3074 3293 Muslemis
3135 3254 3264 3293 eum
3322 3240 3586 3304 retinere,
3636 3239 3738 3293 sed

2089 3332 2448 3400 pendendum
2497 3345 2620 3384 csse
2665 3329 2855 3383 Emiro
2902 3345 2936 3382 a
2965 3328 3219 3395 domino,
3267 3327 3413 3397 quod
3456 3328 3743 3383 sancitum

2087 3421 2276 3486 fuerit,
2329 3435 2438 3488 quo
2487 3419 2656 3486 facto,
2715 3418 3129 3472 restituendum
3184 3433 3308 3472 esse
3369 3432 3619 3472 servum.
3673 3416 3735 3472 Si

2084 3511 2218 3580 quid
2271 3525 2339 3563 ex
2389 3509 2608 3563 ditione
2645 3508 2898 3562 Romana
2948 3507 3036 3562 fur
3077 3506 3354 3576 rapuisset
3401 3515 3453 3561 et
3497 3506 3624 3576 fuga
3676 3523 3738 3560 se

2087 3599 2477 3662 subtraxisset,
2525 3597 2867 3652 mittendum
2899 3612 3022 3652 esse
3051 3595 3123 3650 ab
3172 3596 3366 3650 Emiro
3419 3595 3487 3650 ad
3530 3597 3738 3650 ducem

2087 3689 2370 3744 exercitus
2419 3687 2682 3751 Romani,
2737 3691 2798 3740 ut
2848 3701 3043 3755 pmnas
3087 3683 3286 3741 lueret.
3339 3685 3394 3740 Si
3447 3684 3744 3739 Romanus

2090 3779 2349 3848 regiones
2382 3777 2746 3832 Muslemicas
2793 3774 3073 3839 visitaret,
3120 3774 3268 3828 haud
3314 3774 3744 3844 impediendum

2090 3886 2210 3924 esse
2242 3887 2275 3924 a
2306 3868 2533 3940 negotio
2564 3882 2686 3921 suo.
2736 3866 2794 3922 Si
2829 3865 3148 3936 speculator
3179 3881 3246 3920 ex
3279 3864 3496 3920 ditione
3529 3863 3739 3918 Music—

2093 3955 2237 4009 mica
2266 3952 2576 4006 Romanam
2623 3949 2837 4004 intrare
2869 3948 3058 4016 vellet,
3109 3947 3499 4016 arripiendum
3534 3960 3655 4001 esse
3685 3949 3741 3999 et

2092 4043 2150 4097 in
2182 4039 2416 4098 vincula
2459 4039 2907 4108 conjiciendum.
2955 4038 3108 4092 Ilaud
3153 4035 3528 4092 excidendam
3561 4051 3685 4090 esse
3715 4052 3748 4088 a

2093 4131 2392 4186 Muslemis
2438 4143 2648 4194 arcem,
2693 4143 2797 4182 nec
2847 4142 3049 4182 novam
3097 4125 3543 4187 exstruendam;
3595 4123 3746 4193 quod

2093 4227 2284 4276 autem
2329 4217 2582 4273 excisum
2618 4217 2836 4287 fuisset,
2869 4217 3305 4272 restaurandum
3339 4232 3481 4272 esse.
3516 4215 3753 4270 Nullqu

2093 4309 2334 4365 emirum
2406 4306 2803 4362 Muslemicum
2882 4320 2989 4361 nec
3052 4304 3462 4375 freclpiendum
3534 4319 3658 4360 esse
3721 4321 3755 4359 a

2096 4398 2391 4454 Muslemis
2438 4413 2620 4468 neque
2649 4395 2720 4450 ab
2764 4395 2880 4452 ullo
2913 4410 3110 4451 eorum
3145 4399 3349 4466 praeter
3405 4394 3745 4464 Bacdjurum

2095 4498 2148 4545 et
2201 4487 2529 4557 Karghujah
2581 4485 2786 4541 litteris
2852 4501 2979 4540 esse
3027 4484 3375 4539 adeundum.
3431 4482 3529 4538 His
3579 4483 3750 4553 (Kar-

2095 4578 2308 4648 dhujah
2342 4585 2395 4632 et
2426 4574 2726 4646 Bacdjuro)
2765 4572 3006 4629 mortuis
3047 4571 3200 4627 haud
3244 4572 3417 4627 licere
3447 4569 3753 4626 Muslemis

333 4667 661 4738 Karghujah
716 4668 869 4724 hisce
916 4670 1139 4727 verbis:
1173 4693 1200 4720 «
1236 4671 1360 4726 Duc
1411 4687 1508 4740 per
1548 4670 1689 4725 alias
1724 4671 1988 4742 regiones
2014 4658 2061 4723 D
2093 4667 2334 4723 emirum
2369 4683 2400 4721 e
2429 4665 2664 4736 regione
2710 4661 3042 4718 Muslemica
3103 4675 3392 4716 arcessere
3439 4675 3626 4730 neque
3675 4659 3747 4713 ab

334 4771 402 4810 ac
453 4766 713 4823 nostras;
759 4774 831 4813 ne
875 4758 1054 4814 intres
1099 4760 1373 4815 ditionem
1427 4759 1750 4830 pactionis;
1815 4782 1843 4809 »
1893 4762 1980 4816 sin

335 4847 449 4902 dux
483 4847 679 4900 harum
714 4848 1002 4916 Copiarum
1055 4848 1199 4902 haud
1253 4855 1487 4918 pareret,
1537 4848 1712 4904 armis
1741 4865 1864 4906 esse
1895 4866 1988 4920 pc-

335 4937 572 4992 tendum
621 4939 676 4990 et
721 4939 774 4988 vi
819 4937 1216 5006 repellendum
1255 4953 1269 5004 ;
1322 4937 1483 5006 cujus
1516 4937 1595 4994 rei
1655 4940 1742 4993 sin
1791 4941 1984 4994 minus

333 5026 479 5096 polis
510 5033 654 5081 esset
704 5025 1024 5096 Karghujah
1076 5026 1218 5096 ipse,
1269 5025 1472 5080 litteris
1521 5028 1815 5084 adeundos
1863 5044 1984 5084 esse

332 5117 745 5185 imperatorum
799 5114 1124 5171 Graecorum
1157 5119 1214 5170 et
1245 5115 1646 5183 Thorbasium,
1700 5124 1757 5170 ut
1788 5119 1983 5187 cepias

332 5205 622 5261 mitterent
653 5204 911 5259 hostibus
942 5203 1293 5273 repellendis
1340 5220 1520 5273 pares.
1569 5205 1627 5260 Si
1658 5205 1792 5275 quid
1825 5221 1984 5261 com-

333 5294 612 5364 perissent
675 5293 941 5349 Muslemi
1006 5295 1076 5348 de
1137 5293 1378 5348 adventu
1450 5294 1643 5364 magni
1699 5295 1984 5350 exercitus

335 5383 625 5455 (hostilis),
676 5383 1042 5439 scribendum
1075 5396 1199 5437 esse
1247 5381 1317 5436 ad
1348 5383 1752 5452 imperatorem
1794 5391 1848 5440 et
1878 5386 1984 5440 du-

334 5487 462 5529 cem
507 5473 824 5543 copiarum,
860 5478 918 5526 ut
964 5471 1045 5538 hi,
1095 5471 1164 5525 de
1198 5485 1256 5526 re
1302 5473 1568 5528 certiores
1611 5474 1763 5541 facti,
1816 5475 1986 5530 rebus

335 5563 456 5618 suis
499 5561 886 5619 consulerent.
936 5561 1037 5616 Sin
1083 5565 1274 5616 autem
1307 5561 1724 5632 expeditionem
1759 5563 1818 5620 in
1872 5571 1979 5621 ter-

2093 4757 2267 4827 (aliis)
2317 4755 2613 4812 Muslemis
2641 4751 2924 4808 auxilium
2957 4758 3166 4820 petere,
3213 4751 3308 4804 sed
3344 4749 3748 4819 recipiendum

2094 4863 2216 4902 esse
2255 4862 2407 4915 eum,
2464 4844 2559 4915 qui
2603 4844 2675 4898 ab
2715 4843 3054 4911 imperatore
3103 4839 3356 4894 Romano
3409 4856 3474 4894 ex
3531 4839 3752 4894 ditione

2095 4937 2251 5007 pacis
2313 4937 2524 4991 electus
2573 4930 2765 4988 fuerit.
2820 4931 2948 4986 Post
3010 4932 3251 4984 mortem
3307 4926 3631 4998 Karghujah
3695 4929 3754 4981 et

2099 5025 2362 5094 Bacdjuri
2391 5021 2857 5080 constituendum
2884 5035 3008 5075 esse
3032 5018 3103 5073 ab
3128 5018 3474 5088 imperatore
3494 5016 3750 5086 judicem

2098 5114 2392 5186 (Kadbi)c
2431 5111 2748 5176 Muslemis,
2808 5109 2906 5179 qui
2959 5107 3280 5164 secundum
3340 5106 3492 5177 leges
3554 5120 3754 5161 eorum

2093 5207 2189 5276 jus
2232 5204 2464 5260 diceret.
2516 5203 2724 5258 Graecis
2771 5199 2942 5256 licere
2971 5199 3289 5254 destructas
3336 5196 3398 5252 in
3446 5196 3536 5252 his
3565 5196 3754 5265 regio-

2099 5294 2272 5350 nibus
2321 5292 2590 5349 eeclesias
2649 5294 3005 5359 restaurare;
3043 5285 3310 5358 patricios
3342 5294 3394 5341 et
3433 5286 3754 5356 cpiscOpos,

2099 5384 2197 5454 qui
2242 5384 2308 5438 ad
2361 5381 2669 5437 Muslemos
2712 5377 3092 5450 pervenirent,
3144 5391 3246 5447 pro
3302 5376 3581 5446 dignitate
3630 5389 3756 5430 esse

2094 5473 2478 5543 accipiendos.
2525 5469 2683 5534 Quod
2726 5474 2917 5524 autem
2966 5467 3166 5522 attinet
3213 5465 3282 5520 ad
3337 5464 3657 5537 portorium
3687 5479 3759 5519 ex

2091 5563 2312 5620 ditione
2341 5565 2599 5617 Romana
2629 5557 2997 5629 exigendum,
3031 5555 3297 5626 pactione
3327 5555 3610 5611 sancitum
3639 5556 3747 5619 est,

411 5763 523 5835 (10)
567 5769 786 5822 Nomen
838 5767 899 5824 in
947 5767 1142 5824 codice
1191 5767 1421 5838 punctis
1463 5767 1778 5826 diacriticis
1825 5780 2001 5842 caret,
2033 5770 2272 5839 ideoque
2303 5768 2533 5824 incerta
2565 5773 2644 5823 est
2670 5763 2984 5836 scripture.
