4096 6428
294 381 455 446 1029

1751 357 2258 434 FRAGMENTA.

3549 357 3707 431 1030

367 517 492 574 Ἐπὶ
525 511 839 588 Αὐγούστου
901 509 1170 588 βασιλέως
1226 505 1543 585 γεγέννηται
1595 505 1645 562 ἐν
1698 503 1956 577 σπηλαίῳ

2142 505 2260 560 Sub
2293 507 2554 577 Augusto
2589 505 2944 577 imperatore
2976 510 3151 561 natus
3192 511 3284 560 est
3316 505 3378 560 in
3411 503 3716 576 spelunca,

297 607 477 682 μηνὸς
513 597 848 678 Δεκεμϐρίου
879 601 971 657 κε’.

368 695 509 753 Ἀπὸ
541 690 722 764 Ἀδὰμ
757 698 926 766 μεχρι
956 691 1081 746 Νῶε
1111 685 1204 759 ἔτη
1243 687 1430 764 βσμβ’.

368 786 466 842 Καὶ
494 783 601 840 ἀπὸ
630 786 731 838 τοῦ
763 786 886 838 Νῶε
913 777 1018 844 ἕως
1045 784 1142 834 τοῦ
1175 773 1432 852 ’Δϐραὰμ
1457 771 1550 844 ἔτη
1584 776 1718 850 αρο’.

369 875 471 934 Καὶ
499 873 607 928 ἀπὸ
636 866 895 946 Ἀϐραάμ
922 867 1027 930 ἕως
1053 868 1296 928 Μωσέως
1327 864 1420 935 ἔτη
1455 863 1600 938 υμδ’.

373 965 469 1023 Καὶ
501 963 608 1017 ἀπὸ
642 959 879 1020 Μωσέως
911 955 1017 1020 ’έως
1052 953 1218 1012 Δαόἰδ
1244 950 1336 1026 ἕτη
1371 956 1503 1032 φςθ“.

374 1054 467 1107 Καὶ
501 1053 608 1106 ἀπὸ
669 1044 835 1104 Δαϐἰδ
889 1045 994 1109 ἳως
1053 1049 1149 1100 τοῦ
1208 1043 1444 1121 Χριστοῦ
1501 1033 1596 1113 ἔτη
1656 1041 1796 1114 αμε“,
1847 1040 1963 1112 ἅμα

302 1142 394 1213 ἔτη
429 1141 526 1219 εφ’.

370 1231 510 1289 Ἀπὸ
569 1228 627 1286 δὲ
681 1237 782 1298 τῆς
837 1227 1297 1303 ἐνανθρωπήσεως
1352 1227 1448 1278 τοῦ
1503 1223 1748 1297 Χριστοῦ
1797 1219 1961 1295 μέχρι

291 1330 394 1392 τῆς
426 1327 536 1377 τῶν
566 1322 768 1394 Μάγων
798 1317 1094 1393 παρουσίας
1132 1316 1198 1392 β’.

368 1419 442 1484 (1)
477 1412 580 1468 Καὶ
607 1409 712 1464 ἀπὸ
761 1415 861 1478 τῆς
914 1408 990 1469 εἰς
1023 1404 1299 1481 Αἴγυπτον
1332 1399 1626 1481 φυγαδείας
1661 1400 1827 1474 μεχρι
1860 1404 1962 1467 τῆς

292 1501 556 1570 τελευτῆς
589 1496 838 1574 Ἡρώδου
871 1499 990 1552 υἱοῦ
1019 1495 1378 1568 Ἀντιπάτρου
1407 1491 1500 1562 ἔτη
1533 1493 1602 1566 γ’.

372 1590 713 1666 [Ιαρῴκησαν
779 1587 831 1642 ἐν
893 1585 1155 1662 Αἷγύπεῳ
1214 1583 1266 1640 ἐν
1321 1579 1681 1639 Ἡλιουπόλει
1724 1577 1794 1652 τῇ
1825 1576 1963 1632 κατᾶ

296 1680 527 1758 Μέμφιν
553 1677 646 1748 ἔτη
678 1679 746 1752 γ’.

371 1754 514 1824 mira
564 1765 622 1822 δὲ
675 1769 776 1831 τῆς
829 1765 964 1840 πρὸς
1029 1761 1321 1819 Γαλιλαίαν
1383 1761 1457 1822 εἷς
1519 1761 1585 1814 τὰ
1647 1755 1758 1812 ἴδια
1789 1754 1962 1810 αὐτῶν

295 1855 564 1913 ἐπάνοδον
602 1857 770 1929 μὲγρι
799 1858 900 1928 τῇς
929 1852 1189 1922 τελευτῆς
1225 1849 1534 1925 Ἀρχελάου
1567 1847 1658 1917 ἔτη
1695 1847 1780 1929 ιδ’.

375 1946 482 2001 Σὺν
510 1928 921 2018 τῷίἊρχελάῳ
969 1941 1196 2012 τελευτᾷ
1240 1940 1328 1994 καὶ
1373 1935 1690 2013 Αὔγουστος
1720 1928 1812 2004 ἔτη
1845 1935 1960 2006 mf,

307 2035 638 2113 βασιλεύσας
672 2037 748 2108 μ)
777 2027 872 2102 ἔτη
903 2032 1001 2096 νς“.

374 2126 518 2182 Ἀπὸ
579 2121 636 2179 δὲ
688 2122 945 2191 τελευτῆς
1001 2119 1310 2197 ’Λρχελάου
1368 2117 1533 2192 μεχρι
1596 2113 1966 2191 βαπτίσματος

296 2221 397 2270 τοῦ
429 2217 675 2288 Χριστοῦ
706 2211 796 2282 ἔτη
833 2213 901 2287 γ’,
935 2212 1078 2283 ὁμοῦ
1108 2207 1199 2279 ἔτη
1236 2207 1301 2264 λ’.

374 2306 514 2359 Ἀπὸ
563 2301 621 2358 δὲ
664 2307 762 2357 τοῦ
823 2301 1193 2376 βαπτίσματος
1244 2303 1341 2355 τοῦ
1397 2298 1633 2372 Χριστοῦ
1673 2295 1839 2369 μέχρι
1869 2296 1966 2362 τῆς

299 2399 398 2450 τοῦ
430 2395 704 2468 Ζαχαρίου
737 2387 1060 2445 λιθοϐολίας
1093 2384 1209 2450 ἔτος
1240 2389 1306 2446 α’.

377 2486 455 2557 (3i
487 2483 623 2538 Ἀπὸ
656 2479 712 2536 δὲ
743 2483 840 2548 τῆς
882 2479 1142 2545 τελευτῆς
1191 2476 1392 2532 τούτου
1451 2475 1618 2549 μέχρι
1649 2479 1750 2542 τῆς
1784 2470 1964 2526 Ἰωάν-

303 2594 402 2628 νου
436 2573 556 2626 υἱοῦ
615 2571 784 2626 αὐτοῦ
833 2577 934 2639 τῆς
995 2567 1082 2623 ἐπὶ
1139 2565 1388 2644 Ἡρώδου
1422 2569 1517 2620 τοῦ
1549 2563 1812 2638 νεωτέρου
1845 2563 1965 2617 υἱοῦ

304 2660 613 2736 ’Δρχελάου
643 2661 695 2714 ἐν
731 2664 795 2732 τῇ
823 2663 1033 2736 φρουρᾷ
1061 2654 1338 2733 γεγονυίας
1372 2649 1491 2717 ἔτος
1522 2659 1587 2712 α’.

387 2751 482 2807 Καὶ
537 2750 641 2805 ἀπὸ
671 2749 931 2818 τελευτῆς
994 2749 1248 2805 Ἰωάννου
1311 2745 1478 2819 μέχρι
1531 2747 1628 2799 τοῦ
1690 2741 1963 2818 σωτηρίου

309 2841 523 2901 πάθους
558 2843 730 2912 μῆνας

379 2931 580 2999 Ἐζησε
633 2928 736 3004 γᾶρ
798 2927 1055 2996 Ἰωάννης
1103 2926 1132 2980 ὁ
1193 2925 1502 2992 Βαπτιστὴς
1535 2919 1628 2992 ἔτη
1661 2920 1742 2996 λγ’
1896 2919 1962 2975 τὰ

305 3019 402 3092 μὲν
441 3016 508 3071 λ’·
548 3018 858 3092 ὑποχωρῶν
921 3018 971 3071 ἐν
1030 3020 1146 3078 τοῖς
1197 3014 1452 3088 ἐρήμοις,
1501 3013 1567 3066 τὰ
1616 3008 1674 3065 δὲ
1702 3009 1828 3084 τρὶα
1862 3009 1952 3084 βα-

299 3108 508 3175 πτίζων
610 3106 660 3160 ἐν
741 3103 1024 3182 ἰωρδάνῃ,
1101 3103 1190 3158 καὶ
1266 3101 1548 3177 κηρύττων
1655 3097 1957 3171 μετάνοιαν.

298 3195 578 3256 Ὡσαύτως
626 3195 715 3249 καὶ
776 3195 802 3248 ὁ
861 3194 1066 3269 Κύριος
1122 3195 1282 3266 ἡμῶν
1345 3193 1554 3262 Ἰησοῦς
1590 3188 1815 3266 Χριστὸς
1841 3208 1961 3264 τρι-

301 3289 504 3342 άκοντα
534 3283 626 3353 ἔτη
659 3282 710 3339 ἔν
742 3289 858 3346 τοῖς
887 3281 1164 3347 παιδικοῖς
1196 3280 1364 3354 διῇξε.

377 3375 530 3433 Μετᾶ
589 3371 647 3429 δὶ
698 3375 759 3429 τὸ
835 3373 1115 3449 βάπτισμα
1187 3370 1476 3441 ἐπελέξατο
1539 3369 1664 3431 τοὺς
1726 3369 1972 3441 μαθητάς

301 3464 598 3537 κηρύσσειν
631 3463 731 3532 τήν
762 3461 926 3517 αὐτοῦ
960 3459 1240 3536 βασιλείαν
1268 3458 1374 3523 ἕως
1399 3463 1630 3532 σταυροῦ
1661 3455 1752 3527 ἔτη
1793 3459 1859 3531 γ’.

375 3557 536 3618 Ὀθεν
593 3555 646 3608 οἱ
700 3551 750 3606 ἐν
813 3551 1010 3622 Νικαίᾳ
1067 3549 1297 3624 Πατέρες
1354 3547 1683 3620 διετάξαντο,
1727 3547 1804 3619 μὴ
1837 3566 1966 3621 χει-

303 3647 548 3717 ροτονεῖν
599 3636 968 3716 πρεσϐύτερον
1024 3641 1130 3714 πρὸ
1187 3639 1318 3692 ἐτῶν
1377 3637 1688 3710 τριάκοντα,
1743 3637 1964 3709 ἀρκετὸν

310 3732 545 3793 εἰπόντες
577 3736 658 3804 τῷ
691 3734 908 3804 μαθητῇ
937 3730 1000 3783 τὸ
1031 3733 1126 3782 τοὶ
1170 3723 1520 3792 διδασκάλου,
1553 3725 1641 3779 καὶ
1672 3729 1749 3796 τῷ
1781 3721 1965 3796 δούλῳ

306 3821 370 3876 τὸ
399 3825 491 3876 τοῦ
519 3821 710 3896 κυρίου
739 3819 925 3874 αὐτοῦ.

377 3912 515 3967 Ἀπὸ
545 3909 602 3964 δὶ
652 3913 748 3965 τοῦ
793 3905 1068 3981 σωτηρίου
1115 3904 1344 3971 πάθους,
1376 3904 1466 3958 καὶ
1503 3910 1604 3972 τῆς
1634 3901 1962 3975 ἀναλήψεως

301 3997 436 4074 ἄχρι
493 4007 596 4061 τῖς
652 4003 750 4054 τοῦ
811 3995 1087 4071 Στεφάνου
1142 3989 1464 4058 Λιθοϐολίας
1514 3991 1606 4062 ἔτη
1643 3993 1702 4062 ζ’,
1736 3995 1825 4045 καὶ
1857 3992 1963 4046 ἀπὸ

296 4089 505 4158 ταύτης
543 4090 708 4162 μέχρι
739 4091 836 4141 τοῦ
864 4088 1123 4161 φανέντος
1141 4088 1222 4155 τῷ
1254 4081 1454 4154 Σαύλῳ
1481 4082 1660 4157 φωτὸς
1698 4088 1864 4154 μῆνες
1899 4082 1958 4150 ζ’.

373 4179 478 4235 Καὶ
541 4179 645 4232 άπὸ
706 4178 1080 4252 βαπτίσματος
1167 4173 1257 4228 καὶ
1325 4171 1680 4246 κηρύγματος
1745 4171 1962 4226 Παύλου

300 4268 474 4344 μέχρι
505 4265 832 4340 ἀναλήψεως
881 4269 979 4334 τῆς
1034 4263 1329 4331 Δεσποίνης
1387 4264 1547 4336 ἡμῶν
1584 4261 1959 4338 ὑπεραμώμου

295 4356 392 4428 ἔτη
425 4378 572 4432 τρια,
607 4357 748 4430 ὁμοῦ
779 4352 870 4424 ἔτη
909 4352 1012 4428 μδ“.

372 4451 578 4517 Ἕζησε
605 4448 707 4522 γὰρ
741 4445 833 4500 σὸν
882 4448 952 4519 τῇ
1001 4441 1382 4518 ἂνθρωπότητι
1430 4444 1465 4511 ἡ
1519 4441 1788 4516 πάναγνος
1827 4447 1955 4495 Θεο-

295 4535 464 4599 τὸκος
492 4534 542 4590 ἐν
575 4539 655 4606 τῷ
685 4539 798 4607 ναῷ
826 4531 918 4604 ἔτη
956 4529 1038 4601 ιδ’,
1072 4531 1124 4586 ἐν
1151 4535 1233 4604 τῷ
1283 4529 1418 4602 οἷ’κῳ
1447 4530 1650 4606 Ἰωσὴφ
1688 4533 1858 4601 μῆνας
1893 4525 1957 4598 δ’,

2073 611 2280 650 mense
2312 594 2650 649 Decembris
2681 595 2774 649 die
2805 597 2893 650 25.

2141 683 2226 739 Ab
2261 683 2445 739 Adam
2478 701 2665 755 usque
2693 685 2766 740 ad
2801 687 2918 740 Noe
2951 685 3090 740 anni
3124 689 3283 740 2242.

2143 776 2264 829 Eta
2296 776 2414 828 Noe
2446 790 2634 844 usque
2666 775 2738 829 ad
2772 775 3066 830 Abraham
3097 775 3236 830 anni
3272 779 3428 831 1170.

2142 865 2211 917 Et
2240 863 2312 918 ab
2345 863 2640 918 Abraham
2673 882 2858 935 usque
2890 865 2964 919 ad
2997 867 3250 936 Moysem
3273 866 3414 920 anni
3444 868 3569 922 444.

2142 953 2211 1008 Ει
2240 971 2273 1008 a
2306 953 2530 1026 Moyses
2562 966 2750 1024 usque
2785 954 2858 1009 ad
2893 954 3067 1009 David
3096 956 3238 1010 anni
3271 960 3391 1010 599.

2142 1047 2211 1098 Ει
2239 1061 2274 1099 a
2306 1043 2483 1099 David
2516 1061 2702 1116 usque
2748 1045 2822 1100 ad
2853 1045 3150 1099 Christum
3182 1046 3323 1100 anni
3358 1049 3514 1113 1045,
3541 1047 3722 1102 simul

2071 1134 2215 1189 anni
2235 1137 2397 1190 5500.

2147 1224 2189 1276 Α
2223 1222 2439 1277 Christi
2462 1223 2873 1278 incarnatione
2897 1228 3094 1278 autem
3115 1240 3303 1294 usque
3326 1224 3398 1279 ad
3419 1226 3716 1298 Magorum

2072 1311 2392 1367 adventum
2419 1313 2563 1367 anni
2597 1312 2727 1367 duo.

2141 1403 2211 1455 Et
2239 1418 2273 1457 a
2302 1401 2438 1474 fuga
2465 1403 2525 1458 in
2541 1404 2851 1475 :Egyptum
2879 1419 3068 1474 usque
3091 1403 3164 1458 ad
3191 1409 3440 1458 mortem
3474 1403 3718 1460 Herodis

2072 1490 2178 1544 ﬁlii
2212 1492 2507 1564 Antipatri
2536 1493 2676 1546 anni
2712 1498 2850 1546 tres.

2144 1580 2496 1635 Habitarunt
2526 1582 2586 1636 in
2617 1583 2859 1654 Egypto
2894 1582 3374 1655 Heliopolijuxta
3423 1584 3722 1655 Mempliia

1998 1721 2018 1730 ,
2070 1669 2245 1724 annis
2275 1671 2327 1724 3.

2141 1761 2492 1830 Aregressu
2527 1775 2662 1813 vero
2695 1759 2958 1830 ipsorum
3019 1761 3093 1816 ad
3148 1762 3389 1833 propria
3447 1762 3506 1816 in
3567 1762 3724 1817 Gali-

2071 1847 2263 1911 laeam,
2299 1864 2485 1918 usque
2520 1848 2592 1902 ad
2625 1855 2877 1903 mortem
2912 1850 3184 1905 Archelai
3218 1851 3358 1904 anni
3395 1851 3479 1904 19.

2146 1939 2288 1993 Cum
2346 1937 2635 1993 Archelao
2693 1937 2946 1994 moritur
3005 1946 3061 1994 et
3093 1944 3387 2012 Augustus
3444 1957 3600 1996 anno
3628 1943 3717 2009 88,

2077 2029 2241 2100 regni
2274 2031 2362 2082 56.

2145 2120 2405 2172 Amorte
2455 2135 2589 2172 vero
2648 2119 2920 2174 Archelai
2979 2136 3165 2190 usque
3223 2119 3298 2175 ad
3355 2120 3717 2190 baptismum

2077 2207 2291 2262 Christi
2316 2224 2410 2261 an.
2448 2209 2500 2275 3,
2531 2208 2708 2262 simul
2739 2225 2813 2262 an
2845 2211 2932 2262 30.

2147 2301 2193 2351 A
2221 2296 2575 2368 baptismate
2606 2303 2805 2352 autem
2836 2298 3050 2354 Christi
3087 2315 3275 2369 usque
3308 2298 3380 2352 ad
3411 2297 3724 2370 lapidatio—

2077 2404 2216 2442 nem
2247 2387 2542 2442 Zachariaa
2576 2403 2670 2442 an.
2705 2404 2861 2442 unus

2147 2479 2193 2530 A
2225 2481 2414 2531 morte
2448 2493 2582 2530 vero
2615 2477 2910 2532 Zachariae
2965 2493 3152 2548 usque
3211 2477 3284 2531 ad
3341 2477 3582 2532 Joannis
3617 2479 3722 2532 ﬁlii

2076 2566 2264 2638 ipsius
2295 2573 2567 2633 mortem,
2593 2568 2701 2622 sub
2736 2567 2962 2623 Herode
2998 2569 3239 2640 juniore
3296 2569 3568 2623 Archelai
3605 2569 3725 2624 filio

2075 2656 2136 2710 in
2168 2673 2406 2712 carcere
2439 2663 2733 2728 patratam
2765 2674 2861 2715 an.
2887 2675 3065 2713 unus.

2146 2749 2215 2801 Et
2245 2763 2279 2802 a
2302 2753 2490 2802 morte
2523 2749 2768 2804 Joannis
2800 2766 2988 2820 usque
3021 2749 3093 2804 ad
3128 2748 3450 2804 salviﬁcam
3502 2751 3730 2820 passio-

2074 2852 2212 2890 nem
2245 2853 2482 2891 menses
2513 2841 2562 2892 6.

2150 2924 2301 2978 Vixit
2331 2925 2490 2979 enim
2521 2927 2781 2980 Joannes
2832 2927 3090 2997 Baptista
3146 2927 3322 2981 annis
3366 2928 3454 2989 33,
3487 2927 3727 2999 triginta

2074 3013 2314 3085 quidem
2348 3015 2409 3068 in
2445 3031 2684 3079 eremo;
2727 3015 2916 3069 tribus
2943 3032 3077 3070 vero
3111 3016 3286 3070 annis
3317 3015 3630 3087 baptizavit
3666 3019 3725 3073 in

2071 3103 2326 3159 Iordane
2356 3105 2690 3174 prmdicans
2725 3105 3157 3175 pasnitentiam.
3195 3105 3405 3176 Sicque
3444 3107 3726 3161 Dominus

2074 3198 2278 3247 noster
2307 3194 2474 3248 Iesus
2506 3194 2772 3249 Christus
2811 3193 3051 3266 triginta
3097 3195 3270 3249 annis
3312 3196 3372 3248 in
3414 3196 3727 3267 juventute

1993 3250 2036 3318 Ο
2079 3283 2240 3338 vixit.

2152 3374 2292 3426 Post
2321 3371 2692 3444 baptismum
2730 3390 2864 3428 vero
2894 3373 3072 3445 elegit
3101 3373 3445 3445 discipulos,
3480 3381 3545 3430 ut
3583 3394 3734 3448 prm-

2079 3462 2348 3516 dicarent
2379 3480 2626 3536 regnum
2660 3480 2855 3531 suum,
2889 3481 3076 3534 usque
3111 3464 3184 3518 ad
3215 3481 3450 3519 crucem
3484 3466 3657 3520 annis
3679 3471 3730 3523 3.

2151 3552 2314 3607 Unde
2367 3555 2568 3608 Patres
2618 3555 2680 3608 in
2730 3554 2964 3608 Nicaeua
3014 3554 3238 3624 synodo
3280 3559 3633 3622 statuerunt,
3669 3564 3733 3611 ut

2074 3657 2193 3695 non
2227 3641 2649 3696 ordinarentur
2679 3642 3009 3713 presbyteri
3042 3648 3178 3697 ante
3223 3643 3463 3714 triginta
3512 3661 3723 3713 annos,

2073 3729 2469 3801 dixeruntque
2501 3732 2774 3787 sufﬁcere
2805 3732 3124 3803 discipulo,
3157 3738 3222 3787 ut
3253 3733 3329 3787 sit
3357 3733 3510 3788 sicut
3538 3736 3724 3806 magi-

2076 3825 2234 3887 ster;
2270 3826 2328 3874 et
2359 3837 2547 3884 servo,
2581 3825 2645 3875 ut
2672 3822 2744 3875 sit
2775 3821 2929 3876 sicut
2959 3821 3237 3876 dominus
3269 3823 3418 3893 ejus.

2143 3912 2188 3963 A
2238 3909 2497 3965 salvifica
2528 3928 2664 3965 vero
2714 3912 3012 3982 passione,
3047 3917 3104 3965 et
3135 3913 3503 3978 ascensione,
3539 3930 3728 3984 usque

2071 3998 2144 4052 ad
2178 3999 2464 4070 Stephani
2500 4000 2924 4071 lapidationem
2960 4001 3100 4056 anni
3127 4005 3180 4067 ’7,
3214 4007 3272 4055 et
3301 4001 3373 4056 ab
3407 4002 3511 4057 illa
3541 4020 3728 4074 usque

2071 4087 2143 4141 ad
2169 4087 2385 4154 lucem,
2420 4106 2552 4159 quae
2585 4089 2767 4144 Paulo
2800 4090 3096 4160 apparuit,
3131 4107 3368 4144 menses
3401 4108 3523 4146 sex.

2141 4177 2210 4230 Et
2231 4193 2266 4232 a
2291 4178 2457 4233 Pauli
2489 4178 2846 4248 baptismate
2877 4195 2945 4232 ac
2978 4178 3401 4248 praedicatione
3433 4195 3622 4250 usque
3655 4181 3727 4235 ad

2067 4266 2334 4322 Dominaa
2368 4273 2588 4322 nostrae
2619 4283 2906 4338 perquam
2932 4267 3331 4322 immaculataa
3363 4270 3721 4339 assumptio-

2065 4370 2204 4409 nem
2239 4361 2378 4409 sunt
2408 4355 2551 4410 anni
2585 4360 2702 4410 tres
2741 4355 2921 4409 simul
2952 4355 3093 4410 anni
3127 4357 3216 4408 44.

2139 4443 2471 4498 Vixitenim
2506 4444 2662 4498 inter
2691 4443 2967 4498 homines
3010 4443 3333 4514 purissima
3383 4444 3631 4516 Deipara
3663 4447 3723 4500 in

2067 4531 2289 4602 templo
2321 4533 2495 4587 annis
2525 4535 2611 4598 14,
2640 4533 2699 4586 in
2730 4531 2906 4586 domo
2965 4533 3180 4603 Joseph
3240 4534 3546 4589 mensibus
3582 4535 3634 4600 4,
3669 4541 3726 4589 et

297 4625 390 4679 καὶ
441 4623 830 4700 εὐηγγελίσθη,
882 4623 972 4678 καὶ
1023 4615 1373 4677 συλλαϐοῦσα
1424 4617 1570 4674 ἔτεκε
1622 4617 1714 4673 τὸν
1760 4617 1950 4693 Κύριον

2112 4620 2444 4676 nnuntiatio
2476 4623 2524 4676 ei
2559 4622 2713 4676 facta
2745 4627 2853 4681 est.
2905 4627 2963 4676 et
3019 4622 3313 4692 concepit,
3376 4625 3724 4696 peperitque

298 4716 463 4785 ἡμῶν
497 4715 709 4784 Ἰησοῦν
745 4713 999 4788 Χριστὸν,
1033 4711 1174 4784 ὁμοῦ
1194 4707 1286 4778 ἔτη
1325 4710 1400 4764 ιε’.

374 4891 515 4946 Ἀπὸ
575 4887 634 4945 δὲ
690 4891 787 4958 τῆς
827 4888 1293 4961 ἐνανθρωπήσεως
1354 4890 1452 4941 τοῦ
1509 4887 1740 4962 Χριστοῦ
1770 4881 1956 4957 ἔζησεν

297 4978 393 5050 ἔτη
431 4979 537 5055 λγ’.
954 5013 964 5020 -

378 5074 452 5144 (5)
526 5075 669 5132 Ἕως
743 5069 1071 5142 ἀναλήψεως
1141 5069 1240 5122 τοῦ
1297 5065 1532 5139 Χριστοῦ
1591 5064 1642 5122 ἐν
1699 5069 1780 5138 τῷ
1823 5063 1961 5138 οἷ’κῳ

291 5160 558 5219 »Ιωάννου
589 5157 682 5229 ἔτη
721 5160 805 5216 ια’.

367 5345 440 5413 (ί)
475 5343 580 5398 Hic
611 5341 826 5415 incipit
854 5341 1251 5415 fragmentum
1300 5339 1599 5412 Hippolyti
1633 5340 1896 5398 Thebani
1926 5358 1962 5397 a

300 5415 545 5473 Canisio
579 5414 826 5469 editum.

372 5491 446 5558 (2)
482 5488 614 5540 [iam
641 5485 886 5558 omnino
915 5485 1088 5558 aliter
1118 5483 1415 5558 habentur
1444 5483 1600 5554 apud
1632 5483 1954 5558 Canisium.

366 5556 446 5628 ('3)
479 5559 583 5614 Hic
615 5557 910 5612 nonnulla
955 5556 1072 5612 alia
1122 5557 1562 5611 interseruntur
1597 5556 1753 5625 apud
1784 5557 1958 5612 Cani-

289 5647 452 5773 snif;
477 5701 635 5774 Legit
665 5700 936 5756 Canisius
968 5696 1047 5767 λζ’
1075 5716 1178 5754 seu
1230 5701 1317 5766 36,
1380 5697 1481 5754 sed
1533 5714 1801 5769 erronee,
1834 5717 1952 5756 non

2069 4709 2382 4766 Dominum
2431 4717 2703 4766 nostrum
2732 4713 2932 4766 Jesum
2964 4712 3284 4779 Christum,
3319 4713 3500 4770 simul
3551 4717 3726 4772 annis

2069 4799 2158 4854 15.

2140 4889 2227 4944 Ab
2260 4889 2673 4947 incarnatione
2703 4907 2838 4947 vero
2871 4891 3087 4948 Christi
3119 4892 3262 4948 vixit
3290 4910 3479 4951 annos
3508 4897 3596 4952 33.

2153 5068 2350 5140 Usque
2379 5068 2454 5124 ad
2485 5069 2957 5141 assumptionem
2987 5070 3210 5127 Christi
3250 5071 3312 5128 in
3345 5070 3518 5128 domo
3549 5073 3720 5128 Joan-

2069 5163 2166 5219 nis
2196 5161 2337 5218 anni
2371 5159 2458 5213 11.

2072 5343 2233 5398 enim
2264 5339 2411 5394 vixit
2439 5339 2597 5394 ultra
2625 5338 2692 5392 33
2736 5354 2947 5403 annos,
2981 5337 3143 5392 unde
3184 5343 3390 5394 nostra
3419 5339 3594 5395 lectio
3624 5357 3720 5396 re-

2074 5413 2334 5469 ﬁnenda.

2138 5487 2216 5554 (5)
2247 5483 2435 5537 Aliter
2465 5481 2592 5535 [ιεεο
2623 5479 2802 5554 habet
2825 5482 2966 5554 Cari.
3011 5479 3092 5533 ita
3150 5479 3389 5554 legens:
3451 5479 3551 5535 Καὶ
3587 5483 3723 5554 μετά

2065 5545 2163 5622 τήξ,
2200 5545 2470 5623 ἂνάληψιν
2505 5555 2600 5623 τοῦ
2655 5549 2878 5620 Κυρίου,
2917 5545 3126 5623 ἔζησενΔ
3159 5545 3249 5602 σῦν
3277 5555 3416 5623 *τοῖς
3449 5545 3720 5623 μαθηταῖς

2070 5617 2238 5682 αύτοῦ
2272 5623 2324 5678 ἐν
2355 5617 2435 5694 τῷ
2467 5620 2603 5694 οἴκῳ
2637 5617 2887 5676 Ἰωάννου
2929 5623 3026 5674 τοῦ
3056 5617 3469 5694 Βύαγγελιστοῦ
3502 5617 3594 5689 ἕτή
3631 5631 3719 5681 ια’.

2064 5703 2132 5756 Et
2179 5705 2307 5770 post
2368 5695 2588 5754 Domini
2637 5696 3062 5764 assumptioncm
3125 5711 3242 5750 cum
3293 5695 3580 5769 disripulis
3610 5699 3724 5769 eius
3773 5737 3777 5746 -
