4096 6432
368 366 520 442 1031

435 519 523 572 Ita
543 521 610 572 ut
633 532 841 571 omnes
872 514 999 587 ejus
1029 516 1173 571 anni
1201 517 1321 571 sint
1350 519 1438 572 59.

433 611 614 663 Porro
643 607 737 662 hic
769 611 858 661 est
884 608 1164 675 Joannes,
1199 624 1377 679 quem
1409 607 1695 681 diligebat
1722 606 2011 672 Christus,

1667 377 2091 442 HlPPOLYTI
2133 370 2235 441 ΤΗ
2248 381 2482 443 EBANI

2043 521 2098 589 Α
2198 517 2293 577 Ὠς
2326 515 2554 571 εἶναιτὰ
2582 515 2758 571 πάντα
2787 515 2957 589 αὐτῆς
2989 515 3083 590 ἔτη
3114 521 3210 584 νϐ’.

3630 378 3791 452 1031

2187 603 2360 668 Οὗτος
2388 602 2446 660 δέ
2476 604 2618 660 ἐστιν
2681 605 2964 677 Ἰωάννης,
3020 608 3079 663 ὃν
3136 609 3322 683 ἠγάπα
3380 610 3408 664 6
3462 613 3716 686 Χριστὸς,
3759 613 3789 668 6

357 697 587 767 fuitque
617 697 777 769 virgo
811 701 869 750 et
898 696 1281 769 evangelista,
1314 698 1537 753 mansit
1582 695 1990 761 Hierosolymis

2116 696 2379 771 παρθένος
2427 696 2516 752 καὶ
2577 697 2993 773 εὐαγγελιστὴς,
3042 699 3191 763 ὅστις
3252 697 3438 774 ἔμενεν
3473 701 3524 757 ἐν
3553 708 3792 779 Ἱεροσο-

358 788 418 841 in
446 786 621 840 domo
655 802 780 850 sua,
815 786 1217 841 Ecclesiarum
1240 792 1449 853 matre,
1482 786 1556 843 ad
1588 802 1766 858 quam
1801 784 2007 840 confu-

357 883 572 950 gerunt
600 877 877 949 apostoli,
903 882 1147 949 propter
1166 883 1394 933 metum
1414 877 1773 933 Judaeorum.

431 1057 517 1110 Ibi
546 1062 941 1129 praeparatum
970 1056 1084 1111 fuit
1117 1061 1175 1111 et
1214 1056 1476 1112 Pascha:
1509 1055 1589 1110 ibi
1617 1054 1811 1126 primo
1844 1069 2005 1125 mys-

358 1149 571 1202 terium
606 1147 916 1219 discipulis
944 1147 1228 1202 traditum
1261 1146 1370 1202 fuit
1403 1163 1414 1200 :
1441 1145 1521 1200 ibi
1552 1150 1686 1217 post
1713 1159 2008 1199 resurrec-

354 1238 577 1292 tionem
598 1237 884 1291 Dominus
905 1236 1027 1291 illis
1050 1236 1324 1307 apparuit
1345 1256 1360 1298 ς
1385 1235 1462 1289 ibi
1491 1234 1745 1306 Spiritus
1764 1236 2004 1287 sanctus

345 1326 597 1397 illapsus
631 1330 721 1381 est
752 1324 1065 1395 discipulis
1091 1341 1104 1379 :
1155 1324 1236 1378 ibi
1268 1325 1506 1378 Thomas
1534 1320 1801 1377 ostendit
1831 1326 2003 1393 typos

348 1416 687 1471 clavorum:
722 1414 803 1469 ibi
837 1414 1088 1486 apostoli
1132 1414 1196 1468 in
1228 1414 1486 1485 primum
1519 1412 1861 1483 episcopum
1909 1426 2001 1465 or-

350 1505 637 1559 dinarunt
666 1503 857 1557 filium
886 1501 1144 1574 Josephi,
1178 1502 1420 1557 fratrem
1475 1500 1731 1566 Domini,
1773 1516 1893 1554 non
1927 1498 2000 1553 fi-

350 1595 499 1649 lium
549 1591 835 1659 Zebedaei,
865 1592 1110 1647 fratrem
1153 1592 1415 1659 Joannis,
1467 1590 1786 1645 Zebedaaus
1839 1587 2000 1643 enim

349 1685 652 1756 propriam
681 1699 891 1739 navem
915 1683 1142 1738 habens
1189 1682 1545 1755 appellatur,
1582 1685 1641 1734 et
1668 1680 1998 1751 praecipuo-

349 1790 504 1841 rum,
538 1772 636 1843 qui
665 1773 727 1826 in
757 1772 1031 1828 Galilezea
1060 1776 1248 1842 erant,
1286 1771 1553 1826 virorum
1599 1769 1713 1824 fuit
1741 1768 1994 1841 primus.

414 1955 547 2006 Post
576 1954 829 2005 mortem
858 1965 993 2005 vero
1025 1947 1339 2020 (Zebedmi)
1365 1950 1624 2004 Joannes
1663 1947 1850 2019 patris
1899 1945 1991 2001 sui

346 2026 753 2095 hereditatem
782 2038 1055 2094 distraxit
1085 2038 1146 2093 in
1167 2038 1425 2105 Galilwa,
1460 2043 1520 2093 et
1566 2036 1992 2108 Hierosolymis

352 2128 723 2184 domicilium
758 2128 1142 2199 comparavit,
1174 2127 1333 2183 unde
1359 2132 1427 2183 ut
1453 2126 1672 2182 dicitur
1713 2126 1786 2181 de
1838 2126 1987 2197 ipso,

346 2225 474 2275 erat
513 2223 690 2273 notus
721 2218 1007 2287 pontifici.
1820 2212 1827 2221 ’

415 2308 518 2363 Hic
547 2307 774 2379 recepit
805 2306 1243 2363 sanctissimam
1292 2306 1607 2378 Deiparam
1655 2305 1717 2359 in
1749 2304 1992 2360 domum

341 2414 509 2453 suam
531 2412 719 2467 usque
751 2395 826 2451 ad
883 2396 1385 2451 resurrectionem
1446 2394 1656 2466 ipsius,
1692 2399 1750 2448 et
1780 2398 1988 2464 postea

343 2503 479 2543 cum
509 2485 890 2557 praedicasset
930 2485 1197 2552 verbum,
1231 2491 1290 2539 et
1336 2484 1463 2556 ipse
1511 2488 1852 2554 assumptus
1884 2488 1991 2538 est.

411 2575 661 2631 Jacobus
701 2579 900 2630 autem
929 2574 1121 2630 factus
1152 2574 1383 2645 primus
1413 2574 1730 2645 episcopus
1759 2574 1995 2627 Jeroso-

342 2666 687 2737 iymitanus,
721 2664 905 2719 frater
942 2663 1184 2735 quidem
1216 2663 1450 2718 Domini
1502 2663 1830 2718 secundum
1861 2678 1988 2717 car-

341 2772 482 2811 nem
514 2770 641 2810 esse
674 2753 912 2821 dicitur,
939 2753 1098 2808 filius
1125 2769 1261 2808 vero
1301 2752 1451 2808 fabri
1486 2752 1723 2823 Josephi
1755 2768 1825 2806 ex
1853 2768 1990 2807 car-

341 2846 464 2901 nali
490 2862 675 2901 uxore
697 2844 847 2916 ejus.
869 2845 1131 2909 Quatuor
1161 2844 1319 2899 enim
1351 2843 1507 2898 filios
1528 2843 1736 2898 habuit
1752 2843 1992 2914 Joseph,

335 2935 639 3002 Jacobum,
701 2935 1027 2997 Simonem,
1075 2933 1286 2988 Judam
1346 2938 1405 2988 et
1432 2933 1689 3004 Joseph:
1755 2937 1814 2987 et
1843 2931 1990 2986 duas

335 3026 491 3081 ﬁlias
517 3025 730 3079 Esther
750 3029 806 3078 et
830 3023 1116 3079 Martham
1142 3039 1209 3077 ex
1230 3038 1411 3077 uxore
1443 3037 1550 3077 sua
1573 3022 1829 3086 Sanme,
1855 3038 1987 3092 quae

328 3114 441 3169 fuit
473 3113 598 3168 ﬁlia
628 3113 823 3185 Aggaei
878 3112 1081 3167 fratris
1129 3112 1445 3180 Zachariae,
1503 3112 1690 3183 patris
1718 3111 1983 3177 Joannis,

332 3202 441 3258 filii
473 3201 795 3269 Barachim,
824 3201 937 3257 filii
974 3201 1134 3257 Abiaa
1169 3200 1517 3257 sacerdotis.

2116 783 2316 858 λύμοις
2370 788 2472 855 τήν
2524 790 2634 842 τῶν
2692 785 3036 857 Ἐκκλησιῶν
3102 791 3319 865 μήτορα
3370 789 3448 853 εἷς
3487 793 3587 860 τήν
3619 792 3790 849 αὐτοῦ

2114 874 2311 945 οῗκίαν,
2344 874 2422 940 είς
2445 872 2511 946 ἤν
2547 873 2748 954 ἔφυγον
2792 878 2845 932 οἳ
2896 876 3196 934 ἀπόστολοι
3229 876 3318 933 διὰ
3345 880 3439 934 τὸν
3473 876 3643 958 φόϐον
3673 887 3788 938 τῶν

2113 961 2417 1021 Ἰουδαίων.

2186 1056 2262 1127 (6)
2300 1055 2447 1110 Ἐκεῖ
2502 1055 2817 1128 ἡτοιμάσθη
2875 1056 2967 1111 καὶ
3023 1056 3087 1111 τὸ
3142 1058 3357 1134 Πάσχα’
3418 1058 3531 1114 ἐκεῖ
3586 1061 3679 1116 καὶ
3725 1062 3792 1117 τὸ

2111 1146 2327 1217 πρῶτον
2392 1145 2689 1220 μυστήριον
2778 1142 3034 1217 ἐτελέσθη
3121 1151 3238 1211 τοῖς
3321 1149 3608 1220 μαθηταῖς·
3671 1148 3793 1206 ἐκεῖ

2111 1230 2279 1309 ἐφάνη
2337 1233 2527 1295 αὐτοῖς
2585 1233 2675 1288 καὶ
2736 1233 2764 1288 6
2824 1233 3022 1310 Κύριος
3086 1236 3222 1309 μετᾶ
3294 1237 3397 1305 τήν
3469 1239 3785 1293 ἀνάστασιν

2110 1319 2220 1375 ἐκεῖ
2247 1321 2337 1376 καὶ
2368 1321 2431 1377 τὸ
2462 1325 2673 1395 πνεῦμα
2719 1322 2782 1377 τὸ
2829 1322 2981 1398 ἅγιον
3040 1323 3285 1395 κατῆλθε
3333 1330 3450 1388 τοῖς
3488 1329 3784 1400 μαθηταῖς·

2108 1407 2221 1464 ἐκεῖ
2275 1411 2362 1465 καὶ
2427 1416 2502 1483 (7)
2559 1415 2668 1466 τῶν
2724 1417 2925 1484 Θωμᾶν
3002 1406 3167 1486 ἔδειξε
3218 1414 3347 1476 τοὺς
3403 1414 3607 1479 τύπους
3669 1421 3783 1471 τῶν

2105 1498 2284 1569 ἥλωνο
2315 1499 2426 1555 ἐκεῖ
2453 1504 2669 1575 πρῶτον
2716 1500 3015 1556 ἐπίσκοπον
3070 1501 3497 1579 ἐχειροτόνησαν
3549 1506 3600 1559 οἱ
3634 1506 3780 1561 ἀπό-

2105 1586 2294 1644 στολοι
2340 1591 2433 1644 τὸν
2476 1590 2592 1644 υἱὸν
2649 1590 2853 1668 Ἰωσήφ
2893 1590 2985 1645 τὸν
3042 1588 3276 1667 ἀδελφὸν
3315 1597 3414 1647 τοῦ
3448 1593 3680 1670 Κυρίου,
3714 1595 3783 1650 οὐ

2101 1678 2195 1733 τὸν
2228 1679 2342 1733 υἱὸν
2395 1673 2680 1733 Ζεϐεδαίου
2728 1680 2821 1734 τὸν
2874 1677 3111 1758 ἀδελφὸν
3155 1682 3437 1737 Ἰωάννου·
3474 1683 3503 1737 6
3535 1683 3641 1759 γὰρ
3687 1689 3783 1739 Ζε-

2102 1761 2323 1829 ϐεδαῖος
2354 1765 2777 1843 ἲδιοναύκληρος
2822 1766 3061 1845 λέγεται,
3121 1774 3230 1824 τῶν
3286 1767 3346 1826 δὲ
3392 1762 3475 1826 ἔν’
3504 1770 3783 1846 Γαλιλαίᾳ

2028 1892 2071 1958 Β
2103 1854 2406 1958 ἐπισήμων
2430 1855 2646 1933 ἀνδρῶν
2675 1859 2897 1934 πρῶτος
2928 1861 3016 1928 ἦν.

2173 1948 2322 2004 Μετὰ
2379 1944 2436 2002 δὲ
2490 1948 2590 2016 τήν
2631 1945 2892 2017 τελευτὴν
2946 1949 3208 2019 Ἰωάννης
3252 1950 3353 2019 τήν
3394 1948 3450 2006 έν
3504 1948 3781 2023 Γαλιλαίᾳ

2100 2043 2289 2105 κτῆσιν
2328 2040 2427 2091 τοῦ
2485 2036 2701 2111 Πατρὸς
2759 2034 3017 2107 ἀπέδοτο,
3071 2038 3163 2093 καὶ
3220 2037 3487 2109 έκτήσατο
3518 2038 3572 2095 έν
3602 2041 3774 2115 Ἱερο-

2099 2124 2387 2199 σολύμοις,
2421 2126 2539 2181 ὅθεν
2591 2126 2666 2188 ὡς
2726 2123 2876 2203 λέγει
2929 2125 3054 2203 περὶ
3115 2127 3282 2182 αὐτοῦ
3308 2128 3395 2198 τὸ,
3428 2128 3496 2198 ἧν
3528 2129 3770 2206 γνωστὸς

2098 2219 2178 2288 τῷ
2206 2215 2476 2291 ἀρχιερεῖ.

2172 2306 2248 2376 (8)
2307 2303 2482 2366 Οὗτος
2531 2300 2747 2374 ἐδέξατο
2803 2305 2904 2372 τήν
2963 2305 3226 2383 παναγίαν
3276 2306 3540 2363 θεοτὸκον
3585 2307 3636 2362 έν
3678 2306 3765 2378 τῷ

2099 2390 2236 2465 οἴκῳ
2294 2393 2461 2447 αὐτοῦ
2525 2393 2693 2467 μέχρι
2747 2397 2848 2458 τῆς
2898 2395 3235 2459 ἀναστάσεως
3283 2395 3452 2462 αὐτῆς
3500 2397 3592 2452 καὶ
3627 2401 3767 2471 μετᾶ

2097 2485 2259 2537 τοῦτο
2284 2482 2520 2556 κηρύξας
2551 2482 2644 2536 τὸν
2678 2481 2872 2559 λόγον,
2904 2484 2995 2539 καὶ
3026 2486 3192 2548 αὐτὸς
3223 2485 3532 2565 ἀνελήφθη.

2172 2572 2250 2645 (9)
2281 2566 2539 2633 Ἰάκωϐος
2590 2568 2649 2626 δὲ
2708 2572 2737 2626 6
2794 2574 3033 2648 γεγονὼς
3091 2578 3312 2649 πρῶτος
3341 2572 3636 2637 ἐπίσκοπος
3664 2578 3771 2632 Ἰε-

2099 2661 2415 2736 ρουσαλήμ,
2458 2657 2693 2738 ἀδελφὸς
2749 2662 2845 2733 μὶν
2895 2666 2994 2717 τοῦ
3046 2662 3249 2738 Κυρίου
3288 2664 3425 2719 κατὰ
3466 2665 3639 2738 σάρκα
3670 2663 3771 2721 λέ-

2099 2768 2249 2823 γεται
2285 2748 2441 2817 εἶναι,
2474 2749 2592 2811 υίὸς
2624 2746 2683 2804 δὲ
2724 2754 2822 2803 τοῦ
2868 2748 3121 2815 τέκτονος
3168 2754 3373 2828 Ίωτήφ
3403 2750 3462 2807 ἑκ
3488 2759 3591 2821 τῆς
3624 2754 3773 2829 βιω-

2096 2845 2257 2908 τικῆς
2317 2838 2479 2894 σότοῦ
2534 2840 2809 2913 γυναικός.
2868 2841 3143 2916 Τέσσαρας
3187 2843 3290 2918 γὰρ
3349 2839 3508 2918 ἔσχεν
3549 2842 3703 2904 υἱοὺς
3740 2844 3770 2898 6

2097 2921 2641 3006 Ἰωσὴφ,’1άκω6ον,
2707 2927 2957 3001 Σίμωνα,
3017 2926 3216 3002 Ἰοῦδα,
3274 2931 3364 2985 καὶ
3413 2932 3639 3007 Ἰωσήφ,
3669 2932 3761 2988 καὶ

2099 3016 2147 3093 β’
2177 3017 2494 3093 θυγατέρας,
2549 3018 2650 3087 τὴν
2709 3017 2935 3092 Ἐσθήρ,
2994 3016 3084 3073 καὶ
3130 3020 3234 3088 τὴν
3289 3019 3513 3095 Μάρθαν
3565 3019 3625 3075 ἐκ
3652 3024 3757 3087 τῆς

2091 3106 2344 3182 γυναικὸς
2402 3106 2571 3161 αὐτοῦ
2645 3105 2950 3179 Σαλώμης,
3030 3106 3296 3183 θυγατρὸς
3354 3108 3615 3184 Ἀγγαίου
3662 3114 3764 3166 τοῦ

2094 3193 2337 3274 ἀδελφοῦ
2386 3193 2665 3269 Ζαγαρίου
2711 3200 2810 3250 τοῦ
2856 3198 3061 3272 πατρὸς
3110 3198 3386 3267 Ἰωάννου,
3435 3200 3559 3254 υἱοῦ
3590 3202 3769 3272 Βαρα-

2009 3267 2054 3335 C
2090 3267 2256 3361 xlou,
2277 3286 2399 3339 υἱοῦ
2430 3267 2592 3339 ’Ᾰϐία
2621 3288 2717 3339 τοῦ
2749 3285 2960 3361 ἱερέως.

401 3383 471 3435 Et
496 3385 640 3435 tunc
698 3378 941 3451 quidem
998 3379 1214 3435 viduus
1244 3383 1372 3434 erat
1401 3377 1661 3449 Joseph:
1720 3375 1870 3433 adeo
1923 3380 1990 3431 ut

2164 3374 2272 3431 Καὶ
2317 3374 2442 3427 τότε
2485 3370 2779 3448 ἐχήρευσεν
2831 3374 3058 3452 Ἰωσὴφ
3110 3376 3186 3438 ὡς
3242 3376 3371 3432 εἶναι
3426 3373 3485 3432 δὲ
3528 3375 3622 3432 τὸν
3658 3382 3765 3434 Βα-

331 3473 587 3526 Joannes
624 3469 883 3540 Baptista
905 3474 965 3523 et
993 3468 1227 3523 Salome
1255 3467 1376 3523 sint
1403 3466 1654 3522 fratrum
1680 3482 1986 3538 germano-

2116 3463 2320 3531 ιτιστὴν
2352 3461 2607 3532 Ἰωάννην
2663 3462 2754 3517 καὶ
2800 3464 2903 3531 τὴν
2952 3462 3230 3537 Σσλώμην
3290 3462 3542 3544 ἀδελφῶν
3589 3466 3756 3522 τέκνα

331 3578 464 3615 rum
507 3558 702 3614 liberi.
764 3561 1011 3629 Aggaaus
1070 3557 1231 3612 cnim
1290 3556 1588 3612 Barachim
1643 3555 1825 3624 filius,
1858 3560 1986 3611 erat

2116 3551 2411 3629 ιῤῥενικῶν,
2450 3551 2513 3608 Ὁ
2541 3551 2645 3626 γὰρ
2707 3551 2962 3627 ’Δγγαῖος
3021 3552 3139 3617 υίὸς
3196 3555 3479 3631 Βαραχίου
3509 3559 3655 3618 θεῖος
3682 3556 3759 3625 ἦν

328 3656 574 3721 patruus
604 3647 868 3703 Joannis.
904 3645 1190 3700 Similiter
1220 3651 1278 3701 et
1305 3645 1617 3701 Zacharias
1655 3645 1837 3699 frater
1866 3647 1983 3716 Ag-

2116 3642 2365 3698 [ωάννου.
2423 3640 2667 3713 Ὁμοίως
2721 3641 2812 3695 καὶ
2869 3641 3146 3717 Ζαχαρίις
3200 3641 3439 3718 ἀδελφὸς
3493 3643 3757 3718 Ἀγγαίου

327 3737 434 3809 gaei
468 3742 715 3807 patruus
741 3735 1007 3789 Salomes
1037 3734 1240 3790 uxoris
1297 3733 1537 3804 Josephi
1592 3733 1767 3788 fabri.
1806 3736 1985 3788 Erant

2122 3734 2232 3791 εῖος
2289 3726 2570 3802 Σαλώμης
2628 3736 2730 3797 τῆς
2772 3731 3032 3806 γυναικὸς
3082 3732 3286 3807 Ἰωσήφ
3333 3737 3432 3788 τοῦ
3480 3735 3757 3798 τέκτονος.

328 3842 503 3897 porro
527 3829 746 3878 sanctae
772 3823 1035 3877 Domina
1059 3829 1279 3879 nostrae
1302 3823 1567 3894 Deiparaa
1589 3838 1657 3877 ex
1679 3821 1981 3877 Bethleem

2116 3822 2196 3892 10)
2228 3817 2296 3875 Ai
2348 3816 2405 3873 δὲ
2448 3821 2551 3883 τῆς
2611 3818 2766 3893 ἁγίας
2823 3819 3125 3891 Δεσποίνης
3156 3824 3315 3894 ἡμῶν
3346 3824 3615 3878 Θεοτόκου
3644 3824 3753 3878 ἀπὸ

331 3921 451 3967 tres
483 3928 716 3966 sorores
739 3926 774 3965 a
797 3911 1098 3966 Bethleem
1125 3912 1264 3966 filia;
1296 3912 1530 3966 Mathan
1561 3910 1903 3977 sacerdotis,
1925 3915 1983 3965 et

2116 3908 2343 3982 Βηθλεὲμ
2372 3908 2520 3983 τρεῖς
2573 3907 2714 3976 ἦσαν
2745 3905 2976 3986 ἀδελφαὶ
3009 3910 3115 3965 ἀπὸ
3174 3908 3434 3985 Βηθλεὲμ
3459 3912 3746 3988 θυγατέρες

332 4002 525 4056 Maria:
556 4000 758 4055 uxoris
799 4001 928 4073 ejus
986 4006 1270 4073 regnante
1328 4000 1642 4071 CleOpatra
1674 4005 1732 4054 et
1760 4000 1978 4071 Sapore

326 4092 527 4156 Persa,
560 4094 695 4144 ante
719 4105 968 4161 regnum
1000 4089 1248 4144 Herodis
1280 4088 1595 4159 Antipatri.
1622 4088 1836 4143 Primae
1868 4104 1976 4143 no-

2084 4000 2303 4057 Ματθὰν
2350 4001 2449 4053 τοῦ
2502 3998 2687 4074 ἱερέως
2748 3998 2837 4053 καὶ
2897 3999 3108 4074 Μαρίας
3155 4008 3258 4071 τῆς
3303 4000 3469 4057 αὐτοῦ
3497 4009 3741 4078 γαμετῆς

2082 4087 2171 4145 ἐπὶ
2235 4092 2337 4155 τῆς
2407 4084 2684 4160 βασιλείας
2746 4084 3125 4163 Κλεοπάτρας,
3183 4089 3275 4144 καὶ
3330 4090 3601 4164 Σώπαρος
3651 4094 3753 4146 τοῦ

325 4197 464 4235 men
488 4186 615 4236 erat
644 4180 859 4246 Maria;
882 4178 1158 4235 secundm
1180 4194 1316 4233 vero
1348 4178 1496 4234 Sobe
1519 4196 1532 4244 ;
1554 4178 1743 4233 tertiae
1775 4184 1974 4233 autem

2116 4178 2312 4253 [έρσου,
2344 4176 2451 4249 πρὸ
2480 4182 2580 4245 τῆς
2614 4174 2894 4251 βασιλείας
2922 4175 3174 4250 Ἡρώδου
3218 4182 3316 4234 τοῦ
3357 4177 3747 4252 Ἀντιπάτρου.

322 4273 476 4325 Ann.
528 4270 739 4341 Nupsit
784 4269 967 4342 igitur
1009 4269 1204 4341 prima
1232 4270 1294 4322 in
1325 4267 1650 4337 Bethleem,
1685 4273 1743 4322 et
1770 4269 1976 4340 genuit

2116 4272 2297 4339 ῡνομα
2350 4269 2420 4338 τῇ
2471 4264 2664 4340 πρώτῃ
2722 4264 2928 4340 Μαρία.
2989 4269 3075 4339 Τῇ
3130 4265 3189 4322 δὲ
3236 4268 3282 4343 β’
3326 4263 3517 4336 Σωόἢ,
3549 4269 3746 4343 καὶτῇ

326 4359 604 4414 Salomen
634 4359 1038 4414 obstetricem.
1072 4356 1344 4413 Secunda
1370 4361 1567 4412 autem
1601 4357 1881 4413 similiter
1910 4359 1971 4414 in

2116 4355 2231 4431 ρίτῃ
2285 4355 2472 4411 Ἀννα.
2531 4355 2817 4430 Ἑγήματο
2869 4355 2958 4410 οὖν
3010 4358 3045 4425 ἡ
3095 4355 3288 4433 πρώτη
3348 4355 3401 4412 έν
3461 4355 3750 4431 Βηθλεὲμ,

310 4448 640 4511 Bethleem,
672 4452 732 4503 et
759 4447 968 4520 genuit
994 4446 1296 4502 Elisabeth
1322 4463 1336 4513 ;
1391 4452 1453 4501 et
1490 4447 1665 4502 tertia
1720 4448 1782 4502 in
1812 4453 1972 4504 terra

2116 4444 2165 4500 αὶ
2196 4442 2342 4499 ἔτεκε
2374 4441 2655 4515 Σαλώμην
2682 4444 2783 4513 τήν
2844 4443 3030 4517 μαίαν.
3091 4446 3161 4504 Ἡ
3213 4444 3271 4501 δὲ
3332 4447 3398 4523 β’,
3448 4446 3660 4520 ὁμοίως
3693 4446 3753 4502 ἐν

318 4538 596 4603 Galilasze,
631 4543 691 4592 et
714 4537 924 4610 genuit
954 4536 1195 4591 Mariam
1226 4537 1472 4591 Matrem
1504 4536 1624 4591 Dei.
1650 4538 1840 4603 Quare
1873 4538 1967 4594 Sa-

2121 4535 2348 4608 ηθλεέμ,
2407 4533 2498 4588 καὶ
2552 4532 2701 4589 ἔτεκε
2754 4535 2858 4604 τὴν
2914 4532 3222 4592 Ἐλισάόετ·
3253 4537 3345 4593 καὶ
3386 4539 3422 4607 ἡ
3471 4536 3630 4612 τρίτη
3665 4537 3749 4599 εἷς

325 4626 485 4681 lome
516 4625 830 4694 obstetrix,
865 4625 1191 4689 Elisabeth,
1223 4628 1283 4679 et
1315 4630 1523 4681 sancta
1563 4627 1819 4698 Deipara
1855 4640 1990 4683 sum

2116 4629 2157 4694 ῖν
2189 4628 2293 4689 τῆς
2328 4621 2660 4689 Γαλιλαίας,
2713 4625 2804 4678 καὶ
2860 4622 3112 4700 ἐγέννησε
3160 4626 3372 4701 Μαρίαν
3413 4626 3513 4695 τὴν
3546 4625 3750 4683 Θεοτό-

323 4716 506 4769 trium
540 4730 812 4768 sororum
846 4714 986 4769 ﬁlias
1014 4718 1228 4784 :atque
1261 4714 1399 4769 hinc
1418 4715 1677 4795 Joannes
1711 4717 1973 4787 Baptista

2118 4735 2197 4772 ον,
2227 4714 2316 4775 Ὧς
2377 4713 2510 4767 εἶναι
2571 4713 2670 4782 τήν
2727 4733 2787 4768 τε
2841 4713 3122 4789 Σαλώμην
3171 4717 3271 4784 τήν
3306 4715 3491 4789 μαίαν,
3524 4714 3615 4770 καὶ
3643 4716 3751 4785 τήν

321 4809 380 4857 et
412 4803 695 4857 Dominus
720 4809 927 4858 noster
947 4808 1117 4857 erant
1145 4803 1507 4859 consobrini.
1540 4805 1807 4859 Christus
1836 4822 1971 4861 vero

2116 4797 2392 4864 Ξλισάϐετ,
2441 4801 2531 4856 καὶ
2578 4803 2680 4870 τήν
2730 4802 2883 4877 ἁγίαν
2935 4802 3199 4860 Θεοτόκον
3243 4804 3534 4880 θυγατέρας
3579 4801 3753 4860 ἀδελ-

318 4891 478 4946 filius
506 4891 745 4962 Josephi
777 4892 1014 4961 dicitur,
1042 4898 1168 4947 tum
1191 4892 1350 4963 quod
1372 4909 1492 4948 una
1512 4909 1648 4948 cum
1680 4893 1821 4949 filiis
1843 4893 1965 4950 suis

2116 4897 2188 4948 ῶν
2219 4896 2386 4967 τριῶν
2419 4890 2682 4960 θηλειῶν.
2713 4893 2987 4947 Ἐντεῦθεν
3027 4892 3097 4963 ἧν
3145 4894 3173 4948 6
3222 4896 3529 4965 Βαπτιστής
3559 4893 3749 4952 Ἰωάν-

321 4996 456 5035 eum
487 4980 808 5048 nutriebat,
843 4986 901 5036 et
948 4986 1071 5036 tum
1128 4982 1285 5052 quod
1335 4987 1464 5037 erat
1495 4998 1562 5035 ex
1613 4983 1966 5055 cognatione

2116 5003 2175 5053 ης
2207 4979 2297 5036 καὶ
2347 4981 2375 5033 6
2423 4978 2625 5053 Κύριος
2681 4983 2842 5053 ἡμῶν
2896 4982 3137 5056 ἀνεψιοί.
3194 4984 3322 5045 Υἱὸς
3376 4981 3435 5039 δὲ
3491 4987 3589 5039 τοῦ
3621 4984 3749 5041 ’Ῑω-

317 5072 513 5144 Aggaai
542 5070 742 5127 fratris
774 5072 1069 5127 Zachariaa
1101 5072 1448 5139 sacerdotis,
1503 5072 1611 5126 filii
1645 5073 1963 5130 Barachiaa.

2079 5071 2189 5147 σὴφ
2220 5066 2435 5145 λέγεται
2464 5068 2495 5123 6
2522 5067 2753 5144 Χριστός
2800 5064 2861 5125 ἔκ
2904 5092 2964 5126 τε
3012 5079 3114 5141 τῆς
3157 5079 3600 5151 συναναστροφῆς
3638 5077 3750 5128 τῶν

322 5159 455 5213 υἱῶν
490 5157 672 5231 αὐτοῦ,
704 5159 794 5214 καὶ
827 5160 886 5215 ὲκ
912 5167 1014 5229 τῆς
1040 5159 1349 5234 συγγενείας
1378 5159 1632 5243 ’Δγγαίου
1657 5157 1895 5238 ἀδελφοῦ
1925 5159 2201 5238 Ζαχαρίου
2228 5162 2325 5215 τοῦ
2357 5159 2547 5232 ἱερέως
2573 5163 2682 5214 τῶν
2717 5160 2850 5216 υἱῶν
2885 5162 3183 5238 Βαραχίου.

388 5347 535 5401 vixit
565 5348 626 5402 in
657 5349 815 5403 domo
846 5350 1083 5403 Joannis
1112 5346 1479 5415 Evangelistw
1518 5350 1683 5403 annis
1716 5352 1798 5402 Η.
1834 5351 1973 5415 Quae

318 5416 496 5492 lectio
517 5420 799 5490 genuima
822 5424 996 5492 est,et
1012 5418 1330 5472 conﬁrmat
1349 5419 1706 5492 sententiam
1733 5422 1972 5492 Apollo-

325 5489 629 5563 nii,_quod
659 5490 912 5563 apostoli
939 5494 1076 5559 post
1120 5489 1617 5563 resurrectionem
1662 5489 1874 5547 Christi
1910 5499 1974 5550 12

324 5560 497 5615 annis
527 5561 588 5615 in
618 5560 820 5616 Judaea
849 5560 1309 5631 permanserint.

393 5633 465 5701 (6)
496 5632 644 5707 Haec
671 5633 875 5707 omnia
936 5631 1151 5685 mirum
1200 5632 1261 5686 in
1322 5632 1561 5688 modum
1618 5634 1976 5707 interpolata

320 5707 462 5758 sunt
490 5703 649 5775 apud
680 5702 1007 5760 Canisium.

2154 5353 2351 5441 ςῖὶίιίᾦ
2383 5356 2663 5441 “milia.
2773 5433 2784 5441 .
3034 5429 3123 5441 ,Α
3213 5431 3223 5441 .

2151 5426 2232 5571 E8)
2265 5428 2399 5509 Haec
2421 5426 2868 5509 nouhabentur
2896 5430 3052 5501 apud
3084 5429 3411 5487 Canisium.

2175 5503 2230 5570 9)
2268 5500 2412 5571 Hinc
2442 5505 2863 5571 luelpltcaput
2901 5518 3102 5556 cxxxvn
3149 5502 3388 5571 Josephi
3418 5504 3740 5561 Christiani

2175 5503 2230 5570 9)
2268 5500 2412 5575 Hinc
2442 5500 2863 5575 incipitggput
2901 5518 3102 5575 cx_xxvn
3140 5502 3388 5575 Josephi
3418 5504 3742 5561 Christiani

2082 5569 2449 5696 iPatty-ologiz
2479 5569 2607 5625 toni.
2641 5569 2784 5640 CV1)
2835 5572 3265 5629 conferendum
3286 5569 3396 5630 -ob
3445 5575 3746 5633 variantes

2109 5659 2172 5698 ec
2202 5658 2391 5697 tones.

2153 5680 2601 5786 ξῖὧμῇἶοιοηυε
2634 5712 3152 5787 Hippolytus,hinc
3181 5717 3492 5791 Josephus.
