4096 6428
301 451 461 514 1033

300 717 480 773 Aliud
533 717 929 784 Fragmentum
1000 709 1298 781 Hippolyti

1738 432 2261 497 FRAGMENTA.

1974 568 2061 624 ΙΙ.

1384 707 1631 763 Thebani
1698 720 1769 761 ex
1852 719 1952 758 ms.
2036 701 2221 755 codice
2313 701 2505 758 Graeco
2581 701 2814 756 Urbino-
2829 702 3097 757 Vaticano
3176 709 3308 757 ante
3363 706 3490 772 600,
3549 720 3721 761 annos

3573 438 3730 497 1034

371 806 475 863 sub
542 805 749 860 Alexio
807 803 1081 861 Comneno
1149 796 1687 868 Constantinopoli,
1754 799 1817 849 ut
1881 808 1952 847 ea:
2014 791 2256 863 ejusdem
2337 789 2582 860 imagine
2672 791 2811 846 libro
2893 795 3130 861 pra/ima
3210 800 3492 863 apparet,
3558 811 3717 851 cons-

375 898 576 968 cripto.

377 1011 715 1087 Εὖρίσκομεν
750 1005 808 1064 δὲ
847 1008 995 1082 παρά
1050 1010 1121 1081 τῇ
1190 1002 1308 1075 θείᾳ
1335 1005 1546 1078 Γραφῇ,
1580 1000 1654 1063 ὡς
1711 998 1762 1054 ἒν
1793 1003 1874 1071 τῷ

2144 997 2485 1053 Invenimus
2515 1002 2716 1052 autem
2747 997 2808 1051 in
2839 996 3039 1054 divina
3069 999 3388 1072 Scriptura,
3422 1001 3582 1072 quod
3625 1002 3729 1057 de-

307 1099 401 1157 καί
429 1083 638 1171 δεκάτῴ
690 1097 881 1173 χρόνῳ
930 1102 1033 1165 τῆς
1093 1096 1237 1163 ζωῆς
1298 1090 1467 1160 αὐτῆς
1520 1091 1555 1158 ἡ
1588 1089 1829 1162 παναγία
1867 1083 1961 1141 AE-

303 1211 505 1246 σποινα
564 1188 835 1249 Θεοτόκος
906 1185 1000 1241 τὸν
1085 1189 1321 1259 Σωτῆρα
1398 1178 1489 1235 καὶ
1545 1176 1740 1253 Κύριον
1798 1178 1959 1248 ἡμῶν

304 1281 518 1351 Ἰησοῦν
577 1278 808 1353 Χριστὸν
868 1273 1150 1350 ἐγέννησεν
1186 1314 1200 1330 .
1274 1265 1609 1338 Ἕϐαπτίσθη
1697 1263 1754 1321 δὲ
1817 1265 1964 1337 παρᾶ

301 1367 514 1445 Πέτρου
547 1367 639 1423 καὶ
696 1366 956 1423 Ἰωάννου
1003 1367 1110 1418 τῶν
1138 1359 1485 1430 ἁποστολων,
1517 1355 1714 1417 αὐτοὺς
1747 1353 1804 1410 δὲ
1830 1354 1959 1410 τοό-

299 1480 430 1522 τους
464 1453 751 1514 ἐϐάπτισεν
783 1457 811 1511 ὁ
843 1452 1101 1531 Χριστός.
1166 1453 1365 1522 Ἐζησε
1396 1447 1453 1504 δὲ
1510 1447 1644 1522 μετᾶ
1687 1448 1750 1502 τὸ
1785 1446 1963 1516 σωτη-

302 1569 423 1626 ριον
457 1547 635 1613 πάθος
674 1549 710 1617 ἠ
742 1544 1007 1606 Θεοτόκος
1038 1540 1131 1613 ἔτη
1170 1542 1256 1598 ια’.
1286 1540 1351 1626 :0
1384 1536 1441 1593 δὲ
1486 1539 1585 1626 τῆς
1621 1542 1767 1606 ζωῆς
1799 1533 1966 1626 τότῆς

300 1618 508 1715 ίχρόνος
570 1638 648 1698 εἷς
702 1634 792 1690 καὶ
846 1631 1110 1706 ἐξήκοντα
1146 1675 1158 1688 .
1210 1624 1455 1715 Ἐϐίωσε,
1487 1624 1544 1681 δὲ
1607 1626 1694 1681 καὶ
1752 1626 1779 1680 ὁ
1812 1618 1964 1699 ἅγιος

300 1714 563 1798 Ἰωάννης
608 1725 637 1779 6
699 1724 972 1797 Θεολὸγος
1032 1720 1199 1796 μέχρι
1255 1714 1524 1791 Δομετίου
1586 1715 1964 1788 [Δομετιανοῦ]

309 1814 594 1895 βασιλέως
652 1813 946 1887 Ῥωμαίων
1007 1811 1146 1883 (li),
1205 1807 1280 1870 ὡς
1342 1807 1396 1862 ἐκ
1455 1804 1652 1861 τούτου
1711 1805 1845 1895 εἶναι
1875 1802 1967 1857 τὸν

311 1893 526 1965 indm
552 1912 654 1976 τῆς
697 1906 843 1975 ζωῆς
874 1902 1043 1959 αὐτοῦ
1078 1899 1280 1976 χρόνον
1314 1895 1441 1954 δέκα
1469 1895 1605 1972 πρὸς
1640 1893 1852 1951 ἑκατόν.

1965 2013 2061 2069 ΙΙΙ.

2075 1087 2229 1143 cimo
2262 1092 2426 1142 sexto
2457 1103 2613 1141 anno
2645 1087 2835 1142 astatis
2867 1104 2989 1142 suae
3046 1089 3422 1145 sanctissima
3480 1091 3732 1148 Domina

2073 1179 2327 1249 Deipara
2358 1178 2720 1233 Salvatorem
2753 1183 2812 1232 et
2841 1178 3156 1234 Dominum
3207 1187 3479 1236 nostrum
3527 1183 3730 1238 Jesum

2073 1267 2376 1321 Christum
2409 1267 2743 1339 pepererit;
2776 1267 3071 1339 baptizata
3102 1284 3237 1323 vero
3268 1269 3345 1324 sit
3374 1286 3408 1325 a
3437 1271 3635 1338 Petro,
3671 1276 3732 1326 et

2074 1361 2303 1416 Joanne
2335 1359 2642 1431 apostolis,
2676 1359 2837 1431 ipsos
2868 1366 3066 1416 autem
3098 1361 3409 1433 baptizarit
3437 1364 3730 1420 Christus.

2074 1448 2230 1503 Vixit
2257 1465 2392 1503 vero
2424 1454 2560 1520 post
2590 1449 2914 1505 salviticam
2948 1451 3295 1522 passionem
3342 1452 3595 1524 Deipara
3625 1470 3729 1508 an-

2073 1556 2184 1594 nos
2212 1556 2292 1605 xI,
2338 1538 2699 1611 fueruntque
2749 1556 2959 1595 omnes
3010 1541 3190 1597 totius
3239 1541 3373 1596 vitas
3427 1542 3557 1614 ejus
3586 1541 3732 1597 anni

2076 1627 2381 1700 sexaginta
2424 1643 2602 1682 unus.
2664 1628 2820 1683 Vixit
2875 1634 3075 1684 autem
3130 1636 3191 1685 et
3250 1630 3418 1686 divus
3474 1631 3732 1686 Joannes

2075 1717 2407 1790 Theologus
2428 1734 2617 1789 usque
2639 1717 2714 1773 ad
2748 1717 3147 1775 Domitianum
3171 1720 3593 1792 imperatorem
3619 1719 3732 1775 Ro-

2077 1823 2416 1873 manorum,
2473 1805 2620 1862 adeo
2668 1810 2735 1861 ut
2785 1823 2962 1863 omne
3019 1808 3152 1863 vitae
3199 1809 3328 1881 ejus
3381 1814 3619 1882 tempus
3657 1809 3736 1865 sit

2079 1901 2320 1952 centum
2351 1899 2410 1951 et
2434 1894 2642 1951 decem
2670 1911 2986 1952 annorum.

1342 2137 1734 2206 Fragmentum
1763 2148 1833 2189 eo:
1859 2131 1981 2188 cod.
2013 2147 2116 2187 ms.
2162 2131 2334 2200 Regio
2384 2131 2518 2186 1296
2555 2131 2690 2203 (12).

378 2260 785 2338 Ἐγκωμιάζων
847 2253 906 2313 δὲ
962 2256 1055 2312 τὸν
1138 2251 1522 2330 εὖαγγελιστὴν
1612 2250 1870 2319 Ἰωάννην
1933 2246 1961 2302 6

2144 2246 2564 2302 Sanctissimus
2590 2251 2788 2303 autem
2820 2247 3159 2319 patriarcha
3181 2247 3730 2321 Hierosolymorum

298 2335 607 2428 ἁγιωτάτας
657 2347 1010 2423 πατριάρχης
1059 2340 1483 2419 Ἰεροσολύμων,
1544 2341 1572 2395 6
1607 2335 1774 2428 μέγας
1833 2343 1956 2428 Σω-

296 2426 526 2520 φρόνιος
559 2434 803 2493 διδάσκει
827 2437 925 2505 τήν
959 2438 1055 2490 τοῦ
1095 2436 1229 2489 Θεοῦ
1270 2429 1620 2502 Ἐκκλησίαν,
1654 2427 1737 2484 ὅτι
1770 2426 1951 2497 πατὴρ

284 2516 390 2587 τοῦ
433 2527 712 2603 Θεολόγου
742 2528 771 2582 6
802 2520 1086 2586 Ζεϐεδαῖος
1142 2524 1230 2593 ἦν,
1292 2520 1539 2593 Σαλώμη
1600 2516 1658 2574 δὲ
1695 2519 1730 2588 ἡ
1767 2519 1953 2592 μήτηρ

291 2617 484 2691 αὐτοῦ,
518 2618 765 2693 θυγάτηρ
807 2614 941 2670 οὖσα
985 2614 1125 2683 αὗτή
1182 2614 1280 2666 τοῦ
1335 2610 1560 2687 Ἰωσὴφ·
1603 2609 1664 2669 6:
1692 2610 1952 2693 τέσσαρας

300 2690 631 2783 υἱοῦςίεῖχε,
679 2690 770 2760 καὶ
802 2702 1097 2779 θυγατέρας
1123 2705 1290 2777 τρεῖς.
1326 2697 1486 2760 Υίοῦς
1523 2696 1637 2771 μέν’
1668 2690 1949 2766 Ἰάκωϐον,

306 2781 582 2869 Σίμωνα,
636 2791 883 2862 Ἰούδαν,
943 2791 1032 2847 καὶ
1086 2790 1307 2867 Ἰωσήφ.
1362 2786 1664 2862 Θυγατέρας
1715 2781 1793 2840 δέ’
1850 2785 1951 2854 την

299 2886 532 2961 Ἐσθὴρ,
590 2885 692 2955 τήν
745 2883 993 2958 Μάρθαν,
1045 2878 1138 2936 καὶ
1190 2880 1291 2947 τὴν
1352 2874 1657 2949 Σαλώμην,
1717 2876 1841 2945 ἣτις
1886 2876 1952 2943 ἦν

298 2974 441 3052 γυνή
474 2973 571 3046 μὶν
615 2966 928 3040 Ζεϐεδαίου,
990 2969 1175 3043 μήτηρ
1235 2963 1294 3021 δὲ
1341 2964 1619 3023 Ἰωάννου.
1680 2964 1954 3052 Ἐντεῦθεν

301 3048 333 3118 6
363 3062 567 3138 Σωτήρ
592 3065 735 3125 θεῖος
757 3059 824 3129 ἦν
856 3056 1135 3129 Ἰωάννου,
1168 3056 1243 3118 ὼς
1275 3052 1509 3132 ἀδελφὸς
1541 3058 1640 3123 τῆς
1673 3048 1955 3124 Σαλώμης

298 3159 404 3225 τῆς
437 3150 704 3228 θυγατρὸς
735 3150 959 3225 Ἰωσήφ.

1968 3270 2063 3326 IV.

2070 2352 2322 2408 magnus
2344 2336 2711 2407 Sophronius
2743 2337 3015 2391 encomio
3067 2337 3379 2393 celebrans
3425 2338 3721 2392 Joannem

2066 2425 2486 2499 evangelistam
2516 2426 2689 2481 docet
2709 2426 3033 2483 Ecclesiam
3056 2429 3181 2494 Dei,
3205 2428 3364 2501 quod
3378 2434 3549 2501 pater
3569 2429 3713 2484 The-

2066 2515 2221 2589 ologi
2251 2516 2477 2571 exstitit
2520 2516 2857 2582 Zebedaeus,
2891 2523 3083 2573 mater
3102 2535 3236 2574 vero
3260 2519 3423 2575 illius
3453 2519 3711 2587 Salome,

2067 2604 2197 2676 ipsa
2234 2605 2358 2660 filia
2404 2605 2821 2677 Josephi,'qui
2879 2607 3170 2678 Josephus
3228 2614 3485 2679 quatuor
3514 2607 3724 2665 habuit

2067 2694 2246 2760 filios,
2280 2694 2436 2750 fllias
2468 2698 2628 2749 tres:
2673 2694 2829 2750 tllios
2866 2696 3107 2768 quidem
3136 2714 3149 2752 :
3179 2698 3485 2766 Jacobum,
3528 2698 3725 2754 Simo-

2066 2800 2228 2851 nem,
2259 2782 2470 2840 Judam
2503 2787 2562 2838 et
2611 2785 2955 2857 Josephum.
3014 2786 3195 2842 Filias
3252 2804 3431 2843 vero:
3488 2788 3724 2858 Esther,

2068 2872 2356 2927 Martham
2388 2876 2447 2927 et
2475 2871 2775 2942 Salomen,
2809 2891 2941 2945 quas
2972 2873 3087 2929 fuit
3114 2892 3264 2930 uxor
3282 2875 3570 2943 Zebedaai,
3603 2893 3726 2933 ma-

2070 2967 2159 3019 ter
2188 2968 2385 3019 autem
2443 2964 2710 3020 Joannis.
2766 2965 2917 3021 Hinc
2973 2965 3239 3022 Salvator
3295 2971 3423 3023 erat
3476 2967 3725 3025 Joannis

2068 3052 2415 3123 avunculus,
2445 3057 2651 3125 utpote
2670 3053 2858 3110 frater
2887 3054 3152 3111 Salomes
3184 3056 3323 3112 illim
3352 3056 3614 3129 Josephi.

1159 3391 1551 3460 Fragmentum
1596 3386 1750 3456 apud
1779 3384 2056 3455 Combe/is.
2088 3387 2147 3440 in
2185 3386 2506 3455 Originibus
2534 3386 2867 3443 CPotitanis.

371 3549 449 3609 T6
486 3545 547 3604 δὶ
577 3544 865 3619 Πάνορμον
895 3540 1151 3617 κάστρον,
1196 3538 1302 3595 ὐπὸ
1348 3542 1447 3594 τοῦ
1496 3532 1787 3613 Πανόρμου
1824 3534 1961 3592 Ἔλ-

2140 3539 2411 3593 Castrum
2442 3540 2806 3595 Panormum
2835 3556 2870 3596 a
2898 3542 3193 3598 Panormo
3230 3542 3490 3614 quodam
3522 3545 3721 3602 Graaco

305 3646 480 3709 ληνοε
539 3634 784 3704 ἐκτίσθη,
844 3629 1203 3705 διπλότειχον
1265 3627 1538 3725 ὑπάρχον,
1598 3624 1957 3725 σίδήρρυικαὶ

2079 3627 2382 3684 conditum
2398 3633 2505 3699 est,
2526 3627 2747 3701 duplici
2765 3646 2934 3687 muro
2948 3636 3356 3688 constructum
3373 3637 3551 3705 atque
3564 3633 3723 3691 ferro

310 3725 529 3803 χαλκοῦ
557 3723 714 3794 δίκην
748 3720 1214 3795 ἀναμεμιγμένον.
1250 3718 1341 3775 Ἐν
1375 3714 1434 3771 δὶ
1462 3719 1532 3790 τῇ
1562 3715 1699 3789 πρὸς
1754 3713 1953 3803 βορῥᾷν

311 3800 492 3892 aide
521 3819 618 3871 τοῦ
650 3813 818 3869 αὐτοῦ
848 3811 1104 3887 κάστρου,
1131 3808 1323 3863 ’ἰστατο
1384 3803 1673 3879 στυράκων
1702 3800 1961 3877 ἡχμῶδι,

310 3890 407 3962 καὶ
456 3890 637 3976 στήλη
690 3901 968 3979 γυναικεία
1027 3896 1361 3976 δικέφαλος.
1415 3896 1587 3958 Ἔνθα
1640 3896 1731 3949 καὶ
1790 3890 1964 3966 θέαμα

302 3999 530 4075 γέγονεν
567 4038 580 4052 .
643 3994 1035 4069 ἰςμπυρισμοῦ
1092 3988 1192 4066 γάρ
1234 4007 1369 4044 ποτε
1421 3985 1485 4075 16
1541 3985 1773 4060 κάστρον
1835 4005 1965 4075 κατέ

304 4072 635 4161 ειληφότος,
666 4082 759 4139 καὶ
802 4081 980 4150 πάσης
1012 4086 1111 4149 τῆς
1143 4076 1360 4139 πόλεως
1417 4073 1797 4151 ἰδαφισθείσης
1831 4072 1968 4146 μετὰ

303 4177 398 4233 καὶ
452 4180 563 4231 τῶν
622 4177 848 4249 τειχῶν,
906 4170 1157 4225 ἲστασθαι
1215 4166 1278 4223 τὸ
1335 4165 1565 4241 πυργίον
1634 4163 1807 4219 ἐκεῖνο
1863 4169 1966 4232 τῆς

308 4265 549 4342 πόρτης,
582 4262 706 4319 ἔνθα
756 4262 847 4317 καὶ
875 4262 911 4330 ἡ
945 4259 1126 4329 στήλη
1181 4255 1481 4311 συνίστατο.
1546 4251 1724 4309 Ἀλλὰ
1752 4251 1968 4342 πολλάτ

308 4334 402 4419 κις
423 4334 515 4410 καὶ
548 4357 646 4408 τοῦ
675 4352 845 4428 πυρὸς
900 4346 1359 4426 προσεγγίζοντος
1410 4348 1492 4417 τῷ
1544 4343 1721 4416 τόπῳ,
1752 4342 1828 4404 ὡς
1860 4334 1966 4396 ὐπὸ

308 4465 461 4507 τινος
493 4440 790 4506 διώκοντος
836 4438 990 4509 αὐτὸ,
1032 4432 1251 4501 ὄπισθεν
1293 4435 1366 4497 ὠς
1398 4432 1618 4510 ὀργυιάς
1651 4433 1710 4503 ε’,
1744 4431 1967 4506 ὑπεχω-

313 4555 397 4613 ρει
429 4539 533 4603 τῆς
564 4530 798 4604 στήλης.
820 4527 976 4598 Αὕτη
1007 4523 1066 4613 δὲ
1094 4522 1426 4602 παρελήφθη
1453 4523 1567 4613 61:6
1590 4520 1847 4613 _Xocp606
1866 4522 1966 4613 τοῦ

310 4608 536 4699 Περσῶν
565 4621 852 4697 τυράννου,
877 4616 970 4674 καὶ
999 4611 1139 4699 ἔστιν
1173 4612 1261 4699 εἲς
1297 4608 1533 4699 ῌερσίδα
1590 4608 1963 4699 λατρευομέ-νη

308 4689 417 4766 ξωξ
446 4705 542 4758 τοῦ
585 4689 698 4772 νῦν,
760 4689 943 4764 καθὼς
1002 4697 1031 4751 6
1091 4692 1442 4772 παραδείσιος
1500 4689 1747 4761 διαοιτής
1797 4689 1968 4746 ἐκεῖσε

310 4793 610 4868 κρατηθεὶς
644 4788 736 4845 καὶ
785 4786 1055 4867 ἐκφυγὼν,
1106 4782 1251 4854 δῆλα
1307 4779 1601 4852 πεποίηκεν
1637 4779 1687 4835 έν
1718 4783 1798 4853 τῷ
1831 4799 1970 4857 χρο-

310 4886 455 4954 νικῷ
512 4877 867 4948 Ἱππολύτου,
925 4876 989 4932 τὸ
1046 4873 1231 4951 τριτὸν
1289 4869 1779 4947 δημοσιευόμενον.
1812 4873 1971 4942 Ζήτει

312 4968 563 5045 ἱστορίαν
593 4967 845 5039 ἐξαίσιον.

2075 3733 2312 3788 aareque
2336 3716 2736 3772 commistum.
2770 3719 2835 3774 In
2868 3719 2997 3792 ejus
3044 3725 3215 3792 porta
3266 3724 3724 3793 septentrionali

2074 3805 2267 3861 stabat
2298 3807 2477 3861 turris
2510 3806 2806 3877 squalida,
2830 3825 2897 3863 ac
2927 3807 3131 3881 biceps
3155 3810 3468 3867 muliebris
3498 3818 3728 3870 statua:

2072 3894 2173 3948 ubi
2207 3899 2265 3949 et
2297 3895 2753 3951 memorandum
2788 3896 3097 3969 quidpiam
3130 3899 3366 3956 accidit.
3399 3901 3543 3956 Cum
3568 3902 3730 3958 enim

2074 3990 2335 4040 castrum
2367 3984 2517 4041 illud
2550 4004 2701 4042 saevo
2733 3987 2971 4043 arderet
3000 3989 3301 4055 incendio,
3337 4008 3405 4046 ac
3430 3991 3577 4047 urbe
3609 3997 3733 4050 tota

2075 4091 2197 4130 una
2218 4092 2353 4130 cum
2384 4076 2572 4130 muris
2605 4076 2730 4132 solo
2750 4084 3003 4149 aequata,
3036 4080 3201 4135 stetit
3222 4080 3401 4135 turris
3416 4081 3523 4136 illa
3542 4087 3728 4152 portas

2076 4164 2139 4219 in
2157 4182 2276 4235 qua
2306 4170 2364 4220 et
2395 4171 2589 4220 statua
2615 4171 2743 4221 erat
2771 4166 3080 4224 collocata.
3116 4168 3228 4223 Sed
3259 4174 3318 4224 et
3346 4171 3565 4241 saepius
3594 4172 3730 4243 igne

2076 4253 2320 4325 propius
2345 4254 2686 4321 accedente,
2720 4256 2881 4311 velut
2911 4256 3169 4328 quodam
3199 4257 3462 4330 fugante,
3488 4258 3733 4314 ﬂamma

2077 4343 2149 4399 ab
2182 4349 2376 4399 statua
2406 4342 2580 4398 ulnas
2638 4344 2902 4416 quinque
2948 4345 3285 4403 recedebat.
3319 4347 3570 4402 Sustulit
3599 4364 3731 4403 eam

2073 4432 2367 4488 Chosroes
2390 4433 2707 4487 Persarum
2740 4437 3052 4504 tyrannus,
3073 4433 3483 4507 hactenusque
3504 4435 3568 4491 in
3598 4437 3735 4491 Per-

2079 4520 2204 4577 side
2228 4519 2464 4587 colitur,
2497 4522 2585 4576 uti
2615 4522 2817 4577 vivarii
2867 4523 3184 4595 praafectus
3231 4524 3357 4580 illic
3405 4531 3634 4597 captus,
3665 4542 3734 4582 ac

2075 4611 2212 4685 fuga
2260 4612 2499 4684 elapsus
2556 4612 2894 4685 declaravit,
2952 4615 3016 4671 in
3084 4616 3368 4689 Hippoliti
3416 4618 3732 4686 Chronico,

2078 4700 2238 4773 quod
2268 4701 2441 4757 tertio
2468 4702 2765 4775 vulgatum
2791 4709 2900 4760 est.
2935 4705 3141 4770 Quaere
3172 4707 3579 4763 narrationem
3613 4707 3736 4764 exi-

2079 4808 2282 4848 miam.

391 5031 470 5116 T6
502 5053 563 5112 δὲ
590 5031 932 5128 καλούμενον
985 5049 1285 5125 Σμύρνιον,
1342 5045 1577 5118 πλησίον
1636 5050 1734 5102 τοῦ
1771 5065 1962 5142 ’τετράς

2159 5062 2343 5118 Locus
2372 5068 2752 5135 nuncupatus
2779 5065 3142 5139 Smyrnium,
3169 5086 3354 5142 prape
3393 5068 3738 5140 quadrupli-

319 5144 505 5203 δισίου
560 5139 808 5219 ἐμϐόλου
845 5187 859 5214 ,
913 5138 1030 5217 ἔχει
1092 5136 1348 5196 ὑποκάτω
1402 5140 1501 5207 τῆς
1558 5143 1683 5213 γῆς,
1732 5136 1795 5191 τὸ
1842 5136 1979 5211 πρὸς

325 5234 530 5312 βορῥᾷν
565 5236 756 5311 μέρος,
789 5232 1014 5309 ὀργυιὰς
1042 5230 1076 5284 ι’
1106 5226 1336 5299 στήλας,
1370 5237 1397 5291 θ
1428 5225 1667 5297 πλησίον
1706 5229 1803 5281 τοῦ
1845 5229 1977 5280 ναοῦ

313 5330 417 5382 τοῦ
447 5324 609 5402 ἁγίου
639 5320 948 5396 Θεοδώρου.
978 5317 1126 5376 Ε’ίσὶν
1180 5315 1239 5372 δὲ
1267 5316 1321 5372 αἱ
1354 5313 1574 5389 στῆλαι,
1604 5316 1659 5370 αἱ
1710 5315 1804 5389 μὲν
1833 5320 1982 5387 τρεῖς

320 5413 732 5471 Κωνσταντίνοῦ
762 5414 860 5467 τοῦ
914 5406 1174 5484 Μεγάλου
1226 5404 1316 5461 καὶ
1372 5410 1474 5475 τῆς
1530 5404 1783 5481 γυναικὸς
1814 5403 1984 5474 αὐτῆς

322 5503 606 5575 Φαύστης,
635 5503 727 5558 καὶ
788 5497 1107 5576 Ἰλαρίωνος
1158 5495 1550 5573 πραιποσίτου,
1581 5492 1672 5549 καὶ
1725 5498 1825 5549 τοῦ
1853 5515 1980 5549 παι-

396 5687 508 5759 (11)
540 5687 606 5742 D.
636 5686 1036 5759 Hieronymus
1080 5680 1363 5759 afﬁrmat,
1402 5692 1543 5759 eum
1571 5681 1707 5747 post
1756 5679 1985 5759 obitum

317 5749 647 5818 Domitiani
694 5749 949 5814 rediisse
1008 5769 1081 5811 ex
1135 5753 1342 5807 Patmo
1402 5749 1724 5821 Ephesum,
1784 5751 1987 5825 ibique

642 5878 907 5942 Panos.
952 5874 1066 5937 Gn.
1113 5870 1354 5936 CXVII.

2089 5169 2218 5208 cem
2235 5153 2555 5225 porticum,
2580 5156 3047 5227 septentrionem
3063 5174 3267 5214 versus
3292 5158 3743 5214 subterraneam

2093 5258 2337 5314 specum
2358 5241 2537 5298 habet
2553 5242 2761 5301 decem
2781 5244 3063 5302 ulnarum
3090 5264 3103 5302 :
3125 5247 3185 5302 in
3213 5264 3283 5302 ea
3302 5263 3513 5302 novem
3534 5250 3744 5301 statua)

2093 5329 2255 5386 haud
2283 5332 2555 5402 procula
2612 5334 2804 5390 sancti
2861 5334 3115 5391 Tbodori
3167 5351 3336 5391 sacra
3391 5334 3539 5392 inde.
3598 5335 3749 5390 Sunt

2094 5437 2231 5475 vero
2252 5425 2487 5490 statum,
2509 5426 2632 5478 tres
2654 5424 2954 5495 [quatuor]
2979 5424 3221 5495 quidem
3242 5423 3614 5479 Constantini
3636 5425 3748 5478 Ma-

2095 5509 2219 5582 gni,
2237 5509 2489 5582 ejusque
2512 5513 2716 5568 uxoris
2736 5514 2985 5581 Faustaa,
3007 5518 3066 5569 et
3086 5513 3408 5569 Hilarionis
3418 5513 3746 5586 prmpositi,

2096 5688 2425 5766 Ec_cl_e_si_am
2455 5691 2912 5766 rexisse‘usque
2933 5691 3007 5766 ad
3036 5691 3273 5766 Trajani
3300 5697 3590 5766 tempora.

2173 5762 2282 5833 (I2)
2313 5763 2636 5834 Basnagius
2684 5763 2745 5819 in
2776 5762 3033 5835 Canisio,
3065 5762 3444 5822 Monumentf
3489 5763 3751 5839 Apostol.

3431 5888 3512 5948 33
