4096 6434
382 450 539 520 1035

1664 451 2093 522 HIPPOLYTI
2137 450 2481 522 THEBANI

3650 456 3808 521 1036

381 600 415 651 4
443 600 652 667 quarta
706 591 937 664 Chrispi
970 591 1077 646 ﬁlii
1107 592 1482 648 Constantini
1509 608 1521 646 :
1554 593 1648 647 cui
1700 593 2009 649 Herodotus

2148 590 2243 655 δὸς
2271 598 2367 649 τοῦ
2395 594 2583 669 τρίτου
2632 595 3046 651 Κωνσταντίνου
3073 598 3170 649 τοῦ
3230 590 3534 666 ὁμωνύμου
3568 594 3709 666 (13),
3742 592 3803 646 ’ὀν

383 692 441 743 et
467 682 813 755 Hippolytus
837 681 1297 754 chronographi,
1322 682 1563 737 tradunt
1586 682 1769 738 fuisse
1802 689 1979 755 caput
1998 700 2034 739 a

381 780 546 847 patre
577 777 987 843 amputatum:
1025 772 1197 843 cujus
1229 778 1287 826 et
1316 773 1481 827 necis
1528 771 1733 827 dolore
1783 774 2031 828 affectus

382 866 570 932 pater,
602 860 729 914 dies
752 859 1167 931 quadraginta,
1200 865 1266 913 ut
1290 859 1512 927 ferunt,
1546 876 1683 914 eum
1715 859 1878 915 luctu
1902 876 2031 930 pro-

386 955 623 1005 secutus
646 954 754 1017 est,
778 965 887 1003 nec
909 965 1123 1021 corpus
1155 948 1378 1013 lavans,
1398 965 1509 1004 nec
1522 965 1583 1003 se
1598 948 1799 1003 lectuli
1832 949 2032 1019 quiete

384 1056 684 1096 recreans.
727 1036 887 1094 Fecit
923 1042 1123 1094 autem
1163 1044 1421 1095 statuam
1470 1056 1540 1095 ex
1585 1044 1828 1113 argento
1857 1057 2030 1111 puro,

373 1122 563 1185 multo
595 1146 739 1184 auro
772 1128 1057 1183 inaurans
1084 1145 1095 1182 :
1128 1145 1317 1186 unum
1371 1133 1547 1201 caput
1577 1146 1646 1184 ex
1683 1145 1826 1184 auro
1877 1147 2026 1202 puro

367 1224 531 1293 puto,
553 1220 856 1291 inscriptis
882 1220 945 1274 in
967 1218 1160 1274 fronte
1183 1220 1275 1275 his
1295 1220 1516 1276 verbis:
1541 1220 1726 1276 Filius
1750 1236 1917 1275 meus
1935 1222 2025 1275 in-

359 1307 525 1381 juria
552 1304 819 1366 ati'ectus.
855 1309 974 1364 Hoc
1004 1309 1105 1363 ille
1132 1309 1458 1382 proposito,
1506 1327 1808 1382 sensuque
1840 1310 2025 1382 pumi-

366 1399 623 1454 tentium
654 1414 819 1454 more
853 1397 1172 1465 inclinans,
1197 1397 1593 1471 religioseque
1624 1398 2024 1471 procumbens

367 1489 601 1544 veniam
634 1486 988 1543 delictorum
1022 1505 1056 1544 a
1085 1484 1203 1543 Deo
1237 1487 1612 1560 exposcebat.
1640 1487 1906 1559 Reliquaa
1929 1505 2028 1543 au-

366 1581 487 1634 tem
532 1582 759 1650 septem
809 1575 936 1647 (leg.
998 1576 1284 1650 quinque)
1341 1584 1549 1634 statuas
1609 1583 1769 1643 sunt,
1805 1578 2021 1648 Severi,

367 1660 656 1732 Harmati,
690 1666 1005 1737 Xeuxippi,
1038 1664 1365 1739 Vigilantii,
1400 1667 1501 1738 qui
1535 1664 1835 1739 Vigilantii
1863 1658 2023 1722 mdes

368 1755 678 1822 exstruxit,
713 1760 771 1808 et
800 1754 1142 1818 Eleutherii,
1183 1755 1283 1826 qui
1338 1755 1401 1809 in
1460 1761 1672 1810 senatu
1729 1753 2019 1827 palatium

364 1843 649 1899 condidit.
687 1843 753 1898 Hi
784 1861 990 1899 omnes
1012 1842 1205 1915 gladio
1238 1844 1657 1910 animadversi,
1689 1843 2021 1915 erectisque

365 1934 595 1999 statuis,
629 1933 700 1988 ab
725 1950 793 1988 eo
821 1934 921 2004 qui
967 1933 1187 2005 injuria
1241 1933 1495 2000 lasserat,
1528 1934 1763 1989 veniam
1814 1950 2021 1989 exorav

358 2024 522 2080 bant.
559 2024 931 2095 Transiitque
964 2041 1093 2079 mos
1125 2024 1235 2079 iste
1292 2025 1350 2079 in
1382 2025 1626 2091 liberos,
1661 2041 1852 2095 exque
1893 2023 2016 2079 illis

355 2114 419 2169 in
450 2114 622 2179 alios,
655 2114 730 2169 ad
751 2131 943 2185 usque
971 2120 1207 2185 tempus
1242 2114 1500 2170 Valentis
1542 2114 1768 2169 Ariani.
1812 2113 2018 2169 Ariani

356 2205 583 2275 itaque,
618 2220 740 2258 non
771 2203 1033 2259 ferentes
1070 2220 1250 2275 quam
1280 2221 1315 2258 a
1344 2204 1734 2259 Constantino
1785 2203 2018 2259 cladem

358 2297 732 2364 acceperant,
764 2293 827 2347 in
859 2310 928 2348 ea
958 2310 1139 2364 quam
1181 2291 1439 2348 diximus
1471 2282 1849 2365 quadruplici
1881 2310 2017 2364 por-

362 2372 505 2448 ticu,
536 2376 609 2437 ad
642 2381 831 2437 sancti
889 2381 1181 2438 Theodori
1207 2382 1518 2455 templum,
1576 2386 1803 2438 statuas
1863 2378 2025 2438 terra

367 2471 721 2527 obruerunt.

2140 679 2439 757 Ἠρὸδοτος
2494 682 2587 738 καὶ
2674 681 2999 745 Ἱππόλυτος
3083 682 3462 759 χρονογράφοι
3544 680 3800 756 λέγουσιν

2142 771 2652 850 ἀποκεφαλισθῆναι
2688 771 2792 827 ὑπὸ
2823 776 2920 827 τοῦ
2970 771 3196 847 πατρός·
3258 772 3316 826 ὃν
3375 768 3465 826 καὶ
3530 768 3805 842 λυπηθεὶς

2142 860 2170 913 6
2202 862 2381 936 πατὴρ
2417 858 2728 933 μετενόησε,
2786 862 2877 916 καὶ
2938 858 3193 917 ἔκλαυσεν
3225 858 3308 915 ἐπ’
3362 859 3508 932 αὐτῷ
3543 859 3620 933 μ’,
3652 862 3801 933 ἠμὲ-

2142 969 2260 1023 ρας,
2290 950 2364 1013 ὡς
2399 952 2427 1005 6
2456 950 2621 1026 λόγος
2669 946 2810 1027 ἔχει,
2875 952 2950 1024 μὴ
3011 952 3349 1022 λουσάμενος
3379 950 3441 1004 τὸ
3500 954 3681 1022 σῶμα,
3722 951 3800 1023 μὴ

2140 1038 2407 1113 ἀναψ·5ξας
2441 1038 2492 1095 ἐν
2525 1038 2698 1116 κοίτῃ.
2735 1032 2997 1112 Ἐποίησε
3049 1037 3107 1095 δὲ
3161 1050 3262 1109 την
3297 1038 3506 1110 στήλην
3540 1034 3589 1112 ἐξ
3626 1039 3803 1115 ἀργύ-

2140 1150 2239 1204 ρου
2270 1134 2530 1205 καθαροῦ,
2568 1129 2740 1209 βάφας
2799 1130 2967 1200 αὐτὴν
3026 1135 3238 1206 χρυσῷ.
3268 1129 3378 1198 Τήν
3441 1127 3499 1183 δὲ
3546 1128 3799 1203 κεφαλήν

2143 1216 2312 1290 μόνην
2344 1216 2404 1273 ἐκ
2433 1218 2686 1294 χρυσίου,
2746 1217 2955 1275 τελείου
3026 1224 3338 1295 γράφουσαν
3369 1215 3419 1272 ἐν
3479 1221 3559 1289 τῷ
3619 1230 3799 1290 μετω-

2136 1305 2326 1380 πιδίῳ’
2386 1307 2447 1365 Ὀ
2493 1305 2831 1381 ἠδικημένος
2885 1307 3005 1370 υἱὸς
3074 1311 3199 1382 μοῦ.
3258 1307 3475 1377 Ταύτην
3550 1306 3793 1376 στείλας,

2140 1394 2425 1469 μετάνοιαν
2462 1395 2647 1474 βαλὼν
2676 1395 2921 1473 ἐλιπάρει
2981 1400 3118 1469 Θεῷ,
3169 1394 3303 1469 ὕπερ
3365 1396 3439 1450 ὧν
3492 1393 3801 1469 ἐπλημμέ-

2137 1494 2324 1556 λησεν.
2360 1486 2427 1542 Αἱ
2461 1481 2516 1540 δὲ
2549 1484 2741 1541 λοιπαὶ
2784 1485 2822 1540 ε’
2879 1484 3077 1556 στῆλαι
3144 1480 3453 1560 ὑπάρχουσι
3520 1479 3796 1557 Σεϐήρου,

2136 1574 2438 1649 Ἀρμάτου,
2489 1575 2823 1648 Ξευξίππου,
2886 1573 3219 1648 Βηγλεντίου
3276 1578 3373 1629 τοῦ
3410 1574 3479 1628 τὰ
3512 1571 3801 1650 Βιγλὲντια

2132 1661 2438 1735 κτίσαντος,
2493 1663 2584 1719 καὶ
2635 1661 3002 1739 Ἐλευθερίου,
3029 1667 3126 1718 τοῦ
3176 1661 3254 1726 εἰς
3312 1662 3404 1718 τὸν
3475 1667 3698 1717 σενᾶτον
3733 1665 3798 1718 τὸ

2132 1751 2396 1809 παλάτιον
2455 1753 2754 1816 κτίσαντος.
2808 1754 2973 1811 Οὗτοι
3033 1758 3233 1815 παντες
3273 1750 3411 1830 ξίφει
3482 1750 3797 1827 παρεδόθη-

2133 1864 2252 1913 σαν,
2284 1842 2372 1897 καὶ
2406 1842 2509 1897 ὑπὸ
2558 1841 2923 1914 ἀδικήσαντος
2982 1840 3379 1913 στηλωθὲντες,
3429 1842 3793 1919 συγχώρησιν

2131 1932 2277 2006 παρᾶ
2305 1935 2402 1986 τοῦ
2454 1930 2968 2005 πλημμελήσαντος
3029 1929 3433 1990 ἐδυσωποῦντο.
3464 1928 3792 2005 Παρέλαςον

2127 2018 2185 2076 δὲ
2209 2021 2300 2076 καὶ
2326 2022 2393 2077 τὰ
2425 2020 2600 2077 οἰκεῖα
2627 2023 2788 2077 τέκνα
2827 2025 2991 2077 τοῦτο
3025 2020 3153 2076 αὐτὸ
3203 2027 3402 2092 ποιεῖν,
3434 2021 3527 2076 καὶ
3558 2020 3618 2076 ἐκ
3662 2021 3793 2076 τού·

2130 2130 2238 2166 των
2272 2108 2499 2183 πολλοὶ,
2532 2105 2634 2174 ἕως
2675 2111 2868 2182 Οὐαλῆ
2899 2116 3007 2167 τῶν
3070 2112 3353 2185 Ἀρειανοῦ
3416 2112 3529 2184 [τὸι
3564 2115 3784 2186 Ἀρδια-

2130 2200 2264 2275 νόν].
2301 2201 2369 2258 Οἱ
2400 2198 2491 2256 οὖν
2553 2202 2845 2273 Ἀρειανοὶ,
2881 2203 2959 2274 μὴ
3020 2199 3273 2279 φέροντες
3327 2201 3428 2269 τὴν
3486 2199 3647 2270 ἧτταν
3678 2202 3782 2270 τὴν

2134 2287 2224 2345 διὰ
2255 2290 2687 2360 Κωνσταντίνου,
2748 2288 2798 2345 ἐν
2856 2294 2937 2364 τῷ
2995 2290 3270 2366 είρημὲνῳ
3322 2286 3653 2366 τετραδιοίῳ
3684 2288 3787 2363 ἐμ·

2133 2376 2307 2455 ϐὀλῳ,
2340 2379 2574 2453 πλησίον
2605 2385 2702 2436 τοῦ
2733 2380 2892 2457 ἁγίου
2942 2378 3252 2456 Θεοδώρου,
3302 2400 3502 2443 ταυτας
3532 2380 3794 2456 κατεχω-

2134 2491 2250 2527 σαν.

972 2677 1305 2748 Fragmenta
1333 2694 1403 2734 ea:
1422 2679 1546 2734 cod.
1576 2696 1674 2736 ms.
1710 2678 1975 2737 Biblioth.
2014 2630 2400 2736 H'awimiliani
2428 2678 2688 2736 Bavariaa
2710 2681 3010 2752 principis.
3042 2679 3176 2752 (14).

466 2817 550 2875 Ea:
579 2818 869 2891 Hippolyti
904 2814 1154 2876 Thebani
1193 2820 1465 2877 Chronico
1496 2823 1907 2879 commentario.

436 3039 484 3089 1.
513 3038 553 3087 Δ
575 3034 790 3090 Christi
805 3034 1110 3091 nativitate
1132 3051 1321 3107 usque
1344 3036 1419 3093 ad
1443 3040 1738 3111 Magorum
1765 3054 2020 3110 prasen-

364 3124 533 3185 tiam,
558 3124 698 3178 anni
732 3129 871 3179 sunt
894 3124 1027 3179 duo.
1053 3126 1122 3178 Et
1150 3141 1181 3180 a
1213 3125 1350 3197 fuga
1371 3126 1432 3181 in
1466 3129 1796 3199 2Egyptum,
1828 3144 2019 3198 usque

366 3213 439 3267 ad
472 3220 723 3268 mortem
758 3213 1005 3268 Herodis
1038 3214 1144 3268 filii
1177 3216 1492 3287 Antipatri,
1527 3218 1669 3271 anni
1716 3223 1853 3281 tres,
1889 3217 2017 3272 dies

2129 2818 2459 2876 Ἱππολύτου
2516 2825 2613 2877 τοῦ
2671 2817 2920 2893 Θηϐαίου
3001 2819 3060 2875 ἐκ
3132 2824 3230 2875 τοῦ
3296 2824 3562 2896 ’χρονικοῦ
3618 2819 3790 2875 αὐτοῦ

2755 2908 3127 2985 συντάγματος
3142 2951 3154 2967 .

2202 3038 2282 3094 Α“.
2317 3037 2448 3095 Ἀπὸ
2504 3043 2605 3106 τῆς
2652 3034 3113 3111 ἐνανθρωπήσεως
3157 3038 3254 3090 τοῦ
3310 3035 3568 3109 Χριστοῦ,
3605 3032 3785 3111 μέχρι

2126 3134 2227 3196 τῆς
2253 3132 2362 3182 τῶν
2395 3129 2598 3201 Μάγων
2637 3127 2935 3202 παρουσίας
2974 3122 3066 3194 ἔτη
3103 3122 3219 3182 δυο.
3282 3124 3387 3182 Καὶ
3445 3124 3505 3180 ἐκ
3551 3131 3653 3194 τῆς
3711 3125 3791 3187 είς

2129 3214 2407 3292 Αἴγυπτον
2468 3217 2896 3291 ἀναχωρήσεως,
2934 3215 3103 3290 μέχρι
3138 3219 3260 3280 ’τῆς
3315 3213 3581 3285 τελευτῆς
3607 3220 3785 3287 Ἥρω-

361 3303 647 3373 quinque.
684 3302 1038 3357 Habitarunt
1067 3309 1264 3359 autem
1314 3305 1375 3359 in
1409 3308 1647 3378 Egypto
1695 3307 2009 3378 Heliopoli,

2129 3303 2227 3359 δου
2284 3306 2404 3359 υἱοῦ
2474 3305 2835 3381 Ἀντιπάτρου
2866 3299 2958 3375 ἔτη
3001 3304 3145 3380 τρία,
3198 3303 3400 3378 ἡμέραι
3459 3306 3616 3359 πέντε
3644 3308 3781 3375 (15).

358 3410 491 3463 quas
524 3393 596 3447 ad
628 3392 948 3464 Memphin,
970 3394 1186 3464 Joseph
1213 3400 1271 3449 et
1295 3395 1476 3450 Maria
1494 3402 1627 3450 olim
1657 3392 1815 3461 Jesu,
1836 3397 2011 3452 annis

356 3481 567 3545 tribus,
592 3480 799 3536 diebus
827 3485 916 3538 20.
951 3484 1091 3536 Post
1110 3483 1375 3554 ipsorum
1403 3502 1537 3540 vero
1562 3502 1918 3557 regressum.
1949 3490 2015 3540 ut

349 3569 411 3623 in
435 3568 678 3625 Galilaaa
702 3570 1063 3634 habitarent,
1094 3584 1285 3643 usque
1317 3573 1390 3628 ad
1418 3580 1670 3629 mortem
1712 3572 2011 3645 Archelai,

348 3657 490 3712 anni
523 3663 662 3713 sunt
690 3658 727 3711 9
753 3659 894 3729 [19],
926 3658 1054 3713 dies
1089 3658 1176 3714 17.
1213 3652 1339 3718 Una
1370 3680 1503 3718 cum
1547 3662 1835 3719 Archelao
1885 3673 2009 3719 Au-

352 3753 561 3820 gustus
588 3758 824 3820 quoque
857 3749 1128 3805 moritur.
1166 3752 1319 3807 Vixit
1346 3770 1486 3809 vero
1518 3756 1691 3810 annis
1712 3754 1996 3823 88,etim-

356 3837 585 3907 peravit
614 3836 787 3891 annis
818 3834 906 3891 56.
940 3836 1028 3891 Ab
1063 3839 1329 3896 Archelai
1362 3860 1538 3913 porro
1570 3849 1781 3911 morte,
1815 3860 2005 3913 usque

355 3924 430 3979 ad
460 3924 676 3980 Christi
705 3926 1091 3997 baptismum,
1126 3944 1302 4000 quem
1335 3949 1368 3986 a
1396 3932 1619 3988 Joanne
1652 3934 1712 3989 in
1753 3932 2006 3988 Jordane

351 4015 600 4086 accepit.
624 4017 764 4070 anni
794 4020 933 4070 sunt
962 4016 1045 4087 16,
1081 4017 1208 4074 dies
1240 4023 1327 4075 30.
1362 4027 1407 4075 Α
1448 4023 1766 4095 baptismo,
1817 4039 2007 4093 usque

348 4102 422 4159 ad
452 4105 746 4160 Zachariaa
786 4104 1237 4176 lapidationem,
1280 4127 1474 4167 annus
1521 4129 1695 4168 unus.
1751 4113 2006 4182 [Interea

349 4192 531 4259 enim,
562 4194 704 4249 dum
733 4195 917 4250 sacris
952 4195 1077 4266 ipse
1118 4206 1467 4270 operaretur
1507 4201 1578 4256 de
1632 4217 1818 4268 more,
1853 4200 2005 4273 lapi-

345 4283 737 4357 dibusjactis,
760 4290 818 4339 et
836 4284 896 4339 in
916 4291 1096 4357 captit
1112 4291 1421 4353 contortis,
1449 4307 1585 4345 eum
1609 4290 2000 4346 trucidarunt:

343 4389 709 4445 corporeque
726 4376 954 4444 raptata
970 4373 1030 4428 in
1049 4375 1199 4432 valle
1214 4377 1497 4449 Josaphat
1513 4374 1999 4450 suspenderunt.]

342 4462 387 4515 A
419 4460 713 4517 Zachariaa
745 4466 943 4517 autem
966 4460 1350 4535 lapidatione,
1387 4483 1574 4538 usque
1625 4467 1697 4523 ad
1756 4468 2001 4527 Joannis

342 4550 450 4605 filii
483 4551 668 4622 ipsius
705 4558 981 4618 mortem,
1017 4553 1125 4607 sub
1158 4554 1385 4610 Herode
1415 4552 1680 4625 Iuniore,
1724 4559 1997 4616 Archelai

338 4640 463 4696 filio
482 4642 544 4695 in
566 4656 800 4698 carcere
812 4651 1127 4716 patratam,
1143 4660 1335 4700 annus
1354 4662 1528 4702 unus.
1556 4654 1595 4701 A
1618 4654 1806 4704 morte
1828 4650 1997 4705 Joan-

2127 3397 2463 3469 Παρῲκησαν
2523 3393 2582 3450 ὂὶ
2636 3393 2690 3451 ἂν
2752 3394 3019 3470 Αίγύπτῳ
3051 3395 3101 3449 ἐν
3138 3393 3495 3449 Ἡλιουπόλει
3544 3396 3615 3465 τῇ
3643 3395 3785 3450 κατὰ

2123 3480 2364 3559 Μέμφιν,
2400 3479 2429 3536 6'
2465 3502 2514 3535 τε
2569 3481 2772 3559 Ἰωσὴφ
2832 3480 2920 3535 καὶ
2979 3482 3013 3549 ἡ
3073 3480 3257 3552 Μαρία
3310 3478 3403 3533 σὺν
3461 3483 3539 3551 τῷ
3589 3481 3776 3549 Ἰησοῦ

2120 3569 2212 3642 ἔτη
2244 3570 2391 3649 τρία,
2451 3572 2664 3647 ἡμέρας
2724 3571 2915 3628 εἷειοσι.
2968 3569 3118 3626 Μετᾶ
3163 3568 3219 3624 δὲ
3250 3571 3349 3639 τὴν
3380 3566 3639 3624 ἐπάνοδον
3675 3569 3776 3624 αὐ-

2116 3666 2224 3715 τῶν
2261 3661 2348 3716 ἐπὶ
2377 3664 2778 3735 τῆς-οἰκήσεως
2803 3662 2979 3716 αὐτῶν
3011 3666 3112 3728 τῆς
3150 3656 3445 3721 Γαλιλαίας
3480 3658 3645 3734 μέχρι
3669 3666 3777 3729 τῆς

2115 3749 2373 3821 τελευτῆς
2407 3749 2740 3828 Ἀρχελάου,
2775 3747 2868 3820 ἔτη
2919 3746 3087 3817 ἐννέα,
3124 3746 3329 3822 ἡμέραι
3389 3746 3770 3805 ἑπτακαίδεκα.

2119 3840 2224 3895 Σὺν
2254 3845 2334 3913 τῷ
2365 3839 2659 3916 Ἀρχελαῳ
2682 3839 2907 3909 τελευτᾷ
2952 3838 3041 3894 καὶ
3076 3834 3412 3914 Αὔγουστος.
3446 3839 3676 3909 Ἕζησεν
3711 3835 3769 3892 δὲ

2114 3926 2206 3999 ἔτη
2241 3930 2358 3999 πη’.
2421 3925 2798 3985 Ἐϐασίλευσεν
2843 3930 2956 4002 (16)
3018 3923 3111 3998 ἔτη
3169 3933 3261 3992 νς’.
3293 3927 3427 3984 Ἀπὸ
3460 3924 3517 3982 δὲ
3546 3932 3640 3995 τῆς
3674 3942 3765 3980 τε·

2113 4016 2312 4089 λευτῆς
2341 4016 2649 4094 ’Λρχελάου
2676 4018 2841 4093 μέχρι
2873 4020 2969 4072 τοῦ
3000 4016 3051 4071 ἐν
3074 4014 3340 4091 Ἰωρδάνῃ
3372 4020 3468 4071 τοῦ
3506 4017 3766 4088 Σωτῆρος

2113 4111 2274 4182 ἡμῶν
2340 4108 2444 4163 ὑπὸ
2505 4109 2761 4164 Ἰωάννου
2823 4107 3197 4181 βαπτίσματος
3233 4106 3344 4181 (17)
3378 4105 3543 4161 αὐτοῦ
3582 4104 3678 4176 ἔτη
3717 4126 3772 4171 ις

2112 4198 2315 4273 ἡμέραι
2349 4195 2416 4253 λ’.
2452 4197 2588 4255 Ἀπὸ
2620 4191 2678 4252 δὲ
2723 4200 2821 4251 τοῦ
2884 4195 3262 4272 βαπτίσματος
3325 4196 3493 4272 μὲχρι
3525 4201 3626 4265 τῆς
3659 4198 3772 4252 Ζα-

2109 4288 2309 4363 χαρίου
2370 4281 2717 4355 λιθοϐολίας,
2778 4282 2895 4347 ἔτος
2944 4285 3009 4341 α’.
3049 4288 3067 4359 [
3100 4288 3213 4359 (18)
3246 4284 3332 4343 Ἐν
3379 4284 3481 4361 γὰρ
3510 4289 3591 4357 τῷ
3616 4285 3776 4358 ἱερα-

2105 4377 2277 4433 τεύειν
2308 4376 2465 4432 αὐτὸν
2523 4376 2659 4432 κατὰ
2712 4376 2774 4431 τὸ
2834 4374 3023 4437 εἰωθὸς
3082 4373 3247 4446 αὐτῷ,
3303 4370 3776 4444 λιθοϐολῆσαντες

2106 4465 2307 4537 αὐτὸν,
2360 4468 2450 4522 καί
2508 4466 2946 4546 κροταφήσαντες
3022 4466 3158 4538 (19),
3228 4462 3595 4519 ἀπέκτειναν.
3662 4465 3773 4520 Καὶ

2104 4556 2360 4632 σύραντες
2386 4555 2688 4634 ἐκρέμασαν
2719 4555 2882 4610 αὐτὸν
2933 4552 3007 4616 είς
3062 4554 3161 4623 τήν
3221 4550 3460 4609 κοιλάδα
3519 4556 3617 4608 τοῦ
3643 4554 3775 4610 Ἰωη

2103 4648 2322 4726 capsit]
2360 4646 2494 4703 Ἀπὸ
2528 4643 2586 4700 δὲ
2632 4652 2733 4715 τῆς
2763 4649 2860 4699 τοῦ
2892 4640 3165 4720 Ζαχαρίου
3221 4638 3547 4708 λιθοϐολίας
3587 4644 3766 4729 μέχρι

331 4730 449 4799 nis,
480 4748 667 4803 usque
692 4730 764 4788 ad
798 4735 1123 4792 salviﬂcam
1148 4736 1508 4807 passionem,
1535 4755 1772 4795 menses
1795 4742 1846 4794 6.
1869 4734 1992 4795 Tri-

2128 4709 2201 4808 »ῆὲ
2234 4737 2483 4794 Ἰωαννου
2513 4738 2608 4790 τοῦ
2640 4735 2761 4789 υἱοῦ
2793 4734 2962 4788 αὐτοῦ
3001 4736 3114 4807 (20)
3143 4733 3424 4802 τελευτῆς,
3459 4732 3545 4787 ἐπὶ
3577 4726 3764 4807 Ἥρώ·

326 4819 492 4892 ginta
522 4823 680 4877 enim
713 4830 773 4878 et
806 4841 908 4879 sex
954 4843 1146 4881 annos
1210 4826 1468 4882 Joannes
1524 4829 1785 4900 Baptista
1828 4830 1988 4887 vixit.

324 4909 585 4982 Triginta
615 4913 859 4983 quidem
894 4915 1072 4969 anuis
1130 4922 1397 4971 versatus
1448 4924 1538 4972 est
1595 4920 1656 4973 in
1706 4919 1988 4976 deserto:

325 4999 458 5055 aliis
490 5017 623 5055 vero
656 5005 686 5056 6
718 5002 780 5055 in
802 5003 1069 5059 Jordane
1112 5004 1475 5077 baptismum
1509 5008 1988 5079 administrabat,

325 5087 662 5160 praedicans
694 5091 1126 5163 pwnitentiam.
1163 5094 1255 5149 Sic
1285 5096 1574 5152 Dominus
1618 5094 1787 5153 Jesus
1818 5094 1987 5155 Chri-

2104 4824 2201 4881 δου
2228 4829 2325 4881 τοῦ
2367 4825 2631 4900 νεωτέρου
2680 4826 2777 4878 τοῦ
2841 4823 2962 4877 υἱοῦ
2993 4818 3328 4897 Ἀρχελᾶου,
3364 4818 3417 4876 ἐν
3448 4825 3516 4895 τῇ
3550 4827 3765 4899 φρουρᾷ

2099 4916 2395 4994 γεγονυίας,
2429 4913 2546 4977 ἔτος
2578 4912 2645 4971 α’.
2676 4911 2817 4968 Ἀπὸ
2848 4908 2906 4967 δὲ
2933 4918 3035 4982 τῆς
3072 4910 3337 4981 τελευτῆς
3372 4910 3628 4969 ’ίωάννου
3663 4913 3768 4983 μὲ-

2101 5024 2197 5080 χρι
2227 5008 2324 5059 τοῦ
2384 5003 2660 5078 σωτηρίου
2720 5002 2930 5064 πάθους
2987 5005 3157 5073 μῆνες
3209 5001 3278 5063 ς’.
3340 4998 3435 5063 Ας“
3486 5000 3599 5071 (21)
3653 4998 3759 5074 γὰρ

2098 5092 2191 5167 ἔτη
2225 5088 2410 5167 ἔζησεν
2439 5095 2467 5149 6
2500 5092 2736 5164 Ιωάννης
2766 5093 2793 5147 ὁ
2828 5092 3161 5163 Βαπτιστής,
3195 5086 3249 5145 λ’
3301 5090 3396 5163 μὲν
3440 5086 3762 5166 ὑποχωρῶν

329 5183 476 5247 stus,
510 5178 876 5236 tricesimum
912 5183 1102 5238 aetatis
1134 5198 1255 5239 sum
1306 5200 1530 5241 annum
1574 5185 1804 5259 agebat.
1848 5188 1988 5244 Post

2128 5205 2150 5240 ν
2209 5189 2332 5248 τοῖς
2389 5184 2641 5260 ἐρήμοις,
2694 5181 2761 5239 τὰ
2820 5179 2877 5237 δὲ
2928 5181 3073 5236 ἄλλα
3117 5181 3162 5245 ς’
3221 5181 3510 5250 Βαπτίζων
3564 5178 3616 5235 ἐν
3676 5184 3761 5253 τῷ

418 5434 509 5512 if)
535 5432 703 5512 Apud
728 5432 1493 5512 Qanisium'Basnagianum
1514 5434 1776 5512 tom.AllI,
1809 5456 1867 5512 p.
1888 5440 1976 5496 34.

417 5504 511 5579 15)
538 5504 714 5579 Deest
740 5505 945 5576 ἡμέραι
982 5503 1139 5559 πέντε
1196 5503 1282 5579 1Πῖ
1317 5509 1448 5564 cod.
1507 5503 1828 5567 Marciano-
1849 5515 1976 5579 494,

324 5591 435 5647 pag
489 5576 616 5649 24:3,
636 5581 798 5649 utet
829 5579 1199 5649 mox_'i,pépz;
1230 5576 1420 5649 sinam.

535 5646 675 5724 90d.
710 5648 884 5724 illam.
935 5643 1251 5724 ἐβασίλεοσε
1291 5648 1349 5705 δὲ
1378 5647 1471 5724 ξτη
1506 5653 1563 5724 π’
1593 5653 1683 5708 καὶ
1717 5653 1822 5724 ἀπὸ
1852 5660 1973 5724 τῆς.

393 5714 672 5803 “71.0951-
716 5716 890 5803 Μαῖσ-
954 5716 1341 5803 ίέατῖτίσδιιτοςν
1391 5714 1617 5803 @5371
1671 5720 1738 5780 τὰ
1774 5714 1974 5803 ,διεφέ-

318 5804 446 5861 τερα
474 5785 553 5859 λ’,
575 5790 647 5845 Et
663 5804 800 5847 mox
820 5787 872 5845 ἐν
903 5785 1025 5855 ταῖς
1052 5785 1339 5867 ἐρημίαις,
1360 5793 1427 5850 τὰ
1448 5791 1505 5850 δὲ
1528 5785 1672 5852 ἄλλα
1697 5785 1971 5872 τρία’ἔτη.

426 5358 505 5431 13)
539 5362 608 5415 Et
638 5360 743 5429 ﬁlii
763 5359 921 5415 tertii
950 5362 1301 5419 Constantini
1332 5365 1695 5435 cognom.nis.

390 5359 509 5573 (14)
535 5432 703 5503 Apud
728 5433 1029 5488 Ganisium
1058 5437 1493 5509 Basnagianum
1514 5444 1655 5495 tom.
1687 5440 1695 5492 Ι

417 5504 504 5573 15)
538 5504 714 5558 Deest
740 5505 945 5573 ἡμέραι
982 5503 1139 5559 πέντε
1196 5509 1259 5563 in
1317 5509 1448 5564 cod.
1507 5510 1695 5566 Marcia

2165 5370 2275 5439 (18)
2308 5368 2546 5425 inclusa
2571 5367 2790 5424 desunt
2818 5365 2880 5419 in
2912 5360 3116 5439 codice
3154 5362 3451 5439 Vaticano.

2162 5432 2276 5508 (19)
2308 5441 2451 5497 Cod.
2488 5441 2661 5495 Marc.
2695 5433 3147 5513 προταφίσοιντεςἐ
3204 5432 3750 5513 11ι1οιῑμέκρὲμπησανζ

2330 5513 2473 5570 Cod.
2528 5514 2701 5567 Marc.
2740 5505 2999 5581 'pro'toii
3027 5507 3148 5561 υἱοῦ
3199 5505 3387 5578 αὐτοῦ,
3450 5505 3631 5562 habet
3652 5508 3753 5559 τοῦ

2093 5587 2414 5637 Βαπτιστοῦ.

2161 5656 2279 5726 (21)
2308 5657 2373 5712 In
2420 5655 2548 5712 cod.
2610 5646 2988 5726 Marciano}?
3017 5670 3311 5725 τριακοντα
3340 5648 3443 5725 γὰρ
3496 5646 3588 5703 καὶ
3618 5645 3747 5725 τρία

2090 5718 2181 5797 ἔτη
2219 5718 2313 5784 Sic
2346 5729 2663 5786 Vaticanus
2695 5718 2880 5783 codex
2909 5720 2971 5781 Β.
