4096 6444
272 480 432 549 1037

1711 464 2228 543 FRAGMENTA.

3546 480 3703 544 {038

266 614 563 692 Ἰωρδάνῃ,
620 614 712 672 καὶ
750 614 1039 694 κηρύσσων
1102 612 1442 690 μετᾶννοιαν.
1491 608 1686 676 Οὕτως
1743 613 1771 668 6
1829 608 1937 668 Κό-

2061 607 2416 682 baptismum
2450 618 2585 665 vero
2626 617 2955 685 receptum,
2984 614 3191 669 ascivit
3223 612 3335 669 sibi
3367 614 3707 688 delegitque

274 726 391 784 ριος
448 706 663 776 Ἰησοῦς
728 707 970 780 Χριστὸς
1003 707 1050 761 λ’
1094 705 1330 781 χρόνους
1391 703 1443 759 ὲν
1486 709 1603 765 τοῖς
1663 697 1941 762 παιδικοῖς

275 795 445 851 αὐτοῦ
502 792 730 870 χρόνοις
793 788 1006 864 διῆλεν.
1065 795 1216 851 Μετὰ
1269 793 1327 850 δὲ
1377 794 1441 851 τὸ
1500 793 1784 869 βάπτισμα
1841 789 1938 845 ἐπα

274 880 501 957 ελέξατο
556 884 732 956 ἑαυτῷ
774 883 907 946 τοὺς
962 884 1228 957 μαθητὰς,
1277 883 1564 959 κηρύσσων
1617 881 1708 937 σὺν
1752 881 1940 941 αὐτοῖς

274 976 377 1044 τήν
424 972 708 1051 βασιλείαν
765 973 929 1029 αὐτοῦ
992 974 1158 1051 μέχρι
1218 978 1315 1030 τοῦ
1376 972 1652 1046 σωτηρίου
1712 971 1939 1040 nidove,

278 1054 373 1134 ἔτη
406 1064 473 1141 γ’.
520 1064 614 1120 Διὸ
645 1065 733 1119 καὶ
797 1063 849 1118 οἱ
907 1060 960 1119 ἐν
1020 1064 1218 1136 Νικαίᾳ
1251 1062 1472 1125 κανόνες
1521 1063 1630 1133 τιη’
1663 1060 1938 1136 θεοφόρων

276 1152 533 1229 Πατέρων
586 1151 1082 1228 παρακελεύονται,
1142 1154 1249 1228 ττρὸ
1304 1153 1602 1229 τριάκοντά
1657 1151 1790 1207 ἐτῶν
1835 1162 1941 1223 μη-

273 1240 399 1301 δένα
500 1241 941 1321 χειροτονεῖσθαι
1016 1237 1404 1319 πρεσϐύτερον.
1505 1241 1762 1317 Ἀρκετὸν
1838 1241 1941 1321 γὰρ

271 1337 509 1413 φασιτῷ
562 1330 784 1408 μαθητῇ
839 1330 975 1389 εἶναι
1037 1331 1113 1397 ὡς
1169 1332 1197 1388 6
1253 1328 1582 1393 διδάσκαλος
1632 1329 1819 1398 αὐτοῦ,
1851 1313 1943 1384 καὶ

270 1431 401 1501 φασι
433 1427 514 1495 τῷ
540 1417 727 1496 δούλῳ
756 1421 830 1484 ὡς
860 1422 888 1478 6
922 1412 1111 1497 κόριος
1139 1420 1327 1480 αὐτοῦ.

346 1514 425 1572 B‘.
482 1513 621 1571 Ἀπὸ
684 1510 742 1569 δὲ
794 1516 892 1568 τοῦ
950 1511 1230 1588 σωτηρίου
1284 1514 1513 1582 πάθους,
1562 1509 1652 1566 καί
1684 1517 1784 1580 τῆς
1814 1506 1947 1565 ἂνα-

270 1604 498 1681 λήψεως
530 1606 720 1674 αὐτοῦ,
757 1603 925 1683 μέχρι
976 1608 1077 1671 τῆς
1136 1599 1459 1666 λιθοϐολίας
1487 1604 1590 1659 τοῦ
1622 1602 1778 1678 ἁγίου
1806 1606 1940 1656 Στε-

272 1697 446 1772 φάνου
501 1699 601 1751 τοῦ
652 1693 1131 1772 πρωτομὰἱρτυρος
1164 1694 1278 1766 (22)
1327 1693 1493 1769 μέχρι
1532 1696 1629 1749 τοῦ
1688 1691 1946 1769 φανέντος

268 1790 351 1860 τῷ
387 1784 552 1841 ΣαύΛ
579 1807 626 1858 ῳ
657 1785 860 1856 φωτὸς,
898 1791 1067 1858 μῆνες
1126 1785 1170 1848 ς’
1226 1786 1361 1857 (2Ί).
1423 1784 1519 1838 Καὶ
1581 1781 1688 1837 ἀπὸ
1718 1785 1814 1836 τοῦ
1845 1802 1949 1859 φα-

270 1874 458 1938 νέντος
518 1875 688 1929 αὐτοῦ
769 1874 969 1953 φωτὸς,
1035 1870 1409 1950 βαπτίσματός
1481 1881 1542 1926 τε
1609 1871 1797 1938 αὐτοῦ,
1855 1871 1945 1926 καὶ

2046 693 2395 773 discipulos,
2428 710 2565 756 cum
2595 700 2808 757 iisdem
2835 712 3007 758 suum
3041 718 3289 776 regnum
3323 706 3708 776 promulgans

2047 798 2238 861 usque
2297 789 2370 845 ad
2429 790 2798 847 salutiferam
2859 792 3220 863 passionem,
3273 795 3447 849 annis
3494 795 3705 852 tribus.

2045 876 2271 936 Idcirco
2306 880 2556 935 Nicaeum
2596 880 2807 952 synodi
2862 887 3265 938 trecentorum
3297 882 3707 957 duodeviginti

2048 970 2317 1026 divorum
2350 973 2591 1027 Patrum
2614 984 2876 1029 canones
2900 974 3134 1045 jubent,
3163 977 3709 1049 decernuntque,ut

2048 1062 2185 1117 ante
2210 1068 2433 1116 annum
2450 1061 2826 1128 30,nullusin
2847 1062 3331 1137 presbyterorum
3350 1066 3709 1136 allegeretur

2049 1149 2584 1206 ordinem.Sufﬁcit
2605 1152 2786 1220 enim,
2820 1153 3009 1218 aiunt,
3044 1153 3428 1227 discipulo,ut
3451 1157 3529 1210 sit
3554 1157 3709 1211 sicut

2046 1239 2328 1313 magister
2356 1240 2546 1312 ipsius
2577 1255 2590 1294 :
2623 1246 2683 1296 et
2711 1247 2972 1309 servo,ut
2995 1244 3072 1298 sit
3100 1244 3254 1300 sicut
3278 1244 3406 1317 ejus
3428 1245 3705 1302 dominus

2119 1508 2187 1562 II.
2224 1510 2262 1563 A
2295 1508 2556 1565 salviﬁca
2602 1522 2737 1566 vero
2759 1510 3059 1583 passione,
3085 1518 3143 1568 et
3170 1512 3518 1570 ascensione
3540 1510 3711 1571 Chri-

2050 1594 2148 1665 sti,
2179 1610 2371 1670 usque
2402 1596 2476 1654 ad
2499 1601 2690 1655 sancti
2723 1601 3005 1673 Stephani
3038 1604 3215 1674 primi
3244 1604 3523 1675 martyris
3551 1603 3707 1676 lapi—

2050 1685 2372 1755 dationem,
2432 1694 2623 1760 usque
2683 1688 2757 1745 ad
2816 1691 3031 1759 lucem,
3068 1708 3199 1763 quas
3233 1692 3406 1749 Saulo
3444 1693 3568 1749 visa
3599 1698 3710 1762 est,

2052 1776 2224 1847 eique
2252 1778 2546 1848 apparuit,
2570 1794 2808 1833 menses
2837 1784 2978 1834 sunt
2998 1795 3135 1834 sex:
3164 1786 3342 1852 atque
3364 1798 3398 1837 a
3419 1781 3713 1854 luce,qdm

2051 1865 2164 1937 ipsi
2198 1866 2372 1921 Saulo
2425 1868 2719 1939 apparuit,
2783 1873 2840 1923 et
2896 1869 2967 1923 ab
3026 1868 3296 1941 ejusdem
3328 1869 3624 1942 baptismo
3656 1876 3716 1927 et

269 1963 634 2041 κηρύγματος
691 1961 857 2039 μέχρι
912 1968 1014 2032 τῆς
1068 1958 1396 2036 ἀναλήψεως
1451 1967 1553 2030 τῆς
1605 1959 1763 2034 ἁγίας
1796 1964 1942 2033 Παρ-

2061 1955 2496 2027 praedicatione,
2530 1973 2721 2029 usque
2742 1956 2816 2013 ad
2849 1963 3067 2014 sanctae
3100 1960 3295 2016 Marias
3331 1961 3584 2034 Virginis
3615 1976 3711 2016 as-

271 2054 436 2118 θένου
468 2048 711 2126 Μαρίας,
743 2046 837 2123 ἔτη
884 2052 955 2127 γ’,
995 2051 1199 2127 ἡμέραι
1238 2046 1343 2124 μδ’.
1401 2052 1605 2121 "quue
1637 2046 1694 2104 δὲ
1727 2048 1815 2104 ἐπὶ
1844 2055 1947 2118 τῆς

274 2148 383 2218 γῆς
414 2142 450 2210 ἡ
485 2134 615 2215 ἁγία
644 2140 932 2210 θεοτόκος,
963 2138 1054 2194 καὶ
1097 2136 1367 2215 Παρθένος
1400 2135 1493 2208 ἔτη
1524 2138 1600 2201 νθ¹
1632 2137 1829 2198 οὕτως’
1858 2138 1950 2190 Ἐν

269 2237 354 2306 τῷ
383 2235 500 2305 ναῷ
534 2229 628 2300 ἔτη
667 2227 752 2286 ιδ’.
814 2230 918 2286 Καὶ
977 2230 1029 2283 ἐν
1079 2233 1159 2301 τῷ
1217 2228 1353 2302 οἷ’κῳ
1408 2229 1633 2306 ’[ωσὴφ,
1677 2230 1851 2301 μῆνας
1883 2223 1947 2300 δ’,

274 2321 385 2378 Καὶ
416 2319 617 2382 εὖθὲως
674 2316 1043 2396 εὐηγγελίσθη
1102 2318 1207 2374 ὑπὸ
1252 2321 1351 2374 τοῦ
1384 2311 1656 2393 Γαϐριήλ.
1693 2308 1795 2373 Καὶ
1827 2315 1954 2372 συλ-

274 2405 527 2467 λαϐοῦσα
580 2407 731 2464 ἔτεκε
762 2409 851 2464 τὸν
894 2406 1095 2484 Κύριον
1148 2400 1308 2481 ἡμῶν
1343 2409 1558 2479 Ἰησοῦν
1590 2406 1846 2482 Χριστὸν,
1877 2409 1946 2479 τῇ

273 2501 373 2558 κε’.
404 2501 521 2557 Τοὖ
553 2493 888 2574 Δεκεμϐρίου
948 2496 1141 2572 μηνός,
1192 2497 1394 2571 ἡμέρᾳ,
1439 2492 1531 2568 ἔτη
1573 2500 1648 2552 ιε’.
1684 2496 1785 2553 Καὶ
1821 2492 1949 2566 ἔζη-

278 2608 368 2645 σεν
428 2586 516 2644 ἐπὶ
568 2594 668 2657 τῆς
726 2585 1191 2664 ὲνανθρωπήσεως
1245 2590 1344 2641 τοῦ
1404 2584 1609 2661 Κυρίου
1639 2586 1800 2656 ἡμῶν
1837 2585 1947 2655 Ἰη-

290 2674 415 2745 σοῦ,
447 2673 537 2748 ἔτη
587 2674 696 2752 λγ’.
756 2674 864 2732 Καὶ
928 2676 1063 2749 μετὰ
1118 2675 1218 2744 τὴν
1278 2673 1553 2747 ἀνάληψιν
1584 2676 1686 2728 τοῦ
1715 2671 1947 2747 Κυρίου,

295 2762 485 2836 ἔζησεν
517 2764 608 2820 σὺν
635 2768 755 2828 τοῖς
815 2765 1082 2839 μαθηταῖς
1116 2764 1281 2819 αὐτοῦ
1315 2762 1367 2818 ἐν
1406 2765 1487 2836 τῷ
1518 2760 1660 2835 οἷ’κῳ
1692 2761 1946 2819 Ἰωάννου

282 2859 388 2912 τοῦ
419 2852 809 2931 εὐαγγελιστοῦ
841 2851 934 2925 ἔτη
989 2860 1075 2925 ια’,
1131 2852 1414 2929 ἡμέρας...
1447 2848 1691 2926 γίνονται
1722 2848 1813 2922 ἔτη
1848 2858 1950 2921 τῆς

287 2950 443 3016 ζωῆς
470 2944 639 3015 αὐτῆς
668 2947 765 3009 νϐ’.
820 2942 995 3007 Οὗτος
1050 2941 1108 2998 δὲ
1155 2942 1294 2998 ἐστιν
1352 2942 1635 3011 Ἰωάννης,
1667 2938 1724 2995 ὅν
1757 2939 1948 3016 ἠγάπα

282 3036 313 3090 6
345 3032 574 3109 Κύριος,
622 3035 650 3089 6
695 3034 783 3089 καὶ
837 3033 1125 3109 παρθένος,
1160 3033 1188 3087 ὁ
1216 3032 1280 3088 τὸ
1326 3032 1445 3096 καθ’
1480 3030 1664 3087 ἑαυτὸν
1698 3029 1947 3106 Εὐαγγέ⁴

288 3110 414 3182 λιον
463 3122 937 3200 συγγραψάμενος,
995 3123 1143 3185 ὅστις
1201 3119 1412 3195 ἔμεινεν
1445 3119 1498 3177 ἐν
1531 3118 1948 3198 Ἰεροσολύμοις

280 3212 361 3277 εἷς
390 3214 494 3283 τήν
530 3210 838 3288 λεγομένην
901 3211 1059 3288 ἁγίαν
1120 3212 1290 3283 Σιὼν,
1347 3220 1449 3281 τήν
1498 3215 1606 3266 τῶν
1637 3210 1944 3281 ἐκκλησιῶν

2056 2046 2479 2117 sumptionem,
2528 2047 2669 2102 anni
2722 2051 2863 2113 tres,
2924 2047 3050 2103 dies
3096 2051 3184 2103 44.
3238 2049 3394 2104 Vixit
3422 2055 3620 2105 autem
3647 2050 3709 2106 in

2054 2135 2230 2190 terris
2260 2136 2639 2192 sanctissima
2670 2137 2921 2208 Deipara
2958 2143 3017 2192 et
3076 2138 3267 2211 Virgo,
3316 2140 3490 2194 annis
3519 2142 3605 2195 59.
3642 2140 3713 2195 Et

2052 2225 2165 2279 hoc
2197 2225 2439 2295 quidem
2479 2232 2687 2297 pacto:
2741 2227 2809 2281 In
2858 2228 3079 2299 templo
3112 2229 3284 2283 annis
3319 2231 3406 2297 14,
3439 2229 3502 2284 in
3534 2230 3709 2284 domo

2050 2313 2267 2386 Ioseph
2288 2312 2597 2370 mensibus
2618 2318 2671 2381 4,
2695 2317 3015 2387 statimque
3038 2316 3293 2373 salutata
3315 2323 3422 2382 est,
3450 2323 3508 2373 et
3530 2318 3712 2372 divini

2052 2410 2258 2476 partus
2280 2403 2717 2459 internuntium
2736 2421 2769 2459 a
2791 2406 3060 2461 Gabrieie
3083 2406 3440 2478 archangelo
3464 2407 3713 2478 accepit:

2052 2494 2111 2548 et
2140 2506 2277 2549 curn
2306 2494 2680 2566 concepisset
2711 2494 3027 2550 Dominum
3053 2501 3317 2551 nostrum
3346 2497 3719 2552 JesumChri-

2055 2586 2233 2649 stum,
2264 2584 2499 2655 peperit
2530 2580 2807 2638 eumdem
2842 2586 2908 2638 23
2941 2584 3285 2641 Decembris
3308 2585 3471 2641 die...
3524 2601 3716 2641 annos

2052 2676 2194 2726 nata
2225 2673 2311 2726 15.
2346 2670 2501 2727 Vixit
2532 2688 2671 2727 vero
2703 2670 2955 2729 Domino
2988 2680 3192 2730 nostro
3223 2674 3359 2730 Jesu
3390 2675 3717 2743 Christo,in

2053 2760 2317 2817 humana
2348 2766 2562 2817 natura
2593 2762 2689 2817 hic
2717 2762 2945 2819 vivente
2978 2765 3153 2820 annis
3186 2767 3272 2819 33.
3308 2762 3449 2819 Post
3478 2764 3716 2819 Domini

2053 2858 2254 2908 autem
2287 2855 2757 2925 assumptionem
2792 2861 2850 2909 et
2889 2856 3325 2926 ascensionem,
3359 2870 3495 2910 cum
3526 2855 3715 2927 ipsius

2051 2939 2456 3014 discipulis,in
2486 2940 2662 2998 domo
2684 2940 2931 2999 Joannis
2954 2945 3350 3017 evangelista,
3374 2945 3518 2999 vixit
3537 2944 3714 3000 annis

2054 3031 2141 3104 11,
2174 3032 2518 3088 dies...sunt
2533 3049 2669 3088 vero
2691 3035 2832 3089 anni
2857 3051 3064 3090 omnes
3086 3036 3216 3090 vitae
3249 3035 3437 3106 ipsius
3464 3035 3712 3107 virginis

2054 3127 2112 3178 et
2139 3123 2369 3191 matris,
2402 3123 2889 3197 undesexaginta.
2924 3124 3029 3181 Hic
3058 3143 3235 3199 porro
3267 3126 3395 3197 ipse
3425 3131 3515 3181 est
3536 3124 3715 3183 Joan-

2056 3229 2184 3278 nes,
2219 3228 2397 3283 quem
2428 3212 2713 3284 diiigebat
2770 3214 3079 3283 Dominus,
3112 3216 3213 3287 qui
3244 3216 3402 3287 virgo
3433 3216 3583 3271 fuit:
3612 3215 3715 3286 qui

285 3304 519 3380 μητέρα.
578 3303 723 3374 Ᾱῦτη
784 3300 843 3359 δὲ
892 3303 960 3373 ἦν
1017 3304 1053 3372 ἡ
1114 3300 1263 3357 οῗκία
1317 3300 1504 3404 0:13:05.
1567 3301 1714 3404 Ἐκξῖ
1762 3300 1941 3355 τοίνυν

2061 3306 2118 3356 et
2147 3300 2527 3371 Evangelium
2559 3303 2936 3374 conscripsit,
2969 3305 3190 3375 quique
3223 3306 3483 3376 perstitit
3514 3306 3723 3361 Hiero-

283 3392 483 3475 ἔφυγον
519 3393 571 3450 οἱ
603 3392 904 3450 ἀπόστολοι
963 3388 1054 3449 διὰ
1107 3392 1203 3449 τὸ)
1258 3384 1427 3460 φόϐον
1485 3396 1592 3447 τῶν
1642 3384 1941 3449 Ἰουδαίων.

283 3474 434 3542 Ἐκεῖ
468 3488 591 3549 τοῖς
653 3485 925 3558 μαθηταῖς
983 3481 1151 3538 αὐτοῦ
1208 3480 1375 3560 ἐφάνη
1413 3481 1442 3537 6
1474 3479 1690 3557 Κύριος,
1727 3482 1861 3554 μετᾶ
1888 3482 1951 3537 τὸ

283 3575 584 3644 ἀναστῆναι
640 3573 803 3629 αὐτὸν
857 3571 922 3629 ἐκ
977 3577 1087 3628 τῶν
1138 3576 1366 3648 νεκρῶν,
1416 3576 1546 3640 τῶν,
1607 3575 1785 3646 θυρῶν
1862 3592 1953 3627 κε-

284 3662 655 3737 κλεισμένων,
715 3656 802 3718 καί
859 3659 1058 3718 ἔδωκεν
1119 3661 1308 3725 αὐτοῖς
1365 3665 1585 3734 Πνεῦμα
1636 3658 1811 3736 ἅγιον,
1860 3662 1949 3717 καὶ

287 3753 391 3821 τὴν
426 3751 671 3829 εἰρήνην.
720 3752 871 3813 Ἐκεῖ
924 3754 993 3828 τῇ
1049 3748 1220 3829 ὀγδόῃ
1277 3751 1462 3825 ἡμέρᾳ
1490 3749 1948 3828 ἐπληροφόρησεν

288 3843 385 3899 τὸν
439 3848 637 3917 Θωμᾶν
690 3844 719 3898 ὁ
778 3842 999 3918 Κύριος,
1050 3837 1224 3912 δείξας
1268 3838 1420 3913 αὖτῷ
1448 3847 1549 3910 τῆς
1580 3839 1820 3916 πλευρᾶς
1849 3841 1947 3910 τὴν

286 3932 527 4012 σφαγὴν,
566 3931 658 3988 καὶ
700 3933 793 3987 τὸν
851 3930 1019 3987 τύπον
1068 3934 1179 3986 τῶν
1233 3929 1392 4000 ἥλεν·
1445 3931 1590 3984 Ἐκεῖ
1635 3929 1947 4003 ἡτοιμάσθη

282 4024 417 4098 γοῦν
462 4023 542 4091 τῷ
588 4018 772 4094 Κυρίῳ
822 4024 1044 4095 Σωτῆρι
1099 4020 1322 4095 Χριστῷ
1373 4023 1566 4093 φαγεῖν
1611 4018 1676 4073 τὸ
1717 4019 1950 4094 Πάσχα-

290 4111 431 4185 una
486 4113 595 4165 τῶν
660 4109 919 4183 μαθητῶν
981 4107 1167 4166 αὐτοῦ.
1229 4105 1326 4163 Καὶ
1387 4104 1585 4172 ἐκεῖθεν
1622 4104 1953 4181 ὗμνήσαντες

285 4198 525 4270 ἐξῆλθον
578 4196 657 4261 εἷς
706 4198 770 4256 τὸ
815 4187 944 4276 ὅρος
988 4201 1096 4253 τῶν
1148 4188 1405 4267 Ἐλαιῶν,
1442 4195 1519 4259 εἷς
1552 4195 1759 4272 ’χωρίον
1789 4196 1954 4272 λεγό-

292 4308 455 4363 μενον
511 4290 860 4362 Γιθσημανῆ.
918 4289 1067 4344 Ἐκεῖ
1118 4287 1180 4342 τὸ
1232 4290 1452 4362 πρῶτον
1502 4288 1802 4363 μυστήριον
1843 4285 1957 4342 ἐτί-

288 4377 447 4433 λεσεν
478 4376 506 4432 6
538 4376 734 4454 Κύριος
787 4381 885 4433 τοῦ
945 4376 1158 4451 Πατρὸς
1213 4379 1328 4449 (24)
1382 4379 1500 4439 τοῖς
1556 4378 1825 4449 μαθηταῖς
1857 4377 1957 4432 αι’)-

285 4470 408 4523 τοῦ.
498 4464 603 4524 Καὶ
684 4462 1135 4544 ἐμυσταγώγησεν
1236 4466 1426 4526 αὐτοῖς
1503 4466 1603 4536 τὴν
1691 4467 1956 4539 μυστικὴν

287 4552 572 4632 λατρείαν,
632 4554 724 4612 καὶ
780 4551 1012 4632 ἔκειρεν,
1090 4554 1180 4612 καὶ
1257 4552 1551 4630 εὐλόγησεν
1619 4551 1816 4616 αὐτοὺς
1867 4556 1953 4609 καὶ

295 4644 741 4721 ἆχειροτύνησεν,
800 4645 892 4703 καὶ
950 4642 1263 4718 παρέδωκεν
1319 4642 1505 4706 αὐτοῖς
1556 4645 1656 4712 τὴν
1692 4645 1959 4715 μυστικήν

2060 3390 2307 3464 solymis
2331 3391 2392 3445 in
2416 3396 2621 3447 sancta
2643 3392 2767 3447 aede
2795 3392 2989 3447 Sionis
3010 3391 3187 3461 dicta,
3220 3392 3580 3465 templorum
3604 3410 3725 3449 om-

2061 3482 2228 3537 nium
2287 3487 2498 3551 matre,
2556 3482 2667 3538 hoc
2725 3483 2913 3555 ipsius
2970 3488 3097 3539 erat
3153 3483 3545 3540 domicilium.
3579 3484 3724 3540 illuc

2061 3573 2242 3645 igitur
2271 3571 2549 3644 apostoli,
2584 3579 2826 3645 pr0pter
2852 3579 3076 3628 metum
3118 3573 3480 3642 Iudaeorum,
3513 3575 3720 3630 confu-

2060 3670 2292 3738 gerunt.
2317 3660 2447 3717 illic
2472 3662 2700 3717 foribus
2721 3663 3281 3736 clausis,discipnlis
3304 3664 3426 3720 suis
3448 3664 3726 3735 apparuit

2062 3752 2373 3816 Dominus,
2396 3756 2786 3824 posteaquam
2810 3769 2844 3807 a
2866 3753 3115 3808 mortuis
3149 3754 3373 3808 exstitit
3398 3770 3410 3808 :
3447 3759 3505 3809 et
3533 3752 3722 3826 Spiri-

2060 3848 2186 3899 tum
2219 3846 2515 3906 sanctum,
2572 3846 2633 3896 et
2678 3858 2887 3914 pacem
2946 3840 3171 3899 eisdem
3226 3841 3411 3898 dedit.
3464 3842 3594 3898 illic
3624 3844 3721 3898 die

2060 3938 2264 3989 octavo
2276 3934 2561 3988 Thomam
2582 3939 2894 3988 nutantem
2908 3939 3137 3989 certum
3158 3934 3720 3990 reddiditDominus

2062 4023 2268 4079 lateris
2297 4022 2389 4077 sui
2424 4022 2615 4093 plaga,
2641 4028 2699 4076 et
2730 4023 3028 4077 clavorum
3058 4022 3274 4088 forma,
3306 4028 3365 4079 et
3395 4022 3589 4097 effigie
3620 4022 3724 4078 de-

2061 4116 2415 4167 monstrata.
2448 4110 2577 4166 Illic
2603 4111 2848 4166 Domino
2873 4111 3160 4168 Servatori
3192 4117 3395 4167 nostro
3427 4111 3725 4184 paschalis

2064 4220 2274 4277 agnus,
2309 4219 2485 4274 quem
2515 4219 2651 4258 cum
2682 4203 2808 4258 suis
2838 4202 3041 4258 ederet
3063 4200 3391 4273 discipulis,
3412 4201 3523 4256 fuit
3544 4218 3730 4274 appa—

2064 4298 2251 4349 ratus.
2282 4293 2475 4348 Etiam
2507 4291 2644 4346 inde
2703 4292 2766 4347 in
2824 4291 3022 4347 locum
3053 4292 3447 4346 Gethsemane
3480 4289 3730 4361 dictum,

2069 4381 2289 4454 egressi
2322 4385 2480 4435 sunt.
2538 4379 2765 4435 ibidem
2823 4381 3014 4451 primo
3068 4386 3289 4435 sanctas
3341 4379 3729 4434 Eucharistim

2067 4468 2420 4543 mysteriUm
2454 4469 2712 4524 confecit
2764 4466 3053 4533 Christus,
3114 4469 3359 4540 suisque
3419 4467 3730 4539 discipulis

2074 4552 2337 4626 tradidit,
2395 4558 2715 4631 mysticum
2774 4559 3004 4614 cultum
3064 4558 3321 4621 edocuit.
3379 4564 3438 4614 et
3486 4563 3734 4614 tonsura

2071 4648 2209 4705 data
2238 4648 2301 4702 in
2334 4646 2560 4702 clerum
2609 4648 2838 4710 ascivit,
2896 4647 3338 4703 benedictionis
3370 4648 3730 4704 beneﬁcium

293 4712 555 4809 λατρείαν
604 4712 738 4791 τῶν,
766 4712 1209 4812 προσταγμάτων
1276 4733 1468 4802 adeo},
1516 4732 1608 4786 καὶ
1658 4712 1951 4806 μέγαλιίωκ

2073 4737 2579 4810 impendit,sacris
2598 4736 2923 4793 Ordinibus
2946 4737 3232 4804 initiavit;
3257 4743 3443 4794 totam
3465 4738 3736 4793 omnium

296 4823 492 4893 αὐτοῦ,
548 4824 644 4879 καὶ
702 4827 876 4880 πᾶσαν
930 4825 1030 4892 τὴν
1100 4820 1245 4891 θέαν,
1304 4821 1395 4878 καὶ
1451 4817 1607 4894 δόξαν
1661 4822 1760 4889 τῆς
1820 4819 1966 4886 θείας

295 4919 524 4987 μορφῆς
580 4913 775 4984 αὐτοῦ,
845 4910 936 4968 καί
1019 4911 1198 4968 αὐτῶν
1255 4914 1362 4966 τῶν
1427 4908 1707 4986 μακαρίων
1761 4911 1961 4965 θεατῶν

293 5002 490 5075 αὐτοῦ,
545 5004 637 5059 καὶ
687 5008 861 5059 πᾶσαν
911 5004 1014 5073 τὴν
1064 4999 1245 5075 δόξαν,
1304 5002 1393 5057 καὶ
1453 5002 1686 5075 κόσμον,
1734 5002 1824 5057 καὶ
1870 4997 1962 5057 ἕλ-

292 5093 513 5167 λαμψιν
567 5100 671 5165 τῆς
721 5092 1054 5165 Ἐκκλησίας
1103 5092 1290 5163 αὐτοῦ,
1339 5093 1429 5147 καὶ
1474 5092 1574 5161 τὴν
1624 5091 1767 5147 θείαν
1804 5093 1966 5167 μετά-

292 5178 471 5256 ληψιν
524 5185 623 5238 τοῦ
681 5181 872 5259 τιμίου
931 5183 1211 5257 σώματος,
1269 5181 1361 5236 καὶ
1391 5178 1624 5254 α’ίματος
1654 5180 1845 5253 αὐτοῦ,
1876 5181 1966 5237 καὶ

292 5266 611 5347 Νικοδήμῳ
665 5277 745 5345 τῷ
802 5275 982 5346 πιστῷ
1053 5271 1160 5350 πρὸ
1215 5274 1318 5327 τοῦ
1366 5269 1573 5333 πάθους
1632 5271 1819 5343 αὐτοῦ,
1878 5272 1967 5328 καὶ

367 5434 482 5505 (22)
505 5433 679 5491 Forte
710 5435 883 5492 deest
911 5432 1101 5489 αὐτοῦ.

370 5503 485 5578 (23)
515 5506 700 5563 Locus
752 5508 1000 5563 mutilus
1027 5512 1145 5564 est.
1185 5506 1419 5578 Citatur
1446 5517 1482 5561 θ.
1506 5503 1687 5578 Glyca
1720 5524 1784 5562 in
1816 5513 1969 5578 part.

290 5574 538 5651 Annal,
569 5580 742 5650 cujus
773 5579 952 5635 verba
982 5579 1286 5650 interpres
1320 5577 1407 5632 sic
1440 5574 1737 5651 reddidit:
1777 5574 1972 5651 neque

288 5650 461 5707 enim
482 5650 610 5720 jam
641 5646 718 5707 ad
750 5664 999 5707 manum
1032 5656 1125 5706 est
1148 5646 1397 5705 Graecus
1431 5646 1615 5703 codex
1649 5646 1973 5720 Giycaste

286 5721 697 5795 nonnutlorum
726 5725 953 5795 quidem
988 5722 1383 5779 historicorum
1419 5721 1708 5795 sententia,
1737 5736 1975 5792 praeser-

291 5795 406 5851 tim
437 5792 753 5867 Hippolyta“
768 5795 1033 5867 Thebani,
1057 5800 1186 5866 post
1210 5794 1435 5851 Domini
1487 5808 1559 5850 ea:
1603 5796 1836 5852 mortuis
1878 5812 1972 5853 re-

2074 4842 2447 4893 arcanorum,
2484 4843 2615 4897 quas
2668 4827 2731 4882 in
2782 4826 3080 4883 mandatis
3102 4826 3299 4896 dabat,
3325 4834 3384 4883 et
3403 4828 3737 4900 majestatis

2076 4934 2196 4974 sum
2221 4916 2436 4972 seriem
2451 4916 2741 4987 exposuit,
2757 4916 3128 4989 gloriamque
3144 4915 3357 4973 divinae
3373 4936 3494 4974 suae
3507 4917 3736 4983 formae,

2076 5006 2532 5075 beatorumque,
2581 5019 2617 5061 ιι
2670 5006 2889 5075 quibus
2947 5011 3268 5077 spectatur,
3330 5005 3737 5079 spectaculum

2076 5095 2361 5151 exhibuit.
2390 5099 2456 5149 ut
2486 5099 2545 5149 et
2571 5095 3103 5168 magnificentiam,
3128 5102 3427 5163 ornatum,
3453 5094 3738 5166 splendo-

2077 5196 2325 5259 remque
2358 5182 2635 5242 Ecclesiae
2667 5203 2788 5243 suae
2815 5204 2827 5242 :
2879 5184 3120 5243 eosdem
3159 5187 3357 5243 divina
3384 5183 3650 5257 corporis
3681 5188 3741 5239 et

2079 5277 2387 5352 sanguinis
2417 5277 2508 5333 sui
2540 5278 2962 5335 communione
2992 5278 3279 5352 dignatus
3300 5281 3424 5346 est;
3456 5280 3523 5331 ut
3551 5279 3613 5331 et
3641 5274 3738 5331 Ni-

2078 5439 2470 5494 surrectiontm
2499 5440 2638 5493 anni
2684 5444 2888 5508 septem
2924 5440 3335 5508 praeterieram,
3369 5452 3490 5492 cum
3517 5435 3740 5492 testium

2084 5508 2330 5565 veritatis
2355 5511 2612 5581 princeps
2668 5510 2763 5564 ille
2813 5511 3123 5579 Stephanus
3175 5511 3390 5565 beatum
3419 5510 3546 5581 vita
3572 5511 3738 5576 ﬁnem

2082 5588 2159 5638 est
2190 5588 2526 5636 consecutus.
2546 5580 2650 5636 "Ab
2683 5582 2801 5650 ejus
2838 5588 3017 5635 autem
3060 5588 3236 5636 morte
3266 5580 3537 5634 mensibus
3564 5592 3739 5650 prope

2081 5669 2178 5709 sex
2209 5653 2427 5722 elapsis,
2471 5654 2632 5708 Pauli
2679 5657 2895 5708 vacatio
2922 5656 3078 5721 facta
3125 5659 3221 5708 est.
3257 5652 3369 5707 Sed
3400 5650 3528 5705 vide
3562 5650 3740 5705 Baro-

2083 5725 2251 5780 nium
2282 5724 2499 5780 Annal.
2546 5726 2761 5796 primo.
2796 5725 2985 5796 Cuivis.

2154 5797 2271 5868 (24)
2299 5796 2472 5853 Forte
2493 5794 2596 5861 τῆς
2625 5794 2995 5871 εὐχαριστίαςε
