4096 6428
293 380 446 443 1οι1

1765 382 2276 447 FRAGMENTA.

3563 395 3723 458 1042

293 512 457 589 γαίου
498 516 600 569 τοῦ
657 508 897 585 ἀδελφοῦ
952 512 1229 590 Ζαχαρίου
1283 517 1383 569 τοῦ
1437 514 1642 589 πατρὸς
1700 513 1935 571 Ἰωάννοι

2068 520 2307 592 chariaa,
2341 527 2443 598 qui
2473 527 2670 585 fuerat
2693 533 2862 601 pater
2889 530 3132 586 Joannis
3166 531 3462 603 Baptista),
3504 529 3728 590 Christi

290 609 393 661 τοῦ
422 600 779 679 Προδρόμου,
813 602 935 658 υἱοῦ
968 603 1270 678 Βαραχίου,
1317 607 1415 660 τοῦ
1463 604 1589 659 υἱοῦ
1646 599 1805 662 ’Λϐιᾶ
1850 609 1935 660 τοῐ

2059 612 2395 682 Prodromi,
2418 617 2527 672 filii
2560 599 2881 683 Barachiaa,
2916 619 3022 674 ﬁlii
3080 599 3619 678 Abiit—sacerdotis.
3656 626 3727 679 Et

292 693 508 768 ἱερέως.
542 692 643 748 Καὶ
698 691 823 747 τότε
881 691 1178 769 ἐχήρευσεν
1242 694 1459 765 Ἰωσὴρ,
1521 694 1595 755 ὡς
1652 693 1787 749 εἶναι
1846 696 1946 763 τήν

295 781 607 856 Σαλώμην,
664 781 756 838 καὶ
808 781 901 836 τὸν
959 783 1269 852 Βαπτιστῆν
1360 782 1639 853 Ἰωάννην,
1696 780 1946 861 ἀδελφῶν

291 873 456 929 τὲκνα
481 870 804 948 ἆρῥενικῶν.
860 871 919 928 Ὀ
973 870 1078 947 γὰρ
1139 872 1417 946 Ἀγγαῖος,
1468 872 1586 933 υἱὸς
1645 872 1945 947 Βαραχίου,

292 964 439 1022 θεῖος
468 963 535 1031 ἦν
568 960 840 1018 Ἰωάννου.
879 960 1121 1033 Ὁμοίως
1156 958 1212 1015 δὲ
1241 960 1332 1015 καὶ
1357 961 1654 1036 Ζαχαρίας,
1711 957 1945 1039 ἀδελφὸς

294 1049 365 1119 ἦν
407 1049 688 1124 Ἀγγαίου,
723 1053 869 1112 θεῖος
911 1045 969 1103 δὲ
1002 1045 1286 1120 Σαλώμης
1313 1050 1414 1118 τῆς
1445 1048 1701 1123 γυναικὸς
1745 1050 1943 1127 Ἰωσηφ

292 1145 390 1196 τοῦ
437 1142 708 1202 ιιὲκιιτονος⁸
791 1139 1072 1213 Σαλώμην
1133 1136 1191 1194 δέ
1249 1161 1417 1217 φημι,
1476 1139 1540 1194 οὐ
1595 1140 1695 1208 τὴν
1758 1140 1942 1212 μαίαν,

288 1230 438 1287 ἀλλὰ
468 1233 594 1302 ξτήν
651 1237 881 1308 γυναῖκα
931 1233 1156 1309 Ἰωσήφ.
1216 1233 1278 1288 Ἢ
1337 1232 1443 1307 γὰρ
1486 1231 1619 1303 μαία
1672 1231 1778 1286 ἀπὸ
1835 1238 1941 1302 Βη-

290 1320 465 1394 θλεὶμ
520 1321 835 1396 ἐτύγχανεν,
888 1320 1081 1395 ἀνεψιὰ
1126 1320 1217 1375 καὶ
1275 1319 1409 1388 αὖτή
1456 1322 1590 1375 οὗσα
1633 1328 1735 1389 τῆς
1790 1320 1943 1375 Ἐλι-

286 1406 474 1482 σάὸετ,
525 1411 615 1467 καὶ
673 1417 773 1480 τῆς
830 1412 983 1486 ἁγίας
1043 1412 1317 1486 Παρθένου
1376 1410 1587 1485 Μαρίας
1644 1413 1779 1485 [(31)
1836 1408 1940 1467 Καὶ

286 1499 461 1571 δηλοῖ
486 1502 550 1556 τὸ
578 1500 716 1556 κατᾶ
754 1506 965 1556 Λουκᾶν
1009 1501 1160 1577 ἅγιον
1212 1499 1599 1576 Εὐαγγέλιον.]
1649 1499 1785 1575 Τρία
1835 1499 1940 1574 γὰρ

283 1592 424 1659 ἦσαν
469 1587 703 1667 ἀδέλφια
757 1591 864 1645 ἀπὸ
924 1588 1199 1663 Βηθλεὲμ,
1263 1592 1553 1665 θυγατέρες
1603 1592 1791 1646 Ματθᾶ
1842 1593 1940 1644 τοῦ

283 1680 477 1753 ἱερέως
508 1680 599 1735 καὶ
640 1680 852 1755 Μαρίας
879 1686 978 1748 τῆς
1011 1678 1175 1734 αὐτοῦ
1207 1679 1502 1754 ,γυναικὸς,
1551 1677 1640 1734 ἐπὶ
1691 1680 1789 1747 τῆς
1842 1680 1942 1752 βα-

284 1768 495 1830 σιλείας
557 1766 930 1843 Κλεοπάτρας,
991 1769 1078 1823 καὶ
1138 1770 1471 1841 Σιοπάτωρος
1525 1772 1627 1823 τοῦ
1706 1769 1938 1842 Πέρσου,

281 1860 392 1935 πρὸ
421 1864 524 1926 τῆς
579 1856 857 1933 βασιλείας
905 1855 1158 1933 Ἡρώδου
1208 1858 1331 1912 υἱοῦ
1377 1856 1757 1932 Ἀντιπάτρου,
1799 1853 1934 1912 ὅνο-
1967 1890 2012 1953 Β

286 1970 363 2023 μα
393 1947 462 2023 τῇ
496 1949 689 2023 πρώτῃ
753 1946 958 2023 Μαρία,
1021 1947 1112 2003 καὶ
1171 1944 1345 2021 ὄνομα
1398 1952 1468 2022 τῇ
1536 1945 1758 2024 δευτέρᾳ
1818 1955 1935 2003 Σω-

283 2036 385 2111 μαὶ
445 2032 705 2112 [Σωϐαὶ],
756 2038 845 2092 καὶ
896 2041 965 2111 τῇ
996 2038 1043 2113 γ’
1072 2039 1253 2094 Ἄννα.
1306 2039 1524 2112 Ἐγημε
1571 2036 1629 2092 δὲ
1659 2040 1693 2107 ἡ
1730 2038 1828 2111 μία
1886 2037 1938 2093 ἐν

276 2125 554 2199 Βηθλεὲμ,
605 2127 697 2181 καὶ
754 2119 929 2181 ἔτεκεν
982 2126 1285 2201 Σαλώμην,
1328 2128 1428 2195 τήν
1484 2126 1667 2200 μαίαν.
1719 2128 1941 2202 Ἥγημε

282 2213 342 2271 δὲ
371 2216 463 2270 καὶ
493 2216 528 2286 ἠ
559 2212 780 2289 δευτέρα
809 2214 865 2270 ἐν
898 2214 1167 2287 Βηθλεέμ.
1228 2216 1331 2273 Καὶ
1377 2213 1523 2271 ἔτεκε
1570 2218 1670 2285 τὴν
1720 2203 1941 2272 Ἐλισα-

276 2300 395 2362 ϐετ.
429 2308 650 2380 ’Έγημε
682 2303 739 2360 δὲ
766 2305 857 2360 καὶ
897 2306 932 2375 ἠ
982 2306 1142 2381 τρίτη
1198 2305 1274 2368 εἷς
1318 2307 1418 2375 τὴν
1467 2313 1572 2381 γῆν
1621 2313 1723 2376 τῆς
1773 2307 1936 2363 Γαλι-

285 2393 449 2458 λαίας
504 2399 632 2467 (32).
693 2395 783 2450 καὶ
843 2391 988 2451 ἔτεκε
1047 2395 1258 2469 Μαρίαν
1315 2397 1415 2465 τήν
1501 2393 1792 2455 Θεοτόκον.
1850 2397 1940 2461 Ὠς

275 2488 415 2541 εἶναι
446 2486 547 2554 τήν
582 2482 886 2557 Σαλώμην,
921 2484 1008 2540 καὶ
1035 2489 1134 2555 τήν
1169 2482 1477 2556 Ἐλισάϐετ,
1508 2485 1601 2541 καὶ
1629 2488 1730 2556 τήν
1761 2487 1934 2563 ξάγίαν

279 2576 499 2650 Μαρίαν
550 2576 651 2644 τήν
709 2576 997 2645 Θεοτόκον,
1085 2577 1375 2651 θυγατέρας
1456 2574 1704 2653 ἀδελφῶν
1768 2582 1936 2651 τριῶν

277 2664 518 2734 θηλέων.
579 2666 854 2729 Ἐντεῦθεν
915 2663 1006 2719 οὗν
1059 2666 1087 2719 6
1142 2667 1449 2733 Ηαπτιστής
1507 2666 1794 2737 Ἰωάννης,
1844 2665 1933 2720 καὶ

280 2752 311 2806 6
346 2751 544 2826 Κύριος
575 2755 735 2827 ἡμῶν
792 2752 1006 2827 ἀνεψιοὶ
1059 2752 1310 2825 λέγονται
1370 2755 1529 2812 εἶναι.
1581 2752 1704 2815 Υἱὸς
1751 2750 1810 2808 δὲ
1854 2757 1935 2826 τῷ

280 2842 493 2909 Ἰωσήφ
525 2840 734 2918 λέγεται
769 2842 930 2911 εἶναι,
962 2839 1153 2911 ἐπειδὴ
1209 2846 1316 2897 τῶν
1369 2844 1499 2897 υἱῶν
1549 2842 1715 2897 αὐτοῦ
1773 2841 1935 2898 ἀδελ-

282 2930 385 3007 φός
420 2930 531 2987 ἐστι
562 2934 687 3007 (33)
716 2931 776 2988 ἐκ
811 2938 915 3002 τῆς
963 2938 1392 3010 συνανατροφῆς,
1435 2931 1527 2987 καὶ
1576 2938 1678 3002 τῆς
1734 2953 1932 3008 συγγε-

272 3019 423 3082 νείας
454 3024 571 3095 (34)
600 3025 698 3076 τοῦ
727 3022 987 3097 Ἀγγαίου
1018 3019 1258 3097 ἀδελφοῦ
1283 3021 1563 3106 Ζοαχαρίου
1590 3024 1688 3077 τοῦ
1719 3022 1930 3098 ἱερέως.

346 3114 424 3171 ΕΓ.
488 3118 607 3190 (35)
663 3119 916 3170 Γεννᾶται
974 3115 1158 3169 τοίνυν
1191 3114 1221 3169 6
1253 3113 1456 3189 Κύριος
1505 3115 1670 3187 ἡμῶν
1724 3114 1933 3185 Ἰησοῦς

272 3206 531 3276 Χριστὸς,
565 3202 627 3260 ἐκ
682 3201 863 3281 φυλῆς
922 3201 1123 3260 Ἰούδα·
1177 3202 1237 3259 ἐκ
1288 3202 1596 3277 σπέρματος
1646 3198 1812 3258 Δαϐὶδ
1868 3203 1931 3259 τὸ

273 3294 414 3350 κατᾶ
471 3294 666 3366 σάρκα,
718 3291 804 3348 Ξπ⁹
861 3290 1097 3368 ἰσχὰἱτου
1150 3296 1259 3349 τῶν
1316 3291 1565 3368 ⁴ἡμέρων,
1641 3297 1936 3366 μεσοῦντος

271 3390 372 3441 τοῦ
402 3381 784 3459 ἐξακισχιλίου
841 3379 1018 3453 ἔτους,
1060 3381 1114 3438 ἑν
1169 3386 1249 3455 τῷ
1302 3383 1395 3457 μβ⁸
1451 3377 1558 3438 ἔτει
1617 3381 1932 3457 Αὐγούστου

271 3477 378 3529 τοῦ
412 3470 708 3549 βασιλέως,
741 3471 794 3527 ἐν
832 3471 965 3546 μηνὶ
987 3466 1308 3547 Δεκεμϐρίῳ
1336 3473 1432 3541 κε’,
1461 3471 1654 3536 νυκτὸς
1697 3479 1749 3545 ι’,
1779 3473 1930 3546 ἡμι-

276 3583 376 3638 ρας
409 3563 456 3617 α’
486 3566 621 3637 (36).

351 3652 416 3720 ζ’.
445 3650 723 3707 Γνωστὲον
757 3648 816 3706 δὶ
861 3650 952 3706 καὶ
1007 3654 1192 3721 τοῦτο,
1248 3650 1341 3704 ἳνα
1398 3649 1450 3720 ἐξ
1518 3650 1699 3725 ἀρχῆς
1750 3648 1931 3726 δείξῃς

284 3742 387 3793 τοῦ
419 3738 681 3796 Ἰουδαίου
708 3740 777 3795 τὰ
822 3740 1082 3816 ἆπαρχῆς
1137 3738 1372 3810 κόσμου,
1428 3735 1628 3809 ἔπαρον
1688 3739 1793 3794 ἀπὸ
1835 3743 1933 3794 τοῦ

288 3827 728 3903 πρωτοπλάστου
787 3827 989 3903 ’Δδὰμ,
1046 3827 1154 3891 ἓως
1213 3832 1354 3897 Νῶε,
1410 3827 1490 3905 ἐφ’
1521 3828 1567 3900 ᾦ
1598 3830 1627 3883 6
1660 3827 1935 3884 κατακλυ-

284 3920 428 3992 σμὸς
482 3918 690 3996 γέγονε,
751 3919 1005 3998 γεγόνασι
1091 3918 1265 3995 γενεσὶ
1324 3915 1471 3987 δέκα,
1557 3914 1651 3990 ἔτη
1741 3920 1930 3995 βρμβ⁶.

272 4010 525 4083 Ὁμοίως
571 4008 662 4064 καὶ
728 4009 836 4064 ἀπὸ
892 4012 990 4063 τοῦ
1044 4007 1434 4081 κατακλυσμοῦ
1486 4007 1591 4068 ἓως
1654 4003 1931 4083 Ἀϐραὰμ,

267 4096 451 4174 γενεαὶ
487 4098 537 4169 ι’,
569 4094 662 4168 ἔτη
705 4117 838 4153 ασο.
898 4091 1156 4172 Ἀϐραὰμ
1210 4096 1278 4165 ἦν
1339 4094 1475 4150 ἑτῶν
1529 4097 1604 4151 os‘
1655 4096 1746 4152 ὅτε
1801 4118 1933 4170 μετ-ι

263 4189 483 4261 ᾤκησεν
541 4185 619 4249 είς
677 4187 777 4256 τήν
835 4185 1135 4241 Χαναναίαν
1195 4191 1321 4261 γῆν,
1382 4183 1441 4239 ἐκ
1492 4191 1592 4255 τῆς
1676 4190 1928 4241 Μεσοπο-

264 4276 682 4349 ταμίας,κακεῖ
720 4272 1007 4349 διατρίψας
1060 4269 1155 4345 ἔτη
1215 4280 1309 4345 κε⁴,
1371 4272 1518 4329 ἔτεκε
1571 4274 1664 4329 τὸν
1727 4273 1926 4333 Ἰσαάκ.

272 4368 339 4421 Ξ¹
398 4363 455 4421 δὲ
508 4364 601 4436 ἔτη
664 4367 871 4441 βιώσας
930 4367 958 4420 ὁ
1028 4364 1227 4436 Ἰσαὰκ,
1313 4370 1469 4441 γεννᾷ
1555 4362 1750 4429 παῖδας
1808 4362 1927 4436 δύο,

272 4459 469 4525 Ἡσαῦ,
500 4455 590 4510 καὶ
626 4449 840 4512 Ἰακώϐ.
876 4452 1159 4523 Κατῆλθεν
1196 4453 1273 4516 εἰς
1327 4452 1601 4527 Αἴγυπτον
1651 4455 1765 4527 ἅμα
1813 4459 1930 4516 τοῖς

275 4546 495 4603 δώδεκα
547 4546 712 4602 αὐτοῦ
764 4546 854 4602 καὶ
910 4551 1029 4607 τοῖς
1082 4545 1324 4621 ἐγγόνοις
1396 4544 1687 4620 [ἐκγόνοις]
1739 4546 1927 4615 αὐτοῦ,

2061 707 2201 758 tunc
2232 706 2477 775 quidem
2508 707 2722 764 viduus
2753 714 2881 764 erat
2935 709 3174 780 Joseph,
3234 716 3299 765 ut
3356 712 3612 781 Salome,
3667 720 3728 770 et

2056 791 2315 849 Joannes
2344 795 2607 867 Baptista
2627 797 2879 853 fratrum
2918 815 3334 870 germanorum
3369 800 3491 855 sint
3518 800 3717 858 liberi.

2055 881 2290 937 Etenim
2316 888 2919 958 Aggeusﬁarachize,
2937 888 3375 960 filius,patruus
3396 895 3525 945 erat
3542 891 3718 947 Joan-

2056 970 2170 1025 nis.
2197 972 2508 1030 Zacharias
2525 976 2691 1043 item,
2728 976 2911 1032 frater
2941 978 3143 1050 Aggai,
3176 983 3420 1049 patruus
3451 985 3579 1035 erat
3607 980 3715 1035 Sa-

2054 1059 2265 1129 lomes;
2301 1080 2479 1133 quam
2501 1066 2718 1137 Joseph
2747 1065 2916 1121 faber
2946 1067 3006 1120 in
3039 1067 3713 1125 matrimoniohabebat.

2056 1148 2329 1205 Salomen
2364 1158 2563 1208 autem
2594 1154 2748 1222 dico,
2784 1171 2907 1209 non
2940 1154 3319 1210 obstetricem
3366 1156 3554 1225 illam,
3607 1156 3712 1212 sed

2051 1237 2294 1310 Josephi
2326 1242 2663 1315 conjugem.
2698 1244 2993 1300 Obstetrix
3016 1245 3177 1300 enim
3211 1262 3240 1300 e
3262 1245 3566 1301 Bethleem
3591 1254 3720 1303 erat

2054 1328 2327 1390 oriunda.
2363 1337 2421 1385 et
2449 1332 2579 1403 ipsa
2619 1334 2982 1389 consobrina
3030 1334 3350 1397 Elisabeth.
3403 1341 3462 1391 et
3517 1353 3717 1392 sacro-

2058 1425 2278 1473 sanctae
2312 1421 2569 1494 Virginis
2601 1424 2815 1479 Maria).
2846 1425 3032 1496 quue
3051 1425 3239 1480 sancti
3266 1426 3431 1480 Luem
3455 1425 3719 1482 declarat

2052 1507 2460 1580 Evangelium.
2493 1513 2633 1567 Tres
2664 1513 2827 1569 enim
2861 1530 3096 1569 sorores
3128 1520 3300 1569 erant
3358 1515 3717 1571 Bethleemi-

2051 1597 2206 1666 ticae,
2242 1600 2568 1656 sacerdotis
2600 1604 2836 1658 Mathan
2869 1603 3029 1671 filim,
3065 1610 3124 1659 et
3151 1605 3353 1659 uxoris
3385 1604 3548 1660 illius
3591 1607 3714 1660 Ma-

2050 1687 2154 1742 riae
2180 1705 2193 1754 ;
2220 1695 2504 1761 regnante
2527 1691 2840 1764 Cleopatra
2864 1694 3089 1765 regina,
3126 1699 3183 1748 et
3204 1694 3484 1765 SOpatore
3507 1696 3711 1763 Persa,

2050 1776 2230 1848 idque
2260 1785 2580 1850 antequam
2610 1781 2871 1836 Herodes
2906 1781 3070 1837 ﬁlius
3120 1783 3408 1853 Antipatri
3460 1800 3710 1856 regnum

2051 1865 2360 1922 Judaicum
2408 1867 2723 1926 obtineret.
2771 1871 2999 1925 Nomen
3053 1871 3264 1942 primm
3307 1875 3436 1925 erat
3491 1872 3713 1939 Maria;

2053 1971 2270 2011 nomen
2308 1957 2584 2012 secundm
2628 1959 2856 2013 Somae:
2920 1960 3096 2013 tertia
3150 1959 3462 2015 dicebatur
3519 1965 3712 2017 Anna.

2048 2046 2251 2100 Prima
2281 2048 2563 2117 nupsitin
2595 2048 2924 2116 Bethleem,
2946 2053 3006 2103 et
3027 2047 3304 2103 Salomen
3328 2048 3712 2104 obstetricem

2044 2135 2268 2205 genuit.
2304 2135 2502 2192 Altera
2530 2136 2754 2192 ibidem
2786 2137 2999 2208 nuptui
3033 2135 3148 2191 fuit
3166 2136 3406 2203 tradita,
3442 2143 3502 2191 et
3523 2137 3712 2193 Elisa-

2044 2222 2285 2279 betham
2318 2225 2567 2297 peperit.
2592 2226 2787 2281 Tertia
2804 2226 2865 2281 in
2889 2225 3131 2281 Calilaea
3148 2226 3444 2297 nupsit,et
3462 2227 3706 2283 Mariam

2046 2313 2357 2384 Deiparam
2390 2315 2596 2387 genuit
2617 2331 2630 2369 :
2654 2320 2720 2369 ut
2740 2315 3064 2382 Salome,et
3084 2315 3477 2382 Elisabeth,et
3500 2322 3708 2373 sancta

2044 2402 2227 2458 Maria
2260 2403 2506 2474 Deipara
2536 2404 2716 2459 trium
2748 2420 3021 2459 sororum
3054 2404 3176 2459 sint
3194 2403 3551 2475 ﬁlimAtque
3566 2406 3708 2461 hinc

2041 2491 2299 2547 Joannes
2349 2493 2633 2564 Baptista,
2690 2498 2750 2549 ct
2804 2494 3073 2549 Christus
3133 2492 3424 2548 Dominus
3476 2500 3701 2562 noster,

2042 2580 2386 2636 consobrini
2416 2598 2547 2637 esse
2569 2583 2885 2637 dicuntur:
2920 2583 3082 2638 illius
3114 2598 3251 2637 vero
3306 2583 3528 2654 Joseph
3578 2600 3707 2640 esse

2041 2669 2362 2726 ferebatur.
2397 2671 2687 2736 Quoniam
2723 2672 2987 2727 filiorum
3017 2671 3207 2743 ipsius
3236 2671 3420 2726 frater
3450 2676 3559 2740 est,
3583 2689 3705 2729 non

2042 2775 2114 2815 ex
2145 2775 2213 2813 eo
2247 2759 2465 2827 solum,
2490 2759 2652 2831 quod
2667 2776 2788 2815 una
2807 2760 2992 2816 fuerit
3012 2760 3295 2827 nutritus,
3325 2765 3383 2814 et
3397 2760 3706 2831 educatus,

2039 2864 2245 2903 verum
2275 2847 2456 2902 etiam
2488 2865 2560 2903 ex
2591 2849 2787 2921 Aggaai
2817 2848 3019 2905 fratris
3049 2848 3344 2904 Zacharias
3378 2849 3704 2905 sacerdotis

2043 2936 2416 3008 cognatione.

2110 3114 2173 3171 ν.
2198 3114 2468 3170 Nascitur
2488 3114 2690 3186 itaque
2709 3116 2997 3171 Dominus
3018 3120 3224 3171 noster
3238 3116 3407 3172 Jesus
3428 3115 3698 3172 Christus

2046 3219 2117 3258 ex
2145 3203 2305 3259 tribu
2332 3204 2481 3259 Juda
2511 3208 2571 3258 et
2598 3220 2629 3258 e
2662 3205 2892 3260 semine
2946 3204 3147 3271 David,
3203 3205 3532 3260 secundum
3579 3205 3700 3260 hu-

2044 3309 2288 3350 manam
2319 3299 2619 3362 naturam,
2652 3293 2864 3350 diebus
2902 3293 3247 3366 postremis,
3299 3295 3440 3350 6000
3471 3311 3507 3350 a
3535 3309 3705 3351 crea-

2042 3384 2204 3438 tione
2235 3382 2445 3439 mundi
2477 3399 2657 3451 anno,
2689 3384 2759 3437 42
2788 3383 3037 3456 Augusti
3079 3384 3457 3455 imperatoris
3516 3399 3700 3452 anno,

2038 3489 2243 3528 mense
2277 3472 2587 3528 Decembri
2620 3474 2709 3540 25,
2737 3472 2931 3528 noctis
2955 3472 3105 3528 hora
3136 3474 3201 3527 lo
3233 3472 3330 3527 die
3362 3476 3411 3530 l.

2112 3652 2200 3706 VI.
2236 3650 2557 3707 Sciendum
2590 3667 2725 3707 vero
2759 3650 2939 3707 etiam
2979 3650 3156 3721 illud,
3187 3657 3254 3707 ut
3282 3667 3318 3707 a
3344 3651 3696 3724 primordio,

2037 3740 2365 3796 secundum
2380 3740 2685 3797 Hebraaam
2699 3741 3442 3812 computationem,mundi
3456 3741 3701 3796 demon-

2036 3835 2189 3886 stres
2216 3830 2530 3900 originem,
2576 3830 2737 3901 tolle,
2781 3836 2957 3901 atque
3007 3829 3195 3898 aufer,
3248 3847 3283 3886 a
3330 3830 3699 3903 protoplasto

2036 3920 2244 3991 Adam,
2275 3920 2351 3975 ad
2381 3936 2572 3991 usque
2594 3922 2711 3976 Noe
2736 3919 2872 3991 (sub
2924 3936 3041 3991 quo
3102 3919 3390 3975 diluvium
3449 3922 3695 3991 exstitit,

2040 4015 2300 4081 suntque
2345 4010 2759 4078 generationes
2790 4008 3021 4080 decem)
3054 4026 3244 4066 annos
3292 4012 3454 4065 2142.
3510 4010 3703 4067 Simili

2037 4105 2211 4172 pacto
2244 4116 2278 4155 a
2307 4099 2529 4155 diluvio
2561 4116 2749 4171 usque
2796 4100 2870 4156 ad
2922 4099 3242 4169 Abraham,
3283 4103 3701 4173 generationes

2038 4188 2311 4256 totidem,
2345 4188 2487 4244 anni
2516 4193 2657 4244 sunt
2685 4191 2843 4243 1270.
2876 4187 3173 4243 Abraham
3196 4205 3372 4260 porro
3399 4205 3697 4245 annorum

2037 4285 2167 4334 erat
2194 4280 2287 4346 75,
2321 4278 2559 4351 quando
2593 4295 2663 4333 ex
2704 4278 3131 4350 Mesopotamia
3177 4279 3239 4332 in
3296 4279 3693 4335 Chananmam

2036 4373 2261 4424 terram
2294 4367 2742 4439 commigravit:
2775 4366 2977 4436 ibique
3009 4367 3183 4420 annis
3213 4369 3280 4420 25
3324 4365 3692 4436 demoratus,

2036 4456 2200 4512 Isaac
2230 4456 2421 4512 ﬁlium
2453 4455 2790 4529 progenuit.
2815 4455 3257 4526 Sexagesimum
3279 4471 3506 4510 annum
3530 4457 3693 4513 Isaac

2035 4552 2232 4611 natus,
2269 4546 2417 4601 duos
2446 4545 2668 4600 liberos
2726 4546 2882 4599 Esau
2940 4549 3000 4597 et
3053 4543 3229 4598 Jacob
3285 4544 3534 4603 obtinet.
3591 4547 3695 4602 Hic

274 4639 372 4694 τὸν
401 4637 632 4714 ἀριθμὸν
664 4638 754 4693 οε’.
783 4637 1118 4710 Ηαρῲκησεν
1151 4632 1209 4689 δὲ
1255 4634 1344 4689 καὶ
1393 4636 1456 4689 τὸ
1503 4633 1720 4709 σπέρμα
1768 4633 1934 4689 αὐτοῦ

2050 4638 2353 4709 Egyptum
2386 4652 2521 4691 cum
2553 4633 2869 4689 duodecim
2902 4633 3028 4688 suis
3060 4632 3222 4699 ﬁliis,
3270 4638 3330 4688 et
3377 4635 3697 4706 nepotibus

278 4728 334 4785 ἐν
365 4732 437 4805 γῇ
469 4727 679 4784 Χαναὰν
714 4723 806 4794 ἔτη
861 4731 974 4781 me’.
1033 4724 1111 4781 υῦ
1164 4726 1228 4779 τὸ
1279 4725 1434 4800 γένος
1489 4724 1813 4800 παρῴκησεν
1874 4722 1927 4779 ἐν

280 4818 544 4895 Δῗγῦπτῳ
581 4814 674 4887 ἔτη
730 4816 844 4870 σιε’.
902 4813 1004 4871 Καὶ
1054 4811 1359 4884 πληθυνθὶν
1411 4812 1487 4876 εἰς
1546 4809 1932 4890 δωδεκάφυλον

276 4907 690 4983 ἓλογίσΘη,καὶ
735 4907 799 4961 τὸ
845 4903 1061 4974 πλῆθος
1109 4902 1187 4969 εἷς
1235 4901 1428 4978 χιλίας
1478 4901 1737 4978 χιλιάδας
1794 4925 1927 4959 κατ-

270 4997 574 5076 εψηφίσθη.
611 4995 708 5054 Καὶ
754 4998 836 5068 τῷ
896 4994 993 5068 μὶν
1052 4993 1184 5049 Λευΐ
1234 4993 1500 5070 ἀπόγονοι
1558 4996 1787 5065 Μωσῆς,
1839 4994 1929 5050 καὶ

270 5091 517 5165 Ἀαρών.
564 5088 668 5148 Καὶ
717 5090 747 5144 6
804 5089 898 5161 μὶν
942 5086 1004 5142 τὸ
1055 5086 1351 5163 ἱερατεύειν
1407 5086 1628 5159 ἠξίωσε,
1661 5088 1689 5143 6
1722 5085 1780 5142 δὶ
1810 5090 1934 5144 Μω-

273 5190 381 5254 σῆς
439 5180 577 5257 πρὸς
634 5179 699 5235 τὸ
781 5174 971 5253 ἄρχειν
1049 5176 1365 5241 καθίστατο.
1441 5177 1533 5239 Ὃς
1590 5176 1641 5231 ἐν
1699 5181 1781 5250 τῷ
1838 5178 1933 5255 ὀγ-

352 5362 470 5431 (31)
503 5362 621 5417 Hoc
652 5359 822 5431 deest
848 5358 912 5413 in
941 5357 1077 5431 cod.
1106 5357 1413 5431 Cmsaraao.

352 5424 465 5506 (32)
496 5435 610 5506 Pro
640 5430 715 5492 είς
740 5430 844 5506 τήν
1008 5429 1107 5495 τῆς
1134 5424 1450 5497 Γαλιλαίας,
1492 5428 1632 5484 Cod.
1667 5428 1723 5484 S.
1757 5430 1934 5485 Marci

276 5499 492 5572 habet,
523 5500 694 5576 ἤγουν
726 5505 762 5571 ἡ
795 5499 928 5576 ἁγία
958 5499 1150 5576 ⁸Λννα.

350 5571 485 5650 (33)
501 5571 809 5650 Hactenus
832 5571 1569 5650 c.=':tit_tm_hypgmnesticon2

359 5642 472 5721 (34)
497 5647 638 5705 Cod.
671 5647 729 5703 S.
760 5645 938 5703 Marci
968 5642 1241 5699 τῶνυὶὢν
1270 5644 1370 5697 τοῦ
1408 5642 1633 5719 Ἰωσήφ,
1665 5659 1777 5699 nec
1807 5659 1938 5699 am-

276 5725 467 5799 plius.

2043 4740 2297 4780 numero
2329 4727 2396 4779 75
2433 4723 2633 4779 subiit.
2667 4722 2966 4778 Habitavit
2994 4726 3193 4776 autem
3224 4722 3413 4794 ipsius
3460 4740 3605 4797 gens
3635 4725 3696 4781 in

2041 4824 2202 4875 terra
2230 4818 2535 4884 Chanaan,
2559 4816 2735 4871 annis
2760 4816 2887 4870 215.
2931 4813 3155 4870 Deinde
3204 4817 3513 4889 Egyptum
3562 4836 3699 4874 cum

2040 4907 2215 4964 annis
2247 4906 2493 4961 totidem
2516 4905 2888 4971 incoluisset,
2925 4908 2983 4958 et
3007 4903 3380 4962 incremento
3412 4914 3603 4979 capto,
3637 4908 3702 4965 in

2041 4996 2356 5054 duodecim
2385 4995 2575 5051 tribus
2598 4999 2755 5050 esset
2773 4994 2982 5064 relata,
3003 4994 3199 5066 capita
3218 5002 3418 5052 autem
3449 5013 3697 5068 compu-

2041 5092 2183 5155 tata,
2216 5085 2384 5141 mille
2415 5084 2704 5141 chiliades
2735 5082 3143 5155 expleverunt.
3172 5084 3304 5139 Levi
3327 5084 3568 5156 quidem
3589 5101 3696 5156 po-

2044 5176 2208 5243 steri,
2243 5177 2432 5232 Moses
2454 5181 2513 5231 et
2533 5183 2730 5231 Aaron
2750 5174 3018 5230 fuere.Et
3038 5173 3137 5228 hic
3157 5173 3401 5243 quidem
3424 5173 3697 5229 sacerdo-

2118 5354 2230 5427 (35)
2255 5354 2341 5409 Ab
2373 5355 2487 5427 hoc
2516 5353 2647 5427 loco
2678 5367 2869 5423 usque
2894 5352 2977 5427 Ain
3023 5350 3227 5427 ﬁnem,
3280 5350 3703 5427 sine_nomin_e

2048 5421 2309 5482 auctoris
2340 5421 2861 5497 eademgleguntur
2892 5423 2952 5477 in
2985 5421 3114 5497 cod,
3149 5435 3256 5497 ms.
3300 5425 3375 5497 τῇ
3419 5423 3705 5497 Bernardi

2047 5497 2195 5554 Nani
2228 5497 2526 5552 senatoris
2555 5491 2787 5561 Veneti,
2822 5511 2954 5563 qum
2984 5491 3322 5563 invenimus
3343 5492 3641 5563 descripta
3670 5512 3704 5550 a

2051 5567 2654 5647 Bo_ngio_anni._—_Ad
2677 5562 3079 5647 finem'usque
3100 5562 3331 5647 desinit.
3351 5563 3481 5647 cod,
3519 5562 3701 5647 vatio.

2118 5631 2231 5711 (εδδ)
2260 5640 2326 5695 ln
2348 5639 2488 5695 Cod.
2521 5637 2809 5695 Bernardi
2842 5631 3014 5701 Nani,
3042 5631 3147 5687 ἷνδ.
3185 5637 3233 5685 ι’·
3277 5634 3336 5689 id
3388 5642 3499 5707 est,
3549 5637 3704 5691 indi-

2049 5710 2230 5767 ctione
2269 5712 2501 5768 decima.
