4096 6430
370 377 532 447 1οι3

1661 371 2085 439 HIPPOLYTI
2129 370 2481 437 ’ῙἯΕΒΑΝῙ

3636 374 3802 438 1041,

377 512 461 567 tio
494 511 707 583 dignus
737 514 828 566 est
859 509 1137 578 habitus;
1173 508 1274 565 ille
1337 513 1535 565 autem
1597 508 1671 566 ad
1721 508 2038 581 impelium

2156 502 2443 580 δοηκοστῷ
2473 507 2579 566 ἔτει
2607 515 2711 579 τῆς
2764 514 2911 579 ζωῆς
2967 507 3131 565 αὐτοῦ
3177 512 3336 563 πατεῖ
3380 507 3483 578 τήν
3542 508 3811 585 Ἐρυθρὰν

380 607 471 655 est
492 599 958 664 destinatus.Qui
981 598 1222 670 quidem
1246 600 1315 653 80
1337 600 1466 657 vitai
1489 615 1644 655 anno
1662 599 2034 670 Erythrzeum

382 706 547 746 mare
603 690 904 762 ingressus
963 689 1172 756 calcat,
1230 689 1638 761 populumque
1723 688 2035 744 Hebraeum

380 781 624 851 Egypto
664 779 881 833 educit.
906 778 997 832 Illi
1030 779 1157 850 ipse
1184 780 1411 851 Moyses
1441 784 1707 851 tempore
1737 777 1940 833 Inachi
1972 776 2036 832 in

385 869 608 924 Graecia
635 869 828 939 primo
863 868 1131 927 omnium
1163 870 1534 940 imperantis,
1570 868 1791 927 ﬂoruit.
1819 865 2036 922 Graecis

382 958 664 1017 omnibus
694 959 1063 1030 antiquiores
1101 964 1240 1014 sunt
1262 959 1471 1027 Judaai,
1503 962 1561 1013 et
1590 958 1749 1030 leges
1780 973 1792 1012 ε
1828 956 2034 1025 Graeci,

381 1049 1026 1121 posteriores.Etenim,
1051 1065 1235 1104 unum
1260 1050 1441 1105 Deum
1464 1047 1681 1114 colere,
1706 1047 1778 1102 ab
1800 1046 1895 1115 iis,
1929 1046 2034 1117 qui

381 1143 553 1194 astate
576 1138 736 1210 ipsos
758 1138 1414 1209 praaiere,acceperunt.
1442 1139 1658 1209 Legum
1679 1153 1855 1207 porro
1882 1152 2035 1191 con-

381 1228 631 1295 stitutio,
693 1243 798 1282 seu
854 1227 1019 1295 latio,
1115 1231 1249 1297 post
1317 1231 1433 1281 tres
1505 1224 1913 1297 emigrationis
1966 1240 2037 1279 ex

378 1319 621 1389 Egypto
648 1333 887 1373 menses
898 1334 1006 1387 per
1019 1319 1218 1371 Mosen
1234 1316 1580 1388 transigitur
1603 1332 1615 1369 :
1636 1332 1741 1371 vox
1774 1330 1908 1369 vero
1933 1314 2036 1368 Dei

379 1405 736 1461 mortalibus
759 1405 970 1477 patuit.
1006 1406 1209 1461 Morati
1235 1410 1374 1460 sunt
1395 1405 1454 1461 in
1476 1405 1713 1460 deserto
1737 1404 1914 1458 annis
1942 1404 2033 1457 40.

383 1495 499 1550 Sub
530 1497 667 1551 Iesu
698 1497 852 1550 Nave
886 1495 1008 1550 tilio
1040 1494 1208 1551 fuere
1240 1495 1414 1551 annis
1445 1498 1511 1548 25
1539 1512 1552 1561 ;
1584 1493 1690 1549 sub
1706 1492 2035 1565 judicibus,

384 1584 560 1641 annis
588 1587 714 1652 454,
747 1601 937 1655 usque
968 1583 1044 1640 ad
1072 1601 1322 1656 regnum
1355 1584 1566 1652 Saulis,
1600 1582 1778 1655 primi
1830 1598 2037 1637 eorum

381 1674 562 1745 regis,
588 1673 696 1728 sub
720 1690 859 1744 quo,
889 1674 1204 1745 primoque
1233 1674 1397 1729 illius
1427 1673 1596 1745 regni
1627 1689 1806 1740 anno,
1854 1670 2037 1727 David

387 1764 674 1819 nascitur.
706 1764 840 1819 Pari
872 1765 1103 1820 ratione
1133 1765 1314 1820 etiam
1345 1764 1417 1820 ab
1439 1763 1740 1820 Abraham
1761 1762 1835 1818 ad
1865 1762 2035 1819 Davi-

388 1854 526 1910 dem
557 1871 746 1925 usque
775 1854 1188 1925 generationes
1220 1858 1359 1909 sunt
1389 1857 1455 1907 14
1485 1853 1628 1908 anni
1662 1854 2038 1953 I024..Atque
2072 1889 2119 1954 Β

386 1961 422 2000 a
450 1943 690 2012 Davide,
722 1943 795 1999 ad
816 1960 1006 2015 usque
1067 1944 1387 2016 Babylonis
1434 1942 2039 2015 transmigrationem.

385 2034 632 2089 totidem
665 2039 804 2090 sunt
827 2034 1267 2107 generationes,
1329 2033 1471 2091 anni
1521 2036 1645 2088 609.
1679 2039 1721 2087 Α
1758 2032 2043 2089 transmi-

382 2125 650 2196 gratione
672 2124 733 2181 in
758 2124 1142 2196 Babylonem,
1177 2139 1368 2194 usque
1398 2123 1474 2179 ad
1509 2123 1767 2189 Darium,
1801 2123 1943 2180 anni
1971 2124 2041 2177 25

383 2215 454 2268 Et
472 2230 507 2270 a
527 2214 701 2269 Dario
724 2213 799 2269 ad
819 2215 1019 2271 Iesum
1044 2212 1236 2271 filium
1257 2212 1524 2280 Iosedee,
1561 2212 1702 2268 anni
1729 2213 1816 2266 40.
1851 2214 2042 2282 Atque

386 2303 459 2361 ab
489 2305 626 2359 Iesu
656 2303 901 2359 Josedec
936 2303 1059 2358 ﬁlio
1091 2318 1280 2372 usque
1312 2301 1386 2357 ad
1424 2303 1646 2368 Iesum,
1691 2300 1793 2372 qui
1827 2300 2047 2356 dicitur

391 2393 682 2462 Christus,
715 2392 857 2447 anni
890 2395 1014 2448 509.
1048 2392 1210 2446 Hanc
1240 2390 1534 2447 rationem
1565 2390 2043 2461 sequentes,cal-

393 2482 697 2539 culatione
722 2497 1017 2538 annorum
1049 2481 1319 2536 omnium
1350 2480 1506 2536 facta
1535 2480 1607 2535 ab
1655 2480 1785 2551 ipso
1843 2485 2048 2552 proto-

394 2572 588 2644 plasto
610 2571 794 2628 Adam
815 2570 890 2625 ad
910 2570 1209 2626 Christum
1232 2585 1441 2641 usque,
1457 2585 1757 2625 annorum
1780 2570 2044 2641 quinque

396 2660 590 2716 millia
619 2660 945 2733 quingenta
974 2659 1365 2731 reperiemus.

465 2750 581 2806 VII.
616 2750 736 2805 Hoc
762 2749 942 2821 igitur
967 2753 1141 2821 pacto
1199 2748 1468 2805 nascitur
1517 2749 1805 2806 Dominus
1843 2754 2049 2806 noster

390 2841 559 2896 Jesus
591 2840 880 2910 Christus,
913 2840 1149 2911 imperii
1179 2840 1427 2913 Augusti
1454 2843 1543 2909 42,
1571 2856 1778 2897 mense
1803 2841 2044 2897 Decem-

393 2929 519 2986 bris
547 2930 637 2996 25,
671 2930 765 2984 die
796 2930 1010 3001 prima,
1044 2929 1237 2984 noctis
1269 2931 1415 2985 hora
1446 2933 1533 2984 10.

467 3101 613 3159 VIII.
638 3101 918 3159 AChristi
943 3105 1142 3156 autem
1173 3101 1607 3172 assumptione.
1641 3116 1747 3158 seu
1772 3099 1833 3155 in
1867 3100 2047 3156 caelos

392 3207 667 3259 ascensu,
700 3191 775 3246 ad
805 3207 993 3262 usque
1016 3191 1474 3246 Constantinum
1497 3192 1771 3263 Magnum
1795 3190 2053 3261 impera-

2145 604 2442 676 θάλασσαν,
2472 605 2563 661 καὶ
2614 604 2789 679 ἐξάγει
2846 600 2937 656 τὸν
2981 598 3114 655 λαὸν
3174 597 3224 671 ἐξ
3284 597 3584 674 Αἰγύπτου.
3626 599 3806 662 Οὗτος

2144 696 2356 764 Μωσῆς
2384 692 2614 770 ἕκμασεν
2660 695 2711 751 ἐν
2772 696 2887 754 τοῖς
2942 695 3155 766 καιροῖς
3214 690 3417 765 Ινάχου
3466 696 3567 759 τῆς
3635 687 3806 746 Ἐλά-

2146 775 2241 833 δου
2275 781 2386 853 (37)
2416 782 2638 856 πρώτου
2699 778 3142 856 βασιλεύσαντος.
3203 777 3397 842 Οὕτως
3443 778 3802 853 ἂρχαιότεροι

2143 866 2431 939 Ἑλλήνων
2457 867 2738 940 Ἰουδαῖοι,
2770 867 2860 923 καὶ
2891 868 2945 923 οῖ
2974 866 3159 941 νόμον
3208 865 3475 938 Ἑλλήνες
3518 868 3571 921 οἱ
3601 867 3805 921 νεώτεη

2146 975 2254 1029 ροι.
2286 958 2356 1012 Τὸ
2384 958 2484 1035 γὰρ
2515 958 2609 1013 ’ὲνα
2648 958 2779 1015 Θεὸν
2831 952 3025 1027 σὲϐειν,
3087 956 3147 1011 ἔκ
3196 960 3304 1011 τῶν
3353 956 3548 1032 πρώην
3607 974 3803 1031 παρει-

2145 1044 2402 1125 λήφασιν.
2464 1049 2528 1104 Ἡ
2583 1045 2641 1102 δὶ
2696 1045 2991 1120 νομοθεσία
3054 1046 3190 1119 μετὰ
3248 1051 3424 1119 μῆνας
3481 1050 3529 1119 γ’
3584 1051 3687 1115 τῆς
3751 1043 3808 1115 ἑξ

2145 1136 2429 1212 Αἰγύπτου
2514 1137 2978 1212 μετανασράσεως,
3066 1132 3277 1190 δίδοται
3364 1131 3455 1190 διὰ
3531 1134 3810 1203 Μωσέως,

2146 1229 2300 1302 φωνή
2361 1225 2419 1282 δὲ
2475 1232 2611 1283 Θεοῦ
2669 1222 3042 1299 δεικνυμένοις
3132 1223 3506 1298 [δεικνυμένη]
3585 1223 3812 1299 ἀνθρώ-

2146 1337 2291 1378 ποις.
2387 1317 2673 1393 Διέτριψαν
2736 1316 2790 1373 ἐν
2847 1319 2917 1389 τῇ
2985 1314 3181 1390 ἐρήμῳ
3239 1308 3333 1385 ἔτη
3399 1315 3471 1388 μ’.
3533 1313 3639 1370 Καὶ
3701 1313 3812 1370 ὑπὸ

2147 1407 2329 1477 Ἰησοῦ
2358 1411 2455 1462 τοῦ
2483 1410 2633 1473 Ναυῆ
2680 1406 3009 1481 ἀρχόμενοι,
3069 1400 3163 1475 ἔτη
3223 1405 3317 1460 κε’.
3375 1404 3474 1459 Καὶ
3533 1404 3638 1459 ὑπὸ
3696 1407 3811 1457 τῶν

2146 1500 2372 1573 κριτῶν,
2402 1492 2495 1569 ἔτη
2538 1494 2675 1556 υνδ’.
2726 1498 2904 1571 Μέχρι
2950 1502 3051 1565 τῆς
3104 1493 3383 1568 βασιλείας
3424 1491 3608 1549 Σαοὺλ
3651 1493 3814 1569 πρώ-

2145 1607 2244 1641 του
2275 1588 2402 1663 παρ’
2433 1588 2622 1649 αὐτοῖς
2681 1584 3129 1662 βασιλεύσαντος,
3180 1583 3262 1662 ἐφ’
3295 1582 3358 1638 οὗ
3390 1581 3440 1638 ἐν
3471 1586 3550 1654 τῷ
3596 1583 3810 1657 πρώτῳ

2148 1670 2253 1731 ἔτει
2297 1679 2396 1746 τῆς
2460 1676 2738 1752 βασιλείας
2796 1674 2985 1743 αὐτοῦ,
3041 1672 3280 1729 τίκτεται
3340 1667 3530 1743 Δαϐὶδ,
3591 1670 3807 1744 ὁμοίως

2150 1764 2209 1821 δὶ
2236 1767 2324 1822 καὶ
2360 1766 2467 1821 ἀπὸ
2516 1761 2777 1841 Ἀϐραὰμ
2829 1761 2935 1826 ἓως
2996 1758 3189 1834 Δαϐὶδ,
3245 1761 3428 1838 γενεαὶ
3484 1758 3807 1816 δεκατέσσα-

2150 1876 2258 1931 ρες,
2290 1850 2385 1926 ἔτη
2415 1852 2567 1927 ,ακδ’.
2600 1855 2705 1912 Καὶ
2753 1854 2860 1909 ἀπὸ
2918 1847 3086 1908 Δαϐἲδ
3143 1850 3247 1913 ἓως
3303 1858 3404 1921 τῆς
3464 1850 3810 1924 μετοικεσίας

2148 1941 2501 2019 Βαϐυλῶνος,
2534 1944 2713 2021 γενεαὶ
2748 1941 2833 2002 ιδ’.
2866 1944 3002 2011 "Ern
3063 1942 3171 2016 χθ’,
3231 1939 3322 1996 καὶ
3372 1940 3478 1995 ἀπὸ
3521 1945 3623 2009 τῆς
3678 1960 3808 2012 μετ-

2151 2036 2387 2099 οικεσίας
2446 2031 2802 2105 Βαϐυλῶνος,
2872 2032 2980 2095 ἓως
3067 2032 3316 2108 Δαρείου,
3399 2027 3491 2101 ἔτη
3549 2031 3644 2086 κε’.
3705 2030 3807 2087 Καὶ

2150 2125 2256 2180 ἀπὸ
2314 2126 2412 2193 τῆς
2471 2125 2583 2198 (38)
2647 2122 2895 2199 Δαρείου,
2947 2121 3054 2185 ἓως
3110 2121 3295 2190 Ἰησοῦ
3350 2123 3449 2174 τοῦ
3535 2116 3804 2187 Ἰωσεδὲκ,

2152 2210 2245 2283 ἔτη
2305 2213 2378 2286 μ’.
2435 2212 2533 2267 Καὶ
2590 2211 2699 2267 ἀπὸ
2758 2213 2940 2281 Ἰησοῦ
2998 2206 3270 2278 Ἰωσεδὲκ,
3328 2209 3433 2272 ἓως
3476 2210 3653 2279 Ἰησοῦ
3706 2212 3808 2263 τοῦ

2150 2300 2455 2377 λεγομένου
2486 2303 2749 2376 Χριστοῦ,
2807 2295 2900 2371 ἔτη
2961 2300 3160 2378 mf"...
3221 2299 3447 2373 ἡμέραι.
3508 2299 3653 2352 Κατὰ
3708 2297 3810 2360 τὰς

2151 2392 2369 2469 χρόνων
2429 2390 2763 2453 ἀκολουθίας
2850 2390 3307 2466 συμψηφίσαντες,
3396 2385 3638 2462 εὕρωμεν
3700 2386 3813 2442 ἀπὸ

2152 2488 2249 2539 τοῦ
2280 2481 2718 2558 πρωτοπλάστου
2747 2478 2931 2556 ’Δδὰμ
2965 2478 3071 2545 ἓως
3119 2483 3221 2537 τοῦ
3266 2482 3512 2555 Χριστοῦ
3564 2472 3659 2549 ἔτη
3706 2479 3810 2557 αρ’.

2223 2753 2295 2811 Ζ’.
2355 2752 2618 2809 Ἐνταῦθα
2662 2751 2845 2808 ἰοίνυν
2892 2756 3144 2830 γεννᾶται
3174 2750 3438 2826 ὁΚύριος
3487 2751 3648 2824 ἡμῶν
3696 2750 3816 2820 Ἰη-

2153 2845 2279 2907 σοῦς
2307 2842 2560 2918 Χριστὸς,
2611 2841 2699 2898 ἐπὶ
2752 2848 2853 2913 τῆς
2918 2842 3207 2918 βασιλείας
3265 2839 3580 2917 Αὐγούστου
3639 2838 3690 2894 ἦν
3733 2842 3815 2911 τῷ

2157 2933 2250 3008 μβ’
2280 2930 2383 2988 ἔτει
2412 2935 2513 3002 τῆς
2563 2933 2730 2988 αὐτοῦ
2794 2930 3097 3009 βασιλείας,
3154 2930 3207 2987 ἐν
3271 2930 3402 3005 μηνὶ
3461 2923 3813 3005 Δεκεμϐρίῳ,

2155 3020 2330 3077 εἰκάδι
2368 3028 2425 3093 ι’,
2459 3019 2642 3098 ἡμέρᾳ
2673 3024 2892 3098 πρώτῃ,
2923 3023 3116 3087 νυκτὸς
3148 3022 3180 3077 ι’
3210 3024 3341 3096 (39).

2225 3117 2304 3169 H‘.
2339 3112 2479 3167 ’Λπὸ
2531 3109 2591 3168 δὲ
2644 3119 2744 3183 τῆς
2810 3114 3048 3188 Χριστοῦ
3105 3111 3435 3186 ἀναλήψεως
3487 3109 3593 3174 ’ὲως
3653 3116 3814 3166 Κων-

2166 3201 2450 3256 σταντίνου
2530 3206 2628 3256 τοῦ
2712 3201 2972 3277 Μεγάλου
3032 3201 3323 3273 βασιλέως,
3379 3200 3472 3257 καὶ
3530 3195 3822 3265 θεοσεϐοῦς

392 3286 581 3335 torem
610 3281 799 3336 virum
858 3281 1041 3352 pium.
1094 3280 1314 3351 Deique
1361 3280 1653 3337 cultorem
1708 3280 1850 3335 anni
1910 3285 2038 3339 sunt

2164 3288 2357 3366 ἀνδρὸς
2389 3286 2482 3361 ἔτη
2527 3290 2662 3368 σιξ.
2697 3264 2818 3354 Οὓς.
2857 3291 2948 3346 καὶ
2993 3264 3322 3347 ἐπΑανῶντοι
3368 3290 3420 3346 οἱ
3479 3291 3818 3365 Χριστιανοὶ,

395 3373 519 3427 207.
545 3371 770 3436 Quibus
798 3370 1152 3429 aberrarunt
1176 3370 1453 3427 nonnulli
1478 3370 1799 3425 Christiani
1823 3370 2050 3426 Pascha

396 3477 532 3517 cum
561 3461 779 3517 Iudaeis
811 3461 1205 3517 celebrantes.
1240 3461 1657 3516 Divinissimus
1705 3466 1905 3516 autem
1937 3461 2050 3515 im-v

396 3557 637 3623 perator
687 3552 1040 3607 duodecimo
1102 3551 1341 3622 imperii
1398 3550 1488 3605 sui
1548 3567 1725 3618 anno,
1787 3551 2047 3619 condita,

398 3658 626 3712 suoque
656 3641 901 3697 nomine
935 3640 1155 3697 donata
1200 3640 1349 3695 urbe
1405 3641 1685 3711 Byzantii,
1737 3641 2048 3713 primaque

396 3738 605 3789 contra
628 3732 807 3787 stulte
830 3731 1164 3801 sapientem
1184 3729 1387 3784 Arium
1407 3731 1564 3787 facta
1583 3731 2051 3802 atqueinstituta

396 3822 647 3894 synodo,
679 3837 815 3876 cum
846 3822 948 3873 318
980 3819 1211 3875 divinos
1242 3821 1468 3889 Patres,
1499 3821 1592 3879 vel
1621 3821 1819 3893 potius
1864 3819 2048 3891 patri-

396 3912 609 3969 archas
640 3909 1003 3982 collegisset;
1038 3910 1369 3969 Romanum
1402 3911 1652 3977 scilicet,
1696 3909 2050 3968 Alexandri-

397 4018 566 4069 num,
598 3999 1167 4070 Hierosolymorum,
1203 4005 1260 4055 et
1298 4001 1900 4072 Constantinopoleos
1931 4002 2048 4055 Me-

396 4092 773 4163 trophanem,
804 4091 1151 4162 episcopos:
1213 4092 1314 4162 qui
1364 4092 1609 4163 quidem
1648 4093 1710 4147 in
1760 4092 2049 4163 Bithynia:

396 4182 720 4255 provincia,
742 4181 970 4249 Arium,
1006 4186 1064 4237 et
1094 4198 1214 4237 una
1260 4199 1396 4237 cum
1445 4182 1655 4238 eodem
1699 4183 2046 4252 sentientes,

397 4272 710 4330 sententiis
729 4272 896 4340 suis,
927 4277 986 4326 et
1004 4272 1386 4327 anathemate
1409 4271 1815 4342 perculerunt,
1837 4274 2047 4330 ﬁdem-

397 4380 511 4436 que
539 4362 895 4420 catholicam
925 4361 1154 4433 liquide
1183 4378 1453 4433 pureque
1483 4362 1951 4433 proclamarunt.

468 4456 561 4511 IX.
593 4455 753 4509 Tunc
784 4468 950 4520 sane,
980 4457 1121 4507 tunc
1149 4468 1285 4507 cum
1337 4457 1572 4508 sanctos
1616 4454 1821 4509 Patres
1851 4460 1909 4510 et
1939 4471 2046 4527 pa-

394 4545 687 4602 triarchas
711 4543 1043 4610 accivisset,
1074 4547 1144 4597 ut
1172 4543 1235 4597 in
1264 4543 1475 4597 urbem
1515 4544 1738 4616 regiam
1772 4546 2043 4619 ingrede-

2154 3380 2218 3435 τὸ
2265 3378 2458 3456 Πάσχα
2514 3377 2857 3454 ἑορτάζοντες
2918 3379 3053 3452 μετὰ
3104 3384 3215 3437 τῶν
3278 3375 3580 3435 Ἰουδαίων.
3639 3379 3698 3438 Ὁ
3759 3374 3820 3433 δδ

2157 3468 2435 3533 θειότατος
2468 3468 2724 3544 βασιλεὺς
2757 3468 2932 3532 οὕτως
2962 3467 3015 3524 ἐν
3066 3465 3359 3541 δωδεκάτῳ
3408 3462 3515 3523 ἔτει
3565 3471 3669 3533 τῆς
3714 3468 3817 3523 αὐ-

2154 3563 2252 3613 τοῦ
2315 3558 2592 3635 βασιλείας
2667 3560 2871 3630 κτήσας
2956 3558 3184 3632 [κτίσας]
3244 3557 3409 3614 πόλιν
3465 3557 3518 3614 ἐν
3576 3563 3656 3631 τῷ
3710 3559 3815 3613 αὐ-

2153 3652 2251 3703 τοῦ
2314 3647 2566 3721 ὀνόματι,
2625 3648 2678 3707 ἐν
2760 3653 2840 3722 τῷ
2923 3649 3229 3722 Βυζαντίῳ,
3315 3648 3406 3704 καὶ
3465 3649 3510 3704 α’
3582 3644 3811 3703 συνόδον

2156 3741 2411 3809 ποιήσας,
2462 3740 2701 3812 τά⁶(40)
2755 3739 2891 3795 κατὰ
2945 3742 3044 3794 τοῦ
3101 3737 3508 3816 ματαιόφρονος
3563 3738 3807 3813 ’Δρείου.

2158 3828 2443 3901 Ἀθροίσας
2475 3825 2567 3882 οὖν
2619 3828 2747 3890 τοὺς
2799 3827 2907 3899 τιη“
2973 3829 3272 3906 θεοφόρους
3330 3827 3595 3905 Πατέρας,
3655 3826 3805 3900 μᾶλ-

2157 3916 2255 3973 λον
2287 3915 2345 3973 δὲ
2377 3918 2467 3972 καὶ
2523 3918 2893 3994 πατριάρχας,
2944 3919 3038 3974 τὸν
3091 3918 3341 3991 Ῥώμης,
3400 3918 3492 3973 τὸν
3545 3914 3800 3985 ’Δλεξανη

2159 4006 2361 4084 δρείας,
2417 4009 2511 4065 τὸν
2600 4007 3026 4085 Ἰεροσολύμων,
3084 4011 3175 4064 καὶ
3227 4011 3595 4088 Μητροφάνην
3651 4013 3813 4063 Κων-

2157 4091 2677 4162 σταντινουπόλεως,
2711 4093 2763 4148 ἐν
2789 4097 2858 4167 τῇ
2894 4095 3133 4149 Βιθυνῶν
3160 4093 3422 4169 ἐπαρχίᾳ,
3445 4094 3536 4149 τὸν
3561 4098 3815 4168 ”Δρειον,

2158 4182 2249 4238 καὶ
2314 4182 2442 4245 τοὺς
2471 4181 2665 4238 τούτου
2698 4182 3012 4260 ὁμόφρονας
3042 4181 3296 4248 καθεῖλον
3347 4184 3434 4239 καὶ
3483 4186 3696 4258 τρανῶς
3720 4183 3825 4250 τήν

2155 4271 2338 4328 πίστιν
2371 4272 2657 4346 ἐκήρυξαν.

2227 4462 2300 4515 6'.
2348 4454 2481 4511 Τότε
2535 4452 2602 4523 δὴ
2660 4454 2783 4510 τότε
2842 4457 3085 4526 ζητήσας
3141 4454 3269 4518 τοὺς
3322 4456 3508 4530 ἁγίους
3566 4455 3819 4533 Πατέρας

2155 4546 2242 4601 καὶ
2300 4543 2666 4621 πατριάρχας,
2720 4542 2993 4617 εἰσελθεῖν,
3041 4544 3095 4599 ἐν
3146 4549 3216 4619 τῇ
3278 4544 3663 4621 βασιλευούσῃ,
3723 4547 3819 4603 καὶ

394 4640 625 4701 rentur,
658 4637 718 4687 et
745 4632 1080 4687 orationem
1112 4648 1293 4703 supra
1346 4633 1556 4690 urbem
1586 4651 1623 4691 a
1651 4652 1713 4691 se
1744 4637 2038 4693 conditam

2158 4634 2328 4711 εὐχὴν
2389 4634 2521 4709 ὑπὲρ
2579 4641 2682 4703 τῆς
2739 4632 2956 4694 πόλεως
3037 4635 3384 4705 ποιήσασθαν
3451 4635 3587 4709 μετὰ
3643 4640 3820 4692 ταῦτα

382 4724 752 4781 ~funderentz
784 4722 1098 4793 postmodo
1130 4723 1465 4795 requisivit,
1488 4742 1605 4796 quo
1637 4732 1809 4797 pacto
1829 4728 2038 4782 Pasch:

2166 4722 2421 4795 ἐξήτησεν
2452 4723 2691 4786 καὶπῶς
2741 4722 2802 4776 τὸ
2859 4722 3053 4798 Πάσχα
3106 4724 3218 4797 (41)
3276 4729 3472 4793 ποιεῖν,
3531 4724 3622 4780 καὶ
3685 4722 3819 4798 μέθ-

393 4810 817 4870 celebrandum
843 4828 857 4877 ;
891 4823 950 4866 et
979 4828 1110 4883 quae
1142 4813 1394 4883 posteris
1414 4801 1902 4886 generationibus
1929 4821 2038 4872 tra.

2167 4812 2289 4870 οδον
2324 4812 2565 4869 δίδονται
2598 4816 2712 4886 (4-2)
2742 4817 2864 4874 ταῖς
2897 4814 3184 4887 μετέπειτα
3215 4820 3449 4890 γενεαῖς,
3476 4815 3566 4871 ἳνα
3625 4816 3703 4889 μὴ
3737 4815 3821 4879 εἰς

396 4903 591 4960 denda
618 4901 957 4971 methodus,
986 4918 1061 4957 ne
1094 4901 1157 4957 in
1189 4903 1575 4960 manifestum
1607 4906 2038 4979 notabilemque

2165 4904 2385 4970 ὄλισθον
2418 4901 2702 4965 παντελῶς
2762 4902 3145 4977 ἐπιφέρωνται.
3194 4902 3450 4960 Κᾶκεῖνοι
3499 4902 3557 4961 δὲ
3605 4905 3821 4980 ἐναγώ-

393 4994 628 5065 lapsum
657 4991 1056 5047 deveniretur.
1083 4994 1158 5047 At
1186 4992 1295 5061 illi,
1335 4992 1740 5065 disputatione
1772 4996 2038 5067 disquisi‘

2163 5015 2271 5051 νιοι
2298 4992 2606 5070 γεγονότες,
2637 4991 2726 5047 καὶ
2758 4991 2961 5067 χρόνον
3003 4993 3068 5047 οὗ
3117 4994 3311 5067 μικρὸν
3361 4992 3414 5049 ἐν
3467 4994 3634 5070 ταύτῃ
3697 4993 3823 5051 δια-

394 5085 676 5155 tioneque
705 5082 862 5138 facta
892 5082 1179 5153 initaque,
1215 5088 1601 5155 temporeque
1646 5100 1766 5141 non
1815 5089 2038 5145 modicc

2160 5083 2470 5160 τρίψαντες,
2530 5079 2693 5155 μόλις
2742 5079 3089 5157 ἠδυνήθησρν
3148 5082 3208 5137 ἐκ
3264 5088 3399 5138 Θεοῦ
3473 5080 3816 5159 παραλαϐεῖν

395 5174 519 5230 illic
548 5173 922 5240 commorati,
956 5189 991 5228 a
1011 5173 1127 5227 Deo
1146 5190 1251 5243 per
1271 5173 1550 5244 angelum
1573 5174 1662 5229 vix
1684 5177 2038 5248 ejuscemodi

2158 5173 2261 5244 τὴν
2289 5170 2553 5241 τοιαύτην
2587 5167 2658 5225 δι’
2688 5168 2923 5246 ἀγγέλου
2955 5169 3314 5247 προρρήσεως
3345 5176 3475 5244 (43),
3527 5173 3651 5244 ἥτις
3698 5178 3817 5249 (44)

394 5264 665 5319 obtinere
686 5267 1009 5335 potuerunt
1024 5262 1350 5317 oraculum.
1366 5262 1430 5316 Id
1452 5268 1651 5319 autem
1675 5272 1908 5323 constat
1932 5274 2038 5325 tre-

2156 5262 2257 5331 τὴν
2301 5262 2370 5337 ιγ’
2423 5257 2714 5336 περιόδων,
2774 5263 2882 5315 τῶν
2946 5260 3276 5336 ἀρχομένων
3335 5262 3416 5317 ἐπ’
3474 5263 3656 5339 ἀρχῆς
3714 5269 3817 5319 τοῦ

461 5432 576 5505 (37)
605 5425 897 5505 Ἑλλάδος.
928 5428 1069 5505 Cod.
1104 5430 1248 5505 Nan:
1279 5429 1611 5505 MiXODi‘tﬁC
1645 5431 1936 5490 Ἐλλάδου.

462 5498 578 5579 (38)
616 5502 755 5579 Cod.
816 5503 978 5579 Nan:
1030 5498 1331 5579 βασιλείας
1378 5498 1497 5579 ᾑυί
1557 5498 1695 5560 mox
1752 5514 1885 5579 post
1940 5509 2044 5579 φθ,

394 5566 595 5633 statim
627 5571 982 5645 habetiépoﬁ
1011 5566 1149 5645 κατά
1175 5572 1270 5634 τὰς
1300 5566 1544 5645 χρόνων.
1579 5582 1689 5634 etc.
1754 5566 1771 5579 ⁸
1953 5566 1962 5585 ⁸

466 5650 580 5721 (39)
612 5645 754 5721 Cod.
782 5635 932 5721 Ean.
968 5635 1581 5721 ivdmuﬁwoq'dsxdtnc.

468 5715 578 5791 (40)
610 5716 748 5774 Cod.
782 5716 928 5771 Nan.
958 5715 1080 5785 τήν.

2373 5439 2517 5516 βοά,
2548 5440 2694 5516 Nan.
2726 5436 3013 5516 όφείλωσι.

2229 5507 2341 5582 (42)
2375 5511 2456 5567 Id.
2493 5507 2723 5565 διδόναι.

2369 5583 2548 5657 νίσως,
2580 5580 2914 5657 πρόρρησιν.

2227 5653 2342 5727 (44)
2370 5654 2516 5713 Cod.
2548 5653 2702 5711 Nan.
2728 5653 2879 5721 ἢτοι.
