4096 6452
852 14 889 38 ,η
976 16 993 19 η

394 416 551 478 1047

1684 417 2109 481 HIPPOLYTI
2156 417 2513 480 THEBANI

3662 421 3821 485 1048

399 552 637 624 scripta,
673 556 732 606 et
758 556 959 607 notata
992 556 1147 619 sunt,
1191 538 1249 607 et
1295 553 1563 609 invenies
1616 555 1776 610 orbis
1825 552 2045 610 conditi

2167 550 2352 627 εὕρῃς,
2403 551 2494 607 καὶ
2548 549 2618 607 τὰ
2671 551 2777 607 ἀπὸ
2833 550 3061 615 κτίσεως
3114 574 3327 628 κοσμου
3388 553 3507 628 ἔτη,
3562 554 3665 622 ἔως
3721 567 3822 630 τῆς

397 640 691 707 annos,ad
707 640 921 694 Christi
940 658 1131 712 usque
1155 642 1494 698 adventum.
1530 645 1600 698 Et
1622 645 1883 716 posthinc
1914 660 2046 698 rur-

397 746 525 784 sum
555 729 770 784 Christi
798 747 905 801 pro
929 730 1102 786 nobis
1133 732 1393 788 hominis
1419 733 1557 788 facti
1615 734 2046 805 genealogiam,

394 824 452 873 et
468 818 707 886 solis,ac
728 820 887 874 lunae
905 821 1641 894 periodos,paschalesque
1666 824 2046 894 incipientes,

392 913 450 962 et
478 908 772 964 instantes
802 911 1112 979 terminos,
1170 916 1349 983 prout
1401 912 1509 967 sub
1550 913 1940 968 Constantino
1972 912 2045 967 de

396 996 600 1069 scripti
632 1003 792 1055 sunt.

2157 643 2395 715 Χριστοῦ
2424 638 2792 712 καταϐάσεως,
2842 643 2930 696 καὶ
2990 641 3178 714 πάλιν,
3232 647 3367 717 μετᾶ
3410 652 3581 703 ταῦτα
3629 670 3814 726 γενεαο

2160 727 2354 805 λογίαν
2390 728 2648 804 ἐνσάρκου
2681 732 2919 805 Χριστοῦ
2971 732 3287 806 παρουσίας·
3343 734 3432 789 καὶ
3481 737 3605 807 περὶ
3660 758 3819 814 περι-

2158 817 2298 875 όδων
2332 818 2500 887 ἡλίου
2528 839 2608 886 τε,
2640 818 2729 873 καὶ
2762 819 3023 890 σελήνης,
3054 822 3142 875 καὶ
3175 826 3283 876 τῶν
3315 824 3662 899 ἀρχομένων,
3714 827 3820 881 καὶ

2158 907 2463 964 ἐνεστώτων
2526 905 2852 982 πασχαλίων
2910 913 3022 963 τῶν
3103 907 3497 987 γεγραμμένων
3569 913 3660 970 ἐπὶ
3718 923 3819 986 τῆς

2161 996 2440 1075 βασιλείας
2454 999 2596 1071 ,Κων
2606 996 2904 1054 σταντίνου.

2060 1146 2153 1203 VI.

963 1262 1294 1332 Fragmenta
1323 1263 1581 1319 exhibens
1607 1264 1826 1333 reliqua
1853 1263 2050 1332 capitis
2085 1263 2184 1316 136
2214 1263 2626 1332 Hypomnestici
2652 1261 2872 1332 Iosephi
2904 1261 3231 1318 Christiani.

462 1408 773 1464 Zacharias
796 1413 963 1478 pater
982 1407 1231 1463 Joannis
1250 1406 1495 1462 fratrem
1517 1405 1726 1461 habuit
1746 1421 2048 1461 consacer-

390 1499 591 1554 dotem
623 1496 868 1552 nomine
900 1502 1199 1568 Aggmum,
1234 1496 1334 1565 qui
1361 1501 1499 1550 ante
1556 1495 1728 1549 illum
1778 1499 2047 1549 mortuus

392 1593 501 1643 est.
529 1587 715 1657 Hujus
739 1585 932 1657 Aggaei
958 1585 1144 1640 ﬁliam
1170 1584 1337 1639 duxit
1357 1601 1603 1639 uxorem
1620 1583 1837 1655 Joseph
1858 1582 2045 1651 faber,

395 1695 467 1733 ex
498 1693 617 1748 qua
644 1675 849 1747 genuit
875 1676 948 1729 IV
979 1674 1132 1729 filios
1163 1680 1221 1728 et
1247 1676 1321 1728 IlI
1353 1674 1545 1729 ﬁlias:
1582 1689 1839 1744 quorum
1893 1689 2047 1727 unus

398 1768 526 1820 erat
562 1762 835 1832 Jacobus,
896 1764 997 1835 qui
1058 1763 1514 1836 cognominatur
1566 1766 1744 1831 frater
1800 1763 2046 1829 Domini,

396 1855 629 1925 fuitque
651 1854 877 1925 primus
902 1854 1445 1923 Hierosolymorum
1468 1853 1803 1924 episcopus.
1820 1853 2048 1906 Nomen

397 1944 595 1999 uxoris
623 1944 836 2014 Joseph
870 1943 1123 2006 Salome,
1158 1958 1279 1997 non
1309 1941 1551 2013 quidem
1581 1941 1869 1997 obstetrix
1920 1939 2046 2009 illa,

399 2032 501 2088 sed
531 2033 669 2088 alia.
704 2034 844 2087 Post
871 2038 1123 2087 mortem
1163 2037 1365 2087 autem
1422 2032 1574 2103 ejus,
1633 2046 1883 2086 uxorem
1936 2029 2048 2084 sibi

392 2122 657 2195 postulat
683 2123 973 2194 Iosephus
1005 2121 1247 2176 Mariam
1283 2121 1618 2192 Deiparam,
1650 2136 1782 2190 qua)
1815 2135 1886 2173 ex
1915 2135 2052 2174 ma-

395 2217 565 2267 terno
596 2227 813 2283 genere
845 2210 1247 2266 descendebat
1274 2227 1309 2265 a
1338 2210 1599 2265 Matthan
1632 2208 1961 2276 sacerdote,
1996 2213 2055 2264 et

396 2302 526 2373 ipso
559 2317 593 2356 a
620 2300 934 2356 Salomone
970 2300 1203 2355 Davidis
1236 2300 1382 2367 tilio,
1419 2304 1482 2353 ut
1511 2298 2053 2370 dicitEvangelium

398 2391 569 2445 Lucas
626 2389 1036 2461 genealogiam
1094 2394 1320 2443 texens.
1411 2389 1529 2443 Iste
1587 2387 1848 2442 Matthan
1898 2387 2053 2442 tilias

399 2481 609 2537 habuit
633 2497 703 2536 ex
732 2482 913 2536 Maria
941 2481 1193 2553 conjuge
1225 2496 1350 2544 sua,
1377 2496 1630 2551 quarum
1660 2479 1908 2534 nomina
1936 2481 2053 2533 Ma-

397 2572 508 2633 ria.
540 2570 716 2638 Sube,
751 2575 934 2625 Anna.
973 2570 1153 2625 Maria
1200 2570 1399 2641 itaque
1448 2570 1603 2641 parit
1650 2568 2053 2624 Elusabetham

397 2665 652 2715 matrem
667 2659 911 2715 Joannis
933 2660 1211 2730 Baptistae
1229 2676 1240 2713 :
1262 2663 1434 2714 Anna
1454 2658 1609 2729 parit
1626 2665 1891 2713 sanctam
1920 2657 2053 2712 Dei-

394 2765 602 2821 param
633 2750 695 2804 in
728 2749 1095 2816 Bethlehem,
1148 2765 1281 2819 quas
1339 2749 1519 2803 Maria
1576 2755 1781 2803 vocata
1839 2752 1929 2802 est
1979 2746 2051 2801 de

397 2841 639 2896 nomine
671 2840 813 2895 avia:
850 2846 909 2895 et
940 2845 1309 2907 materteraa;
1364 2839 1511 2893 adeo
1558 2844 1627 2894 ut
1676 2839 1753 2893 sit
1797 2837 2056 2893 Elisabet

400 2930 756 2985 consobrina
785 2930 1027 3000 quidem
1057 2931 1257 2996 Annae,
1294 2929 1418 2984 ﬁlia
1447 2946 1583 2984 vero
1610 2928 1811 2984 fratris
1844 2927 2051 2999 Deipa-

398 3036 500 3075 rm.
512 3019 589 3075 Ex
604 3020 916 3092 Evangelio
931 3020 1057 3073 ham
1082 3025 1333 3090 utraque
1350 3035 1459 3073 con
1473 3020 1807 3088 ﬁrmantur,
1816 3023 2052 3089 propte-

398 3125 502 3165 rea
532 3108 690 3179 quod
719 3114 1029 3164 recenseat
1082 3125 1269 3180 genus
1327 3114 1643 3181 paternum
1699 3113 1760 3162 et
1814 3107 2054 3163 carnale

399 3199 650 3254 Christi:
682 3200 819 3253 Erat
851 3198 1034 3264 enim,
1091 3198 1309 3269 inquit,
1347 3199 1503 3253 Iesus
1555 3197 1850 3268 incipiens,
1894 3198 2055 3266 quasi

401 3302 678 3341 annorum
702 3287 791 3356 30,
823 3287 922 3356 qui
941 3288 1254 3356 putabatur
1280 3287 1529 3356 Iosephi,
1561 3286 1686 3341 Heli
1723 3285 1979 3341 Mathan.

2226 1401 2501 1477 Ζαχαρίας
2542 1402 2569 1456 ὁ
2619 1403 2799 1475 πατὴρ
2860 1401 3135 1472 Ἰωάννου,
3197 1399 3430 1481 ἀδελφὸν
3491 1400 3620 1482 ἔσχε
3681 1428 3810 1462 συν-

2160 1491 2302 1568 ιερέα
2327 1489 2663 1562 καλούμενον
2699 1491 2975 1566 Ἀγγαῖον,
3010 1491 3115 1565 πρὸ
3148 1490 3310 1546 αὐτοῦ
3350 1493 3811 1566 τετελευτηκότα.

2156 1580 2366 1638 Τούτου
2396 1583 2491 1634 τοῦ
2542 1580 2803 1655 Ἀγγαίου
2850 1579 3111 1655 θυγατέρα
3159 1581 3397 1659 ἠγάγετο
3448 1584 3584 1659 πρὸς
3631 1587 3812 1660 γάμον

2160 1670 2418 1747 Ἰωσήφὸ
2466 1664 2693 1738 τέκτων,
2751 1666 2801 1737 ἐξ
2855 1668 2923 1736 ἧς
2978 1666 3228 1744 ἐγέννησε
3286 1666 3329 1724 δ’
3386 1670 3559 1744 υἱοὺς,
3617 1674 3710 1728 καὶ
3768 1678 3819 1751 γ’

2159 1760 2472 1834 θυγατέρας,
2500 1758 2595 1811 Ὧν
2637 1757 2713 1818 εἷς
2748 1757 2814 1825 ἦν
2867 1751 3148 1827 Ἰάκωϐος,
3194 1758 3222 1812 ὁ
3274 1757 3591 1831 ἐπικληθεῖς
3648 1760 3813 1818 ἀδελ-

2159 1848 2259 1926 φὸς
2315 1852 2413 1902 τοῦ
2460 1846 2682 1921 Κυρίου,
2738 1846 2828 1901 καὶ
2887 1851 3105 1922 πρῶτος
3163 1846 3458 1911 ἐπίσκοπος
3509 1851 3813 1925 Ἱεροσολῦ-

2162 1955 2296 2010 μων·
2327 1936 2509 1992 καὶτὸ
2548 1936 2726 2008 ’ὄνομα
2779 1942 2880 2005 τῆς
2937 1936 3188 2012 γυναικὸς
3251 1940 3473 2017 Ἰωσήφ,
3533 1939 3807 2015 Σαλώμη·

2158 2025 2265 2103 οὐχ
2317 2029 2352 2096 ἡ
2414 2027 2570 2099 μαία,
2630 2023 2758 2081 ἀλλ’
2815 2027 2988 2101 ἑτέρα.
3045 2029 3197 2085 Μετά
3249 2024 3307 2083 δὶ
3358 2029 3581 2084 θάνατον
3637 2031 3809 2100 αὐτῆς

2165 2117 2519 2192 μνηστεύεται
2554 2120 2757 2196 Ἰωσὴφ
2806 2119 2904 2187 τὴν
2956 2118 3221 2174 Θεοτόκον
3272 2121 3510 2194 Μαρίαν,
3568 2124 3705 2177 κατά
3750 2123 3812 2177 τὸ

2164 2227 2428 2282 μητρικον
2476 2205 2625 2283 γένος
2677 2205 3056 2282 καταγομένην
3116 2208 3224 2263 ἀπὸ
3281 2213 3377 2264 τοῦ
3434 2212 3655 2275 Ματθᾶν
3713 2214 3814 2266 τοῦ

2159 2296 2366 2373 ἱερέως,
2397 2296 2486 2351 καὶ
2519 2295 2682 2351 αὐτοῦ
2716 2297 2818 2351 ἀπὸ
2854 2296 3244 2370 Σολομῶντος,
3294 2302 3392 2353 τοῦ
3441 2300 3565 2354 υἱοῦ
3621 2295 3813 2370 Δαϐὶδ,

2160 2385 2534 2462 καταγομένην
2569 2388 2702 2461 (59),
2735 2383 2808 2448 ὥς
2839 2408 2971 2464 φησι
3015 2388 3078 2442 τὸ
3128 2388 3267 2443 κατὰ
3313 2393 3527 2444 Λουκᾶν
3583 2388 3820 2466 Εὔαγγὲ-

2160 2473 2285 2532 λιον
2313 2474 2692 2550 γενεαλογοῦν.
2729 2475 2907 2537 Οὗτος
2937 2477 3037 2552 γὰρ
3070 2476 3097 2530 ὁ
3130 2478 3346 2532 Ματθᾶν
3373 2474 3501 2553 ἔσχε
3524 2479 3821 2554 Θυγατέρας

2162 2564 2221 2620 ἐκ
2251 2564 2462 2640 Μαρίας
2491 2571 2590 2632 τῆ>
2638 2566 2892 2639 γυναικὸς
2933 2564 3120 2636 αὐτοῦ,
3174 2567 3246 2621 ὧν
3292 2566 3360 2621 τὰ
3408 2567 3652 2640 ὀνόματα
3704 2571 3818 2625 Μα-

2161 2656 2273 2729 ρία,
2308 2648 2517 2723 Σουϐἡ,
2548 2655 2737 2712 ”Αννα.
2771 2655 2833 2711 Ἡ
2867 2654 2955 2709 οὗν
3004 2653 3189 2730 Μαρία
3244 2660 3405 2730 γεννᾷ
3444 2657 3543 2725 τὴν
3595 2655 3815 2713 Ἐλισά-

2161 2740 2276 2814 Εετ,
2332 2746 2432 2813 τήν
2498 2743 2707 2817 μητέρα
2757 2743 3006 2799 Ἰωάννου
3064 2749 3161 2799 τοῦ
3221 2747 3549 2805 Βαπτιστοῦ.
3635 2748 3698 2803 Ἦ
3760 2743 3817 2800 δὲ

2157 2837 2331 2892 ’Ἀννα
2377 2838 2540 2910 γεννᾷ
2574 2835 2674 2903 τήν
2724 2834 2877 2910 ἁγίαν
2938 2837 3200 2891 Θεοτόκον
3262 2838 3314 2892 ἐν
3377 2838 3654 2912 Βηθλεὲμ,
3712 2843 3815 2911 τήν

2158 2925 2295 2979 κατὰ
2322 2923 2385 2978 τὸ
2416 2920 2593 2997 ὄνομα
2630 2930 2731 2992 τῆς
2787 2925 3027 2997 μάμμης
3074 2926 3162 2980 καὶ
3207 2925 3376 2995 θείας,
3428 2925 3818 2999 ἐπικληθεῖσαν

2162 3011 2396 3088 Μαρίαν.
2432 3014 2521 3074 Ὧς
2571 3013 2710 3067 εἶναι
2757 3014 2856 3082 τὴν
2919 3013 3229 3085 Ἐλισάῗὶετ,
3288 3017 3507 3091 ἀνεψιὰν
3565 3017 3663 3091 μὲν
3719 3026 3819 3090 τῆς

2157 3104 2380 3172 “Aw-nc,
2413 3099 2707 3176 ἐξάδελφον
2762 3100 2817 3157 δὲ
2874 3110 2975 3172 τῆς
3036 3105 3326 3163 Θεοτόκου.
3387 3111 3698 3178 Κυροῦνται
3756 3111 3827 3165 τὰ

2160 3192 2387 3267 ἑκάτερα
2441 3194 2536 3246 τοῦ
2618 3191 2982 3267 Εὖαγγελίου,
3075 3193 3164 3249 διὰ
3219 3200 3316 3249 τοῦ
3382 3192 3702 3274 διηγεῖσθαι
3760 3200 3823 3253 τὸ

2160 3285 2414 3357 πατρῷον
2446 3279 2626 3358 γένος,
2651 3282 2739 3337 καὶ
2778 3284 3031 3355 σαρκικὸν
3083 3287 3180 3339 τοῦ
3231 3285 3489 3360 Χριστοῦ.
3540 3290 3641 3344 Ἦν
3689 3287 3818 3365 γὰρ,

2167 3370 2410 3445 φησὶν,ὁ
2467 3372 2680 3441 Ἰησοῦς
2737 3370 3074 3447 ἀρχόμενος,
3132 3374 3209 3438 ὡς
3261 3372 3396 3430 ἐτῶν
3455 3373 3526 3448 λ“,
3581 3372 3642 3440 ὅς
3700 3376 3821 3433 ἑνο-

2168 3458 2354 3534 μίζετο
2382 3463 2480 3516 τοῦ
2517 3460 2745 3539 Ἰωσὴφ,
2775 3465 2874 3516 τοῦ
2903 3460 3081 3534 Ἠλεὶ,
3113 3468 3209 3519 τοῦ
3241 3468 3485 3529 Ματθᾶν.

2044 3607 2168 3663 VII.

991 3749 1384 3817 Fragmentum
1410 3762 1481 3801 ea:
1510 3745 1630 3801 cod.
1660 3761 1761 3801 ms.
1800 3745 2003 3800 Veneto
2029 3744 2156 3812 494,
2180 3758 2316 3813 pag.
2349 3743 2454 3797 243
2485 3742 2752 3799 Biblioth.
2787 3746 2850 3799 D.
2882 3747 3059 3801 Marci
3086 3746 3219 3818 (60).

388 3892 686 3962 Hippolyti
716 3891 959 3947 Thebani
988 3906 1060 3945 ea'
1089 3895 1435 3960 syntagmate
1460 3890 1579 3959 ejus
1636 3888 2042 3958 chronologico.

465 4054 625 4110 Scire
654 4056 909 4124 oportet,
939 4051 1098 4122 quod
1126 4050 1199 4106 ab
1230 4051 1421 4107 Adam
1451 4067 1639 4122 usque
1673 4051 1747 4107 ad
1777 4050 2045 4105 barbari-

390 4162 611 4213 smum,
645 4148 785 4199 sunt
814 4142 955 4198 anni
988 4144 1128 4196 2266
1160 4148 1218 4196 et
1247 4158 1282 4198 a
1310 4142 1683 4197 barbarismo
1737 4157 1926 4213 usque
1972 4139 2047 4195 ad

390 4234 818 4309 scythesmum,
853 4232 1000 4287 anni
1046 4234 1151 4285 500
1210 4237 1268 4287 et
1294 4248 1326 4287 a
1359 4232 1695 4305 scythesmo
1735 4248 1925 4303 usque
1972 4229 2047 4285 ad

389 4325 841 4391 Hellenismum,
878 4320 1021 4377 anni
1055 4323 1192 4376 1236
1221 4326 1281 4377 et
1310 4320 1382 4377 ab
1433 4321 1798 4377 Hellenismo
1856 4336 2047 4394 usque

388 4415 463 4470 ad
489 4414 882 4482 Judaismum,
914 4411 1059 4468 anni
1092 4412 1259 4467 mille
1286 4429 1298 4466 :
1334 4417 1393 4468 et
1420 4410 1493 4468 ab
1522 4412 1825 4468 Judaismo
1856 4429 2046 4483 usque

387 4504 461 4561 ad
500 4503 1047 4569 Christianismum,
1081 4502 1220 4556 anni
1256 4501 1586 4573 quingenti.
1622 4502 1773 4556 Inito
1805 4502 2044 4556 univer-

392 4594 507 4649 sim
538 4592 791 4662 calculo,
842 4590 1184 4646 invenimus
1243 4590 1316 4646 ab
1375 4592 1559 4647 Adam
1615 4591 1689 4646 ad
1746 4591 2046 4645 Christum

392 4699 582 4740 annos
611 4698 752 4737 ιοιυυ
810 4686 871 4735 et
923 4698 957 4736 a
1012 4682 1314 4737 nativitate
1371 4681 1606 4737 Domini
1665 4680 1854 4735 nostri
1912 4681 2046 4736 Jesu

392 4771 608 4827 Christi
642 4771 715 4827 ad
747 4772 1202 4827 Constantinum
1229 4788 1510 4845 magnum
1539 4786 1732 4826 annos
1763 4773 1892 4825 200.

465 4863 761 4916 Praeterea
787 4860 1115 4929 sciendum,
1150 4861 1309 4934 quod
1341 4878 1376 4917 a
1395 4860 1587 4929 primo
1609 4860 1920 4915 hominum
1944 4877 2044 4932 pa-

2150 3882 2481 3943 Ἱππολύτου
2566 3880 2810 3956 Θηϐαίου
2904 3887 2963 3943 ἐκ
3039 3892 3138 3944 τοῦ

2858 3980 3091 4033 γματος.

2228 4065 2354 4140 Χρὴ
2390 4062 2447 4120 δὲ
2475 4065 2784 4139 γινώσκειν,
2846 4065 2928 4122 ὅτι
2988 4067 3093 4123 ἀπὸ
3152 4067 3333 4143 Ἀδὰμ
3384 4069 3488 4132 ἓως
3548 4065 3814 4147 βαρϐαρι-

2160 4159 2303 4229 σμοῦ
2332 4158 2468 4229 (61),
2511 4154 2589 4211 ἔτι
2652 4153 2902 4233 δισχίλια
2952 4160 3079 4231 σξς“,
3136 4160 3225 4215 καὶ
3276 4161 3382 4216 ἀπὸ
3433 4157 3819 4237 βαρϐαρισμοῦ

2156 4241 2260 4306 ἕως
2296 4249 2638 4318 σκυθησμοῦ,
2670 4242 2762 4318 ἔτη
2799 4249 2870 4327 cp"
2902 4248 2990 4302 καὶ
3017 4248 3124 4304 ἀπὸ
3166 4248 3487 4324 σκυοησμοῦ
3534 4251 3641 4316 ἓως
3687 4252 3825 4310 Ἑλ·-

2162 4332 2460 4407 ληνισμοῦ,
2501 4332 2593 4407 ἔτη
2627 4335 2787 4411 χίλια
2817 4335 2954 4402 σλς“’
2986 4338 3076 4393 καὶ
3105 4340 3210 4394 ἀπὸ
3260 4339 3638 4414 Ἑλληνισμοῦ
3691 4340 3804 4406 ἕως

2159 4419 2527 4496 Ἰουδαϊσμοῦ,
2564 4421 2653 4495 ἔτη
2711 4422 2893 4500 χίλιαο
2953 4426 3043 4480 καὶ
3102 4427 3208 4482 ἀπὸ
3270 4425 3652 4503 Ἰουδαϊσσμοῦ
3704 4430 3816 4494 ’ἐως

2159 4517 2614 4586 Χριστιανισμοῦ,
2672 4508 2765 4585 ἔτη
2825 4516 3169 4573 πεντακοσία.
3258 4518 3432 4591 Ὁμοῦ
3521 4520 3817 4598 συμψηφί-

2155 4621 2339 4664 σαντες
2400 4598 2629 4676 εὕρομεν
2689 4602 2796 4657 ἀπὸ
2856 4601 3041 4678 Ἀδὰμ
3089 4602 3199 4667 ἕως
3253 4607 3516 4680 Χριστοῦ,
3575 4605 3669 4679 ἔτη
3738 4609 3819 4688 ἐφ’

2156 4689 2262 4745 ἀπὸ
2310 4689 2366 4745 δὲ
2416 4698 2516 4762 τῆς
2569 4693 2858 4768 γεννὲσεως
2914 4696 3013 4749 τοῦ
3097 4696 3297 4771 Κυρίου

2157 4785 2392 4854 Χριστοῦ
2419 4780 2525 4844 ἓως
2556 4784 2959 4838 Κωνσταντίνου
2989 4788 3086 4840 τοῦ
3119 4785 3405 4860 Μεγάλου,
3436 4784 3528 4859 ἔτη
3564 4789 3626 4847 α’,

2230 4870 2518 4925 Γινώσκειν
2553 4867 2610 4924 δὲ
2643 4868 2727 4925 δεῖ
2762 4872 2850 4927 καὶ
2907 4876 3093 4945 τοῦτο,
3151 4874 3234 4929 ὅτι
3280 4874 3385 4929 ἀπὸ
3438 4879 3536 4930 τοῦ
3590 4896 3815 4952 πρωτο-

3256 3895 3523 3965 χρονικοῦ
3606 3893 3801 3947 συντά-

3380 4699 3543 4769 ἡμῶν
3625 4699 3813 4768 Ἰησοῦ

391 4955 561 5007 rente
597 4951 779 5007 Adam
810 4968 998 5022 usque
1029 4951 1103 5006 ad
1133 4953 1273 5019 Noe,
1325 4950 1435 5004 sub
1487 4966 1602 5020 quo
1655 4951 1903 5023 contigit
1950 4950 2040 5005 di-

2162 4956 2398 5014 ιτλάστου
2427 4957 2605 5032 Ἀδὰμ
2632 4959 2738 5023 ’ὲως
2779 4964 2904 5018 Νῶε
2958 4961 3039 5040 ἐφ’
3086 4964 3132 5035 ᾧ
3183 4964 3211 5018 ὁ
3263 4950 3672 5039 κατακλυσμὸς,
3714 4988 3812 5042 γε-

390 5040 641 5109 luvium,
671 5047 811 5096 sunt
836 5040 1252 5114 generationes
1282 5038 1508 5104 decem,
1544 5056 1648 5094 seu
1692 5042 1835 5095 anni
1876 5041 2039 5095 2451.

386 5131 574 5188 Adam
603 5146 710 5203 per
739 5135 996 5202 quatuor
1024 5128 1328 5201 alphabeti
1359 5126 1587 5183 litteras
1617 5128 2044 5201 interpretatur

385 5221 615 5292 Oriens,
650 5220 959 5288 Occidens,
994 5217 1328 5289 Septentrio
1360 5222 1419 5273 et
1448 5217 1742 5274 Meridies.

454 5380 565 5448 (59)
600 5379 733 5434 Haec
767 5396 873 5433 vox
903 5376 1139 5431 videtur
1165 5374 1525 5448 redundare.

456 5446 566 5521 (60)
600 5450 800 5505 Greece
835 5449 1201 5521 descriptum
1234 5446 1570 5502 invenimus
1630 5447 1785 5503 inter
1832 5449 2039 5506 adver-

380 5520 631 5577 saria'V.
664 5522 725 5577 C.
756 5520 1144 5591 Bongioanni,

454 5595 564 5663 (61)
596 5592 720 5657 Hic,
755 5593 802 5665 si
836 5591 979 5662 quid
1014 5591 1204 5656 video,
1238 5591 1605 5665 barbarismus
1653 5592 1883 5665 capitur
1929 5612 2034 5665 pro

381 5662 738 5736 confusione
756 5664 1127 5736 linguarum:
1159 5662 1486 5736 scythisgnus
1516 5679 1622 5734 pro
1661 5662 1803 5718 feris
1835 5679 1902 5718 ac
1929 5662 2033 5723 1e-

383 5735 551 5791 tricis
566 5734 865 5801 moribus,
888 5735 1066 5805 idque
1096 5736 1239 5789 forte
1269 5751 1339 5789 ex
1368 5735 1497 5790 loco
1528 5737 1791 5807 Apostoli
1821 5737 1898 5794 ad
1925 5740 2032 5795 Co-

2151 5048 2265 5103 νεσὶ
2297 5045 2443 5118 δέκα,
2477 5044 2570 5120 ἔτη
2637 5049 2789 5125 βυνᾶ.
2845 5053 2906 5109 Ὁ
2964 5052 3067 5127 γὰρ
3125 5050 3306 5127 Ἀδὰμ
3362 5053 3438 5117 εἷς
3488 5057 3807 5132 τετραστοι-

2154 5157 2254 5214 χον
2288 5138 2663 5223 ἑρμηνεύεται·
2706 5144 2741 5211 ἡ
2789 5140 2892 5219 γὰρ
2944 5143 3243 5215 Ἀνατολὴ,
3296 5145 3478 5217 Δύσις,
3540 5146 3807 5223 Ἄρκτος,

2151 5226 2239 5282 καὶ
2272 5233 2419 5298 Μεση
2430 5221 2618 5303 μϐρία.

2148 5390 2291 5465 loss.
2325 5408 2407 5454 ιιι,
2448 5395 2531 5459 11,
2557 5394 2951 5465 etrespicitur
2979 5396 3053 5450 ad
3085 5396 3522 5454 Sodomitarum
3546 5399 3805 5457 facinus.

2147 5463 2510 5537 Hetlenismus
2526 5466 2666 5535 poni
2690 5463 2924 5520 videtur
2944 5483 3049 5537 pro
3073 5469 3395 5525 universali
3418 5471 3684 5527 ethnicis
3702 5490 3802 5527 mo

2152 5535 2331 5616 Yulgo
2365 5536 2710 5591 existimant
2729 5535 3166 5616 barbarismum
3192 5548 3329 5616 ante
3356 5542 3802 5616 diluvium,scy-

2145 5606 2432 5679 thismum
2463 5624 2652 5678 usque
2683 5608 2758 5663 ad
2810 5609 2993 5679 Sarug
3036 5610 3388 5669 obtinuisse.
3442 5618 3578 5671 (ἴδει.
3639 5606 3795 5671 coxi-

2142 5676 2249 5804 ἐξ)
2263 5676 2683 5804 Epiplhimi'um,
2716 5686 2774 5735 et
2804 5676 3075 5738 Vossium
3106 5685 3184 5738 De
3208 5687 3348 5754 orig.
3408 5687 3566 5756 idol.,
3618 5687 3718 5743 lib.
3753 5704 3796 5754 ι,

2256 5789 2271 5804 .
2365 5767 2383 5804 ι
2433 5768 2495 5804 ι.

2141 5763 2271 5818 cap.
2304 5763 2333 5804 3
2365 5763 2495 5806 init.
