  <div class='ocr_page' id='page_1' title='image "/cluster/home/n/w/nwhite01/storage/ocr_20150623/117/coo.31924054870211/536.png"; bbox 0 0 4096 6456; ppageno 0'>
   <div class='ocr_carea' id='block_1_1' title="bbox 351 440 519 502">
    <p class='ocr_par' dir='ltr' id='par_1_1' title="bbox 351 440 519 502">
     <span class='ocr_line' id='line_1_1' title="bbox 351 440 519 502; baseline -0.012 0"><span class='ocrx_word' id='word_1_1' title='bbox 351 441 384 502; x_wconf 89' lang='grc'><strong>1</strong></span> <span class='ocrx_word' id='word_1_2' title='bbox 396 440 519 500; x_wconf 74' lang='grc'><strong>049</strong></span> 
     </span>
    </p>
   </div>
   <div class='ocr_carea' id='block_1_2' title="bbox 1808 433 2319 497">
    <p class='ocr_par' dir='ltr' id='par_1_2' title="bbox 1808 433 2319 497">
     <span class='ocr_line' id='line_1_2' title="bbox 1808 433 2319 497; baseline -0.006 0"><span class='ocrx_word' id='word_1_3' title='bbox 1808 433 2319 497; x_wconf 82' lang='lat' dir='ltr'><strong>FRAGMENTA.</strong></span> 
     </span>
    </p>
   </div>
   <div class='ocr_carea' id='block_1_3' title="bbox 3624 426 3785 490">
    <p class='ocr_par' dir='ltr' id='par_1_3' title="bbox 3624 426 3785 490">
     <span class='ocr_line' id='line_1_3' title="bbox 3624 426 3785 490; baseline -0.006 0"><span class='ocrx_word' id='word_1_4' title='bbox 3624 426 3785 490; x_wconf 76' lang='lat'><strong>1050</strong></span> 
     </span>
    </p>
   </div>
   <div class='ocr_carea' id='block_1_4' title="bbox 425 560 2028 644">
    <p class='ocr_par' dir='ltr' id='par_1_4' title="bbox 425 561 2006 644">
     <span class='ocr_line' id='line_1_4' title="bbox 425 561 2006 644; baseline -0.004 -18"><span class='ocrx_word' id='word_1_5' title='bbox 425 571 569 626; x_wconf 83' lang='grc' dir='ltr'><strong>Ἀπὸ</strong></span> <span class='ocrx_word' id='word_1_6' title='bbox 599 566 660 624; x_wconf 75' lang='grc' dir='ltr'>δὲ</span> <span class='ocrx_word' id='word_1_7' title='bbox 688 572 787 624; x_wconf 78' lang='grc' dir='ltr'><strong>τοῦ</strong></span> <span class='ocrx_word' id='word_1_8' title='bbox 817 565 1206 641; x_wconf 69' lang='grc' dir='ltr'><strong>κατακλυσμοῦ</strong></span> <span class='ocrx_word' id='word_1_9' title='bbox 1260 565 1366 630; x_wconf 67' lang='grc' dir='ltr'>ἕως</span> <span class='ocrx_word' id='word_1_10' title='bbox 1424 561 1698 644; x_wconf 85' lang='grc' dir='ltr'>Ἀϐραὰμ,</span> <span class='ocrx_word' id='word_1_11' title='bbox 1755 567 1845 622; x_wconf 77' lang='grc' dir='ltr'>ὅτε</span> <span class='ocrx_word' id='word_1_12' title='bbox 1879 586 2006 640; x_wconf 87' lang='grc' dir='ltr'>μετ-</span> 
     </span>
    </p>
   </div>
   <div class='ocr_carea' id='block_1_5' title="bbox 2143 560 3783 644">
    <p class='ocr_par' dir='ltr' id='par_1_5' title="bbox 2199 560 3783 638">
     <span class='ocr_line' id='line_1_5' title="bbox 2199 560 3783 638; baseline -0.002 -19"><span class='ocrx_word' id='word_1_13' title='bbox 2199 572 2239 619; x_wconf 81' lang='grc' dir='ltr'><strong>Δ</strong></span> <span class='ocrx_word' id='word_1_14' title='bbox 2276 566 2496 623; x_wconf 90' lang='lat' dir='ltr'><strong>diluvio</strong></span> <span class='ocrx_word' id='word_1_15' title='bbox 2527 583 2717 638; x_wconf 89' lang='lat' dir='ltr'><strong>usque</strong></span> <span class='ocrx_word' id='word_1_16' title='bbox 2747 566 2821 622; x_wconf 90' lang='lat' dir='ltr'><strong>ad</strong></span> <span class='ocrx_word' id='word_1_17' title='bbox 2853 565 3172 632; x_wconf 77' lang='lat' dir='ltr'><strong>Abraham,</strong></span> <span class='ocrx_word' id='word_1_18' title='bbox 3208 562 3447 636; x_wconf 79' lang='lat' dir='ltr'><strong>quando</strong></span> <span class='ocrx_word' id='word_1_19' title='bbox 3498 560 3783 617; x_wconf 57' lang='lat' dir='ltr'><strong>transmic</strong></span> 
     </span>
    </p>
   </div>
   <div class='ocr_carea' id='block_1_6' title="bbox 345 655 2022 734">
    <p class='ocr_par' dir='ltr' id='par_1_6' title="bbox 345 655 2022 734">
     <span class='ocr_line' id='line_1_6' title="bbox 345 655 2022 734; baseline -0.002 -19"><span class='ocrx_word' id='word_1_20' title='bbox 345 662 559 734; x_wconf 78' lang='grc' dir='ltr'><strong>ᾤκησεν</strong></span> <span class='ocrx_word' id='word_1_21' title='bbox 649 659 728 722; x_wconf 71' lang='grc' dir='ltr'>εἷς</span> <span class='ocrx_word' id='word_1_22' title='bbox 788 664 891 734; x_wconf 81' lang='grc' dir='ltr'><strong>γῆν</strong></span> <span class='ocrx_word' id='word_1_23' title='bbox 983 657 1200 714; x_wconf 70' lang='grc' dir='ltr'>Χαναὰν</span> <span class='ocrx_word' id='word_1_24' title='bbox 1259 655 1318 712; x_wconf 78' lang='grc' dir='ltr'>ἐκ</span> <span class='ocrx_word' id='word_1_25' title='bbox 1373 663 1475 726; x_wconf 80' lang='grc' dir='ltr'>τῆς</span> <span class='ocrx_word' id='word_1_26' title='bbox 1563 656 2022 730; x_wconf 77' lang='grc' dir='ltr'><strong>Μεσοποταμίας,</strong></span> 
     </span>
    </p>
   </div>
   <div class='ocr_carea' id='block_1_7' title="bbox 345 742 2021 826">
    <p class='ocr_par' dir='ltr' id='par_1_7' title="bbox 345 742 2021 826">
     <span class='ocr_line' id='line_1_7' title="bbox 345 742 2021 826; baseline -0.004 -21"><span class='ocrx_word' id='word_1_27' title='bbox 345 748 528 826; x_wconf 85' lang='grc' dir='ltr'>γενεαὶ</span> <span class='ocrx_word' id='word_1_28' title='bbox 563 750 613 818; x_wconf 87' lang='grc' dir='ltr'>ι’,</span> <span class='ocrx_word' id='word_1_29' title='bbox 673 746 766 819; x_wconf 84' lang='grc' dir='ltr'>ἔτη</span> <span class='ocrx_word' id='word_1_30' title='bbox 808 748 980 819; x_wconf 81' lang='grc' dir='ltr'>αρκα’.</span> <span class='ocrx_word' id='word_1_31' title='bbox 1024 742 1282 822; x_wconf 75' lang='grc' dir='ltr'>Ἀϐραάμ</span> <span class='ocrx_word' id='word_1_32' title='bbox 1341 744 1401 802; x_wconf 79' lang='grc' dir='ltr'>δὶ</span> <span class='ocrx_word' id='word_1_33' title='bbox 1450 747 1516 816; x_wconf 81' lang='grc' dir='ltr'>ἦν</span> <span class='ocrx_word' id='word_1_34' title='bbox 1579 746 1714 802; x_wconf 80' lang='grc' dir='ltr'>ἐτῶν</span> <span class='ocrx_word' id='word_1_35' title='bbox 1774 747 1869 817; x_wconf 85' lang='grc' dir='ltr'>σε’,</span> <span class='ocrx_word' id='word_1_36' title='bbox 1926 743 2021 799; x_wconf 84' lang='grc' dir='ltr'><strong>καὶ</strong></span> 
     </span>
    </p>
   </div>
   <div class='ocr_carea' id='block_1_8' title="bbox 348 831 2018 914">
    <p class='ocr_par' dir='ltr' id='par_1_8' title="bbox 348 831 2018 914">
     <span class='ocr_line' id='line_1_8' title="bbox 348 831 2018 914; baseline -0.005 -19"><span class='ocrx_word' id='word_1_37' title='bbox 348 837 621 914; x_wconf 73' lang='grc' dir='ltr'><strong>διέτριψεν</strong></span> <span class='ocrx_word' id='word_1_38' title='bbox 676 837 731 892; x_wconf 75' lang='grc' dir='ltr'>ἐν</span> <span class='ocrx_word' id='word_1_39' title='bbox 788 840 859 913; x_wconf 73' lang='grc' dir='ltr'>γῇ</span> <span class='ocrx_word' id='word_1_40' title='bbox 923 837 1136 894; x_wconf 72' lang='grc' dir='ltr'>Χαναὰν</span> <span class='ocrx_word' id='word_1_41' title='bbox 1204 834 1298 908; x_wconf 82' lang='grc' dir='ltr'>ἔτη</span> <span class='ocrx_word' id='word_1_42' title='bbox 1360 837 1454 893; x_wconf 90' lang='grc' dir='ltr'>κε’.</span> <span class='ocrx_word' id='word_1_43' title='bbox 1517 836 1618 893; x_wconf 74' lang='grc' dir='ltr'><strong>Καὶ</strong></span> <span class='ocrx_word' id='word_1_44' title='bbox 1691 831 1867 891; x_wconf 69' lang='grc' dir='ltr'>ἔτεκεν</span> <span class='ocrx_word' id='word_1_45' title='bbox 1924 834 2018 889; x_wconf 90' lang='grc' dir='ltr'><strong>τὸν</strong></span> 
     </span>
    </p>
   </div>
   <div class='ocr_carea' id='block_1_9' title="bbox 350 920 2020 1001">
    <p class='ocr_par' dir='ltr' id='par_1_9' title="bbox 350 920 2020 1001">
     <span class='ocr_line' id='line_1_9' title="bbox 350 920 2020 1001; baseline -0.003 -19"><span class='ocrx_word' id='word_1_46' title='bbox 350 927 555 987; x_wconf 87' lang='grc' dir='ltr'>Ἰσαάκ.</span> <span class='ocrx_word' id='word_1_47' title='bbox 614 927 677 982; x_wconf 90' lang='grc' dir='ltr'><strong>Ξ¹</strong></span> <span class='ocrx_word' id='word_1_48' title='bbox 737 923 795 981; x_wconf 70' lang='grc' dir='ltr'>δὲ</span> <span class='ocrx_word' id='word_1_49' title='bbox 854 921 1057 1001; x_wconf 85' lang='grc' dir='ltr'>χρόνον</span> <span class='ocrx_word' id='word_1_50' title='bbox 1111 926 1319 1001; x_wconf 85' lang='grc' dir='ltr'>βιώσας</span> <span class='ocrx_word' id='word_1_51' title='bbox 1370 924 1575 994; x_wconf 79' lang='grc' dir='ltr'>Ἰσαὰκ,</span> <span class='ocrx_word' id='word_1_52' title='bbox 1632 928 1792 1000; x_wconf 86' lang='grc' dir='ltr'>γεννᾷ</span> <span class='ocrx_word' id='word_1_53' title='bbox 1821 920 2020 985; x_wconf 83' lang='grc' dir='ltr'>παῖδας</span> 
     </span>
    </p>
   </div>
   <div class='ocr_carea' id='block_1_10' title="bbox 355 1009 1171 1086">
    <p class='ocr_par' dir='ltr' id='par_1_10' title="bbox 355 1009 1171 1086">
     <span class='ocr_line' id='line_1_10' title="bbox 355 1009 1171 1086; baseline -0.005 -12"><span class='ocrx_word' id='word_1_54' title='bbox 355 1016 472 1086; x_wconf 87' lang='grc' dir='ltr'>δύο,</span> <span class='ocrx_word' id='word_1_55' title='bbox 501 1016 595 1072; x_wconf 85' lang='grc' dir='ltr'><strong>τὸν</strong></span> <span class='ocrx_word' id='word_1_56' title='bbox 625 1017 794 1074; x_wconf 85' lang='grc' dir='ltr'><strong>Ἦσαῦ</strong></span> <span class='ocrx_word' id='word_1_57' title='bbox 823 1015 913 1071; x_wconf 84' lang='grc' dir='ltr'><strong>καὶ</strong></span> <span class='ocrx_word' id='word_1_58' title='bbox 945 1009 1171 1072; x_wconf 88' lang='grc' dir='ltr'>Ἰακώϐ.</span> 
     </span>
    </p>
   </div>
   <div class='ocr_carea' id='block_1_11' title="bbox 423 1099 2020 1181">
    <p class='ocr_par' dir='ltr' id='par_1_11' title="bbox 423 1099 2020 1181">
     <span class='ocr_line' id='line_1_11' title="bbox 423 1099 2020 1181; baseline -0.004 -18"><span class='ocrx_word' id='word_1_59' title='bbox 423 1106 719 1179; x_wconf 82' lang='grc' dir='ltr'><strong>Γενόμενος</strong></span> <span class='ocrx_word' id='word_1_60' title='bbox 766 1102 824 1160; x_wconf 72' lang='grc' dir='ltr'>δὲ</span> <span class='ocrx_word' id='word_1_61' title='bbox 883 1099 1082 1161; x_wconf 86' lang='grc' dir='ltr'>Ἰακὼϐ</span> <span class='ocrx_word' id='word_1_62' title='bbox 1161 1105 1377 1181; x_wconf 80' lang='grc' dir='ltr'>χρόνων</span> <span class='ocrx_word' id='word_1_63' title='bbox 1438 1101 1547 1181; x_wconf 83' lang='grc' dir='ltr'>ρλ’,</span> <span class='ocrx_word' id='word_1_64' title='bbox 1605 1102 1872 1168; x_wconf 80' lang='grc' dir='ltr'>κατῆλθεν</span> <span class='ocrx_word' id='word_1_65' title='bbox 1937 1099 2020 1164; x_wconf 72' lang='grc' dir='ltr'><strong>εἵς</strong></span> 
     </span>
    </p>
   </div>
   <div class='ocr_carea' id='block_1_12' title="bbox 352 1192 2021 1273">
    <p class='ocr_par' dir='ltr' id='par_1_12' title="bbox 352 1192 2021 1273">
     <span class='ocr_line' id='line_1_12' title="bbox 352 1192 2021 1273; baseline -0.006 -17"><span class='ocrx_word' id='word_1_66' title='bbox 352 1195 647 1273; x_wconf 69' lang='grc' dir='ltr'>Αἴγυπτον,</span> <span class='ocrx_word' id='word_1_67' title='bbox 689 1196 803 1270; x_wconf 72' lang='grc' dir='ltr'><strong>ἅμα</strong></span> <span class='ocrx_word' id='word_1_68' title='bbox 854 1201 973 1259; x_wconf 87' lang='grc' dir='ltr'>τοῖς</span> <span class='ocrx_word' id='word_1_69' title='bbox 1031 1192 1245 1251; x_wconf 86' lang='grc' dir='ltr'>δώδεκα</span> <span class='ocrx_word' id='word_1_70' title='bbox 1301 1196 1443 1258; x_wconf 79' lang='grc' dir='ltr'>υἱοῖς</span> <span class='ocrx_word' id='word_1_71' title='bbox 1506 1196 1699 1266; x_wconf 81' lang='grc' dir='ltr'>αὐτοῦ,</span> <span class='ocrx_word' id='word_1_72' title='bbox 1757 1194 1850 1251; x_wconf 84' lang='grc' dir='ltr'><strong>καὶ</strong></span> <span class='ocrx_word' id='word_1_73' title='bbox 1903 1198 2021 1262; x_wconf 78' lang='grc' dir='ltr'>τοῖς</span> 
     </span>
    </p>
   </div>
   <div class='ocr_carea' id='block_1_13' title="bbox 343 1278 2020 1362">
    <p class='ocr_par' dir='ltr' id='par_1_13' title="bbox 343 1278 2020 1362">
     <span class='ocr_line' id='line_1_13' title="bbox 343 1278 2020 1362; baseline -0.002 -21"><span class='ocrx_word' id='word_1_74' title='bbox 343 1287 592 1362; x_wconf 70' lang='grc' dir='ltr'>ἐγγόνοις</span> <span class='ocrx_word' id='word_1_75' title='bbox 669 1285 864 1359; x_wconf 77' lang='grc' dir='ltr'>αὐτοῦ,</span> <span class='ocrx_word' id='word_1_76' title='bbox 922 1286 1013 1341; x_wconf 91' lang='grc' dir='ltr'><strong>τὸν</strong></span> <span class='ocrx_word' id='word_1_77' title='bbox 1075 1282 1313 1360; x_wconf 78' lang='grc' dir='ltr'>ἄριθμὸν</span> <span class='ocrx_word' id='word_1_78' title='bbox 1394 1290 1487 1353; x_wconf 81' lang='grc' dir='ltr'>σε’,</span> <span class='ocrx_word' id='word_1_79' title='bbox 1567 1284 1895 1359; x_wconf 79' lang='grc' dir='ltr'>παρῴκησεν</span> <span class='ocrx_word' id='word_1_80' title='bbox 1963 1278 2020 1338; x_wconf 74' lang='grc' dir='ltr'>δὲ</span> 
     </span>
    </p>
   </div>
   <div class='ocr_carea' id='block_1_14' title="bbox 343 1370 2016 1452">
    <p class='ocr_par' dir='ltr' id='par_1_14' title="bbox 343 1370 2016 1452">
     <span class='ocr_line' id='line_1_14' title="bbox 343 1370 2016 1452; baseline -0.004 -19"><span class='ocrx_word' id='word_1_81' title='bbox 343 1370 546 1433; x_wconf 84' lang='grc' dir='ltr'>Ἰακὼϐ</span> <span class='ocrx_word' id='word_1_82' title='bbox 576 1374 632 1432; x_wconf 79' lang='grc' dir='ltr'>ἐν</span> <span class='ocrx_word' id='word_1_83' title='bbox 665 1374 932 1452; x_wconf 74' lang='grc' dir='ltr'>Αίγύπτῳ</span> <span class='ocrx_word' id='word_1_84' title='bbox 963 1371 1057 1444; x_wconf 76' lang='grc' dir='ltr'>ἔτη</span> <span class='ocrx_word' id='word_1_85' title='bbox 1120 1381 1186 1442; x_wconf 80' lang='grc' dir='ltr'>υ“,</span> <span class='ocrx_word' id='word_1_86' title='bbox 1245 1374 1307 1430; x_wconf 79' lang='grc' dir='ltr'><strong>οὗ</strong></span> <span class='ocrx_word' id='word_1_87' title='bbox 1364 1375 1427 1430; x_wconf 87' lang='grc' dir='ltr'><strong>τὸ</strong></span> <span class='ocrx_word' id='word_1_88' title='bbox 1479 1372 1637 1449; x_wconf 68' lang='grc' dir='ltr'>γένος</span> <span class='ocrx_word' id='word_1_89' title='bbox 1685 1372 2016 1443; x_wconf 74' lang='grc' dir='ltr'>πληθυνθὲν,</span> 
     </span>
    </p>
   </div>
   <div class='ocr_carea' id='block_1_15' title="bbox 340 1461 2019 1540">
    <p class='ocr_par' dir='ltr' id='par_1_15' title="bbox 340 1461 2019 1540">
     <span class='ocr_line' id='line_1_15' title="bbox 340 1461 2019 1540; baseline -0.004 -20"><span class='ocrx_word' id='word_1_90' title='bbox 340 1464 419 1527; x_wconf 86' lang='grc' dir='ltr'><strong>είς</strong></span> <span class='ocrx_word' id='word_1_91' title='bbox 453 1462 669 1520; x_wconf 89' lang='grc' dir='ltr'>δώδεκα</span> <span class='ocrx_word' id='word_1_92' title='bbox 699 1464 876 1540; x_wconf 75' lang='grc' dir='ltr'>φυλὰς</span> <span class='ocrx_word' id='word_1_93' title='bbox 897 1462 1186 1539; x_wconf 77' lang='grc' dir='ltr'>ἐλογίσθη,</span> <span class='ocrx_word' id='word_1_94' title='bbox 1218 1464 1306 1519; x_wconf 84' lang='grc' dir='ltr'>καὶ</span> <span class='ocrx_word' id='word_1_95' title='bbox 1370 1463 1435 1518; x_wconf 89' lang='grc' dir='ltr'><strong>τὸ</strong></span> <span class='ocrx_word' id='word_1_96' title='bbox 1492 1461 1708 1532; x_wconf 69' lang='grc' dir='ltr'>πλῆθος</span> <span class='ocrx_word' id='word_1_97' title='bbox 1739 1464 1836 1516; x_wconf 80' lang='grc' dir='ltr'>τοῦ</span> <span class='ocrx_word' id='word_1_98' title='bbox 1880 1464 2019 1516; x_wconf 79' lang='grc' dir='ltr'><strong>Λαοῦ</strong></span> 
     </span>
    </p>
   </div>
   <div class='ocr_carea' id='block_1_16' title="bbox 338 1549 1050 1629">
    <p class='ocr_par' dir='ltr' id='par_1_16' title="bbox 338 1549 1050 1629">
     <span class='ocr_line' id='line_1_16' title="bbox 338 1549 1050 1629; baseline 0 -20"><span class='ocrx_word' id='word_1_99' title='bbox 338 1553 418 1616; x_wconf 75' lang='grc' dir='ltr'><strong>εἷς</strong></span> <span class='ocrx_word' id='word_1_100' title='bbox 447 1552 732 1624; x_wconf 73' lang='grc' dir='ltr'>ἑξακοσίας</span> <span class='ocrx_word' id='word_1_101' title='bbox 765 1549 1050 1629; x_wconf 78' lang='grc' dir='ltr'>χιλιάδας.</span> 
     </span>
    </p>
   </div>
   <div class='ocr_carea' id='block_1_17' title="bbox 416 1639 2018 1717">
    <p class='ocr_par' dir='ltr' id='par_1_17' title="bbox 416 1639 2018 1717">
     <span class='ocr_line' id='line_1_17' title="bbox 416 1639 2018 1717; baseline -0.004 -18"><span class='ocrx_word' id='word_1_102' title='bbox 416 1644 636 1715; x_wconf 81' lang='grc' dir='ltr'><strong>Καίτῷ</strong></span> <span class='ocrx_word' id='word_1_103' title='bbox 670 1643 767 1716; x_wconf 79' lang='grc' dir='ltr'>μὶν</span> <span class='ocrx_word' id='word_1_104' title='bbox 803 1640 938 1698; x_wconf 81' lang='grc' dir='ltr'>Λευΐ</span> <span class='ocrx_word' id='word_1_105' title='bbox 987 1641 1275 1717; x_wconf 84' lang='grc' dir='ltr'>ἀπόγονοι·</span> <span class='ocrx_word' id='word_1_106' title='bbox 1335 1647 1575 1711; x_wconf 79' lang='grc' dir='ltr'>Μωϋσῆς</span> <span class='ocrx_word' id='word_1_107' title='bbox 1632 1639 1722 1696; x_wconf 77' lang='grc' dir='ltr'>καί</span> <span class='ocrx_word' id='word_1_108' title='bbox 1782 1640 2018 1713; x_wconf 64' lang='grc' dir='ltr'>Ἀαρών,</span> 
     </span>
    </p>
   </div>
   <div class='ocr_carea' id='block_1_18' title="bbox 345 1729 2021 1809">
    <p class='ocr_par' dir='ltr' id='par_1_18' title="bbox 345 1729 2021 1809">
     <span class='ocr_line' id='line_1_18' title="bbox 345 1729 2021 1809; baseline -0.002 -22"><span class='ocrx_word' id='word_1_109' title='bbox 345 1734 445 1788; x_wconf 77' lang='grc' dir='ltr'><strong>Καὶ</strong></span> <span class='ocrx_word' id='word_1_110' title='bbox 483 1734 511 1788; x_wconf 83' lang='grc' dir='ltr'><strong>ὁ</strong></span> <span class='ocrx_word' id='word_1_111' title='bbox 546 1732 642 1807; x_wconf 72' lang='grc' dir='ltr'>μὲν</span> <span class='ocrx_word' id='word_1_112' title='bbox 675 1735 770 1788; x_wconf 80' lang='grc' dir='ltr'><strong>τοῦ</strong></span> <span class='ocrx_word' id='word_1_113' title='bbox 800 1732 1093 1809; x_wconf 77' lang='grc' dir='ltr'>ἱερατεύειν</span> <span class='ocrx_word' id='word_1_114' title='bbox 1123 1731 1376 1803; x_wconf 76' lang='grc' dir='ltr'>ἠξίωται,</span> <span class='ocrx_word' id='word_1_115' title='bbox 1432 1733 1460 1787; x_wconf 85' lang='grc' dir='ltr'><strong>ὁ</strong></span> <span class='ocrx_word' id='word_1_116' title='bbox 1493 1729 1551 1786; x_wconf 74' lang='grc' dir='ltr'>δὲ</span> <span class='ocrx_word' id='word_1_117' title='bbox 1611 1731 1748 1807; x_wconf 85' lang='grc' dir='ltr'>πρὸς</span> <span class='ocrx_word' id='word_1_118' title='bbox 1807 1732 1870 1785; x_wconf 88' lang='grc' dir='ltr'><strong>τὸ</strong></span> <span class='ocrx_word' id='word_1_119' title='bbox 1926 1730 2021 1804; x_wconf 83' lang='grc' dir='ltr'><strong>ἅρ-</strong></span> 
     </span>
    </p>
   </div>
   <div class='ocr_carea' id='block_1_19' title="bbox 344 1817 2019 1898">
    <p class='ocr_par' dir='ltr' id='par_1_19' title="bbox 344 1817 2019 1898">
     <span class='ocr_line' id='line_1_19' title="bbox 344 1817 2019 1898; baseline -0.004 -20"><span class='ocrx_word' id='word_1_120' title='bbox 344 1842 470 1898; x_wconf 83' lang='grc' dir='ltr'>χειν</span> <span class='ocrx_word' id='word_1_121' title='bbox 525 1822 865 1887; x_wconf 79' lang='grc' dir='ltr'>καθίσταται.</span> <span class='ocrx_word' id='word_1_122' title='bbox 919 1823 1009 1884; x_wconf 81' lang='grc' dir='ltr'>Ὦς</span> <span class='ocrx_word' id='word_1_123' title='bbox 1062 1821 1114 1877; x_wconf 80' lang='grc' dir='ltr'>ἒν</span> <span class='ocrx_word' id='word_1_124' title='bbox 1172 1826 1251 1893; x_wconf 79' lang='grc' dir='ltr'>τῷ</span> <span class='ocrx_word' id='word_1_125' title='bbox 1323 1818 1684 1896; x_wconf 67' lang='grc' dir='ltr'>ὀγδοηκοστῷ</span> <span class='ocrx_word' id='word_1_126' title='bbox 1753 1817 1857 1875; x_wconf 78' lang='grc' dir='ltr'>ἔτει</span> <span class='ocrx_word' id='word_1_127' title='bbox 1915 1819 2019 1887; x_wconf 76' lang='grc' dir='ltr'><strong>τῆς</strong></span> 
     </span>
    </p>
   </div>
   <div class='ocr_carea' id='block_1_20' title="bbox 2129 653 3788 731">
    <p class='ocr_par' dir='ltr' id='par_1_20' title="bbox 2129 653 3788 731">
     <span class='ocr_line' id='line_1_20' title="bbox 2129 653 3788 731; baseline -0.003 -20"><span class='ocrx_word' id='word_1_128' title='bbox 2129 658 2317 731; x_wconf 89' lang='lat' dir='ltr'><strong>gravit</strong></span> <span class='ocrx_word' id='word_1_129' title='bbox 2356 658 2419 713; x_wconf 90' lang='lat' dir='ltr'><strong>in</strong></span> <span class='ocrx_word' id='word_1_130' title='bbox 2452 664 2675 714; x_wconf 88' lang='lat' dir='ltr'><strong>terram</strong></span> <span class='ocrx_word' id='word_1_131' title='bbox 2713 658 2995 713; x_wconf 84' lang='lat' dir='ltr'><strong>Chanaan</strong></span> <span class='ocrx_word' id='word_1_132' title='bbox 3045 656 3117 711; x_wconf 93' lang='lat' dir='ltr'><strong>de</strong></span> <span class='ocrx_word' id='word_1_133' title='bbox 3171 653 3616 727; x_wconf 81' lang='lat' dir='ltr'><strong>Mesopotamia,</strong></span> <span class='ocrx_word' id='word_1_134' title='bbox 3646 655 3788 707; x_wconf 89' lang='lat' dir='ltr'><strong>sunt</strong></span> 
     </span>
    </p>
   </div>
   <div class='ocr_carea' id='block_1_21' title="bbox 2129 741 3780 819">
    <p class='ocr_par' dir='ltr' id='par_1_21' title="bbox 2129 741 3780 819">
     <span class='ocr_line' id='line_1_21' title="bbox 2129 741 3780 819; baseline -0.004 -17"><span class='ocrx_word' id='word_1_135' title='bbox 2129 748 2544 819; x_wconf 79' lang='lat' dir='ltr'><strong>generationes</strong></span> <span class='ocrx_word' id='word_1_136' title='bbox 2568 748 2635 801; x_wconf 98' lang='grc'><strong>10</strong></span> <span class='ocrx_word' id='word_1_137' title='bbox 2662 747 2752 803; x_wconf 88' lang='lat' dir='ltr'><strong>vel</strong></span> <span class='ocrx_word' id='word_1_138' title='bbox 2774 746 2917 802; x_wconf 90' lang='lat' dir='ltr'><strong>anni</strong></span> <span class='ocrx_word' id='word_1_139' title='bbox 2939 748 3097 801; x_wconf 91' lang='grc'>1121.</span> <span class='ocrx_word' id='word_1_140' title='bbox 3118 746 3257 799; x_wconf 84' lang='lat' dir='ltr'><strong>Erat</strong></span> <span class='ocrx_word' id='word_1_141' title='bbox 3287 748 3428 798; x_wconf 90' lang='lat' dir='ltr'><strong>tunc</strong></span> <span class='ocrx_word' id='word_1_142' title='bbox 3454 741 3780 807; x_wconf 79' lang='lat' dir='ltr'><strong>Abraham,</strong></span> 
     </span>
    </p>
   </div>
   <div class='ocr_carea' id='block_1_22' title="bbox 2128 835 3779 908">
    <p class='ocr_par' dir='ltr' id='par_1_22' title="bbox 2128 835 3779 908">
     <span class='ocr_line' id='line_1_22' title="bbox 2128 835 3779 908; baseline -0.005 -15"><span class='ocrx_word' id='word_1_143' title='bbox 2128 853 2422 893; x_wconf 89' lang='lat' dir='ltr'><strong>annorum</strong></span> <span class='ocrx_word' id='word_1_144' title='bbox 2436 840 2524 907; x_wconf 80' lang='lat'><strong>75,</strong></span> <span class='ocrx_word' id='word_1_145' title='bbox 2540 836 2912 908; x_wconf 89' lang='lat' dir='ltr'><strong>incoluitque</strong></span> <span class='ocrx_word' id='word_1_146' title='bbox 2939 835 3334 890; x_wconf 83' lang='lat' dir='ltr'><strong>Chanauaeam</strong></span> <span class='ocrx_word' id='word_1_147' title='bbox 3349 838 3570 887; x_wconf 87' lang='lat' dir='ltr'><strong>terram</strong></span> <span class='ocrx_word' id='word_1_148' title='bbox 3586 846 3779 886; x_wconf 89' lang='lat' dir='ltr'><strong>annos</strong></span> 
     </span>
    </p>
   </div>
   <div class='ocr_carea' id='block_1_23' title="bbox 2125 930 3777 1004">
    <p class='ocr_par' dir='ltr' id='par_1_23' title="bbox 2125 930 3777 1004">
     <span class='ocr_line' id='line_1_23' title="bbox 2125 930 3777 1004; baseline -0.004 -18"><span class='ocrx_word' id='word_1_149' title='bbox 2125 934 2218 999; x_wconf 85' lang='lat'><strong>25,</strong></span> <span class='ocrx_word' id='word_1_150' title='bbox 2252 935 2311 986; x_wconf 92' lang='lat' dir='ltr'><strong>et</strong></span> <span class='ocrx_word' id='word_1_151' title='bbox 2337 932 2543 1004; x_wconf 79' lang='lat' dir='ltr'><strong>genuit</strong></span> <span class='ocrx_word' id='word_1_152' title='bbox 2572 932 2755 987; x_wconf 87' lang='lat' dir='ltr'><strong>Isaac.</strong></span> <span class='ocrx_word' id='word_1_153' title='bbox 2791 930 2952 986; x_wconf 90' lang='lat' dir='ltr'><strong>Isaac</strong></span> <span class='ocrx_word' id='word_1_154' title='bbox 2985 944 3120 984; x_wconf 88' lang='lat' dir='ltr'><strong>vero</strong></span> <span class='ocrx_word' id='word_1_155' title='bbox 3151 933 3326 985; x_wconf 89' lang='lat' dir='ltr'><strong>natus</strong></span> <span class='ocrx_word' id='word_1_156' title='bbox 3355 942 3543 982; x_wconf 90' lang='lat' dir='ltr'><strong>annos</strong></span> <span class='ocrx_word' id='word_1_157' title='bbox 3573 942 3644 980; x_wconf 73' lang='grc' dir='ltr'><strong>ιχ</strong></span> <span class='ocrx_word' id='word_1_158' title='bbox 3673 940 3777 995; x_wconf 88' lang='lat' dir='ltr'><strong>ge-</strong></span> 
     </span>
    </p>
   </div>
   <div class='ocr_carea' id='block_1_24' title="bbox 2126 1020 3135 1089">
    <p class='ocr_par' dir='ltr' id='par_1_24' title="bbox 2126 1020 3135 1089">
     <span class='ocr_line' id='line_1_24' title="bbox 2126 1020 3135 1089; baseline -0.001 -13"><span class='ocrx_word' id='word_1_159' title='bbox 2126 1021 2261 1076; x_wconf 90' lang='lat' dir='ltr'><strong>nuit</strong></span> <span class='ocrx_word' id='word_1_160' title='bbox 2288 1020 2437 1077; x_wconf 91' lang='lat' dir='ltr'><strong>duos</strong></span> <span class='ocrx_word' id='word_1_161' title='bbox 2471 1021 2649 1089; x_wconf 78' lang='lat' dir='ltr'><strong>ﬁlios,</strong></span> <span class='ocrx_word' id='word_1_162' title='bbox 2681 1022 2836 1077; x_wconf 82' lang='lat' dir='ltr'><strong>Esau</strong></span> <span class='ocrx_word' id='word_1_163' title='bbox 2857 1025 2917 1076; x_wconf 91' lang='lat' dir='ltr'><strong>et</strong></span> <span class='ocrx_word' id='word_1_164' title='bbox 2934 1020 3135 1076; x_wconf 89' lang='lat' dir='ltr'><strong>Iacob.</strong></span> 
     </span>
    </p>
   </div>
   <div class='ocr_carea' id='block_1_25' title="bbox 2197 1106 3783 1178">
    <p class='ocr_par' dir='ltr' id='par_1_25' title="bbox 2197 1106 3783 1178">
     <span class='ocr_line' id='line_1_25' title="bbox 2197 1106 3783 1178; baseline -0.004 -12"><span class='ocrx_word' id='word_1_165' title='bbox 2197 1110 2394 1178; x_wconf 89' lang='lat' dir='ltr'><strong>Iacob,</strong></span> <span class='ocrx_word' id='word_1_166' title='bbox 2430 1127 2568 1166; x_wconf 90' lang='lat' dir='ltr'><strong>cum</strong></span> <span class='ocrx_word' id='word_1_167' title='bbox 2623 1116 2782 1166; x_wconf 88' lang='lat' dir='ltr'><strong>esset</strong></span> <span class='ocrx_word' id='word_1_168' title='bbox 2837 1127 3134 1166; x_wconf 89' lang='lat' dir='ltr'><strong>annorum</strong></span> <span class='ocrx_word' id='word_1_169' title='bbox 3193 1112 3316 1178; x_wconf 78' lang='grc'>130,</span> <span class='ocrx_word' id='word_1_170' title='bbox 3375 1106 3688 1164; x_wconf 87' lang='lat' dir='ltr'><strong>descendit</strong></span> <span class='ocrx_word' id='word_1_171' title='bbox 3717 1106 3783 1160; x_wconf 90' lang='lat' dir='ltr'><strong>in</strong></span> 
     </span>
    </p>
   </div>
   <div class='ocr_carea' id='block_1_26' title="bbox 2126 1194 3783 1273">
    <p class='ocr_par' dir='ltr' id='par_1_26' title="bbox 2126 1194 3783 1273">
     <span class='ocr_line' id='line_1_26' title="bbox 2126 1194 3783 1273; baseline -0.004 -17"><span class='ocrx_word' id='word_1_172' title='bbox 2126 1202 2439 1273; x_wconf 68' lang='lat' dir='ltr'><strong>Aigyptum</strong></span> <span class='ocrx_word' id='word_1_173' title='bbox 2468 1216 2590 1255; x_wconf 90' lang='lat' dir='ltr'><strong>una</strong></span> <span class='ocrx_word' id='word_1_174' title='bbox 2609 1217 2743 1256; x_wconf 90' lang='lat' dir='ltr'><strong>cum</strong></span> <span class='ocrx_word' id='word_1_175' title='bbox 2775 1199 3090 1255; x_wconf 85' lang='lat' dir='ltr'><strong>duodecim</strong></span> <span class='ocrx_word' id='word_1_176' title='bbox 3122 1199 3265 1254; x_wconf 85' lang='lat' dir='ltr'><strong>ﬁliis</strong></span> <span class='ocrx_word' id='word_1_177' title='bbox 3296 1198 3419 1253; x_wconf 88' lang='lat' dir='ltr'><strong>suis</strong></span> <span class='ocrx_word' id='word_1_178' title='bbox 3461 1203 3519 1252; x_wconf 93' lang='lat' dir='ltr'><strong>et</strong></span> <span class='ocrx_word' id='word_1_179' title='bbox 3552 1194 3783 1267; x_wconf 88' lang='lat' dir='ltr'><strong>nepoti-</strong></span> 
     </span>
    </p>
   </div>
   <div class='ocr_carea' id='block_1_27' title="bbox 2126 1288 3776 1362">
    <p class='ocr_par' dir='ltr' id='par_1_27' title="bbox 2126 1288 3776 1362">
     <span class='ocr_line' id='line_1_27' title="bbox 2126 1288 3776 1362; baseline -0.003 -18"><span class='ocrx_word' id='word_1_180' title='bbox 2126 1288 2236 1344; x_wconf 90' lang='lat' dir='ltr'><strong>bus</strong></span> <span class='ocrx_word' id='word_1_181' title='bbox 2264 1291 2673 1362; x_wconf 85' lang='lat' dir='ltr'><strong>ejus,numero</strong></span> <span class='ocrx_word' id='word_1_182' title='bbox 2705 1293 2772 1344; x_wconf 78' lang='lat'><strong>75</strong></span> <span class='ocrx_word' id='word_1_183' title='bbox 2813 1290 3151 1360; x_wconf 86' lang='lat' dir='ltr'><strong>mansitque</strong></span> <span class='ocrx_word' id='word_1_184' title='bbox 3193 1288 3369 1343; x_wconf 90' lang='lat' dir='ltr'><strong>Iacob</strong></span> <span class='ocrx_word' id='word_1_185' title='bbox 3418 1288 3480 1341; x_wconf 91' lang='lat' dir='ltr'><strong>in</strong></span> <span class='ocrx_word' id='word_1_186' title='bbox 3532 1288 3776 1359; x_wconf 67' lang='lat' dir='ltr'><strong>Egypto</strong></span> 
     </span>
    </p>
   </div>
   <div class='ocr_carea' id='block_1_28' title="bbox 2125 1378 3781 1452">
    <p class='ocr_par' dir='ltr' id='par_1_28' title="bbox 2125 1378 3781 1452">
     <span class='ocr_line' id='line_1_28' title="bbox 2125 1378 3781 1452; baseline -0.004 -16"><span class='ocrx_word' id='word_1_187' title='bbox 2125 1397 2317 1437; x_wconf 87' lang='lat' dir='ltr'><strong>annos</strong></span> <span class='ocrx_word' id='word_1_188' title='bbox 2344 1383 2471 1449; x_wconf 79' lang='grc'>400,</span> <span class='ocrx_word' id='word_1_189' title='bbox 2505 1380 2675 1452; x_wconf 88' lang='lat' dir='ltr'><strong>cujus</strong></span> <span class='ocrx_word' id='word_1_190' title='bbox 2708 1378 2944 1435; x_wconf 88' lang='lat' dir='ltr'><strong>soboles</strong></span> <span class='ocrx_word' id='word_1_191' title='bbox 2976 1378 3669 1450; x_wconf 87' lang='lat' dir='ltr'><strong>multiplicata,reputata</strong></span> <span class='ocrx_word' id='word_1_192' title='bbox 3689 1381 3781 1430; x_wconf 90' lang='lat' dir='ltr'><strong>est</strong></span> 
     </span>
    </p>
   </div>
   <div class='ocr_carea' id='block_1_29' title="bbox 2125 1468 3777 1541">
    <p class='ocr_par' dir='ltr' id='par_1_29' title="bbox 2125 1468 3777 1541">
     <span class='ocr_line' id='line_1_29' title="bbox 2125 1468 3777 1541; baseline -0.004 -14"><span class='ocrx_word' id='word_1_193' title='bbox 2125 1472 2184 1527; x_wconf 90' lang='lat' dir='ltr'><strong>in</strong></span> <span class='ocrx_word' id='word_1_194' title='bbox 2217 1472 2532 1528; x_wconf 89' lang='lat' dir='ltr'><strong>duodecim</strong></span> <span class='ocrx_word' id='word_1_195' title='bbox 2564 1471 2842 1539; x_wconf 89' lang='lat' dir='ltr'><strong>tribus,et</strong></span> <span class='ocrx_word' id='word_1_196' title='bbox 2862 1469 3179 1525; x_wconf 88' lang='lat' dir='ltr'><strong>multitudo</strong></span> <span class='ocrx_word' id='word_1_197' title='bbox 3193 1469 3395 1541; x_wconf 83' lang='lat' dir='ltr'><strong>pOpuli</strong></span> <span class='ocrx_word' id='word_1_198' title='bbox 3414 1468 3475 1523; x_wconf 87' lang='lat' dir='ltr'><strong>in</strong></span> <span class='ocrx_word' id='word_1_199' title='bbox 3499 1473 3777 1522; x_wconf 87' lang='lat' dir='ltr'><strong>sexcenta</strong></span> 
     </span>
    </p>
   </div>
   <div class='ocr_carea' id='block_1_30' title="bbox 2124 1563 2336 1619">
    <p class='ocr_par' dir='ltr' id='par_1_30' title="bbox 2124 1563 2336 1619">
     <span class='ocr_line' id='line_1_30' title="bbox 2124 1563 2336 1619; baseline -0.014 0"><span class='ocrx_word' id='word_1_200' title='bbox 2124 1563 2336 1619; x_wconf 86' lang='lat' dir='ltr'><strong>millia.</strong></span> 
     </span>
    </p>
   </div>
   <div class='ocr_carea' id='block_1_31' title="bbox 2197 1646 3775 1724">
    <p class='ocr_par' dir='ltr' id='par_1_31' title="bbox 2197 1646 3775 1724">
     <span class='ocr_line' id='line_1_31' title="bbox 2197 1646 3775 1724; baseline -0.004 -16"><span class='ocrx_word' id='word_1_201' title='bbox 2197 1652 2329 1708; x_wconf 83' lang='lat' dir='ltr'><strong>Levi</strong></span> <span class='ocrx_word' id='word_1_202' title='bbox 2359 1652 2579 1724; x_wconf 85' lang='lat' dir='ltr'><strong>posteri</strong></span> <span class='ocrx_word' id='word_1_203' title='bbox 2610 1651 2776 1706; x_wconf 83' lang='lat' dir='ltr'><strong>fuere</strong></span> <span class='ocrx_word' id='word_1_204' title='bbox 2807 1653 3034 1722; x_wconf 84' lang='lat' dir='ltr'><strong>Moyses</strong></span> <span class='ocrx_word' id='word_1_205' title='bbox 3065 1655 3126 1706; x_wconf 91' lang='lat' dir='ltr'><strong>et</strong></span> <span class='ocrx_word' id='word_1_206' title='bbox 3150 1649 3473 1705; x_wconf 84' lang='lat' dir='ltr'><strong>Aaron.Hic</strong></span> <span class='ocrx_word' id='word_1_207' title='bbox 3496 1646 3775 1704; x_wconf 89' lang='lat' dir='ltr'><strong>sacerdo-</strong></span> 
     </span>
    </p>
   </div>
   <div class='ocr_carea' id='block_1_32' title="bbox 2127 1737 3775 1813">
    <p class='ocr_par' dir='ltr' id='par_1_32' title="bbox 2127 1737 3775 1813">
     <span class='ocr_line' id='line_1_32' title="bbox 2127 1737 3775 1813; baseline -0.005 -15"><span class='ocrx_word' id='word_1_208' title='bbox 2127 1744 2208 1798; x_wconf 89' lang='lat' dir='ltr'><strong>tio</strong></span> <span class='ocrx_word' id='word_1_209' title='bbox 2232 1742 2543 1798; x_wconf 89' lang='lat' dir='ltr'><strong>decoratus</strong></span> <span class='ocrx_word' id='word_1_210' title='bbox 2557 1740 2775 1808; x_wconf 90' lang='lat' dir='ltr'><strong>est,ille</strong></span> <span class='ocrx_word' id='word_1_211' title='bbox 2793 1739 3064 1813; x_wconf 81' lang='lat' dir='ltr'><strong>regimini</strong></span> <span class='ocrx_word' id='word_1_212' title='bbox 3084 1740 3278 1812; x_wconf 86' lang='lat' dir='ltr'><strong>gentis</strong></span> <span class='ocrx_word' id='word_1_213' title='bbox 3307 1737 3775 1810; x_wconf 62' lang='lat' dir='ltr'><strong>prmﬂcitur.lta«</strong></span> 
     </span>
    </p>
   </div>
   <div class='ocr_carea' id='block_1_33' title="bbox 2129 1828 3781 1905">
    <p class='ocr_par' dir='ltr' id='par_1_33' title="bbox 2129 1828 3781 1905">
     <span class='ocr_line' id='line_1_33' title="bbox 2129 1828 3781 1905; baseline -0.004 -18"><span class='ocrx_word' id='word_1_214' title='bbox 2129 1849 2243 1905; x_wconf 88' lang='lat' dir='ltr'><strong>que</strong></span> <span class='ocrx_word' id='word_1_215' title='bbox 2274 1848 2430 1886; x_wconf 88' lang='lat' dir='ltr'><strong>anno</strong></span> <span class='ocrx_word' id='word_1_216' title='bbox 2463 1832 2592 1885; x_wconf 80' lang='lat' dir='ltr'><strong>vitm</strong></span> <span class='ocrx_word' id='word_1_217' title='bbox 2643 1847 2763 1885; x_wconf 78' lang='lat' dir='ltr'><strong>suae</strong></span> <span class='ocrx_word' id='word_1_218' title='bbox 2798 1829 3160 1902; x_wconf 85' lang='lat' dir='ltr'><strong>octogesimo</strong></span> <span class='ocrx_word' id='word_1_219' title='bbox 3220 1828 3410 1883; x_wconf 89' lang='lat' dir='ltr'><strong>calcat</strong></span> <span class='ocrx_word' id='word_1_220' title='bbox 3469 1843 3630 1882; x_wconf 88' lang='lat' dir='ltr'><strong>mare</strong></span> <span class='ocrx_word' id='word_1_221' title='bbox 3661 1828 3781 1881; x_wconf 85' lang='lat' dir='ltr'><strong>Ru-</strong></span> 
     </span>
    </p>
   </div>
   <div class='ocr_carea' id='block_1_34' title="bbox 346 1906 2028 1994">
    <p class='ocr_par' dir='ltr' id='par_1_34' title="bbox 346 1906 2020 1987">
     <span class='ocr_line' id='line_1_34' title="bbox 346 1906 2020 1987; baseline -0.002 -20"><span class='ocrx_word' id='word_1_222' title='bbox 346 1918 496 1985; x_wconf 79' lang='grc' dir='ltr'>ζωῆς</span> <span class='ocrx_word' id='word_1_223' title='bbox 529 1913 719 1985; x_wconf 80' lang='grc' dir='ltr'>αὐτοῦ,</span> <span class='ocrx_word' id='word_1_224' title='bbox 778 1917 938 1967; x_wconf 82' lang='grc' dir='ltr'>πατεῖ</span> <span class='ocrx_word' id='word_1_225' title='bbox 988 1912 1088 1981; x_wconf 78' lang='grc' dir='ltr'>τὴν</span> <span class='ocrx_word' id='word_1_226' title='bbox 1148 1912 1413 1987; x_wconf 73' lang='grc' dir='ltr'>Ἐρυθρὰν</span> <span class='ocrx_word' id='word_1_227' title='bbox 1474 1910 1776 1975; x_wconf 80' lang='grc' dir='ltr'>θάλασσαν.</span> <span class='ocrx_word' id='word_1_228' title='bbox 1836 1910 1899 1967; x_wconf 84' lang='grc' dir='ltr'><strong><em>Ἢ</em></strong></span> <span class='ocrx_word' id='word_1_229' title='bbox 1961 1906 2020 1974; x_wconf 65' lang='grc' dir='ltr'>δὲ</span> 
     </span>
    </p>
   </div>
   <div class='ocr_carea' id='block_1_35' title="bbox 2143 1906 3779 1994">
    <p class='ocr_par' dir='ltr' id='par_1_35' title="bbox 2143 1914 3779 1993">
     <span class='ocr_line' id='line_1_35' title="bbox 2143 1914 3779 1993; baseline -0.006 -16"><span class='ocrx_word' id='word_1_230' title='bbox 2143 1934 2322 1977; x_wconf 67' lang='lat' dir='ltr'><strong>brum.</strong></span> <span class='ocrx_word' id='word_1_231' title='bbox 2356 1922 2570 1993; x_wconf 83' lang='lat' dir='ltr'><strong>Legum</strong></span> <span class='ocrx_word' id='word_1_232' title='bbox 2601 1919 2744 1975; x_wconf 88' lang='lat' dir='ltr'><strong>latio</strong></span> <span class='ocrx_word' id='word_1_233' title='bbox 2774 1918 2952 1989; x_wconf 63' lang='lat' dir='ltr'><strong>coepit</strong></span> <span class='ocrx_word' id='word_1_234' title='bbox 2971 1917 3165 1973; x_wconf 90' lang='lat' dir='ltr'><strong>triduo</strong></span> <span class='ocrx_word' id='word_1_235' title='bbox 3202 1922 3333 1989; x_wconf 90' lang='lat' dir='ltr'><strong>post</strong></span> <span class='ocrx_word' id='word_1_236' title='bbox 3378 1932 3682 1989; x_wconf 87' lang='lat' dir='ltr'><strong>egressum</strong></span> <span class='ocrx_word' id='word_1_237' title='bbox 3707 1914 3779 1969; x_wconf 92' lang='lat' dir='ltr'><strong>de</strong></span> 
     </span>
    </p>
   </div>
   <div class='ocr_carea' id='block_1_36' title="bbox 340 1998 2015 2077">
    <p class='ocr_par' dir='ltr' id='par_1_36' title="bbox 340 1998 2015 2077">
     <span class='ocr_line' id='line_1_36' title="bbox 340 1998 2015 2077; baseline -0.003 -20"><span class='ocrx_word' id='word_1_238' title='bbox 340 2002 647 2074; x_wconf 78' lang='grc' dir='ltr'>νομοθεσία</span> <span class='ocrx_word' id='word_1_239' title='bbox 681 2001 815 2075; x_wconf 84' lang='grc' dir='ltr'>μετᾶ</span> <span class='ocrx_word' id='word_1_240' title='bbox 846 2007 993 2076; x_wconf 80' lang='grc' dir='ltr'>τρεῖς</span> <span class='ocrx_word' id='word_1_241' title='bbox 1025 2003 1238 2077; x_wconf 75' lang='grc' dir='ltr'>ἡμέρας</span> <span class='ocrx_word' id='word_1_242' title='bbox 1296 2002 1396 2068; x_wconf 76' lang='grc' dir='ltr'>τῆς</span> <span class='ocrx_word' id='word_1_243' title='bbox 1454 1998 1687 2074; x_wconf 76' lang='grc' dir='ltr'>[ἐξόδου]</span> <span class='ocrx_word' id='word_1_244' title='bbox 1747 1998 1797 2072; x_wconf 77' lang='grc' dir='ltr'><strong>ἐξ</strong></span> <span class='ocrx_word' id='word_1_245' title='bbox 1847 1998 2015 2074; x_wconf 82' lang='grc' dir='ltr'>Αίγύ-</span> 
     </span>
    </p>
   </div>
   <div class='ocr_carea' id='block_1_37' title="bbox 339 2089 1551 2166">
    <p class='ocr_par' dir='ltr' id='par_1_37' title="bbox 339 2089 1551 2166">
     <span class='ocr_line' id='line_1_37' title="bbox 339 2089 1551 2166; baseline 0.001 -19"><span class='ocrx_word' id='word_1_246' title='bbox 339 2111 505 2147; x_wconf 79' lang='grc' dir='ltr'>πτου·</span> <span class='ocrx_word' id='word_1_247' title='bbox 539 2089 819 2166; x_wconf 68' lang='grc' dir='ltr'>διέτριψαν</span> <span class='ocrx_word' id='word_1_248' title='bbox 852 2090 909 2146; x_wconf 73' lang='grc' dir='ltr'>δὲ</span> <span class='ocrx_word' id='word_1_249' title='bbox 938 2093 988 2147; x_wconf 83' lang='grc' dir='ltr'>ἐν</span> <span class='ocrx_word' id='word_1_250' title='bbox 1021 2093 1092 2163; x_wconf 71' lang='grc' dir='ltr'><strong>τῇ</strong></span> <span class='ocrx_word' id='word_1_251' title='bbox 1123 2090 1316 2165; x_wconf 74' lang='grc' dir='ltr'>ἐρήμῳ</span> <span class='ocrx_word' id='word_1_252' title='bbox 1346 2089 1439 2162; x_wconf 81' lang='grc' dir='ltr'>ἔτη</span> <span class='ocrx_word' id='word_1_253' title='bbox 1477 2092 1551 2164; x_wconf 86' lang='grc' dir='ltr'><strong>μ’.</strong></span> 
     </span>
    </p>
   </div>
   <div class='ocr_carea' id='block_1_38' title="bbox 420 2175 2015 2255">
    <p class='ocr_par' dir='ltr' id='par_1_38' title="bbox 420 2175 2015 2255">
     <span class='ocr_line' id='line_1_38' title="bbox 420 2175 2015 2255; baseline -0.001 -20"><span class='ocrx_word' id='word_1_254' title='bbox 420 2183 551 2236; x_wconf 82' lang='grc' dir='ltr'><strong>Ὑπὸ</strong></span> <span class='ocrx_word' id='word_1_255' title='bbox 587 2178 647 2236; x_wconf 76' lang='grc' dir='ltr'>δὲ</span> <span class='ocrx_word' id='word_1_256' title='bbox 676 2183 991 2252; x_wconf 83' lang='grc' dir='ltr'>Ἰησοῦτοῦ</span> <span class='ocrx_word' id='word_1_257' title='bbox 1048 2178 1192 2236; x_wconf 79' lang='grc' dir='ltr'>Ναυΐ</span> <span class='ocrx_word' id='word_1_258' title='bbox 1238 2180 1545 2255; x_wconf 86' lang='grc' dir='ltr'>ἀρχόμενοι</span> <span class='ocrx_word' id='word_1_259' title='bbox 1604 2175 1696 2249; x_wconf 77' lang='grc' dir='ltr'>ἔτη</span> <span class='ocrx_word' id='word_1_260' title='bbox 1755 2186 1850 2249; x_wconf 71' lang='grc' dir='ltr'>κε’,</span> <span class='ocrx_word' id='word_1_261' title='bbox 1911 2178 2015 2233; x_wconf 78' lang='grc' dir='ltr'>ὑπὸ</span> 
     </span>
    </p>
   </div>
   <div class='ocr_carea' id='block_1_39' title="bbox 347 2268 2011 2345">
    <p class='ocr_par' dir='ltr' id='par_1_39' title="bbox 347 2268 2011 2345">
     <span class='ocr_line' id='line_1_39' title="bbox 347 2268 2011 2345; baseline -0.001 -19"><span class='ocrx_word' id='word_1_262' title='bbox 347 2268 409 2326; x_wconf 76' lang='grc' dir='ltr'>δὲ</span> <span class='ocrx_word' id='word_1_263' title='bbox 442 2275 551 2326; x_wconf 83' lang='grc' dir='ltr'>τῶν</span> <span class='ocrx_word' id='word_1_264' title='bbox 588 2276 800 2345; x_wconf 86' lang='grc' dir='ltr'>Κριτῶν</span> <span class='ocrx_word' id='word_1_265' title='bbox 835 2270 925 2342; x_wconf 80' lang='grc' dir='ltr'>ἔτη</span> <span class='ocrx_word' id='word_1_266' title='bbox 962 2271 1060 2341; x_wconf 80' lang='grc' dir='ltr'>ον’,</span> <span class='ocrx_word' id='word_1_267' title='bbox 1109 2269 1278 2345; x_wconf 68' lang='grc' dir='ltr'>μέχρι</span> <span class='ocrx_word' id='word_1_268' title='bbox 1307 2277 1409 2340; x_wconf 79' lang='grc' dir='ltr'><strong>τῆς</strong></span> <span class='ocrx_word' id='word_1_269' title='bbox 1468 2268 1751 2344; x_wconf 84' lang='grc' dir='ltr'>βασιλείας</span> <span class='ocrx_word' id='word_1_270' title='bbox 1808 2268 2011 2325; x_wconf 87' lang='grc' dir='ltr'>Σαούλ.</span> 
     </span>
    </p>
   </div>
   <div class='ocr_carea' id='block_1_40' title="bbox 341 2353 2015 2435">
    <p class='ocr_par' dir='ltr' id='par_1_40' title="bbox 341 2353 2015 2435">
     <span class='ocr_line' id='line_1_40' title="bbox 341 2353 2015 2435; baseline -0.004 -19"><span class='ocrx_word' id='word_1_271' title='bbox 341 2361 473 2419; x_wconf 72' lang='grc' dir='ltr'>Εἶθ’</span> <span class='ocrx_word' id='word_1_272' title='bbox 537 2359 713 2423; x_wconf 72' lang='grc' dir='ltr'>οὕτως</span> <span class='ocrx_word' id='word_1_273' title='bbox 797 2359 969 2430; x_wconf 80' lang='grc' dir='ltr'>ἦλθεν</span> <span class='ocrx_word' id='word_1_274' title='bbox 1025 2355 1196 2415; x_wconf 82' lang='grc' dir='ltr'>Δαϐἓό</span> <span class='ocrx_word' id='word_1_275' title='bbox 1250 2360 1278 2414; x_wconf 82' lang='grc' dir='ltr'>ὁ</span> <span class='ocrx_word' id='word_1_276' title='bbox 1335 2353 1586 2435; x_wconf 83' lang='grc' dir='ltr'>γαμϐρὸς</span> <span class='ocrx_word' id='word_1_277' title='bbox 1642 2357 1828 2413; x_wconf 78' lang='grc' dir='ltr'>αὐτοῦ.</span> <span class='ocrx_word' id='word_1_278' title='bbox 1913 2358 2015 2414; x_wconf 82' lang='grc' dir='ltr'><strong>Καὶ</strong></span> 
     </span>
    </p>
   </div>
   <div class='ocr_carea' id='block_1_41' title="bbox 338 2442 2011 2526">
    <p class='ocr_par' dir='ltr' id='par_1_41' title="bbox 338 2442 2011 2526">
     <span class='ocr_line' id='line_1_41' title="bbox 338 2442 2011 2526; baseline -0.002 -21"><span class='ocrx_word' id='word_1_279' title='bbox 338 2452 576 2526; x_wconf 66' lang='grc' dir='ltr'>γέγονεν</span> <span class='ocrx_word' id='word_1_280' title='bbox 638 2449 746 2505; x_wconf 82' lang='grc' dir='ltr'><strong>ἀπὸ</strong></span> <span class='ocrx_word' id='word_1_281' title='bbox 803 2444 1062 2522; x_wconf 77' lang='grc' dir='ltr'>Ἀϐραάμ</span> <span class='ocrx_word' id='word_1_282' title='bbox 1145 2444 1252 2510; x_wconf 73' lang='grc' dir='ltr'>ἕως</span> <span class='ocrx_word' id='word_1_283' title='bbox 1315 2442 1482 2502; x_wconf 83' lang='grc' dir='ltr'>Δαϐὶδ</span> <span class='ocrx_word' id='word_1_284' title='bbox 1537 2446 1716 2522; x_wconf 82' lang='grc' dir='ltr'>γενεαὶ</span> <span class='ocrx_word' id='word_1_285' title='bbox 1779 2444 1869 2517; x_wconf 80' lang='grc' dir='ltr'>ιδ’,</span> <span class='ocrx_word' id='word_1_286' title='bbox 1919 2446 2011 2517; x_wconf 78' lang='grc' dir='ltr'>ἔτη</span> 
     </span>
    </p>
   </div>
   <div class='ocr_carea' id='block_1_42' title="bbox 343 2531 2016 2611">
    <p class='ocr_par' dir='ltr' id='par_1_42' title="bbox 343 2531 2016 2611">
     <span class='ocr_line' id='line_1_42' title="bbox 343 2531 2016 2611; baseline -0.002 -18"><span class='ocrx_word' id='word_1_287' title='bbox 343 2536 484 2611; x_wconf 82' lang='grc' dir='ltr'>ᾳκδ’,</span> <span class='ocrx_word' id='word_1_288' title='bbox 507 2538 599 2593; x_wconf 81' lang='grc' dir='ltr'><strong>καὶ</strong></span> <span class='ocrx_word' id='word_1_289' title='bbox 630 2538 739 2593; x_wconf 80' lang='grc' dir='ltr'>ἀπὸ</span> <span class='ocrx_word' id='word_1_290' title='bbox 791 2533 958 2593; x_wconf 86' lang='grc' dir='ltr'>Δαϐὶδ</span> <span class='ocrx_word' id='word_1_291' title='bbox 988 2534 1096 2600; x_wconf 64' lang='grc' dir='ltr'>’ἕως</span> <span class='ocrx_word' id='word_1_292' title='bbox 1121 2544 1224 2606; x_wconf 83' lang='grc' dir='ltr'>τῆς</span> <span class='ocrx_word' id='word_1_293' title='bbox 1260 2537 1613 2610; x_wconf 83' lang='grc' dir='ltr'>μετοικησίας</span> <span class='ocrx_word' id='word_1_294' title='bbox 1664 2531 2016 2604; x_wconf 83' lang='grc' dir='ltr'>Βαϐυλῶνος,</span> 
     </span>
    </p>
   </div>
   <div class='ocr_carea' id='block_1_43' title="bbox 348 2624 2016 2703">
    <p class='ocr_par' dir='ltr' id='par_1_43' title="bbox 348 2624 2016 2703">
     <span class='ocr_line' id='line_1_43' title="bbox 348 2624 2016 2703; baseline -0.002 -20"><span class='ocrx_word' id='word_1_295' title='bbox 348 2627 529 2701; x_wconf 82' lang='grc' dir='ltr'>γενεαὶ</span> <span class='ocrx_word' id='word_1_296' title='bbox 563 2625 654 2698; x_wconf 87' lang='grc' dir='ltr'>ιδ’,</span> <span class='ocrx_word' id='word_1_297' title='bbox 685 2625 778 2698; x_wconf 79' lang='grc' dir='ltr'>ἔτη</span> <span class='ocrx_word' id='word_1_298' title='bbox 815 2624 900 2702; x_wconf 78' lang='grc' dir='ltr'><strong>φδ’</strong></span> <span class='ocrx_word' id='word_1_299' title='bbox 944 2627 1086 2699; x_wconf 78' lang='grc' dir='ltr'>ὁμοῦ</span> <span class='ocrx_word' id='word_1_300' title='bbox 1119 2626 1565 2703; x_wconf 78' lang='grc' dir='ltr'>συμψηφίσαντες</span> <span class='ocrx_word' id='word_1_301' title='bbox 1615 2625 1873 2701; x_wconf 79' lang='grc' dir='ltr'>εὕρομεν,</span> <span class='ocrx_word' id='word_1_302' title='bbox 1933 2626 2016 2680; x_wconf 83' lang='grc' dir='ltr'><strong>ὅτι</strong></span> 
     </span>
    </p>
   </div>
   <div class='ocr_carea' id='block_1_44' title="bbox 361 2711 1506 2792">
    <p class='ocr_par' dir='ltr' id='par_1_44' title="bbox 361 2711 1506 2792">
     <span class='ocr_line' id='line_1_44' title="bbox 361 2711 1506 2792; baseline 0.001 -21"><span class='ocrx_word' id='word_1_303' title='bbox 361 2717 467 2771; x_wconf 70' lang='grc' dir='ltr'>ἀπὸ</span> <span class='ocrx_word' id='word_1_304' title='bbox 490 2714 673 2790; x_wconf 72' lang='grc' dir='ltr'>Ἀδάμ</span> <span class='ocrx_word' id='word_1_305' title='bbox 700 2713 806 2780; x_wconf 71' lang='grc' dir='ltr'>ἕως</span> <span class='ocrx_word' id='word_1_306' title='bbox 837 2717 1102 2792; x_wconf 71' lang='grc' dir='ltr'>Χριστοῦ,</span> <span class='ocrx_word' id='word_1_307' title='bbox 1137 2711 1228 2785; x_wconf 81' lang='grc' dir='ltr'>ἔτη</span> <span class='ocrx_word' id='word_1_308' title='bbox 1265 2716 1343 2792; x_wconf 63' lang='grc' dir='ltr'><strong>αρ’</strong></span> <span class='ocrx_word' id='word_1_309' title='bbox 1372 2718 1506 2789; x_wconf 82' lang='grc'>(62).</span> 
     </span>
    </p>
   </div>
   <div class='ocr_carea' id='block_1_45' title="bbox 428 2802 2019 2881">
    <p class='ocr_par' dir='ltr' id='par_1_45' title="bbox 428 2802 2019 2881">
     <span class='ocr_line' id='line_1_45' title="bbox 428 2802 2019 2881; baseline -0.002 -18"><span class='ocrx_word' id='word_1_310' title='bbox 428 2807 490 2863; x_wconf 79' lang='grc' dir='ltr'><strong>Ὀ</strong></span> <span class='ocrx_word' id='word_1_311' title='bbox 543 2802 601 2861; x_wconf 74' lang='grc' dir='ltr'>δὲ</span> <span class='ocrx_word' id='word_1_312' title='bbox 655 2806 895 2879; x_wconf 85' lang='grc' dir='ltr'>Χριστὸς</span> <span class='ocrx_word' id='word_1_313' title='bbox 945 2810 1193 2881; x_wconf 75' lang='grc' dir='ltr'>γεννᾶται</span> <span class='ocrx_word' id='word_1_314' title='bbox 1252 2804 1304 2859; x_wconf 80' lang='grc' dir='ltr'>ἐν</span> <span class='ocrx_word' id='word_1_315' title='bbox 1363 2805 1443 2876; x_wconf 81' lang='grc' dir='ltr'>τῷ</span> <span class='ocrx_word' id='word_1_316' title='bbox 1498 2809 1912 2880; x_wconf 78' lang='grc' dir='ltr'>τεσσαρακοστῷ</span> 
     </span>
    </p>
   </div>
   <div class='ocr_carea' id='block_1_46' title="bbox 356 2890 2020 2971">
    <p class='ocr_par' dir='ltr' id='par_1_46' title="bbox 356 2890 2020 2971">
     <span class='ocr_line' id='line_1_46' title="bbox 356 2890 2020 2971; baseline -0.001 -20"><span class='ocrx_word' id='word_1_317' title='bbox 356 2893 464 2951; x_wconf 82' lang='grc' dir='ltr'>ἔτει</span> <span class='ocrx_word' id='word_1_318' title='bbox 499 2895 822 2971; x_wconf 70' lang='grc' dir='ltr'>Αὐγούστου</span> <span class='ocrx_word' id='word_1_319' title='bbox 851 2898 950 2950; x_wconf 79' lang='grc' dir='ltr'><strong>τοῦ</strong></span> <span class='ocrx_word' id='word_1_320' title='bbox 993 2890 1291 2970; x_wconf 81' lang='grc' dir='ltr'>βασιλέως,</span> <span class='ocrx_word' id='word_1_321' title='bbox 1350 2890 1460 2950; x_wconf 83' lang='grc' dir='ltr'>ίνδ.</span> <span class='ocrx_word' id='word_1_322' title='bbox 1525 2895 1577 2962; x_wconf 90' lang='grc' dir='ltr'><strong>ι’,</strong></span> <span class='ocrx_word' id='word_1_323' title='bbox 1636 2896 1820 2968; x_wconf 71' lang='grc' dir='ltr'>ἡμέρᾳ</span> <span class='ocrx_word' id='word_1_324' title='bbox 1851 2896 1910 2966; x_wconf 85' lang='grc' dir='ltr'><strong>ζ’,</strong></span> <span class='ocrx_word' id='word_1_325' title='bbox 1961 2895 2020 2949; x_wconf 82' lang='grc' dir='ltr'>ἐκ</span> 
     </span>
    </p>
   </div>
   <div class='ocr_carea' id='block_1_47' title="bbox 356 2983 2016 3064">
    <p class='ocr_par' dir='ltr' id='par_1_47' title="bbox 356 2983 2016 3064">
     <span class='ocr_line' id='line_1_47' title="bbox 356 2983 2016 3064; baseline -0.001 -19"><span class='ocrx_word' id='word_1_326' title='bbox 356 2988 541 3060; x_wconf 76' lang='grc' dir='ltr'>φυλῆς</span> <span class='ocrx_word' id='word_1_327' title='bbox 570 2987 773 3058; x_wconf 83' lang='grc' dir='ltr'>Ἰούδα,</span> <span class='ocrx_word' id='word_1_328' title='bbox 806 2989 866 3045; x_wconf 82' lang='grc' dir='ltr'>ἔκ</span> <span class='ocrx_word' id='word_1_329' title='bbox 924 2990 1235 3062; x_wconf 70' lang='grc' dir='ltr'>σπέρματος</span> <span class='ocrx_word' id='word_1_330' title='bbox 1298 2983 1464 3043; x_wconf 78' lang='grc' dir='ltr'>Δαϐἶδ</span> <span class='ocrx_word' id='word_1_331' title='bbox 1514 2988 1576 3043; x_wconf 89' lang='grc' dir='ltr'><strong>τὸ</strong></span> <span class='ocrx_word' id='word_1_332' title='bbox 1632 2988 1770 3043; x_wconf 86' lang='grc' dir='ltr'><strong>κατά</strong></span> <span class='ocrx_word' id='word_1_333' title='bbox 1826 2988 2016 3064; x_wconf 83' lang='grc' dir='ltr'>σάρκα’</span> 
     </span>
    </p>
   </div>
   <div class='ocr_carea' id='block_1_48' title="bbox 353 3073 2022 3154">
    <p class='ocr_par' dir='ltr' id='par_1_48' title="bbox 353 3073 2022 3154">
     <span class='ocr_line' id='line_1_48' title="bbox 353 3073 2022 3154; baseline -0.001 -19"><span class='ocrx_word' id='word_1_334' title='bbox 353 3080 444 3135; x_wconf 75' lang='grc' dir='ltr'><strong>καὶ</strong></span> <span class='ocrx_word' id='word_1_335' title='bbox 474 3077 753 3135; x_wconf 78' lang='grc' dir='ltr'>τοσούτων</span> <span class='ocrx_word' id='word_1_336' title='bbox 786 3073 956 3133; x_wconf 75' lang='grc' dir='ltr'>ὄντων</span> <span class='ocrx_word' id='word_1_337' title='bbox 1002 3082 1110 3133; x_wconf 80' lang='grc' dir='ltr'>τῶν</span> <span class='ocrx_word' id='word_1_338' title='bbox 1154 3076 1400 3154; x_wconf 85' lang='grc' dir='ltr'>χρόνων,</span> <span class='ocrx_word' id='word_1_339' title='bbox 1459 3081 1576 3140; x_wconf 80' lang='grc' dir='ltr'><strong>πῶς</strong></span> <span class='ocrx_word' id='word_1_340' title='bbox 1629 3075 1729 3133; x_wconf 79' lang='grc' dir='ltr'>οὐκ</span> <span class='ocrx_word' id='word_1_341' title='bbox 1760 3076 2022 3152; x_wconf 79' lang='grc' dir='ltr'>αἰσχυνε-</span> 
     </span>
    </p>
   </div>
   <div class='ocr_carea' id='block_1_49' title="bbox 348 3164 2020 3244">
    <p class='ocr_par' dir='ltr' id='par_1_49' title="bbox 348 3164 2020 3244">
     <span class='ocr_line' id='line_1_49' title="bbox 348 3164 2020 3244; baseline -0.001 -19"><span class='ocrx_word' id='word_1_342' title='bbox 348 3191 440 3226; x_wconf 78' lang='grc' dir='ltr'><strong>ται</strong></span> <span class='ocrx_word' id='word_1_343' title='bbox 474 3166 706 3224; x_wconf 77' lang='grc' dir='ltr'>Πλάτων</span> <span class='ocrx_word' id='word_1_344' title='bbox 732 3167 854 3244; x_wconf 85' lang='grc' dir='ltr'><strong>περὶ</strong></span> <span class='ocrx_word' id='word_1_345' title='bbox 885 3165 1281 3241; x_wconf 79' lang='grc' dir='ltr'>κατακλυσμοῦ</span> <span class='ocrx_word' id='word_1_346' title='bbox 1340 3167 1564 3242; x_wconf 80' lang='grc' dir='ltr'>πρώτου</span> <span class='ocrx_word' id='word_1_347' title='bbox 1622 3166 1714 3221; x_wconf 83' lang='grc' dir='ltr'><strong>καὶ</strong></span> <span class='ocrx_word' id='word_1_348' title='bbox 1767 3164 2020 3244; x_wconf 65' lang='grc' dir='ltr'>δευτέρου</span> 
     </span>
    </p>
   </div>
   <div class='ocr_carea' id='block_1_50' title="bbox 356 3257 787 3335">
    <p class='ocr_par' dir='ltr' id='par_1_50' title="bbox 356 3257 787 3335">
     <span class='ocr_line' id='line_1_50' title="bbox 356 3257 787 3335; baseline -0.005 -21"><span class='ocrx_word' id='word_1_349' title='bbox 356 3257 736 3335; x_wconf 86' lang='grc' dir='ltr'>διηγούμενος</span> <span class='ocrx_word' id='word_1_350' title='bbox 771 3276 787 3328; x_wconf 82' lang='grc'>;</span> 
     </span>
    </p>
   </div>
   <div class='ocr_carea' id='block_1_51' title="bbox 2128 2007 3384 2085">
    <p class='ocr_par' dir='ltr' id='par_1_51' title="bbox 2128 2007 3384 2085">
     <span class='ocr_line' id='line_1_51' title="bbox 2128 2007 3384 2085; baseline -0.006 -17"><span class='ocrx_word' id='word_1_351' title='bbox 2128 2015 2390 2085; x_wconf 69' lang='grc' dir='ltr'>Ᾱῐεεγρίο.</span> <span class='ocrx_word' id='word_1_352' title='bbox 2417 2011 2683 2066; x_wconf 82' lang='lat' dir='ltr'><strong>Mansere</strong></span> <span class='ocrx_word' id='word_1_353' title='bbox 2716 2009 2775 2062; x_wconf 90' lang='lat' dir='ltr'><strong>in</strong></span> <span class='ocrx_word' id='word_1_354' title='bbox 2809 2007 3044 2063; x_wconf 89' lang='lat' dir='ltr'><strong>deserto</strong></span> <span class='ocrx_word' id='word_1_355' title='bbox 3074 2023 3265 2062; x_wconf 86' lang='lat' dir='ltr'><strong>annos</strong></span> <span class='ocrx_word' id='word_1_356' title='bbox 3294 2008 3384 2061; x_wconf 79' lang='grc'>40.</span> 
     </span>
    </p>
   </div>
   <div class='ocr_carea' id='block_1_52' title="bbox 2194 2183 3780 2261">
    <p class='ocr_par' dir='ltr' id='par_1_52' title="bbox 2194 2183 3780 2261">
     <span class='ocr_line' id='line_1_52' title="bbox 2194 2183 3780 2261; baseline -0.006 -15"><span class='ocrx_word' id='word_1_357' title='bbox 2194 2193 2557 2261; x_wconf 79' lang='lat' dir='ltr'><strong>Reguntura</strong></span> <span class='ocrx_word' id='word_1_358' title='bbox 2599 2188 2736 2243; x_wconf 90' lang='lat' dir='ltr'><strong>Iesu</strong></span> <span class='ocrx_word' id='word_1_359' title='bbox 2784 2188 2935 2242; x_wconf 83' lang='lat' dir='ltr'><strong>Nave</strong></span> <span class='ocrx_word' id='word_1_360' title='bbox 2984 2202 3174 2241; x_wconf 90' lang='lat' dir='ltr'><strong>annos</strong></span> <span class='ocrx_word' id='word_1_361' title='bbox 3203 2186 3294 2253; x_wconf 85' lang='lat'><strong>25,</strong></span> <span class='ocrx_word' id='word_1_362' title='bbox 3353 2184 3427 2240; x_wconf 90' lang='lat' dir='ltr'><strong>ab</strong></span> <span class='ocrx_word' id='word_1_363' title='bbox 3474 2183 3780 2240; x_wconf 83' lang='lat' dir='ltr'><strong>Iudicibus</strong></span> 
     </span>
    </p>
   </div>
   <div class='ocr_carea' id='block_1_53' title="bbox 2125 2273 3786 2348">
    <p class='ocr_par' dir='ltr' id='par_1_53' title="bbox 2125 2273 3786 2348">
     <span class='ocr_line' id='line_1_53' title="bbox 2125 2273 3786 2348; baseline -0.005 -13"><span class='ocrx_word' id='word_1_364' title='bbox 2125 2297 2314 2336; x_wconf 90' lang='lat' dir='ltr'><strong>annos</strong></span> <span class='ocrx_word' id='word_1_365' title='bbox 2347 2282 2452 2333; x_wconf 81' lang='grc'><strong>450</strong></span> <span class='ocrx_word' id='word_1_366' title='bbox 2475 2294 2662 2348; x_wconf 89' lang='lat' dir='ltr'><strong>usque</strong></span> <span class='ocrx_word' id='word_1_367' title='bbox 2690 2277 2764 2332; x_wconf 90' lang='lat' dir='ltr'><strong>ad</strong></span> <span class='ocrx_word' id='word_1_368' title='bbox 2788 2293 3036 2345; x_wconf 81' lang='lat' dir='ltr'><strong>regnum</strong></span> <span class='ocrx_word' id='word_1_369' title='bbox 3071 2274 3230 2330; x_wconf 86' lang='lat' dir='ltr'><strong>Saul.</strong></span> <span class='ocrx_word' id='word_1_370' title='bbox 3283 2275 3573 2344; x_wconf 86' lang='lat' dir='ltr'><strong>Deinceps</strong></span> <span class='ocrx_word' id='word_1_371' title='bbox 3623 2273 3786 2327; x_wconf 88' lang='lat' dir='ltr'><strong>venit</strong></span> 
     </span>
    </p>
   </div>
   <div class='ocr_carea' id='block_1_54' title="bbox 2127 2362 3785 2436">
    <p class='ocr_par' dir='ltr' id='par_1_54' title="bbox 2127 2362 3785 2436">
     <span class='ocr_line' id='line_1_54' title="bbox 2127 2362 3785 2436; baseline -0.005 -11"><span class='ocrx_word' id='word_1_372' title='bbox 2127 2369 2308 2425; x_wconf 88' lang='lat' dir='ltr'><strong>David</strong></span> <span class='ocrx_word' id='word_1_373' title='bbox 2334 2385 2504 2424; x_wconf 91' lang='lat' dir='ltr'><strong>socer</strong></span> <span class='ocrx_word' id='word_1_374' title='bbox 2548 2367 2731 2422; x_wconf 90' lang='lat' dir='ltr'><strong>illius.</strong></span> <span class='ocrx_word' id='word_1_375' title='bbox 2788 2368 3171 2436; x_wconf 90' lang='lat' dir='ltr'><strong>Fueruntque</strong></span> <span class='ocrx_word' id='word_1_376' title='bbox 3227 2364 3299 2420; x_wconf 89' lang='lat' dir='ltr'><strong>ab</strong></span> <span class='ocrx_word' id='word_1_377' title='bbox 3352 2363 3649 2418; x_wconf 88' lang='lat' dir='ltr'><strong>Abraham</strong></span> <span class='ocrx_word' id='word_1_378' title='bbox 3710 2362 3785 2417; x_wconf 93' lang='lat' dir='ltr'><strong>ad</strong></span> 
     </span>
    </p>
   </div>
   <div class='ocr_carea' id='block_1_55' title="bbox 2131 2450 3788 2530">
    <p class='ocr_par' dir='ltr' id='par_1_55' title="bbox 2131 2450 3788 2530">
     <span class='ocr_line' id='line_1_55' title="bbox 2131 2450 3788 2530; baseline -0.005 -15"><span class='ocrx_word' id='word_1_379' title='bbox 2131 2458 2311 2515; x_wconf 87' lang='lat' dir='ltr'><strong>David</strong></span> <span class='ocrx_word' id='word_1_380' title='bbox 2341 2459 2757 2530; x_wconf 85' lang='lat' dir='ltr'><strong>generationes</strong></span> <span class='ocrx_word' id='word_1_381' title='bbox 2787 2456 2846 2510; x_wconf 77' lang='grc'>14</span> <span class='ocrx_word' id='word_1_382' title='bbox 2873 2455 2964 2510; x_wconf 85' lang='lat' dir='ltr'><strong>vel</strong></span> <span class='ocrx_word' id='word_1_383' title='bbox 2985 2455 3127 2510; x_wconf 88' lang='lat' dir='ltr'><strong>anni</strong></span> <span class='ocrx_word' id='word_1_384' title='bbox 3159 2456 3318 2508; x_wconf 75' lang='grc'>1024.</span> <span class='ocrx_word' id='word_1_385' title='bbox 3352 2454 3419 2508; x_wconf 90' lang='lat' dir='ltr'><strong>Et</strong></span> <span class='ocrx_word' id='word_1_386' title='bbox 3448 2469 3482 2507; x_wconf 89' lang='lat' dir='ltr'><strong>a</strong></span> <span class='ocrx_word' id='word_1_387' title='bbox 3513 2451 3690 2507; x_wconf 88' lang='lat' dir='ltr'><strong>David</strong></span> <span class='ocrx_word' id='word_1_388' title='bbox 3712 2450 3788 2506; x_wconf 89' lang='lat' dir='ltr'><strong>ad</strong></span> 
     </span>
    </p>
   </div>
   <div class='ocr_carea' id='block_1_56' title="bbox 2130 2540 3789 2619">
    <p class='ocr_par' dir='ltr' id='par_1_56' title="bbox 2130 2540 3789 2619">
     <span class='ocr_line' id='line_1_56' title="bbox 2130 2540 3789 2619; baseline -0.006 -16"><span class='ocrx_word' id='word_1_389' title='bbox 2130 2546 2721 2619; x_wconf 88' lang='lat' dir='ltr'><strong>transmigrationem</strong></span> <span class='ocrx_word' id='word_1_390' title='bbox 2755 2543 3096 2615; x_wconf 86' lang='lat' dir='ltr'><strong>Babylonis,</strong></span> <span class='ocrx_word' id='word_1_391' title='bbox 3140 2541 3556 2616; x_wconf 87' lang='lat' dir='ltr'><strong>generationes</strong></span> <span class='ocrx_word' id='word_1_392' title='bbox 3602 2542 3668 2594; x_wconf 83' lang='grc'>14</span> <span class='ocrx_word' id='word_1_393' title='bbox 3695 2540 3789 2595; x_wconf 91' lang='lat' dir='ltr'><strong>vel</strong></span> 
     </span>
    </p>
   </div>
   <div class='ocr_carea' id='block_1_57' title="bbox 2129 2627 3788 2704">
    <p class='ocr_par' dir='ltr' id='par_1_57' title="bbox 2129 2627 3788 2704">
     <span class='ocr_line' id='line_1_57' title="bbox 2129 2627 3788 2704; baseline -0.005 -11"><span class='ocrx_word' id='word_1_394' title='bbox 2129 2639 2271 2693; x_wconf 89' lang='lat' dir='ltr'><strong>anni</strong></span> <span class='ocrx_word' id='word_1_395' title='bbox 2305 2639 2430 2699; x_wconf 74' lang='grc'>504,</span> <span class='ocrx_word' id='word_1_396' title='bbox 2472 2634 2800 2690; x_wconf 89' lang='lat' dir='ltr'><strong>universim</strong></span> <span class='ocrx_word' id='word_1_397' title='bbox 2850 2634 2998 2689; x_wconf 90' lang='lat' dir='ltr'><strong>inito</strong></span> <span class='ocrx_word' id='word_1_398' title='bbox 3057 2632 3285 2688; x_wconf 89' lang='lat' dir='ltr'><strong>calculo</strong></span> <span class='ocrx_word' id='word_1_399' title='bbox 3333 2631 3667 2704; x_wconf 85' lang='lat' dir='ltr'><strong>reperimus</strong></span> <span class='ocrx_word' id='word_1_400' title='bbox 3715 2627 3788 2685; x_wconf 90' lang='lat' dir='ltr'><strong>ab</strong></span> 
     </span>
    </p>
   </div>
   <div class='ocr_carea' id='block_1_58' title="bbox 2132 2724 3162 2781">
    <p class='ocr_par' dir='ltr' id='par_1_58' title="bbox 2132 2724 3162 2781">
     <span class='ocr_line' id='line_1_58' title="bbox 2132 2724 3162 2781; baseline -0.005 0"><span class='ocrx_word' id='word_1_401' title='bbox 2132 2727 2311 2781; x_wconf 75' lang='lat' dir='ltr'><strong>Adam</strong></span> <span class='ocrx_word' id='word_1_402' title='bbox 2342 2724 2417 2780; x_wconf 90' lang='lat' dir='ltr'><strong>ad</strong></span> <span class='ocrx_word' id='word_1_403' title='bbox 2444 2725 2743 2780; x_wconf 85' lang='lat' dir='ltr'><strong>Christum</strong></span> <span class='ocrx_word' id='word_1_404' title='bbox 2776 2740 2966 2777; x_wconf 87' lang='lat' dir='ltr'><strong>annos</strong></span> <span class='ocrx_word' id='word_1_405' title='bbox 2998 2738 3162 2776; x_wconf 79' lang='lat' dir='ltr'><strong>mmo.</strong></span> 
     </span>
    </p>
   </div>
   <div class='ocr_carea' id='block_1_59' title="bbox 2201 2809 3784 2882">
    <p class='ocr_par' dir='ltr' id='par_1_59' title="bbox 2201 2809 3784 2882">
     <span class='ocr_line' id='line_1_59' title="bbox 2201 2809 3784 2882; baseline -0.004 -13"><span class='ocrx_word' id='word_1_406' title='bbox 2201 2814 2468 2869; x_wconf 86' lang='lat' dir='ltr'><strong>Christus</strong></span> <span class='ocrx_word' id='word_1_407' title='bbox 2502 2814 2772 2868; x_wconf 88' lang='lat' dir='ltr'><strong>nascitur</strong></span> <span class='ocrx_word' id='word_1_408' title='bbox 2799 2811 3255 2882; x_wconf 84' lang='lat' dir='ltr'><strong>quadragesimo</strong></span> <span class='ocrx_word' id='word_1_409' title='bbox 3314 2809 3578 2865; x_wconf 88' lang='lat' dir='ltr'><strong>secundo</strong></span> <span class='ocrx_word' id='word_1_410' title='bbox 3626 2826 3784 2864; x_wconf 89' lang='lat' dir='ltr'><strong>anno</strong></span> 
     </span>
    </p>
   </div>
   <div class='ocr_carea' id='block_1_60' title="bbox 2130 2898 3785 2978">
    <p class='ocr_par' dir='ltr' id='par_1_60' title="bbox 2130 2898 3785 2978">
     <span class='ocr_line' id='line_1_60' title="bbox 2130 2898 3785 2978; baseline -0.004 -18"><span class='ocrx_word' id='word_1_411' title='bbox 2130 2904 2373 2978; x_wconf 85' lang='lat' dir='ltr'><strong>Augusti</strong></span> <span class='ocrx_word' id='word_1_412' title='bbox 2405 2902 3143 2975; x_wconf 86' lang='lat' dir='ltr'><strong>imperatoris,indictione</strong></span> <span class='ocrx_word' id='word_1_413' title='bbox 3180 2903 3262 2966; x_wconf 86' lang='grc'><strong>10,</strong></span> <span class='ocrx_word' id='word_1_414' title='bbox 3296 2900 3444 2955; x_wconf 84' lang='lat' dir='ltr'><strong>feria</strong></span> <span class='ocrx_word' id='word_1_415' title='bbox 3474 2903 3605 2966; x_wconf 82' lang='lat' dir='ltr'><strong>‘7,ex</strong></span> <span class='ocrx_word' id='word_1_416' title='bbox 3628 2898 3785 2953; x_wconf 86' lang='lat' dir='ltr'><strong>tribu</strong></span> 
     </span>
    </p>
   </div>
   <div class='ocr_carea' id='block_1_61' title="bbox 2128 2988 3787 3053">
    <p class='ocr_par' dir='ltr' id='par_1_61' title="bbox 2128 2988 3787 3053">
     <span class='ocr_line' id='line_1_61' title="bbox 2128 2988 3787 3053; baseline -0.004 -4"><span class='ocrx_word' id='word_1_417' title='bbox 2128 2993 2380 3053; x_wconf 73' lang='lat' dir='ltr'><strong>Iudaex</strong></span> <span class='ocrx_word' id='word_1_418' title='bbox 2407 2992 2636 3047; x_wconf 89' lang='lat' dir='ltr'><strong>semine</strong></span> <span class='ocrx_word' id='word_1_419' title='bbox 2687 2990 2870 3046; x_wconf 90' lang='lat' dir='ltr'><strong>David</strong></span> <span class='ocrx_word' id='word_1_420' title='bbox 2929 2988 3258 3044; x_wconf 78' lang='lat' dir='ltr'><strong>secundum</strong></span> <span class='ocrx_word' id='word_1_421' title='bbox 3316 3004 3578 3043; x_wconf 90' lang='lat' dir='ltr'><strong>carnem.</strong></span> <span class='ocrx_word' id='word_1_422' title='bbox 3637 2988 3787 3044; x_wconf 87' lang='lat' dir='ltr'><strong>Cum</strong></span> 
     </span>
    </p>
   </div>
   <div class='ocr_carea' id='block_1_62' title="bbox 2131 3077 3791 3156">
    <p class='ocr_par' dir='ltr' id='par_1_62' title="bbox 2131 3077 3791 3156">
     <span class='ocr_line' id='line_1_62' title="bbox 2131 3077 3791 3156; baseline -0.004 -18"><span class='ocrx_word' id='word_1_423' title='bbox 2131 3100 2307 3156; x_wconf 92' lang='lat' dir='ltr'><strong>porro</strong></span> <span class='ocrx_word' id='word_1_424' title='bbox 2332 3087 2418 3137; x_wconf 91' lang='lat' dir='ltr'><strong>tot</strong></span> <span class='ocrx_word' id='word_1_425' title='bbox 2450 3081 2571 3136; x_wconf 91' lang='lat' dir='ltr'><strong>sint</strong></span> <span class='ocrx_word' id='word_1_426' title='bbox 2595 3080 2761 3147; x_wconf 88' lang='lat' dir='ltr'><strong>anni,</strong></span> <span class='ocrx_word' id='word_1_427' title='bbox 2796 3077 3094 3150; x_wconf 91' lang='lat' dir='ltr'><strong>quomodo</strong></span> <span class='ocrx_word' id='word_1_428' title='bbox 3125 3095 3247 3133; x_wconf 90' lang='lat' dir='ltr'><strong>non</strong></span> <span class='ocrx_word' id='word_1_429' title='bbox 3279 3077 3464 3150; x_wconf 90' lang='lat' dir='ltr'><strong>pudet</strong></span> <span class='ocrx_word' id='word_1_430' title='bbox 3480 3077 3791 3132; x_wconf 88' lang='lat' dir='ltr'><strong>Platonem</strong></span> 
     </span>
    </p>
   </div>
   <div class='ocr_carea' id='block_1_63' title="bbox 2131 3166 3547 3240">
    <p class='ocr_par' dir='ltr' id='par_1_63' title="bbox 2131 3166 3547 3240">
     <span class='ocr_line' id='line_1_63' title="bbox 2131 3166 3547 3240; baseline -0.005 -12"><span class='ocrx_word' id='word_1_431' title='bbox 2131 3173 2529 3228; x_wconf 86' lang='lat' dir='ltr'><strong>disserentem</strong></span> <span class='ocrx_word' id='word_1_432' title='bbox 2562 3170 2636 3224; x_wconf 92' lang='lat' dir='ltr'><strong>de</strong></span> <span class='ocrx_word' id='word_1_433' title='bbox 2667 3168 2889 3224; x_wconf 91' lang='lat' dir='ltr'><strong>diluvio</strong></span> <span class='ocrx_word' id='word_1_434' title='bbox 2919 3167 3112 3240; x_wconf 89' lang='lat' dir='ltr'><strong>primo</strong></span> <span class='ocrx_word' id='word_1_435' title='bbox 3145 3172 3204 3223; x_wconf 91' lang='lat' dir='ltr'><strong>et</strong></span> <span class='ocrx_word' id='word_1_436' title='bbox 3230 3166 3493 3223; x_wconf 90' lang='lat' dir='ltr'><strong>secundo</strong></span> <span class='ocrx_word' id='word_1_437' title='bbox 3520 3166 3547 3222; x_wconf 85' lang='lat'><strong>?</strong></span> 
     </span>
    </p>
   </div>
   <div class='ocr_carea' id='block_1_64' title="bbox 430 3355 2028 3432">
    <p class='ocr_par' dir='ltr' id='par_1_64' title="bbox 430 3355 2028 3432">
     <span class='ocr_line' id='line_1_64' title="bbox 430 3355 2028 3432; baseline 0.001 -20"><span class='ocrx_word' id='word_1_438' title='bbox 430 3357 565 3416; x_wconf 84' lang='grc' dir='ltr'>Ἀπὸ</span> <span class='ocrx_word' id='word_1_439' title='bbox 594 3363 696 3427; x_wconf 78' lang='grc' dir='ltr'><strong>τῆς</strong></span> <span class='ocrx_word' id='word_1_440' title='bbox 723 3355 1213 3432; x_wconf 75' lang='grc' dir='ltr'>ἐνανθρωπήσεως,</span> <span class='ocrx_word' id='word_1_441' title='bbox 1246 3363 1358 3413; x_wconf 89' lang='lat' dir='ltr'><strong>etc.</strong></span> <span class='ocrx_word' id='word_1_442' title='bbox 1391 3364 1455 3413; x_wconf 84' lang='lat' dir='ltr'><strong>ut</strong></span> <span class='ocrx_word' id='word_1_443' title='bbox 1483 3373 1656 3429; x_wconf 84' lang='lat' dir='ltr'><strong>supra</strong></span> <span class='ocrx_word' id='word_1_444' title='bbox 1672 3361 1881 3429; x_wconf 77' lang='lat' dir='ltr'><strong>fragm.</strong></span> <span class='ocrx_word' id='word_1_445' title='bbox 1926 3360 1990 3414; x_wconf 89' lang='lat' dir='ltr'><strong>V.</strong></span> <span class='ocrx_word' id='word_1_446' title='bbox 2024 3383 2028 3413; x_wconf 68' lang='grc' dir='ltr'>τ</span> 
     </span>
    </p>
   </div>
   <div class='ocr_carea' id='block_1_65' title="bbox 2143 3355 3769 3432">
    <p class='ocr_par' dir='ltr' id='par_1_65' title="bbox 2143 3358 3769 3431">
     <span class='ocr_line' id='line_1_65' title="bbox 2143 3358 3769 3431; baseline -0.002 -15"><span class='ocrx_word' id='word_1_447' title='bbox 2143 3376 2179 3418; x_wconf 89' lang='grc' dir='ltr'><strong>ι.</strong></span> <span class='ocrx_word' id='word_1_448' title='bbox 2213 3362 2264 3431; x_wconf 88' lang='grc'><strong>1,</strong></span> <span class='ocrx_word' id='word_1_449' title='bbox 2295 3375 2421 3415; x_wconf 87' lang='lat' dir='ltr'><strong>cum</strong></span> <span class='ocrx_word' id='word_1_450' title='bbox 2448 3359 2662 3415; x_wconf 79' lang='lat' dir='ltr'><strong>modico</strong></span> <span class='ocrx_word' id='word_1_451' title='bbox 2686 3359 3021 3414; x_wconf 77' lang='lat' dir='ltr'><strong>discrimine.</strong></span> <span class='ocrx_word' id='word_1_452' title='bbox 3056 3361 3132 3414; x_wconf 82' lang='grc' dir='ltr'><strong>Αε</strong></span> <span class='ocrx_word' id='word_1_453' title='bbox 3164 3374 3288 3428; x_wconf 67' lang='lat' dir='ltr'><strong>qum</strong></span> <span class='ocrx_word' id='word_1_454' title='bbox 3326 3364 3622 3429; x_wconf 81' lang='lat' dir='ltr'><strong>ponuntur</strong></span> <span class='ocrx_word' id='word_1_455' title='bbox 3670 3358 3769 3413; x_wconf 86' lang='lat' dir='ltr'><strong>sub</strong></span> 
     </span>
    </p>
   </div>
   <div class='ocr_carea' id='block_1_66' title="bbox 345 3445 1759 3519">
    <p class='ocr_par' dir='ltr' id='par_1_66' title="bbox 345 3445 1759 3519">
     <span class='ocr_line' id='line_1_66' title="bbox 345 3445 1759 3519; baseline -0.003 -14"><span class='ocrx_word' id='word_1_456' title='bbox 345 3466 508 3506; x_wconf 86' lang='lat' dir='ltr'><strong>num.</strong></span> <span class='ocrx_word' id='word_1_457' title='bbox 530 3449 608 3519; x_wconf 89' lang='lat' dir='ltr'><strong>II,</strong></span> <span class='ocrx_word' id='word_1_458' title='bbox 630 3450 765 3519; x_wconf 84' lang='lat' dir='ltr'><strong>quia</strong></span> <span class='ocrx_word' id='word_1_459' title='bbox 788 3447 1029 3503; x_wconf 77' lang='lat' dir='ltr'><strong>multum</strong></span> <span class='ocrx_word' id='word_1_460' title='bbox 1058 3445 1303 3514; x_wconf 81' lang='lat' dir='ltr'><strong>variant,</strong></span> <span class='ocrx_word' id='word_1_461' title='bbox 1325 3446 1413 3503; x_wconf 78' lang='lat' dir='ltr'><strong>hic</strong></span> <span class='ocrx_word' id='word_1_462' title='bbox 1444 3446 1759 3516; x_wconf 72' lang='lat' dir='ltr'><strong>aﬂ&#39;eremus.</strong></span> 
     </span>
    </p>
   </div>
   <div class='ocr_carea' id='block_1_67' title="bbox 441 3541 2030 3621">
    <p class='ocr_par' dir='ltr' id='par_1_67' title="bbox 441 3541 2030 3621">
     <span class='ocr_line' id='line_1_67' title="bbox 441 3541 2030 3621; baseline 0 -19"><span class='ocrx_word' id='word_1_463' title='bbox 441 3545 581 3604; x_wconf 84' lang='grc' dir='ltr'>Ἀπὸ</span> <span class='ocrx_word' id='word_1_464' title='bbox 641 3541 700 3600; x_wconf 73' lang='grc' dir='ltr'>δὲ</span> <span class='ocrx_word' id='word_1_465' title='bbox 753 3548 852 3600; x_wconf 78' lang='grc' dir='ltr'><strong>τοῦ</strong></span> <span class='ocrx_word' id='word_1_466' title='bbox 909 3545 1190 3621; x_wconf 85' lang='grc' dir='ltr'>σωτηρίου</span> <span class='ocrx_word' id='word_1_467' title='bbox 1245 3545 1452 3609; x_wconf 79' lang='grc' dir='ltr'>πάθους</span> <span class='ocrx_word' id='word_1_468' title='bbox 1501 3542 1593 3599; x_wconf 85' lang='grc' dir='ltr'><strong>καὶ</strong></span> <span class='ocrx_word' id='word_1_469' title='bbox 1657 3550 1760 3615; x_wconf 82' lang='grc' dir='ltr'>τῆς</span> <span class='ocrx_word' id='word_1_470' title='bbox 1818 3544 2030 3619; x_wconf 73' lang='grc' dir='ltr'>ἀναλή-</span> 
     </span>
    </p>
   </div>
   <div class='ocr_carea' id='block_1_68' title="bbox 366 3626 2030 3713">
    <p class='ocr_par' dir='ltr' id='par_1_68' title="bbox 366 3626 2030 3713">
     <span class='ocr_line' id='line_1_68' title="bbox 366 3626 2030 3713; baseline 0 -22"><span class='ocrx_word' id='word_1_471' title='bbox 366 3640 518 3710; x_wconf 78' lang='grc' dir='ltr'>ψεως</span> <span class='ocrx_word' id='word_1_472' title='bbox 544 3633 735 3703; x_wconf 72' lang='grc' dir='ltr'>αὐτοῦ,</span> <span class='ocrx_word' id='word_1_473' title='bbox 785 3634 952 3709; x_wconf 69' lang='grc' dir='ltr'>μέχρι</span> <span class='ocrx_word' id='word_1_474' title='bbox 1008 3639 1112 3703; x_wconf 82' lang='grc' dir='ltr'><strong>τῆς</strong></span> <span class='ocrx_word' id='word_1_475' title='bbox 1161 3626 1482 3696; x_wconf 81' lang='grc' dir='ltr'>Αιθοϐολίας</span> <span class='ocrx_word' id='word_1_476' title='bbox 1539 3637 1637 3690; x_wconf 81' lang='grc' dir='ltr'><strong>τοῦ</strong></span> <span class='ocrx_word' id='word_1_477' title='bbox 1693 3637 2030 3713; x_wconf 85' lang='grc' dir='ltr'>πρωτομάρ-</span> 
     </span>
    </p>
   </div>
   <div class='ocr_carea' id='block_1_69' title="bbox 366 3719 2030 3799">
    <p class='ocr_par' dir='ltr' id='par_1_69' title="bbox 366 3719 2030 3799">
     <span class='ocr_line' id='line_1_69' title="bbox 366 3719 2030 3799; baseline 0.001 -20"><span class='ocrx_word' id='word_1_478' title='bbox 366 3743 534 3796; x_wconf 77' lang='grc' dir='ltr'>τυρος</span> <span class='ocrx_word' id='word_1_479' title='bbox 562 3720 860 3798; x_wconf 77' lang='grc' dir='ltr'>Στεφάνου,</span> <span class='ocrx_word' id='word_1_480' title='bbox 893 3720 985 3794; x_wconf 85' lang='grc' dir='ltr'>ἔτη</span> <span class='ocrx_word' id='word_1_481' title='bbox 1023 3723 1085 3795; x_wconf 86' lang='grc' dir='ltr'><strong>ζ’,</strong></span> <span class='ocrx_word' id='word_1_482' title='bbox 1128 3722 1235 3777; x_wconf 84' lang='grc' dir='ltr'><strong>ἀπὸ</strong></span> <span class='ocrx_word' id='word_1_483' title='bbox 1294 3719 1351 3777; x_wconf 72' lang='grc' dir='ltr'>δὲ</span> <span class='ocrx_word' id='word_1_484' title='bbox 1402 3728 1502 3792; x_wconf 81' lang='grc' dir='ltr'><strong>τῆς</strong></span> <span class='ocrx_word' id='word_1_485' title='bbox 1537 3725 1838 3799; x_wconf 85' lang='grc' dir='ltr'>μαρτυρίας</span> <span class='ocrx_word' id='word_1_486' title='bbox 1898 3730 2030 3781; x_wconf 88' lang='grc' dir='ltr'>Στε-</span> 
     </span>
    </p>
   </div>
   <div class='ocr_carea' id='block_1_70' title="bbox 372 3809 2034 3893">
    <p class='ocr_par' dir='ltr' id='par_1_70' title="bbox 372 3809 2034 3893">
     <span class='ocr_line' id='line_1_70' title="bbox 372 3809 2034 3893; baseline 0.001 -25"><span class='ocrx_word' id='word_1_487' title='bbox 372 3812 536 3893; x_wconf 74' lang='grc' dir='ltr'>φάνου</span> <span class='ocrx_word' id='word_1_488' title='bbox 589 3813 757 3889; x_wconf 66' lang='grc' dir='ltr'>μέχρι</span> <span class='ocrx_word' id='word_1_489' title='bbox 789 3816 887 3868; x_wconf 81' lang='grc' dir='ltr'><strong>τοῦ</strong></span> <span class='ocrx_word' id='word_1_490' title='bbox 946 3811 1202 3888; x_wconf 73' lang='grc' dir='ltr'>φανέντος</span> <span class='ocrx_word' id='word_1_491' title='bbox 1261 3815 1341 3884; x_wconf 82' lang='grc' dir='ltr'>τῷ</span> <span class='ocrx_word' id='word_1_492' title='bbox 1402 3809 1606 3886; x_wconf 83' lang='grc' dir='ltr'>Παύλῳ</span> <span class='ocrx_word' id='word_1_493' title='bbox 1664 3814 1869 3886; x_wconf 77' lang='grc' dir='ltr'>φωτὸς,</span> <span class='ocrx_word' id='word_1_494' title='bbox 1936 3815 2034 3889; x_wconf 86' lang='grc' dir='ltr'><strong>βα-</strong></span> 
     </span>
    </p>
   </div>
   <div class='ocr_carea' id='block_1_71' title="bbox 365 3899 2035 3978">
    <p class='ocr_par' dir='ltr' id='par_1_71' title="bbox 365 3899 2035 3978">
     <span class='ocr_line' id='line_1_71' title="bbox 365 3899 2035 3978; baseline -0.001 -20"><span class='ocrx_word' id='word_1_495' title='bbox 365 3902 675 3976; x_wconf 84' lang='grc' dir='ltr'>πτίσματός</span> <span class='ocrx_word' id='word_1_496' title='bbox 702 3922 760 3957; x_wconf 89' lang='grc' dir='ltr'><strong>τε</strong></span> <span class='ocrx_word' id='word_1_497' title='bbox 791 3900 957 3958; x_wconf 77' lang='grc' dir='ltr'><strong>αύτοῦ</strong></span> <span class='ocrx_word' id='word_1_498' title='bbox 988 3900 1079 3956; x_wconf 87' lang='grc' dir='ltr'><strong>καὶ</strong></span> <span class='ocrx_word' id='word_1_499' title='bbox 1139 3899 1524 3976; x_wconf 81' lang='grc' dir='ltr'>κηρύγματος,</span> <span class='ocrx_word' id='word_1_500' title='bbox 1557 3900 1649 3956; x_wconf 82' lang='grc' dir='ltr'><strong>καὶ</strong></span> <span class='ocrx_word' id='word_1_501' title='bbox 1711 3903 1878 3978; x_wconf 74' lang='grc' dir='ltr'>μέχρι</span> <span class='ocrx_word' id='word_1_502' title='bbox 1934 3910 2035 3973; x_wconf 81' lang='grc' dir='ltr'><strong>τῆς</strong></span> 
     </span>
    </p>
   </div>
   <div class='ocr_carea' id='block_1_72' title="bbox 369 3991 2033 4068">
    <p class='ocr_par' dir='ltr' id='par_1_72' title="bbox 369 3991 2033 4068">
     <span class='ocr_line' id='line_1_72' title="bbox 369 3991 2033 4068; baseline 0 -19"><span class='ocrx_word' id='word_1_503' title='bbox 369 3991 701 4066; x_wconf 74' lang='grc' dir='ltr'>ἀναλήψεως</span> <span class='ocrx_word' id='word_1_504' title='bbox 736 3998 840 4063; x_wconf 87' lang='grc' dir='ltr'><strong>τῆς</strong></span> <span class='ocrx_word' id='word_1_505' title='bbox 899 3991 1053 4068; x_wconf 83' lang='grc' dir='ltr'>ἁγίας</span> <span class='ocrx_word' id='word_1_506' title='bbox 1112 3991 1386 4064; x_wconf 64' lang='grc' dir='ltr'>Παρθένου</span> <span class='ocrx_word' id='word_1_507' title='bbox 1444 3991 1534 4046; x_wconf 82' lang='grc' dir='ltr'><strong>καὶ</strong></span> <span class='ocrx_word' id='word_1_508' title='bbox 1595 3993 1864 4048; x_wconf 86' lang='grc' dir='ltr'>Θεοτόκου</span> <span class='ocrx_word' id='word_1_509' title='bbox 1915 3999 2033 4053; x_wconf 78' lang='grc' dir='ltr'><strong>Μα-</strong></span> 
     </span>
    </p>
   </div>
   <div class='ocr_carea' id='block_1_73' title="bbox 370 4076 2035 4160">
    <p class='ocr_par' dir='ltr' id='par_1_73' title="bbox 370 4076 2035 4160">
     <span class='ocr_line' id='line_1_73' title="bbox 370 4076 2035 4160; baseline -0.001 -22"><span class='ocrx_word' id='word_1_510' title='bbox 370 4085 521 4160; x_wconf 87' lang='grc' dir='ltr'>ρίας,</span> <span class='ocrx_word' id='word_1_511' title='bbox 580 4079 673 4152; x_wconf 80' lang='grc' dir='ltr'>ἔτη</span> <span class='ocrx_word' id='word_1_512' title='bbox 732 4088 803 4157; x_wconf 82' lang='grc' dir='ltr'>γ“,</span> <span class='ocrx_word' id='word_1_513' title='bbox 860 4080 955 4136; x_wconf 82' lang='grc' dir='ltr'><strong>καὶ</strong></span> <span class='ocrx_word' id='word_1_514' title='bbox 1007 4081 1150 4152; x_wconf 78' lang='grc' dir='ltr'>ὁμοῦ</span> <span class='ocrx_word' id='word_1_515' title='bbox 1209 4077 1303 4150; x_wconf 81' lang='grc' dir='ltr'>ἔτη</span> <span class='ocrx_word' id='word_1_516' title='bbox 1369 4076 1481 4154; x_wconf 84' lang='grc' dir='ltr'>μδ’,</span> <span class='ocrx_word' id='word_1_517' title='bbox 1544 4078 1703 4152; x_wconf 81' lang='grc' dir='ltr'>ἔζησε</span> <span class='ocrx_word' id='word_1_518' title='bbox 1784 4083 1885 4158; x_wconf 82' lang='grc' dir='ltr'><strong>γὰρ</strong></span> <span class='ocrx_word' id='word_1_519' title='bbox 1965 4085 2035 4148; x_wconf 75' lang='grc' dir='ltr'>τῆ</span> 
     </span>
    </p>
   </div>
   <div class='ocr_carea' id='block_1_74' title="bbox 371 4168 2038 4246">
    <p class='ocr_par' dir='ltr' id='par_1_74' title="bbox 371 4168 2038 4246">
     <span class='ocr_line' id='line_1_74' title="bbox 371 4168 2038 4246; baseline -0.001 -18"><span class='ocrx_word' id='word_1_520' title='bbox 371 4171 759 4246; x_wconf 81' lang='grc' dir='ltr'>ἆνθρωπότητι</span> <span class='ocrx_word' id='word_1_521' title='bbox 837 4173 873 4240; x_wconf 78' lang='grc' dir='ltr'><strong>ἡ</strong></span> <span class='ocrx_word' id='word_1_522' title='bbox 935 4171 1204 4233; x_wconf 84' lang='grc' dir='ltr'>Θεοτόκος</span> <span class='ocrx_word' id='word_1_523' title='bbox 1264 4168 1358 4241; x_wconf 76' lang='grc' dir='ltr'>ἔτη</span> <span class='ocrx_word' id='word_1_524' title='bbox 1419 4171 1516 4240; x_wconf 77' lang='grc' dir='ltr'>νϐ’,</span> <span class='ocrx_word' id='word_1_525' title='bbox 1569 4169 1764 4233; x_wconf 75' lang='grc' dir='ltr'>οὕτως·</span> <span class='ocrx_word' id='word_1_526' title='bbox 1820 4173 1907 4226; x_wconf 83' lang='grc' dir='ltr'>Ἐν</span> <span class='ocrx_word' id='word_1_527' title='bbox 1955 4176 2038 4243; x_wconf 77' lang='grc' dir='ltr'>τῷ</span> 
     </span>
    </p>
   </div>
   <div class='ocr_carea' id='block_1_75' title="bbox 371 4257 2037 4340">
    <p class='ocr_par' dir='ltr' id='par_1_75' title="bbox 371 4257 2037 4340">
     <span class='ocr_line' id='line_1_75' title="bbox 371 4257 2037 4340; baseline 0.001 -22"><span class='ocrx_word' id='word_1_528' title='bbox 371 4263 492 4336; x_wconf 80' lang='grc' dir='ltr'><strong>ναῷ</strong></span> <span class='ocrx_word' id='word_1_529' title='bbox 523 4260 617 4334; x_wconf 80' lang='grc' dir='ltr'>ἔτη</span> <span class='ocrx_word' id='word_1_530' title='bbox 654 4259 744 4334; x_wconf 84' lang='grc' dir='ltr'>ιδ’,</span> <span class='ocrx_word' id='word_1_531' title='bbox 777 4262 868 4317; x_wconf 84' lang='grc' dir='ltr'><strong>καὶ</strong></span> <span class='ocrx_word' id='word_1_532' title='bbox 899 4260 953 4316; x_wconf 81' lang='grc' dir='ltr'>ἐν</span> <span class='ocrx_word' id='word_1_533' title='bbox 1012 4265 1090 4332; x_wconf 81' lang='grc' dir='ltr'>τῷ</span> <span class='ocrx_word' id='word_1_534' title='bbox 1141 4257 1280 4334; x_wconf 58' lang='grc' dir='ltr'>οἴκῳ</span> <span class='ocrx_word' id='word_1_535' title='bbox 1345 4261 1546 4340; x_wconf 73' lang='grc' dir='ltr'>Ἰωσὴφ</span> <span class='ocrx_word' id='word_1_536' title='bbox 1600 4269 1774 4335; x_wconf 78' lang='grc' dir='ltr'>μῆνας</span> <span class='ocrx_word' id='word_1_537' title='bbox 1821 4264 1885 4334; x_wconf 86' lang='grc' dir='ltr'>ς’,</span> <span class='ocrx_word' id='word_1_538' title='bbox 1943 4265 2037 4320; x_wconf 82' lang='grc' dir='ltr'><strong>καὶ</strong></span> 
     </span>
    </p>
   </div>
   <div class='ocr_carea' id='block_1_76' title="bbox 379 4346 2037 4428">
    <p class='ocr_par' dir='ltr' id='par_1_76' title="bbox 379 4346 2037 4428">
     <span class='ocr_line' id='line_1_76' title="bbox 379 4346 2037 4428; baseline -0.001 -19"><span class='ocrx_word' id='word_1_539' title='bbox 379 4353 585 4417; x_wconf 70' lang='grc' dir='ltr'>εὐθέως</span> <span class='ocrx_word' id='word_1_540' title='bbox 628 4351 990 4427; x_wconf 78' lang='grc' dir='ltr'>εὐηγγελίσθη</span> <span class='ocrx_word' id='word_1_541' title='bbox 1042 4350 1145 4406; x_wconf 81' lang='grc' dir='ltr'><strong>ὑπὸ</strong></span> <span class='ocrx_word' id='word_1_542' title='bbox 1191 4354 1290 4406; x_wconf 76' lang='grc' dir='ltr'>τοῦ</span> <span class='ocrx_word' id='word_1_543' title='bbox 1348 4346 1620 4428; x_wconf 72' lang='grc' dir='ltr'>Γαϐριήλ,</span> <span class='ocrx_word' id='word_1_544' title='bbox 1680 4352 1768 4408; x_wconf 84' lang='grc' dir='ltr'><strong>καὶ</strong></span> <span class='ocrx_word' id='word_1_545' title='bbox 1830 4351 2037 4407; x_wconf 83' lang='grc' dir='ltr'>συλλα-</span> 
     </span>
    </p>
   </div>
   <div class='ocr_carea' id='block_1_77' title="bbox 373 4438 2036 4516">
    <p class='ocr_par' dir='ltr' id='par_1_77' title="bbox 373 4438 2036 4516">
     <span class='ocr_line' id='line_1_77' title="bbox 373 4438 2036 4516; baseline -0.002 -18"><span class='ocrx_word' id='word_1_546' title='bbox 373 4438 549 4499; x_wconf 81' lang='grc' dir='ltr'>ϐοὖσα</span> <span class='ocrx_word' id='word_1_547' title='bbox 599 4439 777 4496; x_wconf 81' lang='grc' dir='ltr'>ἓτεκεν</span> <span class='ocrx_word' id='word_1_548' title='bbox 863 4440 957 4495; x_wconf 90' lang='grc' dir='ltr'><strong>τὸν</strong></span> <span class='ocrx_word' id='word_1_549' title='bbox 1016 4439 1217 4513; x_wconf 87' lang='grc' dir='ltr'>Κύριον</span> <span class='ocrx_word' id='word_1_550' title='bbox 1275 4442 1438 4514; x_wconf 77' lang='grc' dir='ltr'>ἡμῶν</span> <span class='ocrx_word' id='word_1_551' title='bbox 1498 4442 1710 4511; x_wconf 65' lang='grc' dir='ltr'>Ἰησοῦν</span> <span class='ocrx_word' id='word_1_552' title='bbox 1780 4442 2036 4516; x_wconf 83' lang='grc' dir='ltr'>Χριστὸν,</span> 
     </span>
    </p>
   </div>
   <div class='ocr_carea' id='block_1_78' title="bbox 370 4524 2037 4606">
    <p class='ocr_par' dir='ltr' id='par_1_78' title="bbox 370 4524 2037 4606">
     <span class='ocr_line' id='line_1_78' title="bbox 370 4524 2037 4606; baseline -0.002 -19"><span class='ocrx_word' id='word_1_553' title='bbox 370 4535 445 4606; x_wconf 77' lang='grc' dir='ltr'><strong>τῇ</strong></span> <span class='ocrx_word' id='word_1_554' title='bbox 533 4528 705 4586; x_wconf 63' lang='grc' dir='ltr'>εῒκάδι</span> <span class='ocrx_word' id='word_1_555' title='bbox 761 4528 984 4603; x_wconf 67' lang='grc' dir='ltr'>πέμπτῃ</span> <span class='ocrx_word' id='word_1_556' title='bbox 1034 4533 1131 4583; x_wconf 79' lang='grc' dir='ltr'><strong>τοῦ</strong></span> <span class='ocrx_word' id='word_1_557' title='bbox 1189 4524 1530 4604; x_wconf 83' lang='grc' dir='ltr'>Δεκεμϐρίου</span> <span class='ocrx_word' id='word_1_558' title='bbox 1590 4530 1779 4603; x_wconf 84' lang='grc' dir='ltr'>μηνός.</span> <span class='ocrx_word' id='word_1_559' title='bbox 1863 4533 2037 4604; x_wconf 81' lang='grc' dir='ltr'>Ὁμοῦ</span> 
     </span>
    </p>
   </div>
   <div class='ocr_carea' id='block_1_79' title="bbox 2210 3545 3799 3619">
    <p class='ocr_par' dir='ltr' id='par_1_79' title="bbox 2210 3545 3799 3619">
     <span class='ocr_line' id='line_1_79' title="bbox 2210 3545 3799 3619; baseline -0.001 -16"><span class='ocrx_word' id='word_1_560' title='bbox 2210 3549 2257 3603; x_wconf 85' lang='grc' dir='ltr'><strong>Α</strong></span> <span class='ocrx_word' id='word_1_561' title='bbox 2273 3547 2519 3604; x_wconf 89' lang='lat' dir='ltr'><strong>salutari</strong></span> <span class='ocrx_word' id='word_1_562' title='bbox 2530 3563 2667 3602; x_wconf 89' lang='lat' dir='ltr'><strong>vero</strong></span> <span class='ocrx_word' id='word_1_563' title='bbox 2692 3546 2930 3619; x_wconf 88' lang='lat' dir='ltr'><strong>passion</strong></span> <span class='ocrx_word' id='word_1_564' title='bbox 2940 3562 2971 3601; x_wconf 91' lang='lat' dir='ltr'><strong>e</strong></span> <span class='ocrx_word' id='word_1_565' title='bbox 2983 3550 3042 3601; x_wconf 86' lang='lat' dir='ltr'><strong>et</strong></span> <span class='ocrx_word' id='word_1_566' title='bbox 3061 3546 3471 3618; x_wconf 87' lang='lat' dir='ltr'><strong>assumptione</strong></span> <span class='ocrx_word' id='word_1_567' title='bbox 3483 3545 3700 3600; x_wconf 85' lang='lat' dir='ltr'><strong>Christi</strong></span> <span class='ocrx_word' id='word_1_568' title='bbox 3723 3546 3799 3601; x_wconf 91' lang='lat' dir='ltr'><strong>ad</strong></span> 
     </span>
    </p>
   </div>
   <div class='ocr_carea' id='block_1_80' title="bbox 2146 3635 3803 3710">
    <p class='ocr_par' dir='ltr' id='par_1_80' title="bbox 2146 3635 3803 3710">
     <span class='ocr_line' id='line_1_80' title="bbox 2146 3635 3803 3710; baseline -0.002 -17"><span class='ocrx_word' id='word_1_569' title='bbox 2146 3637 2573 3710; x_wconf 89' lang='lat' dir='ltr'><strong>lapidationem</strong></span> <span class='ocrx_word' id='word_1_570' title='bbox 2605 3637 3060 3709; x_wconf 85' lang='lat' dir='ltr'><strong>protomartyris</strong></span> <span class='ocrx_word' id='word_1_571' title='bbox 3082 3636 3388 3708; x_wconf 87' lang='lat' dir='ltr'><strong>Stephani,</strong></span> <span class='ocrx_word' id='word_1_572' title='bbox 3421 3635 3565 3691; x_wconf 90' lang='lat' dir='ltr'><strong>anni</strong></span> <span class='ocrx_word' id='word_1_573' title='bbox 3596 3652 3695 3692; x_wconf 82' lang='lat' dir='ltr'><strong>vn.</strong></span> <span class='ocrx_word' id='word_1_574' title='bbox 3733 3639 3803 3690; x_wconf 90' lang='lat' dir='ltr'><strong>Et</strong></span> 
     </span>
    </p>
   </div>
   <div class='ocr_carea' id='block_1_81' title="bbox 2142 3724 3795 3799">
    <p class='ocr_par' dir='ltr' id='par_1_81' title="bbox 2142 3724 3795 3799">
     <span class='ocr_line' id='line_1_81' title="bbox 2142 3724 3795 3799; baseline -0.002 -17"><span class='ocrx_word' id='word_1_575' title='bbox 2142 3744 2177 3783; x_wconf 91' lang='lat' dir='ltr'><strong>a</strong></span> <span class='ocrx_word' id='word_1_576' title='bbox 2202 3727 2489 3799; x_wconf 85' lang='lat' dir='ltr'><strong>martyrio</strong></span> <span class='ocrx_word' id='word_1_577' title='bbox 2521 3726 2827 3798; x_wconf 86' lang='lat' dir='ltr'><strong>Stephani,</strong></span> <span class='ocrx_word' id='word_1_578' title='bbox 2860 3743 3052 3797; x_wconf 91' lang='lat' dir='ltr'><strong>usque</strong></span> <span class='ocrx_word' id='word_1_579' title='bbox 3082 3725 3158 3782; x_wconf 86' lang='lat' dir='ltr'><strong>ad</strong></span> <span class='ocrx_word' id='word_1_580' title='bbox 3214 3725 3410 3781; x_wconf 88' lang='lat' dir='ltr'><strong>lucem</strong></span> <span class='ocrx_word' id='word_1_581' title='bbox 3457 3742 3588 3796; x_wconf 73' lang='lat' dir='ltr'><strong>qua:</strong></span> <span class='ocrx_word' id='word_1_582' title='bbox 3612 3724 3795 3780; x_wconf 91' lang='lat' dir='ltr'><strong>Paulo</strong></span> 
     </span>
    </p>
   </div>
   <div class='ocr_carea' id='block_1_82' title="bbox 2143 3816 3801 3890">
    <p class='ocr_par' dir='ltr' id='par_1_82' title="bbox 2143 3816 3801 3890">
     <span class='ocr_line' id='line_1_82' title="bbox 2143 3816 3801 3890; baseline -0.004 -15"><span class='ocrx_word' id='word_1_583' title='bbox 2143 3818 2441 3890; x_wconf 87' lang='lat' dir='ltr'><strong>apparuit,</strong></span> <span class='ocrx_word' id='word_1_584' title='bbox 2473 3822 2533 3872; x_wconf 93' lang='lat' dir='ltr'><strong>et</strong></span> <span class='ocrx_word' id='word_1_585' title='bbox 2558 3816 2924 3889; x_wconf 88' lang='lat' dir='ltr'><strong>baptismum</strong></span> <span class='ocrx_word' id='word_1_586' title='bbox 2951 3833 3017 3872; x_wconf 92' lang='lat' dir='ltr'><strong>ac</strong></span> <span class='ocrx_word' id='word_1_587' title='bbox 3046 3816 3535 3889; x_wconf 67' lang='lat' dir='ltr'><strong>praedicationem</strong></span> <span class='ocrx_word' id='word_1_588' title='bbox 3557 3816 3708 3888; x_wconf 88' lang='lat' dir='ltr'><strong>ejus,</strong></span> <span class='ocrx_word' id='word_1_589' title='bbox 3743 3821 3801 3870; x_wconf 87' lang='lat' dir='ltr'><strong>et</strong></span> 
     </span>
    </p>
   </div>
   <div class='ocr_carea' id='block_1_83' title="bbox 2142 3905 3797 3979">
    <p class='ocr_par' dir='ltr' id='par_1_83' title="bbox 2142 3905 3797 3979">
     <span class='ocr_line' id='line_1_83' title="bbox 2142 3905 3797 3979; baseline -0.001 -16"><span class='ocrx_word' id='word_1_590' title='bbox 2142 3924 2335 3979; x_wconf 90' lang='lat' dir='ltr'><strong>usque</strong></span> <span class='ocrx_word' id='word_1_591' title='bbox 2355 3907 2431 3963; x_wconf 91' lang='lat' dir='ltr'><strong>ad</strong></span> <span class='ocrx_word' id='word_1_592' title='bbox 2461 3907 2937 3978; x_wconf 88' lang='lat' dir='ltr'><strong>assumptionem</strong></span> <span class='ocrx_word' id='word_1_593' title='bbox 2949 3911 3170 3963; x_wconf 66' lang='lat' dir='ltr'><strong>sanctas</strong></span> <span class='ocrx_word' id='word_1_594' title='bbox 3192 3906 3447 3978; x_wconf 87' lang='lat' dir='ltr'><strong>Virginis</strong></span> <span class='ocrx_word' id='word_1_595' title='bbox 3462 3905 3797 3977; x_wconf 74' lang='lat' dir='ltr'><strong>etDeiparae</strong></span> 
     </span>
    </p>
   </div>
   <div class='ocr_carea' id='block_1_84' title="bbox 2146 3994 3799 4065">
    <p class='ocr_par' dir='ltr' id='par_1_84' title="bbox 2146 3994 3799 4065">
     <span class='ocr_line' id='line_1_84' title="bbox 2146 3994 3799 4065; baseline -0.002 -13"><span class='ocrx_word' id='word_1_596' title='bbox 2146 3998 2366 4065; x_wconf 66' lang='lat' dir='ltr'><strong>Marias,</strong></span> <span class='ocrx_word' id='word_1_597' title='bbox 2400 3997 2542 4053; x_wconf 85' lang='lat' dir='ltr'><strong>anni</strong></span> <span class='ocrx_word' id='word_1_598' title='bbox 2574 3998 2605 4051; x_wconf 88' lang='lat'><strong>3</strong></span> <span class='ocrx_word' id='word_1_599' title='bbox 2636 4003 2697 4051; x_wconf 92' lang='lat' dir='ltr'><strong>et</strong></span> <span class='ocrx_word' id='word_1_600' title='bbox 2723 3997 3048 4052; x_wconf 89' lang='lat' dir='ltr'><strong>universim</strong></span> <span class='ocrx_word' id='word_1_601' title='bbox 3080 3995 3225 4051; x_wconf 90' lang='lat' dir='ltr'><strong>anni</strong></span> <span class='ocrx_word' id='word_1_602' title='bbox 3278 3997 3369 4050; x_wconf 75' lang='grc'>44.</span> <span class='ocrx_word' id='word_1_603' title='bbox 3431 3995 3583 4049; x_wconf 86' lang='lat' dir='ltr'><strong>Vixit</strong></span> <span class='ocrx_word' id='word_1_604' title='bbox 3638 3994 3799 4049; x_wconf 89' lang='lat' dir='ltr'><strong>enim</strong></span> 
     </span>
    </p>
   </div>
   <div class='ocr_carea' id='block_1_85' title="bbox 2146 4083 3797 4153">
    <p class='ocr_par' dir='ltr' id='par_1_85' title="bbox 2146 4083 3797 4153">
     <span class='ocr_line' id='line_1_85' title="bbox 2146 4083 3797 4153; baseline -0.001 -12"><span class='ocrx_word' id='word_1_605' title='bbox 2146 4086 2304 4142; x_wconf 91' lang='lat' dir='ltr'><strong>inter</strong></span> <span class='ocrx_word' id='word_1_606' title='bbox 2332 4086 2607 4142; x_wconf 88' lang='lat' dir='ltr'><strong>homines</strong></span> <span class='ocrx_word' id='word_1_607' title='bbox 2658 4086 2763 4142; x_wconf 94' lang='lat' dir='ltr'><strong>Dei</strong></span> <span class='ocrx_word' id='word_1_608' title='bbox 2822 4088 3004 4141; x_wconf 84' lang='lat' dir='ltr'><strong>Mater</strong></span> <span class='ocrx_word' id='word_1_609' title='bbox 3055 4102 3246 4141; x_wconf 86' lang='lat' dir='ltr'><strong>annos</strong></span> <span class='ocrx_word' id='word_1_610' title='bbox 3277 4088 3345 4140; x_wconf 79' lang='grc'><strong>59</strong></span> <span class='ocrx_word' id='word_1_611' title='bbox 3379 4102 3393 4153; x_wconf 86' lang='grc'><strong>;</strong></span> <span class='ocrx_word' id='word_1_612' title='bbox 3426 4085 3539 4140; x_wconf 89' lang='lat' dir='ltr'><strong>hoc</strong></span> <span class='ocrx_word' id='word_1_613' title='bbox 3568 4083 3745 4140; x_wconf 90' lang='lat' dir='ltr'><strong>modo</strong></span> <span class='ocrx_word' id='word_1_614' title='bbox 3784 4100 3797 4139; x_wconf 91' lang='lat'><strong>:</strong></span> 
     </span>
    </p>
   </div>
   <div class='ocr_carea' id='block_1_86' title="bbox 2143 4174 3802 4248">
    <p class='ocr_par' dir='ltr' id='par_1_86' title="bbox 2143 4174 3802 4248">
     <span class='ocr_line' id='line_1_86' title="bbox 2143 4174 3802 4248; baseline -0.002 -17"><span class='ocrx_word' id='word_1_615' title='bbox 2143 4177 2212 4231; x_wconf 90' lang='lat' dir='ltr'><strong>In</strong></span> <span class='ocrx_word' id='word_1_616' title='bbox 2234 4175 2458 4248; x_wconf 91' lang='lat' dir='ltr'><strong>templo</strong></span> <span class='ocrx_word' id='word_1_617' title='bbox 2490 4191 2680 4231; x_wconf 91' lang='lat' dir='ltr'><strong>annos</strong></span> <span class='ocrx_word' id='word_1_618' title='bbox 2704 4177 2791 4245; x_wconf 80' lang='grc'>14,</span> <span class='ocrx_word' id='word_1_619' title='bbox 2822 4180 2883 4231; x_wconf 93' lang='lat' dir='ltr'><strong>et</strong></span> <span class='ocrx_word' id='word_1_620' title='bbox 2911 4176 2974 4231; x_wconf 90' lang='lat' dir='ltr'><strong>in</strong></span> <span class='ocrx_word' id='word_1_621' title='bbox 3003 4175 3181 4230; x_wconf 90' lang='lat' dir='ltr'><strong>domo</strong></span> <span class='ocrx_word' id='word_1_622' title='bbox 3209 4174 3427 4245; x_wconf 88' lang='lat' dir='ltr'><strong>Ioseph</strong></span> <span class='ocrx_word' id='word_1_623' title='bbox 3473 4190 3711 4229; x_wconf 89' lang='lat' dir='ltr'><strong>menses</strong></span> <span class='ocrx_word' id='word_1_624' title='bbox 3745 4175 3802 4240; x_wconf 84' lang='lat'><strong>6,</strong></span> 
     </span>
    </p>
   </div>
   <div class='ocr_carea' id='block_1_87' title="bbox 2146 4264 3805 4336">
    <p class='ocr_par' dir='ltr' id='par_1_87' title="bbox 2146 4264 3805 4336">
     <span class='ocr_line' id='line_1_87' title="bbox 2146 4264 3805 4336; baseline -0.002 -16"><span class='ocrx_word' id='word_1_625' title='bbox 2146 4271 2324 4336; x_wconf 88' lang='lat' dir='ltr'><strong>atque</strong></span> <span class='ocrx_word' id='word_1_626' title='bbox 2354 4281 2491 4319; x_wconf 85' lang='lat' dir='ltr'><strong>mox</strong></span> <span class='ocrx_word' id='word_1_627' title='bbox 2522 4264 2594 4319; x_wconf 88' lang='lat' dir='ltr'><strong>ab</strong></span> <span class='ocrx_word' id='word_1_628' title='bbox 2622 4264 2859 4319; x_wconf 89' lang='lat' dir='ltr'><strong>Gabriel</strong></span> <span class='ocrx_word' id='word_1_629' title='bbox 2886 4264 3168 4319; x_wconf 89' lang='lat' dir='ltr'><strong>nuntium</strong></span> <span class='ocrx_word' id='word_1_630' title='bbox 3216 4264 3465 4334; x_wconf 90' lang='lat' dir='ltr'><strong>accepit,</strong></span> <span class='ocrx_word' id='word_1_631' title='bbox 3499 4268 3559 4318; x_wconf 89' lang='lat' dir='ltr'><strong>et</strong></span> <span class='ocrx_word' id='word_1_632' title='bbox 3607 4264 3805 4318; x_wconf 88' lang='lat' dir='ltr'><strong>conci-</strong></span> 
     </span>
    </p>
   </div>
   <div class='ocr_carea' id='block_1_88' title="bbox 2145 4350 3805 4426">
    <p class='ocr_par' dir='ltr' id='par_1_88' title="bbox 2145 4350 3805 4426">
     <span class='ocr_line' id='line_1_88' title="bbox 2145 4350 3805 4426; baseline -0.003 -16"><span class='ocrx_word' id='word_1_633' title='bbox 2145 4355 2319 4425; x_wconf 88' lang='lat' dir='ltr'><strong>piens</strong></span> <span class='ocrx_word' id='word_1_634' title='bbox 2331 4353 2889 4426; x_wconf 83' lang='lat' dir='ltr'><strong>peperitDominum</strong></span> <span class='ocrx_word' id='word_1_635' title='bbox 2904 4358 3175 4407; x_wconf 88' lang='lat' dir='ltr'><strong>nostrum</strong></span> <span class='ocrx_word' id='word_1_636' title='bbox 3185 4353 3384 4407; x_wconf 90' lang='lat' dir='ltr'><strong>Iesum</strong></span> <span class='ocrx_word' id='word_1_637' title='bbox 3396 4351 3692 4406; x_wconf 90' lang='lat' dir='ltr'><strong>Christum</strong></span> <span class='ocrx_word' id='word_1_638' title='bbox 3708 4350 3805 4406; x_wconf 92' lang='lat' dir='ltr'><strong>die</strong></span> 
     </span>
    </p>
   </div>
   <div class='ocr_carea' id='block_1_89' title="bbox 2145 4440 3799 4513">
    <p class='ocr_par' dir='ltr' id='par_1_89' title="bbox 2145 4440 3799 4513">
     <span class='ocr_line' id='line_1_89' title="bbox 2145 4440 3799 4513; baseline -0.002 -15"><span class='ocrx_word' id='word_1_639' title='bbox 2145 4443 2427 4498; x_wconf 76' lang='lat' dir='ltr'><strong>vicesima</strong></span> <span class='ocrx_word' id='word_1_640' title='bbox 2456 4442 2666 4513; x_wconf 88' lang='lat' dir='ltr'><strong>quinta</strong></span> <span class='ocrx_word' id='word_1_641' title='bbox 2688 4442 3028 4497; x_wconf 88' lang='lat' dir='ltr'><strong>Decembris</strong></span> <span class='ocrx_word' id='word_1_642' title='bbox 3050 4440 3639 4496; x_wconf 86' lang='lat' dir='ltr'><strong>mensis.Suntsimul</strong></span> <span class='ocrx_word' id='word_1_643' title='bbox 3655 4440 3799 4495; x_wconf 86' lang='lat' dir='ltr'><strong>anni</strong></span> 
     </span>
    </p>
   </div>
   <div class='ocr_carea' id='block_1_90' title="bbox 2148 4531 3801 4602">
    <p class='ocr_par' dir='ltr' id='par_1_90' title="bbox 2148 4531 3801 4602">
     <span class='ocr_line' id='line_1_90' title="bbox 2148 4531 3801 4602; baseline 0 -16"><span class='ocrx_word' id='word_1_644' title='bbox 2148 4535 2234 4598; x_wconf 82' lang='grc'>15,</span> <span class='ocrx_word' id='word_1_645' title='bbox 2264 4538 2323 4587; x_wconf 92' lang='lat' dir='ltr'><strong>et</strong></span> <span class='ocrx_word' id='word_1_646' title='bbox 2342 4532 2487 4586; x_wconf 84' lang='lat' dir='ltr'><strong>vixit</strong></span> <span class='ocrx_word' id='word_1_647' title='bbox 2503 4548 2635 4586; x_wconf 90' lang='lat' dir='ltr'><strong>cum</strong></span> <span class='ocrx_word' id='word_1_648' title='bbox 2660 4532 2969 4586; x_wconf 89' lang='lat' dir='ltr'><strong>incarnato</strong></span> <span class='ocrx_word' id='word_1_649' title='bbox 3000 4531 3250 4586; x_wconf 89' lang='lat' dir='ltr'><strong>Domino</strong></span> <span class='ocrx_word' id='word_1_650' title='bbox 3269 4547 3458 4585; x_wconf 88' lang='lat' dir='ltr'><strong>annos</strong></span> <span class='ocrx_word' id='word_1_651' title='bbox 3473 4532 3637 4598; x_wconf 84' lang='lat' dir='ltr'><strong>33,et</strong></span> <span class='ocrx_word' id='word_1_652' title='bbox 3665 4536 3801 4602; x_wconf 86' lang='lat' dir='ltr'><strong>post</strong></span> 
     </span>
    </p>
   </div>
   <div class='ocr_carea' id='block_1_91' title="bbox 372 4616 2028 4693">
    <p class='ocr_par' dir='ltr' id='par_1_91' title="bbox 372 4616 2028 4693">
     <span class='ocr_line' id='line_1_91' title="bbox 372 4616 2028 4693; baseline -0.003 -16"><span class='ocrx_word' id='word_1_653' title='bbox 372 4619 471 4692; x_wconf 77' lang='grc' dir='ltr'>ἔτη</span> <span class='ocrx_word' id='word_1_654' title='bbox 544 4627 622 4687; x_wconf 90' lang='grc' dir='ltr'>ιε’,</span> <span class='ocrx_word' id='word_1_655' title='bbox 682 4618 771 4675; x_wconf 78' lang='grc' dir='ltr'><strong>καὶ</strong></span> <span class='ocrx_word' id='word_1_656' title='bbox 832 4616 1020 4690; x_wconf 80' lang='grc' dir='ltr'>ἔζησεν</span> <span class='ocrx_word' id='word_1_657' title='bbox 1102 4617 1191 4672; x_wconf 78' lang='grc' dir='ltr'><strong>ἐπὶ</strong></span> <span class='ocrx_word' id='word_1_658' title='bbox 1276 4625 1375 4688; x_wconf 84' lang='grc' dir='ltr'><strong>τῆς</strong></span> <span class='ocrx_word' id='word_1_659' title='bbox 1425 4618 1885 4693; x_wconf 73' lang='grc' dir='ltr'>ἐνανθρωπήσεως</span> <span class='ocrx_word' id='word_1_660' title='bbox 1936 4622 2028 4675; x_wconf 70' lang='grc' dir='ltr'>τοῦ</span> 
     </span>
    </p>
   </div>
   <div class='ocr_carea' id='block_1_92' title="bbox 2143 4616 3798 4693">
    <p class='ocr_par' dir='ltr' id='par_1_92' title="bbox 2143 4619 3798 4692">
     <span class='ocr_line' id='line_1_92' title="bbox 2143 4619 3798 4692; baseline -0.001 -16"><span class='ocrx_word' id='word_1_661' title='bbox 2143 4619 2610 4692; x_wconf 87' lang='lat' dir='ltr'><strong>assumptionem</strong></span> <span class='ocrx_word' id='word_1_662' title='bbox 2629 4620 3025 4687; x_wconf 89' lang='lat' dir='ltr'><strong>Domini,cum</strong></span> <span class='ocrx_word' id='word_1_663' title='bbox 3040 4619 3352 4692; x_wconf 85' lang='lat' dir='ltr'><strong>discipulis</strong></span> <span class='ocrx_word' id='word_1_664' title='bbox 3365 4620 3426 4675; x_wconf 89' lang='lat' dir='ltr'><strong>in</strong></span> <span class='ocrx_word' id='word_1_665' title='bbox 3440 4619 3617 4675; x_wconf 87' lang='lat' dir='ltr'><strong>domo</strong></span> <span class='ocrx_word' id='word_1_666' title='bbox 3629 4620 3798 4675; x_wconf 89' lang='lat' dir='ltr'><strong>Ioan-</strong></span> 
     </span>
    </p>
   </div>
   <div class='ocr_carea' id='block_1_93' title="bbox 373 4706 2035 4785">
    <p class='ocr_par' dir='ltr' id='par_1_93' title="bbox 373 4706 2035 4785">
     <span class='ocr_line' id='line_1_93' title="bbox 373 4706 2035 4785; baseline -0.002 -18"><span class='ocrx_word' id='word_1_667' title='bbox 373 4709 588 4785; x_wconf 84' lang='grc' dir='ltr'>Κυρίου</span> <span class='ocrx_word' id='word_1_668' title='bbox 620 4706 713 4779; x_wconf 80' lang='grc' dir='ltr'>ἔτη</span> <span class='ocrx_word' id='word_1_669' title='bbox 742 4707 849 4784; x_wconf 83' lang='grc' dir='ltr'>λγ’,</span> <span class='ocrx_word' id='word_1_670' title='bbox 880 4707 971 4763; x_wconf 79' lang='grc' dir='ltr'><strong>καὶ</strong></span> <span class='ocrx_word' id='word_1_671' title='bbox 1027 4707 1163 4779; x_wconf 82' lang='grc' dir='ltr'>μετὰ</span> <span class='ocrx_word' id='word_1_672' title='bbox 1190 4709 1291 4776; x_wconf 73' lang='grc' dir='ltr'>τὴν</span> <span class='ocrx_word' id='word_1_673' title='bbox 1351 4707 1623 4783; x_wconf 78' lang='grc' dir='ltr'>ἀνάληψιν</span> <span class='ocrx_word' id='word_1_674' title='bbox 1679 4712 1776 4764; x_wconf 81' lang='grc' dir='ltr'><strong>τοῦ</strong></span> <span class='ocrx_word' id='word_1_675' title='bbox 1835 4707 2035 4783; x_wconf 80' lang='grc' dir='ltr'>Κυρίου</span> 
     </span>
    </p>
   </div>
   <div class='ocr_carea' id='block_1_94' title="bbox 373 4794 2039 4876">
    <p class='ocr_par' dir='ltr' id='par_1_94' title="bbox 373 4794 2039 4876">
     <span class='ocr_line' id='line_1_94' title="bbox 373 4794 2039 4876; baseline -0.001 -21"><span class='ocrx_word' id='word_1_676' title='bbox 373 4802 471 4856; x_wconf 83' lang='grc' dir='ltr'>σὺν</span> <span class='ocrx_word' id='word_1_677' title='bbox 502 4803 623 4861; x_wconf 88' lang='grc' dir='ltr'>τοῖς</span> <span class='ocrx_word' id='word_1_678' title='bbox 658 4802 931 4872; x_wconf 82' lang='grc' dir='ltr'>μαθηταῖς</span> <span class='ocrx_word' id='word_1_679' title='bbox 962 4795 1014 4852; x_wconf 78' lang='grc' dir='ltr'>ἐν</span> <span class='ocrx_word' id='word_1_680' title='bbox 1071 4801 1149 4869; x_wconf 79' lang='grc' dir='ltr'>τῷ</span> <span class='ocrx_word' id='word_1_681' title='bbox 1199 4794 1337 4870; x_wconf 77' lang='grc' dir='ltr'>οἷ’κῳ</span> <span class='ocrx_word' id='word_1_682' title='bbox 1394 4798 1649 4855; x_wconf 80' lang='grc' dir='ltr'>Ἰωάννου</span> <span class='ocrx_word' id='word_1_683' title='bbox 1703 4802 1800 4854; x_wconf 77' lang='grc' dir='ltr'><strong>τοῦ</strong></span> <span class='ocrx_word' id='word_1_684' title='bbox 1861 4799 2039 4876; x_wconf 80' lang='grc' dir='ltr'>Εὐαγ-</span> 
     </span>
    </p>
   </div>
   <div class='ocr_carea' id='block_1_95' title="bbox 376 4881 2039 4966">
    <p class='ocr_par' dir='ltr' id='par_1_95' title="bbox 376 4881 2039 4966">
     <span class='ocr_line' id='line_1_95' title="bbox 376 4881 2039 4966; baseline -0.001 -22"><span class='ocrx_word' id='word_1_685' title='bbox 376 4888 638 4966; x_wconf 82' lang='grc' dir='ltr'>γελιστοῦ</span> <span class='ocrx_word' id='word_1_686' title='bbox 675 4884 772 4957; x_wconf 82' lang='grc' dir='ltr'>’ἒτη</span> <span class='ocrx_word' id='word_1_687' title='bbox 845 4889 933 4957; x_wconf 82' lang='grc' dir='ltr'>ια’,</span> <span class='ocrx_word' id='word_1_688' title='bbox 991 4887 1137 4959; x_wconf 79' lang='grc' dir='ltr'>ὁμοῦ</span> <span class='ocrx_word' id='word_1_689' title='bbox 1191 4886 1427 4963; x_wconf 82' lang='grc' dir='ltr'>γίνονται</span> <span class='ocrx_word' id='word_1_690' title='bbox 1480 4885 1547 4941; x_wconf 71' lang='grc' dir='ltr'><strong>τὰ</strong></span> <span class='ocrx_word' id='word_1_691' title='bbox 1596 4881 1689 4957; x_wconf 79' lang='grc' dir='ltr'>ἔτη</span> <span class='ocrx_word' id='word_1_692' title='bbox 1745 4894 1845 4956; x_wconf 79' lang='grc' dir='ltr'><strong>τῆς</strong></span> <span class='ocrx_word' id='word_1_693' title='bbox 1895 4890 2039 4957; x_wconf 75' lang='grc' dir='ltr'>ζωῆς</span> 
     </span>
    </p>
   </div>
   <div class='ocr_carea' id='block_1_96' title="bbox 372 4964 2037 5050">
    <p class='ocr_par' dir='ltr' id='par_1_96' title="bbox 372 4964 2037 5050">
     <span class='ocr_line' id='line_1_96' title="bbox 372 4964 2037 5050; baseline -0.002 -14"><span class='ocrx_word' id='word_1_694' title='bbox 372 4964 547 5046; x_wconf 77' lang='grc' dir='ltr'>αὐτῆς</span> <span class='ocrx_word' id='word_1_695' title='bbox 580 4978 678 5034; x_wconf 77' lang='grc' dir='ltr'>νϐ’.</span> <span class='ocrx_word' id='word_1_696' title='bbox 742 4964 915 5038; x_wconf 78' lang='grc' dir='ltr'>Οὗτος</span> <span class='ocrx_word' id='word_1_697' title='bbox 972 4973 1030 5030; x_wconf 81' lang='grc' dir='ltr'>δέ</span> <span class='ocrx_word' id='word_1_698' title='bbox 1088 4974 1229 5031; x_wconf 77' lang='grc' dir='ltr'>ἐστιν</span> <span class='ocrx_word' id='word_1_699' title='bbox 1292 4974 1572 5047; x_wconf 84' lang='grc' dir='ltr'>Ἰωάννης,</span> <span class='ocrx_word' id='word_1_700' title='bbox 1631 4975 1689 5031; x_wconf 80' lang='grc' dir='ltr'><strong>δν</strong></span> <span class='ocrx_word' id='word_1_701' title='bbox 1748 4977 2037 5050; x_wconf 78' lang='grc' dir='ltr'>ἠγάπησεν</span> 
     </span>
    </p>
   </div>
   <div class='ocr_carea' id='block_1_97' title="bbox 376 5065 1267 5143">
    <p class='ocr_par' dir='ltr' id='par_1_97' title="bbox 376 5065 1267 5143">
     <span class='ocr_line' id='line_1_97' title="bbox 376 5065 1267 5143; baseline -0.003 -20"><span class='ocrx_word' id='word_1_702' title='bbox 376 5066 660 5143; x_wconf 79' lang='grc' dir='ltr'>ὁΚύριος,</span> <span class='ocrx_word' id='word_1_703' title='bbox 722 5066 751 5121; x_wconf 90' lang='grc' dir='ltr'><strong>ὁ</strong></span> <span class='ocrx_word' id='word_1_704' title='bbox 829 5065 917 5120; x_wconf 84' lang='grc' dir='ltr'><strong>καὶ</strong></span> <span class='ocrx_word' id='word_1_705' title='bbox 978 5065 1267 5140; x_wconf 66' lang='grc' dir='ltr'>παρθένος,</span> 
     </span>
    </p>
   </div>
   <div class='ocr_carea' id='block_1_98' title="bbox 382 5151 2037 5231">
    <p class='ocr_par' dir='ltr' id='par_1_98' title="bbox 382 5151 2037 5231">
     <span class='ocr_line' id='line_1_98' title="bbox 382 5151 2037 5231; baseline -0.001 -18"><span class='ocrx_word' id='word_1_706' title='bbox 382 5153 798 5231; x_wconf 85' lang='grc' dir='ltr'>Ἱεροσολύμοις</span> <span class='ocrx_word' id='word_1_707' title='bbox 860 5151 937 5215; x_wconf 79' lang='grc' dir='ltr'>εἷς</span> <span class='ocrx_word' id='word_1_708' title='bbox 992 5154 1092 5221; x_wconf 75' lang='grc' dir='ltr'><strong>τήν</strong></span> <span class='ocrx_word' id='word_1_709' title='bbox 1143 5153 1297 5228; x_wconf 83' lang='grc' dir='ltr'>ἁγίαν</span> <span class='ocrx_word' id='word_1_710' title='bbox 1360 5154 1531 5222; x_wconf 86' lang='grc' dir='ltr'>Σιὼν,</span> <span class='ocrx_word' id='word_1_711' title='bbox 1576 5155 1676 5223; x_wconf 82' lang='grc' dir='ltr'><strong>τήν</strong></span> <span class='ocrx_word' id='word_1_712' title='bbox 1734 5158 1843 5210; x_wconf 78' lang='grc' dir='ltr'><strong>τῶν</strong></span> <span class='ocrx_word' id='word_1_713' title='bbox 1905 5155 2037 5211; x_wconf 82' lang='grc' dir='ltr'><strong>Ἐκ-</strong></span> 
     </span>
    </p>
   </div>
   <div class='ocr_carea' id='block_1_99' title="bbox 379 5237 2039 5322">
    <p class='ocr_par' dir='ltr' id='par_1_99' title="bbox 379 5237 2039 5322">
     <span class='ocr_line' id='line_1_99' title="bbox 379 5237 2039 5322; baseline -0.002 -19"><span class='ocrx_word' id='word_1_714' title='bbox 379 5245 633 5316; x_wconf 82' lang='grc' dir='ltr'>κλησιῶν</span> <span class='ocrx_word' id='word_1_715' title='bbox 691 5246 927 5318; x_wconf 74' lang='grc' dir='ltr'>μητερα.</span> <span class='ocrx_word' id='word_1_716' title='bbox 996 5243 1145 5300; x_wconf 86' lang='grc' dir='ltr'>Ἐκεῖ</span> <span class='ocrx_word' id='word_1_717' title='bbox 1202 5237 1403 5322; x_wconf 74' lang='grc' dir='ltr'>ἔφυγον</span> <span class='ocrx_word' id='word_1_718' title='bbox 1466 5243 1519 5299; x_wconf 77' lang='grc' dir='ltr'>οἱ</span> <span class='ocrx_word' id='word_1_719' title='bbox 1587 5241 1891 5299; x_wconf 86' lang='grc' dir='ltr'>ἀπόστολοι</span> <span class='ocrx_word' id='word_1_720' title='bbox 1949 5240 2039 5299; x_wconf 76' lang='grc' dir='ltr'><strong>διὰ</strong></span> 
     </span>
    </p>
   </div>
   <div class='ocr_carea' id='block_1_100' title="bbox 370 5328 2034 5412">
    <p class='ocr_par' dir='ltr' id='par_1_100' title="bbox 370 5328 2034 5412">
     <span class='ocr_line' id='line_1_100' title="bbox 370 5328 2034 5412; baseline -0.002 -20"><span class='ocrx_word' id='word_1_721' title='bbox 370 5337 467 5392; x_wconf 87' lang='grc' dir='ltr'><strong>τὸν</strong></span> <span class='ocrx_word' id='word_1_722' title='bbox 501 5329 670 5412; x_wconf 69' lang='grc' dir='ltr'>φόϐον</span> <span class='ocrx_word' id='word_1_723' title='bbox 701 5334 808 5388; x_wconf 82' lang='grc' dir='ltr'>τῶν</span> <span class='ocrx_word' id='word_1_724' title='bbox 842 5328 1141 5391; x_wconf 85' lang='grc' dir='ltr'>Ἰουδαίων.</span> <span class='ocrx_word' id='word_1_725' title='bbox 1177 5332 1325 5388; x_wconf 83' lang='grc' dir='ltr'>Ἐκεῖ</span> <span class='ocrx_word' id='word_1_726' title='bbox 1370 5337 1488 5395; x_wconf 88' lang='grc' dir='ltr'>τοῖς</span> <span class='ocrx_word' id='word_1_727' title='bbox 1548 5332 1816 5404; x_wconf 82' lang='grc' dir='ltr'>μαθηταῖς</span> <span class='ocrx_word' id='word_1_728' title='bbox 1865 5331 2034 5408; x_wconf 71' lang='grc' dir='ltr'>ὶφάνη</span> 
     </span>
    </p>
   </div>
   <div class='ocr_carea' id='block_1_101' title="bbox 375 5422 2035 5499">
    <p class='ocr_par' dir='ltr' id='par_1_101' title="bbox 375 5422 2035 5499">
     <span class='ocr_line' id='line_1_101' title="bbox 375 5422 2035 5499; baseline -0.003 -15"><span class='ocrx_word' id='word_1_729' title='bbox 375 5429 404 5484; x_wconf 82' lang='grc' dir='ltr'>ὁ</span> <span class='ocrx_word' id='word_1_730' title='bbox 462 5425 662 5499; x_wconf 81' lang='grc' dir='ltr'>Κύριος</span> <span class='ocrx_word' id='word_1_731' title='bbox 743 5422 880 5496; x_wconf 84' lang='grc' dir='ltr'>μετᾶ</span> <span class='ocrx_word' id='word_1_732' title='bbox 961 5422 1024 5478; x_wconf 89' lang='grc' dir='ltr'><strong>τὸ</strong></span> <span class='ocrx_word' id='word_1_733' title='bbox 1080 5422 1369 5492; x_wconf 77' lang='grc' dir='ltr'>ἀναστῆναι</span> <span class='ocrx_word' id='word_1_734' title='bbox 1426 5422 1612 5492; x_wconf 80' lang='grc' dir='ltr'>αὐτὸν,</span> <span class='ocrx_word' id='word_1_735' title='bbox 1695 5426 1805 5478; x_wconf 80' lang='grc' dir='ltr'><strong>τῶν</strong></span> <span class='ocrx_word' id='word_1_736' title='bbox 1857 5427 2035 5494; x_wconf 81' lang='grc' dir='ltr'>θυρῶν</span> 
     </span>
    </p>
   </div>
   <div class='ocr_carea' id='block_1_102' title="bbox 369 5508 2033 5588">
    <p class='ocr_par' dir='ltr' id='par_1_102' title="bbox 369 5508 2033 5588">
     <span class='ocr_line' id='line_1_102' title="bbox 369 5508 2033 5588; baseline -0.002 -16"><span class='ocrx_word' id='word_1_737' title='bbox 369 5512 796 5587; x_wconf 67' lang='grc' dir='ltr'>κεκλεισμένων,</span> <span class='ocrx_word' id='word_1_738' title='bbox 874 5512 965 5568; x_wconf 86' lang='grc' dir='ltr'><strong>καὶ</strong></span> <span class='ocrx_word' id='word_1_739' title='bbox 1024 5508 1224 5566; x_wconf 85' lang='grc' dir='ltr'>ἔδωκεν</span> <span class='ocrx_word' id='word_1_740' title='bbox 1313 5510 1502 5574; x_wconf 80' lang='grc' dir='ltr'>αὐτοῖς</span> <span class='ocrx_word' id='word_1_741' title='bbox 1584 5515 1810 5586; x_wconf 76' lang='grc' dir='ltr'>Πνεῦμα</span> <span class='ocrx_word' id='word_1_742' title='bbox 1858 5513 2033 5588; x_wconf 82' lang='grc' dir='ltr'>ἅγιον.</span> 
     </span>
    </p>
   </div>
   <div class='ocr_carea' id='block_1_103' title="bbox 376 5598 2032 5680">
    <p class='ocr_par' dir='ltr' id='par_1_103' title="bbox 376 5598 2032 5680">
     <span class='ocr_line' id='line_1_103' title="bbox 376 5598 2032 5680; baseline -0.002 -20"><span class='ocrx_word' id='word_1_743' title='bbox 376 5609 535 5665; x_wconf 82' lang='grc' dir='ltr'>Ἐκεῖ</span> <span class='ocrx_word' id='word_1_744' title='bbox 561 5607 632 5678; x_wconf 75' lang='grc' dir='ltr'><strong>τῇ</strong></span> <span class='ocrx_word' id='word_1_745' title='bbox 693 5600 865 5680; x_wconf 77' lang='grc' dir='ltr'>ὀγδόῃ</span> <span class='ocrx_word' id='word_1_746' title='bbox 921 5602 1106 5676; x_wconf 74' lang='grc' dir='ltr'>ἡμὲρᾳ</span> <span class='ocrx_word' id='word_1_747' title='bbox 1148 5598 1604 5677; x_wconf 75' lang='grc' dir='ltr'>ἐπληροφόρησεν</span> <span class='ocrx_word' id='word_1_748' title='bbox 1661 5600 1753 5656; x_wconf 88' lang='grc' dir='ltr'><strong>τὸν</strong></span> <span class='ocrx_word' id='word_1_749' title='bbox 1807 5607 2032 5676; x_wconf 79' lang='grc' dir='ltr'>Θωμᾶν.</span> 
     </span>
    </p>
   </div>
   <div class='ocr_carea' id='block_1_104' title="bbox 446 5748 2116 5827">
    <p class='ocr_par' dir='ltr' id='par_1_104' title="bbox 446 5748 2116 5827">
     <span class='ocr_line' id='line_1_104' title="bbox 446 5748 2116 5827; baseline -0.001 -18"><span class='ocrx_word' id='word_1_750' title='bbox 446 5753 563 5827; x_wconf 78' lang='grc'>(62)</span> <span class='ocrx_word' id='word_1_751' title='bbox 595 5754 678 5809; x_wconf 81' lang='lat' dir='ltr'><strong>Ex</strong></span> <span class='ocrx_word' id='word_1_752' title='bbox 715 5750 914 5808; x_wconf 88' lang='lat' dir='ltr'><strong>allatis</strong></span> <span class='ocrx_word' id='word_1_753' title='bbox 941 5749 1208 5807; x_wconf 84' lang='lat' dir='ltr'><strong>numeris</strong></span> <span class='ocrx_word' id='word_1_754' title='bbox 1237 5765 1361 5806; x_wconf 89' lang='lat' dir='ltr'><strong>non</strong></span> <span class='ocrx_word' id='word_1_755' title='bbox 1390 5748 1754 5822; x_wconf 83' lang='lat' dir='ltr'><strong>colliguntur</strong></span> <span class='ocrx_word' id='word_1_756' title='bbox 1781 5752 1923 5806; x_wconf 83' lang='lat'><strong>5500</strong></span> <span class='ocrx_word' id='word_1_757' title='bbox 1948 5752 2116 5809; x_wconf 86' lang='lat' dir='ltr'><strong>anui.</strong></span> 
     </span>
    </p>
   </div>
   <div class='ocr_carea' id='block_1_105' title="bbox 1352 5060 2041 5139">
    <p class='ocr_par' dir='ltr' id='par_1_105' title="bbox 1352 5060 2041 5139">
     <span class='ocr_line' id='line_1_105' title="bbox 1352 5060 2041 5139; baseline 0.006 -20"><span class='ocrx_word' id='word_1_758' title='bbox 1352 5066 1500 5130; x_wconf 77' lang='grc' dir='ltr'>ὅστις</span> <span class='ocrx_word' id='word_1_759' title='bbox 1571 5065 1664 5120; x_wconf 84' lang='grc' dir='ltr'><strong>καὶ</strong></span> <span class='ocrx_word' id='word_1_760' title='bbox 1748 5060 1932 5139; x_wconf 78' lang='grc' dir='ltr'>ἔμενεν</span> <span class='ocrx_word' id='word_1_761' title='bbox 1988 5065 2041 5123; x_wconf 82' lang='grc' dir='ltr'>ἐν</span> 
     </span>
    </p>
   </div>
   <div class='ocr_carea' id='block_1_106' title="bbox 2147 4709 3799 4783">
    <p class='ocr_par' dir='ltr' id='par_1_106' title="bbox 2147 4709 3799 4783">
     <span class='ocr_line' id='line_1_106' title="bbox 2147 4709 3799 4783; baseline -0.001 -18"><span class='ocrx_word' id='word_1_762' title='bbox 2147 4710 2242 4765; x_wconf 89' lang='lat' dir='ltr'><strong>nis</strong></span> <span class='ocrx_word' id='word_1_763' title='bbox 2260 4709 2644 4783; x_wconf 68' lang='lat' dir='ltr'><strong>Evangelistm</strong></span> <span class='ocrx_word' id='word_1_764' title='bbox 2675 4727 2866 4766; x_wconf 88' lang='lat' dir='ltr'><strong>annos</strong></span> <span class='ocrx_word' id='word_1_765' title='bbox 2900 4714 2986 4779; x_wconf 89' lang='grc'><strong>11,</strong></span> <span class='ocrx_word' id='word_1_766' title='bbox 3014 4711 3284 4782; x_wconf 85' lang='lat' dir='ltr'><strong>ﬁuntque</strong></span> <span class='ocrx_word' id='word_1_767' title='bbox 3307 4710 3634 4766; x_wconf 86' lang='lat' dir='ltr'><strong>universim</strong></span> <span class='ocrx_word' id='word_1_768' title='bbox 3658 4711 3799 4766; x_wconf 85' lang='lat' dir='ltr'><strong>anni</strong></span> 
     </span>
    </p>
   </div>
   <div class='ocr_carea' id='block_1_107' title="bbox 2147 4800 3805 4872">
    <p class='ocr_par' dir='ltr' id='par_1_107' title="bbox 2147 4800 3805 4872">
     <span class='ocr_line' id='line_1_107' title="bbox 2147 4800 3805 4872; baseline 0.001 -17"><span class='ocrx_word' id='word_1_769' title='bbox 2147 4800 2282 4855; x_wconf 63' lang='lat' dir='ltr'><strong>vitae</strong></span> <span class='ocrx_word' id='word_1_770' title='bbox 2314 4800 2445 4872; x_wconf 87' lang='lat' dir='ltr'><strong>ejus</strong></span> <span class='ocrx_word' id='word_1_771' title='bbox 2477 4803 2565 4856; x_wconf 84' lang='lat'><strong>59.</strong></span> <span class='ocrx_word' id='word_1_772' title='bbox 2602 4800 2706 4855; x_wconf 89' lang='lat' dir='ltr'><strong>Hic</strong></span> <span class='ocrx_word' id='word_1_773' title='bbox 2737 4817 2914 4872; x_wconf 91' lang='lat' dir='ltr'><strong>porro</strong></span> <span class='ocrx_word' id='word_1_774' title='bbox 2955 4805 3045 4856; x_wconf 91' lang='lat' dir='ltr'><strong>est</strong></span> <span class='ocrx_word' id='word_1_775' title='bbox 3072 4801 3350 4868; x_wconf 88' lang='lat' dir='ltr'><strong>Ioannes,</strong></span> <span class='ocrx_word' id='word_1_776' title='bbox 3384 4817 3563 4872; x_wconf 84' lang='lat' dir='ltr'><strong>quem</strong></span> <span class='ocrx_word' id='word_1_777' title='bbox 3594 4801 3805 4856; x_wconf 84' lang='lat' dir='ltr'><strong>dilexit</strong></span> 
     </span>
    </p>
   </div>
   <div class='ocr_carea' id='block_1_108' title="bbox 2146 4889 3801 4963">
    <p class='ocr_par' dir='ltr' id='par_1_108' title="bbox 2146 4889 3801 4963">
     <span class='ocr_line' id='line_1_108' title="bbox 2146 4889 3801 4963; baseline 0.002 -19"><span class='ocrx_word' id='word_1_778' title='bbox 2146 4889 2458 4957; x_wconf 67' lang='lat' dir='ltr'><strong>Dominus,</strong></span> <span class='ocrx_word' id='word_1_779' title='bbox 2490 4894 2550 4943; x_wconf 91' lang='lat' dir='ltr'><strong>et</strong></span> <span class='ocrx_word' id='word_1_780' title='bbox 2577 4894 2706 4944; x_wconf 85' lang='lat' dir='ltr'><strong>erat</strong></span> <span class='ocrx_word' id='word_1_781' title='bbox 2734 4889 2972 4956; x_wconf 71' lang='lat' dir='ltr'><strong>cmlebs,</strong></span> <span class='ocrx_word' id='word_1_782' title='bbox 3016 4895 3076 4945; x_wconf 91' lang='lat' dir='ltr'><strong>et</strong></span> <span class='ocrx_word' id='word_1_783' title='bbox 3127 4891 3368 4962; x_wconf 88' lang='lat' dir='ltr'><strong>scripsit</strong></span> <span class='ocrx_word' id='word_1_784' title='bbox 3417 4891 3801 4963; x_wconf 88' lang='lat' dir='ltr'><strong>Evangelium</strong></span> 
     </span>
    </p>
   </div>
   <div class='ocr_carea' id='block_1_109' title="bbox 2144 4975 3799 5051">
    <p class='ocr_par' dir='ltr' id='par_1_109' title="bbox 2144 4975 3799 5051">
     <span class='ocr_line' id='line_1_109' title="bbox 2144 4975 3799 5051; baseline -0.001 -19"><span class='ocrx_word' id='word_1_785' title='bbox 2144 4993 2343 5043; x_wconf 89' lang='lat' dir='ltr'><strong>suum,</strong></span> <span class='ocrx_word' id='word_1_786' title='bbox 2374 4975 2773 5048; x_wconf 89' lang='lat' dir='ltr'><strong>manebatque</strong></span> <span class='ocrx_word' id='word_1_787' title='bbox 2831 4977 3259 5051; x_wconf 82' lang='lat' dir='ltr'><strong>Hierosolymis</strong></span> <span class='ocrx_word' id='word_1_788' title='bbox 3289 4978 3352 5032; x_wconf 92' lang='lat' dir='ltr'><strong>in</strong></span> <span class='ocrx_word' id='word_1_789' title='bbox 3393 4983 3599 5034; x_wconf 85' lang='lat' dir='ltr'><strong>sancta</strong></span> <span class='ocrx_word' id='word_1_790' title='bbox 3637 4976 3799 5044; x_wconf 87' lang='lat' dir='ltr'><strong>Sion,</strong></span> 
     </span>
    </p>
   </div>
   <div class='ocr_carea' id='block_1_110' title="bbox 2144 5066 3805 5141">
    <p class='ocr_par' dir='ltr' id='par_1_110' title="bbox 2144 5066 3805 5141">
     <span class='ocr_line' id='line_1_110' title="bbox 2144 5066 3805 5141; baseline 0 -19"><span class='ocrx_word' id='word_1_791' title='bbox 2144 5072 2333 5122; x_wconf 89' lang='lat' dir='ltr'><strong>matre</strong></span> <span class='ocrx_word' id='word_1_792' title='bbox 2348 5066 2768 5123; x_wconf 89' lang='lat' dir='ltr'><strong>Ecclesiarum.</strong></span> <span class='ocrx_word' id='word_1_793' title='bbox 2781 5068 2857 5122; x_wconf 86' lang='lat' dir='ltr'><strong>Eo</strong></span> <span class='ocrx_word' id='word_1_794' title='bbox 2881 5068 3273 5141; x_wconf 85' lang='lat' dir='ltr'><strong>confugerant</strong></span> <span class='ocrx_word' id='word_1_795' title='bbox 3291 5067 3544 5140; x_wconf 83' lang='lat' dir='ltr'><strong>apostoli</strong></span> <span class='ocrx_word' id='word_1_796' title='bbox 3560 5071 3805 5138; x_wconf 88' lang='lat' dir='ltr'><strong>propter</strong></span> 
     </span>
    </p>
   </div>
   <div class='ocr_carea' id='block_1_111' title="bbox 2144 5154 3797 5231">
    <p class='ocr_par' dir='ltr' id='par_1_111' title="bbox 2144 5154 3797 5231">
     <span class='ocr_line' id='line_1_111' title="bbox 2144 5154 3797 5231; baseline -0.001 -19"><span class='ocrx_word' id='word_1_797' title='bbox 2144 5162 2372 5213; x_wconf 89' lang='lat' dir='ltr'><strong>metum</strong></span> <span class='ocrx_word' id='word_1_798' title='bbox 2400 5156 2857 5213; x_wconf 64' lang='lat' dir='ltr'><strong>IudasorumJbi</strong></span> <span class='ocrx_word' id='word_1_799' title='bbox 2879 5156 3191 5231; x_wconf 89' lang='lat' dir='ltr'><strong>discipulis</strong></span> <span class='ocrx_word' id='word_1_800' title='bbox 3218 5154 3797 5229; x_wconf 88' lang='lat' dir='ltr'><strong>apparuitDominus</strong></span> 
     </span>
    </p>
   </div>
   <div class='ocr_carea' id='block_1_112' title="bbox 2142 5248 3801 5324">
    <p class='ocr_par' dir='ltr' id='par_1_112' title="bbox 2142 5248 3801 5324">
     <span class='ocr_line' id='line_1_112' title="bbox 2142 5248 3801 5324; baseline 0 -19"><span class='ocrx_word' id='word_1_801' title='bbox 2142 5255 2279 5322; x_wconf 92' lang='lat' dir='ltr'><strong>post</strong></span> <span class='ocrx_word' id='word_1_802' title='bbox 2306 5251 2808 5307; x_wconf 89' lang='lat' dir='ltr'><strong>resurrectionem</strong></span> <span class='ocrx_word' id='word_1_803' title='bbox 2836 5267 3005 5307; x_wconf 86' lang='lat' dir='ltr'><strong>suam</strong></span> <span class='ocrx_word' id='word_1_804' title='bbox 3029 5252 3231 5324; x_wconf 87' lang='lat' dir='ltr'><strong>januis</strong></span> <span class='ocrx_word' id='word_1_805' title='bbox 3260 5250 3502 5319; x_wconf 88' lang='lat' dir='ltr'><strong>clausis,</strong></span> <span class='ocrx_word' id='word_1_806' title='bbox 3517 5248 3801 5320; x_wconf 86' lang='lat' dir='ltr'><strong>deditque</strong></span> 
     </span>
    </p>
   </div>
   <div class='ocr_carea' id='block_1_113' title="bbox 2145 5337 3800 5412">
    <p class='ocr_par' dir='ltr' id='par_1_113' title="bbox 2145 5337 3800 5412">
     <span class='ocr_line' id='line_1_113' title="bbox 2145 5337 3800 5412; baseline 0.001 -19"><span class='ocrx_word' id='word_1_807' title='bbox 2145 5339 2230 5394; x_wconf 91' lang='lat' dir='ltr'><strong>eis</strong></span> <span class='ocrx_word' id='word_1_808' title='bbox 2262 5339 2546 5412; x_wconf 90' lang='lat' dir='ltr'><strong>Spiritum</strong></span> <span class='ocrx_word' id='word_1_809' title='bbox 2602 5345 2895 5396; x_wconf 88' lang='lat' dir='ltr'><strong>sanctum.</strong></span> <span class='ocrx_word' id='word_1_810' title='bbox 2928 5339 3015 5395; x_wconf 91' lang='lat' dir='ltr'><strong>lbi</strong></span> <span class='ocrx_word' id='word_1_811' title='bbox 3072 5338 3169 5396; x_wconf 90' lang='lat' dir='ltr'><strong>die</strong></span> <span class='ocrx_word' id='word_1_812' title='bbox 3221 5343 3428 5394; x_wconf 88' lang='lat' dir='ltr'><strong>octava</strong></span> <span class='ocrx_word' id='word_1_813' title='bbox 3482 5337 3800 5395; x_wconf 86' lang='lat' dir='ltr'><strong>certiorem</strong></span> 
     </span>
    </p>
   </div>
   <div class='ocr_carea' id='block_1_114' title="bbox 2145 5428 3796 5499">
    <p class='ocr_par' dir='ltr' id='par_1_114' title="bbox 2145 5428 3796 5499">
     <span class='ocr_line' id='line_1_114' title="bbox 2145 5428 3796 5499; baseline -0.001 -16"><span class='ocrx_word' id='word_1_814' title='bbox 2145 5429 2344 5484; x_wconf 83' lang='lat' dir='ltr'><strong>eﬂ‘ecit</strong></span> <span class='ocrx_word' id='word_1_815' title='bbox 2372 5430 2682 5495; x_wconf 86' lang='lat' dir='ltr'><strong>Thomam,</strong></span> <span class='ocrx_word' id='word_1_816' title='bbox 2715 5428 3038 5485; x_wconf 89' lang='lat' dir='ltr'><strong>ostendens</strong></span> <span class='ocrx_word' id='word_1_817' title='bbox 3070 5428 3155 5483; x_wconf 92' lang='lat' dir='ltr'><strong>illi</strong></span> <span class='ocrx_word' id='word_1_818' title='bbox 3180 5428 3418 5499; x_wconf 89' lang='lat' dir='ltr'><strong>signum</strong></span> <span class='ocrx_word' id='word_1_819' title='bbox 3470 5428 3796 5483; x_wconf 88' lang='lat' dir='ltr'><strong>clavorum.</strong></span> 
     </span>
    </p>
   </div>
   <div class='ocr_carea' id='block_1_115' title="bbox 2142 5515 3793 5589">
    <p class='ocr_par' dir='ltr' id='par_1_115' title="bbox 2142 5515 3793 5589">
     <span class='ocr_line' id='line_1_115' title="bbox 2142 5515 3793 5589; baseline 0.001 -19"><span class='ocrx_word' id='word_1_820' title='bbox 2142 5515 2228 5571; x_wconf 91' lang='lat' dir='ltr'><strong>lbi</strong></span> <span class='ocrx_word' id='word_1_821' title='bbox 2252 5523 2525 5589; x_wconf 88' lang='lat' dir='ltr'><strong>paratum</strong></span> <span class='ocrx_word' id='word_1_822' title='bbox 2552 5519 2667 5574; x_wconf 85' lang='lat' dir='ltr'><strong>fuit</strong></span> <span class='ocrx_word' id='word_1_823' title='bbox 2694 5517 3009 5574; x_wconf 87' lang='lat' dir='ltr'><strong>comedere</strong></span> <span class='ocrx_word' id='word_1_824' title='bbox 3036 5517 3261 5572; x_wconf 87' lang='lat' dir='ltr'><strong>Pascha</strong></span> <span class='ocrx_word' id='word_1_825' title='bbox 3285 5533 3422 5572; x_wconf 87' lang='lat' dir='ltr'><strong>cum</strong></span> <span class='ocrx_word' id='word_1_826' title='bbox 3456 5515 3793 5587; x_wconf 88' lang='lat' dir='ltr'><strong>discipulis.</strong></span> 
     </span>
    </p>
   </div>
   <div class='ocr_carea' id='block_1_116' title="bbox 2141 5605 3798 5680">
    <p class='ocr_par' dir='ltr' id='par_1_116' title="bbox 2141 5605 3798 5680">
     <span class='ocr_line' id='line_1_116' title="bbox 2141 5605 3798 5680; baseline 0.001 -18"><span class='ocrx_word' id='word_1_827' title='bbox 2141 5606 2286 5663; x_wconf 89' lang='lat' dir='ltr'><strong>Inde</strong></span> <span class='ocrx_word' id='word_1_828' title='bbox 2318 5608 2498 5663; x_wconf 83' lang='lat' dir='ltr'><strong>etiam</strong></span> <span class='ocrx_word' id='word_1_829' title='bbox 2531 5608 2754 5680; x_wconf 89' lang='lat' dir='ltr'><strong>hymno</strong></span> <span class='ocrx_word' id='word_1_830' title='bbox 2789 5607 2946 5663; x_wconf 89' lang='lat' dir='ltr'><strong>dicto</strong></span> <span class='ocrx_word' id='word_1_831' title='bbox 2965 5605 3585 5663; x_wconf 81' lang='lat' dir='ltr'><strong>exieruntinmontem</strong></span> <span class='ocrx_word' id='word_1_832' title='bbox 3603 5606 3798 5663; x_wconf 82' lang='lat' dir='ltr'><strong>Oliva-&#39;</strong></span> 
     </span>
    </p>
   </div>
  </div>
