4096 6434
336 402 491 469 10M

1633 419 2059 485 HIPPOLY’PI
2104 423 2459 488 THEBANI

3603 434 3767 499 1059

338 556 497 607 rum,
532 538 594 596 in
649 540 845 598 locum
895 545 1295 607 Gethsemani.
1336 550 1419 605 lbi
1469 552 1724 623 primam
1756 556 1992 612 Missam

2132 556 2283 630 ῖείξας
2322 558 2467 614 αύτῶ
2495 561 2586 615 τὸν
2640 559 2810 618 τύπον
2862 568 2971 619 τῶν
3028 561 3205 634 ἥλων·
3267 563 3381 621 ἐκεῖ
3444 567 3760 642 ἡτοιμάσθη

342 629 790 689 celebraverunt
846 636 1099 706 apostoli
1154 655 1168 692 :
1228 639 1308 694 ibi
1350 641 1610 712 primum
1645 645 1992 717 episcopum

345 720 733 792 designarunt
756 726 1011 795 apostoli
1033 728 1338 798 Jacobum,
1374 748 1494 787 non
1527 734 1767 805 quidem
1802 737 1992 795 filium

340 810 739 954 febbedmhsed
768 814 1011 872 fratrem
1036 819 1293 889 Domini,
1321 822 1511 879 tilium
1536 841 1751 898 nempe
1781 828 1997 900 Joseph

362 916 395 954 a
439 916 509 954 r1.

362 916 509 955 aDI‘l.

2104 652 2290 726 φαγεῖν
2318 650 2381 705 τὸ
2412 650 2604 706 Πάσχα
2666 652 2800 727 μετᾶ
2851 658 2961 709 τῶν
3012 659 3294 729 μαθητῶν.
3354 657 3583 712 Ἐκεῖθεν
3647 658 3757 734 γὰρ

2112 738 2723 814 ὑμνήσαντες,ἐξῆλθον
2784 744 2861 807 είς
2915 745 2978 799 τὸ
3039 740 3165 820 ὅρος
3223 750 3331 801 τῶν
3392 745 3628 803 Ἐλαιῶν
3683 747 3761 811 είς

2108 827 2316 903 χωρίον
2351 835 2676 904 Γεθσιμανῆ.
2713 833 2862 889 Ἐκεῖ
2897 835 2959 889 τὸ
3012 838 3229 907 πρῶτον
3284 839 3586 917 μυστήριον
3646 834 3762 894 ἑτέ⁸

2109 926 2268 972 Λεσαν
2301 919 2354 973 οἱ
2385 918 2709 978 ἀπόστολοι.
2740 922 2889 980 Ἐκεῖ
2915 927 3134 998 πρῶτον
3190 924 3486 981 ἐπίσκοπον
3538 926 3759 1003 ἐχειρο-

348 985 576 1097 τρνησαν
606 989 662 1097 oi;
690 989 997 1097 ἀπρστολοι
1030 990 1315 1068 Ἰάκωϐον,
1350 1000 1415 1053 ού
1444 1000 1537 1054 τὸν
1558 1000 1674 1055 υἱὸν
1703 997 2016 1072 Ζεϐεδαίου,
2051 1002 2196 1060 ἀλλὰ
2218 1007 2308 1061 τὸν
2344 1004 2577 1086 ἀδελφὸν
2607 1014 2705 1064 τοῦ
2736 1011 2934 1087 Κυρίου
2960 985 3099 1067 κατὰ
3132 1014 3323 1097 σάρκα,
3373 1014 3489 1070 υἱὸν
3552 985 3609 1071 δῗ
3661 985 3763 1069 τοῦ

338 1076 591 1138 τέκτονος
624 1078 846 1156 Ἰωσήφ.

413 1166 665 1223 Jacobus
698 1170 858 1227 enim
891 1171 1226 1245 discipulus
1257 1177 1493 1233 Domini
1550 1180 1710 1235 filius
1757 1182 2000 1252 quidem

342 1261 434 1310 est
452 1256 931 1327 Zebedaei,frater
959 1263 1206 1320 Joannis
1231 1268 1642 1340 Evangelistze,
1677 1288 1747 1325 ex
1779 1272 2000 1328 Judaea.

342 1346 660 1403 Zebcdmus
690 1366 828 1404 vero
861 1357 1030 1422 pater
1060 1353 1303 1412 illorum
1334 1357 1552 1415 dicitur
1582 1361 2003 1432 propriaanavi-

351 1435 498 1490 cules
521 1435 819 1495 dominus.
855 1441 989 1496 Fuit
1040 1460 1216 1514 porro
1275 1446 1598 1519 insignium
1654 1450 1911 1506 virorum
1943 1452 2004 1507 in

351 1525 592 1581 Galilaea
615 1529 979 1599 praecipuus.
1020 1532 1278 1590 Joannes
1300 1552 1561 1608 namque
1593 1539 1653 1594 in
1688 1558 1793 1595 suo
1814 1543 2001 1597 Evane

351 1615 505 1686 gelio
536 1616 683 1673 dicit
712 1618 784 1674 de
807 1620 1005 1691 seipso
1033 1639 1045 1677 :
1080 1625 1396 1696 Disripulus
1424 1630 1515 1684 ille
1544 1637 1661 1685 erat
1684 1638 1845 1687 notus
1862 1649 2003 1703 pon-

350 1707 488 1773 tiﬁci
511 1707 551 1759 ¹.
574 1707 677 1763 Hic
709 1709 870 1765 enim
904 1714 1165 1771 vendidit
1194 1733 1373 1788 quam
1405 1719 1741 1777 habebatin
1765 1723 2009 1780 Galilsea

351 1798 1051 1872 possessionempartem
1084 1806 1310 1863 scilicet
1345 1810 1472 1881 ejus
1505 1813 1662 1883 quod
1696 1813 1806 1868 sibi
1827 1814 2009 1871 haere-

355 1883 540 1941 ditate
572 1887 891 1947 obvenerat
930 1910 1000 1948 ex
1031 1895 1311 1954 Zebedaso
1338 1906 1503 1970 patre
1528 1918 1655 1967 suo,
1687 1904 1957 1973 pontiﬁci
1991 1920 2005 1959 :

354 1988 422 2028 ac
453 1976 576 2031 vice
609 1979 736 2051 ejus
755 1982 899 2037 emit
930 1990 1196 2041 sanctam
1212 1987 1382 2043 Sion:
1406 1990 1564 2046 unde
1593 1997 2002 2049 eteratnotus.

413 2160 468 2215 Is
491 2162 717 2233 recepit
736 2164 1049 2237 Deiparam
1072 2169 1133 2223 in
1166 2169 1341 2226 domo
1374 2189 1725 2246 sua.nempe
1747 2175 1809 2229 in
1834 2176 1996 2244 Sion,

342 2249 531 2306 donec
561 2260 869 2324 assumpta
900 2262 1007 2311 est.
1065 2259 1204 2312 Post
1260 2261 1392 2331 ejus
1429 2264 1900 2335 assumptionem
1931 2265 1992 2319 in

343 2339 575 2410 Epheso
606 2343 761 2396 Asius
793 2344 1126 2414 praedicans
1146 2348 1389 2403 verbum
1405 2351 2001 2409 Joannesibiassum-

345 2432 485 2499 ptus
516 2435 623 2484 est.

423 2518 676 2575 Jacobus
707 2526 906 2579 autem
937 2524 1166 2595 primus
1197 2528 1543 2600 episcopus;
1567 2531 2003 2605 fraterquidem

350 2605 571 2663 dicitur
601 2610 837 2666 Domini
869 2615 1200 2672 secundum
1223 2633 1486 2674 carnem.

2181 1184 2242 1241 Ὁ
2271 1184 2371 1259 γὰρ
2406 1181 2665 1249 Ἰάκωϐος
2697 1187 2726 1242 6
2777 1188 3028 1261 μαθητὴς
3080 1193 3176 1244 τοῦ
3234 1191 3456 1262 Κυρίου,
3515 1192 3632 1253 υἱὸς
3667 1192 3768 1266 μέν

2111 1271 2223 1327 ἐστι
2255 1270 2563 1346 Ζεϐεδαίου,
2598 1274 2831 1354 ἁδελφὸς
2882 1278 3136 1335 Ἰωάννου
3184 1285 3281 1334 τοῦ
3341 1280 3764 1357 Εύαγγελιστοῦ,

2112 1365 2171 1421 ἐκ
2197 1372 2298 1435 τῆς
2331 1364 2615 1428 Ἰουδαίας.
2648 1364 2930 1431 Ζεϐεδαῑος
2962 1366 3019 1424 δέ
3074 1371 3103 1425 6
3160 1373 3341 1446 πατὴρ
3370 1372 3549 1426 αὐτῶν
3578 1370 3769 1447 ἡδηοξ

2111 1456 2427 1527 ναύκληρος
2460 1459 2521 1530 [ι.
2555 1454 2998 1532 ἷδιοναύκληρος]
3056 1457 3297 1537 λέγεται,
3329 1467 3444 1515 Τῶν
3496 1460 3553 1516 δὲ
3586 1461 3637 1517 έν
3695 1466 3765 1539 τῇ

2114 1544 2386 1618 Γαλιλαίᾳ
2435 1547 2724 1617 ἐπισήμων
2809 1546 3016 1623 ἀνδρῶν
3073 1551 3321 1629 ὑπῆρχεν
3374 1556 3613 1625 πρῶτος.
3704 1553 3769 1610 Ὀ

2116 1636 2218 1712 γὰρ
2252 1636 2508 1705 Ἰωάννης
2568 1636 2620 1690 έν
2677 1641 2757 1709 τῷ
2811 1639 2929 1692 κατ’
3005 1639 3168 1693 αὐτὸν
3221 1639 3555 1717 Εὐαγγελίῳ
3615 1640 3769 1720 λέγει

2114 1727 2235 1798 περί
2298 1726 2510 1780 ἑαυτοῦ·
2565 1727 2686 1783 Ὅτι
2744 1728 2772 1781 ὁ
2825 1730 3077 1799 μαθητὴς
3136 1727 3333 1791 ἐκεῖνος
3398 1730 3463 1799 ἦν
3524 1732 3772 1808 γνωστὸς

2112 1819 2191 1887 τῷ
2222 1814 2489 1890 ἀρχιερεῖ.
2525 1814 2693 1878 Οῦτος
2728 1814 2818 1871 οὖν
2845 1814 3076 1873 ἀπέδοτο
3131 1820 3229 1886 τήν
3288 1820 3423 1874 κατὰ
3468 1818 3771 1876 Γαλιλαίαν

2116 1909 2453 1974 κτῆσιν,τοῦ
2503 1904 2871 1982 ἐπιλαχόντος
2929 1908 3097 1980 αὐτῷ,
3161 1908 3264 1963 ὑπὸ
3321 1904 3611 1965 Ζεϐεδαίου
3667 1915 3767 1966 τοῦ

2117 1996 2321 2070 πατρὸς
2382 1996 2548 2051 αὐτοῦ
2606 1998 2790 2071 μέρος,
2846 2000 2926 2068 τῷ
2992 1995 3261 2072 ἀρχιερεῖ,
3317 1998 3406 2053 καὶ
3456 1999 3767 2055 ἀντάύτοῦ

2114 2085 2377 2155 ἐκτήσατο
2408 2087 2508 2154 τὴν
2541 2087 2697 2163 ἁγίαν
2730 2086 2897 2152 Σιὼν,
2927 2086 3047 2141 ὅθεν
3093 2087 3184 2141 καί
3227 2088 3469 2162 γνωστὸς
3520 2090 3610 2158 ἦν.

2179 2175 2348 2238 Οὗτος
2378 2173 2592 2247 ἐδέξατο
2648 2176 2747 2243 τὴν
2806 2175 3068 2231 Θεοτόκον
3118 2175 3171 2231 ἐν
3230 2182 3312 2251 τῷ
3370 2176 3508 2251 οἴκῳ
3564 2177 3754 2248 αὐτοῦ,

2108 2268 2282 2342 ἤγουν
2311 2265 2363 2321 ὲν
2394 2267 2560 2334 Σιὼν,
2620 2265 2787 2341 μέχρι
2826 2274 2927 2335 τῆς
2984 2267 3309 2341 ἀναλήψεως
3370 2268 3561 2338 αὐτῆς·
3626 2270 3765 2343 μετᾶ

2111 2353 2169 2410 δὶ
2223 2357 2324 2424 τὴν
2384 2355 2657 2429 ἀνάληψιν
2686 2356 2876 2427 αὐτῆς,
2911 2356 2963 2411 έν
3021 2360 3090 2431 τῇ
3143 2358 3354 2436 Ἐφέσῳ
3412 2366 3513 2430 τῆς
3569 2360 3764 2422 Ἀσίας

2110 2445 2349 2519 κηρύξας
2377 2447 2469 2501 τὸν
2504 2445 2671 2522 λόγον
2707 2448 2734 2501 ὁ
2768 2446 3023 2517 Ἰωάννης
3055 2444 3169 2501 ἐκεῖ
3205 2447 3510 2527 ἀνελήφθη.

2186 2530 2447 2595 Ἰάκωϐος
2480 2533 2537 2590 δὶ
2568 2537 2596 2591 6
2627 2540 2846 2611 πρῶτος
2896 2535 3214 2607 ἐπίσκοπος,
3246 2534 3480 2617 ἀδελφὸς
3543 2540 3637 2612 μὲν
3671 2537 3769 2595 λέ-

2111 2646 2259 2701 γεται
2288 2630 2384 2680 τοῦ
2416 2625 2618 2700 Κυρίου
2647 2624 2784 2681 κατὰ
2814 2626 3005 2700 σάρκα,
3057 2632 3194 2697 etc.,
3227 2643 3399 2699 usque
3453 2629 3529 2684 ad
3574 2647 3771 2687 nume-

2111 2734 2236 2773 rum
2275 2719 2324 2773 V
2348 2719 2660 2787 fragmenti
2729 2719 2796 2785 V,
2830 2733 2951 2773 cum
3000 2716 3154 2773 haud
3209 2717 3548 2776 notabilibus
3586 2722 3776 2776 varia-

2116 2808 2374 2863 tionibus.

1990 2952 2136 3010 VIII.

351 3063 438 3116 Ba:
465 3076 562 3118 ms.
596 3063 715 3118 cod.
749 3064 937 3120 Graeco
966 3063 1315 3124 Bibliotheca
1370 3069 1917 3133 Urbino-Vaticanoi,
1949 3071 2010 3125 in
2058 3084 2166 3139 quo
2216 3073 2343 3138 post
2393 3068 2631 3123 allatum
2689 3065 2986 3137 Hippolyti
3008 3066 3250 3123 Thebani
3276 3071 3654 3139 fragmentum
3685 3083 3775 3123 se-

1170 3141 1362 3208 quitur
1393 3140 1556 3199 aliud
1580 3145 1788 3198 incerto
1805 3143 1961 3199 nobis
1991 3148 2216 3197 auctore
2237 3142 2623 3210 conscriptum.
2661 3139 2942 3194 Schelstr.

454 3247 764 3304 Chronicon
795 3250 861 3305 de
893 3253 1278 3309 incarnatione
1318 3256 1535 3310 Domini
1565 3259 1741 3312 nostri
1769 3259 1897 3314 Iesu

565 3320 767 3377 Christi
797 3326 986 3394 magni
1015 3326 1134 3391 Dei,
1167 3333 1219 3381 et
1249 3327 1561 3385 Saluatoris
1591 3332 1789 3386 nostri.

427 3522 607 3579 Natus
637 3527 729 3578 est
757 3525 1047 3581 Dominus
1078 3531 1285 3582 noster
1316 3544 1388 3582 ex
1423 3529 1670 3600 Deipara
1691 3535 1751 3584 et
1773 3545 2008 3602 semper

358 3612 593 3679 Virgine
625 3614 825 3681 Maria,
847 3632 1004 3672 anno
1037 3616 1211 3671 tertio
1245 3617 1587 3673 centesimas
1601 3620 2008 3689 nonagesimse

359 3709 585 3773 quartas
617 3704 1004 3776 Olympiadis.
1039 3707 1094 3761 Is
1124 3724 1261 3763 vero
1285 3713 1412 3763 erat
1437 3711 1508 3763 42
1537 3725 1731 3765 annus
1763 3710 2010 3782 Augusti

354 3794 755 3865 imperatoris,
774 3797 941 3868 regni
971 3813 1106 3852 vero
1138 3798 1387 3853 Herodis
1417 3799 1716 3869 Antipatri
1739 3802 1829 3854 32.
1864 3803 2009 3873 Reg-

355 3884 520 3940 navit
547 3888 748 3941 autem
778 3891 1076 3958 Augustus
1102 3887 1277 3942 annis
1320 3889 1411 3953 56,
1444 3888 1705 3945 Herodes
1754 3904 1889 3943 vero
1922 3891 2009 3943 37.

432 4070 617 4142 Igitur
641 4077 912 4128 mortuus
966 4079 1059 4129 est
1110 4074 1372 4130 Herodes
1428 4075 1667 4147 quando
1726 4078 2010 4133 Dominus

363 4169 569 4220 noster
587 4181 690 4220 sex
720 4181 910 4222 annos
942 4166 1200 4223 habebat
1219 4168 1281 4222 in
1311 4185 1511 4224 carne.
1549 4169 1833 4242 Regnavit
1880 4186 2014 4225 vero

363 4261 499 4328 post
527 4255 819 4311 Herodem
851 4258 1176 4313 Archelaus
1210 4258 1367 4314 illius
1390 4260 1518 4330 ejus
1549 4275 1625 4314 an
1657 4262 1777 4326 9,et
1798 4261 2016 4316 missus

364 4352 453 4401 est
483 4348 545 4401 in
569 4346 844 4402 exsilium
866 4349 928 4403 in
947 4348 1285 4411 Galliam,et
1304 4349 1569 4421 regnavit
1585 4350 1832 4421 Antipas
1856 4349 2015 4405 filius

362 4442 421 4492 et
443 4438 570 4510 ipse
594 4438 841 4494 Herodis
871 4438 1187 4510 Antipatri.
1222 4440 1447 4495 Mortuo
1478 4456 1613 4494 vero
1638 4444 1921 4513 Augusto,
1955 4444 2015 4495 et

320 4533 330 4537 ’
362 4528 652 4584 Archelao
680 4529 743 4584 in
776 4528 1052 4584 exsilium
1100 4529 1303 4598 misso,
1329 4528 1589 4585 habebat
1617 4529 1885 4585 Christus
1941 4528 2014 4585 ab

2037 3264 2080 3330 ί]
2111 3254 2380 3330 Χρονικὸν
2434 3253 2524 3330 -τὸ
2605 3253 2738 3330 κατᾶ
2779 3327 2804 3330 Α,
2837 3252 3007 3325 σάρκα

3118 3257 3214 3308 τοῦ
3294 3254 3496 3329 Κυρίου
3602 3257 3772 3326 ἡμῶν

2194 3327 2378 3467 ξηροῦ
2434 3325 2669 3398 Χριστοῦ
2712 3327 2809 3383 τοῦ
2865 3324 3112 3401 μεγάλου
3169 3330 3305 3385 Θεοῦ
3360 3324 3451 3387 καὶ
3513 3324 3779 3402 Σωτῆρος

2241 3419 2379 3471 μων.

2198 3536 2429 3611 Ἐτέχθη
2466 3538 2526 3594 ἐκ
2553 3546 2655 3609 τῆς
2709 3539 2976 3595 Θεοτόκου
3009 3542 3100 3597 καὶ
3133 3542 3525 3617 Ἀειπαρθένου
3556 3543 3783 3615 Μαρίας

2128 3632 2156 3685 6
2189 3629 2384 3706 Κύριος
2416 3631 2578 3703 ἡμῶν
2608 3634 2685 3700 τῷ
2715 3629 2886 3702 τρίτῳ
2917 3624 3023 3685 ἔτει
3053 3634 3156 3696 τῆς
3203 3632 3498 3701 ἑκατοστῆς
3526 3630 3783 3701 ἐνενηκο-

2128 3727 2260 3790 στῆς
2290 3718 2332 3775 δ’
2361 3716 2761 3793 Ὀλυμπιάδος.
2795 3726 2971 3777 Τοῦτο
3006 3718 3064 3775 δὶ
3093 3723 3160 3791 ἦν
3202 3722 3294 3797 μβ¹
3325 3717 3443 3784 ἔτος
3473 3728 3572 3791 τῆς
3611 3723 3783 3797 βασι-

2129 3809 2278 3873 λείας
2315 3809 2647 3886 Αύγούστου,
2682 3808 2848 3885 λβ“δὲ
2904 3814 3005 3876 τῆς
3066 3809 3350 3887 βασιλείας
3380 3809 3637 3883 Ἡρώδου
3682 3816 3780 3866 τοῦ

2128 3899 2509 3973 Ἀντιπάτρου,
2543 3893 2861 3954 ἐϐασίλευσε
2920 3896 2979 3954 δὲ
3028 3899 3341 3975 Α’ύγουστος
3394 3895 3488 3971 ἔτη
3546 3902 3640 3972 νς’,
3682 3901 3771 3955 Ἦο

2131 3986 2316 4065 ρώδης
2348 3986 2404 4043 δὶ
2425 3986 2517 4058 ἔτη
2552 3985 2652 4056 λζ’.

2202 4077 2413 4135 Οὐκοῦν
2445 4076 2874 4148 τελευτήσαντος
2928 4075 3202 4154 Ἡρώδου,
3260 4076 3316 4150 ἓξ
3374 4078 3506 4134 ἑτῶν
3564 4078 3786 4155 ὑπῆρχε

2130 4169 2192 4223 τὸ
2217 4168 2356 4222 κατά
2394 4166 2564 4241 σάρκα
2594 4167 2622 4221 6
2654 4166 2852 4241 Κύρίος
2882 4171 3063 4241 ἡμῶν.
3128 4164 3484 4225 Ἐϐασίλευσε
3533 4167 3590 4223 δὲ
3652 4170 3789 4243 μετᾶ

2132 4253 2386 4333 Ἡρώδην
2424 4255 2730 4333 ’Δρχὲλαος
2788 4257 2815 4311 6
2872 4257 2987 4319 υἱὸς
3018 4250 3182 4313 άύτοῦ
3219 4253 3313 4329 ἔτη
3376 4259 3438 4326 θ’,
3471 4259 3562 4313 καὶ
3613 4257 3792 4334 ἐξορί-

2136 4353 2279 4417 ζεται
2338 4344 2416 4408 εἷς
2475 4344 2736 4415 Γαλλίας,
2786 4345 2877 4401 καὶ
2928 4347 3202 4421 βασιλεύει
3280 4348 3529 4410 Ἀντίπας
3589 4348 3618 4402 6
3701 4347 3792 4403 mi

2133 4433 2412 4511 Ἡρώδου,
2472 4435 2587 4498 υἱὸς
2642 4436 2731 4491 καὶ
2792 4437 2957 4497 αὐτὸς
3045 4436 3307 4511 ὑπάρχων
3384 4433 3637 4515 Ἡρώδου
3692 4440 3793 4492 τοῦ

2133 4515 2521 4603 Ἀντιπάτρου.
2555 4527 2938 4589 Τελευτῶντος
2971 4523 3029 4581 δὶ
3056 4531 3155 4581 τοῦ
3214 4527 3561 4603 Αὐγούστου,
3611 4526 3791 4602 ἐξορι-

362 4618 774 4674 incarnatione
807 4634 996 4673 annos
1030 4620 1114 4672 15.
1152 4624 1413 4691 Augusto
1445 4636 1580 4675 vero
1615 4619 2008 4675 successitTi-

2136 4619 2349 4682 σθέντος
2372 4615 2430 4672 δὲ
2457 4620 2556 4672 τοῦ
2604 4615 2918 4693 Ἀρχελάου
2977 4617 3033 4671 ιε’
3092 4614 3226 4671 ἑτῶν
3287 4618 3479 4692 εὑρέθη
3529 4618 3593 4672 τὸ
3650 4616 3791 4672 κατὰ

365 4707 592 4776 berius,
622 4709 871 4779 Antipas
900 4714 1099 4764 autem
1131 4708 1290 4764 [ilius
1332 4725 1568 4781 quoque
1602 4708 1851 4764 Herodis
1886 4725 2016 4764 suc-

364 4797 548 4852 cessit
575 4798 1293 4870 Archelao.Reperiuntur
1308 4800 1492 4873 igitur
1505 4799 1684 4854 simul
1715 4816 2017 4872 regnasse,

365 4902 545 4960 super
574 4890 872 4943 Romanos
931 4889 1175 4960 quidem
1207 4890 1497 4957 Tiberius,
1548 4906 1729 4959 super
1784 4889 2019 4945 Judsaos

361 4992 501 5031 vero
530 4976 774 5032 Herodis
807 4977 964 5034 [llius
1000 4980 1265 5051 Antipas,
1293 4979 1377 5033 uti
1412 4978 1634 5033 dictum
1669 4980 2019 5034 est.Primus

367 5084 560 5123 annus
590 5067 757 5143 regni
797 5068 1035 5137 Tiberii,
1097 5074 1156 5124 et
1203 5068 1451 5124 Herodis
1502 5068 1799 5140 reperitur
1837 5069 2019 5125 fuisse

367 5156 635 5213 decimus
694 5162 894 5214 sextus
952 5174 1148 5215 annus
1205 5157 1424 5211 Christi
1483 5158 1554 5213 ab
1608 5159 2020 5215 incarnatione

368 5247 641 5319 ejus.His
671 5263 807 5303 vero
839 5250 923 5303 ita
952 5264 1014 5303 se
1074 5247 1453 5313 habentibus,
1495 5263 1651 5303 anno
1710 5249 1874 5321 regni
1934 5248 2021 5302 Ti-

2131 4708 2300 4780 σάρκα
2367 4707 2395 4761 6
2429 4705 2648 4783 Κύριος.
2710 4703 3067 4781 Διαδέχονται
3119 4702 3175 4761 δὲ
3230 4700 3479 4781 Τιϐέριος
3540 4707 3633 4780 μὲν
3693 4705 3788 4760 τὸν

2130 4793 2465 4874 Αὔγουστον,
2497 4795 2753 4859 Ἀντίπας
2784 4792 2840 4850 δὲ
2885 4796 2913 4849 ὁ
2960 4796 3050 4850 καὶ
3125 4793 3376 4869 Ἡρώδου
3432 4795 3525 4850 τὸν
3581 4793 3787 4870 Ἀρχέ-

2132 4885 2669 4962 λαον.Εὑρίσκονται
2703 4885 2795 4940 οὗν
2856 4884 3246 4957 συναρξάμενοι
3311 4884 3615 4947 βασιλεύειν
3673 4890 3784 4940 τῶν

2136 4979 2231 5051 μὲν
2258 4977 2547 5051 Ῥωμαίων
2589 4971 2868 5052 Τιϐέριος,
2922 4978 3028 5030 τῶν
3091 4972 3149 5030 δὲ
3203 4972 3482 5030 Ἰουδαίων
3533 4974 3789 5038 Ἀντίπας

2132 5068 2160 5121 6
2191 5068 2278 5123 καὶ
2311 5064 2584 5141 Ἡρώδου,
2619 5067 2694 5129 ὡς
2727 5065 2959 5141 εἷ’ρηται.
3024 5065 3098 5121 Τὸ
3157 5069 3375 5140 πρῶτον
3434 5064 3613 5121 τοίνυν
3666 5061 3794 5129 ire:

2128 5163 2230 5226 τῆς
2299 5155 2579 5233 βασιλείας
2668 5149 2928 5229 Τιϐερίου
2983 5175 3042 5210 τε
3124 5152 3213 5209 καὶ
3298 5152 3547 5230 Ἡρώδου
3596 5151 3651 5225 ἓξ
3702 5155 3795 5209 καὶ

2131 5244 2353 5302 δέκατον
2383 5241 2501 5309 ἔτος
2536 5247 2601 5315 ἦν
2635 5250 2731 5300 τοῦ
2776 5245 2982 5319 Κυρίου
3037 5245 3175 5301 κατὰ
3226 5244 3417 5320 σάρκα,
3475 5243 3686 5300 τούτων
3740 5243 3798 5299 δὲ

364 5336 514 5392 berii
540 5336 772 5392 decimo
796 5336 1321 5409 quinto,Dominus
1356 5336 1612 5393 habebat
1640 5336 1714 5393 ab
1743 5337 2008 5393 incarna-

2133 5336 2304 5399 οὕτως
2362 5336 2630 5412 ἐχόντων,
2690 5335 2846 5391 πέντε
2901 5333 2992 5390 καὶ
3057 5332 3267 5407 δεκάτῳ
3335 5334 3439 5391 ἔτει
3519 5341 3622 5405 τῆς
3691 5334 3795 5410 βα-

366 5427 527 5482 tione
547 5443 737 5482 annos
761 5429 849 5487 30.
884 5425 1124 5499 quando
1148 5427 1305 5480 venit
1335 5426 1407 5481 ad
1440 5426 1737 5498 baptisma
1752 5427 2021 5497 Joannis,

366 5521 425 5570 et
454 5517 634 5588 caepit
663 5516 922 5572 divinam
983 5516 1490 5587 praedicationem,
1524 5522 1591 5571 ut
1646 5519 1730 5572 ait
1776 5517 2022 5572 divinis-

369 5605 556 5661 simus
591 5607 797 5662 Lucas.
832 5606 1015 5678 Regni
1061 5621 1201 5661 vero
1251 5605 1465 5661 Tiberii
1499 5622 1657 5662 anno
1710 5609 1794 5675 19,
1827 5608 2027 5663 divina

444 5766 461 5799 ¹
492 5765 638 5819 Joan
691 5778 853 5828 xvm,
889 5765 971 5817 15,

2142 5427 2348 5490 σιλείας
2407 5421 2693 5502 Τιϐερίου,
2775 5427 3067 5501 τριάκοντα
3106 5425 3238 5480 ἑτῶν
3300 5420 3373 5479 ὧν
3434 5426 3570 5480 κατὰ
3626 5424 3796 5499 σάρκα

2139 5518 2166 5571 6
2226 5518 2448 5595 Κύριος,
2533 5514 2619 5570 ἐπὶ
2676 5520 2756 5588 τῷ
2844 5515 3099 5569 Ἰωάννου
3158 5513 3377 5590 ἔρχεται
3434 5515 3796 5590 βαπτίσματι,

2140 5608 2232 5663 καὶ
2298 5610 2395 5662 τοῦ
2455 5605 2601 5670 θείου
2686 5603 3043 5679 κηρύγματος
3130 5602 3381 5679 ἄρχεται,
3441 5604 3579 5668 καθά
3661 5623 3794 5680 φησι
