4096 6446
370 410 530 474 105³

1827 403 2346 471 FRAGMENTA.

3633 397 3792 465 10M

370 550 587 609 Λουκᾶς
618 546 646 601 6
678 545 975 610 θειότατος.
1036 548 1131 619 Τῷ
1188 544 1245 603 δὲ
1302 546 1450 603 ἐννέα
1499 547 1591 603 καὶ
1649 544 1858 618 δεκάτῳ
1916 537 2001 598 ἔτε

2140 537 2474 607 crucifixio,
2504 542 2563 593 et
2580 538 2809 594 viviﬂca
2830 537 3187 594 resurrectio
3217 537 3374 594 facta
3395 539 3503 592 est.
3540 538 3789 609 Antipas

363 643 470 704 τῆς
501 633 787 711 βασιλείας
815 631 1074 712 Τιϐερίου
1104 636 1133 691 6
1165 642 1310 702 θεῖος
1348 640 1578 714 σταυρὸς
1631 634 1720 692 καὶ
1779 637 1814 705 ἡ
1880 639 2025 703 ζωο-

2130 647 2272 685 vero
2304 627 2409 683 ille
2439 627 2689 683 Herodis
2722 628 2881 683 illius
2901 627 3169 700 regnavit
3217 626 3392 682 annis
3427 628 3517 681 23.
3547 623 3786 685 Certum

364 725 534 786 ποιὸς
595 724 884 787 ἀνάστασις
940 726 1153 801 γέγονε.
1214 726 1468 789 Ἀντίπας
1517 724 1575 781 δὲ
1630 726 1790 789 οὗτος
1847 723 1876 778 6
1932 720 2008 777 κα

2130 722 2383 794 proinde
2417 728 2528 791 est,
2558 720 2714 793 quod
2749 720 2846 774 hic
2877 718 3135 774 Herodes
3166 720 3604 775 Prmcursorem
3629 719 3794 774 occi-

359 811 623 890 Ἢρώδου
701 810 787 869 κδ’
867 808 961 886 ἔτη
1051 809 1381 874 ὶόασίλευσε.
1448 813 1755 891 ΙΙροδήλως
1841 811 2008 867 τοίνυι

2129 810 2303 879 derit,
2337 816 2396 868 et
2447 819 2713 884 tempore
2770 809 2982 865 divinas
3025 807 3325 881 passionis
3357 807 3420 863 in
3449 808 3780 863 Jerusalem

369 902 531 964 οὗτός
557 901 697 958 ἐστιν
724 901 979 979 Ἡρώδης
1038 905 1065 959 6
1122 905 1212 960 καὶ
1267 906 1359 961 τὸν
1417 905 1740 981 Πρόδρομον
1793 900 2020 971 ἀνελὼν,

366 992 460 1049 καὶ
490 991 576 1048 ἐπὶ
608 990 705 1048 τοῦ
752 992 898 1048 θείου
952 994 1160 1059 πάθους
1217 993 1270 1050 ἐν
1327 994 1732 1072 Ἱεροσολύμοις
1787 991 2020 1067 εὑρεθεὶς

371 1083 459 1139 καὶ
491 1080 781 1155 ἀνακρίνας
804 1083 896 1138 τὸν
932 1082 1148 1161 Κύριον.
1198 1085 1296 1142 Καὶ
1356 1081 1515 1160 ἕτερα
1573 1084 1678 1159 γὰρ
1709 1083 1868 1138 πέντε
1924 1078 2017 1151 ἔτη

368 1173 504 1247 μετά
557 1173 659 1241 τήν
713 1172 984 1243 ζωοποιὺν
1044 1173 1329 1231 ἀνάστασιν
1386 1170 1722 1245 ἐϐασίλευσε,
1779 1172 1868 1227 καὶ
1932 1171 2021 1242 ἐξ·

361 1262 604 1337 ορίζεται
639 1260 731 1316 σὺν
762 1266 832 1337 τῇ
866 1260 1163 1320 Ἡρωδιάδι
1224 1264 1300 1328 εἰς
1363 1267 1610 1323 Βεὲνναν.
1665 1258 2019 1321 Ἐϐασίλευσε

359 1349 419 1407 δὶ
454 1353 568 1426 μετ’
603 1351 766 1407 αὐτὸν
799 1352 1097 1429 Ἀγρίππας
1128 1354 1157 1413 6
1187 1353 1279 1409 καὶ
1311 1352 1583 1429 Ἡρώδου,
1615 1352 1731 1414 υἱὸς
1764 1354 2017 1429 Ἀριστο-

361 1435 572 1496 6ούλου
600 1444 703 1497 τοῦ
726 1442 787 1497 ἐκ
818 1443 1148 1517 Μαριάμνης
1192 1444 1312 1499 υἱοῦ
1362 1441 1614 1518 Ἡρώδου
1644 1442 1741 1497 τοῦ
1771 1442 2011 1519 πρώτου.

360 1530 541 1592 Οὗτος
571 1527 629 1586 δὲ
658 1530 801 1587 ἐστὶν
830 1532 1137 1607 Ἀγρίππας
1169 1534 1197 1588 6
1240 1534 1332 1589 καὶ
1389 1531 1659 1609 Ἡρώδης,
1719 1533 1747 1587 6
1805 1529 2014 1587 ἀνελὼν

358 1621 453 1679 τὸν
487 1614 779 1676 Ζεϐεδαίου
823 1617 1045 1694 Ἰακὼϐ,
1105 1621 1306 1700 Πέτρον
1372 1624 1466 1679 τὸν
1522 1626 1819 1700 κορυφαῖον
1879 1620 2012 1675 ἀπο-

360 1710 575 1765 στόλων
607 1710 745 1785 πρὸς
776 1711 940 1788 χάριν
972 1708 1256 1768 Ἰουδαίων
1289 1713 1500 1769 ἀνελεῖν
1533 1711 1787 1783 θελήσας.
1850 1712 2012 1787 Ἐβα-

361 1799 583 1856 σίλευσε
641 1796 699 1854 δὶ
753 1801 844 1856 καὶ
903 1802 1062 1865 οὗτος
1120 1797 1213 1874 ἔτη
1275 1803 1430 1876 ἔπτὰ,
1494 1802 1585 1858 καὶ
1677 1805 1793 1876 μετ’
1850 1799 2010 1855 αὐτὸν

358 1981 483 2054 ρείᾳ
514 1977 756 2055 ἐκρίνετο
787 1979 934 2055 παρά
961 1985 1042 2053 τῷ
1073 1983 1297 2052 Φήστω,
1328 1980 1433 2038 ἔτει
1462 1984 1564 2048 κς“.

431 2068 532 2123 Καὶ
563 2068 701 2141 μετά
738 2072 906 2125 ταῦτα
962 2071 1127 2133 Τίτος
1181 2070 1450 2148 ἐπόρθησε
1504 2071 1571 2127 τὰ
1633 2069 2011 2147 Ἱεροσόλυμα,

352 2156 744 2233 συναγάγονται
779 2156 837 2215 δὶ
865 2156 957 2231 ἔτη
1025 2166 1098 2234 μ’,
1152 2159 1260 2216 ἀπὸ
1314 2161 1411 2217 τοῦ
1469 2161 1746 2238 σωτηρίου
1802 2161 2010 2224 πάθους

340 2241 458 2308 ἕως
515 2252 619 2316 τῆς
667 2244 928 2313 ἁλώσεως
1011 2248 1431 2324 Ἱεροσολύμων.
1489 2249 1628 2312 Τοὺς
1679 2246 1736 2304 δὲ
1793 2250 2007 2325 ἀναιρειι

347 2336 539 2400 θέντας
573 2333 966 2414 διαγράφουσίν
995 2358 1139 2401 τινες
1172 2337 1251 2402 εἰς
1305 2338 1654 2415 τριακοσίους
1716 2336 2001 2415 μυριάδας.

347 2422 654 2497 Ἐκράτησε
703 2422 762 2479 δὲ
816 2426 851 2494 ἡ
926 2423 1225 2503 πολιορκία
1291 2426 1460 2498 αὐτῆς
1518 2426 1609 2499 ἔτη
1675 2428 1744 2503 β’,
1801 2426 1875 2490 ὥς
1946 2447 2007 2483 τε

343 2511 415 2571 τὰ
434 2510 589 2568 τέκνα
613 2512 790 2575 αὐτῶν
819 2520 1005 2593 φαγεῖν
1034 2515 1142 2572 ἀπὸ
1170 2523 1274 2587 τῆς
1305 2517 1447 2594 βίας.

2012 2739 2107 2794 ΙΧ.

2117 901 2423 958 'exsistens
2446 900 2737 975 judicarit
2767 899 3121 965 Dominum;
3182 904 3243 954 et
3286 902 3424 969 post
3487 897 3779 953 viviﬁcam

2126 993 2629 1047 resurrectionem
2660 989 2923 1062 regnarit
2951 988 3086 1042 aliis
3116 987 3383 1058 quinque
3414 985 3611 1053 annis,
3632 992 3691 1041 et
3720 986 3783 1041 in

2127 1080 2401 1136 exsilium
2433 1082 2653 1136 missus
2683 1080 2763 1134 sit
2804 1094 2939 1133 cum
2997 1075 3323 1133 Herodiade
3374 1076 3435 1130 in
3471 1075 3783 1131 Viennam.

2123 1171 2408 1243 Regnavit
2430 1187 2565 1226 vero
2599 1177 2738 1241 post
2769 1169 2965 1240 ipsum
2996 1166 3254 1238 Agrippa
3286 1165 3387 1236 qui
3421 1170 3479 1218 et
3509 1165 3788 1232 Herodis,

2124 1258 2285 1317 ﬁlius
2315 1260 2643 1315 Aristobuli
2673 1275 2742 1313 ex
2791 1257 3112 1313 Mariamne
3144 1254 3322 1326 primi
3356 1253 3601 1308 Herodis
3651 1254 3780 1310 ﬁlii.

2125 1349 2229 1404 Hic
2259 1355 2458 1405 autem
2490 1347 2875 1423 Agrippa,qui
2898 1344 3473 1409 etHerodes,occidit
3499 1343 3783 1399 Iacobum

2120 1439 2407 1497 Zebedmi.
2437 1443 2680 1495 Petrum
2717 1455 2853 1494 vero
2920 1436 3339 1509 Apostolorum
3397 1434 3779 1506 coryphaaum

2120 1528 2307 1584 voluit
2334 1529 2700 1596 oocidere,ut
2726 1528 3163 1603 gratiﬁcaretur
3215 1524 3456 1580 Judaeis.
3512 1526 3691 1578 Porro
3725 1528 3785 1577 et

2120 1618 2222 1674 ille
2255 1620 2522 1692 regnavit
2551 1624 2778 1690 septem
2812 1618 3011 1681 annis,
3045 1622 3105 1670 et
3125 1620 3260 1686 post
3288 1615 3487 1686 ipsum
3517 1611 3784 1682 regnavit

2121 1708 2272 1767 alter
2298 1710 2578 1781 Agrippa,
2613 1708 2723 1763 sub
2751 1723 2869 1778 quo
2902 1706 3125 1762 Paulus
3155 1706 3218 1761 in
3252 1705 3519 1759 Caesarea
3537 1702 3780 1776 judica-

2088 1835 2094 1841 -
2120 1805 2214 1856 tus
2247 1806 2336 1856 est
2363 1818 2397 1857 a
2422 1803 2590 1857 Festo
2615 1816 2773 1856 anno
2805 1802 2902 1856 26.

357 1884 706 1980 ἐϐασίλευσεν
736 1890 764 1945 6
796 1886 1068 1966 δεύτερος,
1114 1892 1197 1970 ἐφ’
1227 1893 1290 1947 οὗ
1350 1894 1378 1947 6
1443 1896 1659 1955 Παῦλος
1718 1891 1771 1948 ἐν
1805 1897 2012 1947 Καισα-
2043 1917 2089 1980 Β

2196 2074 2573 2144 Etposthaec
2614 2072 2776 2128 Titus
2835 2070 3190 2144 expugnavit
3246 2066 3774 2139 Hierosolymam:

2116 2162 2296 2218 simul
2325 2168 2523 2218 autem
2557 2163 2778 2234 sumpti
2811 2166 2950 2217 sunt
2978 2161 3122 2216 anni
3151 2162 3243 2227 40,
3276 2175 3309 2214 a
3340 2157 3620 2229 passione
3654 2156 3773 2211 Sal-

2114 2254 2333 2308 vatoris
2355 2269 2545 2325 usque
2576 2253 2649 2308 ad
2677 2258 2983 2325 capturam
3035 2248 3602 2318 Hierosolymorum.
3631 2245 3773 2311 Qui-

2117 2341 2254 2398 dam
2276 2359 2414 2398 vero
2449 2342 2736 2409 scribunt,
2772 2342 2835 2396 in
2867 2357 2937 2396 ea
2986 2339 3335 2395 occubuisse
3369 2336 3443 2391 ad
3474 2340 3775 2390 trecentas

2116 2433 2417 2505 myriadas
2450 2448 2462 2486 :
2498 2432 2731 2487 duravit
2760 2448 2896 2487 vero
2928 2429 3159 2485 obsidio
3193 2428 3377 2493 illius,
3404 2426 3580 2481 annis
3612 2424 3773 2478 duo-

2116 2522 2249 2593 bus,
2283 2523 2368 2577 ita
2403 2528 2473 2578 ut
2500 2522 2763 2578 infantes
2818 2537 2959 2577 suos
3017 2535 3140 2591 prm
3188 2518 3346 2574 fame
3377 2514 3774 2571 manducave-

2116 2612 2261 2669 rint.

602 2846 778 2907 Aliud
794 2850 1172 2923 fragmentum
1200 2851 1309 2922 (63)
1330 2868 1358 2907 θ
1384 2852 1504 2911 cod.
1538 2868 1640 2913 me.
1677 2854 2124 2984 Taurinonsii
2145 2859 2387 2982 tomtporo
2422 2871 2531 2925 quo
2571 2855 2670 2914 SS.
2704 2853 3057 2925 evangelista:
3085 2848 3397 2921 Evangelia
3416 2863 3519 2904 sua

1891 2944 1993 2984 con
2036 2944 2055 2982 ι
2097 2943 2231 2982 erun
2264 2968 2277 2981 .

1891 2943 2277 2984 contuderunt.

427 3030 652 3103 'Ic-ciov,
700 3034 785 3091 δτι
815 3035 879 3095 τὸ
936 3035 1073 3093 κατᾶ
1131 3039 1410 3103 Ματθαῖον
1461 3040 1613 3115 ἅγιον
1674 3040 2008 3118 Εὐαγγὲλιον

351 3122 565 3200 ἐγράφη
601 3123 677 3185 είς
721 3122 1115 3196 Παλαιστίνην,
1179 3128 1313 3200 μετὰ
1370 3128 1515 3189 ὀκτὼ
1575 3126 1669 3203 ἔτη
1720 3137 1822 3200 τῆς
1874 3130 2007 3189 ἀνα·-

348 3211 600 3286 λήψεως,
657 3207 959 3287 Ἐϐραϊστί.
1018 3216 1093 3273 Τὸ
1171 3217 1308 3272 κατὰ
1367 3220 1583 3293 Μάρκον
1669 3219 2004 3297 Εὐαγγὲλιον

346 3301 564 3377 me”
602 3303 903 3375 Ῥωμαϊστὶ
951 3304 1005 3359 ἂν
1062 3306 1255 3380 Ῥώμῃ
1311 3307 1445 3381 μετά
1500 3305 1713 3365 δώδεκα
1754 3307 1846 3380 ἔτη
1901 3317 2005 3380 τῆς

341 3390 691 3464 ἀναλήψεως.
756 3393 831 3449 Τὸ
888 3393 1031 3448 κατὰ
1090 3399 1307 3450 Λουκᾶν
1382 3396 1728 3472 Εὐαγγέλιον
1789 3399 2000 3478 ἐγράφη

341 3479 660 3550 Ἑλληνιστὶ
751 3480 827 3543 εἷς
886 3480 1298 3556 Ἀλεξάνδρειαν
1357 3487 1456 3555 τὴν
1518 3486 1786 3563 μεγάλην,
1869 3489 2006 3563 μετά

343 3568 637 3626 δεκαπέντε
666 3567 761 3641 ἔτη
818 3576 921 3639 τῆς
980 3570 1327 3646 ἀναλήψεως.
1388 3575 1464 3631 Τὸ
1521 3577 1658 3631 κατὰ
1744 3578 2000 3649 Ἰωάννην

343 3659 691 3736 Εὐαγγὲλιον
766 3656 973 3739 ἐγράφη
1048 3661 1371 3736 Ἑλληνιστὶ
1451 3663 1502 3719 ὲν
1563 3665 1769 3743 Πάτμῳ
1850 3671 2001 3742 νήσῳ

345 3747 641 3822 τριάκοντα
671 3744 766 3804 δύο
798 3745 892 3820 ἔτη
924 3755 1028 3819 τῆς
1050 3749 1398 3826 ἀναλήψεως.

342 3992 687 4070 Ἱππολύτου
716 3994 840 4070 περὶ
867 3998 976 4070 τῶν
1013 3996 1084 4070 ιβ’
1115 3995 1582 4070 ἀποστόλωγλκαὶ
1610 4003 1716 4054 ποῦ

416 4060 645 4130 ἕκαστος
673 4060 846 4121 αὐτῶν
877 4060 1154 4142 ἐκήρυξεν,
1189 4067 1276 4123 καὶ
1324 4060 1787 4143 ποῦ’ἐτελειώθη.

2192 3043 2350 3098 Scire
2373 3044 2562 3114 juvat.
2596 3042 2755 3115 quod
2812 3046 3083 3098 sanctum
3112 3039 3360 3097 Matthxi
3389 3033 3774 3107 Evangelium

2120 3134 2408 3207 scriptum
2442 3139 2529 3190 est
2560 3134 2622 3189 in
2659 3133 2973 3189 Palaestina
3015 3132 3315 3193 hebraice,
3376 3132 3580 3183 octavo
3640 3130 3775 3196 post

2114 3224 2328 3278 Christi
2362 3223 2836 3295 assumptionem
2864 3238 3041 3277 anno.
3075 3221 3246 3276 Marci
3271 3216 3654 3289 Evangelium
3684 3213 3769 3270 la-

2115 3312 2240 3367 tine
2263 3313 2552 3385 scriptum
2585 3318 2676 3368 est
2703 3314 2906 3368 Romae
2936 3326 3093 3367 anno
3124 3315 3258 3381 post
3297 3305 3769 3377 assumptionem

2116 3404 2488 3460 duodecimo.
2524 3408 2688 3461 Lucae
2712 3403 3096 3476 Evangelium
3128 3401 3416 3473 scriptum
3448 3401 3539 3452 est
3570 3396 3770 3450 Graece

2113 3491 2176 3546 in
2209 3508 2425 3566 magna
2453 3493 2812 3549 Alexandria
2858 3509 3017 3547 anno
3077 3490 3308 3546 decimo
3369 3487 3576 3558 quinto
3638 3487 3772 3554 post

2113 3585 2993 3658 assumptionem.Evangelium
3014 3584 3244 3638 Joannis
3263 3581 3550 3651 scriptum
3573 3578 3772 3631 Graece

2114 3680 2206 3730 est
2234 3675 2296 3730 in
2327 3676 2533 3733 Patmo
2559 3676 2778 3745 insula,
2811 3691 2970 3733 anno
2998 3678 3134 3748 post
3154 3669 3627 3743 assumptionem
3659 3664 3771 3719 tri-

2113 3767 2335 3825 cesimo
2363 3769 2645 3827 secundo.

2060 3891 2127 3948 X.

2110 4012 2407 4083 Hippolyti
2443 4013 2508 4069 de
2565 4015 2856 4071 duodecim
2915 4015 3199 4086 apostolis,
3261 4016 3487 4070 ubinam
3538 4015 3769 4086 quisque

2222 4100 2409 4141 eorum
2433 4089 2846 4157 praedicauerit,
2878 4104 2942 4143 ac
3002 4087 3097 4142 ubi
3136 4092 3536 4144 consummatus
3563 4088 3658 4143 sit.

702 4196 869 4268 (Vide
898 4197 1233 4269 Patrologiaz
1266 4203 1412 4255 tom.
1443 4199 1509 4270 X,
1542 4201 1651 4257 col.
1689 4204 1817 4273 951,
1848 4205 1912 4262 in
1941 4209 2287 4281 Appendice
2317 4214 2393 4269 ad
2437 4216 2628 4288 Opera
2664 4217 2970 4291 Hippolyti
3019 4219 3413 4289 Portuensis.)

339 4430 453 4487 Τοῦ
485 4425 651 4485 αὐτοῦ
679 4426 1037 4503 Ἱππολύτου,
1068 4428 1196 4506 περὶ
1226 4433 1334 4489 τῶν
1367 4432 1411 4487 ο’
1440 4431 1785 4494 ἀποστόλων.

2064 4327 2158 4382 XI.

2252 4446 2511 4519 Ejusdem
2539 4451 2833 4524 Hippolyti
2852 4452 2920 4509 de
2947 4454 3308 4523 septuaginta
3337 4452 3623 4525 apostolis.

1458 4560 1625 4632 (Vide
1656 4565 1883 4620 tomum
1915 4582 2096 4640 supra
2124 4570 2393 4641 citatum,
2427 4574 2541 4629 col.
2570 4575 2721 4648 654.)

336 4765 463 4817 Τῶν
501 4759 574 4836 ιβ“
603 4760 926 4817 ἀποστόλων
961 4761 1017 4815 αἱ
1074 4758 1327 4842 πατρίδαι
1368 4764 1460 4842 καὶ
1505 4765 1573 4821 τὰ
1621 4765 1860 4842 ὀνόματα
1890 4775 1997 4827 τῶν

864 4835 1236 4908 γεννησάντων
1266 4836 1486 4900 αὐτούς.

2029 4658 2150 4714 XII.

2177 4780 2475 4841 Duodecim
2516 4787 2889 4860 apostolorum
2922 4792 3130 4860 patriae
3172 4798 3225 4848 et
3255 4809 3443 4851 eorum
3469 4795 3701 4854 nomina

2676 4859 2875 4930 quibus
2902 4859 3032 4920 sunt
3062 4866 3192 4918 nati

1314 4964 1479 5034 (Vide
1509 4967 1858 5042 Patrologize
1890 4976 2109 5029 nostrae
2139 4980 2284 5036 tom.
2318 4981 2615 5053 OCII,coI.
2654 4989 2838 5062 1075.)

2027 5077 2181 5133 XIII.

1344 5185 1433 5239 Ea:
1461 5185 1581 5240 cod.
1615 5189 1683 5241 76
1712 5189 1965 5259 Nanano,
1995 5195 2373 5265 fragmentum
2407 5220 2760 5276 anonymum.

333 5300 475 5377 Ηερὶ
547 5304 649 5367 τῆς
722 5298 819 5350 τοῦ
893 5295 1130 5368 Χριστοῦ
1203 5295 1294 5349 καὶ
1373 5301 1506 5352 Θεοῦ
1564 5300 1726 5373 ἡμῶν
1800 5306 1995 5380 γεννή-

1099 5386 1255 5428 σεως.

412 5515 705 5591 νΕγεννήθη
760 5510 898 5567 κατὰ
956 5511 1126 5586 σάρκα
1185 5511 1213 5565 ὁ
1299 5510 1505 5587 Κύριος
1562 5516 1726 5588 ἡμῶν
1779 5519 1992 5590 Ἰησοῦς

2393 5322 2471 5375 De
2499 5328 2792 5385 nativitate
2820 5330 3028 5386 Christi
3065 5350 3130 5388 ac
3160 5333 3261 5388 Dei
3288 5336 3483 5389 nostri.

2176 5519 2357 5572 Natus
2371 5522 2460 5572 est
2474 5518 2802 5573 secundum
2825 5534 3063 5574 carnem
3079 5519 3367 5574 Dominus
3378 5522 3582 5574 noster
3591 5519 3619 5572 Ι
3624 5534 3759 5574 esus

329 5606 577 5685 Χριστὸς
596 5607 655 5660 ἐκ
692 5609 794 5672 τῆς
826 5596 1041 5673 ἐνδόξου
1100 5599 1399 5674 Δεσποίνης
1456 5605 1617 5677 ἡμῶν
1674 5609 1772 5676 τῆς
1807 5609 1994 5687 ,ἁγίας

2126 5607 2372 5665 Ihristus
2417 5625 2490 5664 ex
2540 5607 2799 5680 gloriosa
2849 5609 3100 5666 Domina
3148 5613 3354 5664 nostra
3397 5613 3603 5663 sancta
3650 5608 3757 5664 Dei

411 5761 522 5837 (63)
551 5756 739 5815 Debes
765 5754 878 5811 hoc
903 5753 1349 5828 Cbristophoro,
1382 5757 1656 5814 Matthaao
1689 5760 1918 5819 Pfafﬂo.
