4096 6458
302 397 460 459 1085

1610 396 2029 461 GEORGIDIS
2070 395 2429 458 MONACHI

3571 394 3731 458 1086

310 530 609 586 Genitrice
641 546 993 603 semperque
1014 532 1249 605 Virgine
1268 533 1634 595 Maria.anno
1655 531 1952 597 moio,Au-

2089 527 2336 583 ὒεοτόκου
2393 528 2483 583 καὶ
2539 528 2925 606 Ἀειπαρθένου
3007 529 3247 605 Μαρίας,
3301 527 3455 592 ἔτους
3510 549 3609 606 εφ,
3653 550 3731 605 μγ

312 619 467 692 gusti
496 619 740 675 Caesaris
771 637 928 676 anno
961 623 1028 676 43
1050 622 1114 677 in
1146 622 1492 679 Bethlehem
1523 622 1738 677 Judaaa)
1770 623 1802 676 8
1833 621 1958 677 Kal.

311 711 621 767 Ianuarias
644 710 817 781 juxta
871 714 1187 777 Romanos,
1241 712 1352 768 hoc
1385 719 1473 767 est
1503 711 1845 767 Decembris
1873 711 1963 765 '25.

316 801 646 872 Baptizatus
676 805 766 855 est
793 802 862 855 30
894 816 1084 856 annos
1107 818 1308 872 agens,
1333 818 1491 857 anno
1524 800 1967 873 quintodecimo

312 889 528 945 Tiberii
557 889 827 958 Caesaris,
859 890 1053 961 pridie
1086 890 1167 946 Id.
1200 892 1442 947 Januar.
1495 889 1823 947 secundum
1855 891 1971 944 Ro-

316 993 551 1045 manos,
591 976 701 1032 hoc
726 984 817 1032 est
843 978 1081 1034 Januar.
1144 981 1196 1033 6.
1247 980 1491 1051 Oportet
1537 984 1736 1035 autem
1794 978 1968 1043 scire,

320 1065 479 1139 quod
508 1068 714 1140 genuit
735 1067 908 1123 illum
937 1068 1267 1125 secundum
1299 1086 1544 1126 carnem
1574 1069 1779 1125 civitas
1805 1067 1974 1123 Beth-

323 1156 845 1225 lehem,enutrivit
874 1158 1017 1213 urbs
1045 1160 1345 1215 Nazareth.
1380 1159 1453 1215 ad
1483 1160 1713 1214 virilem
1739 1165 1974 1215 mtatem

325 1246 990 1319 perduxitretinuitque
1039 1248 1112 1303 ad
1173 1265 1363 1304 annos
1394 1250 1461 1304 30
1521 1249 1724 1304 civitas
1771 1252 1978 1321 Caper-

323 1353 523 1391 naum.
554 1336 791 1409 Effigies
821 1337 1028 1392 forma:
1060 1338 1222 1393 illius
1252 1345 1381 1395 erat
1401 1339 1780 1411 hujusmodi:
1822 1341 1975 1411 Mag~

325 1424 534 1480 nitudo
569 1430 810 1480 staturae
871 1425 1035 1481 illius
1084 1426 1232 1498 justi
1264 1426 1524 1483 hominis
1584 1434 1727 1493 erat,
1782 1444 1975 1500 neque

328 1530 674 1569 mensuram
714 1530 1025 1585 superans,
1062 1532 1255 1586 neque
1313 1516 1374 1570 in
1432 1517 1799 1572 contrarium
1830 1516 1977 1572 defi-

332 1603 523 1673 ciens,
553 1605 803 1660 minime
836 1605 1209 1661 redundabat
1248 1606 1528 1662 carnibus
1560 1627 1574 1675 ;
1608 1622 1823 1679 magna
1853 1612 1979 1661 erat

333 1708 507 1748 coma
537 1698 779 1764 totaque
810 1694 1168 1762 cincinnata,
1189 1694 1247 1749 id
1281 1695 1678 1762 est,revolutis
1710 1696 1975 1767 capillis;

333 1780 630 1847 intonsus,
662 1782 959 1838 infinitam
1004 1800 1217 1856 nempe
1251 1786 1553 1841 caesariem
1577 1785 1824 1851 habens,
1858 1785 1978 1841 sive

2073 612 2179 672 ἔτει
2213 616 2532 691 ⁸ειύγούστου
2565 618 2852 693 Καίσαρος,
2886 619 2940 674 ἐν
2973 619 3232 692 Βηθλεὲμ
3287 625 3387 688 τῆς
3436 616 3727 689 Ἰουδαίας,

2073 707 2179 781 πρὸ
2231 706 2374 762 ὀκτὼ
2423 704 2720 764 Καλανδῶν
2797 709 3140 784 Ἰανουαρίων
3198 710 3336 765 κατὰ
3391 709 3726 782 Ῥωμαίους,

2073 797 2318 851 τουτέστι
2351 794 2673 872 Δεκεμϐρίῳ
2705 805 2797 854 κε’.
2834 793 3149 868 Εϐαπτίσθη
3183 795 3242 854 δὶ
3298 796 3347 853 λ’
3402 796 3520 861 ἔτος
3552 800 3726 873 ἄγων,

2076 884 2228 949 ἔτους
2248 884 2728 943 πεντεκαιδεκάτου
2760 883 3024 964 Τιϐερίου
3082 890 3379 964 Καίσαρος,
3436 890 3544 964 πρὸ
3572 886 3727 947 Ἰδῶν

2076 974 2427 1051 Ἰανουαρίων
2487 977 2625 1032 κατὰ
2679 978 3009 1051 Ῥωμαίους,
3068 977 3098 1033 ὅ
3154 977 3295 1034 ἐστιν
3353 979 3731 1055 ’1ανουαρ.ς’.

2080 1069 2172 1120 Δεῖ
2197 1062 2256 1120 δὲ
2304 1064 2592 1139 γινώσκειν
2624 1067 2706 1122 δτι
2757 1065 2981 1137 ἐκύησεν
3036 1064 3195 1122 αὐτὸν
3246 1068 3309 1122 τὸ
3366 1066 3505 1123 κατὰ
3560 1069 3736 1141 σάρκα

2080 1157 2115 1224 ἡ
2161 1154 2327 1217 πόλις
2378 1154 2652 1228 Βηθλεὶμ,
2710 1155 2974 1230 ἐθρέψατο
3035 1155 3093 1212 δὲ
3148 1158 3184 1225 ἧ
3242 1156 3408 1219 πόλις
3469 1158 3737 1228 Natam.

2082 1239 2334 1320 ἢνδρωσε
2376 1240 2434 1297 δὶ
2489 1245 2579 1297 καὶ
2628 1248 2881 1319 κατεῖχεν
2924 1242 3012 1299 ἐπὶ
3070 1245 3309 1320 χρόνους
3369 1244 3418 1300 λ’
3475 1248 3511 1315 ἡ
3568 1245 3738 1308 πόλις

2086 1332 2474 1406 Καπερναούμ.
2548 1338 2609 1388 ’Π
2663 1330 2721 1388 δὲ
2799 1340 2901 1405 τῆς
2957 1341 3174 1412 μορφῆς
3258 1334 3424 1390 αὐτοῦ
3477 1334 3742 1413 ἔμφὲρεια

2082 1418 2268 1477 τοιάδε
2298 1422 2385 1491 ἦν·
2418 1423 2488 1477 Τὸ
2522 1424 2617 1495 μὲν
2648 1429 2747 1492 τῆς
2777 1422 3001 1493 ἡλικίας
3032 1423 3196 1479 αὐτοῦ
3250 1423 3496 1501 μέγεθος,
3526 1424 3743 1487 τέλειος

2087 1511 2250 1585 ἄνὴρ,
2282 1509 2406 1566 οὕτε
2434 1512 2495 1565 τὸ
2531 1511 2728 1586 μέτρον
2755 1508 3102 1586 ὑπερϐαῖνον,
3156 1513 3280 1569 οὔτε
3319 1515 3455 1588 πρὸς
3511 1512 3742 1568 τούναν-

2085 1598 2201 1654 τίον
2232 1599 2696 1673 κατεσπασμένος,
2780 1597 3065 1675 ἀπέριττος
3122 1606 3243 1663 ταῖς
3292 1601 3474 1677 σαρξὶν
3535 1600 3742 1677 ὑπόκῃ,

2092 1691 2274 1761 [ἴον-ε.
2310 1688 2551 1764 ὑπῆρχε]
2591 1690 2690 1757 τήν
2747 1690 2927 1763 κόμην
2991 1692 3183 1765 μέγας,
3244 1688 3410 1754 ὁλους
3466 1690 3597 1754 τοὺς
3642 1692 3741 1766 βο-

2090 1777 2384 1853 στρύχους,
2448 1777 2612 1852 ἢγουν
2674 1781 3140 1853 συνεστραμμένος
3224 1780 3362 1855 θρὶξ,
3449 1781 3746 1851 ἆκερσοκό-

333 1871 644 1944 promissis
675 1872 931 1943 capillis,
957 1872 1229 1928 bifariam
1261 1880 1397 1930 ante
1454 1875 1711 1930 frontem
1770 1875 1976 1930 discri-

2097 1890 2226 1941 μης,
2277 1869 2380 1937 τὴν
2410 1868 2592 1941 κόμην
2646 1865 2865 1944 ἄπειρον
2924 1864 3095 1944 ἔχων,
3153 1871 3325 1944 ἤγουν
3387 1869 3747 1945 ἆκούρευτον,

2099 1954 2122 1973 ἢ

333 1961 595 2017 minatus
627 1961 1236 2027 cincinnos,nasutus.
1273 1963 1593 2033 subﬂavus,
1626 1965 1811 2036 nigris
1841 1981 1983 2021 ocu-

334 2050 526 2105 lorum
562 2050 827 2122 pupillis,
878 2051 1070 2124 longis
1102 2051 1324 2125 digitis,
1386 2052 1670 2109 mediocri
1697 2055 1981 2126 mystacio

335 2155 439 2194 seu
469 2138 763 2194 labiorum
797 2139 1124 2207 barba,non
1157 2140 1521 2197 demissione
1551 2143 1810 2214 pilorum
1831 2144 1986 2199 hanc

334 2228 712 2300 promittens,
771 2229 875 2284 sed
933 2229 1150 2286 decora
1193 2232 1577 2286 conversione
1607 2232 1986 2288 venerabilis.

334 2320 474 2373 Post
502 2320 570 2373 30
596 2335 785 2374 annos
811 2336 945 2374 vero
968 2337 1104 2374 cum
1138 2320 1462 2392 discipulos
1488 2321 1859 2394 elegisset,ac
1885 2339 1990 2393 per

334 2408 662 2463 triennium
691 2409 1077 2481 prwdicasset
1103 2409 1367 2465 divinum
1390 2416 1783 2482 sanctumque
1809 2413 1989 2467 Evan-

334 2498 575 2571 gelium,
600 2504 742 2554 tunc
780 2498 1023 2553 demum
1045 2499 1206 2554 cruci
1239 2500 1487 2555 sufﬁxus
1519 2506 1609 2555 est
1640 2508 1852 2573 sponte
1882 2519 1989 2573 pro

337 2588 512 2643 nobis
542 2587 651 2643 sub
683 2588 893 2644 Pontio
924 2590 1137 2657 Pilato,
1169 2606 1326 2645 anno
1361 2592 1425 2644 19
1470 2590 1686 2645 Tiberii
1719 2592 1987 2658 Caesaris,

339 2677 571 2732 decimo
596 2677 722 2733 Kal.
755 2677 1117 2748 April.juxta
1146 2678 1528 2741 Romanos.id
1560 2685 1651 2735 est
1682 2681 1871 2735 Martii
1894 2680 1989 2736 die

340 2767 408 2819 23
446 2765 597 2820 feria
628 2767 758 2820 6.Et
788 2782 924 2820 cum
955 2766 1379 2822 resurrexisset
1404 2768 1988 2841 mane,...Kal.Apri-

340 2854 504 2922 lis,id
530 2859 622 2910 est
651 2854 841 2910 Martii
868 2854 1115 2922 25,feria
1145 2855 1385 2919 Latiam
1407 2863 1749 2930 assumptus
1771 2859 1987 2915 iterum

339 2949 431 2999 est
462 2960 530 2998 eo
553 2943 712 2999 unde
742 2943 1153 3012 descenderat,
1187 2944 1283 3001 die
1315 2947 1488 3002 tertia
1524 2948 1655 3014 Mai,
1684 2949 1836 3005 feria
1862 2967 1912 3007 v.

2095 1954 2232 2032 διχῇ
2266 1958 2400 2031 πρὸς
2429 1958 2493 2011 τὸ
2527 1952 2778 2031 μέτωπον
2837 1957 2964 2020 τοὺς
3019 1958 3344 2032 πλοκᾶμους
3375 1955 3752 2033 διεστραμμέ-

2094 2066 2209 2112 νος,
2241 2044 2536 2121 ἐπίρῥινος,
2572 2047 2960 2120 ὑποξανθίζων,
3000 2049 3098 2111 τὰς
3155 2049 3321 2123 κόρας
3374 2051 3482 2103 τῶν
3538 2048 3747 2124 ὀφθαλ-

2101 2139 2220 2208 μῶν
2253 2133 2559 2211 μελάγρους
2592 2138 2746 2208 [Γονε.
2817 2135 3210 2211 μελάγΧρουςλ
3272 2135 3748 2213 μακροόάκτυλος,

2102 2222 2322 2299 μέτριος
2350 2226 2451 2293 τὴν
2499 2225 2738 2295 ὑπήνην,
2798 2223 2963 2301 ἤγουν
3019 2227 3120 2295 τήν
3176 2224 3449 2304 γενειάδα,
3482 2227 3608 2283 οὒτε
3654 2249 3752 2282 τα-

2096 2312 2288 2382 νότητι
2339 2318 2447 2368 τῶν
2529 2319 2738 2389 τριχῶν
2811 2314 3012 2386 ταύτην
3097 2314 3523 2389 ἰπεσπασμένος,
3604 2314 3758 2371 ἀλλὰ

2100 2406 2378 2479 συστροφῇ
2437 2406 2804 2479 κοσμιότητος
2871 2406 3296 2479 σεμνυνόμενος.
3358 2406 3509 2463 Μετᾶ
3586 2405 3644 2461 δὲ
3705 2402 3756 2461 λ’

2099 2478 2323 2569 χρόνων
2376 2478 2743 2566 ἆλλεξάμενος
2813 2496 3082 2568 μαθητὰς,
3129 2494 3220 2551 καὶ
3270 2495 3506 2572 κηρύξας
3562 2504 3754 2569 τριετῆ

2097 2582 2160 2636 τὸ
2211 2586 2352 2645 θεῖον
2409 2583 2499 2636 καὶ
2558 2583 2701 2658 ἱερὸν
2758 2583 3116 2660 Εὑαγγέλιον,
3178 2584 3353 2647 οὕτως
3434 2584 3753 2661 ἐσταυρώθη

2100 2670 2362 2734 ἑκουσίως
2398 2672 2528 2746 ὑπὲρ
2590 2675 2753 2748 ἡμῶν
2785 2673 2873 2728 ἐπὶ
2935 2674 3165 2730 Ποντίου
3207 2673 3474 2743 Πιλάτου,
3504 2673 3655 2736 ἔτους
3692 2676 3759 2739 ιϐ’

2098 2759 2356 2836 Τιϐερίου
2416 2765 2709 2839 Καίσαρος,
2765 2765 2871 2840 πρὸ
2930 2762 3059 2821 δέκα
3117 2763 3412 2822 Καλανδῶν
3482 2764 3758 2839 Ἀπριλλ.

2098 2853 2235 2909 κατὰ
2263 2854 2594 2927 Ῥωμαίους,
2626 2853 2657 2909 ὅ
2687 2853 2796 2910 ἐστι
2833 2855 3011 2929 Μαρτ.
3051 2856 3158 2933 κγ’,
3190 2857 3375 2930 ήμὲρα
3420 2858 3478 2918 ς”
3532 2857 3763 2920 ἀναστὰς

2101 2942 2159 2999 δὲ
2187 2942 2337 3018 πρωΐ
2396 2948 2552 3018 [Γονε.
2611 2945 2741 3021 πρὸ]
2795 2943 3090 3001 Καλανδῶν
3151 2944 3444 3023 ’Δπριλλ.,
3513 2946 3766 3003 τουτέστι

2100 3040 2275 3110 Μαρτ.
2299 3054 2381 3106 κε,
2413 3036 2596 3109 ἡμέρᾳ
2624 3037 2690 3107 α’,
2725 3035 2817 3090 καὶ
2840 3034 3120 3111 ἀνελήφθθ
3150 3034 3319 3092 πάλιν
3352 3037 3473 3101 ὅθεν
3496 3033 3768 3107 κατῆλθε,

2101 3127 2266 3201 Μαΐῳ
2295 3128 2366 3204 γ’,
2397 3125 2580 3202 ἡμέρᾳ
2609 3127 2667 3183 εὶ

1838 3479 1988 3520 ΔΝΝΟ
2040 3477 2273 3519 ιινοιιιιτο

572 3666 1240 3853 GEOB
1268 3656 2010 3855 GIDES
2140 3653 3560 3848 MONACHUS

1716 4164 2079 4221 EDITORUM
2118 4161 2528 4219 ADMONITIO.

429 4369 750 4442 Georgidis,
769 4367 1030 4424 auctoris
1061 4366 1305 4420 incertas
1339 4363 1731 4433 aetatisquem
1770 4367 1966 4416 tamen
1988 4359 2207 4415 saeculo
2238 4375 2291 4413 xx
2324 4356 2410 4411 vel
2443 4374 2519 4411 xu
2551 4355 2859 4427 scripsisse
2884 4354 3135 4409 fortasse
3158 4355 3292 4425 quis
3323 4351 3790 4442 conjiciet,liber

359 4460 421 4514 in
456 4441 795 4530 exemplum
828 4474 961 4512 esse
991 4460 1190 4527 potest
1219 4451 1518 4509 scribendi
1580 4452 1743 4507 illius
1793 4451 2028 4523 generis
2084 4447 2244 4520 quod
2303 4447 2364 4502 in
2411 4446 2775 4501 deﬂorandis
2820 4444 3058 4516 scriptis
3090 4446 3333 4498 Patrum
3392 4441 3587 4498 medio
3636 4458 3787 4507 aavo,

362 4556 483 4604 tam
517 4549 579 4603 in
598 4547 838 4604 Oriente
861 4562 1041 4618 quam
1076 4545 1137 4599 in
1163 4544 1478 4600 Occidente
1510 4542 1796 4598 constitit.
1832 4542 2101 4611 Insuper.
2136 4538 2278 4609 quia
2300 4536 2630 4608 fragmenta
2660 4540 2937 4606 excerpta
2996 4550 3101 4589 suo
3160 4532 3389 4589 auctori
3434 4530 3783 4587 inscribun-

364 4645 480 4703 tur,
513 4639 765 4693 fortasse
789 4635 1115 4692 inservient
1143 4633 1466 4705 aliquando
1498 4633 1571 4688 ad
1604 4630 2012 4705 agnoscendus
2043 4634 2316 4683 auctores
2335 4644 2589 4697 quorum
2624 4625 2844 4696 scripta
2874 4639 3173 4695 anonyma
3205 4624 3414 4695 jacent
3442 4621 3501 4676 in
3559 4621 3786 4678 codici-

368 4728 480 4782 bus
513 4726 957 4798 manuscriptis.
992 4724 1158 4780 Card.
1198 4726 1344 4797 Ang.
1382 4724 1490 4779 Mai
1505 4721 1797 4778 nonnulla
1828 4720 2159 4792 fragmenta
2190 4715 2325 4771 libri
2361 4714 2687 4786 Georgidis,
2719 4711 3063 4785 speciminis
3111 4712 3321 4785 gratia,
3355 4710 3598 4783 protulit
3632 4727 3645 4776 ;
3680 4726 3791 4765 nos

369 4817 667 4888 integrum
693 4814 908 4869 librum
942 4820 1075 4886 post
1106 4815 1170 4870 D.
1196 4811 1559 4870 Boissonade
1591 4811 1844 4865 edimus.
