4096 6446
380 436 490 497 1οἸ
502 438 533 496 1

1694 424 2114 490 GEORGlDlS
2158 424 2523 490 MONACHI

3646 435 3805 499 1072

446 571 576 626 Vita
604 573 727 624 tota
755 584 874 623 una
902 566 1029 622 dies
1059 570 1150 622 est
1180 565 1274 621 his
1305 562 1407 637 qui
1438 580 1575 620 cum
1605 578 1807 621 amore
1855 562 2020 619 labo-

2206 557 2331 621 Βίος
2360 561 2475 635 (82)
2509 556 2641 623 δλος
2669 559 2853 637 ἧμὲρα
2886 559 2986 636 μία
3013 566 3130 626 τοῖς
3158 562 3314 637 πόθῳ
3343 565 3670 638 κάμνουσιν.

378 665 532 716 rant.

445 748 803 817 Volentium,
839 763 958 802 non
984 750 1347 813 coactorum,
1381 745 1498 801 tale
1528 750 1620 801 est
1648 743 1857 801 salutis
1889 758 2020 812 my-

375 838 643 894 sterium.

440 928 648 983 Melius
680 932 770 982 est
800 927 896 982 hic
928 925 1234 981 emendari
1270 932 1327 979 et
1356 924 1653 992 mundari,
1686 939 1870 995 quam
1902 920 2026 975 illic

2209 740 2313 794 I4
2345 735 2731 812 Βουλομένων,
2764 738 2825 793 οὗ
2855 742 3326 816 τυραννουμὲνων,
3382 743 3446 797 τὸ
3495 746 3596 810 τῆς
3628 765 3801 817 σωτη·

2140 825 2257 902 ρίας
2288 830 2607 903 μυστήριον.

2211 914 2434 972 Βέλτιον
2480 920 2572 971 νῦν
2629 915 2991 989 παιδευθῆναι
3068 918 3157 975 καὶ
3218 922 3579 997 καθαρθῆναι,
3643 924 3679 993 ἢ
3733 927 3801 997 τῇ

370 1019 434 1072 in
467 1016 824 1089 supplicium
852 1015 1117 1086 immitti,
1150 1014 1253 1071 ubi
1280 1030 1468 1086 poenae
1500 1019 1736 1085 tempus
1769 1018 1878 1077 est,
1904 1028 2025 1066 non

2193 1010 2334 1070 siesv
2398 1006 2615 1081 βασάνῳ
2690 1011 3156 1087 παραπεμφθῆναι
3195 1054 3210 1081 ,
3268 1009 3434 1082 ἡνίκα
3515 1012 3796 1076 κολάσεως

367 1107 807 1178 purificationis
819 1147 831 1161 .

439 1196 762 1252 Terrestris
790 1195 1078 1252 habitatio
1098 1194 1380 1267 deprimit
1408 1198 1671 1250 mentem
1703 1192 1892 1248 multa
1921 1207 2025 1247 co-

409 1288 679 1343 itantem.

370 1305 679 1359 guantem.

441 1376 607 1431 Brevi
637 1376 701 1431 in
732 1375 1138 1447 suspicionem
1177 1374 1320 1431 mali
1370 1373 1568 1446 (cadit)
1603 1371 1761 1444 quod
1790 1371 1865 1427 ad
1897 1387 2025 1426 ma-

375 1467 517 1524 liam
549 1467 786 1523 excitat.

444 1557 653 1613 Melius
685 1560 776 1611 est
821 1556 1013 1611 verbis
1071 1555 1415 1628 injucundis
1464 1554 1653 1610 otium
1695 1553 1826 1609 sine
1865 1551 2024 1624 peri-

379 1647 534 1702 culo.

446 1735 655 1791 Nullus
687 1752 951 1807 unquam
974 1735 1102 1790 sine
1134 1735 1251 1790 vita
1282 1734 1541 1807 inclytus
1570 1733 1704 1798 fuit,

448 1825 725 1891 Quamvis
742 1825 913 1879 multi
929 1824 1119 1881 verbis
1138 1825 1289 1880 bene
1306 1823 1658 1880 sonantibus
1680 1821 2022 1888 micuerint;

450 1916 575 1971 Non
608 1915 767 1971 enim
798 1914 1148 1983 dicentium,
1180 1915 1283 1970 sed
1314 1914 1466 1970 bene
1511 1913 1834 1968 viventium
1868 1911 2025 1967 aesti—
2061 1939 2109 2005 Β

1629 2002 1837 2075 [matio
1870 2003 1956 2058 fit.

449 2094 656 2150 Melius
675 2095 881 2150 audire
903 2111 1107 2150 vocem
1127 2092 1561 2149 exhortationis
1584 2109 1760 2163 quam
1786 2106 2031 2147 narrare

379 2182 796 2255 impossibilia.

450 2275 894 2329 Proverbia-rum.
930 2304 996 2314 -
1051 2273 1232 2328 Grave
1288 2276 1378 2327 est
1433 2287 1641 2328 saxum
1695 2276 1754 2325 et
1779 2285 2035 2325 onerosa

379 2379 584 2430 arena,
617 2362 721 2418 sed
753 2363 841 2418 ira
870 2362 1037 2417 stulti
1067 2366 1322 2432 utroque
1350 2361 1601 2433 gravior.

452 2452 672 2524 Sagitta
700 2452 886 2508 inﬁxa
913 2451 1123 2507 femori
1155 2451 1373 2521 carnis,
1417 2451 1503 2506 sic
1542 2450 1789 2505 verbum
1819 2449 1880 2503 in
1912 2449 2028 2505 vis-

375 2541 613 2597 ceribus
639 2541 827 2595 stulti.

446 2630 774 2686 Consilium
816 2629 1042 2686 bonum
1066 2629 1362 2686 custodiet
1389 2634 1468 2695 te,
1501 2628 1778 2702 cogitatio
1827 2633 2026 2685 autem

373 2726 578 2776 sancta
600 2720 858 2776 servabit
890 2726 965 2788 te,
994 2725 1061 2775 ut
1088 2725 1258 2775 eruat
1279 2726 1335 2776 te
1359 2737 1394 2775 a
1422 2720 1514 2775 via
1545 2719 1701 2774 mala
1731 2723 1790 2774 et
1820 2718 1892 2774 ab
1920 2719 2028 2774 ho-

370 2810 531 2865 mine
563 2808 751 2865 inﬁda
781 2810 1086 2881 loquente.

440 2900 667 2958 Altiora
697 2906 753 2956 te
774 2917 849 2955 ne
881 2899 1177 2971 exquiras,
1203 2906 1262 2955 et
1290 2898 1575 2956 validiora
1607 2904 1661 2955 te
1691 2916 1766 2955 ne
1798 2904 2024 2955 scrute-

366 2990 470 3047 ris.
504 2992 643 3056 Quae
666 2990 771 3045 tibi
803 2996 1103 3062 praecepta
1132 2994 1272 3045 sunt
1301 2990 1426 3046 haec
1457 2990 1649 3063 cogita
1673 3007 1687 3058 ;
1719 3006 1841 3045 non
1862 2989 2023 3044 enim

368 3096 518 3152 opus
549 3086 640 3136 est
667 3080 770 3136 tibi
794 3080 1064 3136 occultis.

439 3172 673 3227 Joannis
708 3186 721 3226 :

584 3261 777 3316 Vitam
808 3260 1159 3317 mutabilem
1189 3267 1360 3317 caute
1390 3278 1693 3334 percurre,

580 3350 792 3406 Multas
824 3351 1005 3417 enim,
1039 3351 1217 3420 nosti,
1250 3351 1529 3424 ambages
1555 3351 1803 3424 praebet,

436 3440 647 3497 Socors
684 3458 759 3498 ne
791 3442 872 3498 sis
903 3441 977 3497 ad
1009 3442 1160 3498 bene
1192 3442 1511 3514 agendum,
1554 3442 1826 3498 socordia
1856 3443 2018 3499 enim

362 3530 776 3602 pmnitentiam
817 3531 1016 3587 habet.

436 3621 564 3676 Vita
594 3620 941 3677 barathrum
976 3626 1067 3676 est
1094 3626 1155 3676 et
1184 3620 1436 3692 laqueus
1466 3621 1693 3677 multis.

428 3710 622 3765 Vitam
652 3710 967 3766 obscuram
1000 3710 1177 3765 homo
1211 3710 1450 3776 ﬁniens,
1484 3712 1647 3767 curis
1687 3711 1893 3767 multis
1924 3728 2020 3767 oc-

359 3800 562 3871 cupari
597 3800 751 3855 bene
782 3817 906 3855 non
938 3806 1154 3871 potest.

428 3887 651 3944 Basilii.
681 3921 749 3929 —
780 3887 1020 3944 Gravior
1058 3891 1222 3945 omni
1272 3907 1444 3961 paana
1475 3896 1532 3946 et
1561 3891 1724 3946 omni
1783 3907 2018 3947 carcere

362 3978 482 4032 vita
512 3994 645 4048 quae
676 3995 812 4034 cum
844 3995 1093 4050 corpore
1126 3985 1238 4047 est,
1298 3980 1387 4034 illi
1433 3981 1534 4051 qui
1588 3980 1663 4035 ad
1695 3997 2016 4052 supernam

358 4068 539 4123 vitam
572 4068 782 4123 tendit.

433 4156 691 4214 Barbara
720 4159 1006 4228 amicitia,
1049 4165 1108 4216 et
1137 4159 1393 4217 barbara
1416 4160 1774 4234 benignitas.

430 4249 575 4303 Esca
610 4254 668 4303 et
691 4255 868 4321 potus
902 4250 1182 4306 humanae
1213 4248 1541 4306 debilitatis
1573 4251 1943 4324 adjumenta.

424 4429 864 4485 Alimentorum
890 4430 1321 4502 sumptuositas
1350 4436 1554 4504 guttur
1585 4431 1834 4503 quidem
1863 4430 2022 4491 dele.

2045 3307 2096 3380 (ι

2137 1099 2349 1174 καιρὸς,
2379 1100 2445 1155 οὐ
2475 1101 2817 1177 καθάρσεως.

2210 1188 2394 1266 Βρίθει
2423 1193 2533 1262 (83)
2580 1191 2643 1247 τὸ
2698 1189 2903 1268 γεῶδες
2934 1198 3136 1262 σκῆνος
3173 1198 3299 1249 νοῦν
3354 1193 3796 1276 πολυφρόντιδα.

2212 1366 2402 1444 Βραχῦ
2446 1372 2559 1444 (84)
2618 1368 2695 1435 εἰς
2752 1370 3010 1427 ὑπόνοιαν
3086 1377 3256 1429 κακοῦ
3303 1374 3366 1429 τὸ
3408 1374 3547 1452 πρὸς
3604 1374 3794 1430 κακίαν

2138 1453 2486 1528 δυσκίνητον.

2210 1547 2436 1606 Βέλτιον
2473 1553 2581 1604 τῶν
2617 1550 2696 1623 μὴ
2726 1551 2847 1606 καθ’
2903 1548 3112 1622 ἡδονὴν
3173 1550 3355 1629 λόγων
3417 1555 3452 1624 ἡ
3516 1553 3802 1619 ἆκινδυνος

2139 1637 2357 1708 ἡσυχία.

2211 1728 2343 1784 Βίου
2374 1730 2485 1801 (85)
2518 1727 2613 1801 μὲν
2647 1725 2826 1792 οὐδεὶς
2857 1730 3074 1795 πώποθ’
3109 1729 3300 1805 ὑψώθη
3335 1729 3490 1808 δίχα,

2211 1817 2391 1894 Λόγου
2421 1814 2479 1873 δὲ
2508 1815 2716 1874 πολλοὶ
2746 1823 2843 1875 τοῦ
2872 1818 3059 1884 καλῶς
3099 1822 3472 1899 ψοφουμὲνου”

2206 1910 2286 1967 Οὐ
2319 1912 2423 1987 γὰρ
2457 1909 2799 1982 λαλούντων,
2847 1912 2903 1969 εὗ
2937 1913 3203 1989 βιούντων
3233 1912 3281 1969 δ’
3329 1917 3364 1987 ἠ
3398 1916 3583 1993 χάρις.

2209 2087 2437 2145 Βέλτιον
2493 2089 2705 2146 ἀκούειν
2762 2094 2949 2165 φωνὴν
3005 2091 3321 2165 αἰνέσεωςῆ
3356 2093 3626 2172 ἐξηγητῆν
3657 2096 3800 2153 εἶναι

2133 2180 2243 2231 τῶν
2270 2178 2400 2252 ὑπὲρ
2435 2175 2683 2253 δύναμιν.

2210 2272 2556 2342 Παροιμιῶν.
2610 2267 2846 2341 -Βαρὶι
2878 2272 2993 2344 (86)
3042 2269 3198 2336 λίθος
3248 2272 3339 2327 καὶ
3397 2269 3796 2333 ὃυσϐἀστακτον

2138 2353 2345 2430 ἅμμος·
2379 2359 2519 2434 ὀργὴ
2554 2355 2613 2413 δὲ
2642 2357 2875 2439 ἄφρονος
2908 2360 3176 2438 βαρυτέρα
3202 2363 3550 2440 ἂμφοτέρων.
3612 2347 3618 2355 ⁸

2211 2444 2380 2510 Βέλος
2408 2451 2522 2521 (87)
2551 2449 2799 2524 πεπηγὸς
2846 2447 2898 2504 ὲν
2936 2455 3101 2525 μηρῷ
3150 2453 3368 2528 σαρκὸς,
3425 2452 3599 2516 οὕτως
3632 2453 3806 2533 λόγος

2135 2534 2185 2590 ἐν
2210 2532 2397 2608 κοιλίᾳ
2429 2541 2643 2612 μωροῦ.

2207 2624 2392 2695 Βουλῆ
2425 2630 2532 2700 (88)
2562 2625 2704 2697 καλή
2738 2624 2964 2707 φυλάξει
3005 2649 3083 2700 σε,
3139 2627 3317 2686 ἔννοια
3374 2629 3433 2687 δὲ
3473 2632 3592 2689 ὁσία
3620 2635 3799 2709 τηρ-ἧ·

2135 2736 2215 2770 σει
2270 2736 2353 2783 ιε,
2410 2714 2492 2771 ἵνα
2540 2716 2769 2791 ῥύσηταί
2851 2739 2910 2774 σε
2966 2718 3071 2775 ἀπὸ
3131 2717 3261 2776 ὀδοῦ
3320 2725 3492 2792 κακῆς
3544 2723 3635 2779 καὶ
3688 2723 3800 2781 ἀπὸ

2133 2803 2324 2880 ἀνδρὸς
2348 2804 2652 2869 λαλοῦντος
2687 2804 2857 2882 Man
2900 2808 3113 2867 πιστόν.

2205 2895 2478 2972 Βαθύτεράί
2507 2901 2617 2971 (89)
2648 2899 2849 2972 σουμή
2907 2898 3113 2973 ἐρεύνα,
3162 2900 3253 2956 καὶ
3313 2900 3644 2980 ΐσχυρότερά
3697 2926 3796 2961 σου

2132 2987 2231 3044 16
2267 2988 2344 3060 μή
2378 2986 2607 3057 ἐξέταζε.
2651 2990 2723 3047 ’Ἀ
2783 2991 3097 3065 προσετάγη
3157 3012 3266 3061 σοι,
3321 2997 3489 3049 ταῦτα
3546 2991 3793 3050 διανοοῦο

2131 3075 2194 3132 οὐ
2225 3074 2329 3152 γάρ
2361 3075 2474 3132 ἐστί
2504 3097 2589 3133 σοι
2621 3076 2783 3153 χρεία
2811 3082 2918 3134 τῶν
2946 3084 3219 3156 κρυπτῶν.

2206 3163 2482 3221 Ἰωάννου·

2134 3248 2137 3249 ν
2274 3256 2405 3313 Βίον
2431 3255 2523 3310 τὸν
2556 3253 2871 3313 ἀλλοιωτὸν
2905 3253 3154 3323 εὖλαϐὦς
3187 3258 3357 3336 πὲρα“

2278 3344 2499 3407 Πολλὰς
2530 3344 2655 3421 γὰρ,
2688 3346 2866 3417 οἶσθα,
2891 3348 2987 3411 τὰς
3018 3351 3353 3425 περιτροπὰς
3379 3355 3551 3429 φέρει.

2200 3433 2408 3512 Βραδὺς
2442 3436 2518 3509 μὴ
2554 3433 2665 3500 ἴσθι
2706 3442 2818 3508 (90)
2866 3439 3005 3514 πρὸς
3054 3437 3322 3511 εὐποιΐαν,
3366 3439 3451 3498 ὅτι
3512 3441 3803 3520 βραδυτὴς

2133 3529 2497 3602 μεταμέλειαν
2532 3520 2672 3601 ἔχει.

2273 3616 2396 3681 Βίος
2431 3616 2702 3693 βάραθρον
2736 3618 2825 3673 καί
2856 3617 3019 3691 παγὶς
3046 3617 3288 3685 πολλοῖς
3308 3617 3409 3675 ἔνι·

2202 3708 2325 3766 Βίον
2358 3705 2566 3778 ἄδηλον
2608 3705 2895 3781 ἄνθρωπος
2926 3705 3185 3780 διανύων,
3242 3709 3494 3788 φροντίσι
3553 3710 3807 3778 πολλαῖς

2130 3795 2490 3872 ἀσχολεῖσθαι
2518 3794 2687 3852 καλὸν
2719 3794 2823 3851 οὐκ
2852 3793 2952 3852 ἔνι.

2204 3883 2487 3941 Βασιλείαν
2523 3931 2535 3942 .
2595 3918 2667 3927 —
2724 3883 2999 3960 Βαρυτὲρα
3078 3884 3257 3956 πάσης
3331 3886 3619 3951 κολάσεως
3696 3889 3789 3943 καί

2131 3973 2512 4048 δεσμωτηρίου
2539 3971 2739 4036 παντὸς
2771 3975 2806 4043 ἡ
2843 3974 2979 4046 μετὰ
3026 3979 3124 4031 τοῦ
3181 3978 3435 4050 σώματός
3496 3977 3631 4033 ἐστιν
3671 3974 3789 4032 δια-

2127 4059 2290 4139 τριϐὴ
2313 4065 2391 4130 τῷ
2423 4062 2757 4137 ἐπειγομένῳ
2785 4065 2921 4141 πρὸς
2946 4064 3048 4134 τὴν
3081 4063 3192 4119 ἅνω
3226 4068 3392 4138 ζωήν.

2201 4148 2541 4229 Βαρϐαρικὸν
2570 4150 2727 4230 φίλον
2758 4152 2848 4208 καὶ
2880 4147 3155 4229 ϐάρϐαρον
3185 4155 3248 4211 τὸ
3271 4154 3680 4234 φιλάνθρωπον

2199 4247 2410 4319 Βρῶσις
2458 4242 2548 4297 καὶ
2613 4240 2771 4303 πόσις
2828 4247 2929 4312 τῆς
3014 4240 3342 4318 ἆνθροπίνης
3395 4245 3669 4310 ἀσθενείας
3729 4249 3800 4304 τὰ

2133 4333 2241 4405 ὖπη
2251 4333 2376 4406 ρετή
2387 4352 2549 4405 ματα.

2200 4423 2512 4500 Βρωμάτων
2567 4420 2899 4479 πολυτέλεια
2947 4421 3149 4499 λαιμὸν
3184 4426 3279 4500 μὲν
3336 4424 3543 4501 τέρπει,
3600 4429 3798 4509 τρέφει

354 4524 494 4586 ctat,
528 4521 719 4575 nutrit
746 4526 949 4576 autem
990 4536 1255 4575 vermem
1309 4519 1724 4577 dissolutionis
1781 4537 2018 4594 semper

2216 4509 2479 4583 σκώληκα
2510 4510 2806 4573 ἀκολασίας
2836 4511 3161 4587 ἀκοίμητον.

350 4609 610 4682 vigilem.

353 4785 533 4841 bona.

422 4964 542 5091 (82)
579 4968 816 5039 Gregor.
877 4969 1005 5023 Naz.
1065 4969 1222 5025 Orat.
1275 4986 1473 5034 xxvm,
1527 4988 1585 5043 p.
1646 4973 1749 5026 473
1799 4972 1859 5027 C.
1918 4972 2003 5028 Cf.

444 5054 587 5091 ram
614 5037 676 5091 Ἦ
689 5039 843 5091 μέοα.
873 5039 2003 5091 Meminitmaterlitteratissimus'l‘hen-

352 5035 587 5113 infragin
614 5037 676 5092 Ἦ
687 5035 843 5113 lli-.99.
873 5039 1140 5113 meminit
1154 5035 2004 5113 paterlitteratissimusTheo-

351 5108 522 5163 critei
549 5108 858 5166 versictili:
909 5111 974 5167 Ol
1035 5108 1093 5165 δὲ
1149 5108 1436 5175 ⁸ῖτοθεῦντες
1488 5112 1540 5167 ἐν
1599 5110 1773 5185 ἤματι
1827 5114 2002 5189 γηρά-

350 5198 560 5235 σκουσι.

420 5253 533 5326 (83)
567 5253 700 5326 Sap.
734 5254 952 5311 Salom.
982 5274 1065 5326 ix,
1101 5257 1185 5312 15.

421 5323 533 5400 (ει)
562 5323 775 5400 quaex.
813 5324 1027 5400 βραχιὲς
1053 5323 1154 5398 ιδ).

347 5464 360 5476 ·
416 5397 529 5479 (85)
570 5397 718 5479 Qreg
766 5397 1139 5479 magn,“
1195 5400 1427 5479 146..ρὶ
1482 5399 1631 5479 S_u_nt
1679 5398 1739 5454 hi
1794 5416 1998 5479 versus

344 5469 502 5523 inter
524 5469 750 5525 scholia
778 5470 841 5525 in
871 5470 1212 5538 Climacum,
1245 5487 1303 5542 p.
1326 5471 1450 5539 468,
1474 5469 1575 5525 ubi
1598 5487 1705 5544 pro
1729 5472 1997 5528 oratione

415 5698 491 5767 (ω
522 5697 855 5782 Νεσβραχυ
882 5698 1239 5782 bonumest.
1271 5700 1544 5782 Reponas

424 4669 813 4768 t‘hrysostomi.
847 4730 916 4739 —
948 4699 1278 4756 Fascinatio
1338 4700 1693 4774 nugacitatis
1727 4700 2005 4759 obscurat
2036 4669 2088 4734 Β

2184 4698 2290 4750 Τοῦ
2323 4691 2728 4769 Χρισοστόμου.
2789 4726 2860 4735 -
2914 4694 3184 4751 Βασκανία
3236 4699 3349 4770 (91)
3429 4690 3793 4776 φαυλότητος

2126 4786 2367 4859 ἀμαυροῖ
2395 4783 2458 4838 τὰ
2486 4783 2651 4838 καλά.

2116 4968 2277 5023 solut
2300 4964 2485 5022 habiti
2517 4964 2591 5020 ab
2623 4964 2848 5020 editore
2879 4964 3150 5024 fuerunt.

2211 5041 2300 5107 86)
2335 5043 2497 5093 Prov.
2532 5053 2703 5101 xxvu,
2737 5039 2790 5091 3.

2211 5042 2300 5107 86)
2335 5043 2497 5093 Prov.
2532 5053 2703 5101 xxvu,
2737 5042 2790 5091 3.

2185 5042 2299 5182 E87)
2333 5109 2557 5165 Sirach.
2591 5125 2708 5172 XIX,
2757 5111 2847 5182 l2.

2183 5179 2294 5253 (88)
2322 5184 2491 5254 Prov.
2511 5197 2588 5254 _n,
2624 5184 2709 5237 11.
2744 5180 2885 5236 Cod.
2929 5179 3170 5254 ῥύσεται.

2181 5250 2294 5327 (89)
2343 5252 2585 5308 Sirach.
2645 5268 2760 5321 ιιι,
2811 5250 3061 5321 21,ἰιδί
3119 5250 3486 5329 χαλεπώτεροί
3542 5276 3641 5311 σου
3710 5257 3790 5331 μή

2114 5329 2284 5397 ζήτει-

2180 5397 2295 5469 (90)
2326 5394 2523 5469 βοάεκ
2563 5394 2743 5469 habet
2770 5391 2938 5462 ἥσθη.

2179 5466 2293 5543 (91)
2319 5468 2453 5540 Sap.
2488 5466 2706 5524 Salom.
2737 5483 2814 5537 ιν,
2848 5470 2935 5522 l2.

1652 5698 1771 5772 αδὺ,
1803 5708 1871 5759 ut
1901 5706 2025 5769 est,:

1652 5775 1945 5831 ttershus.
1962 5775 2025 5831 ad

2207 5701 2550 5775 Gregorium
2582 5698 2713 5756 Naz.
2743 5699 2839 5757 Or.
2900 5715 3013 5769 vm,
3045 5716 3203 5831 dpag.
3260 5705 3381 5760 147.
3411 5703 3782 5778 ξΡειιωιιιειιὶ

2193 5793 2273 5831 or.
2298 5777 2476 5831 Petus
2505 5788 2588 5831 ιιι.
2626 5775 2684 5827 Η
2722 5773 2811 5829 Ea:
2842 5773 3039 5830 Addcn
3088 5817 3099 5830 .

415 5699 491 5767 (b?
522 5700 637 5754 Nec
669 5699 851 5773 βραχὺ
882 5699 1106 5757 bonum
1130 5705 1237 5758 est.
1271 5700 1544 5775 Reponas
1577 5699 1771 5832 $918k
1803 5708 1871 5759 ut
1901 5706 2025 5769 est,:

344 5767 472 5825 haec
493 5771 738 5828 nomina
759 5774 953 5829 notavi
986 5772 1059 5829 ad
1089 5774 1362 5830 Aristum.
1400 5775 1556 5832 Adde
1637 5775 2025 5832 ittershus.ad

2207 5701 2550 5775 Gregorium
2582 5699 2713 5756 Naz.
2743 5699 2839 5757 Or.
2900 5715 3013 5769 vm,

2193 5793 2273 5833 or.
2298 5777 2476 5831 Petus
2505 5788 2588 5844 ιιι,
2626 5775 2684 5827 Η
2722 5773 2811 5829 Ea:
2842 5773 3039 5830 Addcn
