4096 6438
338 400 514 463 1079';

1627 403 2054 468 GEORGIDIS
2100 406 2459 470 MONAGHI

3609 417 3772 479 1080

339 539 603 594 custodit
629 538 893 609 linguam
909 537 1265 601 suam,velut
1284 554 1494 595 amans
1520 555 1689 594 suam
1710 539 1992 607 animam;

2156 544 2274 614 ηρεῖ
2299 541 2400 610 τήν
2429 541 2623 596 ἑαυτοῦ
2680 539 2957 618 γλῶσσαν,
3008 544 3083 605 ὡς
3140 544 3363 621 ἀγαπῶν
3414 545 3514 614 τήν
3573 546 3769 602 ἑαυτοῦ

340 636 406 683 et
435 630 537 701 qui
562 629 901 685 adulatione
924 629 1113 684 utitur
1143 630 1367 702 decipit
1397 647 1500 686 cor
1519 631 1659 686 boni
1684 631 1998 687 etbeatum

344 718 485 773 facit
517 736 649 773 eum
694 718 754 772 in
789 735 1052 773 errorem
1087 718 1401 775 inducens.

412 809 521 873 Qui
546 807 809 863 scientiae
840 824 993 863 verse
1025 813 1115 863 est
1142 809 1459 881 particeps,
1521 815 1579 865 et
1638 810 1737 865 Dei
1789 809 1997 865 dulce-

344 897 546 952 dinem
577 897 857 968 gustavit,
915 913 1110 968 neque
1162 915 1428 970 unquam
1470 898 1742 971 judicare
1799 898 1996 970 debet,

339 1003 536 1058 neque
559 986 694 1041 lites
716 986 962 1041 omnino
992 987 1306 1056 suscitare,
1341 989 1607 1060 quamvis
1639 994 1997 1059 raperentur

345 1093 415 1131 ea
444 1076 659 1147 quibus
692 1082 817 1131 erat
848 1077 1113 1131 vestitus.
1132 1079 1277 1133 Nam
1298 1079 1638 1150 principum
1663 1079 1869 1133 mundi
1893 1079 1998 1133 hu-

335 1165 439 1237 jus
462 1164 700 1236 justitia
730 1164 925 1235 potius
958 1164 1111 1219 nihil
1143 1170 1232 1219 est
1267 1165 1339 1220 ad
1372 1166 1473 1220 Dei
1496 1166 1817 1237 justitiam.

404 1357 580 1410 Pater
610 1352 920 1425 sapientiae
952 1353 1131 1408 timor
1162 1353 1396 1409 Domini
1424 1371 1437 1421 ;
1462 1354 1564 1424 qui
1594 1354 1765 1409 timet
1800 1353 1993 1408 Domi-

343 1461 487 1499 num
521 1459 642 1498 non
666 1440 891 1496 multos
913 1441 1349 1496 reformidabit.

407 1538 602 1589 Causa
632 1531 957 1586 multorum
988 1530 1281 1597 dolorum,
1298 1538 1356 1586 et
1375 1533 1676 1603 corruptio
1691 1531 1994 1588 fructuum

342 1622 579 1677 virtutis
610 1620 762 1676 solet
791 1637 919 1675 esse
945 1621 1233 1691 loquendi
1265 1621 1530 1677 libertas.

417 1711 695 1777 Quietum
750 1715 809 1764 et
864 1710 1255 1780 tranquillum
1320 1712 1630 1767 hominem
1703 1712 1995 1784 patientia

344 1800 507 1856 facit.

416 1889 676 1944 Mulieris
706 1888 953 1943 blanditi
983 1908 1009 1941 δ
1043 1890 1337 1961 serpentis
1367 1890 1599 1947 sibilus.

417 1979 573 2034 Nihil
606 1979 718 2032 nisi
752 1994 941 2045 genus
971 1977 1223 2034 ﬂuidum
1251 1981 1428 2035 homo
1455 1986 1545 2036 est
1572 1998 1586 2048 ;
1612 1998 1751 2037 nam
1802 1986 1993 2036 morte

338 2069 493 2135 vivit,
526 2069 703 2122 vitam
734 2067 966 2123 habens
994 2085 1114 2123 non
1138 2068 1493 2125 durabilem.

410 2156 646 2212 Lucimli
679 2172 693 2211 τ

338 2249 578 2303 Terram
606 2246 910 2317 ingressus
940 2263 1071 2301 sum
1096 2246 1315 2315 nudus,
1350 2247 1549 2303 nudus
1609 2248 1717 2303 sub
1777 2255 1997 2303 terram

1704 2337 1874 2409 [abeo
1912 2355 1927 2393 ε

341 2430 412 2482 Ει
436 2444 542 2482 cur
570 2426 792 2480 frustra
823 2425 1050 2486 laboro.
1076 2424 1300 2480 nudum
1338 2427 1520 2481 ﬁnem
1552 2443 1804 2481 cernens
1833 2426 1860 2481 '?

418 2516 773 2585 Theognidis.
794 2546 857 2556 ——
881 2514 1125 2569 Mul.ere
1153 2515 1309 2570 bona
1340 2516 1574 2571 nullum
1598 2516 2000 2587 pulchriorem

344 2607 442 2661 the
453 2622 691 2659 saurum
725 2604 810 2657 vir
840 2603 1124 2675 possidet.

413 2695 743 2751 Salomonis.
772 2725 839 2733 —
872 2693 1096 2764 Lingua
1143 2693 1363 2764 duplex
1394 2694 1614 2749 multos
1659 2696 2000 2766 commovit,

341 2792 400 2840 et
429 2784 532 2855 qui
565 2783 653 2838 illi
685 2789 853 2854 paret
883 2799 1004 2837 non
1037 2783 1302 2838 inveniet
1330 2785 1622 2854 requiem.

402 2964 549 3020 Cum
581 2962 825 3018 homine
854 2963 1124 3036 linguato
1169 2980 1247 3019 ne
1272 2963 1489 3036 litiges,
1524 2980 1718 3036 neque
1746 2965 1807 3019 in
1839 2965 2003 3022 illius

354 3055 552 3128 ignem
584 3053 745 3125 ligna
766 3068 1072 3123 congeras.

420 3144 643 3215 Lingua
674 3144 1033 3214 sapientium
1066 3143 1221 3199 bona
1251 3149 1535 3215 prastat;
1570 3146 1800 3200 sanatio
1845 3146 2005 3202 enim

360 3233 579 3305 linguai
610 3232 789 3287 arbor
816 3233 968 3288 vita.

424 3322 648 3395 Lingua
664 3321 920 3377 mendax
947 3322 1072 3377 odit
1092 3323 1426 3377 veritatem.

421 3411 597 3467 Risus
630 3411 847 3466 stultus
878 3412 938 3466 in
970 3411 1200 3467 deliciis
1249 3413 1499 3482 peccati,
1534 3416 1593 3466 et
1624 3411 1917 3484 insipiens
1948 3414 2011 3468 in

351 3500 477 3556 risu
500 3500 721 3556 exaltat
750 3517 953 3557 vocem
986 3517 1155 3557 suam
1191 3519 1204 3569 ;
1254 3501 1342 3555 vir
1370 3507 1571 3557 autem
1622 3503 1887 3573 prudens
1919 3503 2011 3557 vix

349 3590 525 3645 tacite
557 3588 909 3645 subridebit.

411 3679 699 3734 Senectus
729 3679 1087 3735 venerabilis
1120 3697 1244 3735 non
1276 3680 1783 3751 diuturna,neque
1815 3697 2006 3736 anno-

348 3784 484 3825 rum
514 3785 765 3823 numero
797 3775 1217 3841 computatur;
1250 3784 1401 3825 cana
1433 3770 1593 3825 enim
1626 3776 1716 3825 est
1743 3770 2007 3841 pruden-

341 3860 425 3914 tia
455 3859 890 3923 hominibus,et
922 3865 1067 3915 astas
1099 3860 1428 3915 senectutis
1450 3861 1568 3915 vita
1598 3861 2002 3917 immaculata.

419 3947 622 4003 Dulcis
654 3963 899 4003 somnus
932 3949 1105 4017 servi,
1142 3949 1262 4003 sive
1321 3965 1533 4020 parum
1586 3951 1704 4005 sive
1752 3951 2007 4007 multum

349 4037 648 4093 comedat.

428 4128 638 4184 Mulier
668 4127 849 4183 stulta
879 4131 938 4182 et
955 4128 1145 4184 audax
1165 4144 1320 4198 pane
1341 4128 1616 4200 indigens
1635 4130 1860 4200 ﬁt,qua3
1881 4147 2001 4187 non

349 4219 511 4274 novit
541 4217 976 4275 confusionem.

418 4310 634 4366 Basilii.
670 4339 736 4350 -—
761 4307 1124 4363 Humilitatis
1155 4308 1521 4380 gymnasium
1551 4309 1669 4365 vita
1724 4310 1787 4364 in
1819 4309 1999 4365 rebus

346 4398 860 4456 communioribus
878 4403 1246 4453 conversata.

413 4488 801 4544 Muliebribus
832 4487 1258 4559 cupiditatibus
1281 4488 1330 4543 si
1362 4488 1446 4544 vis
1478 4488 1770 4557 submitti,
1793 4491 1993 4546 virtuti

338 4578 578 4635 studere
620 4594 741 4632 non
774 4577 881 4632 vis.

2102 631 2315 704 ψυχήνο
2398 630 2490 685 καὶ
2553 629 2819 704 κολακείᾳ
2877 634 3168 707 χρώμενος
3256 631 3493 706 ἐξαπατᾷ
3543 633 3771 710 καρδίαν

2100 717 2305 772 ἀκάκου
2334 719 2426 773 καὶ
2460 720 2745 795 μακαρίζει
2768 720 2987 777 πλανῶν
3021 722 3206 779 αὐτόν.

2174 807 2429 872 Γνώσεως
2477 810 2718 882 ἀληθοῦς
2783 833 2867 874 τις
2930 812 3201 891 αετέχων,
3261 812 3352 868 καὶ
3410 812 3766 888 γλυκύτητος

2102 901 2238 951 Θεοῦ
2263 900 2622 973 γευσάμενος,
2686 900 2809 956 οὕτε
2859 898 3096 970 δικάζειν
3153 900 3364 976 ὀφείλει
3419 901 3576 971 ποτὶ,
3638 904 3768 959 οὔτε

2102 982 2252 1049 δίκας
2313 994 2481 1043 κινεῖν
2542 985 2714 1056 ὅλως,
2768 986 2863 1044 κᾶν
2924 991 3062 1045 αὑτά
3136 987 3410 1070 ἀφέληταί
3464 1013 3548 1054 τις
3624 991 3765 1068 ἅπερ

2100 1075 2423 1150 ἠμφίασται.
2458 1081 2520 1133 Ἥ
2549 1080 2651 1154 γὰρ
2681 1084 2790 1135 τῶν
2823 1080 3105 1155 ἀρχόντων
3163 1085 3261 1137 τοῦ
3316 1082 3532 1154 κόσμου
3563 1081 3764 1138 τούτου

2102 1162 2444 1238 δικαίοσύνη,
2475 1169 2691 1241 μᾶλλον
2724 1166 2782 1224 δὲ
2954 1168 3105 1225 οὐδὲν
3138 1170 3251 1226 ἐστι
3284 1172 3421 1247 πρὸς
3453 1172 3516 1226 τὸ
3548 1169 3764 1227 δίκαιον

2101 1260 2199 1310 τοῦ
2231 1261 2388 1314 θεοῦ.

2174 1348 2275 1404 22
2308 1349 2582 1424 Γεννήτωρ
2615 1351 2927 1425 φρονήσεως
2979 1345 3148 1427 φόϐος
3204 1350 3427 1425 Κυρίουο
3490 1351 3693 1426 Κύριον
3730 1356 3759 1407 6

2102 1429 2445 1513 φοϐούμενος
2475 1436 2534 1491 οὐ
2569 1436 2826 1493 δειλιάσει
2858 1439 2984 1501 τοὺς
3015 1438 3296 1502 πολλούς.

2173 1526 2493 1595 Γεννητικὸν
2522 1527 2737 1582 πάντων
2770 1532 2878 1583 τῶν
2912 1533 3097 1593 παθῶν
3132 1529 3220 1585 καὶ
3274 1527 3585 1606 διαφθεῖρον
3630 1531 3761 1594 τοὺς

2098 1621 2198 1684 τῆς
2229 1614 2426 1685 ἀρετῆς
2451 1616 2699 1691 καρποὺς
2722 1617 2957 1695 πέφυκεν
2988 1621 3024 1688 ἡ
3058 1618 3368 1696 παρῥησία.

2174 1701 2415 1776 Γαληνὸν
2444 1704 2533 1759 καὶ
2564 1705 2843 1781 ἀτάραχον
2874 1705 3042 1783 ἀνδρα
3078 1708 3432 1784 μακροθυμία
3477 1714 3648 1767 ποιεῖ.

2026 1923 2072 1984 Β
2174 1905 2433 1965 Γυναικὸς
2463 1902 2725 1959 κολακεία
2746 1906 3053 1979 ψιθύρισμα
3073 1902 3271 1982 ὄφεως.

2172 1996 2331 2056 Γὲνος
2379 1992 2455 2049 ὢν
2505 1994 2737 2068 ῥεύσεως
2793 1993 3079 2068 ἅνθρωπος
3139 1995 3294 2051 οὐδὲν
3344 1995 3477 2052 ἐστι·
3541 1996 3759 2069 Θανάτῳ

2104 2083 2206 2161 γὰρ
2238 2088 2386 2152 ζωεῖ,
2421 2084 2567 2152 ζωὴν
2600 2080 2744 2158 ἔχων
2774 2083 2837 2139 οὐ
2870 2082 3119 2153 διηνεκῆ.

2179 2175 2501 2226 Λουκιανοῦ.

2177 2266 2283 2330 Γῆς
2318 2262 2426 2334 (26)
2476 2255 2675 2331 ἐπέϐην
2734 2261 2967 2337 γυμνὸς,
3054 2262 3262 2338 γυμνὸς
3323 2260 3370 2317 δ’
3428 2262 3532 2317 ὑπὸ
3598 2266 3768 2336 γαῖαν

2542 2414 2546 2419 θ
3453 2354 3691 2425 (ἄπειμι.

2250 2442 2354 2497 Καὶ
2382 2442 2434 2495 τί
2465 2442 2638 2514 μάτην
2662 2444 2878 2517 μοχθιῖ),
2911 2442 3117 2518 γυμνὸν
3141 2442 3284 2516 ὁρῶν
3311 2441 3374 2496 τὸ
3403 2440 3565 2503 τέλος
3603 2460 3616 2509 ;

2180 2527 2491 2604 Θεόγνιδος.
2527 2563 2593 2573 -
2632 2532 2889 2593 Γυναικὸς
2953 2532 3063 2606 (27)
3118 2530 3256 2600 ἀνήρ
3338 2528 3492 2585 οὐδὲν
3557 2536 3760 2605 χρῆμα

2109 2615 2353 2686 λαίζεται
2384 2616 2613 2673 κάλλιον
2648 2617 2815 2688 ἐσθλῇ
2827 2642 2874 2682 ς.

2184 2706 2572 2781 Σολομῶντος.
2605 2740 2673 2749 -
2704 2709 2932 2763 Γλῶσσα
2967 2711 3076 2776 (28)
3135 2704 3295 2776 δισσή
3355 2705 3606 2769 ποΛλοὺς
3638 2707 3770 2762 ἐσά-

2110 2795 2287 2865 λευσε,
2320 2798 2409 2853 καὶ
2440 2799 2467 2853 ὁ
2498 2799 2609 2872 (29)
2670 2799 2962 2876 προσέχων
3021 2796 3158 2871 αὐτῇ
3219 2796 3279 2851 οὗ
3342 2798 3417 2870 μή
3473 2793 3603 2873 εὕρῃ
3640 2796 3763 2851 ἀνά-

2111 2909 2328 2944 παυσιν.

2181 2976 2473 3033 Γλωσὼδει
2508 2980 2620 3052 (30)
2662 2978 2932 3053 ἀνθρώπῳ
2966 2980 3041 3052 μή
3100 2975 3405 3054 διαμάχου,
3470 2975 3612 3050 μηδὲ
3642 2977 3769 3032 ἐπι-

2111 3063 2365 3137 στοίϐαζε
2395 3067 2483 3123 ἐπὶ
2512 3069 2575 3123 τὸ
2600 3072 2704 3143 πῦρ
2738 3068 2901 3123 αὐτοῦ
2933 3069 3090 3139 ξύλα.

2182 3156 2412 3212 Γλῶσσα
2443 3158 2554 3232 (31)
2588 3162 2766 3236 σοφῶν
2795 3157 2940 3213 καλά
2971 3156 3272 3213 ἐπίσταται’
3323 3156 3464 3222 ἴασις
3522 3160 3636 3231 (32)
3665 3157 3772 3236 γὰρ

2118 3246 2380 3322 γλώσσης
2410 3244 2630 3321 δένδρον
2662 3252 2831 3316 ζωῆς.

2037 3298 2081 3367 C
2195 3334 2259 3367 7“
2277 3340 2422 3367 23--..
2455 3339 2565 3367 I99\
2595 3334 2799 3367 .Ι.ι...ἓ.λ-

2195 3334 2425 3391 Γλῶσσα
2455 3339 2567 3412 (33)
2595 3334 2799 3411 ψευδὴς
2835 3342 2985 3410 μισεῖ
3015 3338 3298 3409 ἀλήθειαν,

2194 3423 2377 3487 Γὲλως
2435 3427 2545 3499 (34)
2602 3426 2867 3483 ἀσυνέτων
2927 3426 2978 3480 ἐν
3028 3426 3281 3501 σπατάλῃ
3341 3426 3633 3501 ἁμαρτίας,
3684 3427 3777 3483 καὶ

2123 3516 2223 3573 23
2256 3512 2440 3591 ἄφρων
2472 3516 2583 3589 (35)
2621 3513 2672 3570 ἓν
2702 3511 2906 3594 γέλωτι
2938 3516 3139 3589 ἀνυψοῖ
3187 3517 3370 3593 φωνὴν
3410 3516 3599 3571 αὐτοῦ’
3637 3518 3777 3589 ἀνὴρ

2123 3606 2180 3663 δὲ
2207 3613 2512 3686 πανοῦργος
2547 3609 2712 3683 μόλις
2743 3612 2963 3684 ἡσουχῆ
3001 3606 3294 3683 μειδιάσει.

2192 3703 2370 3772 Γῆρας
2400 3699 2515 3772 (36)
2556 3700 2739 3772 τίμιον
2802 3698 2865 3753 οὐ
2925 3695 3321 3774 πολυχρόνιον,
3374 3695 3497 3752 οὐδὲ
3553 3696 3779 3773 ἀριθμῷ

2119 3786 2253 3843 ἐτῶν
2290 3790 2649 3864 μεμέτρηται·
2674 3786 2843 3843 πολιά
2875 3785 2932 3843 δὲ
2964 3787 3106 3843 ἐστιν
3137 3788 3403 3865 φρόνησις
3437 3788 3769 3862 ἀνθρώποις,

2117 3876 2205 3931 καὶ
2239 3876 2434 3946 ἡλικία
2463 3878 2669 3953 γήρους
2708 3877 2829 3951 βίος
2860 3876 3231 3948 ἀκηλίδωτος.

2188 3964 2397 4029 Γλυκὺς
2432 3967 2542 4041 (37)
2577 3967 2604 4022 6
2635 3965 2803 4028 ὕπνος
2831 3965 2929 4021 τοῦ
2960 3962 3190 4037 δούλου,
3244 3965 3289 4021 εἰ
3350 3965 3542 4043 ὀλίγον
3568 3966 3657 4018 καὶ
3717 3963 3763 4019 εἷ

2116 4053 2259 4110 πολὺ
2292 4054 2541 4133 φάγεται.

2188 4144 2328 4214 Γυνὴ
2365 4147 2475 4217 (38)
2505 4141 2688 4221 ἄφρων
2721 4145 2812 4200 καὶ
2845 4146 3065 4219 θρασεῖα
3124 4140 3304 4212 ἐνδεὴς
3340 4141 3506 4215 ἄρτου
3538 4142 3769 4219 γίνεται,

2113 4234 2149 4304 ἢ
2182 4231 2280 4288 οὐκ
2309 4233 2586 4290 ἐπίσταται
2622 4234 2907 4310 αἰσχύνην.

2185 4321 2595 4382 Βασιλείου.--
2652 4324 2955 4398 Γυμνάσιον
3007 4325 3118 4398 (39)
3176 4321 3675 4399 ταπεινοφροσύνης
3733 4322 3768 4389 ἡ

2111 4410 2162 4466 ἐν
2194 4418 2311 4475 τοῖς
2340 4413 2741 4489 εὐτελεστέροις
2768 4415 3084 4491 πράγμασιν
3126 4406 3403 4488 διατριϐή.

2180 4502 2517 4567 Γυναικείαις
2547 4503 2864 4575 ἐπιθυμίαις
2895 4499 3070 4566 θέλων
3105 4500 3514 4576 ὑπηρετεῖσθαι,
3566 4497 3767 4572 ἀρετῆς

2109 4590 2413 4667 φροντίζειν
2446 4591 2513 4646 οὐ
2550 4591 2762 4668 βούλει.

411 4666 755 4722 Mulieribus
786 4666 941 4721 sicut
968 4667 1282 4738 respirare,
1318 4668 1399 4724 ita
1446 4668 1724 4741 jejunare
1782 4686 1989 4726 conve-

2175 4680 2416 4754 Γυναιξῖν
2643 4681 2823 4757 ὥσπερ
2888 4680 2950 4735 τὸ
3036 4680 3279 4749 ἀναπεῖν,
3340 4678 3487 4732 οὕτω
3544 4675 3636 4730 καὶ
3696 4677 3761 4730 τὸ

338 4758 516 4812 niens
545 4762 636 4811 est
667 4761 724 4811 et
754 4754 1080 4811 secundum
1111 4764 1406 4814 naturam.
1449 4786 1453 4791 ο

331 4899 575 4983 χρηστρν
607 4898 742 4965 ἦθος
785 4897 846 4953 οὐ
872 4899 1064 4969 τίκτει,
1100 4919 1277 4972 quem
1309 4904 1371 4957 in
1416 4902 1577 4973 regio
1622 4903 1825 4958 codice
1868 4920 1989 4959 non

335 4989 551 5028 reneri.

401 4990 551 5045 peri.

407 5048 520 5117 (25)
555 5043 795 5117 Videtur
824 5043 1028 5117 deesse
1057 5045 1324 5117 ali_quid._
1352 5076 1421 5085 —
1475 5045 1717 5109 Forsan,
1775 5041 1986 5100 δικαιο-

338 5114 471 5184 σῦνη
503 5113 1059 5189 μικρόντιημᾶλλον
1086 5113 1179 5189 6E—
1199 5113 1383 5189 o63éy.
1419 5147 1483 5154 -—
1516 5117 1584 5189 Cf
1610 5135 1666 5188 p.
1702 5119 1791 5185 27,
1826 5120 1875 5172 4.

409 5186 522 5269 (39)
550 5186 679 5269 ἔξω
705 5186 963 5269 [ιμοίειηίε
988 5187 1104 5269 sed
1146 5187 1424 5269 Ρεξιιεείιθρ
1456 5186 1647 5269 Erigi-
1687 5192 1807 5269 49?;

410 5257 517 5329 (‘37)
550 5262 674 5315 Non
705 5258 1082 5331 Tlieognidis,
1118 5257 1237 5331 sed;
1284 5257 1666 5331 [lesiodi.7'E.
1715 5260 1842 5326 700,
1882 5262 1985 5317 ubi

338 5327 546 5405 Οὖμὲν
579 5332 681 5405 γάρ
732 5350 785 5383 τι
835 5327 1092 5403 γῦναικὸς
1151 5329 1288 5396 ἀνὴρ
1350 5328 1556 5398 ληίζετ’
1616 5327 1836 5401 ὁὶιιιεινον
1874 5338 1986 5400 Τῆς

330 5412 555 5476 ἀγαθῆς.
961 5474 966 5481 ⁸

398 5475 512 5546 ('28,‘
545 5472 769 5546 Sirach.
801 5488 1000 5538 xxvui,
1027 5473 1111 5526 14.

400 5544 512 5617 (29)
545 5544 769 5617 Sirach.
802 5559 997 5617 xxvui,
1035 5545 1119 5617 16.

402 5610 515 5688 (30)
549 5616 771 5688 Sirach.
804 5631 923 5688 _v_ui,
949 5615 1019 5668 3:
1060 5614 1160 5688 ubi
1224 5613 1298 5688 μὴ
1345 5610 1639 5688 ,διαμάχου
1696 5615 1833 5688 μετὰ
1889 5616 1982 5669 ἀν-

332 5681 561 5762 episan
584 5681 977 5762 γλωσσώὸους,
1035 5684 1158 5762 καὶ
1203 5681 1280 5756 μὴ
1340 5681 1726 5761 ἐπιστοίϐάσῃς
1768 5686 1852 5745 ἐπ.
1918 5721 1983 5731 -

333 5750 475 5817 Cod.
507 5750 816 5833 γλίυσσώδη
850 5762 909 5813 et
937 5750 1275 5827 ἐπιστόϐαζε.

2096 5340 2327 5401 Codicis
2360 5340 2558 5415 lectio,

2099 4770 2372 4841 νηστεύειν
2403 4770 2607 4826 οἰκεῖόν
2639 4771 2747 4826 ἐστι
2778 4769 2867 4825 καὶ
2899 4769 3035 4825 κατά
3065 4770 3243 4846 φύσιν.

2171 4915 2278 4986 (31')
2308 4919 2476 4973 Prov.
2511 4934 2603 4983 xv,
2630 4921 2684 4972 2.

2170 4988 2283 5058 (32)
2315 4991 2480 5044 Prov.
2514 5006 2606 5052 xv,
2639 4992 2691 5043 4.

2170 5059 2283 5129 (33)
2314 5063 2479 5115 Prov.
2513 5078 2666 5123 xxvn,
2700 5061 2787 5113 28.

2170 5131 2278 5201 (3i)
2313 5132 2537 5187 Sirach.
2564 5148 2734 5197 xxvn,
2766 5133 2850 5185 13.

2169 5198 2278 5281 (353')
2306 5204 2528 5281 §irach.
2558 5221 2677 5281 και,
2711 5205 2780 5256 20
2815 5201 2961 5281 :Aub-i
2997 5198 3206 5281 μωρός.

2310 5276 2443 5346 Sap.
2479 5264 2697 5331 Saloni.
2732 5291 2803 5340 ιν,
2834 5274 2888 5339 8,
2922 5276 2954 5346 9
2990 5264 3007 5326 ἔ
3037 5264 3135 5328 ubi
3195 5268 3258 5323 τὸ
3314 5264 3497 5323 πολ...
3529 5268 3744 5342 γήρως,

2179 5344 2327 5401 diois
2360 5344 2558 5415 lectio,
2599 5347 2828 5422 γήρους,
2855 5344 3036 5399 habet
3064 5359 3179 5414 quo
3213 5358 3275 5397 se
3308 5346 3564 5397 tueatur.

2175 5417 2537 5474 (37lEcc1es.
2570 5437 2622 5474 ν.
2659 5423 2742 5472 11.

2175 5421 2287 5490 (37)
2315 5421 2537 5474 Eccles.
2570 5437 2622 5486 ν,
2659 5423 2742 5472 11.

2176 5491 2288 5567 (33)
2310 5494 2485 5567 _Pro_v_'.
2530 5508 2603 5567 εκ,
2639 5493 2702 5545 13
2735 5507 2748 5544 :
2782 5487 2882 5542 ubi
2911 5481 3094 5567 agas-5,.
3126 5487 3348 5567 6931.03.

2165 5558 2698 5638 ('39)'_Bas_i_l.__Hon_1_.
2734 5576 2883 5638 mor.
2926 5561 3005 5638 De
3038 5558 3340 5638 Ιιιιιιιὶὶιρἐ

2165 5624 2272 5705 (40)
2299 5635 2468 5689 Basil.
2504 5633 2715 5688 Homil.
2751 5649 2789 5687 ιι
2822 5631 3111 5703 Dejejun.
3146 5648 3204 5701 p.
3239 5624 3342 5683 138
3375 5627 3517 5682 edit.
3540 5624 3745 5695 Ingol-

2095 5708 2243 5763 stad.
2270 5708 2427 5760 1605.
