4096 6434
351 405 508 467 1087

1631 409 1915 472 οΕοιιοι
1929 406 2048 470 DIS
2090 406 2482 470 MONACHI.

3613 412 3774 473 {088

351 544 473 595 tem
503 556 579 596 ne
609 556 759 614 aagre
782 541 956 596 feras.
987 541 1193 597 Melius
1217 542 1378 599 enim
1401 561 1578 616 quam
1605 562 1716 601 nos
1740 544 2004 618 provide-

2143 540 2431 614 ιιευομένῳ
2471 537 2528 595 δὲ
2559 542 2634 614 μὴ
2678 537 3014 620 δυσχέραινε.
3046 542 3298 615 ’Ἄμεινον
3330 546 3445 613 (78)
3474 544 3578 621 γὰρ
3626 544 3661 615 ἢ
3695 546 3773 607 ὡς

353 630 541 685 rimus
573 630 954 686 administrat
978 632 1131 687 Deus
1163 650 1294 704 quas
1327 640 1533 690 nostra
1555 641 1715 691 sunt.

564 721 709 775 Saavi
738 720 1049 785 dracones,
1083 723 1315 779 callida;
1349 731 1489 779 sunt
1518 726 1757 797 aspides
1784 743 1797 780 :

566 809 670 863 Est
698 809 1060 866 feminarum
1093 812 1177 867 vis
1209 812 1425 885 duplex
1461 814 1618 870 inter
1638 814 1815 871 feras.

427 897 779 954 Luctuosum
813 899 1041 955 tardius
1073 902 1433 972 consultare,
1468 910 1524 960 et
1556 910 1695 960 tunc
1745 921 1878 976 quia
1930 904 2005 960 ad

354 986 609 1043 salutem
640 994 781 1043 sunt
809 991 1170 1061 perspicere.

419 1079 586 1149 Egre
607 1079 820 1150 recipit
841 1078 1064 1135 bonum
1091 1080 1353 1137 humana
1376 1088 1609 1151 natura,
1627 1084 1785 1139 velut
1806 1085 2003 1158 ignem

348 1167 655 1222 humidius
688 1168 933 1241 lignum.
970 1171 1165 1225 Parati
1195 1171 1268 1226 ad
1302 1172 1521 1227 malum
1583 1173 2002 1246 excipiendum

351 1255 622 1328 plerique
656 1264 714 1313 et
742 1257 963 1314 idonei.

421 1347 669 1417 Oportet
696 1352 866 1419 aptos
897 1364 1028 1404 esse
1052 1348 1127 1406 ad
1162 1350 1595 1407 transeundum
1627 1352 1704 1408 ad
1726 1352 1940 1409 melius
1970 1371 2005 1410 a

348 1436 574 1507 pejore,
607 1438 864 1492 aversari
923 1443 1121 1494 autem
1153 1457 1188 1495 a
1216 1441 1586 1496 transeundo
1636 1442 1710 1497 ad
1768 1444 1939 1516 pejus
1970 1461 2004 1499 a

351 1524 607 1581 meliori.

348 1614 561 1670 Servus
594 1615 743 1671 mihi
776 1617 971 1673 omnis
1017 1634 1254 1691 pravus,
1299 1620 1453 1677 liber
1489 1621 1762 1694 quisquis
1808 1622 2002 1679 bonus

1799 1717 1928 1780 [est.

422 1794 641 1851 Basilii.
675 1828 743 1836 —
771 1798 937 1867 AEgre
976 1798 1171 1871 agitur
1221 1800 1294 1855 ad
1350 1800 1629 1857 virtutem
1687 1802 2002 1858 hominum

353 1899 564 1955 genus,
598 1901 665 1939 eo
700 1886 858 1957 quod
890 1903 1046 1959 sape
1076 1888 1150 1943 ad
1182 1890 1543 1961 voluptatem
1570 1891 1917 1948 inclinatur.

422 2063 803 2120 Intractabile
823 2065 1147 2122 admodum
1180 2068 1513 2124 inimicitias
1534 2086 1720 2142 genus
1746 2077 1836 2127 est
1852 2072 2003 2126 invi-

348 2150 479 2219 dia;
519 2168 659 2209 nam
699 2154 875 2209 aliter
903 2156 1146 2227 quidem
1203 2158 1472 2214 infensos
1523 2161 2003 2217 mansuefaciunt

348 2241 665 2309 beneficia,
697 2244 1061 2302 invidiosum
1094 2253 1292 2303 autem
1328 2253 1386 2303 et
1409 2250 1547 2304 vitio
1566 2249 1830 2305 deditum
1847 2251 2003 2308 bona

349 2331 552 2387 ofﬁcia
582 2334 769 2405 magis
796 2336 1203 2392 exstimulant.

422 2420 578 2477 Duas
609 2422 715 2477 tibi
750 2439 879 2479 esse
912 2424 1068 2479 filias
1092 2431 1320 2497 reputa,
1354 2425 1701 2483 felicitatem
1732 2429 1793 2483 in
1821 2434 2001 2495 terra,

2116 627 2177 683 ἄν
2206 631 2374 704 ἡμεῖς
2405 629 2740 703 προνοίμεθα
2774 626 2971 685 διοικεῖ
2997 630 3127 690 Θεὸς
3156 630 3222 686 τὰ
3252 629 3517 706 ἡμέτερα.

2184 719 2364 774 Δεινὸν
2393 722 2507 792 (79)
2544 716 2829 794 δράκοντες
2860 720 2952 775 καὶ
2983 724 3289 799 κακοῦργον
3309 718 3553 783 ἀσπίδες·

2185 805 2363 879 Διπλῆ
2400 809 2659 886 γυναικὸς
2693 806 2939 878 δεινότης
2980 808 3030 865 ἐν
3061 811 3295 885 θηρίοις.

2120 902 2125 913 ’
2185 899 2368 974 Δεινὸν
2404 903 2515 971 (80)
2565 894 2982 974 ὑστεροϐουλία,
3042 900 3134 955 καὶ
3191 900 3253 956 τὸ
3310 906 3610 974 τηνικαῦτα
3668 912 3774 974 τῆς

2112 970 2393 1063 σωτὴρίας
2414 970 2792 1048 αἰσθάνεσθαι.

2184 1076 2509 1146 Δύσληπτον
2543 1082 2655 1145 (81)
2705 1078 2768 1133 τὸ
2826 1077 3031 1155 ἀγαθὸν
3087 1082 3156 1152 τῇ
3219 1078 3532 1155 ἀνθρωπίνῃ
3592 1080 3773 1161 φύσει,

2109 1166 2291 1243 ὥσπερ
2322 1168 2413 1223 καὶ
2444 1172 2551 1239 πῦρ
2585 1166 2691 1243 ὕλῃ
2728 1171 2797 1233 τῆ
2833 1166 3120 1245 ὑγροτέρᾳ.
3172 1170 3435 1243 Ἕτοιμοι
3485 1170 3623 1244 πρὸς
3670 1173 3773 1241 τήν

2109 1263 2208 1313 τοῦ
2240 1262 2413 1313 κακοῦ
2444 1257 2735 1331 μετουσίαν
2766 1258 2818 1312 οἱ
2849 1257 3102 1313 πλεῖστοι
3134 1261 3243 1331 (82)
3275 1260 3366 1313 καὶ
3402 1257 3732 1331 ἐπιτήδειοι.

2181 1350 2283 1405 80
2314 1345 2440 1402 Δὲον
2470 1346 2926 1420 εὐμετακινήτους
2962 1347 3055 1420 μὲν
3097 1349 3232 1402 εἶναι
3290 1348 3429 1423 πρὸς
3475 1348 3541 1404 τὸ
3586 1354 3771 1424 κρεῖτ-

2109 1460 2201 1493 τον
2231 1438 2337 1494 ἀπὸ
2370 1442 2466 1494 τοῦ
2499 1439 2771 1514 χείρονος,
2823 1438 3112 1509 ἀκινήτους
3172 1435 3229 1493 δὲ
3283 1439 3422 1513 πρὸς
3470 1445 3533 1494 τὸ
3582 1445 3773 1515 χεῖρον

2110 1528 2217 1583 ἀπὸ
2247 1532 2345 1583 τοῦ
2378 1527 2682 1603 βελτίονος,

2180 1615 2387 1679 Δοῦλος
2418 1621 2529 1691 (83)
2558 1616 2684 1692 ἐμοὶ
2717 1620 2820 1678 πᾶς
2851 1617 3061 1687 σκαιὸς,
3092 1616 3379 1693 ἐλεύθερος
3438 1619 3586 1682 ὅστις
3645 1617 3773 1696 ἄρι-

3518 1709 3694 1782 [στος.

2182 1795 2495 1853 Βασιλείου.
2532 1831 2601 1840 -—-
2658 1798 2989 1875 Δυσάγωγόν
3045 1796 3186 1852 ἐστιν
3243 1799 3379 1870 πρὸς
3443 1798 3646 1873 ἀρετὴν
3703 1802 3769 1854 τὸ

2030 1915 2076 1978 Β
2109 1885 2260 1978 γένος
2288 1892 2396 1978 τῷν
2428 1885 2746 1963 ἀνθρώπων,
2797 1884 2886 1942 διὰ
2934 1888 2997 1942 τὸ
3046 1888 3183 1963 πρὸς
3239 1884 3441 1959 ἡδονὴν
3489 1886 3771 1953 πολλάκις

2107 1976 2416 2039 ἐπιρὁεπὲς.
2488 2022 2491 2025 -

2107 1976 2846 2143 ἐπῖὲιῗιξιῖῑξιῖιχειριστότατον
2876 2062 3083 2145 ἔχθρας
3114 2062 3259 2129 εἶδος
3292 2067 3319 2121 ὁ
3350 2066 3565 2146 φθόνος·
3628 2064 3763 2126 τοὺς

2111 2157 2338 2234 μὲνγὰρ
2370 2154 2556 2217 ἄλλως
2619 2153 2900 2229 δυσμενεῖς
2958 2155 3346 2230 ἡμερωτέρους
3397 2160 3647 2211 ποιοῦσιν
3702 2156 3763 2209 αἱ

2110 2244 2434 2321 εὐεργεσίαι,
2461 2245 2555 2300 τὸν
2615 2245 2884 2320 βάσκανον
2921 2242 2978 2300 δὲ
3016 2245 3107 2301 καὶ
3158 2247 3411 2317 κακοήθη
3459 2247 3523 2301 τὸ
3573 2245 3763 2307 καλῶς

2107 2341 2298 2401 παθεῖν
2327 2334 2496 2390 πλέον
2526 2336 2917 2411 προσερεθίζει.

2181 2426 2285 2481 Δύο
2316 2447 2403 2481 σοι
2448 2426 2679 2499 νόμισον
2735 2426 2877 2480 εἶναι
2934 2423 3255 2502 θυγατέρας,
3314 2427 3414 2496 τήν
3475 2424 3764 2481 εὐπάθειαν

350 2514 408 2565 et
438 2510 615 2566 vitam
647 2511 708 2567 in
761 2513 945 2569 caelis.
989 2514 1046 2569 Si
1096 2514 1366 2571 nolueris
1415 2516 1618 2572 omnia
1674 2518 2000 2575 concedere

2143 2517 2205 2587 ἠν
2239 2512 2445 2584 ἐνθάδε,
2479 2515 2570 2570 καὶ
2602 2516 2701 2585 τὴν
2738 2516 2883 2585 ζωήν
2932 2515 3032 2584 τὴν
3081 2513 3133 2569 ἐν
3191 2521 3308 2576 τοῖς
3359 2514 3634 2591 οὐρανοῖς.
3695 2514 3761 2571 El

349 2599 590 2668 minori,
624 2600 821 2656 divide
854 2603 1167 2673 aequaliter
1196 2604 1354 2661 inter
1374 2605 1694 2661 indocilem
1717 2612 1921 2663 natam
1944 2613 2003 2663 et

346 2689 703 2761 sapientem,
736 2707 811 2746 ne
862 2692 1015 2747 hanc
1074 2700 1433 2765 praesentem
1492 2696 1669 2751 vitam
1723 2696 1999 2753 ditiorem

349 2779 653 2848 exhibeas,
685 2781 934 2837 alteram
966 2788 1165 2838 autem
1197 2783 1419 2841 nudam
1442 2786 1533 2841 vel
1553 2787 1999 2858 pannislaceris

346 2869 639 2925 indutam.

419 2960 566 3015 Justi
592 2959 817 3031 judicis
853 2967 941 3016 est
970 2963 1232 3034 mquales
1262 2982 1369 3037 pro
1401 2967 1737 3037 aequalibus
1766 2968 1999 3024 delictis

2111 2607 2188 2682 μή
2225 2607 2477 2677 θελήσεις
2510 2606 2576 2661 τὰ
2606 2605 2782 2660 πάντα
2814 2602 2996 2660 δοῦναι
3025 2606 3097 2677 τῇ
3146 2606 3415 2681 κρείττονι
3473 2607 3606 2678 (84),
3662 2603 3763 2679 μὲ-

2109 2718 2256 2773 ρισον
2286 2696 2466 2766 ἐξίσης
2514 2700 2583 2770 τῇ
2609 2717 2668 2752 τε
2699 2694 2991 2769 ἀκολάστῳ
3050 2692 3203 2750 παιδὶ
3257 2694 3350 2751 καὶ
3397 2699 3467 2770 τῇ
3499 2696 3763 2776 σώφρονι,

2111 2788 2188 2863 μὴ
2219 2789 2321 2856 τήν
2354 2784 2585 2841 ἐνταῦθα
2636 2782 2921 2863 διαγωγὴν
2975 2782 3357 2860 ὗπέρπλουτον
3408 2785 3609 2859 δείξῃς,
3661 2807 3765 2861 γυ-

2111 2880 2246 2953 μνὴν
2280 2875 2339 2933 δὲ
2367 2883 2467 2947 τὴν
2498 2875 2680 2947 ἄλλην
2710 2876 2801 2932 καὶ
2834 2874 3049 2951 ῥακέοις
3079 2876 3488 2955 ἠμφιεσμένην.

2180 2968 2402 3024 Δικαίου
2434 2970 2541 3041 (85)
2574 2970 2764 3040 κριτοῦ
2813 2965 2953 3021 ἐστιν
2993 2965 3113 3029 ἴσας
3152 2965 3290 3042 πρὸς
3339 2966 3461 3031 ἴσας
3512 2968 3587 3039 μή
3639 2966 3764 3041 ὁρί-

351 3065 558 3121 pcenas
589 3066 708 3105 non
741 3051 1068 3124 assignare.
1102 3055 1207 3110 sed
1238 3056 1338 3126 qui
1369 3057 1512 3113 mali
1534 3057 1764 3129 primus
1795 3063 2001 3113 auctor

2143 3071 2214 3106 ειν
2274 3050 2373 3111 τὰς
2429 3045 2748 3118 ἀντιδόσεις,
2809 3047 2936 3104 ἀλλ’
2993 3048 3204 3125 ἀνάγκη
3262 3048 3355 3104 τὸν
3423 3049 3763 3124 κατάρξαντα

352 3138 462 3206 est,
498 3138 635 3194 huic
660 3156 876 3211 augere
906 3142 1244 3200 debitorum
1277 3145 1664 3213 solutionem,
1695 3147 1744 3202 si
1785 3148 2001 3204 debeat

2143 3144 2204 3196 οῦ
2236 3143 2411 3195 κακοῦ
2445 3139 2582 3212 μετὰ
2611 3140 2932 3212 πρυσθήκης
2978 3137 3236 3194 ἀποτῖσαι
3283 3137 3350 3194 τὰ
3403 3136 3762 3214 ὀφειλόμενα,

346 3227 449 3281 ille
484 3229 670 3299 poenis
699 3230 915 3287 melior
956 3231 1108 3302 ﬁeri,
1169 3240 1230 3289 et
1284 3240 1531 3291 caeteros
1577 3236 1999 3307 prudentiores

349 3332 455 3372 suo
487 3318 756 3390 exemplo
788 3320 1043 3377 efﬁcere.

420 3501 766 3559 Divitiarum
800 3504 1259 3572 incrementum,
1295 3523 1615 3580 egenorum
1647 3526 1810 3566 cura.

421 3591 647 3647 Bonum
680 3610 854 3664 posse
883 3601 942 3649 et
976 3611 1097 3650 non
1152 3595 1347 3651 facere
1399 3598 1648 3654 minime
1700 3599 2001 3657 laudabile

351 3682 481 3742 est;
511 3678 572 3733 id
603 3679 764 3734 enim
795 3679 1071 3734 invidiosi
1105 3686 1197 3736 est
1226 3682 1316 3737 vel
1346 3683 1519 3756 pigri.

420 3769 670 3837 Evagrii.
702 3799 774 3808 —
808 3773 1162 3824 Luctuosum
1191 3776 1281 3825 est
1310 3788 1527 3844 magna
1574 3774 1797 3829 sentire
1843 3775 2003 3832 hunc

350 3854 453 3924 qui
486 3872 663 3925 parva
694 3856 835 3927 agit.

424 3943 669 4014 Oportet
693 3943 783 3998 vel
807 3944 983 4000 malis
1005 3944 1357 4002 benefacere
1380 3964 1499 4003 non
1524 3950 1663 4020 quia
1683 3951 1827 4006 mali
1843 3956 2002 4018 sunt,

354 4030 459 4086 sed
492 4032 633 4101 quia
662 4032 937 4088 homines
970 4040 1204 4091 natura.

425 4121 670 4191 Oportet
699 4121 793 4177 his
823 4139 955 4193 quas
987 4141 1095 4196 per
1124 4125 1302 4181 verba
1324 4127 2004 4186 ﬁuntexhortationibus

353 4209 771 4281 delinquentes
798 4228 1027 4283 parere,
1062 4232 1137 4269 ne
1168 4214 1260 4270 his
1293 4233 1426 4287 quas
1457 4233 1564 4289 per
1592 4234 1772 4291 opera
1788 4220 2008 4275 dantur

351 4297 660 4355 doloribus
690 4302 877 4357 semel
909 4302 1231 4376 aliquando
1263 4305 1625 4362 crucientur.

423 4390 666 4461 Oportet
690 4407 724 4447 a
756 4391 877 4447 viro
912 4410 1087 4464 pravo
1119 4393 1277 4450 bona
1306 4411 1425 4451 non
1444 4413 1652 4469 rogare
1679 4415 1691 4465 ;
1716 4398 1875 4454 mala
1896 4415 2002 4454 au-

352 4485 470 4536 tem
498 4481 695 4553 potius
726 4489 966 4555 rogatus
997 4489 1207 4555 sponte
1240 4485 1545 4559 praebebit.

424 4571 665 4642 Oportet
698 4588 759 4626 se
790 4572 1193 4644 voluptatibus
1232 4579 1419 4630 totum
1474 4592 1595 4632 non
1645 4577 1881 4649 dedere,
1936 4595 2005 4635 eo
2053 4642 2085 4649 _,

354 4661 513 4732 quod
544 4678 785 4717 amarus
810 4679 909 4719 eas
942 4664 1079 4719 finis
1111 4664 1346 4737 excipit.

427 4752 671 4821 Oportet
712 4768 910 4806 rerum
974 4752 1181 4809 finesa
1214 4754 1385 4810 nobis
1440 4758 1773 4829 praevideri,
1820 4765 1880 4815 et
1925 4759 2008 4814 ita

350 4856 559 4897 earum
589 4840 923 4911 gestionem
959 4845 1281 4915 suscipere.

420 5003 532 5073 (‘78)
563 5003 904 5080 JamASUpra
935 5005 996 5059 in
1030 5008 1096 5074 A,
1133 5005 1241 5061 sub
1310 5007 1588 5080 Ἀμεινον,
1652 5027 1706 5080 p.
1758 5012 1810 5064 6.
1867 5009 2010 5063 Cod-

346 5073 782 5148 προνουούμεθα.

420 5148 530 5217 (79)
563 5148 730 5219 Greg-
767 5149 895 5202 Naz.
935 5154 954 5203 t
1009 5151 1076 5207 ΙΙ.
1112 5167 1167 5220 p.
1209 5152 1331 5203 155.

421 5220 533 5291 (80)
557 5220 720 5290 Greg.
758 5220 1018 5275 Nazianz.
1055 5221 1213 5275 Orat.
1248 5237 1336 5285 XL,
1376 5238 1434 5291 p.
1470 5223 1643 5291 6354C
1675 5221 1819 5291 {ubi
1855 5228 2010 5291 ante

346 5290 547 5345 addita
581 5297 671 5344 est
701 5292 1013 5346 sententia:
1047 5292 1340 5358 clausula,
1376 5289 1494 5346 ’ὅτε
1543 5290 1643 5345 οὐκ
1693 5289 1804 5347 ἔστι
1854 5290 2010 5354 λύσις

348 5360 575 5433 ζημίας,
608 5381 659 5415 κ.
695 5383 743 5415 τ.
780 5358 835 5415 λ.

420 5435 531 5502 (81)
561 5433 643 5487 Id.
675 5434 833 5488 Orat.
869 5450 905 5499 ῐ,
942 5452 999 5504 p.
1034 5438 1065 5487 6
1102 5439 1165 5488 Ι).

420 5506 527 5574 (82)
585 5504 779 5582 (ἐβόας
840 5502 993 5582 11⁵68,
1055 5522 1110 5577 p.
1171 5507 1279 5582 43.:
1346 5502 1513 5582 Δύσλ.
1565 5506 1670 5582 ’μὲν
1726 5508 1788 5561 τὸ
1848 5506 2011 5582 ἀγ....

350 5570 565 5646 ἕτοιμοι
599 5571 657 5628 δὲ
687 5575 949 5650 καὶπρὸς
978 5570 1028 5650 τ.
1055 5570 1114 5631 τ.
1146 5595 1202 5629 κ.
1235 5572 1495 5650 ἐργασίαν
1531 5570 1587 5631 οἳ
1613 5576 1759 5637 πλ...

423 5648 536 5715 (83)
569 5649 736 5719 Greg.
770 5649 978 5719 Na_z._t.
1008 5649 1078 5719 I_I.
1113 5665 1175 5719 p.
1220 5648 1322 5701 127
1358 5650 1416 5719 Β.

425 5719 537 5843 (Βᾶἐ)
568 5715 781 5785 Codéx,
815 5716 931 5787 εἰμί
964 5715 1245 5778 θελίᾱις...
1278 5718 1581 5793 κρείττονιτ
1617 5723 1703 5777 sic
1729 5722 2018 5779 librarius

455 5804 486 5842 e
521 5829 534 5843 .

357 5803 534 5843 εοιθῑ.

2110 3231 2156 3285 εἰ
2192 3226 2391 3304 μέλλοι
2423 3227 2586 3289 αὐτός
2626 3248 2684 3282 τε
2711 3233 2831 3289 ταῖς
2886 3226 3181 3303 τιμωρίαις
3233 3224 3467 3301 βελτίων
3517 3227 3767 3301 γενέσθαι

2110 3317 2360 3383 καὶτοὺς
2389 3315 2621 3380 λοιποὺς
2680 3315 3148 3398 σωφρονεστέρους
3197 3318 3447 3387 ποιήσειν
3505 3320 3585 3389 τῷ
3635 3316 3770 3371 ὑπο-

2107 3407 2383 3485 δείγματι.

2179 3497 2517 3553 Δανειστικὸν
2553 3498 2664 3569 186)
2693 3494 2939 3551 πλούτου
2972 3497 3007 3565 ἡ
3040 3494 3299 3569 θεραπεία
3329 3500 3437 3555 τῶν
3459 3493 3761 3567 δεομένων.

2181 3586 2448 3651 Δύνασθαί
2480 3607 2530 3641 τι
2560 3583 2729 3641 καλὸν
2774 3585 2864 3641 καὶ
2918 3586 2995 3659 μή
3043 3590 3221 3641 ποιεῖν
3275 3584 3375 3641 οὐκ
3432 3583 3760 3641 ἐπαινετέον·

2107 3672 2144 3744 ἤ
2176 3677 2279 3753 γὰρ
2313 3679 2574 3751 φθονεροῦ
2603 3679 2792 3744 τοῦτο,
2823 3676 2858 3745 ἢ
2888 3676 3081 3751 ἀργοῦ.

2180 3769 2275 3824 31
2315 3764 2612 3842 Εὐαγρίου.
2673 3797 2737 3808 --
2786 3764 2964 3819 Δεινόν
3020 3762 3130 3819 ἐστι
3193 3765 3334 3839 μὲγα
3392 3768 3609 3842 φρονεῖν
3668 3785 3769 3836 με·-

2107 3857 2211 3931 κρᾶ
2249 3854 2572 3931 τράττοντα.

2181 3945 2307 4002 Δέον
2335 3946 2427 4001 καὶ
2457 3950 2649 4007 κακοῖς
2682 3946 2739 3999 εὖ
2768 3951 2965 4015 ποιεῖν,
3000 3943 3063 3999 οῦ
3120 3945 3241 4000 καθ’
3300 3944 3329 4000 ’ὸ
3383 3943 3546 3999 κακοί
3602 3942 3753 4011 εἰσιν,

2110 4038 2228 4093 καθ’
2261 4036 2291 4090 ὅ
2322 4033 2380 4090 δὲ
2411 4033 2683 4110 ἄνθρωποι
2717 4034 2891 4111 φύσει.

2183 4114 2299 4180 Δεῖν
2327 4129 2444 4185 ταῖς
2490 4124 2550 4179 ἐκ
2609 4124 2792 4199 λόγων
2848 4123 3225 4199 παραινέσεσιν
3283 4122 3410 4186 τοὺς
3468 4122 3765 4184 πταίοντας

2112 4214 2296 4282 εἴκειν,
2332 4213 2414 4268 ἶνα
2449 4215 2524 4286 μὴ
2558 4218 2676 4274 ταῖς
2707 4212 2757 4282 ἐξ
2789 4206 2963 4289 ἔργων
2993 4211 3095 4287 ὀψὲ
3125 4233 3258 4267 ποτε
3286 4212 3619 4287 παραταθεῖν
3649 4212 3770 4285 (87)

2112 4301 2349 4365 ὀδύναις.

2186 4399 2276 4448 Δεῖ
2303 4394 2394 4448 τὸν
2427 4392 2667 4467 πονηρὸν
2700 4389 2868 4467 ἄνδρα
2915 4393 2990 4466 μή
3052 4390 3222 4446 αἰτεῖν
3272 4390 3470 4465 ἁγαθά·
3520 4389 3661 4445 κακὰ
3711 4385 3772 4443 δὶ

2117 4482 2333 4559 μᾶλλον
2361 4482 2680 4556 αἰτούμενος
2709 4482 2953 4555 ἑτοίμως
2983 4484 3223 4557 παρέξει.

2186 4580 2277 4629 Δεῖ
2301 4578 2420 4636 ταῖς
2473 4569 2698 4643 ἡδοναῖς
2760 4569 2889 4646 μηδ’
2949 4571 3095 4633 ὅλως
3152 4572 3501 4639 ὑποπίπτειν,
3561 4567 3650 4625 διὰ
3706 4569 3773 4625 τὸ

2036 4646 2082 4723 Ῐ)
2114 4666 2310 4738 πικρὸν
2342 4663 2566 4723 ταύταις
2599 4660 2986 4717 ἐπακολουθεῖν
3019 4660 3197 4722 τέλος.

2189 4753 2315 4808 Δέον
2352 4754 2462 4826 (88)
2487 4753 2553 4807 τὰ
2582 4750 2717 4822 τὲλη
2747 4756 2856 4807 τῶν
2916 4752 3251 4827 πραγμάτων
3305 4752 3453 4824 ἡμᾶς
3501 4753 3771 4825 προορᾷν,

2116 4845 2204 4899 καὶ
2238 4843 2412 4905 οὕτως
2439 4844 2537 4912 τήν
2568 4842 2779 4898 τούτων
2810 4839 3127 4920 ἐγχείρησιν
3156 4843 3449 4895 ποιεῖσθαι.

2130 5044 2135 5047 -
2194 5010 2300 5069 (85)
2337 5006 2516 5061 Basil.
2559 5006 2725 5060 Hom.
2756 5021 2906 5059 mor.
2953 5005 3030 5059 De
3063 5005 3278 5058 virtute.
3309 5009 3368 5058 et
3398 5003 3557 5073 vitio,
3591 5018 3650 5073 p.
3681 5005 3775 5057 20.

2189 5082 2301 5148 (86)
2332 5077 2547 5145 Codex,
2578 5073 2670 5130 δαν
2682 5075 2871 5130 ιτικόν.

2191 5152 2302 5228 (ξῖ)
2334 5149 2550 5228 godegr,
2582 5149 2890 5221 παραθεὶεν.
2947 5219 2966 5228 ἢ
3041 5224 3047 5228 Δ
3089 5219 3099 5228 _
3270 5218 3283 5228 ‘
3368 5221 3398 5228 _
3448 5218 3459 5228 ο
3502 5217 3537 5228 Π
3594 5218 3605 5228 .

2193 5217 2301 5287 (88,
2341 5221 2531 5275 Babrii
2562 5217 2781 5275 nomen
2815 5219 3057 5291 praefert
3086 5219 3147 5273 in
3179 5218 3308 5273 cod.
3360 5217 3728 5291 Coisliniano
3762 5234 3776 5272 :

2121 5294 2417 5349 Antonius
2449 5293 2502 5348 S.
2539 5294 2627 5358 27,
2662 5310 2716 5363 p.
2778 5290 2868 5357 40,
2910 5291 3217 5363 praeﬁxum
3266 5290 3507 5363 exhibet
3546 5304 3779 5363 nomen

2122 5364 2400 5419 Chabinae
2427 5380 2440 5429 ;
2475 5364 2615 5418 hinc
2646 5361 2813 5418 error
2843 5361 2925 5417 de
2951 5363 3180 5417 Babrio.
3212 5362 3315 5434 κεί.
3372 5361 3673 5434 Tyrwhitt.
3712 5361 3776 5414 in

2123 5437 2486 5506 Postscriplo
2518 5437 2760 5491 Dissert.
2796 5434 2870 5491 de
2905 5434 3135 5499 Babrio,
3166 5433 3266 5487 ubi
3299 5433 3588 5506 haecesse
3635 5448 3777 5506 pro-

2125 5509 2285 5563 saica
2314 5503 2536 5563 monet.
2570 5509 2630 5562 Β.
2668 5513 2887 5565 tamen.
2948 5523 3009 5577 p.
3073 5508 3160 5573 72,
3211 5503 3779 5577 inde_choliambos

2124 5579 2267 5634 fecit
2305 5579 2475 5638 duos.
2527 5595 2701 5649 quam
2761 5573 2992 5649 bellost
3039 5578 3171 5649 Δέον
3219 5576 3286 5630 τὰ
3335 5573 3467 5649 τέλη
3529 5579 3775 5649 προορᾷν

2123 5654 2234 5704 τῶν
2265 5644 2600 5723 πραγμάτων
2632 5651 2803 5719 ἡμᾶς.
2857 5646 2961 5704 Καὶ
3005 5645 3148 5728 οῑξτω
3186 5666 3286 5728 την
3334 5646 3540 5702 τούτων
3576 5644 3782 5728 ἐγχεί-

2129 5664 2234 5704 των
2265 5664 2600 5723 πραγματων
2632 5664 2803 5719 ἡμας.
2860 5664 2961 5704 hac
3005 5667 3148 5701 ουτω
3186 5666 3286 5716 την
3334 5667 3540 5702 τουτων
3591 5664 3779 5772 εγέει-

2129 5740 2268 5796 ρισιν
2298 5726 2493 5777 ποιεῖν.
2527 5721 2721 5777 Codex
2750 5720 3011 5791 quidem,
3046 5716 3369 5795 ἐγχείρισιν,
3420 5725 3487 5775 ut
3536 5725 3597 5775 et
3690 5733 3779 5772 οι-

2129 5794 2462 5848 slinianus:
2495 5793 2707 5848 scripsi
2740 5789 3075 5848 ἐγγείοησιν.

2126 5809 2462 5850 sunianus:
2495 5810 2707 5865 scripsi
2740 5809 3075 5867 εγχιιοησιν.
