4096 6432
389 454 543 513 1095

1647 443 2078 506 GEORGIDIS
2120 445 2487 510 MONACHI
2498 494 2513 509 .

3649 453 3816 513 1096

463 584 690 639 Statera
711 580 897 653 justa,
932 584 990 635 et
1013 594 1298 635 mensura
1312 576 1566 651 justa,et
1594 576 1829 632 choanix
1841 575 2039 648 justus

2229 576 2400 653 Ζυγὸς
2432 574 2643 641 δίκαιος
2673 580 2765 635 καὶ
2818 577 3014 656 μέτρον
3082 578 3290 637 δίκαιον
3347 581 3439 637 καί
3496 580 3820 656 χοίνιξ(23)

390 673 555 728 vobis
578 672 709 726 erit.

460 762 731 818 Platonis.
765 793 834 803 —
868 761 1131 816 Vivimus
1191 776 1314 816 non
1365 764 1433 815 ut
1490 757 1893 824 comedamus,
1943 755 2047 811 sed

391 853 762 911 comedimus
792 857 860 907 ut
895 851 1178 907 vivamus.

460 944 859 1016 Chrysostomi.
888 973 955 983 -—
987 943 1213 996 Natura
1237 939 1521 1007 humana,
1564 937 1803 1010 quando
1858 935 2049 991 multa

384 1034 447 1090 in
480 1033 917 1105 tranquillitate
962 1036 1252 1097 versatur,
1286 1029 1519 1102 ignorat
1549 1027 1852 1100 pr0priam
1889 1025 2047 1098 inge-

384 1124 679 1179 nuitatem
712 1129 770 1178 et
802 1139 924 1178 non
955 1126 1075 1177 stat
1104 1120 1364 1193 propriis
1411 1119 1472 1173 in
1513 1117 1754 1173 finibus.

458 1304 656 1360 Virtus
687 1320 810 1359 non
834 1319 865 1358 e
896 1301 1154 1357 terrenis
1181 1296 1747 1373 dignitatibus,sede
1777 1295 2045 1351 moribus

385 1396 601 1452 animus
641 1393 1040 1467 cognoscitur.

453 1483 797 1555 Benignitas
826 1481 1052 1537 bonum
1076 1485 1186 1551 est,
1248 1479 1351 1535 sed
1402 1478 1693 1534 bonorum
1749 1480 1926 1548 caput
1956 1479 2046 1530 est

384 1575 664 1632 charitas.

449 1665 735 1721 Juv'entus
768 1668 826 1719 et
855 1663 1109 1719 stultitia
1139 1662 1384 1717 vanitas.

453 1754 673 1810 Vacare
705 1751 1083 1826 passionibus
1115 1751 1276 1807 laudi
1308 1750 1566 1806 ducitur.

453 1845 702 1900 Joannis.
747 1873 815 1882 -—
870 1843 1005 1896 Haec
1065 1858 1329 1913 prassens
1378 1840 1515 1906 vita,
1567 1837 1839 1892 durabile
1890 1836 2043 1891 nihil

378 1934 632 2002 habens,
664 1932 871 1988 multis
906 1949 1145 2004 quoque
1178 1947 1377 1986 rerum
1408 1926 1923 1984 vicissitudinibus
1945 1925 2043 1980 ob-
2071 1940 2120 2005 Β

380 2024 560 2079 noxia
589 2028 698 2079 est.

450 2114 799 2185 Amphilochi
868 2144 938 2153 —-
992 2112 1218 2185 Lingua
1272 2115 1570 2183 prompta,
1639 2108 1791 2163 nihil
1872 2105 2035 2179 digni

381 2211 678 2272 eructans,
713 2208 772 2259 et
799 2203 1033 2259 veniam
1058 2220 1182 2259 non
1214 2207 1478 2257 meretur
1507 2205 1567 2255 et
1611 2199 1865 2269 seipsam
1892 2213 2035 2252 con—

377 2296 641 2351 demnat.

451 2382 771 2439 Hominum
795 2400 964 2438 mens
998 2387 1057 2438 et
1081 2381 1353 2438 voluntas
1384 2379 1616 2435 lubrica
1656 2382 1715 2432 et
1742 2376 2035 2431 versatilis

382 2478 511 2539 est;
544 2472 618 2527 ob
641 2473 795 2529 hanc
816 2489 1057 2529 causam
1091 2471 1270 2526 tutari
1302 2473 1537 2540 oportet
1557 2473 1616 2523 et
1644 2466 1805 2522 omni
1845 2470 2037 2521 custo-

382 2564 483 2619 dia
512 2570 780 2620 nostrum
814 2581 915 2620 cor
939 2563 1281 2633 defendere,
1317 2563 1399 2617 ita
1429 2568 1495 2617 ut
1538 2578 1677 2617 cum
1711 2560 1920 2615 timore
1977 2564 2037 2615 et

379 2660 640 2711 tremore
660 2660 929 2712 nostram
963 2653 1218 2710 salutem
1251 2668 1585 2724 operemur.

447 2828 785 2901 Corporalis
808 2845 965 2892 esca,
992 2826 1231 2898 quando
1263 2828 1326 2882 in
1359 2827 1730 2882 stomachum
1763 2825 2035 2881 humori-

374 2917 488 2975 bus
518 2917 798 2992 malignis
854 2916 1139 2972 refertum
1189 2915 1491 2984 ceciderit,
1551 2916 1808 2971 multum
1860 2920 2037 2988 auget

379 3008 681 3075 morbum,
714 3024 835 3063 non
868 3023 975 3079 per
1004 3006 1305 3079 propriam
1335 3010 1633 3078 naturam,
1660 3006 1763 3062 sed
1793 3022 1899 3077 per
1937 3005 2034 3061 de-

376 3097 676 3154 bilitatem
707 3097 1017 3152 stomachi.

451 3185 797 3242 Divinorum
830 3187 1250 3259 mysteriorum
1282 3186 1760 3259 comprehensio,
1792 3184 2031 3257 quando

372 3275 437 3329 in
470 3282 736 3331 mentem
766 3276 996 3332 malitia
1026 3276 1309 3332 refertam
1340 3275 1840 3346 ceciderit.magis
1864 3274 2030 3330 illam

374 3365 707 3437 corrumpit
736 3371 794 3421 et
823 3366 1241 3432 dissolvit,non
1274 3383 1381 3439 per
1409 3367 1709 3438 propriam
1732 3371 2029 3435 naturam,

377 3451 481 3508 sed
512 3469 621 3525 per
654 3453 1025 3511 debilitatem
1052 3455 1272 3511 mentis
1304 3472 1435 3527 quae
1465 3455 1711 3526 excepit.

452 3541 736 3615 Legitima
767 3544 1139 3600 matrimonii
1164 3543 1507 3615 conjunctio
1541 3542 1700 3615 apud
1724 3543 1909 3597 Deum
1931 3541 2041 3596 bo-

376 3631 665 3687 norabilis
688 3651 703 3700 ;
738 3650 869 3704 quin
892 3638 1093 3690 autem
1116 3638 1360 3705 propter
1386 3633 1717 3705 voluptates
1734 3631 2042 3703 perﬁcitur

377 3723 555 3776 morti
588 3722 845 3779 obnoxia
876 3728 984 3779 est.

449 3811 700 3867 Joannis.
732 3841 803 3853 -—
834 3813 1249 3883 Opportunum
1301 3811 1606 3868 silentium
1647 3811 2042 3884 cogitationes

375 3899 860 3973 sapientissimas
891 3900 1066 3973 parit.

449 3989 902 4045 Commiseratio
934 3990 1161 4047 bonum
1194 4008 1344 4064 opus
1373 3994 1464 4046 est
1519 3989 1583 4044 in
1612 3989 1733 4044 vita
1763 4006 1778 4055 ;
1803 3987 1907 4059 qui
1937 3987 2043 4044 illa

376 4078 666 4151 praeditus
689 4085 781 4136 est
811 4080 1085 4153 expedite
1116 4081 1405 4138 ambulat.

451 4169 591 4225 Dies
624 4186 745 4225 una
772 4170 890 4226 vita
919 4171 1116 4227 omnis
1144 4171 1237 4227 his
1268 4171 1369 4242 qui
1401 4184 1604 4224 amore
1636 4166 1930 4223 laborant.

452 4258 692 4314 Minime
721 4258 1012 4315 maiitiam
1047 4260 1387 4331 suspicatur
1415 4256 1575 4328 quod
1630 4272 1666 4311 a
1709 4256 1937 4311 malitia
1965 4255 2040 4311 li-

378 4347 588 4403 berum
619 4353 728 4404 est.

449 4437 765 4509 Voluptate
795 4437 1121 4510 aliquando
1152 4435 1562 4492 hanorabilior
1610 4441 1699 4491 est
1753 4435 1951 4493 luctus
1983 4441 2043 4491 et

447 4600 563 4672 (23)
598 4602 779 4674 Levit.
816 4620 933 4666 xix.
970 4606 1058 4658 36.
1093 4601 1232 4656 Cod.
1294 4600 1527 4674 σχοίνιξ.
1584 4600 1772 4657 Verba
1804 4602 2020 4658 Levitic

375 4673 717 4746 accuratius
740 4674 1061 4746 descripsit
1090 4673 1402 4746 Antonius.
1437 4676 1528 4740 40,
1552 4691 1609 4746 p.
1643 4676 1730 4727 59.

451 4745 563 4813 (24)
597 4744 854 4801 Socratis
886 4744 1119 4801 celebre
1151 4745 1373 4800 dictum
1403 4752 1493 4801 est
1535 4744 1694 4818 apud
1744 4744 2044 4801 Stobmum

380 4813 471 4868 tit.
512 4818 598 4880 17,
634 4820 722 4879 22,
757 4824 817 4872 et
845 4818 994 4873 alios
1018 4860 1032 4881 ,
1074 4833 1219 4872 num
1243 4818 1420 4874 etiam
1452 4813 2045 4889 repériaturap.Pla—

377 4890 585 4960 tonem
618 4890 840 4960 nescio.
876 4889 957 4944 Cf.
1023 4890 1318 4960 Wyttenb.
1353 4890 1427 4945 ad
1460 4889 1595 4943 Plut
1649 4905 1685 4952 ι,
1719 4889 1765 4950 l.
1825 4905 1882 4959 p.
1917 4892 2038 4944 219.

455 4959 568 5031 (25)
599 4961 740 5017 Cod.
776 4958 1027 5031 ἐμπέσοι,
1062 4958 1264 5015 Potest
1322 4961 1567 5032 quidem
1605 4958 2043 5032 nonnunquam

378 5026 503 5104 iii-civ
531 5026 857 5103 optativum
894 5032 1300 5104 sibijunctum
1332 5026 1553 5088 habere
1587 5049 1602 5089 ;
1659 5030 1760 5085 sed
1820 5026 1898 5085 in'
1935 5034 2045 5089 hoc

373 5101 506 5157 loco
531 5101 907 5175 solwcismus
940 5101 1101 5161 esset
1130 5105 1383 5175 ἐμπέσοι,
1418 5107 1689 5175 quem,ut
1712 5106 2043 5175 sexcenties

374 5174 592 5248 evenit,
630 5177 979 5248 iotacismus
1011 5174 1362 5248 peperisset.
1421 5174 1951 5248 Dixit_Men_andgr
1981 5178 2043 5231 in

376 5245 659 5321 Olynthia
694 5267 707 5302 :
740 5241 1253 5321 'Q€_88tXO.V?-6‘C¢V
1314 5247 1349 5313 ἡ
1413 5244 1511 5321 μὲν
1544 5243 1700 5321 φύσις
1750 5241 1968 5321 :A'ito'o‘t'p
1988 5268 2042 5301 τι

374 5316 598 5391 σεμνὸν,
629 5322 792 5374 τοῦτο
832 5316 877 5373 δ’
910 5321 946 5389 ἡ
1005 5317 1153 5391 τύχη
1213 5316 1422 5371 κακοῖζ
1461 5316 1657 5388 Nuper
1689 5316 1825 5391 _vir_
1860 5316 1949 5391 (1.,
1984 5321 2044 5376 id

374 5386 777 5463 fragmentum
813 5386 1292 5450 trac'tans'fxaxoi
1350 5406 1457 5461 pro
1518 5386 1790 5463 optativo
1812 5388 2039 5463 habuit,

374 5459 557 5532 quem
604 5464 886 5520 subtilius
951 5459 1418 5532 interpretatur:
1484 5459 1631 5516 mihi
1693 5459 1936 5530 quidem
1987 5470 2046 5519 et

375 5527 617 5607 multis,
643 5543 809 5607 puto.
843 5527 1189 5607 lectoribus,
1222 5527 1413 5607 ἀποδῷ
1454 5527 1878 5607 et‘xaxoi'sunt
1901 5536 2042 5591 sub—

366 5602 747 5672 junctivifln
788 5608 915 5662 illis
971 5604 1165 5660 verbis
1227 5604 1677 5660 terminationes
1726 5603 1930 5674 plures
1984 5614 2045 5664 et

376 5676 580 5751 activae
616 5684 675 5732 et
699 5681 947 5751 passivae
978 5692 1226 5750 prorsus
1259 5675 1805 5751 emdemsuntouaz
1840 5683 2039 5737 tamen

377 5761 447 5799 ex
479 5747 786 5820 adjunc'tis
823 5747 1181 5823 plerumque
1240 5748 1430 5804 nitide
1470 5747 1751 5819 distingui
1785 5758 2035 5819 queunt.

2059 3320 2106 3384 C

2165 660 2376 728 δίκαιος
2403 663 2554 723 ἔσται
2587 669 2733 745 ὑμῖν.

2228 752 2544 819 Πλάτωνος.
2580 791 2647 801 -
2677 764 2867 834 Ζῶμεν
3098 759 3208 836 οὐχ
3238 759 3321 815 ἴνα
3363 759 3648 835 ἐσθίωμεν,
3675 759 3813 831 ἀλλ,

2160 840 2414 919 ἐσθίομεν
2432 844 2511 901 ἵνα
2535 852 2732 922 ζῶμεν.

2228 935 2328 991 38
2386 940 2495 991 Τοῦ
2555 940 2976 1013 Χρυσοστόμου·
3036 972 3105 984 -ο
3159 941 3224 997 Ἡ
3296 941 3455 1020 φύσις
3513 941 3548 1010 ἡ
3599 939 3817 1014 ἀνορω-

2154 1022 2302 1090 πεία,
2337 1021 2555 1080 ἐπειδὰν
2605 1024 2827 1097 πολλῆς
2880 1029 3107 1091 άνὲσεως
3166 1024 3525 1100 ἐπιλάϐηται,
3587 1026 3812 1083 ἐπιλαν-

2156 1111 2368 1166 θάνεται
2401 1120 2502 1183 τῆς
2566 1114 2771 1177 οἰκείας
2830 1116 3099 1193 εὐγενείας
3134 1117 3227 1172 καὶ
3285 1118 3397 1192 οὐχ
3444 1114 3669 1172 ’ίσταται
3721 1115 3813 1171 ἐπὶ

2151 1205 2259 1256 τῶν
2290 1200 2505 1258 οἰκείων
2534 1204 2695 1279 ὂρων.

2223 1288 2283 1344 ’Π
2316 1291 2483 1365 ἀρετή
2524 1292 2621 1348 οὐκ
2653 1292 2714 1348 ὲκ
2770 1300 2879 1350 τῶν
2935 1296 3085 1351 κάτω
3137 1296 3489 1371 ἀξιωμάτων,
3544 1294 3673 1352 ἀλλ’
3728 1294 3815 1350 ἐκ·

2151 1381 2358 1455 τρόπου
2389 1382 2707 1457 γνωρίζεται
2729 1391 2829 1453 τῆς
2861 1388 3069 1460 ψυχῆς⁶

2223 1470 2282 1526 Ἣ
2320 1473 2640 1549 χρηστότης
2671 1472 2889 1551 ἀγαθὸν,
2921 1474 3107 1553 ἀγάπη
3132 1471 3189 1529 δὲ
3230 1474 3528 1555 κεφάλαιος
3572 1474 3810 1548 ἀγαθῶν.

2224 1652 2287 1708 Ἣ
2319 1651 2511 1724 νεότης
2540 1654 2631 1709 καὶ
2661 1656 2696 1723 ἡ
2729 1653 2883 1710 ἄνοια
2917 1655 3241 1728 ματαιότης·

2221 1744 2279 1797 'll
2314 1746 2425 1797 τῶν
2457 1746 2642 1800 παθῶν
2670 1742 2951 1820 ἐλευθερία
2980 1748 3301 1821 πανήγυρις.

2226 1925 2498 1981 Ἰωάννου.
2541 1959 2610 1968 -
2667 1927 2732 1983 Ἦ
2790 1926 3019 1983 ἐνταῦθα
3072 1930 3211 1998 ζωὴ,
3271 1929 3333 1984 τὸ
3392 1928 3651 2004 ἐπίμονον
3709 1929 3815 1984 οὐκ

2152 2011 2378 2090 ἔχουσα,
2432 2014 2773 2086 συνέζευκται
2830 2019 2920 2072 καὶ
2967 2016 3207 2081 πολλαῖς
3258 2020 3600 2096 πραγμάτων
3642 2040 3811 2095 μετα-

2154 2098 2368 2165 ϐολαῖς.

2222 2191 2599 2269 Ἀμφιλόχου.
2629 2226 2699 2239 —
2728 2196 2791 2251 Ἦ
2823 2198 3105 2270 προπετὴς
3162 2195 3407 2271 γλῶττα,
3467 2195 3621 2254 οὐδὲν
3658 2197 3817 2268 ἄξιον

2148 2283 2499 2359 ἐρευγομὲνη,
2531 2282 2623 2339 καὶ
2654 2283 3037 2363 ἀσύγγνωστός
3068 2284 3209 2341 ἐστιν
3259 2286 3351 2342 καὶ
3399 2288 3594 2356 ἑαυτὴν
3641 2286 3812 2358 ἐστη-

2148 2370 2180 2427 λ
2192 2373 2388 2428 ίτευσεν
2398 2417 2409 2429 .

2218 2462 2281 2518 ἹΙ
2313 2467 2420 2518 τῶν
2470 2462 2767 2539 ἀνθρώπων
2822 2465 3019 2539 γνώμη
3079 2465 3170 2520 καὶ
3235 2467 3553 2542 προαίρεσις
3611 2466 3807 2521 εὐόλι-

2148 2549 2274 2615 σθός
2305 2549 2540 2610 ἐστικαὶ
2598 2552 3037 2629 εὐπερίτρεπτος·
3095 2553 3293 2610 τούτου
3343 2555 3506 2630 χάριν
3561 2553 3805 2632 ἀσφαλί-

2150 2641 2329 2709 ζεσθαι
2371 2643 2480 2717 χρὴ
2547 2643 2638 2697 καὶ
2696 2642 2841 2717 πάσῃ
2917 2640 3136 2720 φυλακῇ
3212 2651 3397 2718 τηρεῖν
3448 2646 3547 2715 τὴν
3604 2646 3807 2701 ἑαυτοῦ

2152 2733 2428 2807 σωτηρίαν
2457 2733 2901 2810 κατεργάζεσθαι·

2217 2822 2280 2879 Ἦ
2340 2826 2630 2897 σωματικὴ
2689 2825 2891 2902 τροφὴ,
2951 2823 3079 2881 ὅταν
3134 2826 3209 2888 εἰς
3263 2827 3498 2904 γαστέρα
3579 2827 3806 2903 χυμοὺς

2149 2907 2383 2988 ἔχουσαν
2414 2914 2680 2989 πονηρίας
2711 2912 2923 2990 ἐμπέσῃ
2956 2919 3096 2989 (25),
3151 2913 3246 2971 ἔπὶ
3297 2915 3491 2972 πλεῖον
3547 2915 3809 2974 ἐπιτείνει

2147 3006 2245 3073 τὴν
2277 3006 2379 3062 89
2409 3003 2733 3081 ἀρρωστίαν,
2770 3004 2832 3059 οὐ
2864 3006 3012 3081 παρὰ
3042 3006 3141 3075 τήν
3167 3005 3370 3061 οἰκείαν
3413 3007 3594 3084 φύσιν,
3653 3006 3812 3063 ἀλλὰ

2148 3095 2295 3169 παρὰ
2323 3095 2422 3164 τήν
2455 3092 2729 3150 ἀσθένειαν
2759 3100 2861 3163 τῆς
2892 3096 3148 3171 γαστρός.

2218 3184 2278 3240 ἹΙ
2313 3188 2421 3239 τῶν
2455 3179 2612 3237 θείων
2674 3182 2992 3257 μυστηρίων
3054 3182 3388 3260 μετάληψις,
3449 3183 3663 3243 ἐπειδὰν
3724 3188 3811 3250 εἰς

2147 3270 2385 3328 διάνοιαν
2414 3270 2625 3347 ἐμπέσῃ
2672 3272 2944 3349 γέμουσαν
2998 3273 3287 3349 πονηρίας,
3352 3274 3567 3349 μᾶλλον
3636 3275 3810 3347 αὐτὴν

2148 3359 2445 3436 διαφθείρει
2474 3362 2565 3416 καὶ
2595 3359 2924 3430 ἀπόλλυσιν,
2965 3362 3028 3417 οὐ
3058 3364 3205 3438 παρὰ
3233 3365 3331 3432 τήν
3388 3365 3590 3420 οἰκείαν
3620 3366 3808 3443 φύσιν,

2144 3448 2292 3506 ἀλλὰ
2322 3450 2470 3527 παρὰ
2493 3451 2593 3521 τὴν
2627 3451 2898 3505 ἀσθένειαν
2930 3458 3028 3521 τῆς
3063 3449 3359 3527 δεξαμένης
3392 3456 3599 3527 ψυχῆς.

2216 3542 2278 3598 Ἡ
2312 3538 2572 3614 ἔνθεσμος
2602 3545 2699 3597 τοῦ
2727 3541 2908 3617 γάμου
2951 3542 3095 3614 μίξις
3155 3544 3316 3618 τιμία
3364 3547 3509 3622 παρὰ
3561 3550 3703 3619 Θεῷ’
3763 3550 3801 3618 ἡ

2148 3628 2204 3686 δὲ
2233 3631 2371 3706 πρὸς
2397 3631 2562 3707 χάριν
2586 3635 2693 3687 τῶν
2726 3628 2943 3701 ἡδονῶν
2974 3629 3339 3709 ἐκτελουμένη
3395 3640 3612 3709 θανάτῳ
3672 3636 3808 3692 inro-

2145 3716 2436 3792 ϐέϐληται.

2216 3810 2490 3871 Ἰωάννου.
2548 3844 2620 3855 -
2670 3812 2730 3868 'll
2768 3811 3019 3886 εὓκαιρος
3081 3815 3263 3884 σιωπὴ
3329 3816 3516 3890 μήτηρ
3577 3815 3802 3872 ἐννοιῶν

2149 3903 2477 3982 σοφωτάτων
2488 3946 2501 3958 .
2793 3907 2800 3913 ’

2214 3992 2278 4048 Ἦ
2312 3991 2619 4064 συμπάθεια
2649 3989 2817 4046 καλὸν
2844 3988 3002 4069 ἔργον
3033 3990 3085 4048 ἐν
3119 3992 3247 4067 βίῳ·
3279 3995 3481 4066 ταύτην
3542 3990 3683 4072 ἔχων
3715 4015 3803 4061 τις

2147 4079 2352 4145 εὐόδως
2375 4081 2683 4156 πορεύεται.

2215 4168 2424 4245 Ἡμέρα
2459 4173 2571 4243 (26)
2600 4170 2696 4244 μία
2730 4172 2851 4246 βίος
2887 4172 3021 4234 ’ὀΑος
3051 4178 3168 4236 τοῖς
3199 4174 3355 4247 πόθῳ
3400 4176 3725 4249 κάμνουσιν·

2214 4263 2444 4315 Ἦκιστα
2474 4260 2664 4315 κακίαν
2698 4261 2959 4339 ὑφορᾶται
2989 4263 3052 4317 τὸ
3084 4263 3278 4328 κακίας
3310 4261 3617 4340 ἐλεύθερον.

2206 4434 2447 4507 Ἡδονῆς
2478 4438 2612 4492 ποτὲ
2641 4435 2783 4493 ἐστιν
2820 4437 2969 4511 λύπη
3021 4440 3327 4517 τιμιωτέρα
3385 4442 3477 4498 καὶ
3532 4445 3808 4519 κατήφεια

2151 4604 2442 4676 Isocrates
2473 4599 2727 4676 D_em.gp.
2764 4601 2833 4655 δε
2896 4600 3075 4655 Τοῦτο
3103 4596 3192 4676 ἠδὲ
3254 4603 3524 4676 ποιήσεις,
3582 4601 3668 4670 ἄν,
3730 4604 3809 4676 μή

2074 4674 2121 4739 D
2154 4671 2558 4749 δεόμενός-τιοῦ,
2588 4664 2794 4749 δείσθαι
2847 4674 3150 4745 προσποιῇ,
3206 4674 3334 4747 περί
3376 4664 3452 4728 ’τε
3480 4664 3587 4729 τῶν
3625 4664 3813 4749 ῥητῶν

2155 4739 2590 4816 ὡς’άπορῥτςτων
2641 4739 2917 4816 ἀνακοινοῖ
2947 4762 2960 4798 :
2995 4739 3113 4814 qua
3168 4745 3229 4800 in
3280 4739 3581 4803 'senteetia
3625 4739 3809 4804 nemo

2153 4817 2331 4891 paulo
2361 4814 2648 4891 attentior
2678 4814 2762 4891 de
2781 4814 3059 4891 ἀνακοινοῖ
3088 4817 3348 4888 optativo
3376 4820 3813 4891 cogitaveritJd

2155 4884 2369 4946 moneo
2402 4886 2477 4941 ob
2519 4884 2694 4958 edicti
2730 4886 2804 4942 de
2833 4888 3091 4958 optativa
3123 4884 3286 4942 κακοῖ
3334 4884 3553 4946 fastum
3584 4908 3654 4947 ac
3708 4908 3812 4946 su-

2155 4960 2455 5033 perbiam.
2477 4956 2644 5033 Adde
2664 4956 2888 5033 _Eurip.‘
2908 4961 2999 5014 Tr.
3031 4962 3187 5033 17150.
3237 4961 3331 5016 Sic
3361 4969 3452 5017 est
3506 4962 3633 5016 ὅταν
3663 4961 3807 5033 ἀξιοῖ

2157 5030 2590 5105 subjunctivus,
2624 5030 2802 5105 idque
2835 5032 3109 5105 rectehin
3137 5033 3320 5105 Phila;
3352 5030 3719 5105 poematiolq
3737 5035 3812 5090 de

2155 5097 2289 5180 rosa
2326 5097 2613 5180 λἚλλην
2661 5097 2763 5180 -μὲρν
2831 5099 2935 5180 ρῦν
2992 5097 3231 5180 εὔοσμον.
3285 5097 3564 5177 ἀθροίσας,
3628 5102 3811 5180 ῥόδον,

2154 5177 2318 5233 Ὀταν
2348 5172 2393 5251 ,ὀμ
2416 5170 2628 5251 καιρὸς,
2653 5170 2896 5251 (ip-{avth
2954 5173 3080 5251 τὰς-
3105 5170 3375 5251 ἔκφιξσεις,
3431 5170 3637 5249 Κομῶν¹
3688 5170 3816 5233 ὁτεέ

2156 5251 2305 5324 lvd);
2337 5242 2602 5324 dEioiaczi
2631 5242 3009 5324 τάς-βάτους,
3047 5242 3189 5301 Ρτο’
3218 5246 3473 5324 ἀθροίσας
3510 5242 3813 5322 ἰ’θροῐιειηι

2155 5316 2413 5395 ᾇῖὶρησας.
2450 5316 2631 5395 δὶρὶῐι
2660 5316 2923 5395 -ῧὶόᾴοςο
2955 5317 3068 5373 Sic.
3126 5335 3186 5386 ιι,
3223 5316 3336 5395 ⁸51,
3398 5316 3679 5395 ἆθρεῖσθαι
3721 5322 3816 5377 vel

2151 5387 2438 5464 ἠθρῆσθαε
2455 5387 2614 5464 edito
2644 5388 2932 5464 ἠθροῖσθαι
2963 5406 3101 5464 cum
3150 5387 3581 5464 substituerim,
3615 5400 3815 5449 muta—

2154 5459 2374 5519 tionem
2409 5460 2464 5514 S.
2500 5459 2684 5531 Sacyo
2722 5459 3006 5532 probavi,
3062 5478 3238 5532 quem
3300 5463 3431 5519 vide
3489 5465 3551 5520 in
3608 5466 3812 5522 Diario

2151 5534 2379 5609 Erudit.
2415 5548 2491 5609 a._
2530 5534 2688 5609 1828,
2748 5549 2805 5603 p.
2859 5534 2985 5601 648,
3044 5534 3143 5587 ubi
3200 5537 3689 5609 typographicum
3723 5543 3815 5592 est

2152 5605 2434 5663 mendum
2467 5602 2763 5671 ἁτρείσθαιῖ

2222 5680 2335 5747 (26)
2367 5676 2534 5749 Greg.
2569 5678 2705 5732 Naz.
2748 5677 2843 5733 0r.
2876 5690 3073 5744 xxvm,
3109 5694 3163 5749 p.
3197 5681 3321 5736 473.
3357 5680 3495 5736 Cod.
3531 5678 3809 5740 ὃλως.οἰ.

2154 5765 2334 5822 supra
2362 5747 2425 5802 in
2454 5748 2598 5816 Βίος,
2620 5765 2679 5820 p.
2714 5749 2800 5803 13.
