4096 6470
345 414 500 476 1105

1741 404 2361 468 GNOMOLOGIUM.

3618 409 3776 472 1106

341 548 590 626 ὑπάγειν·
652 543 778 603 οὑδὶ
831 548 950 608 τοῖς
1008 541 1411 618 ἁμαρτάνουσιν
1462 540 1619 606 εὐθὺς
1672 538 1932 610 ἐπέξεισιν

2115 539 2315 596 statim
2347 540 2418 596 de
2447 538 2834 613 peccantibus
2865 538 3177 595 ulciscitur
3205 539 3382 609 Deus,
3407 539 3509 596 sed
3535 545 3770 614 tempus

338 635 675 706 Θεὸς,ἆλλὰ
704 633 896 692 δίδωσι
954 633 1158 710 χρόνον
1212 634 1302 689 καὶ
1361 633 1462 703 τὴν
1517 635 1616 687 τοῦ
1671 629 1996 706 σφάλματος

335 725 483 781 ἴασιν
514 746 574 781 τε
603 725 696 780 καὶ
727 723 1124 800 ἐπανόρθωσιν.

408 808 558 872 Ἰώϐ.
612 846 680 856 -
740 815 974 875 Θάνατος
1033 814 1146 886 (64)
1233 808 1388 886 ἀνδρὶ
1448 809 1768 871 ἀνάπαυσιςο
1846 806 1998 863 συνέ-

329 904 522 961 κλεισε
548 904 650 980 γὰρ
683 903 711 957 ὁ
743 901 948 978 Κύριος
972 903 1094 957 κατ’
1123 900 1312 957 αὐτοῦ.

403 992 608 1070 Σεράχ.
641 1024 709 1036 -
741 991 941 1068 Θρόνον
977 995 1093 1064 (65)
1155 989 1513 1067 ὀφρυώμενον
1564 983 1815 1052 καθεῖλεν
1870 984 1993 1041 Κύ-

327 1103 473 1158 ριος,
511 1083 601 1136 καὶ
636 1079 889 1160 ἐφύτευσε
911 1077 1199 1141 ταπεινούς
1229 1079 1341 1134 ἀντ’
1374 1076 1572 1135 αὐτῶν.

405 1175 663 1228 Σὲκστου.
701 1204 766 1214 —
813 1171 979 1227 Θυσία
1038 1172 1154 1244 (66)
1211 1173 1292 1243 τῷ
1347 1173 1474 1241 Θεῷ
1535 1168 1733 1244 γνώμη
1793 1165 1990 1243 ἀγαθή.

398 1262 508 1319 Τοῦ
563 1261 976 1336 Χρυσοστόμου.
1031 1292 1101 1303 -
1159 1259 1414 1333 Ἰσχυρδιν
1503 1255 1679 1312 ’ὁπλον
1742 1257 1992 1328 ἆκτημο-

2109 631 2385 687 concedit
2414 629 2489 687 ad
2517 631 2708 702 culpas
2740 630 3113 686 sanationem
3141 635 3201 685 et
3256 632 3762 690 emendationem.

2176 811 2295 867 Job.
2325 812 2572 866 —Mors
2620 809 2848 864 homini
2907 809 3181 880 requies:
3243 810 3540 867 conclusit
3596 812 3761 868 enim

2108 900 2398 956 Dominus
2429 899 2491 955 in
2522 899 2647 955 illa.

2177 989 2394 1045 Sirach.
2422 1021 2495 1030 -—
2524 988 2733 1044 Sedem
2767 989 3174 1060 arrogantium
3207 988 3499 1044 destruxit
3554 990 3756 1045 Domi-

2103 1095 2238 1147 nus,
2271 1087 2330 1134 et
2368 1078 2556 1133 erexit
2585 1077 2846 1134 humiles
2875 1095 2978 1149 pro
3013 1078 3153 1135 illis.

2173 1169 2349 1224 Sexti.
2383 1200 2455 1208 —
2486 1167 2852 1223 Sacriﬁcium
2881 1168 2998 1222 Deo
3029 1183 3196 1223 mens
3225 1167 3402 1223 bona.

2173 1259 2561 1328 Chrysostomi.
2590 1288 2663 1298 -—
2693 1256 2900 1311 Valida
2939 1263 3246 1313 armatura
3302 1264 3643 1330 paupertas,
3696 1264 3755 1314 et

322 1351 488 1423 σῦνη,
545 1353 635 1406 καὶ
693 1350 1135 1426 ἀκαταγώνιστον
1197 1347 1571 1424 καταγώγιον,
1632 1344 1722 1400 καὶ
1778 1344 1954 1421 πύργο

2110 1347 2558 1421 inexpugnabile
2589 1347 2906 1419 refugium,
2939 1353 2999 1402 et
3029 1347 3208 1402 turris
3233 1347 3500 1405 immota.

320 1439 642 1503 ἀσάλευτος.

395 1532 496 1588 48
556 1530 765 1604 Ἰατροῦ
810 1529 1011 1604 τέχνην
1073 1524 1275 1582 εἴσεται
1332 1527 1362 1581 ὁ
1419 1528 1517 1581 τοῦ
1571 1525 1884 1597 νοσήματος
1919 1523 1989 1549 ’⁸⁸

2167 1526 2374 1583 Medici
2408 1534 2594 1582 arlem
2626 1526 2775 1582 sciet
2803 1525 3245 1598 aegritudinis...
3308 1524 3595 1599 dicentes,
3635 1526 3752 1583 mi-

316 1618 592 1693 λοῦν(67)
644 1618 774 1681 τοὺς
845 1618 1126 1694 λέγοντας,
1189 1613 1360 1691 μηδὲν
1427 1609 1801 1670 καταϐλάπτει
1855 1611 1954 1670 τοὺ

2110 1617 2258 1672 nime
2289 1616 2454 1672 laadit
2481 1615 2816 1673 audientes.

311 1709 641 1772 ἀκούοντας.

396 1791 668 1872 Βαόρίου.

397 1889 657 1962 Κρεῖττον
693 1886 810 1959 (68)
835 1884 899 1940 τὸ
923 1883 1227 1963 φροντίζειν
1261 1883 1570 1962 ἀναγκαίων
1605 1883 1834 1956 χρειῶν,

398 1977 469 2031 ’11
499 1976 562 2031 τὸ
587 1976 880 2050 προσέχειν
909 1972 1157 2050 τέρψεσίν
1185 1994 1244 2028 τε
1269 1973 1360 2029 καὶ
1390 1974 1629 2047 κώμοις.

393 2064 710 2125 Βασιλείου.
769 2097 840 2108 --
899 2066 1113 2127 Καπνὸς
1173 2068 1288 2139 (69)
1341 2061 1630 2143 φυγαδεύει
1693 2057 1975 2136 μελίσσας,

310 2153 569 2232 χάρισμα
599 2151 658 2210 δὲ
687 2154 1056 2227 πνευματικὸν
1089 2151 1389 2208 ἀποδιώκει
1421 2149 1725 2229 κραιπάλη.

388 2246 560 2302 Κακία
587 2250 704 2320 (70)
731 2251 1075 2317 σιωπηθεῖσα
1098 2245 1259 2310 νόσος
1286 2247 1494 2321 γίνεται
1527 2243 1909 2318 ἀθεράπευτος.

385 2335 675 2396 Αἰσώπου.

422 2423 614 2488 Κόπος
640 2427 754 2498 (71)
785 2423 888 2480 οὐκ
925 2420 1071 2498 ἔχων
1101 2423 1397 2500 ἰσόρροπον
1430 2422 1493 2478 τὸ
1521 2418 1738 2497 κέρδος,

415 2511 681 2584 Ἀθυμίαν
713 2509 907 2567 δίδωσι
937 2517 1060 2574 τοῖς
1096 2512 1300 2587 μόχθις
1329 2511 1434 2571 ἀεί.

421 2605 746 2676 Κακοῦργος
775 2601 937 2676 ἀνήρ,
967 2600 1094 2664 τοὺς
1123 2601 1361 2676 τρόπους
1389 2599 1491 2656 οὐκ
1519 2597 1792 2675 ἀμείϐων,

425 2691 504 2748 Τὸ
537 2693 732 2766 σχῆμα
765 2687 1130 2764 μεταλλάττει
1159 2689 1376 2760 ἀπάτης
1405 2691 1594 2767 χάριν.

430 2785 626 2843 Κακοῖς
658 2782 800 2836 κακᾶ
831 2782 1116 2836 συυάπτων
1147 2781 1176 2835 ὁ
1208 2781 1392 2843 σκαιὸς
1417 2780 1552 2856 ἀνὴρ

431 2869 611 2938 Δῆλος
639 2866 911 2942 δήπουθὲν
944 2870 1086 2925 ἐστιν
1110 2867 1396 2947 σφαλερῶς
1433 2871 1589 2946 βιῶν.

428 2962 529 3017 49
565 2959 668 3016 Καὶ
699 2959 826 3022 τοὺς
855 2960 1146 3035 τυχόντας,
1179 2957 1223 3014 εἰ
1253 2957 1388 3030 δέοι,
1419 2959 1612 3038 φίλους
1644 2957 1761 3034 ἔχε,

423 3051 618 3114 Κακῶς
651 3047 710 3105 δὲ
741 3051 819 3123 μή
852 3050 1086 3126 χαρίζου
1113 3051 1175 3105 τὸ
1206 3051 1342 3124 πρὸς
1372 3050 1430 3104 σε
1460 3051 1660 3126 στύγος
1689 3056 1819 3126 (72).

380 3229 567 3290 Καλὸν
600 3231 682 3287 ἀεὶ
712 3234 791 3303 τῷ
823 3229 1090 3305 κρείττονι
1147 3229 1212 3286 τὸ
1263 3234 1452 3305 χεῖρον
1503 3229 1825 3288 ἀκολουθεῖν
1872 3228 1962 3287 διὰ

303 3320 655 3398 βελτιώσεως
687 3317 906 3378 ἐλπίδα.

375 3409 794 3486 Ἱπποκράτους.
825 3443 896 3454 —
928 3408 1105 3468 Κόποι
1160 3413 1274 3482 (73)
1329 3407 1632 3483 αὐτόματοι
1688 3411 1953 3486 φράζουσι

301 3501 523 3563 νόσους.

380 3589 669 3646 κυκλώσει
701 3592 810 3663 (74)
839 3589 1063 3646 ’ἑκαστον
1094 3587 1162 3644 τὰ
1190 3583 1486 3645 διαϐούλια
1514 3587 1702 3646 αὐτοῦ.

374 3680 547 3756 Κόρος
583 3683 695 3753 (75)
727 3674 939 3753 ὕϐρεως
969 3678 1144 3754 ἀρχή.

375 3767 686 3843 Κρείττονὲς
720 3767 854 3823 εἷ’σιν
894 3767 950 3822 αἱ
1005 3772 1114 3822 τῶν
1163 3763 1608 3839 πεπαιδευμένων
1662 3765 1881 3830 ἐλπίδες
1914 3767 1949 3837 ἢ

298 3860 330 3914 ὁ
359 3862 468 3914 τῶν
501 3857 727 3931 ἀμαθῶν
757 3856 1022 3918 πλοῦτος.

408 3950 605 4010 Κακοῖς
636 3944 853 4020 ὁμιλῶν
887 3951 996 4021 (76)
1025 3945 1113 4002 καὶ
1146 3946 1312 4006 κακὸς
1342 3946 1561 4010 παντως
1585 3941 1697 4020 ἔσῃ.

367 4125 622 4203 Κρεὶττον
669 4128 793 4202 (77)
840 4123 1132 4202 εὐημερίας
1181 4123 1537 4202 ἆχαλινώτου
1581 4148 1740 4191 νοσος
1785 4126 1949 4207 φιλό-

293 4237 487 4295 σοφος.

367 4398 479 4469 (64)
507 4397 614 4454 Job
644 4414 728 4465 ιιι,
758 4397 849 4454 23.

368 4466 482 4540 (65)
513 4470 737 4525 Sirach.
770 4487 826 4527 x.
863 4469 951 4528 14.
983 4483 1117 4523 cum
1147 4466 1352 4523 variet.

368 4543 481 4610 (66)
539 4543 739 4596 Potest
787 4540 1044 4596 conferri
1114 4540 1324 4595 Sextus
1410 4539 1628 4602 Ruﬁni,
1689 4557 1746 4612 p.

299 4636 325 4663 α
362 4613 673 4695 Templum
707 4620 978 4694 sanctum
1011 4612 1248 4695 est_Deo
1283 4626 1452 4695 mens
1499 4611 1602 4682 pii.
1655 4619 1715 4695 et
1762 4613 1947 4668 altare

293 4691 388 4741 est
407 4681 698 4755 optimum
731 4685 783 4740 ei
815 4701 918 4739 cor
951 4683 1236 4738 mundum
1270 4689 1331 4737 et
1359 4681 1838 4755 sine'peccato._»

368 4751 480 4829 (67)
510 4757 672 4812 Inter
696 4756 1034 4829 νοσήματος,
1061 4755 1240 4829 finem
1275 4770 1402 4824 pag.
1420 4755 1564 4829 283,
1597 4757 1650 4814 2,
1686 4761 1744 4808 et
1790 4751 1946 4822 λοῦν,

293 4825 532 4910 initium
569 4846 624 4910 p_.
659 4831 782 4910 234,
812 4830 861 4885 1.
898 4827 1072 4910 periit
1105 4826 1315 4910 folium
1349 4825 1946 4910 salter-u‘unumlquo

291 4897 612 4956 litteram’I
642 4900 715 4954 ad
750 4900 932 4955 linem
963 4897 1288 4953 deduxerat
1310 4898 1664 4966 compilator
1695 4905 1754 4952 et
1785 4903 1819 4950 K
1848 4897 1944 4954 in-

292 4971 814 5035 choaverat;ideo
873 4970 1192 5026 asteriscos
1249 4969 1520 5039 apposui.
1587 4969 1827 5024 Videtur
1885 4971 1945 5026 in

289 5043 489 5114 prima
512 5044 623 5098 loci
645 5043 823 5114 hujus
847 5048 1012 5114 parte
1031 5040 1328 5114 sententia
1354 5039 1536 5114 fuisse
1561 5041 1945 5098 Democritea:

287 5111 510 5170 similis
540 5111 1007 5185 quam—prodidit
1036 5111 1244 5167 Isidor.
1280 5127 1319 5177 ι,
1353 5112 1456 5185 Ep.
1507 5113 1611 5185 437
1635 5129 1664 5185 ;Δ
1703 5113 1942 5183 Ἰατρική

288 5177 574 5256 μὶνηκατᾶ
606 5177 976 5256 Δημόκριτον,
1026 5185 1282 5256 σώματος
1331 5177 1551 5256 νόσους*
1575 5177 1823 5253 ἀκὲεται,
1861 5177 1947 5238 oo;

330 5253 478 5335 {96%
534 5253 721 5335 ψυχήν
781 5253 994 5335 παρεών
1054 5253 1388 5332 ἀφαιρέεται.
1452 5253 1592 5309 Vide
1645 5256 1940 5328 Wyttenb.

282 5278 384 5386 Ὲιη
420 5278 478 5312 οε
534 5278 721 5342 ξγυχην
781 5278 952 5347 nausa

336 5329 438 5384 ibi.
468 5338 597 5385 crit.
636 5346 736 5392 xu,
772 5345 828 5400 p.
877 5331 952 5383 45.

1809 4543 1911 4596 646
1933 4558 1946 4597 :

356 5403 449 5470 (68
503 5395 886 5471 Cod.tépv)ism
939 5395 1030 5452 καὶ
1075 5395 1314 5471 κώμοις..
1371 5397 1530 5471 quod
1578 5399 1828 5471 correxi,
1878 5405 1946 5455 ut

281 5467 490 5529 versus
522 5467 792 5529 clausula
819 5477 979 5526 recto
1012 5475 1197 5525 staret
1230 5467 1369 5522 talo.
1396 5467 1611 5523 ’Adhuc
1645 5469 1804 5524 labat
1829 5472 1942 5527 ini-

281 5546 435 5600 tium
458 5560 478 5614 ;
511 5545 712 5599 forsan
744 5541 1154 5614 scribendum,
1185 5536 1221 5608 ἤ
1252 5539 1316 5593 τὸ
1345 5538 1638 5614 προσέχειν
1688 5545 1812 5595 νοῦν
1864 5562 1940 5614 τ.,

285 5616 380 5672 vel
435 5612 472 5682 ἢ
504 5615 568 5670 τὸ
598 5613 919 5688 προσίσχειν
951 5631 1002 5688 τ.

362 5689 475 5758 (69)
506 5689 684 5746 Basil.
716 5682 882 5744 Hom.
917 5687 1037 5742 lDe
1061 5682 1319 5756 jejunio.
1347 5699 1406 5755 p.
1442 5684 1562 5739 132.

365 5761 477 5830 (70)
509 5760 690 5818 Basil.
732 5761 900 5815 Hom.
935 5773 1086 5814 mor.
1115 5760 1194 5814 De
1241 5761 1505 5828 peccato,
1554 5773 1613 5827 p.
1667 5759 1789 5827 142,
1839 5757 1939 5814 ubi

2163 1798 2375 1854 Babrii.

2232 1887 2440 1943 Melius
2469 1890 2560 1942 cst
2589 1901 2799 1941 curare
2831 1883 2905 1940 de
2934 1883 3293 1940 necessariis
3323 1884 3599 1957 negotiis,

2227 1977 2413 2043 Quam
2447 1992 2509 2032 se
2537 1975 2680 2032 dare
2713 1974 2948 2030 deliciis
2981 1979 3039 2029 et
3068 1973 3370 2029 conviviis.

2153 2067 2372 2123 Basilii.
2406 2097 2474 2108 --
2526 2065 2746 2120 Fumus
2795 2065 2954 2136 fugat
3006 2079 3169 2136 apes,
3231 2060 3484 2136 gratiam
3542 2068 3743 2120 autem

2084 2155 2456 2229 spiritualem
2487 2155 2735 2226 expellit
2765 2153 3044 2208 ebrietas.

2152 2247 2370 2301 Malum
2400 2243 2701 2300 occultum
2734 2242 2978 2299 morbus
3007 2242 3076 2297 fit
3107 2241 3485 2299 insanabilis.

2149 2333 2361 2406 Esopi.

2080 2423 2271 2480 Labor
2301 2423 2404 2496 qui
2433 2439 2553 2478 non
2585 2422 2767 2479 habet
2795 2419 3160 2493 mquivalens
3189 2419 3446 2489 lucrum,

2078 2514 2325 2586 Semper
2354 2512 2808 2568 difficultatibus
2841 2516 3045 2579 terret,

2079 2605 2181 2659 Vir
2207 2603 2536 2676 improbus,
2569 2619 2765 2659 mores
2796 2619 2916 2657 non
2947 2606 3210 2670 mutans,

2080 2695 2319 2750 Vultum
2351 2700 2679 2751 commutat
2707 2693 2932 2749 fraudis
2963 2693 3171 2766 gratia.

2076 2785 2185 2850 Qui
2217 2784 2376 2840 mala
2407 2784 2582 2840 malis
2608 2783 2921 2856 conjungit
2948 2783 3035 2838 vir
3061 2798 3274 2854 parum
3303 2780 3514 2852 solers,

2075 2873 2416 2929 Certissime
2447 2873 2626 2928 vitam
2657 2872 3054 2944 periculosam
3076 2870 3262 2937 ducit,

2075 2961 2306 3028 Obvios,
2340 2962 2389 3018 si
2421 2978 2569 3032 Opus
2602 2967 2710 3027 est,
2744 2961 2969 3016 amicos
3001 2959 3176 3030 habe,

2075 3053 2188 3110 Sed
2218 3069 2294 3108 ne
2323 3052 2449 3108 illis
2482 3052 2636 3108 male
2666 3051 2972 3124 impertias
3003 3051 3421 3108 adversitatem
3481 3071 3614 3125 qum
3671 3059 3729 3110 te

3393 3142 3652 3217 (affligit.

2142 3237 2371 3292 Bonum
2403 3237 2494 3288 est
2523 3248 2758 3304 semper
2805 3231 3038 3287 medius
3067 3248 3102 3287 a
3130 3231 3333 3304 pejore
3385 3233 3598 3306 excipi,
3649 3234 3722 3289 ob

2073 3342 2239 3398 spem
2271 3321 2726 3380 meliorationis.

2132 3416 2511 3486 Hippocratis.
2537 3444 2606 3453 —
2640 3408 3046 3468 Lassitudines
3077 3426 3184 3484 per
3214 3427 3277 3468 se
3329 3411 3569 3470 morbos
3618 3414 3717 3470 iu-

2062 3506 2285 3564 dicant.

2133 3592 2600 3651 Circumdabunt
2630 3608 2926 3665 quemque
2959 3609 3080 3648 suas
3111 3592 3591 3652 adinventiones.

2135 3685 2422 3741 Saturitas
2452 3682 2787 3738 insolentia;
2817 3682 3080 3738 initium.

2134 3773 2406 3830 Meliores
2435 3778 2577 3828 sunt
2607 3787 2812 3827 eorum
2836 3772 2938 3842 qui
2989 3771 3148 3828 docti
3180 3778 3319 3828 sunt
3349 3790 3482 3845 spes
3533 3790 3712 3846 quam

2062 3864 2466 3937 ignorantium
2493 3861 2732 3917 divitiae.

2133 3955 2280 4010 Cum
2314 3951 2488 4008 malis
2519 3957 2925 4020 conversatus,
2957 3951 3152 4008 malus
3185 3969 3424 4025 quoque
3468 3956 3715 4012 omnino

3479 4043 3643 4114 [eris.

2131 4131 2340 4188 Melior
2361 4136 2452 4188 est
2475 4129 2871 4188 immoderata
2894 4131 3179 4189 felicitate
3203 4132 3447 4190 morbus
3479 4135 3714 4207 sapien-

2063 4222 2158 4277 tiai
2191 4221 2439 4279 amicus.

2057 4397 2216 4460 νόσος
2248 4396 2490 4458 ὕπουλός
2522 4397 2660 4452 ἐστιν
2693 4396 2744 4452 ἐν
2771 4400 2840 4470 τῇ
2871 4398 3020 4469 ψυχῇ
3047 4416 3061 4454 :
3090 4415 3222 4470 qum
3257 4404 3347 4454 est
3395 4400 3574 4457 etiam
3624 4403 3708 4460 le-

2059 4471 2532 4548 ctio_A_nto_nii_S.
2570 4474 2696 4548 _l7_t.
2731 4488 2786 4542 p.
2821 4473 2944 4548 236,
2980 4476 3038 4525 et
3085 4470 3307 4548 codicis
3362 4472 3520 4538 H68,
3570 4491 3702 4548 pag.

2058 4545 2148 4598 45.
2181 4543 2263 4599 Cf.
2294 4542 2480 4598 schol.
2515 4542 2589 4597 ad
2618 4543 2826 4598 Joann.
2857 4542 3098 4597 Climac.
3132 4559 3189 4613 p.
3223 4545 3312 4597 97.

2130 4618 2183 4683 (7
2229 4626 2240 4674 t
2272 4614 2599 4684 Sequentes
2627 4614 2955 4669 sententias
2989 4619 3245 4684 quatuor
3274 4614 3335 4669 in
3372 4620 3558 4672 metra
3590 4616 3707 4673 dis-

1978 4659 2024 4723 D
2057 4659 2276 4758 pescui.
2306 4659 2522 4759 Vgrsus
2545 4691 2690 4759 sunt
2724 4685 2970 4759 politici,
2991 4659 3302 4759 inquibus
3333 4659 3712 4759 syllab‘z-e‘hu-

2059 4757 2384 4814 inerantur.
2413 4757 2741 4812 Distichum
2764 4758 3002 4812 tertium
3027 4757 3100 4812 ob
3124 4757 3400 4816 violatam
3424 4769 3710 4819 accentus

2058 4830 2249 4902 legem
2284 4828 2532 4900 reliquis
2563 4829 2740 4902 etiam
2775 4829 2946 4900 pejus
2977 4835 3084 4902 est.

2127 4897 2237 4970 (7‘2)
2269 4897 2510 4974 Forsan,
2541 4899 2605 4953 τὸ
2637 4897 2898 4974 πρὸς-σοῦ
2933 4899 3150 4974 στύγος.

2131 4975 2242 5043 (73)
2277 4973 2555 5044 Hippocr.
2598 4973 2818 5044 Aphor.
2852 4989 2914 5040 ιι,
2947 4975 3000 5027 5.

2127 5047 2240 5115 (74)
2271 5045 2353 5099 Ex
2383 5046 2551 5109 Osee,
2585 5060 2678 5109 vu,
2713 5048 2764 5098 2.

2123 5118 2236 5188 (75)
2272 5117 2447 5171 Basil.
2483 5117 2650 5171 Hom.
2687 5133 2832 5172 mor.
2888 5116 2967 5171 De
3009 5115 3288 5184 ingluvie,
3330 5134 3387 5188 p.
3440 5118 3577 5172 320:
3626 5119 3702 5176 ef.

2055 5187 2246 5258 ejusd.
2281 5188 2448 5243 Hom.
2484 5205 2498 5242 ι
2533 5189 2610 5242 De
2634 5187 2887 5259 jejunio.
2924 5205 2980 5258 p.
3018 5190 3139 5259 126.
3164 5194 3223 5241 et
3254 5187 3543 5259 "(p.152
3572 5189 3706 5246 Gre-

2053 5256 2254 5332 gorius
2286 5261 2414 5332 Naz.
2453 5260 2550 5332 Or.
2581 5256 2807 5332 xvn,p.
2843 5256 2946 5313 273
2974 5276 2985 5313 :
3045 5257 3220 5332 Κόρος
3248 5256 3429 5332 πατὴρ
3471 5256 3699 5332 ὕορεως.

2053 5277 2254 5332 gorlus
2286 5277 2414 5314 l‘ilz.
2453 5277 2548 5316 UP.
2581 5277 2718 5322 Χνιι,
2843 5277 2985 5313 Ζιοζ
3045 5277 3120 5312 Ἀο
3162 5277 3220 5320 ος
3248 5277 3429 5329 πατηρ
3471 5277 3668 5325 υορεως

2053 5331 2404 5402 Aristoteles
2436 5330 2649 5402 Stobaai
2702 5331 2789 5402 tit.
2841 5277 3290 5402 3,_54_:_‘_'leimei
3339 5327 3464 5402 γὰρ,
3521 5328 3668 5402 ὥσπε

2053 5353 2404 5386 Λνιδιοιθιεδ
2437 5353 2649 5386 Du)le
2703 5353 2789 5384 ιιι.
2841 5353 2894 5396 o,
2948 5353 3051 5384 aa:
3119 5353 3289 5384 ιικτει
3339 5353 3464 5402 γαρ,
3521 5353 3668 5387 ωσπε

2053 5401 2283 5482 φησὶνιὴ
2315 5400 2608 5482 παροιμία,
2649 5401 2816 5482 κόρος
2875 5400 2993 5482 μὲν.
3033 5392 3212 5482 ὕϐριν,
3266 5397 3588 5482 ἐπαιδευσιία
3646 5353 3705 5460 ὃς

2055 5469 2171 5542 μετ’
2201 5469 2444 5541 ἐξουσίας
2469 5470 2674 5529 ἄνοιαν.
2713 5469 2840 5528 Alia
2872 5469 3124 5527 iudicavi
3155 5471 3218 5526 in
3277 5472 3578 5529 Gnomicis
3627 5477 3702 5531 ad

2050 5544 2470 5617 Theognidem.
2507 5549 2626 5611 153,
2663 5564 2717 5617 p.
2747 5546 2870 5599 246.

2146 5619 2232 5674 76)
2269 5618 2435 5690 G_reg.
2471 5619 2581 5672 Naz
2635 5622 2675 5685 t,
2712 5619 2779 5675 ll.
2816 5633 2871 5688 p.
2907 5617 3028 5690 15:9.

2143 5692 2233 5758 77)
2264 5683 2425 5744 Idem
2457 5690 2638 5744 Eoist.
2660 5683 2832 5745 'val:
2861 5704 2918 5758 p.
2952 5689 3077 5758 825,
3107 5683 3519 5758 ιὼὶκρείττών.
3551 5687 3695 5746 Cod.

2058 5757 2304 5833 κριττον,
2334 5760 2590 5819 lectione
2629 5757 2908 5831 ambigua
2936 5774 2948 5812 :
2983 5757 3052 5814 cf.
3089 5774 3148 5829 p.
3175 5757 3261 5814 25.
