4096 6426
358 390 509 449 1127

1638 379 2064 478 GEORGIDIS
2109 378 2467 443 MONAGHI

3617 381 3780 444 1128

359 521 599 588 credet,
633 519 732 594 qui
764 524 962 576 autem
992 521 1271 592 expertus
1291 523 1383 574 est
1406 516 1480 575 ad
1504 531 1816 574 assensum
1839 530 1996 588 para

2167 529 2284 568 ειεν·
2320 511 2348 565 ὁ
2381 505 2438 565 δὶ
2468 511 2656 566 παθὼν
2684 509 2762 576 είς
2795 511 3184 589 συγκατάθεσιν
3212 509 3586 589 ἑτοιμότερος.

364 613 483 668 tior
511 612 597 668 fit.

431 703 555 756 Non
589 705 778 755 tutum
802 705 891 756 est
912 717 1047 755 cum
1070 705 1228 755 veste
1249 705 1680 771 natare,neque
1701 697 2012 769 passiones

356 791 598 846 habenti
631 791 942 863 theologia:
975 809 1036 846 se
1069 793 1396 864 applicare.

426 878 581 933 Nihil
615 879 976 933 imbecillius
1007 880 1248 934 homine
1283 885 1440 934 terra
1469 877 1762 950 producit.

420 969 636 1038 Cyrilli.
673 998 740 1008 —
776 969 928 1023 Deus
961 969 1314 1040 magniﬁcus
1344 975 1434 1023 est
1464 968 1525 1022 in
1559 963 1994 1030 beneficentia;

351 1065 654 1130 exspectat
685 1075 817 1114 vero
845 1060 1137 1130 cujusque
1164 1059 1490 1132 legitimam
1521 1058 1907 1112 voluntatem.

418 1150 594 1205 Sexti.
628 1179 698 1190 —
730 1151 856 1204 Non
889 1150 989 1220 qui
1023 1149 1184 1203 dives
1215 1155 1324 1216 est,
1353 1148 1456 1203 sed
1487 1147 1587 1218 qui
1621 1163 1741 1201 non
1774 1144 2001 1217 indiget

356 1238 597 1296 divitiis.
629 1239 731 1294 ille
764 1238 971 1294 beatus
1005 1244 1112 1294 est.

417 1330 543 1384 Non
574 1329 706 1384 vita)
735 1328 991 1384 brevitas
1023 1328 1294 1383 luctuosa
1323 1333 1434 1395 est,
1476 1327 1579 1382 sed
1629 1325 1809 1397 quod,
1866 1340 2001 1380 cum

349 1419 543 1475 brevis
578 1419 674 1482 sit,
707 1418 896 1473 varias
927 1418 1109 1472 habet
1137 1434 1329 1472 curas.

416 1509 574 1565 Nihil
604 1509 685 1563 ita
706 1509 780 1564 ad
806 1507 1190 1564 dilectionem
1211 1506 1472 1575 adducit,
1493 1511 1562 1562 ut
1589 1506 1852 1577 aliquem
1875 1520 1996 1558 non

347 1601 512 1672 parvi
546 1599 762 1654 facere.

418 1688 750 1746 Salomonis.
785 1719 853 1728 —
885 1687 1052 1744 Oculi
1086 1687 1168 1743 tui
1199 1691 1364 1743 recta
1420 1685 1676 1754 videant,
1717 1683 2001 1756 quoniam

349 1796 550 1836 coram
585 1778 771 1834 oculis
805 1777 906 1832 Dei
936 1784 1093 1834 sunt.

417 1871 513 1925 Ira
543 1868 834 1940 disperdit
864 1868 953 1923 vel
987 1869 1306 1940 sapientes.

421 1959 530 2024 Qui
591 1959 745 2013 celat
799 1957 1107 2025 delictum,
1180 1955 1397 2028 quaerit
1475 1954 1838 2020 amicitiam;
1899 1952 2000 2024 qui

351 2055 551 2105 autem
581 2048 776 2104 celare
806 2053 1063 2115 recusat,
1121 2045 1414 2119 disjungit
1459 2045 1681 2100 amicos
1725 2050 1784 2100 et
1819 2043 2000 2098 fami-

341 2138 544 2196 liares.

409 2228 588 2284 Serti.
623 2257 692 2268 —
721 2227 878 2282 Nihil
911 2227 1066 2282 inter
1105 2224 1426 2298 praesentia
1461 2223 1824 2296 jucundum,
1877 2220 1994 2277 nisi

343 2316 502 2389 quod
534 2333 770 2387 semper
804 2321 1028 2373 manet.

417 2408 618 2476 Neque
649 2405 980 2460 convivium
1021 2405 1150 2460 sine
1181 2403 1523 2470 concordia,
1556 2419 1751 2473 neque
1784 2401 2000 2457 divitiae

355 2496 484 2553 sine
517 2495 728 2549 virtute
751 2495 982 2564 juvant.

415 2585 744 2641 Salomonis.
777 2612 846 2625 -—
877 2583 984 2649 Qui
1018 2583 1240 2638 revelat
1269 2584 1624 2656 mysterium
1660 2580 1838 2636 fidem
1863 2597 1999 2652 per-

347 2675 522 2730 didit.

414 2765 523 2832 Qui
555 2783 686 2821 cum
718 2764 915 2821 cordis
952 2764 1172 2820 fiducia
1199 2765 1410 2828 credit,
1469 2763 1687 2819 stultus
1731 2767 1856 2830 est;
1905 2779 1999 2817 sa-

345 2855 581 2928 pientes
613 2861 810 2910 autem
842 2853 1214 2910 abscondent
1245 2853 1624 2908 sententiam.

414 2946 521 3011 Qui
553 2944 813 3001 custodit
842 2962 907 3000 os
940 2961 1136 3007 suum,
1171 2949 1365 2998 servat
1395 2942 1656 2997 animam
1673 2957 1872 3008 suam;
1894 2939 1995 3012 qui

347 3041 547 3091 autem
579 3040 888 3108 promptus
921 3039 1011 3089 est
1043 3032 1216 3088 labiis
1249 3033 1513 3104 seipsum
1544 3030 1810 3087 terrebit.

423 3216 532 3283 Qui
556 3214 860 3288 jucundus
910 3219 999 3268 est
1046 3214 1106 3268 in
1155 3213 1275 3267 vini
1337 3209 1881 3284 compotationibus
1935 3209 1996 3264 in

353 3307 480 3362 suis
511 3305 902 3361 munimentis
934 3303 1235 3374 relinquet
1265 3302 1542 3358 dedecus.

418 3394 524 3461 Qui
558 3393 882 3464 respondet
911 3393 1152 3447 verbum
1183 3392 1533 3464 priusquam
1582 3391 1804 3459 audiat,
1839 3389 1999 3444 stul-

347 3486 480 3542 titia
507 3485 593 3539 illi
627 3490 718 3538 est
750 3489 808 3538 et
837 3481 1126 3538 confusio.

416 3574 625 3630 Nullus
651 3572 764 3627 erit
783 3569 1025 3626 bibendi
1043 3570 1330 3638 amans,si
1355 3587 1474 3642 prae
1497 3569 1684 3626 oculis
1699 3568 2001 3624 ebriorum

344 3665 630 3722 indecora
656 3662 949 3718 habuerit.

417 3755 525 3819 Qui
558 3754 618 3808 in
650 3750 826 3806 verbo
860 3754 1176 3822 promptus
1210 3755 1298 3804 est
1327 3749 1462 3805 odio
1492 3748 1828 3804 habebitur.

415 3843 640 3914 Lapsus
671 3858 706 3896 a
729 3839 1065 3912 pavimento
1099 3839 1297 3910 potius
1330 3856 1508 3911 quam
1539 3856 1573 3895 a
1603 3839 1826 3911 lingua.

429 4021 538 4088 Qui
573 4020 786 4076 nititur
815 4017 1164 4087 mendaciis,
1196 4019 1296 4076 ille
1327 4023 1534 4076 ventos
1564 4022 1787 4092 pascet.

425 4201 534 4268 Qui
569 4199 764 4257 educit
797 4197 1079 4255 eximium
1110 4215 1181 4254 ex
1211 4198 1477 4272 indigno,
1510 4197 1673 4253 velut
1698 4214 1764 4252 os
1802 4213 2000 4252 meum

349 4291 478 4348 erit.

422 4383 568 4437 Post
623 4379 1140 4452 concupiscentias
1188 4384 1322 4432 tuas
1369 4393 1491 4432 non
1541 4392 1660 4440 eas,
1711 4381 2004 4432 etacon-

363 4470 517 4526 siliis
540 4469 658 4525 tuis
683 4476 977 4537 avertere;
997 4486 1071 4525 ne
1093 4466 1410 4523 oblecteris
1432 4466 1493 4520 in
1519 4465 1724 4521 multis
1748 4465 2002 4534 deliciis,

2032 1898 2080 1961 B

2192 692 2310 749 Οὐκ
2337 688 2576 770 ἀσφαλὲς
2612 692 2728 765 μετ’
2786 689 3014 761 ἐσθῆτος
3071 693 3358 772 νήχεσθαι,
3414 689 3541 748 οὐδὲ
3597 693 3775 754 πάθος

2118 775 2302 861 ἔχοντι
2336 779 2625 857 θεολογίας
2657 779 2937 838 ἅπτεσθαι.

2189 868 2358 928 Οὐδὲν
2396 874 2466 941 (3)
2499 868 2843 946 ἀκιδνότερον
2874 879 2944 949 γῆ
2982 871 3226 952 ἐκτρέφει
3257 873 3591 948 ἀνθρώποιο·

2192 958 2497 1035 Κυρίλλου.
2532 961 2691 1017 -Ὁ
2731 961 2860 1023 Θεὸς
2919 959 3161 1036 δαψιλὴς
3219 960 3361 1018 ἐστιν
3419 962 3496 1025 εἷς
3553 964 3780 1038 εὐεργε-

2116 1051 2253 1106 σίαν⁶
2286 1052 2569 1126 περιμένει
2597 1048 2654 1106 δὲ
2686 1051 2912 1107 ἒκάστου
2942 1054 3042 1119 τὴν
3075 1054 3298 1130 γνησίαν
3326 1053 3664 1128 προαίρεσιν.

2191 1141 2446 1196 Σέκστου.
2478 1140 2694 1220 -Οὐχ
2725 1145 2798 1213 (4)
2830 1142 2858 1196 ὁ
2909 1139 3190 1212 πλουτῶν,
3235 1140 3362 1198 ἀλλ’
3412 1144 3440 1198 6
3494 1145 3570 1217 μὴ
3624 1143 3778 1219 χρῄ-

2116 1237 2222 1301 ζων
2251 1228 2518 1294 πλούτου,
2556 1233 2843 1305 μακάριος.

2185 1320 2262 1378 Οὐ
2290 1320 2352 1376 τὸ
2385 1321 2650 1394 σύντομον
2678 1325 2775 1376 τοῦ
2810 1321 2935 1396 βίου
2967 1319 3160 1391 δεινὸν,
3211 1321 3344 1378 ἀλλ’
3392 1322 3502 1392 ὅτι,
3558 1324 3776 1400 βραχὺς

2112 1413 2187 1484 (ὅ)
2222 1409 2498 1490 πεφυκὼς,
2534 1431 2604 1464 πο
2631 1409 2791 1472 κίλας
2821 1407 2939 1486 ἔχει
2965 1409 3282 1490 φροντίδας.

2181 1499 2351 1557 Οὐδὲν
2385 1499 2562 1561 οὕτως
2596 1500 2878 1578 εὐάγωγον
2908 1501 2982 1563 είς
3015 1501 3254 1578 ἀγάπην,
3287 1503 3362 1565 ὡς
3392 1505 3454 1559 τὸ
3489 1506 3566 1578 μὴ
3599 1525 3777 1560 καται⁸

2111 1593 2396 1667 γινώσκειν
2428 1591 2554 1647 τινί.

2184 1680 2578 1756 Σολομῶντος.
2611 1714 2676 1724 -
2710 1682 2778 1739 Οἱ
2805 1684 2880 1755 (6)
2909 1679 3192 1762 ὀφθαλμοί
3227 1703 3322 1738 σου
3375 1683 3507 1757 ὁρθᾶ
3566 1682 3774 1760 βλεπὲο

2108 1793 2307 1839 τωσαν,
2342 1769 2425 1827 ὅτι
2457 1770 2684 1828 ἐνώπιόν
2715 1772 2815 1828 εἰσι
2847 1777 2955 1828 τῶν
2985 1777 3081 1827 τοῦ
3113 1777 3249 1829 Θεοῦ
3283 1773 3606 1850 ὀφθαλμῶν.

2188 1865 2274 1918 71
2315 1863 2490 1938 Ὀργὴ
2527 1868 2599 1927 t7)
2627 1860 2901 1916 ἀπόλλυσι
2932 1861 3022 1916 καὶ
3047 1861 3368 1938 φρονίμους.

2181 1951 2280 2012 Ὃς
2312 1954 2389 2022 (8)
2416 1950 2645 2022 κρύπτει
2677 1947 2950 2024 ἀδίλημκ,
3005 1955 3158 2021 ζητεῖ
3205 1949 3414 2024 φιλίαν·
3461 1946 3521 2012 ὅς
3567 1947 3623 2006 ’δὲ
3674 1972 3773 2024 μι-

2107 2045 2190 2096 σεῖ
2219 2041 2497 2118 κρύπτειν,
2530 2040 2772 2114 διίστησι
2803 2039 2999 2123 φίλους
3027 2042 3116 2097 καὶ
3149 2041 3405 2107 οίκείους.

2180 2219 2436 2280 Σὲκστου.
2483 2255 2549 2266 —
2602 2219 2768 2278 Οὐδὶν
2820 2228 2929 2280 τῶν
2989 2224 3282 2300 παρόντων
3341 2221 3456 2279 ἐστὶ
3513 2223 3768 2299 τερπνὸν,

2106 2311 2151 2366 εἰ
2191 2313 2264 2384 μή
2294 2311 2356 2366 τὸ
2392 2311 2551 2382 μὲνον
2576 2311 2684 2371 ἀεί.

2175 2401 2316 2461 Οὔτε
2351 2409 2424 2478 (9)
2456 2406 2760 2478 συμπόσιον
2815 2408 2939 2464 ἄνευ
2999 2407 3281 2481 ὁμονοίας,
3338 2403 3464 2462 οὔτε
3520 2404 3767 2462 πλοῦτος

2105 2490 2238 2569 δίχα
2267 2493 2465 2568 ἀρετῆς
2493 2492 2701 2564 ἡδονὴν
2738 2491 2878 2572 ἔχει.

2174 2581 2564 2655 Σολομῶντος.
2613 2617 2694 2656 ,-
2750 2587 2812 2644 ὐ
2867 2590 2978 2662 (10)
3038 2584 3397 2661 ἀποκαλύψας
3456 2588 3763 2662 μυστήριον

2102 2670 2356 2728 ἀπώλεσε
2384 2673 2588 2731 πίστιν.

2175 2764 2272 2825 ὐς
2332 2766 2444 2835 (11)
2500 2762 2756 2820 πέποιθεν
2808 2763 2899 2821 ἐπὶ
2956 2765 3141 2839 θράσει
3220 2762 3473 2840 καρδίας,
3553 2762 3763 2846 ἄφρων·

2104 2853 2264 2931 σοφοὶ
2301 2851 2358 2908 δὲ
2388 2859 2501 2925 (12)
2531 2855 2831 2930 κρῦψουσιν
2863 2852 3138 2922 α”σθησιν.

2170 2944 2274 3005 "Oc:
2305 2946 2414 3016 (l3)
2447 2941 2711 3023 φυλάσσει
2745 2945 2809 3000 τὸ
2842 2944 3023 3020 στόμα
3063 2943 3232 3001 αὐτοῦ
3279 2948 3440 3019 τηρεῖ
3485 2945 3585 3013 τὴν
3639 2945 3770 2999 ἑαυ-

2100 3036 2200 3088 τοῦ
2253 3035 2458 3108 ψυχήν·
2516 3034 2544 3088 ὁ
2605 3030 2663 3088 δὲ
2744 3042 3026 3108 προπετὴς
3085 3033 3137 3089 ἐν
3229 3033 3446 3110 χείλεσι
3529 3035 3767 3104 πτοήσει

2102 3121 2317 3182 ἔαυτόν,

2184 3213 2279 3272 ὐς
2310 3216 2423 3281 (14)
2455 3210 2596 3268 ἔστιν
2642 3209 2780 3282 ἡδὺς
2840 3210 2892 3267 ἐν
2951 3211 3115 3270 οἷ’νων
3167 3207 3481 3290 διατριϐαῖς
3541 3211 3595 3268 ἐν
3647 3216 3769 3272 τοῖς

2210 3257 2278 3272 ν,
2310 3257 2419 3281 ,.-,
2455 3257 2591 3268 --...
2649 3257 2778 3282 η--.
2840 3257 2890 3267 -.
2953 3257 3111 3270 νη...
3170 3257 3290 3269 -..η

2031 3257 2073 3323 C
2111 3301 2304 3356 ἑαυτοῦ
2336 3300 2662 3376 ὀχυρώμασι
2695 3299 3012 3376 καταλείψει
3043 3304 3292 3376 ἀτιμίαν,

2177 3391 2274 3452 ὐς
2306 3393 2410 3461 (Ιὸι
2467 3390 2810 3466 ἀποκρίνεται
2866 3388 3036 3469 λόγον
3089 3392 3216 3467 πρὶν
3278 3390 3536 3463 ἀκοῦσαι,
3585 3391 3765 3470 ἀφρο-

2107 3480 2236 3548 σύνη
2269 3479 2420 3552 αὐτῷ
2450 3477 2593 3535 ἐστιν
2621 3479 2711 3534 καὶ
2735 3476 2962 3541 ὅνειδος.

2178 3566 2372 3630 Οὐδεὶς
2406 3573 2515 3642 (16)
2547 3563 2696 3626 ἔσται
2726 3567 3058 3648 φιλόπότης,
3091 3570 3138 3625 εί
3167 3570 3274 3645 πρὸ
3321 3567 3620 3651 ὀφθαλμῶν
3668 3571 3766 3632 τάς

2103 3664 2211 3714 τῶν
2245 3660 2554 3733 μεθυόντων
2582 3659 2730 3735 ἀσχη
2743 3659 2977 3733 μοσῦνας
3008 3655 3147 3735 ἔχει.

2175 3749 2237 3804 Ὀ
2269 3753 2380 3819 (17)
2412 3749 2693 3824 προπετὴς
2726 3747 2777 3803 ἐν
2807 3746 2957 3825 λόγῳ
2989 3751 3372 3823 μισῃθήσεται.

2173 3837 2484 3911 Ὀλίσθημα
2514 3841 2624 3912 (18)
2648 3836 2755 3894 ἀπὸ
2801 3835 3029 3918 ἐδάφους
3077 3836 3292 3912 μᾶλλον
3407 3837 3512 3893 ἀπὸ
3566 3835 3754 3915 γλώσ-

2107 3949 2228 4001 σης.

2181 4019 2278 4074 72
2309 4015 2407 4074 Ὃς
2439 4017 2546 4089 (19)
2573 4013 2835 4092 ἐρείδεται
2877 4014 2964 4070 ἐπὶ
3025 4012 3292 4090 ψεύδεσιν,
3343 4036 3501 4078 ουτος
3547 4033 3756 4088 ποιμα-

2105 4113 2184 4164 νεῖ
2214 4105 2464 4181 ἀνέμους.

2175 4198 2238 4255 '0
2271 4195 2476 4274 ἐξάγων
2507 4193 2693 4269 τίμιον
2722 4195 2772 4268 ἐξ
2807 4196 3047 4269 ἀναξίου,
3081 4197 3156 4260 ὡς
3187 4198 3368 4273 στόμα
3400 4217 3505 4271 μου
3553 4190 3725 4252 ἔσται.

2181 4377 2390 4435 Ὀπίσω
2421 4379 2532 4450 (20)
2564 4383 2671 4433 τῶν
2702 4376 3006 4443 ἐπιθυμιῶν
3055 4399 3151 4434 σου
3213 4380 3289 4451 μὴ
3350 4376 3610 4451 πορεύου,
3669 4375 3764 4432 καὶ

2108 4468 2214 4524 ἀπὸ
2246 4468 2354 4522 τῶν
2387 4464 2611 4541 ὀρέξεών
2644 4487 2740 4523 σου
2771 4464 3017 4522 κωλύου·
3048 4467 3140 4523 καὶ
3174 4467 3250 4540 μή
3316 4465 3602 4544 εὐφραίνου
3651 4466 3765 4539 (21)

533 4639 1066 4736 (ioniup‘it‘verlsunm
1101 4636 1338 4693 Homeri
1373 4637 1475 4693 Od.
1523 4654 1681 4706 xvm,
1725 4639 1831 4692 30:
1865 4631 1996 4693 Οὐδ.

2185 4648 2297 4736 (1’1)
2328 4649 2495 4703 Prov.
2529 4664 2725 4717 xxvm,
2763 4649 2851 4713 26,
2886 4647 2987 4704 ubi
3037 4645 3257 4720 θρασείᾳ
3311 4641 3510 4720 καρδίᾳ
3532 4645 3558 4698 6
3587 4646 3770 4698 τοιοῦ·

346 4708 683 4788 ακιᾷν.-γαῖα
713 4708 892 4788 τρέφει
923 4708 1075 4788 ἀνρρ.

418 4785 492 4851 (li)
525 4781 595 4836 Et
625 4781 780 4852 apud
816 4781 948 4837 Ant.
984 4781 1170 4837 Serm.
1205 4781 1327 4848 140,

347 4998 510 5069 diget
541 4996 1025 5069 divitiistbeat‘us
1057 4996 1158 5051 ille
1184 5003 1293 5052 est.
1326 5017 1356 5046 »

419 5064 492 5137 (ὅ)
524 5069 738 5134 Codex,
776 5064 978 5140 βραχΰ.

420 5142 492 5206 (6)
521 5143 684 5194 Prov.
725 5157 795 5203 IV,
829 5142 937 5206 25;
972 5143 1028 5192 et
1058 5156 1109 5206 v,
1142 5143 1229 5193 21.

418 5213 498 5281 (7)
529 5213 675 5266 Prov
729 5227 817 5272 xv,
856 5214 903 5264 1.

422 5276 496 5350 (8)
527 5285 696 5338 Prov.
730 5299 868 5346 xvu,
900 5285 953 5343 9.
989 5281 1086 5335 ubi
1112 5276 1449 5352 ἀδικήματα.

420 5356 498 5419 (9)
531 5353 698 5426 Apud
737 5361 962 5426 Anton.
986 5355 1170 5407 Serm.
1205 5355 1326 5426 110.
1359 5369 1492 5426 pag.
1521 5353 1645 5414 220.
1671 5369 1803 5408 cum
1831 5363 2004 5414 nota-

347 5426 454 5502 bili
489 5421 769 5502 varietate
803 5421 1028 5502 ὁμιλίας
1079 5441 1184 5496 pro
1233 5421 1514 5502 ῥμοκίρίἀς,
1671 5427 1848 5502 χωρτς
1901 5447 2006 5502 pro

351 5494 523 5574 ﬁxa;
558 5514 708 5568 quas
740 5494 1029 5553 lectiones
1072 5494 1357 5568 reperiet
1386 5496 1447 5550 in
1497 5494 1711 5550 codice
1753 5494 1916 5556 11687
1944 5520 2002 5574 p.

351 5561 454 5632 84',"
473 5573 525 5623 2.

425 5643 539 5719 (10)
573 5640 796 5696 Sirach.
856 5657 1029 5708 xxvu,
1076 5642 1162 5706 16,
1212 5639 1314 5694 ubi
1375 5638 1402 5692 6
1448 5635 1851 5696 ἀποκαλύπτων
1909 5664 2007 5719 μυ-

351 5712 624 5784 στήρια...

1372 4797 1431 4851 p.
1480 4781 1606 4846 2'20,
1665 4780 1765 4836 ubi
1798 4778 2002 4854 61mi-

349 4858 477 4922 ζων,
511 4854 670 4925 quod
729 4854 988 4924 pessime
1041 4852 1300 4907 reddidit
1349 4852 1666 4925 interpres.
1718 4876 1742 4925 ιι
1780 4852 2000 4925 divitiis

347 4924 566 4980 utens":
607 4947 632 4971 η
665 4925 964 4980 inseratur
998 4925 1100 4996 μή,
1134 4931 1191 4979 et
1219 4930 1415 4980 verle:
1450 4947 1476 4974 «
1512 4924 1616 4981 sed
1643 4924 1743 4996 qui
1765 4942 1886 4980 non
1909 4924 1998 4980 in-

2106 4739 2200 4779 τος
2232 4737 2415 4779 αφρων
2427 4761 2436 4771 .

2185 4738 2499 4862 (102⁸)ρὲδιῖον.
2533 4807 2588 4850 x.
2624 4792 2709 4846 14.

2154 4860 2504 4952 ‘(13)'Prov.
2537 4879 2658 4928 xm,
2691 4864 2744 4933 3,
2777 4861 2878 4918 ubi
2907 4860 2970 4916 τὸ
3016 4861 3209 4917 ἑαυτοῦ
3259 4860 3505 4935 στόμα...
3559 4879 3773 4936 προπε-

2109 4930 2498 5075 τηῗίξῗῑιξὲον.
2530 5022 2628 5080 in}.
2667 5007 2750 5080 11.
2786 5007 2888 5080 Est
2916 5011 2975 5062 et
3003 5006 3161 5080 apud
3192 5008 3412 5062 Anton.
3452 5007 3637 5063 Serm.
3679 5005 3770 5071 68,

2114 5098 2174 5152 p.
2213 5080 2330 5133 114.
2369 5080 2459 5136 45.
2492 5077 2591 5131 ubi
2623 5077 2779 5132 male
2813 5075 2964 5149 οἷ’νῳ.

2186 5153 2294 5214 (15)
2328 5151 2492 5203 Prov.
2526 5166 2682 5212 xvnl,
2719 5153 2782 5204 13

2186 5157 2294 5216 (15)
2328 5157 2492 5203 Prov.
2526 5166 2682 5212 xvnl,
2719 5157 2782 5204 13

2177 5219 2504 5304 .(_16.)‘Apud‘
2536 5226 2729 5276 Anton
2787 5221 2971 5304 Soerm.
3127 5240 3184 5304 p.
3212 5223 3348 5304 .116,
3380 5221 3471 5288 39,
3494 5221 3646 5300 σοφῷ
3665 5216 3774 5273 τινὶ

2118 5293 2420 5350 tribuitur.
2455 5297 2513 5346 et
2541 5309 2674 5347 cum
2710 5293 2989 5349 varietate
3023 5294 3102 5349 ibi
3134 5293 3411 5350 videnda.

2186 5369 2298 5434 (l7)
2331 5364 2553 5418 Sirach.
2590 5381 2663 5427 Ix,
2701 5366 2785 5418 18.

2187 5438 2301 5504 (18)
2332 5435 2553 5492 Sirach.
2589 5454 2682 5499 xx,
2720 5438 2804 5491 18.

2188 5508 2298 5576 (19)
2334 5509 2513 5581 Prov:
2536 5525 2589 5566 x.
2627 5511 2679 5572 5,
2713 5509 2811 5562 ubi
2845 5507 3146 5581 ποιμαίνει.
3445 5521 3484 5548 ι

2188 5582 2301 5647 (20)
2336 5579 2537 5634 Sirach
2595 5596 2746 5642 xvm,
2783 5582 2872 5634 30.

2186 5653 2302 5722 (21)
2331 5649 2557 5707 Sirach.
2590 5668 2747 5720 xviii,
2781 5653 2868 5706 32.
