4096 6428
309 411 466 476 1129

1697 398 2310 465 GNOMOLOGIUM.

3573 418 3730 479 1130

305 544 394 600 ἐπὶ
422 539 614 614 πολλῇ
647 542 849 617 τρυφῇ,
880 535 972 592 καὶ
1035 536 1109 609 μὴ
1171 533 1410 610 ἐκχυθῇς
1468 530 1556 588 ἐπὶ
1586 529 1816 617 πολλῶν
1845 527 1960 586 ἐδε-

2132 551 2271 607 aque
2302 538 2630 596 eﬂ‘undaris
2685 541 2749 597 in
2809 542 3015 600 multis
3070 544 3362 617 dapibus:
3425 547 3487 605 in
3529 549 3735 608 multis

306 635 554 710 σμάτων·
591 629 643 686 ἐν
672 615 913 688 πολλοῖς
959 627 1062 702 γὰρ
1124 625 1409 702 βρώμασιν
1453 617 1601 678 ἕσται
1631 615 1811 684 νόσος·
1846 622 1875 675 ὁ
1908 617 1966 675 δὲ

303 724 604 800 προσέχων
634 719 939 795 προσθήσει
970 717 1140 788 ζωήν.

375 814 491 872 Οὐκ
519 809 872 890 ὠφελήσουσι
927 805 1193 881 Θησαυροὶ
1251 804 1512 878 ἀνόμους·
1558 798 1875 871 δικαιοσύνη
1907 797 1966 855 δὲ

303 907 364 963 ἐκ
395 905 624 971 θανάτου
649 902 854 979 ῥύεται.

373 978 677 1067 Ὀξῦθυμος
742 993 857 1064 (22)
943 989 1079 1064 ἀνὴρ
1165 987 1396 1064 πράσσει
1479 985 1616 1058 μετὰ
1671 978 1960 1041 ἀϐουλίας·

306 1089 442 1162 ἀνὴρ
476 1084 535 1142 δὲ
564 1085 837 1160 φρόνιμος
863 1079 1052 1137 πολλᾶ
1089 1076 1368 1157 ὑποφέρει.

373 1178 435 1235 Ὁ
465 1179 579 1248 (23)
609 1172 778 1230 ἐλεῶν
807 1171 1035 1245 πτωχὸν
1068 1167 1425 1243 μακαριστός.

373 1263 526 1325 Ὀδοὶ
555 1265 669 1338 (24)
721 1268 866 1332 ζωῆς
919 1258 1260 1334 διανοήματα
1320 1259 1560 1324 συνετοῦ,
1593 1251 1684 1309 ἵνα
1713 1250 1963 1314 ἐκκλίνας

301 1357 362 1414 ἐκ
388 1360 486 1414 τοῦ
516 1352 648 1426 ’ᾲδου
676 1355 850 1426 σωθῇ.

373 1443 528 1502 Ὀδοὶ
561 1446 675 1518 (25)
708 1440 1056 1515 μνησικάκων
1091 1437 1166 1498 εἱς
1196 1437 1444 1491 Θάνατον·

373 1529 526 1590 Ὀδοὶ
561 1534 674 1605 (26)
703 1531 914 1606 ἀεργῶν
949 1526 1288 1601 ἐστρωμέναι
1319 1523 1594 1586 ἀκάνθαις.

378 1627 728 1698 Παροιμιῶν.
781 1652 847 1664 -
902 1617 964 1677 Ὃ
1020 1610 1462 1691 σκληροκάρδιος
1497 1617 1610 1686 (27)
1642 1609 1704 1664 οὗ
1737 1611 1966 1678 συναντᾷ

302 1715 555 1789 ἀγαθοῖς.

375 1803 438 1859 Ὀ
498 1798 721 1862 σκολιὸς
780 1801 895 1872 (28)
953 1795 1042 1852 ἐπὶ
1099 1794 1162 1851 τὸ
1220 1795 1412 1848 ἑαυτοῦ
1471 1789 1650 1866 στόμα
1680 1794 1839 1868 φορεῖ
1866 1791 1965 1858 τήν

300 1889 607 1950 ἀπώλειαν.

377 1980 454 2040 Οὐ
487 1984 596 2053 (29)
645 1977 832 2054 χρείαν
889 1972 1005 2052 ἔχει
1068 1973 1259 2052 σοφίας
1315 1969 1496 2042 ἐνδεὴς
1551 1973 1782 2048 φρενῶν·
1821 1965 1964 2042 μᾶλ-

306 2071 404 2128 λον
439 2072 544 2145 γάρ
578 2068 768 2147 ἄγεται
797 2071 866 2140 τῇ
894 2067 1086 2121 ἑαυτοῦ
1117 2063 1459 2140 σωφροσύνῃ.

376 2157 529 2218 Ὀδοὶ
561 2161 674 2231 (30)
707 2156 952 2237 ἀφρόνων
986 2154 1142 2230 ὀρθαὶ
1175 2153 1409 2208 ἐνώπιον
1438 2152 1640 2207 αὐτῶν.

389 2253 486 2308 78
524 2248 648 2324 υῦχ
694 2248 840 2303 οὕτω
887 2250 1005 2306 τοῖς
1064 2244 1318 2324 ὀρφανοῖς
1365 2241 1518 2297 παισὶ
1548 2237 1584 2310 ἤ
1617 2239 1966 2309 ἀναισθήτοις

306 2337 565 2414 ἀνδράσιν
594 2337 905 2412 ἐπιτρόπων
932 2333 1081 2390 ἔσται
1103 2333 1285 2408 χρεία.

380 2413 442 2486 Ὁ
471 2430 584 2501 (31)
627 2425 927 2482 πλειόντων
990 2421 1126 2500 ἐρῶν
1183 2421 1272 2476 καὶ
1330 2425 1438 2476 τῶν
1481 2416 1794 2493 προσόντων
1825 2413 1967 2470 ἀπο-

309 2524 598 2591 στερεῖται.

383 2608 447 2662 Οἱ
479 2611 586 2662 τῶν
647 2603 918 2682 μεγίστων
978 2601 1206 2678 ἐρῶντες
1263 2600 1352 2654 καὶ
1412 2601 1521 2653 τῶν
1568 2596 1799 2672 μετρίων
1831 2595 1965 2652 ἀπο-

313 2697 672 2771 τυγχάνουσιν
683 2741 696 2754 ,

386 2788 447 2843 Ὀ
479 2787 673 2841 συνιὼν
736 2787 852 2854 (32)
908 2784 1176 2857 πονηροῖς
1235 2779 1335 2848 τὴν
1394 2775 1562 2846 αὐτὴν
1614 2775 1798 2836 αὐτοῖς
1829 2773 1968 2828 ὑπο-

311 2879 565 2949 στήσεται
601 2870 840 2951 βλάϐην.

383 2971 452 3028 Οἱ
510 2974 614 3033 (33)
672 2967 907 3042 πονηροὶ
961 2963 1189 3042 χάριτος
1245 2957 1486 3038 ἀμοιϐὰς
1533 2959 1966 3038 ἀντεισφὲρονται

314 3054 548 3137 βλάϐας.

384 3147 794 3223 Ἱπποκράτους.
829 3144 1158 3202 -Ὀπόταν
1217 3145 1329 3216 (34)
1388 3142 1605 3215 ἀκμάζῃ
1664 3140 1726 3193 τὸ
1785 3141 1966 3210 σῶμα,

311 3241 438 3296 τότε
471 3238 776 3311 λεπτοτάτῃ
806 3237 1100 3310 ἀναγκαῖον
1137 3231 1416 3309 χρὲεσθαι.

388 3329 640 3404 Μάρκου,
675 3359 742 3369 -
770 3327 831 3383 Ὀ
891 3327 1001 3397 (35)
1060 3317 1386 3392 ἀϐουλήτως
1417 3323 1624 3374 κοπιῶν
1655 3315 1966 3381 καθολικῶς

312 3424 426 3484 κῶς
470 3417 769 3494 πτωχεόεὶ·
804 3418 832 3470 ὁ
863 3413 921 3470 δὲ
969 3415 1084 3490 μετ’
1127 3409 1356 3475 ἐλπίδος
1405 3405 1622 3486 τρέχων
1667 3404 1974 3470 δίπλουτός

313 3509 480 3566 ἐστιν.

388 3595 684 3669 Οἶκοδόμῳ
737 3590 906 3651 ἔοικεν
965 3595 993 3648 ὁ
1052 3589 1202 3654 Θεός·
1267 3589 1386 3650 οἳας
1437 3585 1498 3642 ἂν
1536 3587 1688 3659 αὐτῷ
1712 3585 1808 3646 τὰς
1840 3582 1974 3646 ὕλας

312 3688 714 3762 παράσχωμεν,
785 3682 1040 3744 τοιαύτας
1115 3682 1252 3752 ἡμῖν
1331 3676 1595 3751 ἀνεγείρει
1652 3673 1852 3736 οἰκίας·
1912 3671 1973 3728 ἂν

315 3776 578 3850 λαμπρὰς
631 3774 782 3844 αὖτῷ
833 3772 923 3828 καὶ
982 3770 1228 3846 χρηστάς
1297 3768 1672 3842 παράσχωμεν
1732 3763 1972 3838 πράξεις,

318 3867 373 3939 ἐξ
401 3865 577 3921 αὐτῶν
605 3867 742 3936 ἡμῖν
773 3860 1006 3937 λαμπρά
1036 3857 1368 3934 δημιουργεῖ
1395 3855 1778 3928 καταλύματα.

392 3956 454 4013 Ὀ
486 3953 614 4014 Θεὸς
646 3950 940 4029 ἀπέῤῥιψεν
969 3950 1143 4022 ἡμᾶς,
1189 3953 1280 4002 καί
1329 3945 1577 4002 ἐπότισεν
1632 3945 1781 4016 ἡμᾶς
1830 3939 1976 4014 ὕδωρ

320 4041 528 4121 χολῆς,
562 4042 648 4098 ὅτι
705 4040 1030 4116 ἡμάρτομεν
1081 4035 1323 4092 ἐναντίον
1381 4035 1570 4093 αὐτοῦ.
1605 4034 1976 4107 Συνήχθημεν

321 4134 400 4195 εἷς
468 4133 712 4207 εἰρήνην,
789 4129 879 4186 καὶ
945 4127 1046 4184 οὐκ
1109 4128 1174 4196 ἦν
1252 4126 1424 4201 ἀγαθὰ
1491 4123 1567 4189 είς
1634 4123 1822 4198 καιρὸν
1892 4121 1976 4176 ἰά-

322 4244 462 4285 σεως
491 4225 628 4295 (36).

396 4308 754 4386 ’Δμϐακούμ
794 4343 863 4354 —
915 4313 1036 4369 Ὀτι
1092 4306 1383 4381 ἠμελησάς
1416 4326 1543 4379 μου,
1579 4302 1725 4379 λέγει
1758 4301 1976 4375 Κύριος,

321 4403 381 4461 αἰ
413 4401 530 4458 όδοί
562 4423 660 4457 σου
689 4401 779 4456 καὶ
831 4402 899 4456 τά
955 4395 1366 4472 ἐπιτηδεύματά
1395 4416 1493 4450 σου
1525 4393 1786 4464 ἰποίησαν
1813 4389 1982 4446 ταῦτά

321 4515 434 4549 σοί.

399 4582 540 4637 Οὐαί
572 4583 682 4655 (37)
715 4578 1066 4650 ὁπληθῦνων
1126 4577 1302 4649 ἑαυτῷ
1360 4575 1428 4630 τά
1487 4573 1589 4628 οὐκ
1637 4567 1766 4626 ὅντα
1812 4569 1980 4640 αὐτῷ,

1997 1905 2044 1970 Β

2076 629 2237 684 enim
2270 631 2422 688 escis
2454 637 2545 688 est
2565 633 2832 689 morbus.
2855 635 2963 700 Qui
2985 642 3183 692 autem
3206 638 3300 694 his
3323 655 3386 695 se
3409 646 3529 710 dat,
3553 641 3736 699 vitam

2075 726 2353 791 apponet

2146 810 2274 864 Non
2311 810 2640 882 proderunt
2673 813 2936 869 thesauri
2969 815 3192 886 iniquis
3219 834 3234 883 ;
3260 817 3498 888 justitia
3534 827 3736 878 autem

2076 913 2107 953 e
2139 904 2328 954 morte
2363 900 2536 956 eruit.

2148 987 2472 1060 Impatiens
2501 990 2590 1044 vir
2617 992 2738 1064 agit
2765 1010 2900 1048 cum
2949 995 3372 1068 imprudentia,
3404 1000 3493 1054 vir
3529 1017 3731 1057 sensa-

2076 1082 2171 1134 tus
2201 1085 2406 1139 autem
2438 1081 2624 1137 multa
2654 1082 2931 1140 sustinet.

2146 1169 2251 1233 Qui
2286 1169 2607 1226 miseretur
2631 1173 2932 1243 pauperis,
2965 1173 3370 1234 beatissimus.

2147 1257 2382 1314 Semita:
2429 1260 2561 1314 vitas
2610 1261 2998 1333 cogitationes
3047 1266 3382 1336 prudentis,
3435 1275 3501 1325 ut
3546 1270 3729 1326 infer-

2074 1363 2218 1402 num
2254 1349 2482 1404 evitans
2513 1349 2790 1406 salvetur.

2147 1438 2264 1492 Via:
2297 1438 2716 1495 ulciscentium
2748 1441 2988 1513 injuriis
3019 1443 3093 1499 ad
3123 1451 3378 1502 mortem
3413 1448 3655 1504 ducunt.

2149 1527 2268 1582 Vise
2300 1527 2602 1599 pigrorum
2635 1529 2826 1602 spinis
2855 1539 3194 1592 constrata).

2147 1618 2588 1674 Proverbiorum.
2640 1651 2708 1660 —
2752 1620 2861 1685 Qui
2920 1625 3183 1694 perversi
3238 1626 3436 1682 cordis
3468 1633 3580 1697 est,
3610 1645 3736 1685 non

2074 1705 2338 1761 inveniet
2367 1706 2610 1763 bonum.

2147 1795 2246 1850 Vir
2276 1794 2556 1868 obliquus
2588 1797 2648 1852 in
2681 1815 2783 1854 ore
2811 1816 2916 1854 suo
2941 1801 3060 1856 fert
3087 1802 3489 1873 perditionem

2153 1976 2277 2029 Non
2310 1982 2439 2049 eget
2468 1977 2762 2048 sapientia
2791 1980 2892 2048 qui
2953 1986 3114 2037 caret
3164 1982 3512 2051 intellectu;
3549 1986 3735 2058 magis

2082 2063 2241 2118 enim
2274 2063 2510 2119 ducitur
2539 2081 2648 2120 sua
2679 2067 3014 2138 prudentia.

2157 2153 2272 2208 Vim
2307 2154 2625 2210 stultorum
2659 2162 2834 2211 rectae
2865 2173 3064 2213 coram
3088 2159 3194 2214 eis.

2155 2245 2278 2298 Non
2311 2249 2430 2298 tam
2462 2245 2748 2316 orphanis
2806 2248 3027 2317 pueris,
3082 2265 3260 2319 quam
3310 2251 3562 2323 stupidis
3592 2252 3736 2308 viris

2080 2332 2378 2388 tutoribus
2411 2350 2557 2405 opus
2590 2335 2722 2390 erit.

2153 2422 2261 2488 Qui
2294 2423 2466 2494 plura
2495 2424 2679 2495 cupit,
2712 2425 2804 2478 vel
2834 2425 2919 2480 eis
2952 2443 3082 2497 quae
3114 2427 3332 2484 adsunt
3360 2430 3645 2500 privatur.

2153 2601 2260 2666 Qui
2290 2603 2548 2657 maxima
2573 2597 2845 2674 cupiunt,
2867 2620 2942 2658 ne
2963 2605 3291 2663 mediocria
3312 2609 3555 2680 quidem
3578 2625 3742 2666 asse-

2083 2695 2369 2761 quuntur.

2153 2779 2260 2845 Qui
2294 2797 2428 2836 cum
2490 2782 2684 2852 pravis
2738 2789 3141 2853 conversatur,
3201 2786 3473 2842 eamdem
3527 2804 3593 2844 ac
3624 2788 3739 2860 ipsi

2081 2869 2411 2940 perniciem
2443 2870 2724 2926 inveniet.

2154 2957 2273 3012 Viri
2327 2958 2489 3030 pravi
2544 2975 2652 3030 pro
2711 2961 2915 3034 gratias
2975 2963 3326 3020 muneribus
3366 2965 3738 3023 calamitates

2081 3053 2472 3104 commutant.

2151 3140 2527 3209 Hippocratis.
2561 3170 2626 3179 —
2657 3141 2901 3206 Quando
2933 3142 3117 3198 crevit
3163 3160 3398 3217 corpus,
3461 3151 3601 3202 tunc
3650 3145 3740 3202 le-

2081 3227 2322 3282 vissimo
2356 3228 2513 3282 victu
2545 3245 2789 3284 necesse
2817 3236 2910 3284 est
2938 3231 3046 3286 uti.

2153 3319 2346 3372 Marci.
2374 3347 2437 3356 —-
2465 3317 2574 3382 Qui
2599 3317 3036 3374 inconsiderate
3060 3320 3309 3386 laborat.
3337 3339 3574 3396 semper
3593 3341 3740 3397 pau-

2079 3422 2186 3477 per
2215 3411 2336 3474 est;
2372 3406 2472 3478 qui
2505 3412 2704 3462 autem
2738 3423 2873 3464 cum
2905 3425 3009 3482 spe
3050 3410 3258 3478 currit,
3310 3411 3402 3468 bis
3433 3412 3595 3470 dives
3627 3418 3740 3470 est.

2153 3585 2489 3640 Architecto
2523 3585 2737 3641 similis
2769 3592 2859 3642 est
2887 3589 3042 3643 Deus
3069 3605 3082 3643 :
3127 3589 3335 3660 quales
3367 3591 3421 3645 ei
3456 3591 3744 3646 materias

2079 3673 2436 3745 praebemus,
2464 3674 2612 3730 tales
2637 3675 2807 3731 nobis
2837 3678 3088 3732 exstruit
3111 3678 3358 3746 domos;
3384 3681 3430 3735 si
3461 3679 3741 3751 pulchras

2083 3763 2170 3817 illi
2203 3769 2262 3818 et
2291 3763 2476 3819 bonas
2507 3765 2844 3835 prmbemus
2875 3767 3162 3834 actiones,
3197 3785 3269 3824 ex
3299 3769 3374 3825 iis
3401 3769 3578 3825 nobis
3606 3768 3740 3841 pul-

2083 3853 2226 3907 chra
2259 3859 2411 3909 tecta
2441 3853 2644 3909 efﬁcit.

2158 3941 2310 3995 Deus
2340 3940 2558 4012 abjecit
2614 3958 2745 4009 nos,
2800 3948 2859 3997 et
2916 3944 3118 3999 hausit
3172 3962 3281 4000 nos
3311 3963 3467 4018 aqua
3497 3946 3738 4016 furoris,

2044 4085 2056 4112 ι
2085 4029 2227 4100 quia
2262 4045 2718 4100 peccaveramus
2767 4048 2966 4087 coram
3015 4033 3146 4090 illo.
3199 4035 3498 4092 Coivimus
3528 4037 3603 4092 ad
3635 4054 3742 4110 pa-

2085 4136 2235 4182 cem,
2270 4125 2328 4175 et
2358 4137 2478 4175 non
2502 4125 2672 4175 erant
2701 4120 2860 4177 bona
2889 4121 2962 4176 ad
2995 4129 3230 4195 tempus
3261 4126 3614 4182 sanationis.

2157 4297 2435 4353 Habacuc.
2493 4321 2566 4339 -
2616 4297 2906 4362 Quoniam
2967 4313 3060 4353 me
3123 4299 3462 4372 neglexisti,
3546 4301 3748 4372 inquit

2087 4387 2395 4452 Dominus,
2454 4385 2560 4439 via:
2601 4390 2716 4441 tuae
2777 4391 3087 4458 et‘mores
3147 4388 3231 4443 tui
3289 4389 3416 4444 haac
3447 4389 3555 4444 tibi
3583 4390 3745 4446 fece-

2089 4481 2249 4531 runt.

2159 4566 2254 4619 Va;
2294 4564 2348 4618 ei
2381 4564 2483 4635 qui
2536 4562 2900 4635 multiplicat
2946 4581 3078 4634 quas
3137 4582 3256 4621 non
3299 4584 3408 4624 sua
3439 4573 3599 4638 sunt,
3642 4569 3746 4640 qui

328 4678 431 4732 74
471 4672 498 4726 ὁ
557 4650 671 4743 (38)
721 4667 1063 4724 πλεονεκτῶν
1124 4663 1439 4734 πλεονεξίαν
1495 4663 1665 4732 κακήν
1721 4663 1800 4731 τῷ
1848 4657 1970 4731 οἷ’κιξ

2132 4661 2408 4727 ongregat
2437 4654 2696 4709 avaritias
2728 4653 2956 4709 malum
2987 4655 3193 4712 domui
3224 4673 3367 4713 suae.

324 4762 516 4819 αὐτοῦ.

401 4846 551 4910 Ἰώϐ.
586 4852 741 4908 -Ὁ
772 4851 885 4924 (39)
946 4847 1065 4925 βίος
1128 4867 1234 4922 μου
1287 4841 1650 4923 ἐλαφρότερος
1712 4836 1981 4914 δρομέως.

406 5035 519 5115 (εξ)
888 5034 987 5115 έῖί·
1049 5099 1105 5115 ..
1345 5094 1359 5115 ,

405 5107 519 5177 (23)
551 5108 715 5161 Prov.
747 5121 858 5171 xlv,
880 5105 980 5177 21,
1006 5099 1108 5156 ubi
1131 5099 1413 5173 πτωχούς.

404 5176 518 5250 (24)
551 5180 718 5233 Prov.
745 5193 836 5241 xv,
864 5176 954 5250 24.

405 5248 519 5322 (25)
553 5252 719 5305 Prov.
753 5265 854 5304 xu.
888 5248 978 5322 28.

405 5321 518 5391 (26)
553 5323 720 5376 Prov.
752 5337 842 5380 xv.
867 5321 954 5372 19.

404 5396 520 5469 (2ῖ)
551 5395 717 5469 Prov.
751 5392 1007 5469 xvu,_2_0.
1061 5459 1113 5469 __
1153 5457 1168 5469 _
1224 5453 1238 5469 ἴ
1301 5459 1327 5469 _
1371 5453 1383 5469 α
1536 5457 1558 5469 _

407 5449 516 5534 (28f
549 5467 716 5522 Prov.
750 5449 982 5526 XVI,V27,
1151 5453 1238 5534 ἐεπῖ
1261 5459 1341 5527 τῷ
1371 5453 1569 5534 εαυτοῆ
1594 5449 1845 5534 στόματί-ι.

408 5522 521 5605 129)
551 5539 717 5593 Prov.
753 5522 912 5602 xvxil,
944 5535 998 5597 2,
1022 5531 1124 5587 ubi
1156 5522 1338 5603 ἄγεται
1367 5523 1663 5602 ἀφροσύνῃ.
1687 5522 1755 5564 4-
1776 5522 1991 5593 Codex,

333 5606 530 5668 σοφός.

561 5682 730 5735 Prov.
765 5695 865 5745 xu,
899 5679 983 5751 15.

415 5746 530 5826 (31)
562 5751 862 5826 Aphthon.
897 5746 1035 5805 Fab.
1071 5749 1158 5802 15.

627 5870 892 5932 ΡΑτειοι..
935 5869 1060 5928 Gn.
1101 5863 1348 5926 CXVII.

2162 4835 2284 4890 Job.
2313 4864 2382 4875 —
2412 4833 2547 4889 Vita
2569 4849 2698 4890 mea
2727 4833 2986 4890 velocior
3013 4852 3275 4893 cursore.

2167 5017 2282 5087 (3?)
2315 5014 2616 5089 Apbtbon.
2651 5012 2798 5089 fab.
2834 5015 2921 5089 14.
2954 5015 3170 5085 Editio,
3216 5017 3408 5089 συνὼν,
3442 5020 3679 5077 melius.

2169 5085 2284 5159 (33)
2319 5085 2616 5159 Aphthon_
2651 5085 2788 5140 Fab.
2824 5087 2877 5159 9.

2169 5156 2283 5230 (34)
2317 5157 2484 5229 Hipp.
2515 5156 2731 5230 Aphor.
2754 5173 2804 5230 VI.
2835 5158 2889 5210 7.

2170 5229 2280 5304 (35)
2314 5231 2540 5285 Marcus
2571 5229 2849 5304 Eremita.
2882 5231 2960 5304 De
2990 5231 3114 5304 lege
3139 5231 3330 5303 spirit.
3353 5231 3384 5302 §
3409 5234 3497 5288 71.
3531 5234 3756 5298 Quibus

2099 5303 2292 5376 verbis
2325 5306 2559 5376 constat
2616 5307 2674 5356 et
2730 5301 3026 5358 scholium
3052 5301 3152 5357 ’28
3175 5301 3187 5303 ’
3213 5301 3438 5359 Gradus
3475 5305 3654 5376 primi
3705 5307 3754 5361 J.

2099 5373 2363 5431 Climaci.

2173 5447 2286 5521 (36)
2321 5445 2413 5499 Sic
2444 5442 2646 5511 codex,
2709 5461 2914 5516 sensu,
2970 5445 3116 5500 mihi
3175 5445 3440 5517 quidem,
3473 5464 3594 5504 non
3624 5463 3761 5521 per-

2105 5533 2330 5590 spicuo.

2173 5591 2288 5654 (37)
2323 5585 2536 5642 Habac.
2567 5603 2626 5652 ιι,
2656 5587 2711 5642 6.

2178 5661 2293 5730 (38)
2330 5661 2544 5713 Habac.
2579 5674 2642 5717 ιι,
2673 5661 2730 5714 9.

2182 5733 2294 5804 (39)
2322 5731 2450 5787 Job.
2485 5747 2565 5790 1x.
2598 5732 2689 5787 25.

3405 5852 3565 5914 36'
