4110 6426
347 383 505 446 1153

1751 379 1853 442 GN
1861 378 1966 440 OM
1977 380 2368 444 OLOGIUM.

3617 390 3773 450 1154

420 510 649 572 Νείλου.
711 544 773 554 -
831 511 1000 585 Χάριν
1055 505 1152 586 ἔχε
1199 513 1334 566 θεοῦ
1396 510 1705 586 ’κατορθῶν
1783 508 2044 587 ἀρετηνολ

2188 515 2320 571 Nili.
2355 545 2422 556 -—
2452 516 2678 572 Gratias
2717 533 2820 590 age
2876 518 2993 573 Deo
3053 517 3101 572 si
3161 519 3224 574 in
3281 519 3495 574 virtute
3526 537 3771 592 progre-

351 602 495 680 ῥοπὴ
527 603 634 678 γὰρ
667 623 725 658 σε
755 602 872 657 θεία
903 602 1038 676 πρὸς
1078 600 1247 670 αὐτὴν
1272 599 1583 657 ἐπεσκίασεν

425 781 679 856 Χρηστὸς
710 779 849 854 ἀνὴρ
883 780 912 834 ὁ
943 778 1229 854 οἰκτείρων
1283 777 1374 834 καὶ
1429 785 1644 858 κιχρῶν
1692 782 1802 852 (63)
1858 779 2013 833 οἶκο-

348 874 582 947 νομήσει
625 872 754 934 τοὺς
815 871 1018 948 λόγους
1057 870 1227 927 αὐτοῦ
1277 869 1328 926 ἐν
1384 871 1584 947 κρίσει,
1642 870 1729 926 ὅτι
1787 869 1863 933 εἷς
1919 870 2011 925 τὸν

355 963 522 1017 αἰῶνα
553 961 617 1017 οὐ
649 959 1067 1032 σαλενθήσεται.

502 1052 795 1125 Ἀριστο.,.

496 1141 667 1213 Χάριν
696 1142 812 1213 (74)
841 1136 1118 1214 τραπέζης
1153 1135 1404 1194 σπεύδων
1437 1134 1586 1217 ἔχειν
1615 1158 1699 1200 τις
1730 1135 1892 1194 οίλον

497 1234 701 1287 Θᾶττον
736 1227 898 1284 αὐτὸν
931 1228 1174 1296 ὠθεῖται,
1206 1228 1412 1299 ταύτης
1444 1227 1741 1304 ἀργούσης.

501 1319 720 1387 Χαίρειν
753 1321 864 1391 (75)
891 1315 1038 1380 ὅλως
1062 1316 1350 1392 ἄνθρωπον
1382 1313 1641 1389 οὐδαμῶς
1670 1315 1771 1371 ἔνι’

505 1409 683 1464 Λύπαι
717 1408 822 1484 γὰρ
855 1407 1231 1463 εἰσπίπτουσιν
1261 1404 1455 1484 αἴφνης
1486 1406 1579 1462 καὶ
1607 1404 1791 1476 ζάλαι.

504 1499 648 1555 Χοῦς
681 1497 793 1571 (76)
827 1495 888 1551 ἐκ
917 1497 1052 1572 χοὸς
1078 1496 1144 1551 τὰ
1168 1496 1342 1552 πάντα
1370 1496 1461 1551 καὶ
1493 1495 1568 1556 εἰς
1596 1499 1732 1573 χοῦν
1756 1493 1943 1552 πάλιν.

515 1675 840 1748 Ἀσυμπαθῆ
877 1672 935 1730 δὲ
966 1671 1251 1753 σπλέγχνα
1272 1680 1387 1736 τοῖς
1416 1672 1657 1736 πολλοῖς
1682 1670 1786 1728 ἓνι.

438 1765 772 1839 Δημοξὲνου.
813 1797 883 1808 -ι
938 1764 1118 1840 Χάρις
1175 1766 1284 1838 (Τῖ)
1335 1765 1426 1820 καὶ
1484 1761 1663 1820 εὔνοια
1719 1764 2020 1819 πειθόντων

365 1855 536 1926 ἐστὶν,
568 1856 633 1911 οὐ
669 1856 1036 1930 βιαζομένων.

440 1943 746 2024 Κυρίλλου.
782 1978 846 1988 —
877 1948 1080 2021 Χρῆμα
1124 1943 1357 2022 ἀληφῶς
1389 1943 1489 2000 οὐκ
1525 1944 1763 2019 ἀζήμιον
1797 1945 1860 1999 τὸ
1888 1941 2022 1998 κολ-

371 2039 567 2093 λᾶσθαι
625 2038 728 2094 98
777 2041 1040 2108 πονηροῖς
1079 2053 1090 2064 ’
1135 2034 1358 2109 ἀτρεκὲς
1416 2035 1519 2112 γὰρ
1580 2034 1708 2102 ὅτι,
1767 2034 1905 2089 κατᾶ
1960 2033 2022 2088 τὸ

365 2124 748 2202 γεγραμμένον
784 2127 918 2198 (78),
952 2149 979 2176 ‹‹
1013 2123 1040 2179 ὀ
1073 2122 1385 2198 ἁπτόμενος
1414 2125 1614 2194 πίσσης
1643 2121 1960 2198 μολύνεται.
1991 2145 2022 2175 ιι

445 2218 571 2289 Χρή
609 2215 825 2290 μᾶλλον
881 2219 1184 2284 ζηλοῦντας
1240 2213 1458 2280 ἑλέσθαι
1514 2217 1578 2271 τὸ
1639 2216 1879 2289 ἄμεινον,
1935 2213 2027 2270 καὶ

371 2307 550 2362 πάντα
582 2305 817 2366 σείοντας
878 2303 1048 2360 κάλον
1099 2302 1441 2378 ἁμιλλᾶσθαι
1501 2309 1610 2378 (79)
1671 2303 1850 2382 φιλεῖν
1911 2309 2028 2365 τοῖς

376 2392 484 2451 ὧδε
514 2393 822 2470 λαμπροῖς.

450 2485 639 2559 Χωρῖς
662 2484 891 2553 θεωρίας
949 2483 1378 2558 ἐπιπημονικῆς
1437 2481 1591 2540 οὐδὲν
1623 2490 1731 2540 τῶν
1790 2503 2032 2559 πραττο-

387 2573 559 2647 μένων
619 2572 790 2628 καλόν
827 2591 840 2606 ’
902 2573 1180 2646 ἐπιστήμη
1237 2573 1340 2649 γὰρ
1413 2569 1638 2652 ’έγγονον
1713 2567 2031 2636 εὐϐουλίας·

382 2661 620 2720 ἀϐουλία
652 2661 709 2719 δὲ
741 2661 802 2718 οὗ
835 2658 1025 2720 καλόν.

457 2753 656 2833 Σιράχ.
688 2785 756 2796 -
785 2751 960 2824 Χείλη
1023 2749 1362 2808 πολυλάλων
1394 2751 1478 2825 (τὰ
1533 2753 1636 2808 οὐκ
1689 2751 1866 2809 αὐτῶν
1915 2751 2036 2824 διη-

395 2847 681 2924 γήσονται.

463 2933 834 3009 Χορτάσματα
893 2937 1006 2997 (80)
1062 2932 1156 2988 καὶ
1238 2928 1440 3006 ῥάϐδος
1495 2932 1586 2987 καὶ
1639 2932 1834 3009 φορτία
1904 2927 2036 3004 ὅνῳο

387 3021 550 3098 ἄρτος
585 3019 642 3078 δὲ
669 3022 762 3078 καὶ
792 3018 1011 3077 παιδεία
1040 3022 1132 3077 καὶ
1161 3017 1320 3100 ἔργον
1356 3020 1561 3097 οἰκέτῃ.

455 3113 727 3170 Ἰωάννου.
788 3145 858 3155 ——
921 3113 1210 3186 Χειμῶνος
1255 3113 1291 3182 ἠ
1353 3109 1625 3187 δριμύτης
1686 3110 1824 3184 αἷμα
1881 3108 2042 3165 στὲλ-

387 3201 563 3259 λουσα
596 3206 708 3272 (81)
739 3201 897 3272 τήκεί
926 3203 990 3256 τὸ
1021 3206 1203 3275 σῶμα.

461 3291 671 3366 Χρῄζω
730 3291 1043 3360 πραότητος
1093 3287 1144 3345 ἐν
1202 3293 1238 3363 ᾔ
1297 3289 1688 3346 καταλύεταιὸ
1729 3289 1916 3366 ἄρχων
1945 3293 2044 3344 τοῦ

401 3380 600 3442 αἰῶνος
639 3378 836 3436 τούτου
869 3374 1154 3440 διάϐολος.

466 3472 638 3550 Ψυχὴ
672 3473 789 3542 (82)
821 3471 856 3538 ἡ
891 3470 1026 3540 ἅπαξ
1076 3466 1435 3544 προσδεθεῖσα
1483 3475 1561 3542 τῷ
1590 3476 1747 3544 πόθῳ
1779 3476 1874 3527 τοῦ
1930 3470 2054 3526 κτί-

392 3579 606 3626 σαντος,
639 3558 877 3620 καὶτοῖς
931 3557 1103 3614 ἐκεῖσε
1132 3557 1396 3614 κάλλεσιν
1453 3559 1783 3634 ἐνειθίσμὲνη
1833 3557 2056 3640 φαιδρύ-

394 3661 599 3718 νεσθαι,
627 3649 691 3704 τὸ
721 3649 1022 3725 περιχαρὲς
1056 3647 1224 3717 αὐτῆς
1250 3649 1342 3704 καὶ
1381 3648 1615 3724 εὔθυμον
1646 3650 1749 3704 ὑπὸ
1777 3657 1878 3718 τῆς
1935 3670 2055 3705 ποι-

398 3737 566 3809 κίλης
629 3739 1031 3812 μεταπτώσεως
1089 3742 1196 3793 τῶν
1255 3743 1524 3814 σαρκικῶν
1596 3739 1938 3813 παθημάτων
1991 3739 2054 3794 οὐ

404 3822 765 3904 μεταϐάλλει,
799 3825 949 3882 ἀλλὰ
977 3827 1042 3884 τὰ
1073 3833 1192 3889 τοῖς
1219 3825 1415 3891 ἄλλοις
1467 3826 1690 3905 λυπηρὰ
1736 3831 2056 3905 προσθήκην

404 3917 744 3995 εὐφροσύνης
774 3919 1085 3988 ποιήσεται.

494 4009 606 4064 Τοῦ
635 4007 1038 4080 Χρισοστόμου.
1074 4039 1142 4049 -
1172 4010 1410 4085 Ψυχροῦ
1467 4004 1870 4080 πλεονάζοντος
1918 4028 2061 4084 παρ-

404 4095 543 4159 ἐσεις
572 4095 665 4152 καὶ
691 4097 916 4172 τρόμοι,
968 4096 1060 4153 καὶ
1112 4093 1476 4170 ἀποπληξίαι,
1530 4098 1622 4153 καὶ
1677 4099 1845 4174 μυρία
1899 4096 2059 4176 ’ἔτερα

398 4192 690 4264 νοσήματα
718 4190 986 4247 τίκτεται.

474 4282 576 4337 99
630 4281 823 4355 Ψυχὴ,
888 4280 991 4334 ὑπὸ
1039 4279 1280 4354 ἀθυμίας
1341 4276 1633 4354 βληθεῖσα,
1691 4283 1828 4356 πρὸς
1886 4287 2062 4338 πᾶσαν

408 4368 663 4444 ἀκρόασιν
697 4367 1095 4441 ἀνεπιτήδειος.

476 4463 586 4514 Τοῦ
644 4457 945 4535 Θεολόγου.
1004 4491 1076 4503 --
1133 4460 1354 4536 Ψὺχαῖς
1415 4454 1680 4536 βεϐήλοις
1731 4457 1883 4515 οὐδὲν
1957 4465 2064 4517 τῶν

409 4545 596 4604 καλῶν
627 4547 967 4620 ἀξιόπιστον.

2116 601 2334 670 diaris;
2365 604 2654 661 auxilium
2707 606 2868 661 enim
2898 605 3164 662 divinum
3223 611 3279 664 te
3328 608 3402 663 ad
3433 609 3599 664 illam
3631 628 3770 683 pro-

2117 692 2282 748 texit.

2189 781 2384 838 Bonus
2413 783 2501 838 vir
2558 783 2896 840 misericors
2962 791 3020 840 et
3071 787 3458 843 commodans
3519 788 3769 861 dispone

2118 895 2426 936 sermones
2451 898 2589 938 suos
2621 883 2683 936 in
2705 882 2958 955 judicio,
3015 885 3299 955 quoniam
3358 885 3420 940 in
3476 892 3769 943 internum

2120 985 2243 1025 non
2274 971 2764 1026 commovebitur.

2191 1063 2442 1119 Aristo...

2121 1150 2229 1215 Qui
2262 1168 2484 1208 mensa;
2513 1155 2703 1226 gratia
2733 1155 2931 1211 studet
2949 1157 3208 1213 amicum
3239 1157 3482 1225 habere,

2121 1241 2305 1296 Citius
2331 1258 2467 1298 eum
2497 1243 2758 1315 expellit,
2793 1245 2898 1300 illa
2926 1253 3196 1302 vacante.

2126 1330 2392 1386 Gaudere
2423 1333 2670 1388 omnino
2702 1334 3010 1390 hominem
3045 1353 3167 1391 non
3196 1335 3336 1391 licet
3367 1353 3383 1401 ;

2125 1419 2366 1476 Dolores
2400 1422 2558 1476 enim
2592 1429 2651 1478 et
2680 1425 2958 1495 procellas
2993 1425 3188 1480 subito
3222 1426 3282 1480 in
3331 1443 3466 1482 eum
3501 1427 3775 1483 incidunt

2124 1507 2322 1563 Pulvis
2353 1525 2423 1564 ex
2443 1509 2683 1581 pulvere
2714 1513 2917 1568 omnia
2942 1518 3084 1568 sunt
3127 1519 3184 1568 et
3214 1513 3276 1568 in
3306 1513 3608 1585 pulverem
3642 1531 3777 1570 rur-

3309 1603 3432 1674 [sus
3461 1603 3704 1670 vadunt,

2124 1685 2627 1743 Immisericordia
2656 1693 2858 1745 autem
2884 1690 3114 1747 viscera
3143 1690 3449 1764 plerisque
3482 1692 3711 1747 insunt.

2197 1777 2517 1832 Demoxeni.
2551 1807 2620 1819 —
2651 1779 2850 1835 Gratia
2875 1785 2932 1836 et
2963 1780 3380 1838 benevolentia
3401 1781 3783 1838 suadentium

2047 1884 2094 1950 Β
2129 1871 2286 1932 sunt,
2322 1883 2441 1921 non
2487 1869 2846 1940 cogentium.

2209 1956 2422 2026 Cyrilli.
2455 1988 2524 1997 —
2555 1959 2668 2013 Hes
2697 1964 2790 2013 est
2819 1975 2952 2015 vere
3004 1959 3344 2031 perniciosa
3391 1959 3586 2031 pravis
3644 1976 3785 2014 con-

2128 2044 2340 2117 jungi;
2382 2052 2610 2102 certum
2643 2049 2802 2103 enim
2829 2049 2986 2120 quod
3019 2049 3305 2121 scriptum
3338 2055 3460 2104 est:
3504 2049 3612 2114 Qui
3647 2048 3783 2103 teti-

2136 2135 2288 2207 gerit
2315 2135 2507 2206 picem
2539 2135 2971 2206 inquinabitur.

2211 2225 2454 2295 Oportet
2483 2227 2678 2296 majus
2726 2227 3077 2282 aemulantes
3109 2227 3326 2283 melius
3374 2228 3678 2299 accipere;
3732 2231 3790 2282 et

2139 2314 2346 2369 omnia
2397 2321 2842 2371 commoventes
2896 2316 3120 2372 bonum
3181 2323 3270 2372 est
3318 2323 3384 2372 ut
3438 2322 3782 2372 concertare

2143 2408 2345 2457 ament
2373 2420 2508 2458 cum
2542 2403 2633 2458 his
2666 2405 2764 2476 qui
2818 2405 2898 2460 ibi
2931 2405 3176 2478 fulgent.

2215 2493 2354 2548 Sine
2380 2493 2778 2568 intelligentia
2794 2496 3006 2550 scienti
3038 2496 3189 2550 nihil
3211 2496 3272 2551 in
3289 2496 3569 2568 operibus
3580 2495 3800 2551 bonum

2145 2587 2272 2648 est;
2305 2583 2558 2639 scientia
2589 2585 2746 2639 enim
2789 2583 3120 2656 prudentia}
3169 2585 3396 2641 fructus
3427 2591 3535 2656 est,
3567 2587 3800 2658 impru-

2146 2670 2350 2727 dentia
2377 2680 2576 2730 autem
2612 2691 2732 2729 non
2756 2673 2979 2730 bonum
3010 2681 3120 2729 est.

2217 2762 2438 2818 Sirach.
2458 2794 2524 2804 -—
2548 2763 2726 2818 Labia
2741 2764 3233 2835 multiloquorum
3258 2781 3381 2820 non
3407 2781 3513 2820 sua
3534 2765 3798 2836 ipsorum

2151 2847 2539 2906 enarrabunt.

2223 2941 2448 2995 Fenum
2495 2946 2554 2995 et
2584 2940 2741 3013 virga
2769 2946 2829 2996 et
2858 2957 3041 2997 onera
3097 2941 3264 2997 asino
3297 2957 3311 3009 ;
3366 2941 3540 3013 panis
3575 2947 3800 3012 autem,

2153 3028 2443 3085 correctio
2477 3034 2537 3084 et
2567 3046 2716 3100 opus
2745 3045 2939 3085 servo.

2221 3121 2469 3174 Joannis.
2503 3149 2564 3159 --
2599 3119 2822 3174 Hiemis
2854 3119 3180 3176 humiditas
3209 3121 3484 3193 sanguini
3541 3120 3808 3176 immista

2155 3225 2372 3280 corpus
2405 3207 2740 3264 labefactat.

2227 3298 2683 3354 Mansuetudine
2715 3299 2859 3354 mihi
2892 3315 3040 3371 opus
3072 3305 3163 3355 est
3191 3317 3298 3372 per
3326 3318 3507 3372 quam
3543 3300 3800 3356 destrui-

2156 3393 2254 3444 tur
2277 3389 2555 3461 princeps
2587 3389 2766 3459 hujus
2797 3389 2998 3444 saeculi
3041 3388 3338 3445 diabolus.

2229 3480 2389 3532 Mens
2420 3477 2604 3533 semel
2626 3477 2898 3532 devincta
2917 3494 3117 3533 amore
3139 3477 3453 3544 Creatoris,
3479 3481 3537 3532 et
3558 3477 3808 3534 caalesti-

2157 3569 2268 3624 bus
2300 3567 2848 3640 pulchritudinibus
2874 3573 3111 3624 assueta
3157 3568 3400 3633 micare,
3433 3584 3602 3624 suam
3657 3567 3808 3623 laeti-

2161 3657 2304 3712 tiam
2336 3664 2396 3712 et
2424 3657 2806 3713 serenitatem
2839 3674 2944 3729 per
2974 3658 3162 3712 varias
3210 3657 3652 3713 vicissitudines
3683 3673 3812 3712 car-

2161 3747 2388 3802 nalium
2417 3747 2763 3819 passionum
2822 3763 2944 3802 non
3000 3747 3222 3802 amittit
3252 3764 3266 3814 ;
3300 3747 3404 3802 sed
3435 3764 3505 3802 ex
3537 3747 3630 3802 his
3665 3763 3804 3818 qum

2162 3836 2296 3892 aliis
2328 3835 2581 3891 molesta
2613 3841 2771 3906 sunt,
2797 3835 2996 3908 gaudii
3025 3836 3467 3893 incrementum
3509 3835 3672 3893 facit.

2238 4015 2638 4086 Chrysostomi.
2696 4045 2763 4056 -—
2818 4015 3053 4090 Frigido
3111 4015 3639 4089 superabundante
3695 4016 3820 4072 lan-

2165 4122 2400 4178 guores,
2426 4113 2735 4176 tremores,
2763 4106 3092 4178 apoplexiaa
3123 4111 3184 4160 et
3215 4105 3476 4162 sexcenti
3506 4105 3607 4161 alii
3627 4105 3821 4160 morbi

2169 4202 2518 4252 nascuntur.

2241 4288 2404 4341 Mens
2435 4290 2701 4357 postrata
2750 4285 2824 4340 ad
2878 4300 3119 4340 omnem
3180 4285 3654 4340 exhortationem
3713 4299 3823 4340 au-

2176 4377 2456 4432 diendam
2490 4376 2816 4447 impropria
2845 4381 2955 4432 est.

2246 4466 2520 4534 Theologi.
2547 4494 2618 4505 —
2654 4463 2950 4519 Mentibus
2980 4463 3247 4535 profanis
3309 4463 3479 4519 nulla
3530 4462 3825 4520 bonarum

2173 4571 2372 4610 rerum
2405 4553 2522 4608 fide
2553 4553 2732 4625 digna
2758 4557 2864 4608 est.

479 4636 872 4712 Σολομῶντος.
933 4672 1003 4680 -
1058 4641 1229 4714 Ψυχή
1281 4640 1391 4711 (83)
1451 4636 1503 4692 ἐν
1562 4635 1861 4713 πλησμονῇ
1924 4640 2044 4694 οὖσα

2241 4644 2569 4700 Salomonis.
2606 4674 2670 4684 —
2705 4643 2919 4698 Anima
2941 4643 3003 4698 in
3035 4643 3351 4698 saturitate
3385 4642 3548 4699 favos
3578 4643 3830 4714 respuit,

403 4728 626 4800 κηρίοις
657 4726 935 4801 ἐμπαίζει,
965 4730 1122 4808 ψυχῇ
1155 4724 1211 4782 δὲ
1243 4723 1408 4783 ἐνδεεῖ
1438 4728 1530 4783 καὶ
1585 4727 1651 4784 τὰ
1707 4729 1878 4804 πικρὰ
1927 4727 2065 4805 γλυ-

410 4819 507 4876 κὲα
537 4819 803 4900 φαίνεται.

477 5074 590 5153 (Ῑξ)
618 5071 882 5153 l}_e_sp_icit
912 5071 1084 5125 Paov.
1119 5087 1238 5153 rm.
1263 5074 1348 5125 11.

507 5146 596 5200 74ι
625 5143 783 5199 Nihil
834 5143 990 5198 bono
1018 5148 1209 5214 poetae
1241 5159 1375 5214 cum
1408 5143 1502 5198 his
1528 5144 1782 5199 senariis
1815 5143 2070 5201 dodeca—

415 5213 664 5287 syllabis
695 5213 1033 5287 commune
1063 5213 1253 5287 Priori
1291 5216 1596 5287 rbytmum
1626 5215 1933 5287 meliorem
1966 5218 2067 5274 de-

411 5281 595 5362 deris.
625 5287 674 5362 si
704 5306 787 5362 τις
821 5285 982 5362 φίλον
1041 5281 1286 5362 σπεύδων
1345 5281 1498 5359 ’ἐχειν
1558 5286 1834 5354 scribas;
1894 5289 2065 5346 alteri

413 5359 584 5415 nulla
615 5358 744 5414 ﬁeri
780 5357 977 5431 potest
999 5357 1314 5413 medicina.

485 5431 598 5500 (75)
630 5431 713 5485 Cf.
747 5447 927 5501 supra
959 5447 1015 5500 p.
1051 5432 1138 5484 69.
1175 5447 1234 5484 n.
1267 5431 1325 5484 4.

484 5503 596 5572 (76)
629 5502 715 5556 Cf.
771 5517 948 5573 supra
981 5501 1040 5555 in
1075 5503 1234 5563 Χοῦς,
1265 5517 1321 5571 p.
1357 5503 1445 5573 95.

479 5571 590 5642 (’77)
622 5571 888 5628 ﬂaminis
920 5572 1158 5628 initium
1191 5572 1376 5643 Δημοξ
1430 5571 1689 5628 nitidum
1740 5580 1850 5631 est.

479 5647 589 5714 (78)
613 5644 837 5700 Sirach.
868 5659 988 5699 xm.
1025 5648 1075 5699 1.

481 5711 594 5790 (⁸79)
628 5717 846 5787 Codex,
891 5714 1094 5776 πάντας
1139 5711 1316 5777 ἰόντας
1373 5712 1545 5770 καλὸν
1604 5711 1807 5788 ἁμιλλ.
1858 5717 2066 5776 Nullus

2175 4733 2391 4790 animae
2422 4737 2624 4788 autem
2649 4731 2937 4788 esurienti
2965 4731 3144 4787 etiam
3175 4748 3384 4788 amara
3404 4732 3606 4788 dulcia
3633 4732 3834 4788 viden-

2177 4828 2292 4877 tur.

2176 5075 2383 5131 dubito
2404 5074 2476 5129 de
2497 5073 2897 5145 restitutione.
2923 5075 3133 5128 Notum
3152 5073 3632 5145 estproverbium
3656 5071 3833 5126 πὰντα

2177 5147 2338 5202 σείειν
2369 5147 2460 5201 vel
2483 5149 2654 5198 κινεῖν
2691 5140 2862 5198 κάλον
2900 5162 2913 5200 :
2978 5145 3133 5200 conf.
3184 5140 3403 5200 Zebob.
3442 5144 3621 5216 Adag.
3655 5160 3708 5212 v,
3741 5147 3833 5210 62,

2178 5225 2236 5275 et
2260 5218 2343 5274 ibi
2385 5218 2608 5273 Schott.

2249 5292 2358 5361 (80)
2393 5289 2615 5345 Sirach.
2651 5305 2782 5350 xxx.
2807 5291 2904 5361 24..

2249 5357 2357 5432 (8i)
2390 5363 2631 5422 Forsan,
2664 5357 3058 5414 συστέλλουσα.

2251 5428 2358 5504 (82)
2391 5432 2708 5504 Scriptoris
2737 5448 2981 5504 nomen.
3013 5429 3398 5504 vel_non1inis
3429 5428 3699 5504 reliquiae
3732 5446 3838 5504 po-

2179 5499 2466 5575 tius,'per
2522 5499 3367 5575 com])endiumve;hibetur.
3429 5499 3587 5575 quod
3647 5499 3839 5575 explif

2177 5570 2433 5647 candu'm
2495 5570 2727 5631 videtur
2785 5591 2892 5647 per
2957 5570 3163 5636 νατίου,
3225 5572 3381 5627 unde
3432 5570 3840 5628 ducimur’ad

2177 5646 2457 5724 Ἰγνατίοὲ).

2248 5720 2358 5793 (83)
2387 5720 2555 5776 Prov.
2589 5735 2759 5789 xxvu,
2800 5719 2852 5773 7.
2879 5713 3095 5785 Codex,
3228 5710 3594 5790 ἐμπλημονή.
