4110 6410
365 332 510 390 1161

1764 333 2364 402 GNUMOLUGIUM,

3630 345 3782 407 1163

431 463 639 536 Ὠσπερ
669 464 782 538 (23)
851 461 913 518 οὗ
942 461 1113 520 τίκτει
1164 467 1270 540 πῦρ
1331 466 1518 540 χιόνα,
1576 465 1751 530 οὕτως
1811 462 2005 522 οὐδὶδ

2193 468 2352 523 Sicut
2383 469 2535 541 ignis
2565 471 2761 527 nivem
2791 489 2913 527 non
2961 473 3137 544 parit,
3183 473 3266 528 ita
3322 489 3630 546 nunquam
3663 479 3780 531 ter-

360 553 462 622 τὴν
491 551 720 618 ἐνταῦθα
751 559 932 625 ζητῶν
962 556 1130 627 τιμήν
1160 559 1259 624 τῆς
1292 557 1401 612 ἐκεῖ
1432 556 1749 615 ἀπολαύσει.

575 647 662 705 Ὠς
694 641 848 706 ἄνθος
881 643 1052 722 ἀγροῦ
1083 652 1224 701 πᾶσα
1255 649 1442 722 γήϊνος
1476 647 1651 726 φύσις.

580 734 754 796 ’Θθεῖν
784 734 846 789 τὸ
879 734 1086 811 φαῦλον
1121 736 1206 792 καὶ
1237 738 1303 792 τὰ
1362 733 1564 793 ϐελτίω
1618 739 1796 802 θέλειν

577 821 892 889 Εὐέλπιδος
923 825 1154 898 πέφυκεν
1195 826 1480 902 ἀνθρώπου
1509 826 1653 884 τόδε.

434 916 528 966 Ὧν
563 909 717 969 οὐδὲν
759 915 929 988 αἱρεῖς
987 917 1098 991 (24)
1147 916 1414 973 τελευτῶν
1469 916 1531 973 ἐκ
1580 916 1677 972 τοῖ’)
1711 917 1856 994 βίου,
1885 919 2012 974 τού-

366 1022 472 1056 των
502 1009 860 1081 καταφρονεῖν
895 1025 952 1060 σε
983 1003 1123 1076 δὲον,
1155 1007 1230 1070 ὡς
1262 1009 1655 1086 φθειρομένων.

437 1091 609 1166 Ὠμὸς
667 1093 757 1148 καὶ
808 1094 1024 1166 ἀπηνὴς
1085 1093 1372 1173 ἅνθρωπος
1426 1097 1488 1153 οὐ
1547 1094 1932 1154 κατευοδοῦται
1965 1096 2017 1154 ἰν

369 1176 503 1254 ὁδῷ.

363 1269 652 1348 Ὧφελείας
683 1277 950 1348 στερεῖται
995 1295 1079 1338 τις
1141 1277 1218 1350 μή
1273 1272 1648 1354 παραϐάλλων
1702 1274 2021 1344 σπουδαίοις

369 1357 648 1433 ἀνδράσιν.

440 1450 735 1526 Ὠραϊσμός
779 1451 891 1509 ἔστι
981 1453 1143 1529 μόνον
1211 1458 1300 1512 καὶ
1365 1459 1559 1533 μνήμῃ
1621 1463 1800 1536 φέρειν
1853 1455 2020 1534 ἄνδρα

369 1536 665 1595 σπουδαῖον
676 1584 690 1598 .

443 1632 597 1688 I06
629 1631 724 1686 Ὧν
775 1627 1064 1707 προϐαίνει
1121 1635 1258 1706 πρὸς
1320 1633 1475 1712 ἔργον
1530 1637 1558 1692 ὁ
1590 1637 1783 1712 λόγος,
1842 1639 2024 1707 στάζει

368 1720 533 1795 χάριν
563 1723 773 1778 τούτων
801 1724 869 1780 τὰ
899 1723 1092 1804 χείληο
1135 1723 1208 1780 ὦν
1242 1723 1301 1781 δὲ
1330 1727 1467 1801 πρὸς
1524 1724 1682 1802 ἔργον
1744 1725 1850 1804 οὐχ
1881 1729 2022 1804 ὁρῶ·

369 1829 453 1864 σιν
484 1810 534 1864 όὶ
568 1809 749 1888 λόγο.,
780 1815 909 1882 κενὴ
940 1814 1148 1869 τούτων
1183 1817 1216 1884 ἡ
1249 1816 1468 1891 γνώμη.

444 1899 660 1973 Ὧραῖον
693 1901 907 1958 εὐποιία
937 1905 1295 1976 πταισμάτων
1327 1905 1680 1981 καθαίρουσα.

443 1990 530 2052 Ὠς
555 1986 684 2064 ὄναρ
717 1991 804 2048 καῖ
857 1994 1132 2069 παίγνιον,
1191 1996 1266 2060 ὡς
1326 1996 1464 2072 πρὸς
1512 1998 1612 2066 τήν
1663 1992 1774 2051 ἅνω
1808 1997 1951 2066 ζωὴν
1986 1998 2020 2066 ἡ

366 2084 618 2154 παροῦσα
649 2079 882 2160 πέφυκεν
911 2082 1195 2160 εὐημερίαο
1230 2081 1400 2156 πένης
1453 2087 1553 2162 γὰρ
1610 2086 1700 2141 κκὶ
1749 2082 2022 2148 πλούσιος

367 2164 538 2242 ἄμφω
585 2171 735 2233 κόνις
764 2170 816 2227 ἐν
842 2171 1020 2252 τάφῳ.

447 2258 535 2322 ⁸Θς
565 2263 654 2316 οἷα
681 2263 905 2329 καπνὸς,
945 2261 981 2332 ἢ
1015 2269 1168 2326 σκιᾶς
1197 2262 1421 2338 θεωρία,

442 2355 598 2429 Δόξα,
629 2353 852 2429 κράτος,
885 2351 976 2408 καὶ
1007 2351 1250 2415 πλοῦτος
1281 2353 1584 2429 ἀνθρώπων
1615 2350 1714 2409 ἔνι·

437 2447 517 2502 Τὰ
546 2444 650 2519 γὰρ
683 2442 869 2522 χρόνῳ
900 2439 1123 2507 δοθέντα
1147 2443 1236 2497 καὶ
1271 2441 1389 2498 λύει
1420 2441 1643 2518 χρόνοςο

433 2537 638 2608 ’Ὠσπερ
673 2537 852 2598 θανεῖν
885 2528 1113 2608 ὥρισται
1146 2537 1306 2587 πᾶσιν
1335 2531 1671 2605 ἀνθρώποις,

441 2624 634 2684 Οὕτως
665 2621 788 2678 ἄνευ
820 2620 1061 2696 Θλίψεως
1095 2621 1198 2676 οὐκ
1225 2616 1365 2676 ἔστιν
1400 2620 1548 2683 ὅλως

447 2717 681 2784 Περᾶσαι
713 2709 870 2768 τόνδε
900 2721 992 2766 τον
1025 2711 1412 2789 πολύστροφον
1447 2712 1592 2786 βίον.

444 2805 644 2878 Ὠσπερ
681 2803 945 2878 μελίττης
971 2801 1192 2878 κέντρον
1225 2801 1446 2875 ἐμποιεῖ
1473 2803 1665 2870 πόνον,

443 2893 634 2956 Οὕτως
670 2892 984 2969 μοχθηρὸς,
1007 2891 1132 2947 ὅταν
1163 2886 1492 2966 προσϐάλλῃ
1517 2891 1644 2948 τινί.

441 2984 661 3058 Ὠραῖον
691 2990 880 3058 κτῆμα
910 2982 1252 3044 ταπείνωσις·
1311 2983 1338 3036 ὁ
1383 2982 1588 3051 ταύτης
1644 2979 1716 3036 ὤν
1779 2984 2021 3062 μέτοχος

373 3073 623 3135 πολλοὺς
661 3071 788 3136 τοὺς
829 3070 1025 3149 φίλους
1074 3070 1212 3147 ἔχει’
1267 3071 1457 3148 πόρρω
1489 3070 1547 3127 δὶ
1576 3072 1779 3139 ταύτης
1838 3069 1911 3128 ὥν
1937 3095 2023 3136 τις

369 3163 571 3243 φίλους
602 3161 747 3238 ἔχειν
786 3163 848 3218 ού
882 3162 1048 3227 θὲλειο
1095 3161 1308 3236 μᾶλλον
1336 3165 1438 3238 γάρ
1469 3163 1612 3218 ἐστιν
1643 3168 1802 3226 οὖτος
1861 3163 2022 3238 ὑπερ-

373 3253 536 3326 οψίας
565 3252 750 3334 φίλος.

441 3349 528 3406 Ὡς
568 3343 782 3420 φεύγειν
811 3342 894 3397 ἱὸν
927 3339 1102 3420 ὄφεως
1151 3343 1344 3413 καλὸν,
1399 3343 1572 3406 οὕτως
1631 3343 1888 3418 ἐντεύξεις
1919 3349 2025 3400 τῶν

375 3435 681 3510 μοχθηρῶν
714 3432 789 3494 ὡς
821 3430 1030 3505 λύμηψ

513 3523 603 3584 Ὠς
636 3522 840 3596 ὡραῖον
878 3523 954 3592 μὴ
987 3518 1200 3599 φεύγέιν
1229 3519 1393 3596 φίλον
1433 3523 1718 3595 ἐντεύξεις,

515 3611 704 3673 Οὕτως
737 3611 944 3687 ὡραῖον
973 3611 1186 3686 φεύγειν
1215 3609 1410 3687 ἄνδρας
1442 3612 1700 3674 ἀτόπους.

442 3707 537 3757 Ὧν
572 3703 599 3757 ὁ
629 3703 750 3777 βιος
781 3702 987 3772 κοινὸς,
1020 3702 1229 3758 τούτων
1263 3703 1351 3758 καὶ
1389 3703 1446 3757 αἱ
1476 3699 1794 3779 ἑπικαρπίαι
1825 3705 2024 3764 κοιναί.

445 3885 540 3936 Ὦν
570 3883 680 3956 (‘25)
707 3886 804 3936 τοῦ
862 3882 1120 3955 σώματος
1175 3879 1514 3956 ἀπαλλαγεὶς
1570 3882 1632 3938 οὗ
1683 3878 1874 3958 δεήσῃ,
1927 3904 2024 3939 κα-

379 3970 637 4047 ταφρόνει
667 3970 897 4030 τούτων.

452 4065 603 4118 107
668 4062 757 4125 Ὠς
822 4062 932 4137 (26)
993 4061 1390 4136 τεθνηξόμενος
1449 4067 1557 4118 τῶν
1645 4068 1750 4118 σῶν
1810 4064 2025 4141 ἀγαθῶν

381 4150 646 4208 ἀπόλαυε·

521 4243 610 4305 Ὦς
653 4240 709 4298 δὲ
744 4243 1105 4317 βιωσόμενος,
1136 4240 1318 4320 φείδεο
1349 4249 1456 4299 σῶν
1483 4244 1740 4301 κτεάνων.

450 4333 544 4395 Ὠς
579 4332 686 4388 ἀπὸ
713 4339 816 4403 τῆς
848 4331 1138 4410 φιλαυτίας
1169 4339 1270 4403 τῆς
1293 4334 1466 4390 πάντα
1499 4335 1767 4409 μισούσης
1800 4337 1813 4392 l

453 4497 565 4569 (23)
589 4497 796 4569 Joann.
831 4495 1071 4551 Climac.
1104 4513 1233 4568 pag.
1269 4499 1389 4557 394,
1424 4497 1523 4552 ubi
1559 4515 1664 4569 pro
1697 4499 1854 4554 edito
1888 4496 2027 4553 ἐκεῖ-
2093 4473 2096 4478 Ι

383 4569 470 4622 θεν
503 4565 1278 4644 ἀπολαύσειηοῃοῃγῐήμέἱη
1298 4565 1574 4644 ρκθῄῐῃρίό
1604 4573 1764 4644 regio
1797 4585 1935 4644 tquo
1963 4571 2030 4626 de

2165 4565 2278 4644 )ag.
2312 4565 2365 4624 7.
2409 4565 2493 4624 ’1η
2543 4567 2805 4644 editione

382 4640 808 4717 exemplovide
833 4639 1273 4717 Villoi_so_nianze
1298 4639 2036 4717 bibliothecze'Catalogum

382 4729 513 4785 pag.
542 4711 628 4779 1⁸7,
657 4711 1396 4785 ipsumque_Villoison._in
1414 4715 1651 4785 Notitils
1674 4732 1814 4770 mss.
1845 4711 2034 4770 t.'VIll

382 4781 534 4856 part.
571 4801 630 4849 Il,
758 4786 847 4856 28)
876 4781 1122 4856 scripsit
1150 4782 1260 4837 ἐκεῖ
1301 4781 1692 4852 ἀπολαύσεται,
1725 4787 1874 4842 illud
1926 4788 2038 4842 hoc

385 4854 623 4911 melius.
651 4854 910 4911 Ἐνταῦθα
942 4854 1019 4910 de
1050 4856 1160 4911 hac
1193 4874 1371 4927 quam
1431 4859 1685 4914 vivimus
1742 4859 1877 4917 vita.
1928 4859 2040 4912 ἐκεῖ

383 4927 458 5001 de
501 4928 698 4983 futura
757 4927 1249 5001 intelligendum;
1308 4929 1462 4984 conf.
1523 4947 1655 5001 quze
1708 4931 1913 4986 monui
1963 4930 2037 4986 ad

384 5000 560 5075 Sapit.
594 5005 789 5075 ιιι-ρ.
826 5001 930 5075 352
967 5000 972 5001 ⁷
1014 5004 1115 5075 Pro
1178 5000 1351 5075 ζητῶν
1414 5000 1554 5075 cod.
1611 5019 1729 5075 reg.
1786 5005 1942 5075 H66,
1976 5020 2032 5074 p.

383 5074 509 5130 232.
543 5075 594 5137 2,
629 5069 809 5154 habet
833 5069 1103 5154 ἐπιζητῶν
1141 5089 1154 5125 :
1187 5072 1356 5154 conf._
1513 5069 1949 5154 przepbsitionis
1976 5069 2037 5130 in

385 5144 734 5216 compositis
755 5144 1080 5198 emissione
1112 5150 1233 5198 not.
1288 5144 1360 5198 ad
1425 5144 1584 5200 Plain.
1638 5144 1868 5202 Metam.
1903 5163 2033 5218 pag.

383 5217 508 5272 857.
543 5217 668 5269 493.
707 5216 973 5273 Librarii.
1000 5215 1101 5284 qui
1123 5216 1340 5286 saepius
1365 5219 1846 5288 praepositionem
1871 5219 2040 5273 omit-

384 5293 539 5349 tunt,
570 5304 1001 5357 nonnunquam
1035 5302 1162 5342 eam
1194 5289 1606 5359 intempestive
1637 5290 1883 5359 addunt.
1922 5290 2036 5343 Po-

385 5359 542 5434 lemo
579 5377 711 5434 pag.
737 5361 791 5414 4.
826 5356 914 5434 Ἐν
947 5359 1047 5434 γαρ
1106 5362 1186 5430 τῷ
1242 5356 1400 5434 neral—
1435 5359 1658 5420 θάνατον
1722 5356 2036 5434 [is-ﬁnivit,

385 5425 544 5504 δόξαν
643 5425 805 5504 χάοις
848 5425 971 5504 οὐχ’
993 5427 1137 5504 ἔχει·
1161 5425 1169 5430 ⁷
1194 5425 1339 5504 de.
1394 5434 1559 5504 3017,
1609 5425 2037 5504 συμῦεϐηκὲναι,

384 5494 541 5558 male
566 5519 577 5556 :
600 5494 806 5575 agitur
835 5502 908 5556 de
933 5494 1508 5572 Cal'limacho,heroe
1532 5494 1634 5559 illo
1666 5494 2035 5572 Atheniensi,

383 5580 520 5645 post
557 5581 809 5645 mortem
841 5579 1055 5630 stante.

453 5647 564 5714 (24)
597 5645 735 5703 Cod.
769 5643 934 5719 ἐρεῖς.
982 5645 1066 5702 Cf.
1129 5645 1288 5703 infra
1344 5663 1400 5718 p.
1454 5649 1572 5702 l06.
1626 5646 1720 5702 Ὧν
1781 5653 1879 5704 τοῦ
1929 5647 2039 5702 σώ-

385 5737 625 5790 ματος...

705 5848 987 5908 ΡΑΤιιοι...
1034 5843 1144 5905 Gn.
1193 5845 1430 5907 CXVll.

2118 564 2368 613 restrem
2399 559 2649 626 gloriam
2681 578 2954 632 quaerens
2983 562 3208 618 caelesti
3241 563 3428 636 gloria
3457 563 3706 620 fruetur.

2195 647 2266 702 Ut
2295 647 2404 703 ﬂos
2435 649 2558 722 agri
2591 651 2868 706 universa
2898 652 3195 707 terrestris
3235 659 3467 709 natura.

2192 737 2356 802 Quod
2390 739 2560 794 vilius
2584 746 2674 795 est
2701 741 2946 812 pellere,
2979 741 3213 812 etquod
3238 743 3530 814 optimum
3561 742 3710 799 velle

2197 827 2509 884 Hominem
2542 830 2711 885 decet
2740 830 2908 885 bona:
2941 832 3088 902 spei.

2194 917 2453 980 Quorum
2484 919 2635 974 nihil
2665 919 2862 976 aufers
2889 936 2920 975 e
2940 921 3058 975 vita
3080 920 3395 990 decedens,
3429 921 3556 977 haac
3587 921 3789 995 despi-

2124 1021 2256 1061 cere
2289 1013 2344 1062 te
2376 1016 2630 1080 oportet,
2660 1016 2727 1064 ut
2758 1015 3057 1080 corrupta.

2196 1102 2385 1167 Asper
2414 1103 2473 1152 et
2521 1099 2782 1154 crudelis
2839 1098 3018 1154 homo
3076 1116 3196 1155 non
3254 1100 3700 1172 prosperabitur
3724 1101 3787 1157 in

2125 1199 2238 1243 V18.

2200 1273 2463 1332 Utilitate
2497 1275 2760 1348 privatur
2790 1277 2891 1348 qui
2924 1275 2999 1332 ad
3028 1276 3186 1332 viros
3216 1275 3404 1333 bonos
3452 1293 3574 1332 non
3616 1293 3788 1334 acce-

2128 1361 2234 1416 dit.

2200 1451 2632 1511 Ornamentum
2665 1461 2754 1512 est
2777 1455 2866 1512 vel
2900 1455 2960 1512 in
2994 1456 3284 1512 memoria
3317 1462 3546 1512 tantum
3597 1458 3788 1514 virum

2128 1541 2352 1598 bonum
2382 1544 2622 1602 habere.

2200 1633 2460 1697 Quorum
2505 1651 2701 1690 sermo
2733 1636 2806 1692 ad
2855 1637 3133 1692 effectum
3166 1635 3379 1704 tendit,
3412 1636 3624 1692 horum
3655 1651 3788 1709 gra-

2131 1719 2276 1776 tiam
2309 1723 2540 1779 stillant
2569 1724 2764 1792 labia;
2799 1741 3057 1796 quorum
3098 1730 3298 1781 autem
3327 1740 3635 1781 sermones
3666 1741 3786 1782 non

2051 1840 2098 1902 Β
2131 1811 2405 1867 effectum
2439 1813 2768 1877 intuentur,
2801 1830 2985 1870 vacua
3016 1829 3221 1869 eorum
3253 1820 3344 1870 est
3380 1831 3572 1872 mens.

2203 1901 2456 1958 Pulchra
2482 1909 2572 1958 est
2610 1903 3011 1959 beneﬁcentia
3039 1920 3171 1974 quae
3203 1903 3431 1960 crimen
3464 1904 3680 1976 expiat.

2200 1990 2273 2045 Ut
2303 1992 2600 2048 somnium
2635 1999 2692 2048 et
2718 1993 3066 2056 ludibrium,
3119 1993 3200 2048 ita
3239 1993 3412 2065 juxta
3469 2010 3790 2064 supernam

2127 2079 2305 2134 vitam
2339 2097 2602 2152 praesens
2641 2082 2894 2138 felicitas
2954 2082 3221 2149 exsistit;
3282 2098 3509 2155 pauper
3539 2082 3700 2138 enim
3734 2089 3792 2137 et

2128 2165 2292 2223 dives
2323 2170 2496 2226 ambo
2526 2170 2716 2242 pulvis
2745 2171 2806 2226 in
2838 2171 3130 2242 sepulcro.

2200 2257 2273 2312 Ut
2295 2259 2536 2328 quidam
2569 2276 2768 2331 vapor,
2803 2261 2890 2314 vel
2924 2259 3149 2314 umbrte
3181 2260 3546 2331 apparentia.

2199 2346 2398 2402 Gloria
2429 2353 2709 2420 potestas,
2753 2355 2810 2404 et
2835 2348 3053 2404 divitias
3087 2348 3398 2404 hominum
3430 2352 3607 2416 sunt;

2199 2435 2338 2500 Quas
2370 2439 2531 2493 enim
2564 2438 2728 2494 dedit
2759 2444 3015 2510 tempus.
3050 2438 3206 2494 tollit
3247 2444 3502 2510 tempus.

2129 2523 2292 2579 Sicut
2323 2528 2470 2582 mori
2505 2528 2783 2583 omnibus
2815 2527 3160 2584 hominibus
3189 2533 3476 2583 statutum
3508 2531 3618 2593 est,

2200 2615 2288 2668 Ita
2319 2615 2449 2670 sine
2481 2617 2869 2673 tribulatione
2900 2635 3020 2673 non
3051 2617 3193 2672 licet
3225 2617 3470 2672 omnino

2201 2703 2364 2760 Hanc
2389 2706 2736 2762 variabilem
2779 2707 2960 2763 vitam
2992 2706 3183 2762 finire.

2201 2792 2364 2848 Sicut
2388 2795 2518 2866 apis
2548 2796 2794 2851 aculeus
2825 2796 3094 2852 dolorem
3119 2795 3362 2867 praabet,

2199 2883 2289 2938 Ita
2319 2884 2532 2940 dravus
2565 2902 2700 2940 cum
2729 2886 2790 2941 in
2819 2885 3079 2957 aliquem
3117 2884 3380 2940 irruerit.

2201 2973 2534 3028 Pretiosum
2580 2973 2802 3030 bonum
2835 2981 2926 3030 est
2955 2973 3302 3039 humilitas;
3337 2973 3438 3042 qui
3471 2973 3635 3028 illam
3671 2990 3799 3030 sor-

2137 3060 2279 3116 titus
2304 3068 2412 3130 est,
2445 3063 2663 3119 multos
2694 3064 2919 3120 amicos
2950 3063 3150 3127 habet,
3175 3062 3350 3135 longe
3381 3068 3580 3118 autem
3603 3062 3801 3118 abilla

2138 3151 2363 3206 amicos
2396 3153 2614 3209 habere
2664 3171 2784 3209 non
2841 3153 2968 3209 vult
3020 3152 3259 3224 aliquis,
3313 3168 3452 3208 nam
3484 3152 3680 3224 potius
3712 3159 3804 3208 est

2077 3251 2098 3271 λ
2138 3239 2266 3311 ipse
2298 3243 2651 3310 arrogantiae
2682 3243 2930 3300 amicus.

2207 3330 2280 3385 Ut
2334 3348 2628 3388 venenum
2687 3333 2979 3406 serpentis
3032 3332 3233 3406 fugere
3293 3332 3518 3388 bonum
3577 3337 3685 3402 est,
3722 3332 3805 3390 ita

2132 3435 2448 3490 pravorum
2482 3424 2997 3478 conversationem
3028 3429 3092 3477 ut
3123 3426 3376 3494 pestem.

2208 3509 2278 3564 Ut
2304 3509 2586 3567 decorum
2622 3519 2712 3567 est
2742 3529 2864 3568 non
2897 3512 3094 3585 fugere
3127 3511 3460 3568 amicorum
3492 3527 3798 3582 occursus,

2137 3597 2224 3652 lta
2256 3598 2536 3656 decorum
2565 3600 2766 3674 fugere
2798 3602 2952 3657 viros
2984 3603 3248 3657 insanos.

2207 3688 2468 3752 Quorum
2501 3691 2618 3747 vita
2645 3692 3006 3756 communis,
3040 3692 3255 3747 horum
3301 3706 3541 3763 quoque
3572 3690 3801 3747 fructus

2139 3795 2508 3835 communes.

2209 3869 2432 3934 Quibus
2480 3887 2725 3944 corpore
2777 3876 2988 3927 exutus
3038 3888 3158 3927 non
3223 3869 3442 3944 egebis,
3475 3869 3602 3926 haec
3659 3887 3804 3926 con-

2141 3969 2361 4018 temne.

2281 4053 2352 4108 Ut
2386 4052 2712 4107 moriturus
2743 4051 2862 4108 tuis
2897 4051 3080 4107 'bonis
3108 4056 3298 4108 utere.

2285 4232 2357 4287 Ut
2385 4237 2585 4286 autem
2612 4232 2870 4286 victurus
2903 4229 3380 4302 possessionibus
3413 4245 3608 4300 parce.

2213 4320 2380 4376 Absit
2406 4337 2574 4376 amor
2602 4319 2878 4391 proprius
2909 4319 3010 4390 qui
3043 4320 3246 4374 omnia
3276 4318 3402 4373 odit
3435 4316 3448 4372 i

2883 4497 2938 4561 5,
2975 4513 3029 4561 p.
3063 4497 3150 4556 30.
3187 4501 3245 4550 et
3275 4497 3494 4551 Anton.
3529 4494 3715 4549 Serm.
3754 4498 3806 4560 1,

2883 4513 2938 4561 ι),
3018 4538 3029 4550 .
3063 4513 3150 4556 δυ.
3187 4513 3245 4550 et
3275 4513 3494 4551 anton.
3529 4513 3715 4549 θοι-ω.
3754 4513 3804 4560 ι,

2867 4513 3080 4648 ξῐοῦῳί
3130 4567 3504 4648 ξοῒιονῖῇειηει,
3566 4583 3620 4648 p.
3680 4567 3804 4648 138,

2148 4637 2494 4714 Pythagoreo
2522 4639 2821 4714 tribuitur.
2854 4640 3166 4714 Porphyrii
3198 4640 3395 4714 simile
3417 4637 3713 4714 monitum
3732 4637 3808 4714 ad

2148 4707 2413 4784 Mtwcfp.
2457 4715 2683 4784 25:_'Qv
2745 4707 2803 4765 δὲ
2858 4707 2990 4784 τοῦί
3016 4707 3271 4784 σώματος
3329 4708 3714 4784 ἀπαλλαγεῖσα
3743 4707 3806 4762 ού

2147 4780 2414 4857 δεηθήσῂ,
2475 4781 2692 4837 ἐκείνων
2742 4780 3112 4857 καταφρόνει,⁷
3151 4785 3358 4839 Sextus
3417 4780 3614 4857 Ruﬁni
3673 4797 3805 4857 pag.

2147 4859 2250 4912 648
2278 4873 2290 4910 :
2315 4881 2342 4907 «
2366 4854 2498 4910 'non
2532 4861 2766 4926 oportet
2821 4854 3206 4912 contemnere
3252 4873 3323 4912 ea
3380 4855 3595 4926 quibus
3626 4854 3806 4908 etiam

2149 4935 2282 5010 post
2337 4928 2792 5010 dispositionem
2827 4929 3119 5010 Acorporis
3173 4943 3460 5010 egemus:
3496 4950 3522 4977 ››
3581 4926 3808 5010 f‘orsan,

2147 4997 2174 5052 ῑ‹
2201 4997 2656 5072 depositionem.
2687 5023 2712 5048 η
2737 5001 2918 5055 Notus
2936 4997 3026 5054 est
3047 4997 3464 5072 recentiorille
3496 4997 3810 5072 verborum

2147 5069 2438 5144 deponere,
2471 5072 2760 5141 depositio.
2788 5087 3024 5144 sensus.
3084 5073 3213 5142 lpse
3266 5071 3515 5144 Ruﬁnus
3554 5085 3612 5144 rp.
3666 5069 3810 5122 653:

2153 5164 2179 5196 ι
2211 5142 2666 5200 tabernaculum
2699 5143 2942 5214 quidem
2970 5145 3238 5214 corporis
3263 5142 3516 5212 graviter
3538 5143 3689 5194 ferre
3713 5155 3812 5193 su-

2150 5217 2399 5292 perbum
2431 5223 2522 5270 est
2544 5216 2866 5292 ;_deponere
2895 5222 3095 5292 autem
3137 5230 3328 5292 posse.
3365 5230 3499 5292 cum
3533 5217 3811 5292 Oportue-

2148 5285 2245 5360 rit,
2279 5289 2339 5342 in
2366 5303 2528 5360 pace.
2564 5287 2803 5360 beatum
2836 5294 2944 5342 est.
2982 5311 3008 5335 ι»
3041 5285 3394 5360 Aplissimus
3416 5291 3506 5360 est
3535 5285 3809 5354 appositu

2149 5351 2314 5448 loc'us
2345 5351 2649 5448 Geprgidis
2681 5375 2862 5444 supra
2891 5375 3020 5448 pag.
3221 5356 3424 5444 Θνητρν
3478 5351 3807 5448 gafan—

2149 5432 2372 5500 σκήνιον
2424 5424 2525 5483 ἐπῗ
2569 5432 2638 5500 τῇ
2695 5424 2908 5482 τούτου-
2948 5424 3200 5482 ἀποθέσει
3251 5424 3420 5499 μηδὲν
3484 5424 3660 5500 λυποῦ
3727 5424 3812 5500 f-

2149 5487 2496 5574 Cf."l‘aylor.
2530 5501 2591 5555 in
2614 5487 2883 5558 .Classico
2935 5500 3130 5556 Diario
3163 5507 3204 5554 t.
3238 5487 3352 5561 ixi,
3478 5499 3603 5569 268,
3639 5501 3698 5552 et
3726 5495 3814 5550 si-

2149 5575 2354 5627 milem
2389 5575 2584 5627 locum
2617 5589 2797 5627 sunra
2831 5589 2957 5627 nan.
2997 5573 3118 5627 105.
3160 5571 3254 5624 Ὧν
3288 5566 3384 5626 οὐδ
3416 5592 3514 5627 ν...

2149 5569 2363 5630 ωἰιθηί
2389 5575 2584 5628 locum
2617 5589 2797 5644 supra
2829 5589 2957 5645 pag.
2997 5573 3118 5639 105,
3160 5571 3254 5624 Ὧν
3288 5569 3514 5627 ούδὶν...

2221 5649 2331 5719 (26)
2365 5645 2658 5702 Lucianus
2688 5645 2881 5718 Epigr.
2917 5645 2984 5700 29

2216 4498 2328 4568 (25)
2356 4496 2527 4569 Apud
2567 4495 2726 4569 Stob.
2762 4496 2850 4550 tit.

3413 5848 3487 5906 37
