  <div class='ocr_page' id='page_1' title='image "/cluster/home/n/w/nwhite01/storage/ocr_20150623/117/coo.31924054870211/594.png"; bbox 0 0 4110 6456; ppageno 0'>
   <div class='ocr_carea' id='block_1_1' title="bbox 310 387 3734 454">
    <p class='ocr_par' dir='ltr' id='par_1_1' title="bbox 310 387 3734 454">
     <span class='ocr_line' id='line_1_1' title="bbox 310 387 3734 454; baseline -0.001 -1"><span class='ocrx_word' id='word_1_1' title='bbox 310 395 464 454; x_wconf 81' lang='grc'>1165</span> <span class='ocrx_word' id='word_1_2' title='bbox 1283 387 1566 450; x_wconf 80' lang='lat' dir='ltr'><strong>DRAMA</strong></span> <span class='ocrx_word' id='word_1_3' title='bbox 1611 391 1710 450; x_wconf 87' lang='lat' dir='ltr'><strong>DE</strong></span> <span class='ocrx_word' id='word_1_4' title='bbox 1759 388 1974 448; x_wconf 76' lang='lat' dir='ltr'><strong>PlllMl</strong></span> <span class='ocrx_word' id='word_1_5' title='bbox 2022 388 2420 450; x_wconf 79' lang='lat' dir='ltr'><strong>PARENTIS</strong></span> <span class='ocrx_word' id='word_1_6' title='bbox 2471 389 2740 453; x_wconf 82' lang='lat' dir='ltr'><strong>LAPSU.</strong></span> <span class='ocrx_word' id='word_1_7' title='bbox 3580 394 3734 452; x_wconf 84' lang='grc'>1166</span> 
     </span>
    </p>
   </div>
   <div class='ocr_carea' id='block_1_2' title="bbox 304 517 1610 602">
    <p class='ocr_par' dir='ltr' id='par_1_2' title="bbox 304 517 1610 602">
     <span class='ocr_line' id='line_1_2' title="bbox 304 517 1610 602; baseline -0.004 -20"><span class='ocrx_word' id='word_1_8' title='bbox 304 529 378 582; x_wconf 81' lang='grc' dir='ltr'>Ἀ</span> <span class='ocrx_word' id='word_1_9' title='bbox 409 528 528 587; x_wconf 81' lang='grc' dir='ltr'>τοῖς</span> <span class='ocrx_word' id='word_1_10' title='bbox 560 523 857 602; x_wconf 78' lang='grc' dir='ltr'>γενάρχαις</span> <span class='ocrx_word' id='word_1_11' title='bbox 887 524 917 578; x_wconf 80' lang='grc' dir='ltr'><strong>ὁ</strong></span> <span class='ocrx_word' id='word_1_12' title='bbox 947 521 1326 598; x_wconf 74' lang='grc' dir='ltr'>προσερπῦσας</span> <span class='ocrx_word' id='word_1_13' title='bbox 1355 517 1477 600; x_wconf 81' lang='grc' dir='ltr'>ὄφις</span> <span class='ocrx_word' id='word_1_14' title='bbox 1507 524 1610 596; x_wconf 75' lang='lat' dir='ltr'><strong>li),</strong></span> 
     </span>
    </p>
   </div>
   <div class='ocr_carea' id='block_1_3' title="bbox 305 610 1445 687">
    <p class='ocr_par' dir='ltr' id='par_1_3' title="bbox 305 610 1445 687">
     <span class='ocr_line' id='line_1_3' title="bbox 305 610 1445 687; baseline -0.006 -14"><span class='ocrx_word' id='word_1_15' title='bbox 305 618 388 673; x_wconf 88' lang='grc' dir='ltr'><strong>Δι’</strong></span> <span class='ocrx_word' id='word_1_16' title='bbox 418 613 625 685; x_wconf 76' lang='grc' dir='ltr'>ἡδονῆς</span> <span class='ocrx_word' id='word_1_17' title='bbox 649 610 839 684; x_wconf 80' lang='grc' dir='ltr'>ἔπλεξε</span> <span class='ocrx_word' id='word_1_18' title='bbox 871 611 1215 687; x_wconf 79' lang='grc' dir='ltr'><strong>συμπλακεὶς</strong></span> <span class='ocrx_word' id='word_1_19' title='bbox 1246 613 1445 681; x_wconf 84' lang='grc' dir='ltr'>πάλαι,</span> 
     </span>
    </p>
   </div>
   <div class='ocr_carea' id='block_1_4' title="bbox 311 701 1571 778">
    <p class='ocr_par' dir='ltr' id='par_1_4' title="bbox 311 701 1571 778">
     <span class='ocr_line' id='line_1_4' title="bbox 311 701 1571 778; baseline -0.007 -14"><span class='ocrx_word' id='word_1_20' title='bbox 311 707 417 764; x_wconf 77' lang='grc' dir='ltr'><strong>Καὶ</strong></span> <span class='ocrx_word' id='word_1_21' title='bbox 446 708 546 774; x_wconf 76' lang='grc' dir='ltr'>τὴν</span> <span class='ocrx_word' id='word_1_22' title='bbox 578 703 1042 778; x_wconf 76' lang='grc' dir='ltr'>πολυθρόλλητον</span> <span class='ocrx_word' id='word_1_23' title='bbox 1072 705 1238 774; x_wconf 82' lang='grc' dir='ltr'>ἧτταν</span> <span class='ocrx_word' id='word_1_24' title='bbox 1272 701 1571 775; x_wconf 74' lang='grc' dir='ltr'><strong>θαυμάσας,</strong></span> 
     </span>
    </p>
   </div>
   <div class='ocr_carea' id='block_1_5' title="bbox 309 791 1498 868">
    <p class='ocr_par' dir='ltr' id='par_1_5' title="bbox 309 791 1498 868">
     <span class='ocr_line' id='line_1_5' title="bbox 309 791 1498 868; baseline -0.003 -18"><span class='ocrx_word' id='word_1_25' title='bbox 309 795 416 854; x_wconf 82' lang='grc' dir='ltr'><strong>Καὶ</strong></span> <span class='ocrx_word' id='word_1_26' title='bbox 447 803 548 864; x_wconf 77' lang='grc' dir='ltr'><strong>τῆς</strong></span> <span class='ocrx_word' id='word_1_27' title='bbox 582 793 822 856; x_wconf 77' lang='grc' dir='ltr'>παλαιᾶς</span> <span class='ocrx_word' id='word_1_28' title='bbox 851 799 943 848; x_wconf 90' lang='grc' dir='ltr'><strong>νῦν</strong></span> <span class='ocrx_word' id='word_1_29' title='bbox 979 796 1110 868; x_wconf 83' lang='grc' dir='ltr'>άρᾶς</span> <span class='ocrx_word' id='word_1_30' title='bbox 1149 791 1498 866; x_wconf 72' lang='grc' dir='ltr'><strong>μεμνημένος</strong></span> 
     </span>
    </p>
   </div>
   <div class='ocr_carea' id='block_1_6' title="bbox 301 881 1572 961">
    <p class='ocr_par' dir='ltr' id='par_1_6' title="bbox 301 881 1572 961">
     <span class='ocr_line' id='line_1_6' title="bbox 301 881 1572 961; baseline -0.007 -19"><span class='ocrx_word' id='word_1_31' title='bbox 301 887 404 942; x_wconf 79' lang='grc' dir='ltr'><strong>’Ἢν</strong></span> <span class='ocrx_word' id='word_1_32' title='bbox 437 886 487 957; x_wconf 84' lang='grc' dir='ltr'><strong>ἐξ</strong></span> <span class='ocrx_word' id='word_1_33' title='bbox 520 884 738 941; x_wconf 78' lang='grc' dir='ltr'>ἐκείνων</span> <span class='ocrx_word' id='word_1_34' title='bbox 774 887 808 955; x_wconf 73' lang='grc' dir='ltr'>ἡ</span> <span class='ocrx_word' id='word_1_35' title='bbox 845 887 1055 961; x_wconf 87' lang='grc' dir='ltr'>βροτῶν</span> <span class='ocrx_word' id='word_1_36' title='bbox 1095 885 1244 958; x_wconf 81' lang='grc' dir='ltr'>εὗρεν</span> <span class='ocrx_word' id='word_1_37' title='bbox 1275 886 1350 956; x_wconf 82' lang='grc'><strong>(2)</strong></span> <span class='ocrx_word' id='word_1_38' title='bbox 1390 881 1572 956; x_wconf 67' lang='grc' dir='ltr'>φύσις,</span> 
     </span>
    </p>
   </div>
   <div class='ocr_carea' id='block_1_7' title="bbox 303 970 1534 1052">
    <p class='ocr_par' dir='ltr' id='par_1_7' title="bbox 303 970 1534 1052">
     <span class='ocr_line' id='line_1_7' title="bbox 303 970 1534 1052; baseline -0.006 -20"><span class='ocrx_word' id='word_1_39' title='bbox 303 977 551 1050; x_wconf 73' lang='grc' dir='ltr'>Ἐχθροῦ</span> <span class='ocrx_word' id='word_1_40' title='bbox 584 970 840 1052; x_wconf 77' lang='grc' dir='ltr'><strong>φανέντος</strong></span> <span class='ocrx_word' id='word_1_41' title='bbox 870 981 968 1042; x_wconf 73' lang='grc' dir='ltr'>τῆς</span> <span class='ocrx_word' id='word_1_42' title='bbox 1003 972 1184 1043; x_wconf 87' lang='grc' dir='ltr'>πάλης</span> <span class='ocrx_word' id='word_1_43' title='bbox 1216 971 1534 1045; x_wconf 70' lang='grc' dir='ltr'>ὑπερτέρου,</span> 
     </span>
    </p>
   </div>
   <div class='ocr_carea' id='block_1_8' title="bbox 310 1059 1560 1135">
    <p class='ocr_par' dir='ltr' id='par_1_8' title="bbox 310 1059 1560 1135">
     <span class='ocr_line' id='line_1_8' title="bbox 310 1059 1560 1135; baseline -0.006 -16"><span class='ocrx_word' id='word_1_44' title='bbox 310 1071 422 1133; x_wconf 81' lang='grc' dir='ltr'><strong>Τῆς</strong></span> <span class='ocrx_word' id='word_1_45' title='bbox 452 1071 549 1132; x_wconf 78' lang='grc' dir='ltr'>σῆς</span> <span class='ocrx_word' id='word_1_46' title='bbox 583 1062 635 1118; x_wconf 78' lang='grc' dir='ltr'>ἐν</span> <span class='ocrx_word' id='word_1_47' title='bbox 679 1063 864 1124; x_wconf 82' lang='grc' dir='ltr'>αὐτοῖς</span> <span class='ocrx_word' id='word_1_48' title='bbox 894 1068 1181 1135; x_wconf 79' lang='grc' dir='ltr'>συμφορᾶς</span> <span class='ocrx_word' id='word_1_49' title='bbox 1213 1059 1560 1127; x_wconf 83' lang='grc' dir='ltr'>ἐπαισθάνου,</span> 
     </span>
    </p>
   </div>
   <div class='ocr_carea' id='block_1_9' title="bbox 308 1146 1726 1228">
    <p class='ocr_par' dir='ltr' id='par_1_9' title="bbox 308 1146 1726 1228">
     <span class='ocr_line' id='line_1_9' title="bbox 308 1146 1726 1228; baseline -0.004 -20"><span class='ocrx_word' id='word_1_50' title='bbox 308 1155 396 1216; x_wconf 86' lang='grc' dir='ltr'><strong>Ὦς</strong></span> <span class='ocrx_word' id='word_1_51' title='bbox 427 1153 518 1208; x_wconf 84' lang='grc' dir='ltr'><strong>καὶ</strong></span> <span class='ocrx_word' id='word_1_52' title='bbox 553 1151 848 1228; x_wconf 75' lang='grc' dir='ltr'>λελογχὼς</span> <span class='ocrx_word' id='word_1_53' title='bbox 879 1156 957 1224; x_wconf 84' lang='grc'><strong>(3)</strong></span> <span class='ocrx_word' id='word_1_54' title='bbox 986 1157 1092 1206; x_wconf 92' lang='grc' dir='ltr'><strong>τῶν</strong></span> <span class='ocrx_word' id='word_1_55' title='bbox 1128 1149 1337 1223; x_wconf 81' lang='grc' dir='ltr'>ὁμοίων</span> <span class='ocrx_word' id='word_1_56' title='bbox 1367 1146 1726 1220; x_wconf 79' lang='grc' dir='ltr'>σκαμμάτων.</span> 
     </span>
    </p>
   </div>
   <div class='ocr_carea' id='block_1_10' title="bbox 383 1236 1521 1317">
    <p class='ocr_par' dir='ltr' id='par_1_10' title="bbox 383 1236 1521 1317">
     <span class='ocr_line' id='line_1_10' title="bbox 383 1236 1521 1317; baseline -0.009 -17"><span class='ocrx_word' id='word_1_57' title='bbox 383 1241 535 1300; x_wconf 79' lang='grc' dir='ltr'>Ἐπεὶ</span> <span class='ocrx_word' id='word_1_58' title='bbox 567 1241 668 1317; x_wconf 76' lang='grc' dir='ltr'>γὰρ</span> <span class='ocrx_word' id='word_1_59' title='bbox 703 1241 817 1297; x_wconf 72' lang='grc' dir='ltr'>εἶδε</span> <span class='ocrx_word' id='word_1_60' title='bbox 852 1245 961 1296; x_wconf 89' lang='grc' dir='ltr'><strong>τῶν</strong></span> <span class='ocrx_word' id='word_1_61' title='bbox 992 1244 1204 1309; x_wconf 78' lang='grc' dir='ltr'>νοητῶν</span> <span class='ocrx_word' id='word_1_62' title='bbox 1231 1240 1332 1306; x_wconf 79' lang='grc' dir='ltr'>τήν</span> <span class='ocrx_word' id='word_1_63' title='bbox 1365 1236 1521 1316; x_wconf 67' lang='grc' dir='ltr'>φύσιν</span> 
     </span>
    </p>
   </div>
   <div class='ocr_carea' id='block_1_11' title="bbox 302 1323 1645 1404">
    <p class='ocr_par' dir='ltr' id='par_1_11' title="bbox 302 1323 1645 1404">
     <span class='ocr_line' id='line_1_11' title="bbox 302 1323 1645 1404; baseline -0.007 -15"><span class='ocrx_word' id='word_1_64' title='bbox 302 1333 366 1389; x_wconf 78' lang='grc' dir='ltr'>Ὀ</span> <span class='ocrx_word' id='word_1_65' title='bbox 399 1331 526 1404; x_wconf 77' lang='grc' dir='ltr'>πρὶν</span> <span class='ocrx_word' id='word_1_66' title='bbox 559 1331 739 1386; x_wconf 86' lang='grc' dir='ltr'>πεσὼν</span> <span class='ocrx_word' id='word_1_67' title='bbox 773 1327 1040 1400; x_wconf 72' lang='grc' dir='ltr'>δύστηνος</span> <span class='ocrx_word' id='word_1_68' title='bbox 1072 1328 1132 1383; x_wconf 81' lang='grc' dir='ltr'><strong>ἐκ</strong></span> <span class='ocrx_word' id='word_1_69' title='bbox 1162 1331 1365 1403; x_wconf 82' lang='grc' dir='ltr'>φθορᾶς</span> <span class='ocrx_word' id='word_1_70' title='bbox 1407 1323 1645 1400; x_wconf 83' lang='grc' dir='ltr'>δράκων,</span> 
     </span>
    </p>
   </div>
   <div class='ocr_carea' id='block_1_12' title="bbox 307 1415 1509 1494">
    <p class='ocr_par' dir='ltr' id='par_1_12' title="bbox 307 1415 1509 1494">
     <span class='ocr_line' id='line_1_12' title="bbox 307 1415 1509 1494; baseline -0.005 -18"><span class='ocrx_word' id='word_1_71' title='bbox 307 1421 408 1476; x_wconf 80' lang='grc' dir='ltr'><strong>Καὶ</strong></span> <span class='ocrx_word' id='word_1_72' title='bbox 435 1421 536 1490; x_wconf 77' lang='grc' dir='ltr'>τὴν</span> <span class='ocrx_word' id='word_1_73' title='bbox 567 1417 716 1476; x_wconf 76' lang='grc' dir='ltr'>κὸίτω</span> <span class='ocrx_word' id='word_1_74' title='bbox 745 1421 1047 1492; x_wconf 80' lang='grc' dir='ltr'>σύμπηξιν,</span> <span class='ocrx_word' id='word_1_75' title='bbox 1081 1416 1307 1494; x_wconf 68' lang='grc' dir='ltr'>ἀρρήτῳ</span> <span class='ocrx_word' id='word_1_76' title='bbox 1330 1415 1509 1491; x_wconf 86' lang='grc' dir='ltr'>τάχει,</span> 
     </span>
    </p>
   </div>
   <div class='ocr_carea' id='block_1_13' title="bbox 305 1503 1624 1585">
    <p class='ocr_par' dir='ltr' id='par_1_13' title="bbox 305 1503 1624 1585">
     <span class='ocr_line' id='line_1_13' title="bbox 305 1503 1624 1585; baseline -0.008 -18"><span class='ocrx_word' id='word_1_77' title='bbox 305 1512 476 1585; x_wconf 89' lang='grc' dir='ltr'>Λόγῳ</span> <span class='ocrx_word' id='word_1_78' title='bbox 508 1511 883 1585; x_wconf 79' lang='grc' dir='ltr'>παραχθεῖσάν</span> <span class='ocrx_word' id='word_1_79' title='bbox 919 1529 978 1564; x_wconf 88' lang='grc' dir='ltr'><strong>τε</strong></span> <span class='ocrx_word' id='word_1_80' title='bbox 1009 1512 1084 1581; x_wconf 78' lang='grc'><strong>(4)</strong></span> <span class='ocrx_word' id='word_1_81' title='bbox 1116 1507 1207 1562; x_wconf 83' lang='grc' dir='ltr'><strong>καὶ</strong></span> <span class='ocrx_word' id='word_1_82' title='bbox 1242 1506 1420 1582; x_wconf 80' lang='grc' dir='ltr'>βουλῇ</span> <span class='ocrx_word' id='word_1_83' title='bbox 1459 1503 1624 1579; x_wconf 81' lang='grc' dir='ltr'>μόνῃ,</span> 
     </span>
    </p>
   </div>
   <div class='ocr_carea' id='block_1_14' title="bbox 307 1592 1437 1672">
    <p class='ocr_par' dir='ltr' id='par_1_14' title="bbox 307 1592 1437 1672">
     <span class='ocr_line' id='line_1_14' title="bbox 307 1592 1437 1672; baseline -0.01 -16"><span class='ocrx_word' id='word_1_84' title='bbox 307 1600 447 1657; x_wconf 78' lang='grc' dir='ltr'>Οἶον</span> <span class='ocrx_word' id='word_1_85' title='bbox 471 1599 532 1653; x_wconf 90' lang='grc' dir='ltr'>τὸ</span> <span class='ocrx_word' id='word_1_86' title='bbox 563 1599 758 1652; x_wconf 84' lang='grc' dir='ltr'>σεπτὸν</span> <span class='ocrx_word' id='word_1_87' title='bbox 791 1603 890 1666; x_wconf 81' lang='grc' dir='ltr'>τῆς</span> <span class='ocrx_word' id='word_1_88' title='bbox 925 1592 1036 1650; x_wconf 76' lang='grc' dir='ltr'>ἅνω</span> <span class='ocrx_word' id='word_1_89' title='bbox 1065 1593 1437 1672; x_wconf 77' lang='grc' dir='ltr'><strong>κληρουχίας,</strong></span> 
     </span>
    </p>
   </div>
   <div class='ocr_carea' id='block_1_15' title="bbox 311 1679 1752 1763">
    <p class='ocr_par' dir='ltr' id='par_1_15' title="bbox 311 1679 1752 1763">
     <span class='ocr_line' id='line_1_15' title="bbox 311 1679 1752 1763; baseline -0.008 -18"><span class='ocrx_word' id='word_1_90' title='bbox 311 1683 616 1763; x_wconf 75' lang='grc' dir='ltr'>Χερουϐἶμ,</span> <span class='ocrx_word' id='word_1_91' title='bbox 652 1687 884 1761; x_wconf 79' lang='grc' dir='ltr'>Ἀρχὰς,</span> <span class='ocrx_word' id='word_1_92' title='bbox 915 1685 1004 1739; x_wconf 84' lang='grc' dir='ltr'><strong>καὶ</strong></span> <span class='ocrx_word' id='word_1_93' title='bbox 1039 1684 1340 1759; x_wconf 78' lang='grc' dir='ltr'>Σεραφεὶμ,</span> <span class='ocrx_word' id='word_1_94' title='bbox 1371 1681 1462 1736; x_wconf 79' lang='grc' dir='ltr'><strong>καὶ</strong></span> <span class='ocrx_word' id='word_1_95' title='bbox 1494 1679 1752 1756; x_wconf 86' lang='grc' dir='ltr'>Θρόνους,</span> 
     </span>
    </p>
   </div>
   <div class='ocr_carea' id='block_1_16' title="bbox 312 1768 1671 1852">
    <p class='ocr_par' dir='ltr' id='par_1_16' title="bbox 312 1768 1671 1852">
     <span class='ocr_line' id='line_1_16' title="bbox 312 1768 1671 1852; baseline -0.008 -20"><span class='ocrx_word' id='word_1_96' title='bbox 312 1777 760 1852; x_wconf 76' lang='grc' dir='ltr'>ἈρχαγγέΛους,</span> <span class='ocrx_word' id='word_1_97' title='bbox 791 1774 968 1843; x_wconf 76' lang='grc' dir='ltr'>τάξεις</span> <span class='ocrx_word' id='word_1_98' title='bbox 997 1794 1055 1827; x_wconf 92' lang='grc' dir='ltr'><strong>τε</strong></span> <span class='ocrx_word' id='word_1_99' title='bbox 1095 1775 1334 1850; x_wconf 84' lang='grc' dir='ltr'>φρικτῶν</span> <span class='ocrx_word' id='word_1_100' title='bbox 1367 1768 1671 1845; x_wconf 79' lang='grc' dir='ltr'>’Δγγέλων,</span> 
     </span>
    </p>
   </div>
   <div class='ocr_carea' id='block_1_17' title="bbox 312 1859 1643 1940">
    <p class='ocr_par' dir='ltr' id='par_1_17' title="bbox 312 1859 1643 1940">
     <span class='ocr_line' id='line_1_17' title="bbox 312 1859 1643 1940; baseline -0.006 -20"><span class='ocrx_word' id='word_1_101' title='bbox 312 1871 442 1934; x_wconf 83' lang='grc' dir='ltr'>Γῆν,</span> <span class='ocrx_word' id='word_1_102' title='bbox 477 1864 730 1940; x_wconf 77' lang='grc' dir='ltr'>οὐρανὸν,</span> <span class='ocrx_word' id='word_1_103' title='bbox 759 1863 850 1918; x_wconf 82' lang='grc' dir='ltr'>καὶ</span> <span class='ocrx_word' id='word_1_104' title='bbox 891 1866 1058 1917; x_wconf 76' lang='grc' dir='ltr'>πᾶσαν</span> <span class='ocrx_word' id='word_1_105' title='bbox 1087 1863 1188 1930; x_wconf 74' lang='grc' dir='ltr'>τὴν</span> <span class='ocrx_word' id='word_1_106' title='bbox 1224 1859 1434 1934; x_wconf 74' lang='grc' dir='ltr'>ἄστρων</span> <span class='ocrx_word' id='word_1_107' title='bbox 1474 1859 1643 1931; x_wconf 85' lang='grc' dir='ltr'>θέσιν,</span> 
     </span>
    </p>
   </div>
   <div class='ocr_carea' id='block_1_18' title="bbox 311 1951 1381 2029">
    <p class='ocr_par' dir='ltr' id='par_1_18' title="bbox 311 1951 1381 2029">
     <span class='ocr_line' id='line_1_18' title="bbox 311 1951 1381 2029; baseline -0.007 -18"><span class='ocrx_word' id='word_1_108' title='bbox 311 1953 492 2029; x_wconf 81' lang='grc' dir='ltr'>Ὕδωρ</span> <span class='ocrx_word' id='word_1_109' title='bbox 525 1975 583 2010; x_wconf 86' lang='grc' dir='ltr'><strong>τε</strong></span> <span class='ocrx_word' id='word_1_110' title='bbox 613 1955 704 2009; x_wconf 86' lang='grc' dir='ltr'><strong>καὶ</strong></span> <span class='ocrx_word' id='word_1_111' title='bbox 735 1957 865 2028; x_wconf 88' lang='grc' dir='ltr'>πῦρ,</span> <span class='ocrx_word' id='word_1_112' title='bbox 900 1952 1030 2024; x_wconf 84' lang='grc' dir='ltr'>ἀέρα</span> <span class='ocrx_word' id='word_1_113' title='bbox 1064 1951 1152 2022; x_wconf 78' lang='grc' dir='ltr'>ξῦν</span> <span class='ocrx_word' id='word_1_114' title='bbox 1181 1952 1381 2026; x_wconf 78' lang='grc' dir='ltr'>αἰθέρι,</span> 
     </span>
    </p>
   </div>
   <div class='ocr_carea' id='block_1_19' title="bbox 317 2039 1628 2119">
    <p class='ocr_par' dir='ltr' id='par_1_19' title="bbox 317 2039 1628 2119">
     <span class='ocr_line' id='line_1_19' title="bbox 317 2039 1628 2119; baseline -0.005 -21"><span class='ocrx_word' id='word_1_115' title='bbox 317 2048 595 2119; x_wconf 78' lang='grc' dir='ltr'>Φωστῆρα</span> <span class='ocrx_word' id='word_1_116' title='bbox 626 2049 702 2116; x_wconf 73' lang='lat'><strong>(5)</strong></span> <span class='ocrx_word' id='word_1_117' title='bbox 731 2040 1058 2116; x_wconf 77' lang='grc' dir='ltr'>διφρεόοντα</span> <span class='ocrx_word' id='word_1_118' title='bbox 1089 2041 1222 2115; x_wconf 75' lang='grc' dir='ltr'>πρὸς</span> <span class='ocrx_word' id='word_1_119' title='bbox 1261 2041 1361 2107; x_wconf 74' lang='grc' dir='ltr'>τήν</span> <span class='ocrx_word' id='word_1_120' title='bbox 1394 2039 1628 2113; x_wconf 77' lang='grc' dir='ltr'>ἡμέραν,</span> 
     </span>
    </p>
   </div>
   <div class='ocr_carea' id='block_1_20' title="bbox 310 2128 1566 2205">
    <p class='ocr_par' dir='ltr' id='par_1_20' title="bbox 310 2128 1566 2205">
     <span class='ocr_line' id='line_1_20' title="bbox 310 2128 1566 2205; baseline -0.007 -16"><span class='ocrx_word' id='word_1_121' title='bbox 310 2133 528 2190; x_wconf 70' lang='grc' dir='ltr'>νΑλλον</span> <span class='ocrx_word' id='word_1_122' title='bbox 560 2130 618 2187; x_wconf 71' lang='grc' dir='ltr'><strong>δὲ</strong></span> <span class='ocrx_word' id='word_1_123' title='bbox 647 2131 987 2205; x_wconf 83' lang='grc' dir='ltr'>πυρσεόοντα</span> <span class='ocrx_word' id='word_1_124' title='bbox 1015 2130 1181 2183; x_wconf 69' lang='grc' dir='ltr'>νύκτα</span> <span class='ocrx_word' id='word_1_125' title='bbox 1212 2128 1566 2204; x_wconf 81' lang='grc' dir='ltr'>προσφόρως,</span> 
     </span>
    </p>
   </div>
   <div class='ocr_carea' id='block_1_21' title="bbox 313 2216 1605 2294">
    <p class='ocr_par' dir='ltr' id='par_1_21' title="bbox 313 2216 1605 2294">
     <span class='ocr_line' id='line_1_21' title="bbox 313 2216 1605 2294; baseline -0.005 -16"><span class='ocrx_word' id='word_1_126' title='bbox 313 2219 505 2294; x_wconf 73' lang='grc' dir='ltr'>Κτήδη</span> <span class='ocrx_word' id='word_1_127' title='bbox 537 2242 617 2292; x_wconf 89' lang='grc' dir='ltr'><strong>τε,</strong></span> <span class='ocrx_word' id='word_1_128' title='bbox 651 2220 822 2291; x_wconf 82' lang='grc' dir='ltr'>νηκτὰ</span> <span class='ocrx_word' id='word_1_129' title='bbox 852 2221 1027 2274; x_wconf 86' lang='grc' dir='ltr'>πάντα</span> <span class='ocrx_word' id='word_1_130' title='bbox 1057 2217 1146 2272; x_wconf 83' lang='grc' dir='ltr'><strong>καὶ</strong></span> <span class='ocrx_word' id='word_1_131' title='bbox 1178 2221 1398 2287; x_wconf 80' lang='grc' dir='ltr'>πτηνῶν</span> <span class='ocrx_word' id='word_1_132' title='bbox 1426 2216 1605 2291; x_wconf 85' lang='grc' dir='ltr'>γένος,</span> 
     </span>
    </p>
   </div>
   <div class='ocr_carea' id='block_1_22' title="bbox 308 2308 1472 2386">
    <p class='ocr_par' dir='ltr' id='par_1_22' title="bbox 308 2308 1472 2386">
     <span class='ocr_line' id='line_1_22' title="bbox 308 2308 1472 2386; baseline -0.007 -16"><span class='ocrx_word' id='word_1_133' title='bbox 308 2314 414 2370; x_wconf 83' lang='grc' dir='ltr'><strong>Καὶ</strong></span> <span class='ocrx_word' id='word_1_134' title='bbox 445 2313 614 2369; x_wconf 84' lang='grc' dir='ltr'>πάντα</span> <span class='ocrx_word' id='word_1_135' title='bbox 650 2312 864 2383; x_wconf 85' lang='grc' dir='ltr'>κόσμον</span> <span class='ocrx_word' id='word_1_136' title='bbox 899 2309 950 2365; x_wconf 77' lang='grc' dir='ltr'><strong>έν</strong></span> <span class='ocrx_word' id='word_1_137' title='bbox 986 2309 1140 2384; x_wconf 88' lang='grc' dir='ltr'>λόγῳ</span> <span class='ocrx_word' id='word_1_138' title='bbox 1169 2308 1472 2386; x_wconf 78' lang='grc' dir='ltr'>πεφηνότα,</span> 
     </span>
    </p>
   </div>
   <div class='ocr_carea' id='block_1_23' title="bbox 303 2395 1453 2481">
    <p class='ocr_par' dir='ltr' id='par_1_23' title="bbox 303 2395 1453 2481">
     <span class='ocr_line' id='line_1_23' title="bbox 303 2395 1453 2481; baseline -0.007 -23"><span class='ocrx_word' id='word_1_139' title='bbox 303 2408 510 2458; x_wconf 86' lang='grc' dir='ltr'>Τοῦτον</span> <span class='ocrx_word' id='word_1_140' title='bbox 541 2399 599 2457; x_wconf 72' lang='grc' dir='ltr'><strong>δὲ</strong></span> <span class='ocrx_word' id='word_1_141' title='bbox 632 2401 784 2481; x_wconf 83' lang='grc' dir='ltr'>χειρὶ</span> <span class='ocrx_word' id='word_1_142' title='bbox 814 2400 905 2455; x_wconf 82' lang='grc' dir='ltr'><strong>καὶ</strong></span> <span class='ocrx_word' id='word_1_143' title='bbox 940 2395 1265 2473; x_wconf 65' lang='grc' dir='ltr'>προϐοδλίῳ</span> <span class='ocrx_word' id='word_1_144' title='bbox 1301 2397 1453 2470; x_wconf 84' lang='grc' dir='ltr'>μόνῳ</span> 
     </span>
    </p>
   </div>
   <div class='ocr_carea' id='block_1_24' title="bbox 309 2486 1344 2564">
    <p class='ocr_par' dir='ltr' id='par_1_24' title="bbox 309 2486 1344 2564">
     <span class='ocr_line' id='line_1_24' title="bbox 309 2486 1344 2564; baseline -0.01 -16"><span class='ocrx_word' id='word_1_145' title='bbox 309 2489 560 2548; x_wconf 73' lang='grc' dir='ltr'>Δαδόντα</span> <span class='ocrx_word' id='word_1_146' title='bbox 585 2492 684 2559; x_wconf 73' lang='grc' dir='ltr'><strong>την</strong></span> <span class='ocrx_word' id='word_1_147' title='bbox 719 2489 946 2564; x_wconf 77' lang='grc' dir='ltr'>ὕπαρξιν</span> <span class='ocrx_word' id='word_1_148' title='bbox 981 2486 1344 2561; x_wconf 80' lang='grc' dir='ltr'>ἐνθεεστέραν,</span> 
     </span>
    </p>
   </div>
   <div class='ocr_carea' id='block_1_25' title="bbox 311 2574 1550 2653">
    <p class='ocr_par' dir='ltr' id='par_1_25' title="bbox 311 2574 1550 2653">
     <span class='ocr_line' id='line_1_25' title="bbox 311 2574 1550 2653; baseline -0.009 -16"><span class='ocrx_word' id='word_1_149' title='bbox 311 2579 416 2638; x_wconf 87' lang='grc' dir='ltr'>Καὶ</span> <span class='ocrx_word' id='word_1_150' title='bbox 449 2577 718 2650; x_wconf 80' lang='grc' dir='ltr'>δεσπότην</span> <span class='ocrx_word' id='word_1_151' title='bbox 751 2576 1041 2653; x_wconf 73' lang='grc' dir='ltr'>δειχθέντα</span> <span class='ocrx_word' id='word_1_152' title='bbox 1069 2580 1175 2630; x_wconf 85' lang='grc' dir='ltr'><strong>τῶν</strong></span> <span class='ocrx_word' id='word_1_153' title='bbox 1203 2574 1550 2650; x_wconf 71' lang='grc' dir='ltr'>τεταγμένων</span> 
     </span>
    </p>
   </div>
   <div class='ocr_carea' id='block_1_26' title="bbox 310 2661 1560 2742">
    <p class='ocr_par' dir='ltr' id='par_1_26' title="bbox 310 2661 1560 2742">
     <span class='ocr_line' id='line_1_26' title="bbox 310 2661 1560 2742; baseline -0.006 -18"><span class='ocrx_word' id='word_1_154' title='bbox 310 2673 406 2731; x_wconf 86' lang='grc' dir='ltr'><strong>Ὧς</strong></span> <span class='ocrx_word' id='word_1_155' title='bbox 435 2669 637 2731; x_wconf 86' lang='grc' dir='ltr'>παντὸς</span> <span class='ocrx_word' id='word_1_156' title='bbox 669 2666 845 2724; x_wconf 75' lang='grc' dir='ltr'>ἄλλου</span> <span class='ocrx_word' id='word_1_157' title='bbox 881 2666 1242 2742; x_wconf 84' lang='grc' dir='ltr'>προκριθέντα</span> <span class='ocrx_word' id='word_1_158' title='bbox 1272 2669 1350 2736; x_wconf 79' lang='grc' dir='ltr'>τῷ</span> <span class='ocrx_word' id='word_1_159' title='bbox 1381 2661 1560 2736; x_wconf 86' lang='grc' dir='ltr'>λόγῳ,</span> 
     </span>
    </p>
   </div>
   <div class='ocr_carea' id='block_1_27' title="bbox 317 2751 1342 2834">
    <p class='ocr_par' dir='ltr' id='par_1_27' title="bbox 317 2751 1342 2834">
     <span class='ocr_line' id='line_1_27' title="bbox 317 2751 1342 2834; baseline -0.006 -20"><span class='ocrx_word' id='word_1_160' title='bbox 317 2763 500 2834; x_wconf 82' lang='grc' dir='ltr'>Τιμῆς</span> <span class='ocrx_word' id='word_1_161' title='bbox 534 2779 592 2814; x_wconf 90' lang='grc' dir='ltr'><strong>τε</strong></span> <span class='ocrx_word' id='word_1_162' title='bbox 621 2757 800 2826; x_wconf 82' lang='grc' dir='ltr'>πάσης</span> <span class='ocrx_word' id='word_1_163' title='bbox 830 2751 976 2820; x_wconf 84' lang='grc' dir='ltr'>ἔνθεν</span> <span class='ocrx_word' id='word_1_164' title='bbox 1007 2755 1342 2827; x_wconf 78' lang='grc' dir='ltr'>ἠξιωμένον,</span> 
     </span>
    </p>
   </div>
   <div class='ocr_carea' id='block_1_28' title="bbox 313 2842 1615 2921">
    <p class='ocr_par' dir='ltr' id='par_1_28' title="bbox 313 2842 1615 2921">
     <span class='ocr_line' id='line_1_28' title="bbox 313 2842 1615 2921; baseline -0.005 -16"><span class='ocrx_word' id='word_1_165' title='bbox 313 2850 410 2906; x_wconf 86' lang='grc' dir='ltr'><strong>Ἐκ</strong></span> <span class='ocrx_word' id='word_1_166' title='bbox 435 2853 530 2903; x_wconf 85' lang='grc' dir='ltr'><strong>τοῦ</strong></span> <span class='ocrx_word' id='word_1_167' title='bbox 563 2845 842 2921; x_wconf 71' lang='grc' dir='ltr'>δεδεῖχθαι</span> <span class='ocrx_word' id='word_1_168' title='bbox 867 2842 963 2899; x_wconf 79' lang='grc' dir='ltr'><strong>τοῦ</strong></span> <span class='ocrx_word' id='word_1_169' title='bbox 997 2848 1132 2899; x_wconf 81' lang='grc' dir='ltr'>Θεοῦ</span> <span class='ocrx_word' id='word_1_170' title='bbox 1149 2843 1268 2898; x_wconf 84' lang='grc' dir='ltr'>κατ’</span> <span class='ocrx_word' id='word_1_171' title='bbox 1296 2842 1477 2896; x_wconf 66' lang='grc' dir='ltr'>εἲκὸνα</span> <span class='ocrx_word' id='word_1_172' title='bbox 1513 2844 1615 2914; x_wconf 78' lang='lat'><strong>(6),</strong></span> 
     </span>
    </p>
   </div>
   <div class='ocr_carea' id='block_1_29' title="bbox 310 2931 1576 3010">
    <p class='ocr_par' dir='ltr' id='par_1_29' title="bbox 310 2931 1576 3010">
     <span class='ocr_line' id='line_1_29' title="bbox 310 2931 1576 3010; baseline -0.009 -14"><span class='ocrx_word' id='word_1_173' title='bbox 310 2941 411 2996; x_wconf 82' lang='grc' dir='ltr'>Κιν</span> <span class='ocrx_word' id='word_1_174' title='bbox 425 2943 475 2993; x_wconf 88' lang='grc' dir='ltr'>εἶ</span> <span class='ocrx_word' id='word_1_175' title='bbox 500 2938 616 2993; x_wconf 86' lang='grc' dir='ltr'>κατ’</span> <span class='ocrx_word' id='word_1_176' title='bbox 651 2938 822 2991; x_wconf 78' lang='grc' dir='ltr'>αὐτοῦ</span> <span class='ocrx_word' id='word_1_177' title='bbox 855 2940 1030 2989; x_wconf 80' lang='grc' dir='ltr'>πᾶσαν</span> <span class='ocrx_word' id='word_1_178' title='bbox 1058 2933 1115 2988; x_wconf 76' lang='grc' dir='ltr'>ἐκ</span> <span class='ocrx_word' id='word_1_179' title='bbox 1148 2933 1346 3010; x_wconf 75' lang='grc' dir='ltr'>φθόνου</span> <span class='ocrx_word' id='word_1_180' title='bbox 1369 2931 1576 3001; x_wconf 80' lang='grc' dir='ltr'>πάλην,</span> 
     </span>
    </p>
   </div>
   <div class='ocr_carea' id='block_1_30' title="bbox 308 3021 1386 3104">
    <p class='ocr_par' dir='ltr' id='par_1_30' title="bbox 308 3021 1386 3104">
     <span class='ocr_line' id='line_1_30' title="bbox 308 3021 1386 3104; baseline -0.009 -20"><span class='ocrx_word' id='word_1_181' title='bbox 308 3029 455 3091; x_wconf 80' lang='grc' dir='ltr'>Ἕως</span> <span class='ocrx_word' id='word_1_182' title='bbox 483 3027 660 3104; x_wconf 79' lang='grc' dir='ltr'>ἀφῆκε</span> <span class='ocrx_word' id='word_1_183' title='bbox 687 3031 788 3093; x_wconf 74' lang='grc' dir='ltr'>τῆς</span> <span class='ocrx_word' id='word_1_184' title='bbox 824 3021 991 3094; x_wconf 75' lang='grc' dir='ltr'>Ἐδὲμ</span> <span class='ocrx_word' id='word_1_185' title='bbox 1021 3027 1119 3077; x_wconf 89' lang='grc' dir='ltr'><strong>τοῦ</strong></span> <span class='ocrx_word' id='word_1_186' title='bbox 1148 3021 1386 3096; x_wconf 85' lang='grc' dir='ltr'>χωρίου,</span> 
     </span>
    </p>
   </div>
   <div class='ocr_carea' id='block_1_31' title="bbox 309 3106 1660 3192">
    <p class='ocr_par' dir='ltr' id='par_1_31' title="bbox 309 3106 1660 3192">
     <span class='ocr_line' id='line_1_31' title="bbox 309 3106 1660 3192; baseline -0.006 -18"><span class='ocrx_word' id='word_1_187' title='bbox 309 3121 400 3176; x_wconf 85' lang='lat' dir='ltr'><strong>’Ev</strong></span> <span class='ocrx_word' id='word_1_188' title='bbox 430 3116 475 3190; x_wconf 84' lang='grc' dir='ltr'>ᾦ</span> <span class='ocrx_word' id='word_1_189' title='bbox 505 3120 714 3173; x_wconf 79' lang='grc' dir='ltr'>τεθειτο</span> <span class='ocrx_word' id='word_1_190' title='bbox 745 3115 833 3170; x_wconf 75' lang='grc' dir='ltr'><strong>καὶ</strong></span> <span class='ocrx_word' id='word_1_191' title='bbox 867 3120 1194 3192; x_wconf 82' lang='grc' dir='ltr'>φυτουργεῖν</span> <span class='ocrx_word' id='word_1_192' title='bbox 1226 3112 1317 3167; x_wconf 87' lang='grc' dir='ltr'><strong>καὶ</strong></span> <span class='ocrx_word' id='word_1_193' title='bbox 1353 3106 1526 3183; x_wconf 82' lang='grc' dir='ltr'>μένειν</span> <span class='ocrx_word' id='word_1_194' title='bbox 1562 3115 1660 3181; x_wconf 78' lang='lat' dir='ltr'><strong>I7&quot;,</strong></span> 
     </span>
    </p>
   </div>
   <div class='ocr_carea' id='block_1_32' title="bbox 312 3201 1450 3281">
    <p class='ocr_par' dir='ltr' id='par_1_32' title="bbox 312 3201 1450 3281">
     <span class='ocr_line' id='line_1_32' title="bbox 312 3201 1450 3281; baseline -0.006 -16"><span class='ocrx_word' id='word_1_195' title='bbox 312 3207 417 3265; x_wconf 83' lang='grc' dir='ltr'><strong>Καὶ</strong></span> <span class='ocrx_word' id='word_1_196' title='bbox 446 3212 566 3264; x_wconf 79' lang='grc' dir='ltr'>ταῖς</span> <span class='ocrx_word' id='word_1_197' title='bbox 601 3206 802 3269; x_wconf 80' lang='grc' dir='ltr'>ἐκεῖθεν</span> <span class='ocrx_word' id='word_1_198' title='bbox 837 3205 1099 3281; x_wconf 73' lang='grc' dir='ltr'>ἒντρυφᾷν</span> <span class='ocrx_word' id='word_1_199' title='bbox 1131 3201 1450 3279; x_wconf 80' lang='grc' dir='ltr'>γεωργίαις.</span> 
     </span>
    </p>
   </div>
   <div class='ocr_carea' id='block_1_33' title="bbox 382 3291 1756 3369">
    <p class='ocr_par' dir='ltr' id='par_1_33' title="bbox 382 3291 1756 3369">
     <span class='ocr_line' id='line_1_33' title="bbox 382 3291 1756 3369; baseline -0.008 -15"><span class='ocrx_word' id='word_1_200' title='bbox 382 3294 571 3369; x_wconf 74' lang='grc' dir='ltr'>Ἐδὲμ,</span> <span class='ocrx_word' id='word_1_201' title='bbox 602 3295 665 3349; x_wconf 86' lang='grc' dir='ltr'>τὸ</span> <span class='ocrx_word' id='word_1_202' title='bbox 697 3296 913 3349; x_wconf 82' lang='grc' dir='ltr'>πάντων</span> <span class='ocrx_word' id='word_1_203' title='bbox 955 3295 1134 3366; x_wconf 79' lang='grc' dir='ltr'>θαῦμα</span> <span class='ocrx_word' id='word_1_204' title='bbox 1165 3296 1264 3365; x_wconf 81' lang='grc' dir='ltr'>τῇς</span> <span class='ocrx_word' id='word_1_205' title='bbox 1296 3293 1410 3348; x_wconf 79' lang='grc' dir='ltr'>Ἕω</span> <span class='ocrx_word' id='word_1_206' title='bbox 1443 3292 1519 3363; x_wconf 71' lang='lat'><strong>18)</strong></span> <span class='ocrx_word' id='word_1_207' title='bbox 1549 3291 1756 3362; x_wconf 88' lang='grc' dir='ltr'>τόπων,</span> 
     </span>
    </p>
   </div>
   <div class='ocr_carea' id='block_1_34' title="bbox 311 3379 1590 3460">
    <p class='ocr_par' dir='ltr' id='par_1_34' title="bbox 311 3379 1590 3460">
     <span class='ocr_line' id='line_1_34' title="bbox 311 3379 1590 3460; baseline -0.007 -15"><span class='ocrx_word' id='word_1_208' title='bbox 311 3390 410 3445; x_wconf 87' lang='grc' dir='ltr'>Ἤν</span> <span class='ocrx_word' id='word_1_209' title='bbox 443 3384 841 3460; x_wconf 84' lang='grc' dir='ltr'>τετράκλυστον</span> <span class='ocrx_word' id='word_1_210' title='bbox 869 3389 942 3455; x_wconf 76' lang='lat'><strong>(9)</strong></span> <span class='ocrx_word' id='word_1_211' title='bbox 974 3381 1157 3456; x_wconf 85' lang='grc' dir='ltr'>ὥσπερ</span> <span class='ocrx_word' id='word_1_212' title='bbox 1190 3379 1414 3456; x_wconf 83' lang='grc' dir='ltr'>ἀρδεῦον</span> <span class='ocrx_word' id='word_1_213' title='bbox 1443 3379 1590 3456; x_wconf 73' lang='grc' dir='ltr'>ὕδωρ</span> 
     </span>
    </p>
   </div>
   <div class='ocr_carea' id='block_1_35' title="bbox 309 3469 1573 3544">
    <p class='ocr_par' dir='ltr' id='par_1_35' title="bbox 309 3469 1573 3544">
     <span class='ocr_line' id='line_1_35' title="bbox 309 3469 1573 3544; baseline -0.008 -11"><span class='ocrx_word' id='word_1_214' title='bbox 309 3481 502 3533; x_wconf 77' lang='grc' dir='ltr'>Φυτῶν</span> <span class='ocrx_word' id='word_1_215' title='bbox 536 3472 790 3530; x_wconf 67' lang='grc' dir='ltr'>ἁπάντων</span> <span class='ocrx_word' id='word_1_216' title='bbox 824 3477 938 3544; x_wconf 84' lang='grc'><strong>(10)</strong></span> <span class='ocrx_word' id='word_1_217' title='bbox 972 3469 1201 3526; x_wconf 68' lang='grc' dir='ltr'>δεικνύει</span> <span class='ocrx_word' id='word_1_218' title='bbox 1235 3469 1573 3544; x_wconf 74' lang='grc' dir='ltr'>μαιεότριαν,</span> 
     </span>
    </p>
   </div>
   <div class='ocr_carea' id='block_1_36' title="bbox 308 3557 1476 3643">
    <p class='ocr_par' dir='ltr' id='par_1_36' title="bbox 308 3557 1476 3643">
     <span class='ocr_line' id='line_1_36' title="bbox 308 3557 1476 3643; baseline -0.009 -22"><span class='ocrx_word' id='word_1_219' title='bbox 308 3564 536 3634; x_wconf 80' lang='grc' dir='ltr'>Πολλὴν</span> <span class='ocrx_word' id='word_1_220' title='bbox 570 3563 843 3643; x_wconf 80' lang='grc' dir='ltr'>φερόντων</span> <span class='ocrx_word' id='word_1_221' title='bbox 875 3563 1119 3637; x_wconf 78' lang='grc' dir='ltr'>τέρψεως</span> <span class='ocrx_word' id='word_1_222' title='bbox 1151 3557 1476 3635; x_wconf 77' lang='grc' dir='ltr'>εὐμορφίαν,</span> 
     </span>
    </p>
   </div>
   <div class='ocr_carea' id='block_1_37' title="bbox 315 3648 1412 3726">
    <p class='ocr_par' dir='ltr' id='par_1_37' title="bbox 315 3648 1412 3726">
     <span class='ocr_line' id='line_1_37' title="bbox 315 3648 1412 3726; baseline -0.005 -18"><span class='ocrx_word' id='word_1_223' title='bbox 315 3653 415 3708; x_wconf 77' lang='grc' dir='ltr'><strong>Καὶ</strong></span> <span class='ocrx_word' id='word_1_224' title='bbox 447 3659 620 3708; x_wconf 81' lang='grc' dir='ltr'>πᾶσαν</span> <span class='ocrx_word' id='word_1_225' title='bbox 653 3653 778 3726; x_wconf 83' lang='grc' dir='ltr'>ὅψιν</span> <span class='ocrx_word' id='word_1_226' title='bbox 809 3649 1116 3706; x_wconf 77' lang='grc' dir='ltr'>ἑστιώντων</span> <span class='ocrx_word' id='word_1_227' title='bbox 1149 3648 1223 3709; x_wconf 82' lang='grc' dir='ltr'>εἰς</span> <span class='ocrx_word' id='word_1_228' title='bbox 1254 3649 1412 3722; x_wconf 68' lang='grc' dir='ltr'>ἄγαν.</span> 
     </span>
    </p>
   </div>
   <div class='ocr_carea' id='block_1_38' title="bbox 316 3737 1504 3822">
    <p class='ocr_par' dir='ltr' id='par_1_38' title="bbox 316 3737 1504 3822">
     <span class='ocr_line' id='line_1_38' title="bbox 316 3737 1504 3822; baseline -0.007 -22"><span class='ocrx_word' id='word_1_229' title='bbox 316 3747 487 3822; x_wconf 80' lang='grc' dir='ltr'>’ῼπερ</span> <span class='ocrx_word' id='word_1_230' title='bbox 521 3740 784 3804; x_wconf 79' lang='grc' dir='ltr'>δεδοικὼς</span> <span class='ocrx_word' id='word_1_231' title='bbox 819 3742 846 3796; x_wconf 93' lang='grc' dir='ltr'>ὁ</span> <span class='ocrx_word' id='word_1_232' title='bbox 879 3742 1092 3809; x_wconf 75' lang='grc' dir='ltr'>πλάνης</span> <span class='ocrx_word' id='word_1_233' title='bbox 1125 3737 1504 3813; x_wconf 81' lang='grc' dir='ltr'>προσεγγίσαι.</span> 
     </span>
    </p>
   </div>
   <div class='ocr_carea' id='block_1_39' title="bbox 318 3827 1387 3907">
    <p class='ocr_par' dir='ltr' id='par_1_39' title="bbox 318 3827 1387 3907">
     <span class='ocr_line' id='line_1_39' title="bbox 318 3827 1387 3907; baseline -0.007 -19"><span class='ocrx_word' id='word_1_234' title='bbox 318 3839 414 3895; x_wconf 80' lang='grc' dir='ltr'><strong>Ὧς</strong></span> <span class='ocrx_word' id='word_1_235' title='bbox 446 3835 542 3888; x_wconf 78' lang='grc' dir='ltr'>οἷα</span> <span class='ocrx_word' id='word_1_236' title='bbox 574 3832 722 3907; x_wconf 86' lang='grc' dir='ltr'>χειρὶ</span> <span class='ocrx_word' id='word_1_237' title='bbox 750 3835 848 3886; x_wconf 87' lang='grc' dir='ltr'><strong>τοῦ</strong></span> <span class='ocrx_word' id='word_1_238' title='bbox 879 3833 1014 3884; x_wconf 88' lang='grc' dir='ltr'>Θεοῦ</span> <span class='ocrx_word' id='word_1_239' title='bbox 1047 3827 1387 3901; x_wconf 86' lang='grc' dir='ltr'>λελημμένῳ</span> 
     </span>
    </p>
   </div>
   <div class='ocr_carea' id='block_1_40' title="bbox 315 3919 1320 3995">
    <p class='ocr_par' dir='ltr' id='par_1_40' title="bbox 315 3919 1320 3995">
     <span class='ocr_line' id='line_1_40' title="bbox 315 3919 1320 3995; baseline -0.008 -16"><span class='ocrx_word' id='word_1_240' title='bbox 315 3925 422 3981; x_wconf 85' lang='grc' dir='ltr'><strong>Καὶ</strong></span> <span class='ocrx_word' id='word_1_241' title='bbox 450 3925 552 3992; x_wconf 82' lang='grc' dir='ltr'>τήν</span> <span class='ocrx_word' id='word_1_242' title='bbox 577 3921 782 3985; x_wconf 79' lang='grc' dir='ltr'>ἐκεῖθεν</span> <span class='ocrx_word' id='word_1_243' title='bbox 813 3920 935 3995; x_wconf 82' lang='grc' dir='ltr'>δψιν</span> <span class='ocrx_word' id='word_1_244' title='bbox 971 3919 1320 3992; x_wconf 81' lang='grc' dir='ltr'>ὡραϊσμένῳ,</span> 
     </span>
    </p>
   </div>
   <div class='ocr_carea' id='block_1_41' title="bbox 310 4006 1362 4087">
    <p class='ocr_par' dir='ltr' id='par_1_41' title="bbox 310 4006 1362 4087">
     <span class='ocr_line' id='line_1_41' title="bbox 310 4006 1362 4087; baseline -0.01 -18"><span class='ocrx_word' id='word_1_245' title='bbox 310 4008 424 4082; x_wconf 65' lang='grc' dir='ltr'>Εὕα</span> <span class='ocrx_word' id='word_1_246' title='bbox 461 4011 712 4087; x_wconf 84' lang='grc' dir='ltr'>πρόσεισι</span> <span class='ocrx_word' id='word_1_247' title='bbox 744 4013 814 4083; x_wconf 79' lang='grc' dir='ltr'>τῇ</span> <span class='ocrx_word' id='word_1_248' title='bbox 846 4010 1000 4082; x_wconf 65' lang='grc' dir='ltr'>φύσει</span> <span class='ocrx_word' id='word_1_249' title='bbox 1035 4006 1362 4081; x_wconf 81' lang='grc' dir='ltr'>νωθεστέρᾳ,</span> 
     </span>
    </p>
   </div>
   <div class='ocr_carea' id='block_1_42' title="bbox 311 4091 1558 4175">
    <p class='ocr_par' dir='ltr' id='par_1_42' title="bbox 311 4091 1558 4175">
     <span class='ocr_line' id='line_1_42' title="bbox 311 4091 1558 4175; baseline -0.006 -19"><span class='ocrx_word' id='word_1_250' title='bbox 311 4101 419 4157; x_wconf 89' lang='grc' dir='ltr'><strong>Καὶ</strong></span> <span class='ocrx_word' id='word_1_251' title='bbox 453 4105 520 4174; x_wconf 80' lang='grc' dir='ltr'>τῇ</span> <span class='ocrx_word' id='word_1_252' title='bbox 559 4102 694 4175; x_wconf 85' lang='grc' dir='ltr'>πρὸς</span> <span class='ocrx_word' id='word_1_253' title='bbox 728 4096 894 4172; x_wconf 73' lang='grc' dir='ltr'>ἄνδρα</span> <span class='ocrx_word' id='word_1_254' title='bbox 925 4091 1216 4171; x_wconf 77' lang='grc' dir='ltr'>προσϐολῇ</span> <span class='ocrx_word' id='word_1_255' title='bbox 1251 4093 1558 4170; x_wconf 77' lang='grc' dir='ltr'>σοφωτέρᾳ,</span> 
     </span>
    </p>
   </div>
   <div class='ocr_carea' id='block_1_43' title="bbox 310 4183 1604 4264">
    <p class='ocr_par' dir='ltr' id='par_1_43' title="bbox 310 4183 1604 4264">
     <span class='ocr_line' id='line_1_43' title="bbox 310 4183 1604 4264; baseline -0.008 -16"><span class='ocrx_word' id='word_1_256' title='bbox 310 4191 417 4248; x_wconf 85' lang='grc' dir='ltr'>Ἦν</span> <span class='ocrx_word' id='word_1_257' title='bbox 453 4189 530 4251; x_wconf 68' lang='grc' dir='ltr'>εἷς</span> <span class='ocrx_word' id='word_1_258' title='bbox 563 4189 765 4264; x_wconf 80' lang='grc' dir='ltr'>βοηθὸν</span> <span class='ocrx_word' id='word_1_259' title='bbox 799 4193 912 4258; x_wconf 88' lang='grc'>(11)</span> <span class='ocrx_word' id='word_1_260' title='bbox 944 4185 1035 4240; x_wconf 82' lang='grc' dir='ltr'><strong>καὶ</strong></span> <span class='ocrx_word' id='word_1_261' title='bbox 1067 4184 1319 4258; x_wconf 86' lang='grc' dir='ltr'>συνεργὸν</span> <span class='ocrx_word' id='word_1_262' title='bbox 1347 4187 1444 4237; x_wconf 84' lang='grc' dir='ltr'><strong>τοῦ</strong></span> <span class='ocrx_word' id='word_1_263' title='bbox 1481 4183 1604 4258; x_wconf 80' lang='grc' dir='ltr'>βίου</span> 
     </span>
    </p>
   </div>
   <div class='ocr_carea' id='block_1_44' title="bbox 309 4273 1667 4355">
    <p class='ocr_par' dir='ltr' id='par_1_44' title="bbox 309 4273 1667 4355">
     <span class='ocr_line' id='line_1_44' title="bbox 309 4273 1667 4355; baseline -0.006 -19"><span class='ocrx_word' id='word_1_264' title='bbox 309 4279 561 4355; x_wconf 75' lang='grc' dir='ltr'>Πλευρᾶς</span> <span class='ocrx_word' id='word_1_265' title='bbox 595 4284 705 4351; x_wconf 81' lang='lat' dir='ltr'><strong>(i2)</strong></span> <span class='ocrx_word' id='word_1_266' title='bbox 739 4278 948 4333; x_wconf 78' lang='grc' dir='ltr'>ἐκείνου</span> <span class='ocrx_word' id='word_1_267' title='bbox 985 4275 1178 4351; x_wconf 87' lang='grc' dir='ltr'>μικρὸν</span> <span class='ocrx_word' id='word_1_268' title='bbox 1215 4273 1414 4343; x_wconf 80' lang='grc' dir='ltr'>ἐξελὼν</span> <span class='ocrx_word' id='word_1_269' title='bbox 1443 4273 1667 4351; x_wconf 75' lang='grc' dir='ltr'>τρύφος,</span> 
     </span>
    </p>
   </div>
   <div class='ocr_carea' id='block_1_45' title="bbox 306 4365 1462 4443">
    <p class='ocr_par' dir='ltr' id='par_1_45' title="bbox 306 4365 1462 4443">
     <span class='ocr_line' id='line_1_45' title="bbox 306 4365 1462 4443; baseline -0.006 -18"><span class='ocrx_word' id='word_1_270' title='bbox 306 4367 534 4443; x_wconf 84' lang='grc' dir='ltr'>Ἕδειμε</span> <span class='ocrx_word' id='word_1_271' title='bbox 563 4369 653 4424; x_wconf 85' lang='grc' dir='ltr'><strong>καὶ</strong></span> <span class='ocrx_word' id='word_1_272' title='bbox 687 4365 921 4424; x_wconf 76' lang='grc' dir='ltr'>δεδωκεν</span> <span class='ocrx_word' id='word_1_273' title='bbox 955 4365 1102 4437; x_wconf 74' lang='grc' dir='ltr'><strong>αὖτῷ</strong></span> <span class='ocrx_word' id='word_1_274' title='bbox 1143 4365 1462 4441; x_wconf 73' lang='grc' dir='ltr'>πανσιὶφως,</span> 
     </span>
    </p>
   </div>
   <div class='ocr_carea' id='block_1_46' title="bbox 314 4455 1543 4536">
    <p class='ocr_par' dir='ltr' id='par_1_46' title="bbox 314 4455 1543 4536">
     <span class='ocr_line' id='line_1_46' title="bbox 314 4455 1543 4536; baseline -0.008 -19"><span class='ocrx_word' id='word_1_275' title='bbox 314 4461 616 4518; x_wconf 85' lang='grc' dir='ltr'>Ἐνυπνίων</span> <span class='ocrx_word' id='word_1_276' title='bbox 645 4457 884 4536; x_wconf 82' lang='grc' dir='ltr'>δώρημα</span> <span class='ocrx_word' id='word_1_277' title='bbox 916 4460 1026 4532; x_wconf 80' lang='grc'>(13)</span> <span class='ocrx_word' id='word_1_278' title='bbox 1056 4457 1149 4511; x_wconf 87' lang='grc' dir='ltr'><strong>καὶ</strong></span> <span class='ocrx_word' id='word_1_279' title='bbox 1183 4455 1362 4510; x_wconf 87' lang='grc' dir='ltr'>πόνων</span> <span class='ocrx_word' id='word_1_280' title='bbox 1391 4456 1543 4517; x_wconf 78' lang='grc' dir='ltr'>ἄκος·</span> 
     </span>
    </p>
   </div>
   <div class='ocr_carea' id='block_1_47' title="bbox 317 4542 1540 4627">
    <p class='ocr_par' dir='ltr' id='par_1_47' title="bbox 317 4542 1540 4627">
     <span class='ocr_line' id='line_1_47' title="bbox 317 4542 1540 4627; baseline -0.009 -18"><span class='ocrx_word' id='word_1_281' title='bbox 317 4552 419 4614; x_wconf 83' lang='grc' dir='ltr'><strong>Οἷς</strong></span> <span class='ocrx_word' id='word_1_282' title='bbox 450 4550 539 4606; x_wconf 83' lang='grc' dir='ltr'>καὶ</span> <span class='ocrx_word' id='word_1_283' title='bbox 574 4548 877 4627; x_wconf 86' lang='grc' dir='ltr'>παρασχὼν</span> <span class='ocrx_word' id='word_1_284' title='bbox 911 4545 1150 4602; x_wconf 76' lang='grc' dir='ltr'>ἐντολῶν</span> <span class='ocrx_word' id='word_1_285' title='bbox 1192 4542 1540 4619; x_wconf 76' lang='grc' dir='ltr'>ὑποσχέσεις,</span> 
     </span>
    </p>
   </div>
   <div class='ocr_carea' id='block_1_48' title="bbox 389 4791 1974 4874">
    <p class='ocr_par' dir='ltr' id='par_1_48' title="bbox 389 4791 1974 4874">
     <span class='ocr_line' id='line_1_48' title="bbox 389 4791 1974 4874; baseline -0.001 -18"><span class='ocrx_word' id='word_1_286' title='bbox 389 4802 467 4874; x_wconf 73' lang='grc'><strong>(1)</strong></span> <span class='ocrx_word' id='word_1_287' title='bbox 497 4795 932 4874; x_wconf 40' lang='grc' dir='ltr'><strong>Ωοᾶθιηαῦτοῖς</strong></span> <span class='ocrx_word' id='word_1_288' title='bbox 958 4799 1172 4874; x_wconf 36' lang='grc' dir='ltr'>γεν,-Ιῐι</span> <span class='ocrx_word' id='word_1_289' title='bbox 1205 4797 1322 4852; x_wconf 82' lang='lat' dir='ltr'><strong>ﬁne</strong></span> <span class='ocrx_word' id='word_1_290' title='bbox 1355 4794 1558 4851; x_wconf 83' lang='lat' dir='ltr'>addidi</span> <span class='ocrx_word' id='word_1_291' title='bbox 1589 4791 1746 4874; x_wconf 76' lang='grc' dir='ltr'>ὂφιςε</span> <span class='ocrx_word' id='word_1_292' title='bbox 1780 4800 1974 4871; x_wconf 91' lang='lat' dir='ltr'><strong>potuit</strong></span> 
     </span>
    </p>
   </div>
   <div class='ocr_carea' id='block_1_49' title="bbox 321 4869 1974 4947">
    <p class='ocr_par' dir='ltr' id='par_1_49' title="bbox 321 4869 1974 4947">
     <span class='ocr_line' id='line_1_49' title="bbox 321 4869 1974 4947; baseline -0.002 -15"><span class='ocrx_word' id='word_1_293' title='bbox 321 4869 626 4947; x_wconf 56' lang='lat' dir='ltr'><strong>erade</strong></span> <span class='ocrx_word' id='word_1_294' title='bbox 660 4871 817 4929; x_wconf 89' lang='lat' dir='ltr'><strong>addi.</strong></span> <span class='ocrx_word' id='word_1_295' title='bbox 854 4869 1100 4926; x_wconf 83' lang='lat' dir='ltr'><strong>Librarii</strong></span> <span class='ocrx_word' id='word_1_296' title='bbox 1133 4885 1345 4926; x_wconf 89' lang='lat' dir='ltr'><strong>manus</strong></span> <span class='ocrx_word' id='word_1_297' title='bbox 1376 4885 1536 4924; x_wconf 92' lang='lat' dir='ltr'><strong>nunc</strong></span> <span class='ocrx_word' id='word_1_298' title='bbox 1584 4869 1675 4924; x_wconf 81' lang='lat' dir='ltr'><strong>est</strong></span> <span class='ocrx_word' id='word_1_299' title='bbox 1728 4869 1974 4942; x_wconf 74' lang='lat' dir='ltr'><strong>prorsus</strong></span> 
     </span>
    </p>
   </div>
   <div class='ocr_carea' id='block_1_50' title="bbox 319 4945 592 5004">
    <p class='ocr_par' dir='ltr' id='par_1_50' title="bbox 319 4945 592 5004">
     <span class='ocr_line' id='line_1_50' title="bbox 319 4945 592 5004; baseline -0.011 -1"><span class='ocrx_word' id='word_1_300' title='bbox 319 4945 592 5004; x_wconf 83' lang='lat' dir='ltr'><strong>evanida.</strong></span> 
     </span>
    </p>
   </div>
   <div class='ocr_carea' id='block_1_51' title="bbox 393 5011 1977 5088">
    <p class='ocr_par' dir='ltr' id='par_1_51' title="bbox 393 5011 1977 5088">
     <span class='ocr_line' id='line_1_51' title="bbox 393 5011 1977 5088; baseline -0.001 -15"><span class='ocrx_word' id='word_1_301' title='bbox 393 5021 469 5088; x_wconf 86' lang='lat'><strong>(2)</strong></span> <span class='ocrx_word' id='word_1_302' title='bbox 497 5016 713 5083; x_wconf 78' lang='lat' dir='ltr'><strong>Codex,</strong></span> <span class='ocrx_word' id='word_1_303' title='bbox 746 5013 885 5088; x_wconf 78' lang='grc' dir='ltr'>εὗρε,</span> <span class='ocrx_word' id='word_1_304' title='bbox 918 5013 1077 5085; x_wconf 92' lang='lat' dir='ltr'><strong>quod</strong></span> <span class='ocrx_word' id='word_1_305' title='bbox 1107 5013 1447 5088; x_wconf 73' lang='lat' dir='ltr'><strong>relinquere</strong></span> <span class='ocrx_word' id='word_1_306' title='bbox 1484 5011 1547 5066; x_wconf 91' lang='lat' dir='ltr'><strong>in</strong></span> <span class='ocrx_word' id='word_1_307' title='bbox 1596 5021 1868 5088; x_wconf 84' lang='lat' dir='ltr'><strong>poemate</strong></span> <span class='ocrx_word' id='word_1_308' title='bbox 1916 5016 1977 5072; x_wconf 90' lang='lat' dir='ltr'><strong>id</strong></span> 
     </span>
    </p>
   </div>
   <div class='ocr_carea' id='block_1_52' title="bbox 319 5085 1976 5164">
    <p class='ocr_par' dir='ltr' id='par_1_52' title="bbox 319 5085 1976 5164">
     <span class='ocr_line' id='line_1_52' title="bbox 319 5085 1976 5164; baseline 0.001 -19"><span class='ocrx_word' id='word_1_309' title='bbox 319 5085 510 5164; x_wconf 79' lang='lat' dir='ltr'><strong>genus</strong></span> <span class='ocrx_word' id='word_1_310' title='bbox 541 5103 747 5164; x_wconf 82' lang='lat' dir='ltr'><strong>secure</strong></span> <span class='ocrx_word' id='word_1_311' title='bbox 798 5085 1089 5159; x_wconf 87' lang='lat' dir='ltr'><strong>poteram.</strong></span> <span class='ocrx_word' id='word_1_312' title='bbox 1137 5085 1230 5140; x_wconf 89' lang='lat' dir='ltr'><strong>Sic</strong></span> <span class='ocrx_word' id='word_1_313' title='bbox 1276 5100 1327 5139; x_wconf 91' lang='lat' dir='ltr'><strong>v.</strong></span> <span class='ocrx_word' id='word_1_314' title='bbox 1381 5085 1470 5149; x_wconf 88' lang='grc'>61,</span> <span class='ocrx_word' id='word_1_315' title='bbox 1522 5085 1709 5158; x_wconf 81' lang='grc' dir='ltr'>φρεσὶν</span> <span class='ocrx_word' id='word_1_316' title='bbox 1764 5089 1976 5161; x_wconf 83' lang='lat' dir='ltr'><strong>scripsi</strong></span> 
     </span>
    </p>
   </div>
   <div class='ocr_carea' id='block_1_53' title="bbox 321 5158 642 5237">
    <p class='ocr_par' dir='ltr' id='par_1_53' title="bbox 321 5158 642 5237">
     <span class='ocr_line' id='line_1_53' title="bbox 321 5158 642 5237; baseline 0.009 -3"><span class='ocrx_word' id='word_1_317' title='bbox 321 5158 442 5237; x_wconf 71' lang='grc' dir='ltr'>ῐπο,</span> <span class='ocrx_word' id='word_1_318' title='bbox 465 5158 642 5237; x_wconf 64' lang='grc' dir='ltr'><strong>ςίῖιειιτέο</strong></span> 
     </span>
    </p>
   </div>
   <div class='ocr_carea' id='block_1_54' title="bbox 395 5225 1073 5306">
    <p class='ocr_par' dir='ltr' id='par_1_54' title="bbox 395 5225 1073 5306">
     <span class='ocr_line' id='line_1_54' title="bbox 395 5225 1073 5306; baseline -0.009 -17"><span class='ocrx_word' id='word_1_319' title='bbox 395 5225 488 5306; x_wconf 78' lang='grc'><strong>(3)’</strong></span> <span class='ocrx_word' id='word_1_320' title='bbox 506 5225 721 5306; x_wconf 75' lang='lat' dir='ltr'><strong>Codex,</strong></span> <span class='ocrx_word' id='word_1_321' title='bbox 752 5225 1073 5306; x_wconf 67' lang='grc' dir='ltr'>λελουχώς.</span> 
     </span>
    </p>
   </div>
   <div class='ocr_carea' id='block_1_55' title="bbox 398 5297 1984 5378">
    <p class='ocr_par' dir='ltr' id='par_1_55' title="bbox 398 5297 1984 5378">
     <span class='ocr_line' id='line_1_55' title="bbox 398 5297 1984 5378; baseline -0.001 -18"><span class='ocrx_word' id='word_1_322' title='bbox 398 5297 476 5378; x_wconf 71' lang='grc'><strong>(4)</strong></span> <span class='ocrx_word' id='word_1_323' title='bbox 507 5301 671 5378; x_wconf 70' lang='grc' dir='ltr'>Λόγῳ</span> <span class='ocrx_word' id='word_1_324' title='bbox 698 5319 711 5356; x_wconf 90' lang='lat'><strong>:</strong></span> <span class='ocrx_word' id='word_1_325' title='bbox 748 5303 802 5357; x_wconf 91' lang='lat' dir='ltr'><strong>Si</strong></span> <span class='ocrx_word' id='word_1_326' title='bbox 837 5297 1076 5378; x_wconf 77' lang='lat' dir='ltr'><strong>quidem</strong></span> <span class='ocrx_word' id='word_1_327' title='bbox 1102 5301 1254 5354; x_wconf 87' lang='lat' dir='ltr'><strong>Deus</strong></span> <span class='ocrx_word' id='word_1_328' title='bbox 1277 5297 1759 5378; x_wconf 85' lang='lat' dir='ltr'><strong>aiebat_modo._et</strong></span> <span class='ocrx_word' id='word_1_329' title='bbox 1779 5304 1984 5378; x_wconf 83' lang='lat' dir='ltr'><strong>omnia</strong></span> 
     </span>
    </p>
   </div>
   <div class='ocr_carea' id='block_1_56' title="bbox 326 5370 1981 5432">
    <p class='ocr_par' dir='ltr' id='par_1_56' title="bbox 326 5370 1981 5432">
     <span class='ocr_line' id='line_1_56' title="bbox 326 5370 1981 5432; baseline -0.002 0"><span class='ocrx_word' id='word_1_330' title='bbox 326 5370 554 5432; x_wconf 83' lang='lat' dir='ltr'><strong>ﬂebant</strong></span> <span class='ocrx_word' id='word_1_331' title='bbox 601 5370 772 5430; x_wconf 60' lang='lat' dir='ltr'><strong>&#39;Nota</strong></span> <span class='ocrx_word' id='word_1_332' title='bbox 823 5370 964 5428; x_wconf 84' lang='lat' dir='ltr'><strong>sunt</strong></span> <span class='ocrx_word' id='word_1_333' title='bbox 1021 5375 1314 5428; x_wconf 87' lang='lat' dir='ltr'><strong>Geneseos</strong></span> <span class='ocrx_word' id='word_1_334' title='bbox 1373 5370 1569 5432; x_wconf 85' lang='lat' dir='ltr'><strong>verba.</strong></span> <span class='ocrx_word' id='word_1_335' title='bbox 1621 5373 1711 5425; x_wconf 80' lang='grc' dir='ltr'><strong>καὶ</strong></span> <span class='ocrx_word' id='word_1_336' title='bbox 1771 5375 1920 5428; x_wconf 84' lang='grc' dir='ltr'>εἶπεν</span> <span class='ocrx_word' id='word_1_337' title='bbox 1953 5380 1981 5430; x_wconf 83' lang='grc' dir='ltr'>ὁ</span> 
     </span>
    </p>
   </div>
   <div class='ocr_carea' id='block_1_57' title="bbox 326 5441 1982 5516">
    <p class='ocr_par' dir='ltr' id='par_1_57' title="bbox 326 5441 1982 5516">
     <span class='ocr_line' id='line_1_57' title="bbox 326 5441 1982 5516; baseline 0.001 -14"><span class='ocrx_word' id='word_1_338' title='bbox 326 5447 528 5511; x_wconf 80' lang='grc' dir='ltr'>Θεός...</span> <span class='ocrx_word' id='word_1_339' title='bbox 562 5447 729 5513; x_wconf 90' lang='lat' dir='ltr'>Quod</span> <span class='ocrx_word' id='word_1_340' title='bbox 761 5447 1031 5516; x_wconf 80' lang='lat' dir='ltr'><strong>sequitur</strong></span> <span class='ocrx_word' id='word_1_341' title='bbox 1062 5445 1323 5514; x_wconf 73' lang='grc' dir='ltr'>παράγειν</span> <span class='ocrx_word' id='word_1_342' title='bbox 1355 5441 1426 5497; x_wconf 93' lang='lat' dir='ltr'><strong>de</strong></span> <span class='ocrx_word' id='word_1_343' title='bbox 1462 5460 1522 5516; x_wconf 90' lang='lat' dir='ltr'><strong>re</strong></span> <span class='ocrx_word' id='word_1_344' title='bbox 1555 5444 1761 5500; x_wconf 78' lang='lat' dir='ltr'><strong>eadem</strong></span> <span class='ocrx_word' id='word_1_345' title='bbox 1803 5448 1982 5504; x_wconf 85' lang='lat' dir='ltr'><strong>adhi-</strong></span> 
     </span>
    </p>
   </div>
   <div class='ocr_carea' id='block_1_58' title="bbox 323 5515 1981 5590">
    <p class='ocr_par' dir='ltr' id='par_1_58' title="bbox 323 5515 1981 5590">
     <span class='ocr_line' id='line_1_58' title="bbox 323 5515 1981 5590; baseline -0.001 -14"><span class='ocrx_word' id='word_1_346' title='bbox 323 5519 458 5576; x_wconf 88' lang='lat' dir='ltr'><strong>buit</strong></span> <span class='ocrx_word' id='word_1_347' title='bbox 486 5520 744 5590; x_wconf 72' lang='lat' dir='ltr'><strong>Joannes</strong></span> <span class='ocrx_word' id='word_1_348' title='bbox 775 5515 979 5588; x_wconf 83' lang='lat' dir='ltr'><strong>Chrys.</strong></span> <span class='ocrx_word' id='word_1_349' title='bbox 1015 5517 1208 5588; x_wconf 84' lang='lat' dir='ltr'><strong>Eclog.</strong></span> <span class='ocrx_word' id='word_1_350' title='bbox 1241 5531 1418 5590; x_wconf 37' lang='lat' dir='ltr'><strong>_pag._.</strong></span> <span class='ocrx_word' id='word_1_351' title='bbox 1448 5515 1554 5568; x_wconf 81' lang='grc'><strong>422</strong></span> <span class='ocrx_word' id='word_1_352' title='bbox 1582 5532 1600 5590; x_wconf 58' lang='grc' dir='ltr'>ξ</span> <span class='ocrx_word' id='word_1_353' title='bbox 1651 5521 1770 5578; x_wconf 82' lang='grc' dir='ltr'><strong>Πῶς</strong></span> <span class='ocrx_word' id='word_1_354' title='bbox 1824 5517 1915 5574; x_wconf 81' lang='grc' dir='ltr'><strong>οὖν</strong></span> <span class='ocrx_word' id='word_1_355' title='bbox 1947 5521 1981 5590; x_wconf 75' lang='grc' dir='ltr'><strong>ἡ</strong></span> 
     </span>
    </p>
   </div>
   <div class='ocr_carea' id='block_1_59' title="bbox 321 5583 1986 5666">
    <p class='ocr_par' dir='ltr' id='par_1_59' title="bbox 321 5583 1986 5666">
     <span class='ocr_line' id='line_1_59' title="bbox 321 5583 1986 5666; baseline 0.002 -24"><span class='ocrx_word' id='word_1_356' title='bbox 321 5596 395 5666; x_wconf 78' lang='grc' dir='ltr'>γῆ</span> <span class='ocrx_word' id='word_1_357' title='bbox 430 5583 1008 5666; x_wconf 45' lang='grc' dir='ltr'>γέγονεν-ᾅνβρωτξος)</span> <span class='ocrx_word' id='word_1_358' title='bbox 1059 5583 1185 5641; x_wconf 78' lang='grc' dir='ltr'>ττῶῖ</span> <span class='ocrx_word' id='word_1_359' title='bbox 1237 5583 1294 5638; x_wconf 39' lang='grc' dir='ltr'><strong>δῖε</strong></span> <span class='ocrx_word' id='word_1_360' title='bbox 1348 5583 1512 5666; x_wconf 44' lang='grc' dir='ltr'>αῦτη·</span> <span class='ocrx_word' id='word_1_361' title='bbox 1547 5585 1647 5641; x_wconf 77' lang='grc' dir='ltr'><strong>οὐκ</strong></span> <span class='ocrx_word' id='word_1_362' title='bbox 1694 5590 1825 5644; x_wconf 76' lang='grc' dir='ltr'>οὖσα</span> <span class='ocrx_word' id='word_1_363' title='bbox 1879 5583 1986 5646; x_wconf 56' lang='grc' dir='ltr'>παλ</span> 
     </span>
    </p>
   </div>
   <div class='ocr_carea' id='block_1_60' title="bbox 323 5657 1988 5739">
    <p class='ocr_par' dir='ltr' id='par_1_60' title="bbox 323 5657 1988 5739">
     <span class='ocr_line' id='line_1_60' title="bbox 323 5657 1988 5739; baseline 0.008 -32"><span class='ocrx_word' id='word_1_364' title='bbox 323 5657 525 5739; x_wconf 60' lang='grc' dir='ltr'><strong>ῥήγξτό</strong></span> <span class='ocrx_word' id='word_1_365' title='bbox 555 5680 569 5730; x_wconf 88' lang='lat'><strong>;</strong></span> <span class='ocrx_word' id='word_1_366' title='bbox 603 5662 706 5739; x_wconf 84' lang='lat' dir='ltr'><strong>ubi</strong></span> <span class='ocrx_word' id='word_1_367' title='bbox 738 5660 1090 5739; x_wconf 57' lang='lat' dir='ltr'><strong>Matthmius,</strong></span> <span class='ocrx_word' id='word_1_368' title='bbox 1129 5664 1339 5739; x_wconf 65' lang='lat' dir='ltr'><strong>Auctor</strong></span> <span class='ocrx_word' id='word_1_369' title='bbox 1381 5657 1808 5739; x_wconf 26' lang='lat' dir='ltr'><strong>‘Pbilopatridis</strong></span> <span class='ocrx_word' id='word_1_370' title='bbox 1837 5664 1988 5739; x_wconf 38' lang='lat'><strong>313,</strong></span> 
     </span>
    </p>
   </div>
   <div class='ocr_carea' id='block_1_61' title="bbox 324 5728 1990 5808">
    <p class='ocr_par' dir='ltr' id='par_1_61' title="bbox 324 5728 1990 5808">
     <span class='ocr_line' id='line_1_61' title="bbox 324 5728 1990 5808; baseline -0.002 -16"><span class='ocrx_word' id='word_1_371' title='bbox 324 5728 569 5792; x_wconf 69' lang='lat' dir='ltr'><strong>de&#39;luce</strong></span> <span class='ocrx_word' id='word_1_372' title='bbox 599 5732 997 5792; x_wconf 78' lang='lat' dir='ltr'><strong>inenarrabili</strong></span> <span class='ocrx_word' id='word_1_373' title='bbox 1033 5747 1136 5788; x_wconf 85' lang='lat' dir='ltr'><strong>seu</strong></span> <span class='ocrx_word' id='word_1_374' title='bbox 1170 5731 1288 5787; x_wconf 89' lang='lat' dir='ltr'><strong>Deo</strong></span> <span class='ocrx_word' id='word_1_375' title='bbox 1319 5746 1332 5784; x_wconf 86' lang='lat'>:</span> <span class='ocrx_word' id='word_1_376' title='bbox 1367 5728 1528 5804; x_wconf 83' lang='grc' dir='ltr'>Λόγῳ</span> <span class='ocrx_word' id='word_1_377' title='bbox 1560 5728 1721 5805; x_wconf 56' lang='grc' dir='ltr'>μόνῳ</span> <span class='ocrx_word' id='word_1_378' title='bbox 1771 5728 1990 5808; x_wconf 54' lang='grc' dir='ltr'><strong>ῥτίθὺπὶ</strong></span> 
     </span>
    </p>
   </div>
   <div class='ocr_carea' id='block_1_62' title="bbox 2007 4643 2054 4709">
    <p class='ocr_par' dir='ltr' id='par_1_62' title="bbox 2007 4643 2054 4709">
     <span class='ocr_line' id='line_1_62' title="bbox 2007 4643 2054 4709; baseline 0 0"><span class='ocrx_word' id='word_1_379' title='bbox 2007 4643 2054 4709; x_wconf 90' lang='lat' dir='ltr'>D</span> 
     </span>
    </p>
   </div>
   <div class='ocr_carea' id='block_1_63' title="bbox 1990 525 3738 600">
    <p class='ocr_par' dir='ltr' id='par_1_63' title="bbox 1990 525 3738 600">
     <span class='ocr_line' id='line_1_63' title="bbox 1990 525 3738 600; baseline 0.002 -20"><span class='ocrx_word' id='word_1_380' title='bbox 1990 527 2042 592; x_wconf 79' lang='grc' dir='ltr'>Α</span> <span class='ocrx_word' id='word_1_381' title='bbox 2073 526 2188 580; x_wconf 89' lang='lat' dir='ltr'><strong>mis</strong></span> <span class='ocrx_word' id='word_1_382' title='bbox 2218 525 2566 598; x_wconf 86' lang='lat' dir='ltr'><strong>parentibus</strong></span> <span class='ocrx_word' id='word_1_383' title='bbox 2599 525 2894 598; x_wconf 78' lang='lat' dir='ltr'><strong>adrepens</strong></span> <span class='ocrx_word' id='word_1_384' title='bbox 2915 543 3164 600; x_wconf 80' lang='lat' dir='ltr'><strong>serpens</strong></span> <span class='ocrx_word' id='word_1_385' title='bbox 3188 545 3296 600; x_wconf 89' lang='lat' dir='ltr'><strong>per</strong></span> <span class='ocrx_word' id='word_1_386' title='bbox 3317 527 3738 585; x_wconf 85' lang='lat' dir='ltr'><strong>blandimenta</strong></span> 
     </span>
    </p>
   </div>
   <div class='ocr_carea' id='block_1_64' title="bbox 2077 615 3732 689">
    <p class='ocr_par' dir='ltr' id='par_1_64' title="bbox 2077 615 3732 689">
     <span class='ocr_line' id='line_1_64' title="bbox 2077 615 3732 689; baseline 0.002 -18"><span class='ocrx_word' id='word_1_387' title='bbox 2077 615 2372 671; x_wconf 83' lang='lat' dir='ltr'><strong>allocutus</strong></span> <span class='ocrx_word' id='word_1_388' title='bbox 2404 617 2550 671; x_wconf 92' lang='lat' dir='ltr'><strong>olim</strong></span> <span class='ocrx_word' id='word_1_389' title='bbox 2600 619 2969 689; x_wconf 68' lang='lat' dir='ltr'><strong>praeparavit,</strong></span> <span class='ocrx_word' id='word_1_390' title='bbox 3035 623 3092 674; x_wconf 89' lang='lat' dir='ltr'><strong>et</strong></span> <span class='ocrx_word' id='word_1_391' title='bbox 3147 618 3437 674; x_wconf 81' lang='lat' dir='ltr'><strong>famosam</strong></span> <span class='ocrx_word' id='word_1_392' title='bbox 3497 618 3732 674; x_wconf 77' lang='lat' dir='ltr'><strong>cladem</strong></span> 
     </span>
    </p>
   </div>
   <div class='ocr_carea' id='block_1_65' title="bbox 2076 707 3734 778">
    <p class='ocr_par' dir='ltr' id='par_1_65' title="bbox 2076 707 3734 778">
     <span class='ocr_line' id='line_1_65' title="bbox 2076 707 3734 778; baseline 0 -16"><span class='ocrx_word' id='word_1_393' title='bbox 2076 711 2345 776; x_wconf 78' lang='lat' dir='ltr'><strong>stupens.</strong></span> <span class='ocrx_word' id='word_1_394' title='bbox 2374 711 2433 762; x_wconf 92' lang='lat' dir='ltr'><strong>et</strong></span> <span class='ocrx_word' id='word_1_395' title='bbox 2456 707 2765 778; x_wconf 89' lang='lat' dir='ltr'><strong>antiquam</strong></span> <span class='ocrx_word' id='word_1_396' title='bbox 2793 707 3273 763; x_wconf 89' lang='lat' dir='ltr'><strong>maledictionem</strong></span> <span class='ocrx_word' id='word_1_397' title='bbox 3297 707 3358 762; x_wconf 92' lang='lat' dir='ltr'><strong>in</strong></span> <span class='ocrx_word' id='word_1_398' title='bbox 3383 707 3734 763; x_wconf 84' lang='lat' dir='ltr'><strong>memoriam</strong></span> 
     </span>
    </p>
   </div>
   <div class='ocr_carea' id='block_1_66' title="bbox 2076 797 3738 868">
    <p class='ocr_par' dir='ltr' id='par_1_66' title="bbox 2076 797 3738 868">
     <span class='ocr_line' id='line_1_66' title="bbox 2076 797 3738 868; baseline -0.001 -17"><span class='ocrx_word' id='word_1_399' title='bbox 2076 812 2236 851; x_wconf 90' lang='lat' dir='ltr'><strong>nunc</strong></span> <span class='ocrx_word' id='word_1_400' title='bbox 2268 813 2570 857; x_wconf 88' lang='lat' dir='ltr'><strong>revocans.</strong></span> <span class='ocrx_word' id='word_1_401' title='bbox 2615 813 2790 867; x_wconf 90' lang='lat' dir='ltr'><strong>quam</strong></span> <span class='ocrx_word' id='word_1_402' title='bbox 2849 813 2916 852; x_wconf 84' lang='lat' dir='ltr'><strong>ex</strong></span> <span class='ocrx_word' id='word_1_403' title='bbox 2957 797 3050 852; x_wconf 86' lang='lat' dir='ltr'><strong>his</strong></span> <span class='ocrx_word' id='word_1_404' title='bbox 3109 797 3452 852; x_wconf 84' lang='lat' dir='ltr'><strong>mortalium</strong></span> <span class='ocrx_word' id='word_1_405' title='bbox 3506 797 3738 868; x_wconf 82' lang='lat' dir='ltr'><strong>excepit</strong></span> 
     </span>
    </p>
   </div>
   <div class='ocr_carea' id='block_1_67' title="bbox 2076 885 3727 958">
    <p class='ocr_par' dir='ltr' id='par_1_67' title="bbox 2076 885 3727 958">
     <span class='ocr_line' id='line_1_67' title="bbox 2076 885 3727 958; baseline 0 -19"><span class='ocrx_word' id='word_1_406' title='bbox 2076 891 2310 949; x_wconf 89' lang='lat' dir='ltr'><strong>natura,</strong></span> <span class='ocrx_word' id='word_1_407' title='bbox 2333 902 2470 940; x_wconf 89' lang='lat' dir='ltr'><strong>cum</strong></span> <span class='ocrx_word' id='word_1_408' title='bbox 2504 886 2786 940; x_wconf 91' lang='lat' dir='ltr'><strong>inimicus</strong></span> <span class='ocrx_word' id='word_1_409' title='bbox 2815 885 2876 940; x_wconf 91' lang='lat' dir='ltr'><strong>in</strong></span> <span class='ocrx_word' id='word_1_410' title='bbox 2913 901 3108 958; x_wconf 78' lang='lat' dir='ltr'><strong>pugna</strong></span> <span class='ocrx_word' id='word_1_411' title='bbox 3129 887 3402 957; x_wconf 86' lang='lat' dir='ltr'><strong>superior</strong></span> <span class='ocrx_word' id='word_1_412' title='bbox 3427 885 3727 957; x_wconf 83' lang='lat' dir='ltr'><strong>apparuit,</strong></span> 
     </span>
    </p>
   </div>
   <div class='ocr_carea' id='block_1_68' title="bbox 2078 975 3731 1048">
    <p class='ocr_par' dir='ltr' id='par_1_68' title="bbox 2078 975 3731 1048">
     <span class='ocr_line' id='line_1_68' title="bbox 2078 975 3731 1048; baseline 0.001 -19"><span class='ocrx_word' id='word_1_413' title='bbox 2078 979 2246 1030; x_wconf 90' lang='lat' dir='ltr'><strong>tuum</strong></span> <span class='ocrx_word' id='word_1_414' title='bbox 2278 975 2338 1030; x_wconf 91' lang='lat' dir='ltr'><strong>in</strong></span> <span class='ocrx_word' id='word_1_415' title='bbox 2372 975 2492 1030; x_wconf 90' lang='lat' dir='ltr'><strong>illis</strong></span> <span class='ocrx_word' id='word_1_416' title='bbox 2524 975 2919 1030; x_wconf 76' lang='lat' dir='ltr'><strong>infortunium</strong></span> <span class='ocrx_word' id='word_1_417' title='bbox 2951 975 3202 1048; x_wconf 90' lang='lat' dir='ltr'><strong>conjice,</strong></span> <span class='ocrx_word' id='word_1_418' title='bbox 3236 982 3522 1046; x_wconf 83' lang='lat' dir='ltr'><strong>tanquam</strong></span> <span class='ocrx_word' id='word_1_419' title='bbox 3555 975 3731 1030; x_wconf 86' lang='lat' dir='ltr'><strong>simi-</strong></span> 
     </span>
    </p>
   </div>
   <div class='ocr_carea' id='block_1_69' title="bbox 2076 1061 2730 1120">
    <p class='ocr_par' dir='ltr' id='par_1_69' title="bbox 2076 1061 2730 1120">
     <span class='ocr_line' id='line_1_69' title="bbox 2076 1061 2730 1120; baseline 0.006 -4"><span class='ocrx_word' id='word_1_420' title='bbox 2076 1061 2194 1117; x_wconf 89' lang='lat' dir='ltr'><strong>lem</strong></span> <span class='ocrx_word' id='word_1_421' title='bbox 2230 1079 2432 1118; x_wconf 91' lang='lat' dir='ltr'><strong>casum</strong></span> <span class='ocrx_word' id='word_1_422' title='bbox 2465 1063 2730 1120; x_wconf 89' lang='lat' dir='ltr'><strong>sortitus.</strong></span> 
     </span>
    </p>
   </div>
   <div class='ocr_carea' id='block_1_70' title="bbox 2151 1240 3732 1312">
    <p class='ocr_par' dir='ltr' id='par_1_70' title="bbox 2151 1240 3732 1312">
     <span class='ocr_line' id='line_1_70' title="bbox 2151 1240 3732 1312; baseline -0.001 -16"><span class='ocrx_word' id='word_1_423' title='bbox 2151 1243 2296 1296; x_wconf 83' lang='lat' dir='ltr'><strong>Nam</strong></span> <span class='ocrx_word' id='word_1_424' title='bbox 2331 1257 2463 1296; x_wconf 91' lang='lat' dir='ltr'><strong>cum</strong></span> <span class='ocrx_word' id='word_1_425' title='bbox 2498 1240 2645 1295; x_wconf 84' lang='lat' dir='ltr'><strong>vidit</strong></span> <span class='ocrx_word' id='word_1_426' title='bbox 2674 1240 3076 1312; x_wconf 85' lang='lat' dir='ltr'><strong>spiritualium</strong></span> <span class='ocrx_word' id='word_1_427' title='bbox 3116 1244 3389 1296; x_wconf 85' lang='lat' dir='ltr'><strong>naturam</strong></span> <span class='ocrx_word' id='word_1_428' title='bbox 3431 1241 3532 1311; x_wconf 90' lang='lat' dir='ltr'><strong>qui</strong></span> <span class='ocrx_word' id='word_1_429' title='bbox 3566 1240 3732 1312; x_wconf 88' lang='lat' dir='ltr'><strong>prius</strong></span> 
     </span>
    </p>
   </div>
   <div class='ocr_carea' id='block_1_71' title="bbox 2081 1328 3732 1396">
    <p class='ocr_par' dir='ltr' id='par_1_71' title="bbox 2081 1328 3732 1396">
     <span class='ocr_line' id='line_1_71' title="bbox 2081 1328 3732 1396; baseline -0.001 -11"><span class='ocrx_word' id='word_1_430' title='bbox 2081 1329 2377 1386; x_wconf 77' lang='lat' dir='ltr'><strong>ceciderat</strong></span> <span class='ocrx_word' id='word_1_431' title='bbox 2425 1329 2753 1385; x_wconf 87' lang='lat' dir='ltr'><strong>miserabili</strong></span> <span class='ocrx_word' id='word_1_432' title='bbox 2811 1330 2988 1384; x_wconf 91' lang='lat' dir='ltr'><strong>ruina</strong></span> <span class='ocrx_word' id='word_1_433' title='bbox 3034 1329 3233 1396; x_wconf 89' lang='lat' dir='ltr'><strong>draco,</strong></span> <span class='ocrx_word' id='word_1_434' title='bbox 3281 1334 3339 1384; x_wconf 89' lang='lat' dir='ltr'><strong>et</strong></span> <span class='ocrx_word' id='word_1_435' title='bbox 3386 1328 3732 1384; x_wconf 89' lang='lat' dir='ltr'><strong>inferiorem</strong></span> 
     </span>
    </p>
   </div>
   <div class='ocr_carea' id='block_1_72' title="bbox 2082 1418 3734 1485">
    <p class='ocr_par' dir='ltr' id='par_1_72' title="bbox 2082 1418 3734 1485">
     <span class='ocr_line' id='line_1_72' title="bbox 2082 1418 3734 1485; baseline -0.001 -13"><span class='ocrx_word' id='word_1_436' title='bbox 2082 1419 2444 1474; x_wconf 89' lang='lat' dir='ltr'><strong>creationem</strong></span> <span class='ocrx_word' id='word_1_437' title='bbox 2478 1419 2768 1474; x_wconf 88' lang='lat' dir='ltr'><strong>indicibili</strong></span> <span class='ocrx_word' id='word_1_438' title='bbox 2801 1419 3125 1485; x_wconf 86' lang='lat' dir='ltr'><strong>celeritate,</strong></span> <span class='ocrx_word' id='word_1_439' title='bbox 3179 1418 3354 1473; x_wconf 91' lang='lat' dir='ltr'><strong>verbo</strong></span> <span class='ocrx_word' id='word_1_440' title='bbox 3401 1423 3630 1472; x_wconf 87' lang='lat' dir='ltr'><strong>tantum</strong></span> <span class='ocrx_word' id='word_1_441' title='bbox 3674 1422 3734 1472; x_wconf 87' lang='lat' dir='ltr'><strong>et</strong></span> 
     </span>
    </p>
   </div>
   <div class='ocr_carea' id='block_1_73' title="bbox 2081 1509 3730 1583">
    <p class='ocr_par' dir='ltr' id='par_1_73' title="bbox 2081 1509 3730 1583">
     <span class='ocr_line' id='line_1_73' title="bbox 2081 1509 3730 1583; baseline -0.001 -19"><span class='ocrx_word' id='word_1_442' title='bbox 2081 1509 2383 1565; x_wconf 88' lang='lat' dir='ltr'><strong>voluntate</strong></span> <span class='ocrx_word' id='word_1_443' title='bbox 2413 1511 2759 1582; x_wconf 84' lang='lat' dir='ltr'><strong>perfectam,</strong></span> <span class='ocrx_word' id='word_1_444' title='bbox 2791 1516 3102 1583; x_wconf 83' lang='lat' dir='ltr'><strong>augustam</strong></span> <span class='ocrx_word' id='word_1_445' title='bbox 3134 1509 3364 1565; x_wconf 90' lang='lat' dir='ltr'><strong>scilicet</strong></span> <span class='ocrx_word' id='word_1_446' title='bbox 3409 1524 3730 1580; x_wconf 88' lang='lat' dir='ltr'><strong>supernam</strong></span> 
     </span>
    </p>
   </div>
   <div class='ocr_carea' id='block_1_74' title="bbox 2083 1599 3734 1671">
    <p class='ocr_par' dir='ltr' id='par_1_74' title="bbox 2083 1599 3734 1671">
     <span class='ocr_line' id='line_1_74' title="bbox 2083 1599 3734 1671; baseline -0.002 -17"><span class='ocrx_word' id='word_1_447' title='bbox 2083 1599 2307 1667; x_wconf 89' lang='lat' dir='ltr'><strong>sedem,</strong></span> <span class='ocrx_word' id='word_1_448' title='bbox 2335 1600 2676 1660; x_wconf 81' lang='lat' dir='ltr'><strong>Cherubim.</strong></span> <span class='ocrx_word' id='word_1_449' title='bbox 2702 1601 3053 1664; x_wconf 87' lang='lat' dir='ltr'><strong>Potestates,</strong></span> <span class='ocrx_word' id='word_1_450' title='bbox 3079 1599 3412 1671; x_wconf 90' lang='lat' dir='ltr'><strong>Seraphim,</strong></span> <span class='ocrx_word' id='word_1_451' title='bbox 3445 1599 3734 1668; x_wconf 87' lang='lat' dir='ltr'><strong>Thronos,</strong></span> 
     </span>
    </p>
   </div>
   <div class='ocr_carea' id='block_1_75' title="bbox 2080 1686 3735 1762">
    <p class='ocr_par' dir='ltr' id='par_1_75' title="bbox 2080 1686 3735 1762">
     <span class='ocr_line' id='line_1_75' title="bbox 2080 1686 3735 1762; baseline -0.002 -18"><span class='ocrx_word' id='word_1_452' title='bbox 2080 1689 2486 1762; x_wconf 77' lang='lat' dir='ltr'><strong>Archangelos</strong></span> <span class='ocrx_word' id='word_1_453' title='bbox 2507 1690 2869 1761; x_wconf 89' lang='lat' dir='ltr'><strong>ordinesque</strong></span> <span class='ocrx_word' id='word_1_454' title='bbox 2893 1688 3342 1746; x_wconf 88' lang='lat' dir='ltr'><strong>tremendorum</strong></span> <span class='ocrx_word' id='word_1_455' title='bbox 3366 1686 3735 1760; x_wconf 82' lang='lat' dir='ltr'><strong>angelorum,</strong></span> 
     </span>
    </p>
   </div>
   <div class='ocr_carea' id='block_1_76' title="bbox 2082 1776 3738 1848">
    <p class='ocr_par' dir='ltr' id='par_1_76' title="bbox 2082 1776 3738 1848">
     <span class='ocr_line' id='line_1_76' title="bbox 2082 1776 3738 1848; baseline -0.002 -16"><span class='ocrx_word' id='word_1_456' title='bbox 2082 1783 2323 1847; x_wconf 91' lang='lat' dir='ltr'><strong>terram,</strong></span> <span class='ocrx_word' id='word_1_457' title='bbox 2358 1778 2571 1834; x_wconf 64' lang='lat' dir='ltr'><strong>caelum</strong></span> <span class='ocrx_word' id='word_1_458' title='bbox 2604 1783 2663 1834; x_wconf 89' lang='lat' dir='ltr'><strong>et</strong></span> <span class='ocrx_word' id='word_1_459' title='bbox 2691 1795 2930 1834; x_wconf 90' lang='lat' dir='ltr'><strong>omnem</strong></span> <span class='ocrx_word' id='word_1_460' title='bbox 2962 1783 3260 1834; x_wconf 88' lang='lat' dir='ltr'><strong>astrorum</strong></span> <span class='ocrx_word' id='word_1_461' title='bbox 3282 1776 3738 1848; x_wconf 88' lang='lat' dir='ltr'><strong>dispositionem</strong></span> 
     </span>
    </p>
   </div>
   <div class='ocr_carea' id='block_1_77' title="bbox 2081 1863 3737 1940">
    <p class='ocr_par' dir='ltr' id='par_1_77' title="bbox 2081 1863 3737 1940">
     <span class='ocr_line' id='line_1_77' title="bbox 2081 1863 3737 1940; baseline -0.002 -17"><span class='ocrx_word' id='word_1_462' title='bbox 2081 1885 2300 1939; x_wconf 88' lang='lat' dir='ltr'><strong>aquam</strong></span> <span class='ocrx_word' id='word_1_463' title='bbox 2327 1885 2564 1940; x_wconf 87' lang='lat' dir='ltr'><strong>quoque</strong></span> <span class='ocrx_word' id='word_1_464' title='bbox 2596 1873 2654 1922; x_wconf 91' lang='lat' dir='ltr'><strong>et</strong></span> <span class='ocrx_word' id='word_1_465' title='bbox 2685 1867 2905 1940; x_wconf 78' lang='lat' dir='ltr'><strong>ignem,</strong></span> <span class='ocrx_word' id='word_1_466' title='bbox 2938 1884 3137 1924; x_wconf 89' lang='lat' dir='ltr'><strong>aerem</strong></span> <span class='ocrx_word' id='word_1_467' title='bbox 3172 1883 3308 1923; x_wconf 90' lang='lat' dir='ltr'><strong>cum</strong></span> <span class='ocrx_word' id='word_1_468' title='bbox 3350 1865 3591 1929; x_wconf 74' lang='lat' dir='ltr'><strong>aathere,</strong></span> <span class='ocrx_word' id='word_1_469' title='bbox 3643 1863 3737 1920; x_wconf 91' lang='lat' dir='ltr'><strong>lu-</strong></span> 
     </span>
    </p>
   </div>
   <div class='ocr_carea' id='block_1_78' title="bbox 2083 1955 3734 2024">
    <p class='ocr_par' dir='ltr' id='par_1_78' title="bbox 2083 1955 3734 2024">
     <span class='ocr_line' id='line_1_78' title="bbox 2083 1955 3734 2024; baseline -0.003 -11"><span class='ocrx_word' id='word_1_470' title='bbox 2083 1959 2312 2014; x_wconf 90' lang='lat' dir='ltr'><strong>minare</strong></span> <span class='ocrx_word' id='word_1_471' title='bbox 2344 1975 2531 2013; x_wconf 90' lang='lat' dir='ltr'><strong>unum</strong></span> <span class='ocrx_word' id='word_1_472' title='bbox 2565 1975 2742 2014; x_wconf 89' lang='lat' dir='ltr'><strong>curru</strong></span> <span class='ocrx_word' id='word_1_473' title='bbox 2775 1957 2933 2013; x_wconf 91' lang='lat' dir='ltr'><strong>diem</strong></span> <span class='ocrx_word' id='word_1_474' title='bbox 2957 1957 3330 2024; x_wconf 88' lang='lat' dir='ltr'><strong>illuminans,</strong></span> <span class='ocrx_word' id='word_1_475' title='bbox 3357 1955 3734 2024; x_wconf 88' lang='lat' dir='ltr'><strong>alterumque</strong></span> 
     </span>
    </p>
   </div>
   <div class='ocr_carea' id='block_1_79' title="bbox 2080 2044 3738 2119">
    <p class='ocr_par' dir='ltr' id='par_1_79' title="bbox 2080 2044 3738 2119">
     <span class='ocr_line' id='line_1_79' title="bbox 2080 2044 3738 2119; baseline -0.003 -17"><span class='ocrx_word' id='word_1_476' title='bbox 2080 2047 2328 2119; x_wconf 86' lang='lat' dir='ltr'><strong>pulchre</strong></span> <span class='ocrx_word' id='word_1_477' title='bbox 2359 2053 2596 2103; x_wconf 90' lang='lat' dir='ltr'><strong>noctem</strong></span> <span class='ocrx_word' id='word_1_478' title='bbox 2630 2048 2962 2114; x_wconf 87' lang='lat' dir='ltr'><strong>illustrans,</strong></span> <span class='ocrx_word' id='word_1_479' title='bbox 3015 2045 3258 2113; x_wconf 88' lang='lat' dir='ltr'><strong>bestias,</strong></span> <span class='ocrx_word' id='word_1_480' title='bbox 3308 2044 3644 2100; x_wconf 88' lang='lat' dir='ltr'><strong>natantium</strong></span> <span class='ocrx_word' id='word_1_481' title='bbox 3678 2048 3738 2098; x_wconf 92' lang='lat' dir='ltr'><strong>et</strong></span> 
     </span>
    </p>
   </div>
   <div class='ocr_carea' id='block_1_80' title="bbox 2079 2132 3733 2207">
    <p class='ocr_par' dir='ltr' id='par_1_80' title="bbox 2079 2132 3733 2207">
     <span class='ocr_line' id='line_1_80' title="bbox 2079 2132 3733 2207; baseline -0.002 -16"><span class='ocrx_word' id='word_1_482' title='bbox 2079 2137 2407 2192; x_wconf 84' lang='lat' dir='ltr'><strong>volucrium</strong></span> <span class='ocrx_word' id='word_1_483' title='bbox 2440 2155 2626 2207; x_wconf 78' lang='lat' dir='ltr'><strong>genus</strong></span> <span class='ocrx_word' id='word_1_484' title='bbox 2658 2153 2858 2204; x_wconf 89' lang='lat' dir='ltr'><strong>omne,</strong></span> <span class='ocrx_word' id='word_1_485' title='bbox 2895 2142 2952 2192; x_wconf 92' lang='lat' dir='ltr'><strong>et</strong></span> <span class='ocrx_word' id='word_1_486' title='bbox 2982 2134 3272 2192; x_wconf 90' lang='lat' dir='ltr'><strong>mundum</strong></span> <span class='ocrx_word' id='word_1_487' title='bbox 3295 2134 3638 2190; x_wconf 89' lang='lat' dir='ltr'><strong>universum</strong></span> <span class='ocrx_word' id='word_1_488' title='bbox 3671 2132 3733 2187; x_wconf 91' lang='lat' dir='ltr'><strong>in</strong></span> 
     </span>
    </p>
   </div>
   <div class='ocr_carea' id='block_1_81' title="bbox 2080 2222 3734 2299">
    <p class='ocr_par' dir='ltr' id='par_1_81' title="bbox 2080 2222 3734 2299">
     <span class='ocr_line' id='line_1_81' title="bbox 2080 2222 3734 2299; baseline -0.004 -18"><span class='ocrx_word' id='word_1_489' title='bbox 2080 2227 2256 2282; x_wconf 89' lang='lat' dir='ltr'><strong>verbo</strong></span> <span class='ocrx_word' id='word_1_490' title='bbox 2279 2227 3124 2299; x_wconf 83' lang='lat' dir='ltr'><strong>apparentem,hominemque</strong></span> <span class='ocrx_word' id='word_1_491' title='bbox 3147 2240 3330 2280; x_wconf 91' lang='lat' dir='ltr'><strong>manu</strong></span> <span class='ocrx_word' id='word_1_492' title='bbox 3353 2229 3412 2278; x_wconf 93' lang='lat' dir='ltr'><strong>et</strong></span> <span class='ocrx_word' id='word_1_493' title='bbox 3431 2222 3734 2277; x_wconf 86' lang='lat' dir='ltr'><strong>voluntate</strong></span> 
     </span>
    </p>
   </div>
   <div class='ocr_carea' id='block_1_82' title="bbox 2081 2310 3739 2377">
    <p class='ocr_par' dir='ltr' id='par_1_82' title="bbox 2081 2310 3739 2377">
     <span class='ocr_line' id='line_1_82' title="bbox 2081 2310 3739 2377; baseline -0.005 -5"><span class='ocrx_word' id='word_1_494' title='bbox 2081 2315 2206 2372; x_wconf 88' lang='lat' dir='ltr'><strong>sola</strong></span> <span class='ocrx_word' id='word_1_495' title='bbox 2238 2323 2574 2372; x_wconf 87' lang='lat' dir='ltr'><strong>sumentem</strong></span> <span class='ocrx_word' id='word_1_496' title='bbox 2608 2315 2960 2371; x_wconf 89' lang='lat' dir='ltr'><strong>diviniorem</strong></span> <span class='ocrx_word' id='word_1_497' title='bbox 2995 2313 3423 2377; x_wconf 87' lang='lat' dir='ltr'><strong>exsistentiam,</strong></span> <span class='ocrx_word' id='word_1_498' title='bbox 3461 2316 3519 2366; x_wconf 88' lang='lat' dir='ltr'><strong>et</strong></span> <span class='ocrx_word' id='word_1_499' title='bbox 3543 2310 3739 2365; x_wconf 90' lang='lat' dir='ltr'><strong>domi-</strong></span> 
     </span>
    </p>
   </div>
   <div class='ocr_carea' id='block_1_83' title="bbox 2078 2402 3740 2475">
    <p class='ocr_par' dir='ltr' id='par_1_83' title="bbox 2078 2402 3740 2475">
     <span class='ocr_line' id='line_1_83' title="bbox 2078 2402 3740 2475; baseline -0.005 -13"><span class='ocrx_word' id='word_1_500' title='bbox 2078 2411 2347 2462; x_wconf 88' lang='lat' dir='ltr'><strong>natorem</strong></span> <span class='ocrx_word' id='word_1_501' title='bbox 2373 2411 2678 2462; x_wconf 90' lang='lat' dir='ltr'><strong>ostensum</strong></span> <span class='ocrx_word' id='word_1_502' title='bbox 2703 2405 2972 2460; x_wconf 90' lang='lat' dir='ltr'><strong>omnium</strong></span> <span class='ocrx_word' id='word_1_503' title='bbox 2999 2402 3427 2475; x_wconf 89' lang='lat' dir='ltr'><strong>subjectorum,</strong></span> <span class='ocrx_word' id='word_1_504' title='bbox 3447 2405 3740 2471; x_wconf 87' lang='lat' dir='ltr'><strong>tanquam</strong></span> 
     </span>
    </p>
   </div>
   <div class='ocr_carea' id='block_1_84' title="bbox 2078 2489 3739 2556">
    <p class='ocr_par' dir='ltr' id='par_1_84' title="bbox 2078 2489 3739 2556">
     <span class='ocr_line' id='line_1_84' title="bbox 2078 2489 3739 2556; baseline -0.004 -5"><span class='ocrx_word' id='word_1_505' title='bbox 2078 2495 2150 2551; x_wconf 87' lang='lat' dir='ltr'><strong>ab</strong></span> <span class='ocrx_word' id='word_1_506' title='bbox 2184 2496 2345 2551; x_wconf 91' lang='lat' dir='ltr'><strong>omni</strong></span> <span class='ocrx_word' id='word_1_507' title='bbox 2379 2495 2494 2550; x_wconf 89' lang='lat' dir='ltr'><strong>alio</strong></span> <span class='ocrx_word' id='word_1_508' title='bbox 2525 2495 2755 2550; x_wconf 87' lang='lat' dir='ltr'><strong>ratione</strong></span> <span class='ocrx_word' id='word_1_509' title='bbox 2786 2493 3188 2556; x_wconf 81' lang='lat' dir='ltr'><strong>diiferentem,</strong></span> <span class='ocrx_word' id='word_1_510' title='bbox 3213 2491 3377 2547; x_wconf 92' lang='lat' dir='ltr'><strong>omni</strong></span> <span class='ocrx_word' id='word_1_511' title='bbox 3401 2490 3628 2545; x_wconf 89' lang='lat' dir='ltr'><strong>honore</strong></span> <span class='ocrx_word' id='word_1_512' title='bbox 3642 2489 3739 2545; x_wconf 89' lang='lat' dir='ltr'><strong>hic</strong></span> 
     </span>
    </p>
   </div>
   <div class='ocr_carea' id='block_1_85' title="bbox 2079 2578 3738 2657">
    <p class='ocr_par' dir='ltr' id='par_1_85' title="bbox 2079 2578 3738 2657">
     <span class='ocr_line' id='line_1_85' title="bbox 2079 2578 3738 2657; baseline -0.004 -18"><span class='ocrx_word' id='word_1_513' title='bbox 2079 2584 2324 2657; x_wconf 83' lang='lat' dir='ltr'><strong>dignum</strong></span> <span class='ocrx_word' id='word_1_514' title='bbox 2358 2585 2649 2650; x_wconf 87' lang='lat' dir='ltr'><strong>habitum,</strong></span> <span class='ocrx_word' id='word_1_515' title='bbox 2683 2601 2752 2640; x_wconf 92' lang='lat' dir='ltr'><strong>eo</strong></span> <span class='ocrx_word' id='word_1_516' title='bbox 2785 2582 2941 2656; x_wconf 90' lang='lat' dir='ltr'><strong>quod</strong></span> <span class='ocrx_word' id='word_1_517' title='bbox 2974 2587 3252 2639; x_wconf 88' lang='lat' dir='ltr'><strong>ostensus</strong></span> <span class='ocrx_word' id='word_1_518' title='bbox 3285 2581 3362 2636; x_wconf 86' lang='lat' dir='ltr'><strong>sit</strong></span> <span class='ocrx_word' id='word_1_519' title='bbox 3419 2580 3608 2635; x_wconf 90' lang='lat' dir='ltr'><strong>factus</strong></span> <span class='ocrx_word' id='word_1_520' title='bbox 3663 2578 3738 2634; x_wconf 88' lang='lat' dir='ltr'><strong>ad</strong></span> 
     </span>
    </p>
   </div>
   <div class='ocr_carea' id='block_1_86' title="bbox 2077 2668 3737 2748">
    <p class='ocr_par' dir='ltr' id='par_1_86' title="bbox 2077 2668 3737 2748">
     <span class='ocr_line' id='line_1_86' title="bbox 2077 2668 3737 2748; baseline -0.004 -18"><span class='ocrx_word' id='word_1_521' title='bbox 2077 2675 2179 2730; x_wconf 88' lang='lat' dir='ltr'><strong>Dei</strong></span> <span class='ocrx_word' id='word_1_522' title='bbox 2212 2675 2556 2748; x_wconf 78' lang='lat' dir='ltr'><strong>imaginem,</strong></span> <span class='ocrx_word' id='word_1_523' title='bbox 2592 2679 2788 2730; x_wconf 82' lang='lat' dir='ltr'><strong>movet</strong></span> <span class='ocrx_word' id='word_1_524' title='bbox 2818 2679 3024 2729; x_wconf 90' lang='lat' dir='ltr'><strong>contra</strong></span> <span class='ocrx_word' id='word_1_525' title='bbox 3050 2672 3221 2727; x_wconf 88' lang='lat' dir='ltr'><strong>illum</strong></span> <span class='ocrx_word' id='word_1_526' title='bbox 3250 2670 3322 2726; x_wconf 89' lang='lat' dir='ltr'><strong>ab</strong></span> <span class='ocrx_word' id='word_1_527' title='bbox 3354 2669 3578 2725; x_wconf 88' lang='lat' dir='ltr'><strong>invidia</strong></span> <span class='ocrx_word' id='word_1_528' title='bbox 3607 2668 3737 2724; x_wconf 90' lang='lat' dir='ltr'><strong>bel-</strong></span> 
     </span>
    </p>
   </div>
   <div class='ocr_carea' id='block_1_87' title="bbox 2076 2757 3735 2834">
    <p class='ocr_par' dir='ltr' id='par_1_87' title="bbox 2076 2757 3735 2834">
     <span class='ocr_line' id='line_1_87' title="bbox 2076 2757 3735 2834; baseline -0.004 -16"><span class='ocrx_word' id='word_1_529' title='bbox 2076 2763 2221 2827; x_wconf 91' lang='lat' dir='ltr'><strong>lum,</strong></span> <span class='ocrx_word' id='word_1_530' title='bbox 2255 2762 2590 2834; x_wconf 87' lang='lat' dir='ltr'><strong>usquedum</strong></span> <span class='ocrx_word' id='word_1_531' title='bbox 2646 2763 2844 2834; x_wconf 83' lang='lat' dir='ltr'><strong>abigat</strong></span> <span class='ocrx_word' id='word_1_532' title='bbox 2892 2778 2962 2816; x_wconf 80' lang='lat' dir='ltr'><strong>ex</strong></span> <span class='ocrx_word' id='word_1_533' title='bbox 3013 2759 3230 2815; x_wconf 86' lang='lat' dir='ltr'><strong>Edenis</strong></span> <span class='ocrx_word' id='word_1_534' title='bbox 3287 2757 3451 2823; x_wconf 82' lang='lat' dir='ltr'><strong>sede,</strong></span> <span class='ocrx_word' id='word_1_535' title='bbox 3495 2757 3558 2812; x_wconf 91' lang='lat' dir='ltr'><strong>in</strong></span> <span class='ocrx_word' id='word_1_536' title='bbox 3617 2773 3735 2827; x_wconf 88' lang='lat' dir='ltr'><strong>qua</strong></span> 
     </span>
    </p>
   </div>
   <div class='ocr_carea' id='block_1_88' title="bbox 2077 2845 3730 2922">
    <p class='ocr_par' dir='ltr' id='par_1_88' title="bbox 2077 2845 3730 2922">
     <span class='ocr_line' id='line_1_88' title="bbox 2077 2845 3730 2922; baseline -0.004 -16"><span class='ocrx_word' id='word_1_537' title='bbox 2077 2852 2402 2907; x_wconf 91' lang='lat' dir='ltr'><strong>collocatus</strong></span> <span class='ocrx_word' id='word_1_538' title='bbox 2436 2857 2562 2906; x_wconf 89' lang='lat' dir='ltr'><strong>erat</strong></span> <span class='ocrx_word' id='word_1_539' title='bbox 2587 2857 2652 2906; x_wconf 91' lang='lat' dir='ltr'><strong>ut</strong></span> <span class='ocrx_word' id='word_1_540' title='bbox 2675 2858 3023 2922; x_wconf 75' lang='lat' dir='ltr'><strong>operaretur</strong></span> <span class='ocrx_word' id='word_1_541' title='bbox 3053 2855 3112 2904; x_wconf 90' lang='lat' dir='ltr'><strong>et</strong></span> <span class='ocrx_word' id='word_1_542' title='bbox 3142 2847 3488 2916; x_wconf 89' lang='lat' dir='ltr'><strong>custodiret,</strong></span> <span class='ocrx_word' id='word_1_543' title='bbox 3512 2852 3570 2900; x_wconf 91' lang='lat' dir='ltr'><strong>et</strong></span> <span class='ocrx_word' id='word_1_544' title='bbox 3589 2845 3730 2901; x_wconf 89' lang='lat' dir='ltr'><strong>inde</strong></span> 
     </span>
    </p>
   </div>
   <div class='ocr_carea' id='block_1_89' title="bbox 2078 2941 2983 2997">
    <p class='ocr_par' dir='ltr' id='par_1_89' title="bbox 2078 2941 2983 2997">
     <span class='ocr_line' id='line_1_89' title="bbox 2078 2941 2983 2997; baseline -0.003 -1"><span class='ocrx_word' id='word_1_545' title='bbox 2078 2941 2308 2996; x_wconf 84' lang='lat' dir='ltr'><strong>eductis</strong></span> <span class='ocrx_word' id='word_1_546' title='bbox 2339 2941 2630 2997; x_wconf 85' lang='lat' dir='ltr'><strong>fructibus</strong></span> <span class='ocrx_word' id='word_1_547' title='bbox 2661 2941 2983 2997; x_wconf 61' lang='lat' dir='ltr'><strong>laetaretur.</strong></span> 
     </span>
    </p>
   </div>
   <div class='ocr_carea' id='block_1_90' title="bbox 2003 3268 3728 3364">
    <p class='ocr_par' dir='ltr' id='par_1_90' title="bbox 2003 3268 3728 3364">
     <span class='ocr_line' id='line_1_90' title="bbox 2003 3268 3728 3364; baseline -0.003 -7"><span class='ocrx_word' id='word_1_548' title='bbox 2003 3268 2046 3335; x_wconf 68' lang='grc' dir='ltr'>Ο</span> <span class='ocrx_word' id='word_1_549' title='bbox 2147 3300 2310 3357; x_wconf 85' lang='lat' dir='ltr'><strong>Eden</strong></span> <span class='ocrx_word' id='word_1_550' title='bbox 2336 3306 2462 3357; x_wconf 88' lang='lat' dir='ltr'><strong>erat</strong></span> <span class='ocrx_word' id='word_1_551' title='bbox 2482 3300 2741 3357; x_wconf 74' lang='lat' dir='ltr'><strong>Orientis</strong></span> <span class='ocrx_word' id='word_1_552' title='bbox 2767 3299 3033 3356; x_wconf 91' lang='lat' dir='ltr'><strong>locorum</strong></span> <span class='ocrx_word' id='word_1_553' title='bbox 3057 3298 3330 3354; x_wconf 91' lang='lat' dir='ltr'><strong>omnium</strong></span> <span class='ocrx_word' id='word_1_554' title='bbox 3351 3295 3728 3364; x_wconf 87' lang='lat' dir='ltr'><strong>miraculum,</strong></span> 
     </span>
    </p>
   </div>
   <div class='ocr_carea' id='block_1_91' title="bbox 2077 3388 3726 3463">
    <p class='ocr_par' dir='ltr' id='par_1_91' title="bbox 2077 3388 3726 3463">
     <span class='ocr_line' id='line_1_91' title="bbox 2077 3388 3726 3463; baseline -0.004 -17"><span class='ocrx_word' id='word_1_555' title='bbox 2077 3408 2253 3463; x_wconf 89' lang='lat' dir='ltr'><strong>quem</strong></span> <span class='ocrx_word' id='word_1_556' title='bbox 2287 3390 2663 3462; x_wconf 89' lang='lat' dir='ltr'><strong>quadruplici</strong></span> <span class='ocrx_word' id='word_1_557' title='bbox 2722 3389 2968 3444; x_wconf 85' lang='lat' dir='ltr'><strong>ﬂumine</strong></span> <span class='ocrx_word' id='word_1_558' title='bbox 3030 3389 3200 3460; x_wconf 88' lang='lat' dir='ltr'><strong>quasi</strong></span> <span class='ocrx_word' id='word_1_559' title='bbox 3260 3388 3512 3460; x_wconf 77' lang='lat' dir='ltr'><strong>irrigans</strong></span> <span class='ocrx_word' id='word_1_560' title='bbox 3570 3401 3726 3456; x_wconf 86' lang='lat' dir='ltr'><strong>aqua</strong></span> 
     </span>
    </p>
   </div>
   <div class='ocr_carea' id='block_1_92' title="bbox 2075 3475 3728 3544">
    <p class='ocr_par' dir='ltr' id='par_1_92' title="bbox 2075 3475 3728 3544">
     <span class='ocr_line' id='line_1_92' title="bbox 2075 3475 3728 3544; baseline -0.003 -9"><span class='ocrx_word' id='word_1_561' title='bbox 2075 3481 2374 3535; x_wconf 89' lang='lat' dir='ltr'><strong>fructuum</strong></span> <span class='ocrx_word' id='word_1_562' title='bbox 2409 3480 2675 3536; x_wconf 89' lang='lat' dir='ltr'><strong>omnium</strong></span> <span class='ocrx_word' id='word_1_563' title='bbox 2710 3479 2967 3534; x_wconf 88' lang='lat' dir='ltr'><strong>feracem</strong></span> <span class='ocrx_word' id='word_1_564' title='bbox 3027 3476 3397 3544; x_wconf 89' lang='lat' dir='ltr'><strong>ostendebat,</strong></span> <span class='ocrx_word' id='word_1_565' title='bbox 3448 3475 3728 3530; x_wconf 89' lang='lat' dir='ltr'><strong>decoram</strong></span> 
     </span>
    </p>
   </div>
   <div class='ocr_carea' id='block_1_93' title="bbox 2075 3567 3726 3640">
    <p class='ocr_par' dir='ltr' id='par_1_93' title="bbox 2075 3567 3726 3640">
     <span class='ocr_line' id='line_1_93' title="bbox 2075 3567 3726 3640; baseline -0.004 -16"><span class='ocrx_word' id='word_1_566' title='bbox 2075 3575 2445 3625; x_wconf 86' lang='lat' dir='ltr'><strong>venustatem</strong></span> <span class='ocrx_word' id='word_1_567' title='bbox 2479 3569 2698 3640; x_wconf 84' lang='lat' dir='ltr'><strong>ubique</strong></span> <span class='ocrx_word' id='word_1_568' title='bbox 2718 3567 3130 3640; x_wconf 89' lang='lat' dir='ltr'><strong>pandentium,</strong></span> <span class='ocrx_word' id='word_1_569' title='bbox 3156 3571 3212 3622; x_wconf 88' lang='lat' dir='ltr'><strong>et</strong></span> <span class='ocrx_word' id='word_1_570' title='bbox 3234 3570 3509 3638; x_wconf 90' lang='lat' dir='ltr'><strong>aspectus</strong></span> <span class='ocrx_word' id='word_1_571' title='bbox 3530 3579 3726 3619; x_wconf 88' lang='lat' dir='ltr'><strong>come-</strong></span> 
     </span>
    </p>
   </div>
   <div class='ocr_carea' id='block_1_94' title="bbox 2077 3657 3731 3727">
    <p class='ocr_par' dir='ltr' id='par_1_94' title="bbox 2077 3657 3731 3727">
     <span class='ocr_line' id='line_1_94' title="bbox 2077 3657 3731 3727; baseline -0.005 -11"><span class='ocrx_word' id='word_1_572' title='bbox 2077 3660 2346 3716; x_wconf 90' lang='lat' dir='ltr'><strong>dentium</strong></span> <span class='ocrx_word' id='word_1_573' title='bbox 2378 3659 2702 3715; x_wconf 89' lang='lat' dir='ltr'><strong>admodum</strong></span> <span class='ocrx_word' id='word_1_574' title='bbox 2733 3657 3179 3714; x_wconf 85' lang='lat' dir='ltr'><strong>delectantium.</strong></span> <span class='ocrx_word' id='word_1_575' title='bbox 3208 3657 3292 3713; x_wconf 89' lang='lat' dir='ltr'><strong>Ad</strong></span> <span class='ocrx_word' id='word_1_576' title='bbox 3316 3671 3494 3727; x_wconf 89' lang='lat' dir='ltr'><strong>quem</strong></span> <span class='ocrx_word' id='word_1_577' title='bbox 3517 3660 3731 3709; x_wconf 90' lang='lat' dir='ltr'><strong>treme-</strong></span> 
     </span>
    </p>
   </div>
   <div class='ocr_carea' id='block_1_95' title="bbox 2076 3742 3727 3815">
    <p class='ocr_par' dir='ltr' id='par_1_95' title="bbox 2076 3742 3727 3815">
     <span class='ocr_line' id='line_1_95' title="bbox 2076 3742 3727 3815; baseline -0.005 -11"><span class='ocrx_word' id='word_1_578' title='bbox 2076 3748 2314 3805; x_wconf 90' lang='lat' dir='ltr'><strong>bundus</strong></span> <span class='ocrx_word' id='word_1_579' title='bbox 2345 3748 2624 3804; x_wconf 91' lang='lat' dir='ltr'><strong>seductor</strong></span> <span class='ocrx_word' id='word_1_580' title='bbox 2653 3765 2788 3804; x_wconf 92' lang='lat' dir='ltr'><strong>cum</strong></span> <span class='ocrx_word' id='word_1_581' title='bbox 2821 3747 3191 3810; x_wconf 85' lang='lat' dir='ltr'><strong>accessisset,</strong></span> <span class='ocrx_word' id='word_1_582' title='bbox 3245 3745 3422 3802; x_wconf 88' lang='lat' dir='ltr'><strong>talem</strong></span> <span class='ocrx_word' id='word_1_583' title='bbox 3471 3742 3665 3815; x_wconf 87' lang='lat' dir='ltr'><strong>qualis</strong></span> <span class='ocrx_word' id='word_1_584' title='bbox 3696 3758 3727 3796; x_wconf 92' lang='lat' dir='ltr'><strong>e</strong></span> 
     </span>
    </p>
   </div>
   <div class='ocr_carea' id='block_1_96' title="bbox 2078 3831 3726 3907">
    <p class='ocr_par' dir='ltr' id='par_1_96' title="bbox 2078 3831 3726 3907">
     <span class='ocr_line' id='line_1_96' title="bbox 2078 3831 3726 3907; baseline -0.003 -14"><span class='ocrx_word' id='word_1_585' title='bbox 2078 3856 2258 3894; x_wconf 88' lang='lat' dir='ltr'><strong>manu</strong></span> <span class='ocrx_word' id='word_1_586' title='bbox 2293 3838 2392 3893; x_wconf 90' lang='lat' dir='ltr'><strong>Dei</strong></span> <span class='ocrx_word' id='word_1_587' title='bbox 2425 3838 2670 3899; x_wconf 85' lang='lat' dir='ltr'><strong>exierat,</strong></span> <span class='ocrx_word' id='word_1_588' title='bbox 2723 3842 2781 3892; x_wconf 90' lang='lat' dir='ltr'><strong>et</strong></span> <span class='ocrx_word' id='word_1_589' title='bbox 2832 3837 2969 3892; x_wconf 90' lang='lat' dir='ltr'><strong>inde</strong></span> <span class='ocrx_word' id='word_1_590' title='bbox 3020 3836 3226 3892; x_wconf 89' lang='lat' dir='ltr'><strong>oculos</strong></span> <span class='ocrx_word' id='word_1_591' title='bbox 3280 3831 3726 3907; x_wconf 86' lang='lat' dir='ltr'><strong>pulchritudine</strong></span> 
     </span>
    </p>
   </div>
   <div class='ocr_carea' id='block_1_97' title="bbox 2069 3918 3726 4000">
    <p class='ocr_par' dir='ltr' id='par_1_97' title="bbox 2069 3918 3726 4000">
     <span class='ocr_line' id='line_1_97' title="bbox 2069 3918 3726 4000; baseline -0.005 -18"><span class='ocrx_word' id='word_1_592' title='bbox 2069 3929 2401 4000; x_wconf 86' lang='lat' dir='ltr'><strong>juvantem.</strong></span> <span class='ocrx_word' id='word_1_593' title='bbox 2433 3929 2603 3982; x_wconf 87' lang='lat' dir='ltr'><strong>Evam</strong></span> <span class='ocrx_word' id='word_1_594' title='bbox 2636 3925 2757 3982; x_wconf 88' lang='lat' dir='ltr'><strong>adit</strong></span> <span class='ocrx_word' id='word_1_595' title='bbox 2818 3932 3032 3981; x_wconf 88' lang='lat' dir='ltr'><strong>natura</strong></span> <span class='ocrx_word' id='word_1_596' title='bbox 3089 3924 3486 3981; x_wconf 88' lang='lat' dir='ltr'><strong>socordiorem</strong></span> <span class='ocrx_word' id='word_1_597' title='bbox 3547 3926 3606 3976; x_wconf 90' lang='lat' dir='ltr'><strong>et</strong></span> <span class='ocrx_word' id='word_1_598' title='bbox 3653 3918 3726 3976; x_wconf 89' lang='lat' dir='ltr'><strong>ad</strong></span> 
     </span>
    </p>
   </div>
   <div class='ocr_carea' id='block_1_98' title="bbox 2077 4011 3729 4085">
    <p class='ocr_par' dir='ltr' id='par_1_98' title="bbox 2077 4011 3729 4085">
     <span class='ocr_line' id='line_1_98' title="bbox 2077 4011 3729 4085; baseline -0.004 -15"><span class='ocrx_word' id='word_1_599' title='bbox 2077 4015 2460 4071; x_wconf 83' lang='lat' dir='ltr'><strong>alliciendum</strong></span> <span class='ocrx_word' id='word_1_600' title='bbox 2481 4015 2668 4070; x_wconf 91' lang='lat' dir='ltr'><strong>virum</strong></span> <span class='ocrx_word' id='word_1_601' title='bbox 2694 4015 3273 4085; x_wconf 81' lang='lat' dir='ltr'><strong>solertiorem,quam</strong></span> <span class='ocrx_word' id='word_1_602' title='bbox 3295 4012 3354 4066; x_wconf 92' lang='lat' dir='ltr'><strong>in</strong></span> <span class='ocrx_word' id='word_1_603' title='bbox 3370 4011 3729 4082; x_wconf 78' lang='lat' dir='ltr'><strong>udjutricem</strong></span> 
     </span>
    </p>
   </div>
   <div class='ocr_carea' id='block_1_99' title="bbox 2080 4100 3734 4174">
    <p class='ocr_par' dir='ltr' id='par_1_99' title="bbox 2080 4100 3734 4174">
     <span class='ocr_line' id='line_1_99' title="bbox 2080 4100 3734 4174; baseline -0.004 -14"><span class='ocrx_word' id='word_1_604' title='bbox 2080 4113 2138 4160; x_wconf 92' lang='lat' dir='ltr'><strong>et</strong></span> <span class='ocrx_word' id='word_1_605' title='bbox 2167 4107 2442 4161; x_wconf 89' lang='lat' dir='ltr'><strong>comitem</strong></span> <span class='ocrx_word' id='word_1_606' title='bbox 2480 4105 2610 4160; x_wconf 74' lang='lat' dir='ltr'><strong>vitm</strong></span> <span class='ocrx_word' id='word_1_607' title='bbox 2643 4122 2712 4159; x_wconf 87' lang='lat' dir='ltr'><strong>ex</strong></span> <span class='ocrx_word' id='word_1_608' title='bbox 2762 4105 2924 4158; x_wconf 86' lang='lat' dir='ltr'><strong>illius</strong></span> <span class='ocrx_word' id='word_1_609' title='bbox 2975 4109 3137 4158; x_wconf 90' lang='lat' dir='ltr'><strong>costa</strong></span> <span class='ocrx_word' id='word_1_610' title='bbox 3193 4118 3432 4174; x_wconf 86' lang='lat' dir='ltr'><strong>parvum</strong></span> <span class='ocrx_word' id='word_1_611' title='bbox 3486 4100 3734 4155; x_wconf 83' lang='lat' dir='ltr'><strong>eliciens</strong></span> 
     </span>
    </p>
   </div>
   <div class='ocr_carea' id='block_1_100' title="bbox 2077 4188 3736 4268">
    <p class='ocr_par' dir='ltr' id='par_1_100' title="bbox 2077 4188 3736 4268">
     <span class='ocr_line' id='line_1_100' title="bbox 2077 4188 3736 4268; baseline -0.006 -17"><span class='ocrx_word' id='word_1_612' title='bbox 2077 4196 2478 4268; x_wconf 71' lang='lat' dir='ltr'><strong>fragmentum</strong></span> <span class='ocrx_word' id='word_1_613' title='bbox 2512 4195 2867 4249; x_wconf 79' lang='lat' dir='ltr'><strong>formaverat</strong></span> <span class='ocrx_word' id='word_1_614' title='bbox 2897 4195 3050 4247; x_wconf 90' lang='lat' dir='ltr'><strong>Deus</strong></span> <span class='ocrx_word' id='word_1_615' title='bbox 3073 4198 3130 4246; x_wconf 90' lang='lat' dir='ltr'><strong>et</strong></span> <span class='ocrx_word' id='word_1_616' title='bbox 3153 4191 3396 4246; x_wconf 88' lang='lat' dir='ltr'><strong>dederat</strong></span> <span class='ocrx_word' id='word_1_617' title='bbox 3417 4189 3468 4244; x_wconf 91' lang='lat' dir='ltr'><strong>ei</strong></span> <span class='ocrx_word' id='word_1_618' title='bbox 3493 4188 3736 4258; x_wconf 83' lang='lat' dir='ltr'><strong>sapien-</strong></span> 
     </span>
    </p>
   </div>
   <div class='ocr_carea' id='block_1_101' title="bbox 2080 4275 3733 4350">
    <p class='ocr_par' dir='ltr' id='par_1_101' title="bbox 2080 4275 3733 4350">
     <span class='ocr_line' id='line_1_101' title="bbox 2080 4275 3733 4350; baseline -0.005 -10"><span class='ocrx_word' id='word_1_619' title='bbox 2080 4291 2189 4350; x_wconf 89' lang='lat' dir='ltr'><strong>ter,</strong></span> <span class='ocrx_word' id='word_1_620' title='bbox 2223 4286 2416 4340; x_wconf 89' lang='lat' dir='ltr'><strong>somni</strong></span> <span class='ocrx_word' id='word_1_621' title='bbox 2456 4301 2670 4340; x_wconf 90' lang='lat' dir='ltr'><strong>munus</strong></span> <span class='ocrx_word' id='word_1_622' title='bbox 2730 4289 2788 4338; x_wconf 89' lang='lat' dir='ltr'><strong>et</strong></span> <span class='ocrx_word' id='word_1_623' title='bbox 2827 4281 3095 4338; x_wconf 91' lang='lat' dir='ltr'><strong>laborum</strong></span> <span class='ocrx_word' id='word_1_624' title='bbox 3150 4279 3447 4335; x_wconf 89' lang='lat' dir='ltr'><strong>solatium.</strong></span> <span class='ocrx_word' id='word_1_625' title='bbox 3507 4275 3733 4341; x_wconf 88' lang='lat' dir='ltr'><strong>Quibus</strong></span> 
     </span>
    </p>
   </div>
   <div class='ocr_carea' id='block_1_102' title="bbox 2079 4368 3739 4445">
    <p class='ocr_par' dir='ltr' id='par_1_102' title="bbox 2079 4368 3739 4445">
     <span class='ocr_line' id='line_1_102' title="bbox 2079 4368 3739 4445; baseline -0.007 -16"><span class='ocrx_word' id='word_1_626' title='bbox 2079 4375 2257 4429; x_wconf 91' lang='lat' dir='ltr'><strong>etiam</strong></span> <span class='ocrx_word' id='word_1_627' title='bbox 2283 4374 2590 4445; x_wconf 87' lang='lat' dir='ltr'><strong>proferens</strong></span> <span class='ocrx_word' id='word_1_628' title='bbox 2615 4371 3030 4427; x_wconf 87' lang='lat' dir='ltr'><strong>mandatorum</strong></span> <span class='ocrx_word' id='word_1_629' title='bbox 3046 4368 3567 4439; x_wconf 69' lang='lat' dir='ltr'><strong>significationem.</strong></span> <span class='ocrx_word' id='word_1_630' title='bbox 3600 4381 3739 4419; x_wconf 88' lang='lat' dir='ltr'><strong>om-</strong></span> 
     </span>
    </p>
   </div>
   <div class='ocr_carea' id='block_1_103' title="bbox 2079 4457 3733 4525">
    <p class='ocr_par' dir='ltr' id='par_1_103' title="bbox 2079 4457 3733 4525">
     <span class='ocr_line' id='line_1_103' title="bbox 2079 4457 3733 4525; baseline -0.007 -5"><span class='ocrx_word' id='word_1_631' title='bbox 2079 4465 2247 4520; x_wconf 91' lang='lat' dir='ltr'><strong>nium</strong></span> <span class='ocrx_word' id='word_1_632' title='bbox 2277 4462 2559 4519; x_wconf 88' lang='lat' dir='ltr'><strong>arborum</strong></span> <span class='ocrx_word' id='word_1_633' title='bbox 2603 4477 2778 4516; x_wconf 89' lang='lat' dir='ltr'><strong>usum</strong></span> <span class='ocrx_word' id='word_1_634' title='bbox 2811 4458 3129 4525; x_wconf 87' lang='lat' dir='ltr'><strong>concessit,</strong></span> <span class='ocrx_word' id='word_1_635' title='bbox 3161 4457 3306 4512; x_wconf 91' lang='lat' dir='ltr'><strong>dum</strong></span> <span class='ocrx_word' id='word_1_636' title='bbox 3355 4471 3474 4511; x_wconf 88' lang='lat' dir='ltr'><strong>una</strong></span> <span class='ocrx_word' id='word_1_637' title='bbox 3500 4459 3733 4510; x_wconf 90' lang='lat' dir='ltr'><strong>tantum</strong></span> 
     </span>
    </p>
   </div>
   <div class='ocr_carea' id='block_1_104' title="bbox 2083 4795 3738 4946">
    <p class='ocr_par' dir='ltr' id='par_1_104' title="bbox 2083 4795 3738 4946">
     <span class='ocr_line' id='line_1_104' title="bbox 2083 4795 3738 4946; baseline -0.004 -88"><span class='ocrx_word' id='word_1_638' title='bbox 2083 4803 2178 4946; x_wconf 45' lang='grc' dir='ltr'><strong>ἔπ’</strong></span> <span class='ocrx_word' id='word_1_639' title='bbox 2207 4801 2448 4861; x_wconf 80' lang='grc' dir='ltr'>αὑτοῦ...</span> <span class='ocrx_word' id='word_1_640' title='bbox 2483 4800 2768 4875; x_wconf 74' lang='grc' dir='ltr'>ἄνθρωπον</span> <span class='ocrx_word' id='word_1_641' title='bbox 2802 4799 2862 4857; x_wconf 73' lang='grc' dir='ltr'>ἐκ</span> <span class='ocrx_word' id='word_1_642' title='bbox 2893 4801 2969 4875; x_wconf 77' lang='grc' dir='ltr'>μὴ</span> <span class='ocrx_word' id='word_1_643' title='bbox 3002 4798 3174 4861; x_wconf 79' lang='grc' dir='ltr'>ὅντως</span> <span class='ocrx_word' id='word_1_644' title='bbox 3204 4795 3259 4862; x_wconf 86' lang='grc' dir='ltr'><strong>ές</strong></span> <span class='ocrx_word' id='word_1_645' title='bbox 3311 4797 3375 4853; x_wconf 79' lang='grc' dir='ltr'>τὸ</span> <span class='ocrx_word' id='word_1_646' title='bbox 3409 4798 3552 4854; x_wconf 78' lang='grc' dir='ltr'>εἶναι</span> <span class='ocrx_word' id='word_1_647' title='bbox 3601 4817 3738 4872; x_wconf 74' lang='grc' dir='ltr'>παρο</span> 
     </span>
     <span class='ocr_line' id='line_1_105' title="bbox 2124 4895 3377 4946; baseline -0.005 -18"><span class='ocrx_word' id='word_1_648' title='bbox 2124 4895 2275 4946; x_wconf 86' lang='grc' dir='ltr'>γαγε.</span> <span class='ocrx_word' id='word_1_649' title='bbox 2367 4945 2377 4946; x_wconf 16' lang='grc' dir='ltr'>ί</span> <span class='ocrx_word' id='word_1_650' title='bbox 3132 4945 3166 4946; x_wconf 26' lang='grc' dir='ltr'>Π</span> <span class='ocrx_word' id='word_1_651' title='bbox 3368 4943 3377 4946; x_wconf 21' lang='grc' dir='ltr'><strong>Α</strong></span> 
     </span>
    </p>
   </div>
   <div class='ocr_carea' id='block_1_105' title="bbox 2160 4895 2275 4947">
    <p class='ocr_par' dir='ltr' id='par_1_105' title="bbox 2160 4895 2275 4947">
     <span class='ocr_line' id='line_1_106' title="bbox 2160 4895 2275 4947; baseline 0 -19"><span class='ocrx_word' id='word_1_652' title='bbox 2160 4895 2275 4947; x_wconf 87' lang='grc' dir='ltr'>αγε.</span> 
     </span>
    </p>
   </div>
   <div class='ocr_carea' id='block_1_106' title="bbox 2124 4897 3745 5021">
    <p class='ocr_par' dir='ltr' id='par_1_106' title="bbox 2124 4897 3745 5021">
     <span class='ocr_line' id='line_1_107' title="bbox 2124 4897 3745 5021; baseline -0.006 -18"><span class='ocrx_word' id='word_1_653' title='bbox 2124 4897 2458 5021; x_wconf 38' lang='grc' dir='ltr'><strong>γῗέῗξοοάοκ</strong></span> <span class='ocrx_word' id='word_1_654' title='bbox 2491 4947 2610 5002; x_wconf 90' lang='lat' dir='ltr'><strong>alio</strong></span> <span class='ocrx_word' id='word_1_655' title='bbox 2643 4947 2850 5021; x_wconf 84' lang='lat' dir='ltr'><strong>ordine</strong></span> <span class='ocrx_word' id='word_1_656' title='bbox 2878 4964 3082 5002; x_wconf 88' lang='lat' dir='ltr'><strong>versus</strong></span> <span class='ocrx_word' id='word_1_657' title='bbox 3114 4943 3442 5021; x_wconf 65' lang='lat' dir='ltr'><strong>disposuit,</strong></span> <span class='ocrx_word' id='word_1_658' title='bbox 3464 4946 3745 5021; x_wconf 61' lang='grc' dir='ltr'>ξῑξωστῆρα</span> 
     </span>
    </p>
   </div>
   <div class='ocr_carea' id='block_1_107' title="bbox 2088 5013 3743 5095">
    <p class='ocr_par' dir='ltr' id='par_1_107' title="bbox 2088 5013 3743 5095">
     <span class='ocr_line' id='line_1_108' title="bbox 2088 5013 3743 5095; baseline -0.003 -23"><span class='ocrx_word' id='word_1_659' title='bbox 2088 5013 2386 5095; x_wconf 47' lang='grc' dir='ltr'>έ-’Ύόωμ</span> <span class='ocrx_word' id='word_1_660' title='bbox 2415 5035 2593 5090; x_wconf 90' lang='lat' dir='ltr'><strong>quem</strong></span> <span class='ocrx_word' id='word_1_661' title='bbox 2626 5018 2868 5085; x_wconf 88' lang='lat' dir='ltr'><strong>mutavi,</strong></span> <span class='ocrx_word' id='word_1_662' title='bbox 2892 5013 3308 5095; x_wconf 48' lang='lat' dir='ltr'><strong>sententias—ut</strong></span> <span class='ocrx_word' id='word_1_663' title='bbox 3327 5013 3588 5095; x_wconf 74' lang='lat' dir='ltr'><strong>nitidius</strong></span> <span class='ocrx_word' id='word_1_664' title='bbox 3609 5013 3743 5095; x_wconf 68' lang='lat' dir='ltr'><strong>con-</strong></span> 
     </span>
    </p>
   </div>
   <div class='ocr_carea' id='block_1_108' title="bbox 2090 5085 3744 5175">
    <p class='ocr_par' dir='ltr' id='par_1_108' title="bbox 2090 5085 3744 5175">
     <span class='ocr_line' id='line_1_109' title="bbox 2090 5085 3744 5175; baseline -0.006 -26"><span class='ocrx_word' id='word_1_665' title='bbox 2090 5085 2498 5175; x_wconf 58' lang='lat' dir='ltr'><strong>cinnare&#39;ntur,</strong></span> <span class='ocrx_word' id='word_1_666' title='bbox 2531 5097 2589 5146; x_wconf 91' lang='lat' dir='ltr'><strong>et</strong></span> <span class='ocrx_word' id='word_1_667' title='bbox 2618 5098 2922 5163; x_wconf 66' lang='lat' dir='ltr'><strong>praeeunte</strong></span> <span class='ocrx_word' id='word_1_668' title='bbox 2953 5091 3083 5164; x_wconf 87' lang='lat' dir='ltr'><strong>ipsa</strong></span> <span class='ocrx_word' id='word_1_669' title='bbox 3114 5086 3479 5146; x_wconf 87' lang='lat' dir='ltr'><strong>narrationis</strong></span> <span class='ocrx_word' id='word_1_670' title='bbox 3524 5085 3586 5140; x_wconf 90' lang='lat' dir='ltr'><strong>in</strong></span> <span class='ocrx_word' id='word_1_671' title='bbox 3637 5085 3744 5139; x_wconf 83' lang='lat' dir='ltr'><strong>Ge-</strong></span> 
     </span>
    </p>
   </div>
   <div class='ocr_carea' id='block_1_109' title="bbox 2090 5179 2428 5220">
    <p class='ocr_par' dir='ltr' id='par_1_109' title="bbox 2090 5179 2428 5220">
     <span class='ocr_line' id='line_1_110' title="bbox 2090 5179 2428 5220; baseline -0.009 0"><span class='ocrx_word' id='word_1_672' title='bbox 2090 5181 2222 5220; x_wconf 69' lang='lat' dir='ltr'><strong>nesn</strong></span> <span class='ocrx_word' id='word_1_673' title='bbox 2254 5179 2428 5218; x_wconf 84' lang='lat' dir='ltr'><strong>sene.</strong></span> 
     </span>
    </p>
   </div>
   <div class='ocr_carea' id='block_1_110' title="bbox 2163 5235 2752 5302">
    <p class='ocr_par' dir='ltr' id='par_1_110' title="bbox 2163 5235 2752 5302">
     <span class='ocr_line' id='line_1_111' title="bbox 2163 5235 2752 5302; baseline 0.003 -12"><span class='ocrx_word' id='word_1_674' title='bbox 2163 5238 2241 5302; x_wconf 61' lang='grc' dir='ltr'><strong>ιϐ)</strong></span> <span class='ocrx_word' id='word_1_675' title='bbox 2282 5236 2425 5292; x_wconf 91' lang='lat' dir='ltr'><strong>Gen.</strong></span> <span class='ocrx_word' id='word_1_676' title='bbox 2462 5253 2498 5302; x_wconf 88' lang='grc' dir='ltr'><strong>ι,</strong></span> <span class='ocrx_word' id='word_1_677' title='bbox 2529 5235 2622 5299; x_wconf 81' lang='grc'>26,</span> <span class='ocrx_word' id='word_1_678' title='bbox 2660 5237 2752 5292; x_wconf 86' lang='lat'><strong>2&#39;7.</strong></span> 
     </span>
    </p>
   </div>
   <div class='ocr_carea' id='block_1_111' title="bbox 2164 5308 2636 5376">
    <p class='ocr_par' dir='ltr' id='par_1_111' title="bbox 2164 5308 2636 5376">
     <span class='ocr_line' id='line_1_112' title="bbox 2164 5308 2636 5376; baseline 0.004 -15"><span class='ocrx_word' id='word_1_679' title='bbox 2164 5311 2241 5376; x_wconf 76' lang='grc' dir='ltr'><strong>(Ἡ</strong></span> <span class='ocrx_word' id='word_1_680' title='bbox 2274 5308 2416 5362; x_wconf 87' lang='lat' dir='ltr'><strong>Gen.</strong></span> <span class='ocrx_word' id='word_1_681' title='bbox 2454 5325 2512 5374; x_wconf 85' lang='grc' dir='ltr'><strong>ιι,</strong></span> <span class='ocrx_word' id='word_1_682' title='bbox 2553 5309 2636 5363; x_wconf 85' lang='grc'><strong>15.</strong></span> 
     </span>
    </p>
   </div>
   <div class='ocr_carea' id='block_1_112' title="bbox 2166 5379 2503 5447">
    <p class='ocr_par' dir='ltr' id='par_1_112' title="bbox 2166 5379 2503 5447">
     <span class='ocr_line' id='line_1_113' title="bbox 2166 5379 2503 5447; baseline -0.003 -14"><span class='ocrx_word' id='word_1_683' title='bbox 2166 5381 2239 5447; x_wconf 87' lang='grc'><strong>(8)</strong></span> <span class='ocrx_word' id='word_1_684' title='bbox 2275 5379 2419 5433; x_wconf 88' lang='lat' dir='ltr'><strong>Ibid.</strong></span> <span class='ocrx_word' id='word_1_685' title='bbox 2451 5381 2503 5432; x_wconf 93' lang='lat'><strong>8.</strong></span> 
     </span>
    </p>
   </div>
   <div class='ocr_carea' id='block_1_113' title="bbox 2167 5450 2546 5520">
    <p class='ocr_par' dir='ltr' id='par_1_113' title="bbox 2167 5450 2546 5520">
     <span class='ocr_line' id='line_1_114' title="bbox 2167 5450 2546 5520; baseline 0 -15"><span class='ocrx_word' id='word_1_686' title='bbox 2167 5454 2242 5520; x_wconf 68' lang='grc'><strong>(9)</strong></span> <span class='ocrx_word' id='word_1_687' title='bbox 2281 5450 2400 5504; x_wconf 87' lang='lat' dir='ltr'><strong>Ibid</strong></span> <span class='ocrx_word' id='word_1_688' title='bbox 2465 5453 2546 5505; x_wconf 80' lang='grc' dir='ltr'><strong>ιο.</strong></span> 
     </span>
    </p>
   </div>
   <div class='ocr_carea' id='block_1_114' title="bbox 2167 5521 2548 5594">
    <p class='ocr_par' dir='ltr' id='par_1_114' title="bbox 2167 5521 2548 5594">
     <span class='ocr_line' id='line_1_115' title="bbox 2167 5521 2548 5594; baseline 0 -19"><span class='ocrx_word' id='word_1_689' title='bbox 2167 5522 2281 5594; x_wconf 72' lang='grc' dir='ltr'>(ιο)</span> <span class='ocrx_word' id='word_1_690' title='bbox 2317 5521 2462 5594; x_wconf 84' lang='lat' dir='ltr'><strong>Ibid.</strong></span> <span class='ocrx_word' id='word_1_691' title='bbox 2495 5525 2548 5576; x_wconf 80' lang='lat'><strong>9.</strong></span> 
     </span>
    </p>
   </div>
   <div class='ocr_carea' id='block_1_115' title="bbox 2169 5593 2586 5662">
    <p class='ocr_par' dir='ltr' id='par_1_115' title="bbox 2169 5593 2586 5662">
     <span class='ocr_line' id='line_1_116' title="bbox 2169 5593 2586 5662; baseline 0.002 -15"><span class='ocrx_word' id='word_1_692' title='bbox 2169 5595 2283 5662; x_wconf 80' lang='grc'>(11)</span> <span class='ocrx_word' id='word_1_693' title='bbox 2315 5593 2461 5648; x_wconf 91' lang='lat' dir='ltr'><strong>lbid.</strong></span> <span class='ocrx_word' id='word_1_694' title='bbox 2501 5597 2586 5649; x_wconf 89' lang='grc'>18.</span> 
     </span>
    </p>
   </div>
   <div class='ocr_carea' id='block_1_116' title="bbox 2171 5664 2590 5734">
    <p class='ocr_par' dir='ltr' id='par_1_116' title="bbox 2171 5664 2590 5734">
     <span class='ocr_line' id='line_1_117' title="bbox 2171 5664 2590 5734; baseline 0.01 -16"><span class='ocrx_word' id='word_1_695' title='bbox 2171 5666 2284 5734; x_wconf 69' lang='grc' dir='ltr'>(ιε)</span> <span class='ocrx_word' id='word_1_696' title='bbox 2317 5664 2467 5720; x_wconf 87' lang='lat' dir='ltr'><strong>Ibid.</strong></span> <span class='ocrx_word' id='word_1_697' title='bbox 2501 5668 2590 5722; x_wconf 70' lang='lat'><strong>21.</strong></span> 
     </span>
    </p>
   </div>
   <div class='ocr_carea' id='block_1_117' title="bbox 2171 5736 2466 5810">
    <p class='ocr_par' dir='ltr' id='par_1_117' title="bbox 2171 5736 2466 5810">
     <span class='ocr_line' id='line_1_118' title="bbox 2171 5736 2466 5810; baseline 0.01 -19"><span class='ocrx_word' id='word_1_698' title='bbox 2171 5737 2288 5810; x_wconf 75' lang='grc'>(13)</span> <span class='ocrx_word' id='word_1_699' title='bbox 2319 5736 2466 5794; x_wconf 87' lang='lat' dir='ltr'><strong>Ibid.</strong></span> 
     </span>
    </p>
   </div>
  </div>
