4110 6446
401 440 556 503 1173

396 574 500 633 Καὶ
532 578 632 640 τῆς
661 572 904 652 ἐφετμῆς
931 575 1028 643 τῆς
1063 575 1203 651 ἐμῆς
1234 575 1626 652 παρεκλάπης,

397 665 533 738 Ἔοῃ
563 665 823 741 γεωργῶν
848 668 956 739 (42)
987 665 1083 728 τὰς
1115 666 1351 728 ἀκάνθας
1380 671 1478 721 τοῦ
1522 667 1666 742 βίου,

394 753 587 826 Αὕξων
621 753 867 824 ἐπαύξων
903 754 995 809 σὺν
1028 760 1308 832 στεναγμῷ
1333 757 1423 811 καὶ
1465 755 1642 819 λύπας
1673 759 1810 830 (43).

400 843 542 917 Τὲξῃ
575 847 688 916 (44)
722 840 780 898 δὲ
817 844 976 899 τέκνα
1007 846 1099 900 σὺν
1131 843 1354 916 λύπαις,
1385 847 1555 916 θνητὴ
1590 847 1765 923 φύσις.

393 930 610 1008 Ἱδρῶσι
642 935 756 1008 (45)
787 933 850 989 τὸ
885 934 1180 1009 πρόσωπον
1209 933 1644 1010 ἐρῥαντισμένος,

396 1025 552 1096 Φαγῇ
586 1024 699 1096 (46)
730 1023 822 1078 τὸν
854 1020 1015 1093 ἄρτον
1044 1023 1096 1079 ἐν
1124 1023 1318 1086 κόποις
1359 1023 1448 1080 καὶ
1477 1027 1782 1100 φροντίσιν,

392 1113 561 1179 Ἕως,
591 1109 696 1166 ἐὼν
723 1118 829 1187 γῆς
855 1113 1116 1187 γηγενὴς,
1163 1109 1530 1189 παλινδρόμει

461 1241 576 1308 (42)
599 1240 816 1295 Genes.
859 1255 943 1304 ιιι,
979 1241 1068 1296 18.

464 1311 578 1380 (43)
611 1309 762 1367 Ibid.
800 1313 885 1365 l6.

464 1383 573 1454 (44)
604 1381 754 1454 Ibid-

462 1455 574 1524 (45)
600 1453 750 1524 Ibid.
787 1454 872 1508 ιο.

600 1523 818 1611 podex,
846 1523 1014 1611 φαὶγηζ
1046 1527 1112 1582 In
1153 1526 1366 1611 Genesi
1395 1530 1762 1611 rectefga‘yﬁ.

459 1597 569 1665 (47)
600 1597 667 1652 In
701 1598 812 1652 hoc
843 1596 1017 1651 metri
1051 1614 1267 1665 genere
1297 1605 1418 1654 tam
1459 1596 1620 1655 facili
1653 1596 1746 1655 1e:
1769 1605 2049 1656 accentus

384 1668 858 1743 versiﬁcatorem
890 1668 1219 1743 impedivit,
1236 1677 1312 1743 ut
1332 1671 1566 1743 syntaxi
1599 1671 1842 1743 insolita
1862 1679 2054 1743 utere-

389 1746 509 1804 tur,
537 1740 654 1827 nisi
677 1741 878 1827 forsan
905 1741 1232 1827 scripserit,
1292 1739 1518 1815 δραμεῖν
1549 1740 1736 1811 πάλιν,
1795 1744 1888 1799 vel
1927 1740 2050 1827 §poi-

391 1831 502 1938 1.1.5.:
529 1809 714 1864 πάλιν.
733 1811 816 1867 Ob
850 1809 1286 1868 inobservatam
1315 1809 1445 1870 eam
1478 1809 1760 1870 accentus
1783 1809 2048 1885 regulam

389 1900 422 1958 e
468 1884 650 1958 itores
666 1884 1002 1958 carminum
1023 1885 1390 1958 politicorum
1411 1893 1660 1958 saepe,ut
1675 1887 1843 1942 modo
1855 1896 2049 1943 osten-

1687 445 2012 506 CARMEN
2058 444 2138 503 IN
2182 441 2533 504 PAULUM.

2082 585 2138 648 Α
2169 576 2618 650 praescriptione
2651 579 2976 646 recessisti,
3010 579 3125 636 eris
3156 579 3404 636 cultura
3435 595 3650 636 vacans
3703 584 3824 654 spi—

3674 450 3823 510 11⁸74

2165 685 2377 725 narum
2405 667 2557 732 vitae,
2593 683 2813 740 augens
2844 676 2902 724 et
2935 670 3340 741 multiplicans
3389 672 3547 726 inter
3567 674 3821 745 gemitus

2163 763 2299 814 tuas
2329 773 2628 812 aerumnas
2658 774 2669 811 :
2704 759 2900 829 paries
2948 765 3146 814 autem
3182 761 3338 815 ﬁlios
3370 761 3431 815 in
3488 761 3818 829 doloribus,

2163 846 2435 902 mortalis
2466 852 2717 911 natura;
2751 847 3068 903 sudoribus
3098 849 3325 905 vultum
3365 851 3586 923 rigans,
3621 867 3817 907 come-

2162 936 2267 992 des
2299 953 2516 1008 panem
2547 937 2608 991 in
2673 936 2978 992 laboribus
3025 943 3082 993 et
3134 939 3312 1010 curis,
3369 939 3560 996 donec
3594 957 3629 995 a
3655 946 3811 996 terra

2162 1025 2453 1082 oriundus
2484 1025 2560 1080 ad
2585 1030 2804 1081 terram
2834 1027 3171 1083 revertaris.

2159 1239 2548 1330 uldapi'ribv
2586 1239 2883 1330 Αἐνυπνςωχ
2943 1243 3044 1330 Ὡςι
3113 1247 3342 1330 πρᾶγμα
3374 1241 3671 1330 ’δεικνὺςκ
3722 1245 3818 1298 καὶ

2159 1312 2517 1390 φρενοφθὸρῳ
2585 1312 2688 1441 Ῠίῳ
2745 1313 3085 1384 Δίσθητικὴν
3146 1312 3289 1389 δρῶν
3327 1315 3428 1382 τήν
3489 1312 3814 1385 ἀναίσθητον

2159 1385 2394 1441 πλάνην.
2429 1389 2583 1441 More
2614 1388 2706 1441 lus
2739 1387 3037 1441 emendat.
3089 1385 3214 1441 ϐιω-
3245 1389 3474 1441 scilicet
3505 1411 3532 1437 ‹‹
3558 1394 3813 1441 nocente

2159 1385 2394 1460 πλάνην.
2429 1385 2706 1460 ΜοιῖθΙιιιε
2739 1387 3037 1460 emendat,
3089 1385 3215 1460 βιῳ,
3245 1389 3474 1444 scilicet
3505 1411 3532 1437 ‹‹
3558 1394 3813 1444 nocente

2162 1459 2462 1514 mentibus
2484 1459 2621 1514 telo.
2668 1481 2695 1507 »
2729 1458 2842 1512 Sed
2873 1475 2943 1513 ea
2973 1458 3342 1515 correctione
3391 1461 3694 1516 sententia
3721 1462 3816 1515 vix

2153 1533 2413 1604 juvatur,
2443 1537 2502 1586 et
2527 1536 2781 1604 metrum
2811 1532 3276 1604 pessumidatur.
3311 1533 3440 1604 Legi
3464 1533 3664 1604 velim,
3701 1531 3810 1603 βίᾳ.

2159 1603 2274 1689 Qui.
2292 1602 2421 1689 l'oco
2452 1602 2708 1689 amplius
2740 1603 3219 1689 etiam’prodess‘e
3242 1602 3602 1689 quid'vetat'?
3625 1602 3817 1689 Pergit

2160 1671 2833 1746 Pisides‘-"“"+“"-95"
2885 1671 3041 1728 οὔπω
3093 1674 3191 1746 καὶ.
3242 1671 3522 1746 summa»
3558 1676 3592 1743 ἡ
3628 1671 3810 1746 γάρῖς.

2160 1743 2332 1820 Εύρὺς
2375 1743 2476 1820 γὰρ
2517 1743 2689 1820 αὐτον
2737 1749 2934 1820 ζημιοῖ
2971 1751 3072 1820 τῆς
3140 1743 3342 1820 ούσζας.
3407 1748 3534 1820 Non
3583 1743 3815 1820 dicitur

2161 1818 2294 1892 quis
2326 1813 2524 1887 ζημιοῖ
2556 1835 2568 1872 :
2601 1813 2894 1892 videlicet.
2929 1813 3188 1892 Εὕφωνος
3248 1813 3399 1890 ὅρνις
3448 1813 3684 1892 ἅγγελος
3707 1823 3810 1892 τῆς

2159 1889 2369 1964 ἡμέρας
2402 1906 2615 1964 Azqiuem
2640 1890 2956 1962 pulchrum
2988 1889 3220 1946 versum
3267 1889 3579 1945 commode
3613 1889 3805 1964 reperi

389 1953 625 2020 debam,
658 1955 892 2010 muneri
925 1953 1039 2010 suo
1055 1957 1392 2014 defuerunt.
1423 1953 1616 2014 Unum
1635 1960 1814 2014 etiam
1829 1959 2042 2015 addam
2074 1957 2121 2022 B
2153 1953 2213 2017 in
2235 1953 2364 2015 cod.
2394 1953 2549 2016 1630.

386 2026 983 2099 exemplum.Pisides
1009 2028 1087 2084 De
1127 2029 1309 2084 vanit.
1346 2033 1448 2085 122
1488 2047 1500 2085 :
1535 2027 1646 2084 Οὐκ
1674 2028 1801 2085 οῖδα
1833 2034 1950 2095 πῶς
1978 2033 2040 2085 τὸ

929 2268 1537 2367 ΙΓΝΑΤΙΟΥ
1618 2268 2271 2367 ΔΙᾹΚΟΝΟΥ
2348 2268 3275 2366 ΓΡΑΜΜΑΤΙΚΟΥ

1496 2445 1610 2501 ΕΙΣ
1639 2446 1913 2500 ΠΑΥΛΟΝ
1932 2443 2072 2500 ΤΟΝ
2105 2447 2293 2499 ῙΔῙΟΝ
2327 2442 2702 2500 ΜΔΘΗΤΠᾶ.

1227 2671 1656 2764 IGNATII
1736 2672 2207 2760 DIACONI
2273 2636 2996 2761 GRAMMATICI

1565 2827 1637 2882 IN
1667 2826 1956 2882 PAULUM
1982 2825 2172 2882 SUUM
2191 2825 2639 2882 DISCIPULUM.

1502 2973 1694 3045 (Apud
1736 2973 2070 3041 Mammas,
2101 2972 2364 3028 Anecdot.
2399 2977 2439 3027 t.
2491 2972 2562 3040 ΙΙ,
2593 2970 2743 3042 664.)

458 3206 702 3276 Ι’Δτιτορον
739 3199 860 3276 βίου
889 3200 952 3256 τὸ
964 3202 1163 3276 τέρμα,

388 3291 484 3346 Διὸ
505 3292 581 3365 μὴ
612 3292 820 3366 τρέχῃς
849 3287 1094 3360 ἀδήλωςο

385 3382 617 3453 Ἀρετὴν
653 3377 779 3450 δίωξ
788 3401 844 3435 ον
873 3375 1034 3448 ἔνθεν,

381 3471 477 3528 Ἵν’
508 3468 711 3534 ἐκεῖθεν
743 3464 913 3526 ὄλϐον
945 3470 1148 3546 εὕροις.

457 3559 585 3621 Βὶος
617 3559 680 3614 οὐ
712 3560 916 3637 πέφυκε
951 3559 1167 3635 μίμνειν

387 3649 505 3705 Πόα
532 3648 741 3723 εύμάρα
752 3649 864 3711 ιτός
895 3648 1062 3718 ὖστιν,

385 3737 755 3814 Ἀνύπαρκτός
788 3737 929 3794 ἐστιν
965 3732 1135 3801 ὄλϐος

387 3831 705 3890 ’Δτύπωτόν
735 3829 878 3888 ἐστιν
909 3830 1088 3910 ἴχνος.

1078 4011 1160 4087 [δὲ
1186 4011 1383 4092 τέφρη,

386 4102 528 4161 Ὅσα
556 4101 656 4180 γὰρ
688 4102 896 4178 κόσμος
930 4099 1046 4180 ἔχει
1074 4099 1285 4178 τύμϐος
1331 4103 1454 4183 ὑφέ-

460 4282 656 4356 Γοερὸν
689 4282 890 4338 κενωσε
930 4278 1100 4357 δάκρυ
1262 4193 1379 4266 [εει.

386 4372 556 4445 Ἐμὸν
587 4370 670 4433 εἷς
699 4371 866 4449 τάφον
897 4375 1159 4440 τεκοῦσα,

385 4461 560 4537 Ὅπερ
591 4461 636 4517 εἰ
672 4460 837 4535 μόνον
871 4458 1136 4532 δοκεύεις,

461 4592 736 4646 Incertus
765 4591 898 4647 vita
931 4591 1247 4658 terminus,
1279 4589 1414 4647 ideo
1440 4605 1516 4646 ne
1547 4604 1753 4646 curras
1773 4588 2046 4644 incaute:

389 4681 668 4736 virtutem
700 4687 929 4738 sectare
962 4681 1068 4744 ibi,
1099 4687 1165 4737 ut
1213 4681 1338 4737 illic
1369 4680 1717 4736 felicitatem
1759 4677 2047 4734 invenias.

467 4789 598 4844 Vita
622 4805 742 4844 non
774 4788 847 4845 ad
889 4789 1248 4845 morandum
1301 4794 1443 4845 nata
1495 4793 1604 4853 est,
1664 4803 1910 4858 gramen
1961 4791 2051 4841 est

390 4880 509 4934 cito
541 4895 839 4944 marcens,
873 4879 1098 4935 caduca
1127 4878 1404 4946 felicitas,
1452 4877 1764 4950 vestigium
1812 4877 1905 4931 vix
1937 4877 2051 4931 im-

389 4985 688 5042 pressum.

462 5075 609 5132 Ecce
636 5074 839 5132 omnia
867 5074 1086 5149 pulvis,
1125 5075 1327 5131 omnia
1380 5074 1533 5131 cinis
1588 5077 1776 5140 sunt;
1827 5077 2050 5144 quanta

390 5166 558 5221 enim
591 5165 853 5221 mundus
884 5165 1084 5230 habet,
1118 5165 1461 5237 sepulcrum
1487 5165 1740 5222 hauriet.

461 5273 930 5330 Lamentabilem
965 5273 1461 5330 exhausitﬂetum
1487 5289 1617 5344 quae
1647 5288 1743 5327 me
1765 5272 1828 5326 in
1847 5287 2046 5327 meum

391 5363 736 5437 sepulcrum
777 5364 1046 5436 peperit;
1081 5362 1241 5435 quod
1267 5361 1316 5418 si
1349 5361 1544 5418 solum
1567 5360 2047 5425 observas,corde

387 5452 663 5509 dolorem
689 5453 934 5509 senties.

466 5560 766 5633 Lacrymis
788 5559 1117 5632 implentur
1135 5558 1699 5632 tumuli,inexpletis
1720 5558 2049 5629 implentur

390 5649 674 5706 lamentis
699 5670 714 5717 ;
748 5650 850 5724 qui
881 5649 1043 5706 enim
1074 5649 1149 5705 ad
1181 5649 1478 5706 tumulum
1501 5665 1565 5704 se
1594 5647 2046 5713 convertit,inde

395 5755 715 5796 mceror-em
743 5739 1027 5812 suscepit.

467 5847 661 5904 leum
689 5846 754 5906 in
783 5845 1126 5923 sepulcrum
1145 5849 1316 5904 tuum
1347 5845 1588 5906 oculum
1612 5846 2045 5921 aperiens,ter-

1571 3199 1774 3276 Κραδίῃ
1804 3201 1968 3256 πόνον
1995 3199 2248 3272 συνέξεις.

1640 3288 1895 3364 Δακρύων
1921 3291 2151 3366 γέμουσι
2181 3291 2244 3345 τύ
2254 3285 2385 3364 μϐοι
2398 3333 2411 3355 ,

1563 3380 1844 3436 ἈπΛέτων
1881 3381 2142 3457 γέμουσιν
2175 3378 2395 3434 οἷ’κτων*

1566 3470 1627 3527 Ὁ
1657 3470 1759 3545 γὲιρ
1791 3473 1868 3532 εἱς
1896 3471 2064 3544 τάφον
2093 3470 2380 3545 προκύψας

1570 3558 1854 3631 Συνέλεξεν
1888 3556 2035 3624 ἔνθεν
2067 3558 2242 3637 ἃλγος
2255 3604 2266 3616 .

1640 3651 1805 3724 Ἐμὸν
1834 3649 1912 3712 εἷς
1939 3651 2107 3728 τάφον
2142 3651 2234 3705 σὸν
2267 3646 2424 3723 ὄμμα

1568 3743 1786 3814 Διάρας,
1817 3741 2047 3795 σκόπευε
2073 3744 2254 3814 γαῖαν·

1567 3830 1700 3905 Ἐμὶ
1728 3831 1829 3908 γὰρ
1863 3828 2133 3906 ράδαμνον
2167 3828 2348 3904 ὥσπερ

462 3922 636 3979 Βλέπε
665 3927 784 3986 πῶς
821 3921 997 3978 πάντα
1047 3923 1226 3994 κόνις,
1281 3922 1458 3980 πάκτα
1565 3925 1704 3980 Νέον
1740 3923 1986 3995 ἐξέκοψεν
2011 3918 2207 3993 νᾼδης.

1639 4012 1871 4091 Ζοφερὸν
1893 4009 2061 4082 δόμον
2085 4009 2352 4071 πετάσσας

1569 4102 1890 4177 Ἀκόρεστος
1923 4100 2043 4156 εἷλε
2082 4098 2348 4155 Πλούτων

1567 4193 1700 4266 Ἐμὶ
1731 4191 1946 4247 Παῦλον
1983 4190 2164 4266 ὥσπερ
2196 4186 2346 4260 ἔρνος

1565 4281 1824 4349 Ἀπαλὸν,
1854 4281 2036 4353 τεμὼν
2080 4280 2187 4355 πρὸ
2220 4278 2385 4352 ὥρας.

1639 4372 1877 4432 Θάνατος
1898 4370 2031 4425 νὲων
2057 4371 2121 4426 τὸ
2141 4360 2353 4429 κάλλος

1567 4459 1738 4517 ’Ὀλον
1771 4461 1847 4522 ὡς
1889 4457 2072 4534 χλόην
2101 4457 2321 4532 θερίζει·

2748 3200 2993 3272 Δρεπάνη
3028 3199 3182 3257 πέλει
3208 3201 3311 3276 γὰρ
3345 3203 3505 3266 οὗτος

2744 3287 3149 3360 Ἀδιεξόδευτος
3179 3287 3369 3353 ὅντως.

2813 3378 2925 3437 Ἴδε
2956 3385 3061 3435 ποῦ
3091 3383 3328 3455 τρέχεις,
3363 3382 3589 3462 ἐπίσχες

2743 3468 2853 3527 Ἴδε
2883 3475 3000 3532 πῶς
3034 3475 3207 3546 φθορᾷ
3239 3473 3502 3546 συνάπτῃ·

2741 3564 2900 3616 Ὅσον
2937 3560 2995 3616 ἂν
3027 3557 3242 3635 δράμῃς
3264 3561 3369 3636 γάρ
3401 3555 3547 3617 ἔνθεν

2741 3653 2922 3730 Τάφον
2946 3648 3202 3725 οὐδαμῶς
3231 3651 3470 3727 περάσσῃ
3481 3675 3525 3715 ς.

2813 3741 2971 3804 Κόνις
2998 3741 3070 3804 ὥς
3101 3742 3303 3818 πέφυκε
3331 3741 3541 3815 κόσμος

2741 3829 3016 3906 Ὀμὶχλη,
3053 3828 3280 3900 θύελλα,
3310 3830 3507 3904 τέφρη·

2743 3921 2986 3993 Ἀνέμων
3018 3917 3174 3987 δίκην
3208 3920 3274 3974 τὰ
3302 3918 3475 3974 πάντα

2743 4009 2932 4086 ’Λέρος
2961 4010 3122 4086 χύσιν
3160 4015 3432 4084 μιμεῖται.

2815 4101 3021 4176 Λαγόσι
3053 4102 3109 4173 μ’
3132 4098 3331 4174 ἔκρυψε
3361 4105 3492 4177 γαῖα

2745 4192 2915 4263 Λόγον
2946 4189 3007 4244 οὗ
3048 4189 3280 4268 φέροντα
3309 4192 3559 4263 πάμπαν·

2745 4282 2932 4354 Φθορὰ
2962 4279 3065 4354 γὰρ
3098 4277 3296 4348 πέδησε
3325 4279 3598 4355 γλῶτταν,

2745 4370 2931 4427 Μέλεα
2959 4367 3213 4424 σκέδασσε
3241 4370 3433 4426 πάντα.

2818 4457 3100 4534 Μογεροὺς
3129 4458 3324 4518 πόνους
3360 4478 3443 4520 τις
3471 4456 3620 4534 εὗρεν
3652 4478 3668 4526 ;

2158 4601 2286 4641 ram
2313 4585 2755 4658 contemplare;
2807 4602 2900 4642 me
2935 4585 3097 4642 enim
3127 4590 3194 4642 ut
3259 4603 3466 4643 recens
3499 4585 3809 4644 arbustum

2160 4677 2424 4731 exsecuit
2450 4680 2751 4732 Tartarus.

2228 4767 2623 4822 Tenebrosam
2657 4767 2903 4822 domum
2935 4767 3206 4838 pandens
3235 4767 3598 4824 insatiabilis
3616 4769 3813 4840 rapuit

2157 4858 2328 4913 Pluto
2352 4875 2446 4914 me
2478 4858 2749 4924 Paulum,
2786 4863 3071 4930 tanquam
3134 4858 3379 4914 mollem
3413 4859 3624 4916 ﬂorem
3670 4863 3810 4914 ante

2156 4955 2392 5020 tempus
2423 4965 2653 5005 secans.

2228 5041 2380 5094 Mors
2404 5039 2692 5110 juvenum
2739 5039 2994 5095 formam
3025 5055 3263 5095 omnem
3296 5043 3364 5095 ut
3400 5038 3648 5094 herbam
3682 5055 3809 5093 me-

2159 5129 2228 5182 tit
2259 5149 2273 5194 ;
2306 5129 2426 5184 falx
2447 5129 2607 5183 enim
2639 5135 2730 5183 est
2767 5129 2872 5184 illa
2901 5145 3035 5183 vere
3069 5127 3448 5184 inevitabilis.

2225 5219 2368 5274 Vide
2399 5235 2515 5290 quo
2540 5234 2766 5284 curras,
2800 5219 2862 5273 in
2895 5235 3112 5289 equere
3146 5236 3160 5284 ;
3191 5217 3320 5272 vide
3353 5222 3419 5270 ut
3459 5215 3533 5271 ad
3565 5216 3798 5270 ruinam

2155 5308 2464 5365 deveneris
2499 5327 2512 5376 ;
2536 5309 2913 5381 quantumvis
2931 5307 3090 5364 enim
3113 5306 3194 5362 ibi
3221 5305 3594 5362 festinaveris
3607 5305 3802 5377 sepul-

2155 5415 2321 5453 crum
2351 5399 2597 5454 miuime
2630 5398 2897 5454 evrtabis.

2229 5488 2301 5543 Ut
2329 5487 2519 5560 pulvis
2561 5493 2651 5543 est
2682 5487 2962 5550 mundus,
3030 5502 3228 5556 vapor.
3282 5483 3543 5542 nimbus.
3605 5483 3755 5539 cinis
3791 5501 3801 5535 :

2153 5582 2462 5633 ventorum
2493 5578 2683 5632 instar
2711 5576 2912 5633 omnia
2931 5575 3084 5631 aeris
3106 5573 3444 5646 congeriem
3470 5574 3800 5628 imitantur.

2228 5667 2372 5723 Sinu
2396 5684 2489 5723 me
2520 5672 2678 5723 terra
2708 5666 2975 5722 condidit
3001 5664 3233 5720 ratione
3276 5661 3544 5719 nondum
3583 5663 3802 5734 praedi-

2155 5762 2279 5814 tum
2313 5775 2326 5815 :
2355 5773 2495 5814 nam
2522 5757 2787 5832 linguam
2816 5756 3019 5831 ligavit
3043 5753 3647 5826 fatum,membraque
3674 5769 3800 5809 om-

2152 5847 2254 5905 nia
2283 5847 2475 5904 solvit.
